3964 6198
394 291 501 347 915

1849 279 2215 349 EUSTATflIl

3541 283 3637 339 918

392 405 668 461 secundum
712 418 872 475 genus
912 409 962 456 et
1005 399 1412 456 similitudinem.
1462 395 1631 489 llujus
1660 396 1820 489 igitur
1847 396 1964 452 edi-
1994 401 2043 458 Α
2071 423 2340 472 sarmenta
2370 417 2695 488 nuncupavit
2719 437 2732 471 ε
2771 423 2793 463 πη
2822 433 3122 489 provoca“
3148 433 3249 475 nos
3276 418 3343 474 ad
3364 417 3648 475 [ωειίίῑω-

392 502 537 552 tione
559 493 824 551 sermonis
848 492 1025 548 omnia
1043 489 1323 546 confestim
1343 504 1566 544 nemora
1585 487 1992 555 densabantur,‘

390 590 611 644 arbores
659 586 822 643 etiam
868 584 1061 653 quibus
1100 598 1218 638 mos
1254 589 1338 636 est
1365 581 1417 636 in
1446 581 1612 635 altum
1637 594 1888 650 surgere,
1919 579 1973 634 id

383 688 507 743 est,
548 678 700 745 olea,
740 675 826 730 vel
854 673 1077 738 cedrus,
1126 681 1183 727 et
1219 687 1542 743 eypressus,
1579 678 1633 725 et
1657 672 1840 741 pinus,
1873 684 1974 725 nec

385 784 499 824 non
526 766 743 820 frutices
768 764 908 818 foliis
939 762 1323 827 vestiebantur,
1343 768 1400 815 et
1419 760 1693 815 frondibus
1721 759 1969 829 virgulta.

395 858 533 924 Quin
563 857 725 911 etiam
754 865 780 892 ι
815 869 936 924 quae
963 853 1244 913 coronaria
1277 853 1595 917 vocitantur,
1625 860 1803 909 roseta
1827 851 1972 919 dico,

394 959 445 1003 u-t
473 956 705 1020 myrteta
726 986 740 1012 ,
780 953 836 1000 et
862 946 1066 999 laureta
1113 943 1212 1003 sub
1252 959 1359 997 uno
1389 942 1648 1013 temporis
1674 949 1973 1009 momento,

394 1055 513 1094 cum
542 1046 669 1092 ante
711 1051 822 1092 non
869 1041 1081 1101 essent,
1128 1034 1335 1102 singula
1372 1047 1494 1090 cum
1536 1032 1620 1088 sui
1642 1033 1975 1103 proprietate

388 1132 722 1201 surgebant:
754 1130 984 1205 alterum
1031 1128 1099 1182 ab
1146 1125 1351 1192 altero,
1391 1125 1823 1180 manifestissima
1849 1141 1974 1195 pro—

397 1222 615 1276 batione
643 1219 957 1281 discretum,
989 1223 1044 1272 et
1073 1224 1220 1272 certa
1239 1215 1608 1285 designatione
1632 1215 1975 1285 productum.

401 1312 779 1367 Verumtamen
821 1310 912 1365 illo
927 1316 1170 1379 tempore
1197 1323 1318 1363 rosa
1348 1307 1464 1362 sine
1490 1306 1643 1376 spina
1671 1306 1793 1361 fuit.
1841 1306 1975 1362 Nam

394 1416 579 1478 postea
599 1406 979 1478 pulchritudini
1000 1406 1116 1475 ejus
1144 1406 1390 1475 adjuncta
1419 1415 1539 1472 est,
1572 1412 1630 1461 ut
1658 1411 1798 1461 esset
1823 1402 1975 1457 vide-

394 1498 519 1553 licet
563 1496 826 1567 voluptati
854 1497 1154 1553 sollicitudo
1191 1497 1440 1565 contigua
1467 1539 1482 1566 ,
1512 1493 1978 1551 reminiscentibus

396 1588 551 1668 nobis
578 1584 857 1657 peccatum
875 1628 890 1652 ,
921 1586 1073 1656 cujus
1100 1587 1270 1656 gratia
1292 1586 1483 1642 dumos
1512 1595 1567 1641 et
1594 1599 1786 1655 vepres
1813 1597 1978 1652 gene-

395 1696 518 1735 rare
567 1687 711 1735 terra
756 1679 1010 1736 damnata
1057 1687 1165 1745 est.
1226 1678 1405 1746 Quaeb
1435 1678 1652 1748 quidem
1673 1676 1895 1747 iubetur
1922 1682 1978 1730 et

2072 508 2276 562 tionem
2302 507 2596 577 copiosam,
2630 522 2697 563 ne
2740 507 2955 564 desidia:
2983 509 3239 577 accusati,
3269 507 3499 564 flammis
3520 523 3652 565 eon-

2072 596 2348 653 tradamur
2382 598 2615 653 internis.
2648 596 2888 667 Denique
2923 614 3032 656 non
3058 608 3262 665 cessat;
3291 600 3491 671 ubique
3536 600 3651 656 ani-

2073 701 2190 740 mas
2214 686 2493 743 hominum
2518 686 2716 742 vitibus
2743 688 3125 759 comparando.
3156 687 3249 745 Sic
3286 689 3429 748 enim
3471 689 3605 746 dicit
3635 710 3649 745 :

2082 777 2249 833 Vinea
2275 778 2415 849 facta
2441 785 2518 830 est
2544 777 2731 833 dilecto
2760 779 2815 832 in
2865 794 3028 832 cornu
3074 779 3258 851 pingui
3300 776 3456 850 (Isai.
3486 795 3541 845 ν,
3575 779 3653 849 1).

2073 867 2142 922 Et
2158 869 2381 924 iterum:
2406 867 2621 923 Vineam
2640 868 2889 939 pfantavi,
2904 878 2954 923 et
2974 886 3091 940 sepe
3106 868 3416 924 circumdedi
3432 868 3509 941 (31
3518 870 3650 923 aula.

2072 976 2184 1026 xxi,
2229 958 2342 1029 55),
2375 958 2582 1014 animas
2600 958 2852 1014 videlicet
2896 960 3141 1015 indicans
3186 960 3485 1026 hominum;
3518 975 3655 1029 quas

2075 1048 2377 1104 cmlestinm
2410 1047 2790 1104 mandatorum
2817 1050 3115 1105 munitione
3140 1051 3412 1121 consepsit
3442 1069 3456 1104 :
3486 1065 3655 1120 appo-

2075 1139 2175 1194 sita
2202 1137 2549 1194 nihilominus
2586 1138 2896 1206 angelorum
2926 1140 3199 1203 custodia,
3230 1141 3369 1218 sicut
3393 1141 3656 1210 scriptum

2076 1240 2160 1287 est
2191 1249 2202 1284 :
2238 1229 2744 1303 Immittetangefum
2766 1229 3018 1285 Dominus
3044 1232 3100 1286 in
3122 1233 3338 1285 circuitu
3368 1232 3654 1287 timentium

2075 1338 2217 1390 eum,
2241 1331 2290 1375 et
2308 1323 2487 1393 eripiet
2514 1339 2601 1378 eos
2630 1321 3075 1395 (Psal.xxxm,8).
3098 1322 3302 1378 Deinde
3322 1323 3471 1378 velut
3485 1324 3654 1379 vallos

2076 1411 2339 1481 quosdam
2386 1412 2578 1480 quibus
2633 1411 2945 1467 fulciremur
2991 1413 3166 1468 erexit
3197 1432 3217 1468 :.
3242 1414 3553 1470 constitutis
3602 1416 3655 1470 in

2078 1500 2338 1569 Ecclesia,
2378 1502 2555 1571 primo
2579 1503 2856 1572 apostolis,
2886 1504 3127 1558 secundo
3164 1505 3461 1574 prophetis,
3496 1507 3657 1562 tertio

2077 1592 2347 1659 magistris
2375 1591 2429 1662 (Ι
2469 1589 2589 1647 Cor.
2620 1609 2713 1659 ιιι,
2730 1593 2845 1663 28).
2870 1592 3046 1665 Atque
3076 1594 3148 1648 ita
3175 1611 3271 1649 nos
3290 1595 3555 1666 exemplis
3574 1611 3660 1650 ve~

2080 1690 2250 1738 terum
2272 1691 2578 1739 sanctorum
2607 1685 2872 1740 suscitans
2897 1685 2949 1738 in
2977 1684 3204 1741 sublime
3229 1687 3478 1755 provexit
3511 1704 3525 1738 :
3559 1702 3655 1742 nec

396 1772 594 1840 lignum
638 1770 837 1826 faciens
876 1770 1105 1825 fruclum
1138 1770 1469 1839 prollucet‘e;
1512 1767 1611 1824 sed
1635 1767 1802 1825 multa
1829 1766 1970 1834 ligna
2010 1771 2048 1828 Β
2079 1775 2299 1829 omnino
2329 1773 2516 1845 passus
2542 1772 2626 1830 cst
2652 1783 2888 1831 mentem
2914 1785 3150 1831 nostram
3189 1777 3334 1832 humi
3359 1776 3653 1846 iacentem,

396 1862 677 1927 videmus,
732 1876 907 1931 neque
943 1876 1127 1916 semen
1152 1900 1167 1926 ,
1224 1876 1402 1930 neque
1446 1858 1677 1919 fructum
1724 1858 1969 1914 ferentia.

398 1952 478 2007 Ad
512 1952 619 2007 hoe
672 1951 915 2006 dicemus
942 1990 957 2017 ,
1014 1951 1139 2021 quia
1187 1966 1307 2025 qua:
1354 1958 1478 2005 sunt
1514 1949 1769 2014 utiliora,
1823 1963 1976 2004 man-

394 2041 514 2096 dari
539 2041 815 2096 memoriae
835 2041 1202 2112 principaliter
1222 2051 1568 2103 meruerunt,
1609 2039 1805 2095 deinde
1846 2039 1976 2095 sub-

396 2134 559 2189 tiliter
577 2134 970 2205 inquirentibus
1006 2132 1225 2203 pateﬁet
1250 2140 1344 2188 aut
1378 2133 1692 2190 seminarias
1720 2147 1839 2188 esse
1859 2148 1976 2188 om-

396 2241 491 2280 nes
534 2225 784 2293 arbores,
817 2233 915 2285 aut
938 2225 1165 2279 similem
1215 2224 1407 2278 semini
1461 2224 1660 2279 habere
1698 2224 1973 2280 virtutem.

395 2316 629 2387 Populus
658 2317 800 2374 enim
828 2316 911 2371 vel
941 2316 1134 2377 ulmus,
1165 2322 1221 2370 et
1241 2316 1478 2379 salix,et
1503 2314 1623 2369 alite
1668 2314 1821 2380 tales,
1862 2312 1975 2369 fru-

397 2416 544 2465 ctum
573 2406 788 2476 quidem
818 2407 1022 2461 nullum
1052 2416 1075 2444 ε
1106 2405 1355 2461 videntur
1382 2402 1573 2459 aﬂerre
1599 2403 1973 2470 manifestum;

394 2514 575 2554 semen
607 2506 787 2553 tamen
815 2498 869 2552 in
899 2497 996 2562 eis,
1027 2497 1074 2554 si
1095 2498 1214 2568 quis
1242 2488 1497 2552 attentius
1534 2503 1804 2551 scrutetur
1830 2495 1978 2550 inve-

395 2590 526 2644 niet.
549 2588 575 2626 ά
595 2588 903 2657 Subjectum
920 2594 1002 2643 est
1025 2587 1169 2642 enim
1196 2602 1381 2642 earum
1408 2586 1548 2643 loliis
1579 2600 1801 2655 granum
1832 2584 1976 2655 quod

395 2681 644 2735 misclmm
672 2694 981 2750 nuncupare
1007 2679 1183 2741 solent
1207 2679 1261 2735 hi
1301 2680 1392 2750 qui
1413 2679 1800 2747 vocabulorum
1829 2693 1977 2735 com-

397 2773 750 2843 positionibus
778 2786 1000 2842 Operam
1039 2770 1320 2838 dederunt,
1350 2771 1458 2836 hoc
1494 2771 1602 2823 vim
1629 2770 1847 2826 seminis
1875 2768 1975 2824 ob-

398 2863 550 2917 tinet.
568 2861 785 2933 Namea
798 2876 917 2931 quae
936 2861 1004 2916 de
1023 2875 1294 2927 ramorum
1315 2860 1645 2930 plantatione
1662 2867 1975 2923 nascuntur,

396 2970 462 3007 ex
488 2952 812 3023 semetipsis,
841 2951 1291 3021 quamplurimum
1309 2950 1518 3004 radices
1528 2948 1775 3004 fundunt.
1795 2949 1974 3003 Forsi-

397 3055 487 3096 tan
516 3051 569 3097 et
584 3042 686 3096 illa:
706 3055 930 3110 gemma:
952 3057 1070 3110 qua:
1084 3041 1151 3095 de
1177 3041 1345 3111 stirpe
1378 3039 1683 3108 truduntur,
1707 3040 1969 3095 rationem

2078 1865 2193 1921 fieri
2241 1867 2456 1935 dignam
2486 1867 2870 1926 caleationibus
2897 1868 3142 1923 aliorum.
3172 1868 3298 1923 Vult
3344 1869 3509 1924 etiam
3558 1885 3654 1923 nos

2079 1957 2224 2011 velut
2252 1966 2279 2004 κ
2309 1957 2628 2027 quibusdam
2670 1957 2827 2013 viteis
2850 1957 3142 2025 claviculis,
3173 1957 3225 2012 id
3252 1966 3356 2023 est,
3387 1958 3655 2029 amplexi-

2075 2048 2177 2103 bus
2204 2047 2443 2104 caritatis
2465 2049 2733 2113 astrictos,
2764 2058 2821 2105 et
2870 2050 3172 2121 proximum
3216 2065 3481 2121 quemque
3529 2052 3655 2106 dili-

2076 2148 2283 2208 gentes,
2317 2133 2520 2210 impetu
2567 2139 2733 2195 animi
2781 2156 2995 2211 semper
3018 2140 3085 2195 ad
3117 2141 3395 2211 superiora
3424 2151 3654 2196 conten-

2079 2229 2209 2286 dere
2242 2248 2253 2283 :
2285 2230 2486 2285 similes
2505 2229 2726 2287 effectos
2747 2230 3031 2290 sarmentis
3050 2246 3174 2302 qum
3194 2232 3371 2287 solent
3394 2232 3653 2303 paulatim

2078 2321 2389 2386 crescendo,
2420 2322 2489 2378 ad
2514 2338 2755 2378 summos
2794 2323 3045 2378 arborum
3089 2323 3320 2379 vertices
3347 2324 3651 2394 pervenire.

2078 2411 2253 2481 Exigit
2273 2428 2372 2467 nos
2392 2413 2553 2469 etiam
2579 2410 2868 2468 fossionem
2890 2414 3020 2483 pati.
3042 2412 3264 2470 Foditur
3274 2420 3454 2467 autem
3475 2428 3650 2485 mens,

2077 2505 2411 2560 saecularium
2431 2503 2769 2574 depositione
2793 2520 3074 2570 curarum;
3104 2519 3223 2574 qua:
3265 2501 3519 2561 cordibus
3551 2519 3649 2556 no-

2076 2596 2202 2652 stris
2218 2611 2354 2650 ouus
2374 2609 2537 2665 grave
2554 2593 2577 2632 δ
2608 2595 2919 2651 conficiunt.
2948 2594 3089 2663 Ergo
3110 2594 3202 2665 qui
3232 2593 3509 2649 illecebras
3531 2602 3653 2644 corn

2075 2701 2255 2757 porca:
2298 2686 2588 2757 voluptatis
2616 2685 2897 2755 abjecerit,
2919 2694 2975 2742 et
3001 2683 3347 2740 exsecrabilis
3391 2682 3648 2737 ambitum

2074 2778 2258 2846 gloriae
2304 2777 2716 2846 divitiarumque
2743 2777 3148 2847 contempserit,
3177 2784 3431 2845 tanquam
3462 2773 3649 2829 fossioa

2074 2868 2159 2923 nis
2205 2868 2413 2932 cultura
2463 2868 2751 2934 nitescens,
2784 2868 3023 2937 aspirare
3058 2866 3225 2921 libere
3270 2864 3475 2935 incipit,
3506 2863 3651 2927 omni

2077 2958 2198 3014 labe
2222 2967 2448 3014 terrente
2469 2957 2892 3014 conversationis
2914 2958 3172 3011 abstersa.
3203 2953 3470 3010 Convenit
3490 2953 3646 3008 etiam

2076 3067 2177 3107 nos
2204 3051 2500 3107 secundum
2518 3050 2790 3122 proverbii
2818 3050 3102 3113 rationem,
3134 3047 3352 3100 minime
3374 3045 3646 3099 luxurian-

393 3133 678 3203 quamdam
706 3132 923 3203 seminis
965 3132 1185 3197 habent,
1231 3145 1363 3201 quas
1388 3130 1735 3198 agricultores
1761 3130 1971 3185 avulsas

2080 3150 2157 3197 tes
2182 3140 2422 3210 effluere,
2452 3142 2503 3197 id
2533 3150 2634 3208 est,
2665 3157 2775 3197 non
2803 3140 3154 3197 ostentatorie
3180 3138 3383 3202 vivere,
3414 3151 3517 3191 nec
3564 3151 3643 3191 ca-

397 3223 678 3294 reparandi
724 3239 884 3284 causa
930 3224 1144 3293 generis
1167 3263 1193 3295 ,κ
1236 3224 1508 3293 pastinare
1553 3229 1968 3279 consueverunt.

396 3314 574 3369 Primo
600 3325 802 3384 tamen,
831 3324 890 3369 ut
933 3330 1092 3385 supra
1119 3298 1368 3383 diximus,
1399 3317 1619 3385 arbores
1662 3315 1763 3369 illac
1802 3314 1974 3382 dignas

396 3417 696 3464 memoratu
738 3408 1024 3480 habentur,
1072 3424 1191 3478 quae
1222 3418 1459 3465 nostram
1497 3410 1663 3464 vitam
1710 3408 1821 3464 suis
1862 3408 1973 3463 fru-

393 3500 567 3554 ctibus
588 3508 976 3566 sustentantes,
1010 3510 1171 3571 atque
1192 3501 1461 3556 hominem
1490 3500 1789 3555 nutrientes
1831 3498 1972 3554 invi-

394 3593 599 3647 diosam
648 3594 697 3648 ei
741 3592 960 3663 facturae
997 3603 1152 3648 erant
1202 3594 1409 3661 fruendi
1456 3595 1799 3649 libertatem:
1835 3592 1975 3649 sicut

396 3684 516 3738 vitis
543 3698 663 3753 quae
689 3685 870 3741 vinum
911 3693 1137 3754 generat
1180 3684 1455 3741 laetificans
1486 3700 1600 3740 cor
1626 3685 1880 3749 hominis,
1918 3691 1975 3739 et

395 3775 515 3829 olea
542 3774 770 3830 fructum
794 3774 995 3843 ferens,
1017 3776 1108 3844 qui
1131 3776 1338 3831 vultum
1366 3774 1646 3839 exhilarat,
1679 3775 1734 3829 in
1762 3774 1974 3828 miseri-

394 3864 598 3921 cordia.
651 3875 673 3902 ο
713 3865 922 3942 Quanta
960 3866 1065 3919 alia
1112 3872 1242 3921 tunc
1283 3866 1444 3920 simul
1488 3864 1834 3934 emergebant
1878 3879 1972 3927 ur-

393 3964 601 4023 genter,
632 3956 751 4012 haec
777 3955 1109 4026 producente
1151 3964 1341 4011 natura
1367 3958 1396 4010 ις
1412 3956 1597 4025 Itaque
1624 3955 1776 4013 radix
1802 3955 1974 4010 vinea:

393 4048 559 4105 habet
584 4048 635 4102 in
659 4048 804 4103 circo
833 4057 1101 4109 sarmenta
1125 4040 1592 4123 virentia,pdifi‘usa
1613 4063 1711 4119 per
1734 4055 1931 4115 terram
1954 4067 1967 4102 :

392 4155 461 4194 ex
506 4139 702 4210 quibus
718 4140 900 4210 primo
927 4154 1146 4210 germen
1192 4142 1383 4208 oritur,
1426 4140 1570 4211 quod
1601 4140 1660 4195 fit
1704 4141 1971 4205 labrusca,

392 4238 518 4299 post
542 4230 645 4287 hoc
672 4246 809 4299 uva.
827 4229 1033 4286 Sufficit
1060 4231 1220 4300 igitur
1245 4232 1401 4297 vinea
1438 4245 1655 4301 quoque
1681 4229 1975 4301 prudenter

391 4323 654 4392 inspecta,
681 4323 1113 4379 recordationem
1152 4324 1248 4381 tibi
1277 4332 1483 4379 natura:
1520 4321 1804 4391 subjicere.
1856 4319 1970 4374 Me-

391 4413 595 4470 ministi,
620 4414 763 4469 enim
806 4413 1061 4478 dominici
1109 4415 1372 4473 sermonis
1408 4414 1712 4484 exemplum
1732 4452 1755 4479 ,_
1776 4407 1886 4481 quo
1910 4427 1970 4466 se

391 4502 521 4557 dicit
547 4517 665 4557 esse
688 4503 871 4570 vitem,
899 4501 1114 4567 Patrem
1141 4518 1270 4558 vero
1297 4503 1582 4560 cultorem.
1608 4502 1856 4571 Singulos
1876 4516 1971 4556 au-

2075 3241 2228 3305 ptare
2252 3234 2414 3290 decus
2439 3233 2609 3289 laudis
2636 3241 2904 3298 externm;
2934 3232 3029 3288 sed
3054 3229 3253 3285 fertiles
3268 3243 3366 3284 nos
3393 3242 3524 3282 vero
3551 3226 3647 3282 dco

2074 3333 2435 3381 monstratore
2474 3323 2669 3379 cultori
2716 3323 2981 3378 bonorum
3027 3335 3252 3392 operum
3302 3317 3646 3390 praeferentes

2074 3414 2410 3470 industriam.
2442 3414 2522 3469 Tu
2550 3422 2728 3469 autem
2752 3414 2892 3469 sicut
2918 3412 3061 3471 oliva
3101 3409 3375 3471 fructifera
3416 3410 3558 3467 nulla
3596 3417 3648 3464 te

2074 3522 2173 3576 spe
2196 3506 2499 3569 nudaveris,
2531 3505 2630 3561 sed
2655 3519 2869 3575 semper
2897 3504 3096 3559 habeto
3121 3500 3244 3559 fidei
3270 3501 3494 3556 viridem
3520 3499 3645 3559 vali-

2074 3597 2305 3666 damque
2327 3597 2705 3651 constantiam.
2735 3595 2814 3649 lta
2852 3596 2997 3649 enim
3021 3592 3361 3659 vivacitatem
3393 3591 3535 3645 illius
3560 3605 3643 3643 ar-

2073 3686 2242 3756 boris,
2271 3696 2327 3743 et
2355 3687 2686 3756 opulentiam
2736 3683 3065 3741 fructuosam
3110 3683 3379 3738 videberis
3407 3681 3598 3736 imitari
3619 3726 3635 3749 ,

2073 3779 2120 3833 si
2149 3778 2418 3834 uberrime
2447 3776 2868 3832 misericordiam
2898 3776 3042 3831 onmi
3076 3782 3322 3842 tempore
3350 3772 3611 3845 largiaris;

2145 3868 2197 3922 7.
2227 3867 2333 3923 Sed
2345 3868 2458 3937 jam
2486 3867 2770 3922 redeamus
2797 3864 2812 3903 ί
2841 3866 2909 3920 ad
2935 3865 3319 3922 scrutationem
3342 3861 3642 3932 dispositio~

2075 3959 2157 4014 nis
2186 3955 2424 4017 artificis.
2455 3955 2665 4023 Quanta
2692 3962 2821 4010 tunc
2847 3968 3043 4024 genera
3074 3954 3331 4008 exstitere
3357 3952 3641 4021 lignorum,

2072 4064 2297 4119 quorum
2336 4046 2579 4117 quaedam
2630 4044 2861 4101 fecunda
2910 4052 3072 4110 sunt,
3122 4043 3226 4097 alia
3269 4040 3638 4113 projectibilia,

2073 4139 2328 4194 nonnulla
2388 4138 2614 4193 navibus
2674 4135 2997 4191 fabricandis
3058 4132 3405 4190 accommoda
3427 4172 3443 4198 ,
3498 4144 3640 4207 qum—

2071 4230 2197 4285 dam
2260 4228 2394 4284 focis
2449 4228 2803 4285 necessaria?
2866 4226 3072 4283 Rursus
3132 4227 3186 4281 in
3245 4226 3331 4281 his
3388 4224 3404 4276 ἱ
3471 4224 3641 4278 varius

2074 4327 2374 4391 spectatur,
2400 4328 2661 4385 ornatus,
2723 4333 2953 4388 quorum
3004 4328 3058 4372 et
3108 4315 3455 4386 proprietatis
3501 4314 3640 4369 inve-

2072 4410 2290 4481 stigatio
2337 4410 2569 4465 difficilis
2587 4410 2816 4464 habetur
2861 4417 2918 4463 et
2968 4406 3266 4463 differentia
3293 4407 3637 4475 singulorum.

2074 4503 2211 4559 Nam
2237 4503 2341 4558 alia
2368 4500 2820 4573 profundioribus,
2846 4500 2954 4553 alia
2981 4499 3202 4556 summis
3221 4507 3276 4552 et
3300 4497 3509 4553 levibus
3526 4500 3639 4550 sunt

392 4605 502 4650 tem
530 4604 791 4661 nostrum,
814 4596 905 4666 qui
933 4611 1029 4666 per
1054 4596 1214 4652 ﬁdem
1260 4596 1449 4651 inserti
1487 4610 1671 4651 sumus
1695 4593 1969 4663 Ecclesiae,
2000 4584 2049 4644 ι)
2074 4608 2285 4655 annexa
2311 4591 2579 4649 radicibus
2609 4608 2624 4644 :
2656 4585 2759 4644 alia
2800 4589 2856 4644 in
2899 4589 3066 4643 altum
3092 4595 3362 4658 porrecta,
3392 4583 3639 4654 singulis-

465 4717 489 4742 τι
528 4706 668 4762 Editi
699 4709 958 4769 corinaria
1003 4724 1102 4777 pro
1146 4709 1440 4774 coronaria,
1475 4706 1872 4777 utiindnohns
1901 4706 1968 4759 li-

392 4776 504 4831 lil‘lS
552 4780 816 4863 veteribus
873 4775 1130 4849 scriptum
1177 4780 1499 4834 invenimus.
1549 4775 1736 4841 Graece
1776 4798 1967 4849 στεφα-

397 4869 668 4902 timueram.

462 4904 489 4955 Β
517 4915 659 4990 illud
685 4918 889 4990 quidem
905 4918 1143 4974 additum
1175 4932 1258 4974 est
1286 4935 1351 4974 ex
1379 4914 1532 4972 Colb.
1564 4914 1821 4971 secundo.

467 4998 488 5027 ε
516 4984 680 5061 Editi,
697 4984 946 5061 'videntur
974 4990 1543 5061 nﬂ'errc,‘mauifestum
1564 4996 1735 5061 tamen
1756 5001 1961 5061 semen:

392 5072 512 5123 quae
560 5059 722 5111 verba
771 5059 926 5115 aliter
978 5054 1376 5127 distinguuntur
1423 5058 1475 5110 in
1504 5056 1655 5112 Colb.
1688 5054 1961 5127 secundo;

394 5128 553 5194 idque
580 5127 789 5194 melius,
821 5136 877 5182 et
921 5131 1097 5184 verbis
1125 5123 1322 5190 Crmcis
1368 5126 1796 5192 convenientius.
1822 5123 1964 5193 Lege

393 5206 725 5250 ευηωκιυιιι.

466 5265 491 5303 ιι
523 5265 597 5323 Ex
623 5268 829 5321 duobus
857 5266 1006 5320 libris
1026 5269 1295 5323 veteribus
1326 5281 1512 5322 vocem
1540 5274 1618 5321 est
1645 5264 1959 5323 addidimus.

396 5336 591 5390 llwiJem
622 5337 772 5394 Colb.
800 5338 1086 5400 secundus,
1115 5349 1164 5391 et
1192 5340 1285 5393 hoc
1310 5339 1407 5391 vim
1437 5338 1666 5391 seminis.

467 5417 489 5444 ⁸
533 5406 726 5461 Totum
756 5408 902 5469 illud,
935 5417 1127 5476 quanta
1157 5409 1261 5460 alia
1293 5418 1412 5460 tunc
1437 5407 1591 5461 simul
1637 5404 1961 5476 emergebant

392 5478 792 5553 urgenter,th
820 5474 1129 5547 producente
1159 5487 1372 5553 natura,
1398 5493 1467 5531 ex
1496 5477 1728 5553 antiquis
1753 5474 1961 5528 duobus

398 5545 544 5600 libris
583 5545 850 5617 adjectum
891 5556 973 5602 est
1003 5565 1014 5599 :
1043 5563 1270 5617 quorum
1320 5548 1373 5599 in
1421 5563 1529 5600 uno
1558 5547 1750 5613 legitur
1777 5552 1956 5597 tamen

393 5627 665 5686 eui-rupto,
698 5627 933 5689 urgentes
964 5636 980 5671 :
1013 5616 1071 5672 in
1109 5616 1277 5671 altero
1307 5627 1558 5685 corrupte
1604 5630 1837 5684 quoque.
1870 5631 1959 5665 ""-

398 5707 428 5757 g
451 5698 619 5741 ξυνεῖν.
649 5690 852 5748 (ἶῐάἲρυ,
881 5693 1208 5755 ἡπειγμὲνπιςτ
1241 5697 1494 5758 αι’ςίἯῘΡΓο

2154 4703 2173 4741 f
2209 4704 2435 4758 Veteres
2460 4702 2568 4757 duo
2596 4700 2736 4771 libri,
2767 4715 3052 4771 provocans
3079 4714 3193 4754 nos.
3222 4696 3361 4752 Vox'
3374 4696 3640 4771 posterior

2070 4776 2138 4828 ab
2167 4774 2323 4828 editis
2351 4772 2556 4827 aberat.
2580 4766 2781 4825 Ibidem
2814 4770 2983 4823 nostri
3015 4777 3123 4824 tres
3149 4784 3277 4823 mss.
3314 4766 3639 4839 ad’fructife-

2076 4844 2347 4899 rationem.
2382 4841 2523 4895 Editi
2552 4841 2621 4893 ad
2644 4840 3113 4911 frucﬁtiﬁcaliouem.

2143 4923 2168 4959 κ
2198 4912 2360 4978 Editi,
2389 4903 2691 4982 quibusdam
2718 4903 2850 4964 vitis.
2915 4908 3055 4963 Libri
3084 4915 3314 4973 veteres,
3344 4903 3638 4981 quibusdmu

2066 4984 2229 5037 viteis.

2140 5053 2165 5091 ¹ι
2198 5051 2417 5120 Antiqui
2445 5049 2552 5104 duo
2607 5049 2725 5120 libri
2751 5090 2769 5115 ,
2813 5048 3097 5120 cgnﬁgunt.
3129 5046 3309 5120 Alius,
3341 5043 3633 5114 conﬁciunt.

2067 5122 2227 5187 Editi,
2259 5116 2589 5191 conﬁngunt.
2609 5117 2807 5191 Statim
2827 5116 2980 5191 Colb.
3009 5116 3293 5180 secundus,
3322 5124 3370 5168 et
3403 5129 3637 5168 exsecra-

2069 5189 2639 5260 bilesambi‘tusglorim
2659 5189 3108 5260 vefdivitiuntm._
3185 5257 3195 5260 _
3335 5254 3386 5260 __
3425 5255 3437 5260 _
3503 5249 3578 5260 ___
3626 5248 3635 5259 ,

2146 5262 2156 5298 ί
2189 5260 2344 5323 Editi,
2366 5260 2433 5312 ad
2457 5249 2823 5313 scrutationem
2858 5256 3225 5325 disputationis
3238 5254 3485 5325 artiﬁcis.
3503 5249 3637 5303 Libri

2064 5339 2147 5385 vel
2157 5345 2277 5385 eres
2291 5320 2734 5387 Itdscrutationem
2746 5320 3098 5397 dispositionis
3110 5326 3209 5378 arti
3208 5320 3420 5446 ﬁcia—In
3436 5320 3636 5379 Ganeo.

2066 5424 2137 5446 πη
2172 5424 2193 5446 ε
2232 5406 2320 5446 τήν
2346 5399 2557 5446 ἔρευναν
2584 5407 2828 5446 τεν-νικῶν
2874 5396 3170 5446 διατάξεων.
3250 5393 3373 5446 aulo
3401 5400 3524 5445 ante
3546 5402 3635 5446 Ι)Γο

2066 5424 2193 5473 17p;
2229 5406 2320 5473 frtri
2346 5399 2557 5473 ἔρευναςθ
2584 5393 2837 5473 τςχγικνζὶί
2874 5396 3176 5473 δςξτᾴξεωνῖ
3208 5393 3373 5473 ΡξὶυΙο
3401 5400 3635 5473 antepro

2063 5460 2154 5524 sed
2173 5460 2325 5522 etiam
2341 5460 2405 5522 ei:
2428 5460 2896 5538 antiquis'dnobus
2907 5465 3053 5538 libris
3073 5460 3498 5538 scripsimusﬁsed
3509 5460 3632 5529 jam-

2154 5539 2165 5588 i
2198 5539 2423 5593 Veteres
2450 5530 2706 5592 duo'libri
2732 5545 2786 5591 ct
2814 5535 2965 5596 editi,
2997 5530 3344 5603 exspectatur.
3375 5530 3523 5584 Colb.
3553 5542 3631 5604 se-

2069 5609 2294 5669 cundus,
2328 5616 2606 5673 spcrtatur.
2652 5606 2938 5672 Aliquanto
2966 5612 3087 5672 pust
3116 5604 3218 5658 duo
3251 5617 3404 5665 mss.,
3438 5610 3632 5653 sunmus

2071 5690 2116 5733 et
2141 5678 2355 5732 lenibus.
