3964 6178
318 311 426 368 ῡΠ

1335 255 1725 357 ΗΕΧᾸΕΜΕΠΙ
1757 297 2233 391 blETAPllRASlS
2272 301 2471 358 LIBER
2508 302 2569 361 ν.

3484 292 3593 358 318

321 438 431 493 que
468 420 641 477 deﬁxa
669 417 956 489 stipitibus,
984 416 1087 471 alia
1125 416 1446 479 humiliora‘;
1479 423 1535 472 et
1561 415 1630 471 de
1655 424 1681 452 ι
1711 415 1896 486 stirpi-
1925 417 1977 479 Α
2003 416 2343 471 hortensibus
2372 425 2618 471 narratur
2648 430 2920 485 apponere
2948 434 2959 468 ε
2994 415 3235 471 nonnulli
3264 418 3425 471 etiam
3471 417 3583 473 fru-

325 515 430 569 bus
450 513 566 567 suis
594 510 777 566 oculos
805 509 984 579 plures
1012 507 1302 563 fundentia.
1334 505 1402 561 Et
1429 520 1656 576 quorum
1683 507 1910 562 vertices

323 614 453 663 sunt
480 603 712 671 excelsi,
760 614 948 655 eorum
986 598 1192 655 radices
1236 597 1559 667 multiplices
1587 604 1643 652 et
1685 596 1908 667 profun-

324 698 507 752 diores
535 694 835 755 habentur,
883 691 935 744 in
984 689 1240 757 circoque
1286 686 1492 743 diffusa:
1530 704 1544 739 :
1577 700 1712 755 quas
1764 686 1911 742 velut

326 786 640 842 funlamina
685 783 931 854 qumdam
978 789 1167 835 natura
1222 778 1469 848 subjecit,
1501 778 1696 847 quibus
1742 777 1914 833 moles

324 877 670 948 superposita
709 873 886 928 valeat
914 870 1220 927 sustentari.
1249 867 1458 936 Quanta
1494 869 1659 923 etiam
1687 866 1914 923 diversi-

329 976 415 1022 tas
446 967 499 1021 itt
520 964 810 1021 corticibus
831 968 930 1025 est,
958 960 984 998 ι’
1014 974 1241 1033 quorum
1290 958 1379 1013 alii
1404 958 1556 1013 lenes
1592 964 1723 1013 sunt
1747 963 1804 1013 et
1831 956 1914 1010 ni-

330 1058 450 1122 tidi,
482 1054 726 1111 nonnulli
760 1052 951 1108 nodosi
999 1050 1294 1120 et-asperi,
1324 1049 1413 1104 alii
1461 1048 1749 1118 simplices,
1780 1048 1915 1102 certi

331 1148 500 1203 etiam
531 1145 711 1200 multis
730 1142 966 1199 conserti
988 1140 1337 1196 caudicibus?
1358 1137 1428 1192 Et
1448 1139 1593 1208 quod
1620 1139 1788 1207 magis
1810 1139 1914 1192 mi-

330 1238 565 1305 raberis,
591 1234 886 1291 senectutis
912 1236 969 1288 et
995 1231 1289 1302 juventutis
1332 1231 1577 1285 humana:
1619 1228 1914 1285 similitudo

330 1327 605 1397 reperitur
626 1326 684 1388 in
712 1325 810 1379 eis.
853 1322 986 1377 Nam
1015 1322 1348 1377 novellorum
1377 1329 1430 1376 et
1457 1321 1773 1391 pollentium
1801 1321 1912 1374 vir-

330 1418 603 1486 gultorum
629 1414 889 1470 deductus
936 1420 993 1468 et
1020 1421 1203 1467 tensus
1231 1417 1314 1466 est
1360 1418 1579 1477 cortex;
1625 1424 1915 1465 senescen-

335 1508 472 1561 tium
502 1519 634 1561 vero
680 1516 908 1572 rugosus
938 1509 994 1558 et
1019 1502 1226 1557 scaber.
1274 1500 1354 1557 Ex
1382 1501 1467 1557 his
1502 1501 1747 1572 quaedam
1792 1516 1915 1557 cum

333 1596 536 1653 fuerint
585 1601 859 1666 amputata
900 1596 1284 1664 regerminant,
1316 1594 1419 1648 alia
1447 1609 1574 1650 mox
1604 1608 1725 1649 cum
1762 1601 1916 1649 trun-

334 1696 530 1742 cantur
557 1691 835 1751 arescunt,
869 1692 1124 1752 tanquam
1169 1690 1399 1738 mortem
1428 1682 1713 1752 quamdam
1740 1698 1807 1739 ex
1835 1684 1918 1739 in-

2011 516 2156 563 ctum
2182 507 2419 578 capriﬁci
2447 506 2755 563 domesticis
2773 506 3013 575 alligant,
3038 507 3373 564 conferenda:
3393 509 3588 564 valitu-

2009 599 2149 654 dinis
2171 614 2354 665 causa,
2377 613 2485 667 quo
2505 599 2713 668 possint
2741 598 2983 667 germina
3000 613 3096 654 sua
3126 599 3360 654 retinere
3387 585 3597 653 cadenJ

2011 689 2105 744 tia.
2134 686 2301 758 Cujus
2327 690 2406 744 rei
2435 689 2683 744 videlicet
2714 688 2877 758 ﬁgura
2931 703 3151 743 monere
3199 703 3298 743 nos
3352 686 3590 744 creditur

2012 787 2072 833 ut
2117 793 2469 847 agnoscamus
2515 779 2637 849 quia
2687 785 2901 849 oportet
2953 778 3271 849 plerumque
3316 778 3477 832 etiam
3520 777 3588 834 ab

2013 867 2327 937 alienigenis
2347 862 2543 939 capere
2568 885 2667 925 nos
2708 867 2829 926 ﬁdei
2856 869 3257 932 documentum,
3282 868 3346 922 ad
3377 866 3589 938 profes-

2013 959 2221 1014 sionem
2248 959 2514 1015 bonorum
2542 974 2762 1029 operum
2790 958 3183 1014 declarandam.
3214 956 3271 1013 Si
3300 942 3325 995 ί
3344 959 3490 1012 enim
3510 957 3591 1011 vi-

2014 1050 2159 1105 deris
2187 1051 2490 1122 quempiam
2535 1048 2603 1104 de
2650 1050 2937 1121 gentilibus
2970 1056 3065 1105 aut
3092 1048 3360 1105 haereticis
3386 1048 3453 1101 ab
3481 1045 3587 1105 Ec-

2013 1143 2173 1198 clesia
2203 1142 2417 1197 Domini
2455 1150 2815 1212 segregatum,
2841 1141 2966 1195 vitre
3010 1154 3329 1208 morumque
3355 1138 3600 1196 cultibus.
3670 1132 3677 1139 ’

2013 1233 2353 1288 honestatum
2370 1250 2383 1299 ;
2402 1234 2532 1289 eniti
2549 1232 2768 1288 debebis
2783 1231 3096 1302 impensius,
3111 1239 3165 1286 et
3183 1228 3418 1285 studium
3440 1236 3591 1283 tuum

2013 1325 2185 1393 magis
2208 1341 2271 1379 ac
2290 1324 2465 1394 inagis
2493 1338 2691 1394 augere
2713 1340 2820 1394 quo
2851 1324 3025 1394 possis
3045 1322 3301 1379 accedere
3320 1335 3490 1392 prope
3528 1319 3592 1375 il-

2014 1416 2119 1470 lam
2151 1415 2479 1472 fructiferam
2529 1414 2710 1483 ﬁcum,
2737 1431 2857 1485 quae
2897 1415 2964 1470 de
2988 1416 3245 1470 societate
3268 1414 3591 1470 silvestrium

2013 1508 2254 1573 vigorem
2303 1514 2548 1562 mutuata
2594 1506 2905 1571 fecundum,
2945 1505 3076 1560 vitia
3114 1504 3328 1574 quidem
3378 1502 3592 1559 molesti

2016 1596 2191 1655 ﬂuxus
2220 1597 2468 1665 inhibuit,
2508 1599 2741 1655 subsidia
2779 1613 2908 1654 vero
2946 1597 3134 1652 vicinae
3170 1575 3464 1653 fertilitatis
3500 1609 3591 1648 ar-

2016 1690 2201 1761 ripuit.

335 1778 558 1834 cisionis
587 1777 780 1847 injuria
809 1776 1146 1846 perferendo.
1174 1775 1354 1830 Multis
1374 1791 1505 1831 sane
1528 1776 1812 1846 probatum
1830 1783 1915 1831 est
1942 1774 1992 1837 Β
2066 1752 2139 1836 ’8.
2171 1780 2336 1851 Igitur
2363 1752 2410 1837 si
2439 1788 2589 1837 tanta
2615 1781 2753 1837 ratio
2775 1780 3136 1851 generationis
3158 1779 3367 1833 illarum
3394 1782 3509 1842 est,
3535 1782 3603 1831 ut

336 1873 462 1941 quia
492 1877 693 1926 exusto:
709 1870 797 1924 vel
823 1869 1002 1923 incisae
1033 1879 1055 1907 ο
1081 1868 1239 1938 pinus
1269 1867 1322 1921 itt
1353 1882 1541 1921 nemus
1562 1865 1915 1936 glandiferam

336 1978 400 2018 se
431 1961 836 2018 transformant.
869 1959 1063 2015 Notum
1084 1966 1167 2013 est
1195 1959 1357 2014 etiam
1385 1958 1645 2028 quasdam
1692 1958 1918 2027 diligen—

339 2056 414 2108 tia
441 2054 707 2108 cultorum
755 2058 992 2115 curatas,
1024 2050 1253 2103 naturali
1298 2050 1513 2119 penitus
1561 2047 1766 2103 malitia
1820 2063 1916 2103 ca-

338 2145 535 2200 ruisse.
578 2142 711 2198 Nam
760 2142 899 2197 mala
946 2142 1137 2212 punica
1191 2156 1312 2210 qua:
1365 2148 1492 2195 sunt
1536 2138 1805 2209 acidiora,
1831 2141 1919 2196 vel

339 2252 559 2291 amaras
602 2234 934 2307 amygdalas,
961 2233 1065 2289 hoc
1101 2232 1266 2286 modo
1293 2231 1471 2286 ferunt
1509 2246 1669 2301 posse
1698 2231 1917 2299 molliri,

339 2328 385 2383 si
414 2326 564 2395 juxta
594 2325 847 2388 radicem,
881 2323 1083 2377 truncis
1109 2336 1293 2377 earum
1336 2320 1621 2376 terebratis
1650 2321 1800 2375 unda:
1825 2336 1920 2375 cu-

343 2429 482 2468 nens
511 2427 607 2483 per
632 2412 865 2467 medium
891 2411 1123 2466 cardinis
1172 2409 1531 2479 transﬁgatur,
1559 2425 1775 2466 omnem
1803 2427 1921 2466 tuo-

343 2507 557 2562 lestiam
613 2505 822 2575 saporis
884 2504 1199 2573 incongrui,
1257 2504 1556 2558 mutatione
1622 2503 1919 2559 dulcedinis

342 2604 710 2667 exempturus.
742 2596 946 2652 Idcirco
974 2595 1150 2651 nullus
1178 2596 1485 2650 hominum’
1500 2596 1730 2664 caligine
1766 2597 1919 2650 mali-

343 2689 566 2757 gnitatis
594 2684 623 2725 ἀ
653 2685 855 2742 offusus
882 2686 948 2741 de
987 2686 1202 2756 propria
1229 2686 1404 2741 salute
1448 2686 1715 2755 desperet,
1746 2687 1921 2741 sciens

341 2779 495 2849 quod
538 2777 859 2847 agricultura
888 2776 1106 2845 quidem
1136 2788 1416 2844 pomorum
1446 2774 1733 2843 qualitates
1762 2775 1921 2829 redu-

347 2871 426 2925 cit
455 2870 510 2924 in
536 2869 746 2933 melius,
793 2866 946 2922 labor
993 2858 1171 2921 alitem
1199 2865 1452 2936 spiritalis
1476 2874 1669 2935 potens
1691 2875 1775 2922 est
1801 2883 1921 2921 om-

346 2962 496 3015 nium
525 2959 829 3014 morborum
857 2972 1113 3027 superare
1152 2957 1461 3027 nequitiam.
1510 2955 1580 3012 Et
1626 2973 1757 3013 sane
1804 2967 1924 3013 tan-

348 3061 461 3106 tam
491 3052 545 3106 in
585 3051 836 3105 arborum
877 3049 1288 3105 fecunditatibus
1316 3048 1557 3107 videmus
1578 3066 1697 3106 esse
1717 3051 1923 3105 distan-

2016 1876 2108 1936 vix
2134 1889 2307 1945 pauca
2334 1889 2435 1945 pro
2460 1874 2643 1928 multis
2670 1873 3003 1944 potuerimus
3025 1884 3315 1941 exponere,
3338 1868 3458 1939 quis
3486 1882 3598 1922 om-

2017 1968 2166 2022 nium
2216 1965 2487 2021 fructuum
2535 1965 2863 2033 varietates,
2912 1963 3201 2033 qualitates
3254 1961 3597 2016 schematave

2015 2063 2327 2130 percurrat,
2358 2063 2414 2111 et
2439 2064 2639 2126 quanta
2688 2055 2743 2109 in
2789 2054 3010 2122 singulis
3057 2052 3321 2108 habeatur
3366 2050 3594 2116 utilitas,

2017 2164 2141 2205 cum
2166 2148 2275 2203 sint
2302 2146 2420 2201 alite
2447 2160 2567 2215 qum
2594 2144 2710 2200 sole
2737 2153 2762 2191 ε
2792 2143 3028 2198 decocta:
3052 2146 3453 2205 maturescunt,
3478 2138 3595 2192 aliae

2018 2256 2137 2311 qua:
2158 2246 2587 2309 tegumentorum
2617 2236 2865 2307 praesidio
2893 2233 3127 2289 defensae
3153 2231 3506 2303 plenescuut?
3528 2228 3596 2287 Et

2018 2332 2288 2405 quomodo
2317 2346 2505 2387 eorum
2534 2324 2653 2400 quae
2705 2327 2923 2383 mollem
2969 2326 3201 2381 fructum
3246 2323 3423 2378 ferunt
3468 2320 3593 2376 folia

2021 2423 2245 2479 fortiora
2276 2430 2419 2488 sunt,
2451 2421 2589 2476 sicut
2618 2417 2732 2485 fici;
2756 2431 2984 2488 quorum
3032 2423 3212 2470 autem
3262 2412 3466 2467 fructus
3492 2408 3594 2465 du-'-

2019 2514 2131 2568 rior
2156 2512 2383 2567 habetur
2419 2508 2853 2565 membranarum
2899 2512 3113 2561 textura
3143 2498 3175 2541 ιι
3207 2502 3446 2558 tenerior
3489 2507 3594 2571 est,

2021 2607 2160 2661 sicut
2188 2620 2354 2669 nuces
2378 2621 2390 2656 :
2424 2603 2548 2674 quia
2578 2600 2708 2656 ﬁcus
2734 2598 2987 2654 videlicet
3012 2603 3234 2667 propter
3261 2592 3595 2649 imbecillita-

2020 2706 2130 2752 tem
2153 2697 2345 2751 merito
2368 2695 2570 2764 ﬂagitat
2590 2708 2746 2764 opem
2774 2690 2993 2761 majoris
3013 2686 3219 2756 aukilii,
3248 2686 3473 2742 nucibus
3501 2701 3595 2741 au-

2022 2797 2130 2843 tem
2156 2788 2425 2842 ltcsionem
2454 2785 2631 2841 facere
2659 2785 2921 2855 potuisset
2943 2781 3161 2836 densior
3181 2779 3419 2849 opacitas
3439 2777 3596 2832 folio-

2022 2894 2160 2933 rum.
2199 2876 2488 2947 Pampinus
2517 2876 2677 2931 etiam
2723 2886 2883 2943 quam
2911 2871 3303 2927 rationabiliter
3339 2862 3597 2923 multiﬁda

2024 2967 2344 3023 formatione
2371 2963 2640 3036 perfectus
2661 2972 2762 3028 est,
2787 2960 2846 3022 ut
2874 2977 2974 3017 uva
2997 2977 3094 3033 per
3114 2976 3233 3016 eam
3254 2967 3461 3031 partem
3480 2972 3599 3028 qua:

2024 3059 2242 3129 tegitur,
2274 3059 2416 3113 aeris
2444 3057 2669 3127 repellat
2715 3055 2984 3125 injuriam,
3008 3068 3107 3125 per
3150 3067 3270 3111 eam
3322 3067 3452 3107 vero
3480 3061 3599 3121 qua:

345 3144 498 3206 ίίδων
526 3149 780 3211 quamam
829 3155 927 3197 nec
952 3141 1121 3196 Verbo
1154 3140 1368 3210 quidem
1418 3156 1702 3210 Possumus
1750 3143 1923 3212 expli-
1950 3143 1998 3205 C
2029 3157 2193 3219 patet,
2226 3148 2465 3203 fomenta
2494 3148 2667 3203 solani
2710 3146 2905 3202 caloris
2931 3144 3187 3217 excipiat.
3237 3144 3377 3199 Nihil
3420 3143 3601 3211 itaque

344 3249 494 3291 care.
520 3233 704 3303 Neque
725 3232 867 3287 enim
909 3232 1081 3287 solum
1112 3232 1165 3285 in
1196 3231 1406 3285 alterno
1428 3245 1626 3299 genere
1673 3233 1922 3289 discretio

348 3320 553 3377 fetuum
578 3323 911 3387 continetur;
938 3321 1033 3376 sed
1061 3321 1117 3375 in
1144 3321 1367 3389 singulis
1393 3322 1553 3376 etiam
1579 3322 1807 3393 plurima
1837 3324 1921 3379 di-

345 3412 574 3468 versitas
600 3413 883 3468 invenitur.
916 3410 1190 3479 Siquidem
1219 3410 1363 3465 aliud
1390 3411 1661 3481 specimen
1709 3426 1915 3469 mascua

347 3503 446 3558 lini
472 3504 691 3568 fructus,
715 3502 860 3557 aliud
882 3501 1141 3565 feminini,
1159 3502 1424 3557 cultorum
1450 3502 1619 3558 fertur
1644 3504 1923 3561 tradidisse

346 3594 566 3649 solertia
592 3612 607 3648 :
642 3604 664 3631 ε
696 3593 787 3663 qui
816 3594 977 3648 etiam
1005 3594 1210 3663 palmas
1236 3593 1431 3661 gemini
1457 3608 1575 3648 esse
1596 3609 1755 3651 sexus
1780 3596 1924 3650 afﬁr-

347 3692 518 3740 mant.
550 3684 681 3738 Nam
714 3683 919 3738 videtur
959 3683 1230 3753 quomodo
1260 3683 1400 3752 apud
1437 3699 1532 3739 eos
1560 3699 1679 3753 qum
1726 3684 1924 3742 femina

348 3777 676 3842 nominatur,
708 3789 887 3829 ramos
907 3775 1154 3843 proprios
1180 3774 1428 3829 incurvat
1449 3774 1519 3829 ad
1549 3791 1749 3831 marem
1777 3778 1924 3833 velut

344 3867 686 3924 cmncubitum
730 3874 949 3937 petens,
1000 3874 1059 3920 ut
1104 3866 1273 3936 possit
1317 3881 1387 3921 ex
1439 3866 1554 3936 ejus
1595 3869 1924 3925 admixtione

345 3961 652 4029 concipere.
677 3957 825 4014 Unde
856 3958 1115 4026 ingeniosi
1142 3958 1411 4026 agricolm,
1440 3960 1678 4015 sublatos
1705 3954 1918 4016 dema-

345 4051 496 4107 sculo
524 4058 699 4105 certos
726 4048 932 4115 oculos,
962 4047 1171 4102 femina:
1201 4048 1451 4102 dicuntur
1478 4050 1743 4117 inserere;
1767 4060 1824 4107 et
1845 4053 1917 4109 ita

343 4141 499 4211 quasi
530 4142 675 4195 coitu
713 4139 1013 4194 desiderato
1057 4139 1265 4208 repleta
1312 4138 1596 4196 confestim
1649 4143 1924 4200 subductis

345 4231 579 4285 brachiis
601 4230 880 4301 pristinum
909 4229 1137 4284 recurrit
1165 4228 1231 4282 ad
1252 4235 1468 4283 statum.
1501 4228 1625 4286 Haec
1652 4240 1830 4286 autem
1853 4234 1923 4289 de

264 4330 273 4339 ’
346 4322 463 4376 licis
488 4335 703 4390 quoque
723 4304 1027 4374 narrantur.
1061 4320 1190 4373 Nam
1212 4320 1429 4389 quidam
1451 4322 1660 4391 plantas
1681 4333 1922 4392 agrestes

2024 3237 2325 3300 fortuitum,
2355 3237 2489 3291 nihil
2517 3236 2880 3291 irrationabile
2907 3236 3103 3291 factum
3135 3234 3397 3290 videmus.
3427 3229 3522 3288 Est
3542 3231 3596 3286 in

2025 3327 2273 3382 omnibus
2298 3325 2585 3381 ineﬁabilis
2628 3325 2872 3394 quaedam
2924 3324 3275 3392 mirandaque
3311 3321 3593 3392 sapientia.

2025 3417 2155 3484 Quae
2176 3425 2354 3472 autem
2378 3430 2529 3470 mens
2554 3422 2647 3469 aut
2682 3414 2834 3482 cujus
2861 3413 3107 3469 facundia
3141 3412 3371 3467 sufliciet
3399 3410 3414 3449 ί
3449 3426 3600 3467 com-

2025 3508 2357 3578 prehendere
2386 3512 2577 3563 cuncta
2606 3497 2889 3567 subtiliter,
2921 3511 2981 3557 ut
3007 3510 3061 3557 et
3083 3502 3438 3571 contemplari
3468 3515 3586 3571 pm

2025 3599 2280 3669 prietates
2298 3598 2494 3664 valeat,
2512 3604 2567 3652 et
2585 3596 2890 3653 discernere
2909 3592 3234 3650 differentias
3246 3592 3600 3663 singulorum,

2023 3689 2108 3744 vel
2130 3688 2415 3744 latentium
2437 3687 2651 3757 penitus
2681 3699 2961 3740 causarum
2983 3689 3192 3739 secreta
3220 3681 3435 3736 rimari?
3455 3680 3602 3747 Quo—
3641 3707 3646 3713 -

2024 3780 2185 3834 modo
2215 3796 2354 3835 unus
2382 3778 2630 3847 idemque
2664 3778 2859 3833 humor
2891 3791 2990 3846 per
3016 3774 3358 3829 arbustorum
3388 3771 3599 3827 radices

2024 3866 2305 3936 attractus,
2331 3870 2382 3924 in
2423 3868 2599 3925 ofﬁcia
2629 3883 2915 3924 numerosa
2944 3862 3289 3937 dispergitur,
3329 3864 3486 3918 aliter
3513 3862 3597 3933 ip-

2023 3974 2139 4015 sam
2157 3959 2390 4013 radicem
2411 3956 2675 4023 nutriens,
2694 3956 2852 4011 aliter
2865 3956 3139 4021 corticem,
3154 3953 3311 4008 aliter
3330 3960 3601 4018 truncum;

2027 4059 2081 4108 et
2126 4051 2282 4105 aliter
2309 4048 2636 4104 medullam?
2666 4048 3039 4118 etquomodo
3091 4061 3235 4102 nunc
3286 4042 3472 4099 folium
3523 4040 3599 4106 ﬁt,

2026 4158 2168 4199 nunc
2216 4142 2268 4195 in
2315 4141 2566 4210 palmites
2620 4154 2905 4208 ramosque
2933 4140 3212 4203 formatur,
3241 4145 3299 4191 et
3339 4135 3601 4189 fructibus

2023 4234 2224 4305 prmbet
2250 4232 2501 4286 alimenta
2522 4230 2833 4286 crescendi?
2853 4228 3139 4300 Lacrymas
3159 4227 3322 4284 etiam
3344 4223 3601 4296 quasdam

2024 4339 2121 4396 per
2158 4338 2336 4379 ramos
2362 4319 2550 4377 eadem
2574 4318 2747 4376 fundit
2773 4318 3018 4386 materia,
3040 4324 3267 4393 quarum
3295 4322 3497 4388 quanta
3534 4314 3615 4370 sit.

421 4532 446 4559 ⁸
474 4522 628 4578 Colb.
660 4522 949 4590 secundus,
978 4531 1027 4576 et
1074 4522 1137 4575 de
1165 4522 1418 4591 stipitibus
1447 4530 1551 4578 suis
1580 4526 1773 4591 oculos,
1805 4533 1911 4581 etc.
1943 4531 1996 4592 ι)
2090 4525 2115 4562 ά
2147 4523 2300 4580 Colb.
2332 4522 2622 4584 secundus.
2655 4521 2899 4590 suffusus.
2926 4520 3119 4575 Statim
3141 4512 3295 4592 editi,
3317 4518 3598 4591 primorum

346 4594 653 4649 Eustathius
700 4593 1001 4661 exprimere
1044 4593 1214 4646 voluit
1261 4594 1387 4647 illud
1417 4592 1618 4659 Basilii,
1650 4602 1731 4650 καὶ
1776 4600 1918 4657 εὐθὺς

344 4668 447 4721 ἀπὸ
500 4672 589 4723 τῆς
638 4666 780 4734 ῥίζης
829 4665 898 4736 ςὶς
951 4664 1139 4736 nulla};
1191 4663 1419 4736 ὶκφςζρσιις
1450 4662 1793 4736 -διῃρημένὰξν
1822 4681 1921 4721 nec

345 4736 548 4858 idnepte,
573 4732 694 4787 cum
734 4734 908 4786 oculus
946 4732 1013 4786 de
1039 4732 1149 4787 vite
1194 4732 1262 4786 ρι’
1277 4732 1344 4787 de
1386 4732 1670 4789 arboribus
1717 4735 1917 4791 usitate

385 4813 573 4857 Icnltlr.

385 4806 573 4857 icnlnr.

418 4872 445 4911 ι)
476 4871 633 4934 Ειιὶιί,
666 4888 879 4941 quorum
909 4871 1027 4925 alia:
1052 4872 1190 4925 lenes
1211 4880 1262 4927 et
1299 4872 1498 4937 nitidw,
1528 4874 1791 4928 nonnulla:
1822 4891 1931 4931 no-.

346 4945 487 4997 dosa:
525 4952 571 4994 et
610 4958 827 5009 asperas,
858 4942 976 4995 alia:
1014 4943 1288 5011 simplices,
1332 4952 1529 4997 ειειενω
1550 4944 1704 4997 etiam
1744 4946 1919 4999 multis

345 5021 595 5066 conserta:
613 5011 945 5064 cundiribns:
976 5026 1094 5079 qua:
1119 5012 1379 5079 scriptura
1409 5014 1454 5067 si
1475 5014 1560 5067 cui
1590 5014 1819 5082 placent,
1844 5015 1918 5067 le-

347 5092 437 5151 gat
465 5089 681 5147 oportet
707 5096 945 5151 quarunt,
964 5096 1086 5151 cum
1107 5081 1366 5150 scriptum
1386 5084 1455 5135 sit
1474 5081 1613 5146 alite,
1628 5084 1914 5147 nonnullos,

347 5161 452 5205 etc.
486 5150 701 5218 Antiqui
721 5150 828 5203 duo
859 5150 996 5214 libri,
1028 5152 1160 5204 utin
1206 5159 1479 5206 contextu.
1520 5152 1721 5208 ibidem
1763 5152 1915 5211 Colb.

347 5221 629 5291 secundus,
660 5230 709 5272 et
730 5220 863 5291 quod
890 5222 1053 5291 magis
1080 5221 1330 5274 mirabile.

422 5239 629 5284 :nnuus,
660 5239 709 5272 ει
764 5239 862 5273 υοα
890 5239 1053 5291 magis
1080 5239 1330 5274 mzraoue.

422 5301 444 5329 ο
476 5289 618 5344 Editi
646 5298 704 5362 et
725 5239 1135 5362 (qlolb.primus,
1166 5292 1319 5362 pinus
1358 5292 1705 5362 glandiferam
1743 5298 1917 5346 trans-

350 5362 595 5414 formnnt.
628 5360 776 5414 Alter
788 5360 976 5431 _Colb.,
1003 5363 1154 5431 pinus
1183 5361 1237 5413 in
1258 5360 1437 5414 uentus
1475 5360 1831 5431 grandiferum
1860 5378 1916 5416 se

350 5432 744 5498 trnnsformnnl.
776 5428 955 5503 gotlex
986 5428 1189 5494 noster,
1221 5432 1372 5503 pinus
1408 5428 1832 5503 iit—glandiferam
1861 5448 1916 5503 se

351 5503 742 5570 transformnnt.
777 5499 1002 5570 Dubium
1028 5514 1133 5553 non
1164 5509 1245 5551 est
1281 5502 1406 5567 quin
1435 5499 1537 5567 legi
1564 5499 1811 5570 oporteat
1840 5502 1915 5555 uti

347 5571 401 5622 in
430 5568 583 5624 Cll“).
614 5569 849 5624 secundo
877 5570 1132 5638 scriptum
1162 5578 1217 5623 et
1248 5570 1543 5624 invenimus
1593 5568 1646 5624 et
1702 5571 1913 5624 notavi-

353 5655 497 5703 mus;
529 5640 570 5692 si
602 5649 779 5693 tamen
808 5656 907 5708 pro
930 5640 1282 5709 grandiferum
1310 5656 1372 5693 ex
1405 5641 1522 5694 aliis
1552 5641 1824 5696 codicibus
1846 5642 1917 5695 lev

348 5722 536 5776 gamus
558 5710 919 5778 glandiferam.

2022 4596 2318 4672 qualitates.
2378 4593 2522 4672 Libri
2551 4601 2781 4672 veteres
2805 4607 3115 4672 ,_pomorunt
3155 4590 3471 4670 qualitates;
3499 4603 3601 4672 nec

2022 4658 2290 4735 putandus
2327 4671 2409 4718 est
2427 4662 2760 4735 Eustathius
2790 4658 2946 4735 aliter
2983 4658 3260 4735 scripsisse
3308 4678 3324 4709 :
3360 4658 3466 4735 _qni
3515 4664 3599 4731 ta:

2022 4728 2147 4789 inen
2214 4748 2369 4788 secus
2424 4731 2763 4799 interpretari
2836 4731 3315 4799 debuisset,_cum
3350 4728 3603 4799 legamus

2023 4806 2166 4874 apud
2210 4802 2481 4874 Basiliam,
2512 4796 2611 4874 τῷν
2640 4809 2832 4874 φυτῶν.
2865 4800 3130 4874 arborum.
3160 4797 3399 4855 Subinde
3443 4796 3599 4859 Colb.

2021 4871 2305 4943 secundus,
2330 4871 2613 4943 spiritualis
2634 4871 2796 4943 potest
2817 4871 3062 4943 omnium.

2098 4955 2120 4982 θ
2149 4942 2310 5006 Editl,
2330 4938 2451 5013 q'ut'n
2498 4938 2673 4996 etiam.
2703 4938 3065 4996 Veteres'duo
3094 4938 3236 5008 libri,
3263 4939 3351 5011 qui
3397 4939 3554 4999 etiam
3576 4953 3595 4992 :

2022 5012 2239 5085 Gange,
2260 5012 2374 5085 ᾳῖγὲί
2391 5015 2492 5085 καί..

2100 5082 2119 5121 ί
2154 5077 2377 5146 Εάἰιὶ,”εἱ
2396 5082 2533 5135 enim
2570 5080 2763 5139 rideres
2784 5079 3082 5150 quempiam
3101 5078 3166 5133 de
3192 5079 3447 5150 gentibus.
3481 5077 3592 5150 An-

2026 5154 2157 5223 tiqui
2186 5154 2292 5207 duo
2332 5152 2453 5223 libri
2483 5152 2558 5205 uti
2589 5152 2641 5206 in
2680 5147 2941 5207 contextu
2983 5148 3087 5223 legi
3129 5147 3328 5223 potest.
3370 5148 3480 5223 Nec
3520 5147 3593 5200 ita

2024 5218 2194 5277 multo
2216 5230 2337 5291 post
2376 5222 2526 5284 edit.,
2557 5228 2790 5277 mutuata
2830 5218 3143 5275 secundum.
3184 5219 3254 5274 At
3293 5218 3462 5273 nostri
3492 5225 3602 5271 tres

2024 5308 2178 5359 ωδε..
2209 5299 2441 5345 mutuata
2466 5291 2757 5362 fecundum.

2099 5372 2123 5409 ε
2152 5356 2290 5416 Libri
2347 5356 2593 5424 veteres,
2641 5362 2940 5415 ἀετοί-ιαμ..
2974 5360 3218 5432 defensa.
3239 5356 3354 5412 Hoc
3401 5357 3518 5432 ipso
3546 5357 3607 5410 in“

2027 5431 2148 5486 loco
2178 5432 2327 5491 editi.
2362 5440 2731 5501 tegmculorum
2783 5426 3051 5501 prwsidioi
3105 5428 3259 5484 Colb.
3306 5426 3597 5493 secundus,

2020 5511 2443 5573 tegumentorum.

2102 5570 2127 5606 ιι
2157 5571 2307 5624 (Iolb.
2340 5586 2413 5623 set
2433 5571 2626 5637 undus,
2657 5572 2859 5626 tenuior
2886 5578 2981 5627 est.

2103 5639 2116 5677 ί
2157 5639 2315 5706 Erilli,
2341 5635 2773 5711 comprehendere
2813 5647 3046 5693 cunctas.
3074 5636 3293 5706 Antiqui
3323 5635 3428 5693 duo
3458 5636 3599 5709 libri,

2017 5721 2221 5764 cuncta.
