3964 6198
397 261 496 321 929

1849 251 2211 310 EUSTATHII

3576 250 3675 310 9’20

416 391 537 437 nter
577 395 634 435 se
665 377 965 434 diﬂ'erezttia
993 378 1115 450 quis
1161 373 1361 446 poterit
1404 370 1714 442 explicare?
1752 369 1867 427 Alia
1895 379 1983 424 est
2016 377 2063 435 Α
2091 370 2287 442 faciens
2320 371 2559 438 fructum.
2612 365 2735 421 Mox
2771 373 2829 421 nt
2869 372 3195 437 prmceptum
3224 373 3305 422 est
3333 363 3682 436 datum,qu

399 472 541 525 enim
573 480 598 507 ει
643 470 877 541 lacryma
930 467 1099 524 schini
1120 509 1137 535 ,
1166 464 1301 521 alius
1330 464 1553 521 balsami
1599 477 1814 526 succus,
1848 460 1986 515 alius

370 568 375 577 λ
399 559 560 614 etiam
584 559 650 613 de
680 556 946 630 Egyptiis
988 556 1308 627 Libycisque
1337 553 1520 609 ferulis
1550 551 1718 608 sudor
1743 558 1982 609 emanat.

399 648 567 703 Fama
598 657 679 703 est
706 664 920 719 quoque
950 646 1092 718 quod
1139 646 1396 705 electrum
1440 644 1675 715 lacrymn
1704 642 1774 697 sit
1801 640 1989 710 cujus-

403 739 525 794 dam
555 739 702 810 ligni,
737 756 887 794 more
916 738 1110 808 lapidis
1138 738 1424 793 obdurato.
1456 735 1620 804 Cujus
1645 734 1726 794 rei
1754 734 1994 792 testimo-

405 828 494 886 nio
523 839 647 885 sunt
674 829 895 895 surculi,
928 829 1015 883 vel
1046 828 1297 883 musculae
1322 841 1521 921 parvae,
1552 839 1672 894 quae
1703 822 1992 879 considen-

406 929 488 977 tes
517 922 570 976 in
603 920 788 975 electri
820 919 1087 973 manantis
1113 934 1295 982 succo,
1324 914 1452 972 cum
1496 915 1772 985 gelarctur
1820 914 1992 968 haese—

407 1020 551 1067 runt.
578 1010 647 1064 Et
668 1010 893 1065 omnino
922 1009 989 1065 de
1018 1024 1204 1064 eorum
1231 1007 1603 1081 qualitatibus,
1627 1006 1729 1061 nisi
1775 1005 1868 1075 qui
1896 1019 1995 1059 ex-

406 1102 668 1185 periendo
691 1101 885 1156 doctus
914 1099 1095 1164 fuerit,
1116 1098 1331 1169 plenam
1349 1098 1613 1155 rationem
1631 1095 1874 1167 proferre
1890 1111 1999 1150 non

409 1194 613 1265 poterit
639 1210 652 1246 :
684 1190 964 1262 quomodo
992 1192 1184 1250 iterum
1215 1207 1282 1246 ex
1311 1190 1426 1262 ipso
1450 1190 1698 1256 humore,
1726 1188 1851 1243 vitis
1878 1187 1999 1258 qui-

415 1282 537 1337 dem
564 1283 748 1338 vinum
779 1290 1022 1352 generat,
1052 1282 1169 1337 olea
1211 1281 1410 1337 oleum.
1441 1280 1509 1335 Et
1538 1296 1646 1336 non
1693 1280 1866 1335 solum
1896 1280 2000 1333 hoc

411 1374 661 1429 mirabile
687 1382 791 1442 est,
819 1374 946 1444 quia
970 1372 1145 1428 dulcis
1167 1373 1276 1441 hic,
1307 1379 1361 1428 et
1392 1372 1464 1426 ibi
1490 1371 1703 1441 pinguis
1730 1369 1958 1427 eﬂicitur
1983 1387 1997 1422 :

412 1464 510 1520 sed
534 1465 679 1534 quod
704 1464 755 1519 in
786 1464 913 1533 ipsis
943 1463 1205 1524 fructibus
1234 1462 1516 1537 multiplex
1544 1460 1842 1527 admodum,
1861 1459 1887 1499 ι)
1910 1475 2001 1515 sa—

415 1555 564 1625 poris
595 1554 892 1609 mutatione
920 1554 1339 1609 demonstratur.
1366 1553 1479 1608 Alia
1506 1562 1590 1608 est
1609 1552 1752 1608 enim
1771 1551 2003 1607 dulcedi-

413 1646 497 1700 nis
518 1645 750 1715 qualitas
779 1644 831 1701 in
863 1640 987 1710 uva,
1013 1645 1117 1698 alia
1158 1646 1209 1699 in
1241 1645 1403 1710 malo,
1436 1645 1541 1699 alia
1570 1645 1623 1698 in
1650 1642 1785 1709 ﬁcu,
1813 1644 1916 1697 alia
1948 1644 2002 1696 in

2095 457 2357 517 tuentium
2405 457 2690 513 arboribus
2738 457 3007 512 comantia
3059 457 3505 521 crebrescebant,
3550 457 3685 512 horti

2058 600 2070 611 .
2094 549 2454 605 cernebantur
2473 547 2694 614 exculti,
2717 547 2847 618 ripae
2876 546 3148 603 ﬂuminum
3170 548 3403 604 diversis
3425 545 3688 601 frondium

2093 639 2381 709 generibus
2424 639 2794 709 replebantur.
2846 638 3084 707 Quarum
3133 640 3377 709 qumdam
3423 638 3691 708 disposita:
3732 632 3735 637 ’

2093 738 2220 786 sunt
2253 745 2469 787 mensas
2510 746 2777 786 exornare
2823 730 3157 795 mortalium,
3191 730 3466 785 nonnulla:
3505 730 3689 800 pabula

2094 825 2338 897 praebere
2368 823 2681 895 pecudibus,
2713 824 2831 878 alia:
2871 823 3175 879 medicandi
3204 824 3393 879 usibus
3435 833 3461 861 ε
3504 832 3693 893 aptaa-

2097 926 2212 983 tur;
2243 924 2319 982 et,
2356 925 2417 971 ut
2452 918 2680 987 carptim
2712 916 2911 982 dicam,
2953 931 3290 987 qutccunqtte
3330 917 3497 971 nobis
3534 931 3693 985 cxpe-

2097 1008 2291 1063 rientia
2317 1022 2498 1063 rerum
2527 1007 2777 1063 diuturna
2805 1008 3094 1076 congessit,
3126 1008 3365 1076 undique
3394 1007 3693 1062 necessarii

2099 1100 2377 1168 colligens,
2406 1099 2523 1155 huic
2550 1099 2888 1155 velocissime
2908 1099 3239 1169 dispensatio
3265 1098 3609 1158 Conditoris,
3635 1098 3697 1151 ab

2099 1191 2255 1247 initio
2293 1188 2470 1245 futura
2508 1190 2843 1260 prospiciens
2881 1190 3129 1258 generari
3170 1188 3485 1244 constituit.
3515 1186 3620 1243 Sed
3647 1197 3696 1241 tu

2103 1297 2226 1338 cum
2264 1281 2461 1337 videris
2503 1280 2820 1347 domestica,
2868 1281 3134 1336 silvestria
3173 1289 3417 1345 terrena,
3464 1279 3696 1347 aquaria,

2105 1373 2291 1439 ﬂorea,
2324 1372 2589 1442 majorem
2623 1387 2952 1441 recognosce
2995 1388 3093 1444 per
3137 1373 3388 1440 minima,
3422 1372 3502 1426 ita
3531 1378 3698 1427 tamen

2107 1471 2166 1520 ut
2193 1463 2537 1520 admirationi
2584 1465 2817 1535 proprias
2855 1464 3199 1521 dilectionem
3242 1463 3535 1520 Creatoris
3577 1462 3702 1529 adji-

2104 1556 2236 1621 cias,
2267 1555 2588 1626 inquirendo
2618 1554 3073 1624 quemadmodum
3103 1564 3252 1611 certa
3280 1555 3563 1624 lignorum
3590 1552 3701 1608 facit

2106 1661 2320 1718 semper
2343 1661 2465 1702 esse
2490 1646 2740 1712 virentia,
2771 1646 3030 1701 nonnulla
3056 1660 3176 1715 qua:
3205 1645 3491 1701 nudantur
3515 1643 3703 1714 hyber-

414 1737 648 1808 dactylo.
680 1735 823 1792 Volo
852 1751 874 1774 υ
902 1737 1083 1805 itaque
1106 1744 1160 1791 te
1187 1736 1362 1792 adhuc
1389 1736 1495 1791 hoc
1516 1736 1847 1792 enucleatius
1872 1750 2002 1791 exa-
2037 1743 2081 1802 Β
2110 1754 2202 1802 no,
2232 1745 2290 1792 et
2315 1752 2502 1793 rursus
2528 1751 2716 1792 eorum
2744 1752 2865 1806 qua:
2893 1730 3108 1808 semper
3133 1723 3360 1792 virentia
3387 1743 3542 1801 sunt,
3564 1749 3702 1805 quae-

416 1830 623 1885 minare
653 1829 959 1898 negotium;
983 1828 1257 1899 quomodo
1287 1829 1550 1883 labiorum
1573 1829 1774 1892 sensui,
1804 1830 2004 1897 gustui-

416 1935 525 1990 que
553 1920 945 1990 placidissimus
973 1919 1186 1973 videtur
1211 1920 1429 1987 humor,
1453 1936 1577 1975 cum
1608 1920 1661 1993 in
1687 1919 2005 1991 quibusdam

418 2011 597 2081 pomis
651 2010 814 2069 allata
867 2010 1182 2069 maturitate
1234 2009 1608 2075 dulcescit,.in
1636 2011 1755 2067 aliis
1783 2011 2008 2071 acerbus

419 2103 652 2159 habetur
676 2111 734 2160 et
755 2102 947 2163 anxius
975 2118 1097 2159 cum
1127 2102 1347 2161 acescit.
1366 2100 1664 2160 Contristat
1684 2111 1865 2159 autem
1887 2118 2010 2160 sen-

419 2212 539 2253 sum
568 2211 667 2267 per
694 2195 1105 2254 amaritudinem
1134 2194 1355 2249 nimiam
1378 2236 1392 2260 ,
1427 2211 1548 2252 cum
1569 2211 1628 2252 se
1649 2196 1702 2253 in
1724 2196 2010 2269 absynthio

418 2286 508 2342 vel
558 2286 612 2344 in
663 2286 936 2343 scamonia
966 2284 1255 2339 diﬂ'uderit.
1286 2283 1346 2341 ln
1387 2286 1607 2355 quernis
1660 2302 1809 2353 vero,
1840 2288 1927 2342 vel
1958 2287 2013 2347 in

419 2377 635 2433 corneis
657 2377 849 2446 pomis,
870 2376 1118 2447 stipticus
1138 2385 1194 2432 et
1222 2376 1389 2434 durus
1405 2377 1665 2445 efficitur;
1696 2380 1751 2435 in
1777 2380 2015 2436 terebin-

422 2467 519 2522 tho
548 2475 730 2523 autem
756 2467 841 2523 vel
863 2481 1018 2536 nuce,
1050 2466 1268 2523 mollem
1293 2470 1483 2543 recipit
1504 2470 1863 2547 pinguemque
1895 2474 2018 2535 sub.

424 2563 703 2622 stantiam.

503 2655 555 2709 9.
585 2654 692 2709 Sed
724 2669 822 2714 cur
851 2651 874 2690 δ
909 2654 1202 2727 longinqua
1229 2655 1610 2728 prosequimur
1632 2698 1648 2724 ,
1679 2671 1803 2712 cum
1833 2656 1885 2710 in
1915 2670 2021 2711 una

436 2743 734 2817 eademque
759 2745 878 2812 licu,
893 2747 1056 2801 modo
1077 2748 1444 2803 amarissimus
1458 2749 1529 2804 sit
1550 2747 1744 2803 humor
1763 2747 1817 2802 in
1838 2763 2019 2828 succo,

2106 1829 2230 1884 dam
2249 1827 2428 1883 solent
2446 1827 2571 1883 folia
2594 1836 2803 1883 mutare
2825 1829 3073 1893 latenter,
3096 1835 3156 1882 ut
3177 1843 3277 1899 per
3294 1828 3406 1883 hoc
3434 1841 3701 1895 nunquam

2107 1918 2317 1990 possint
2352 1918 2586 1988 propriis
2627 1917 2907 1974 frondibus
2945 1919 3184 1989 spoliari,
3213 1920 3353 1975 sicut
3392 1917 3415 1957 τ
3459 1927 3548 1974 est
3574 1918 3704 1973 oliva

2109 2008 2197 2064 vel
2225 2008 2416 2080 pinus;
2440 2009 2546 2064 alia
2573 2009 2918 2080 sempiternis
2937 2011 3121 2065 induta
3144 2010 3282 2067 foliis
3304 2025 3429 2066 esse
3452 2010 3703 2081 prmcipit,

2111 2107 2172 2160 ut
2212 2100 2464 2170 palmam,
2494 2100 2690 2169 quibus
2717 2115 2786 2156 ex
2825 2100 3104 2171 principali
3144 2101 3548 2170 geminatione
3586 2115 3704 2171 per-

2112 2192 2282 2261 ceptis
2317 2206 2487 2260 usque
2527 2190 2595 2246 ad
2637 2199 2944 2247 extremum
2974 2192 3135 2246 linem
3167 2192 3408 2248 creditur
3437 2208 3562 2248 esse
3582 2207 3704 2248 cou-

2114 2290 2280 2341 tenta.
2309 2281 2441 2339 Illud
2464 2297 2680 2353 quoque
2700 2282 3002 2347 considera,
3026 2283 3298 2352 quomodo
3320 2284 3494 2339 arbor
3513 2299 3578 2339 ea
3597 2296 3705 2353 qua

2115 2376 2320 2447 myrice
2344 2377 2672 2440 nominatur,
2702 2376 2851 2432 velut
2878 2377 3113 2446 ambigui
3141 2376 3355 2446 generis
3378 2384 3489 2441 est,
3520 2377 3704 2448 quippe

2116 2486 2238 2543 quae
2268 2486 2374 2527 non
2403 2471 2582 2529 minus
2608 2470 2743 2527 locis
2772 2462 3162 2525 lthmidioribus
3198 2485 3359 2540 quam
3394 2469 3704 2525 siccioribus

2119 2562 2439 2618 delectatur.
2475 2560 2701 2632 Propter
2727 2560 2873 2631 quod
2902 2560 3201 2617 Hieremias
3230 2560 3378 2633 (xvii,
3412 2560 3508 2632 16)
3539 2575 3702 2616 mores

2120 2654 2301 2709 varios
2316 2660 2372 2709 et
2390 2652 2677 2709 mutabiles
2695 2653 2820 2708 huic
2839 2652 3069 2723 virgulto
3085 2652 3375 2722 prudenter
3392 2655 3698 2723 aequiperat.

2193 2744 2280 2800 10.
2314 2742 2579 2801 Geminei
2602 2753 2762 2802 terra.
2787 2719 2955 2813 igitur
2978 2719 3143 2814 parva
3172 2744 3272 2799 ista
3299 2719 3591 2815 praeceptio
3613 2758 3700 2799 co-

431 2835 597 2891 modo
625 2835 966 2891 dulcissimus
994 2837 1047 2891 in
1086 2837 1291 2905 fructu,
1332 2838 1386 2893 in
1422 2840 1529 2894 vite
1564 2847 1745 2894 autem
1774 2840 1844 2892 sit.
1871 2853 2025 2894 acer-
2123 2837 2200 2908 git
2227 2851 2349 2892 eam
2386 2836 2528 2891 vires
2559 2835 2806 2907 proprias
2834 2845 2859 2882 κ
2888 2843 3117 2904 quanta.
3152 2835 3334 2898 habet,
3365 2836 3586 2906 singulis
3609 2851 3700 2888 ana

431 2925 532 2981 bus
569 2940 688 2980 cum
731 2926 1012 2994 germinat,
1045 2929 1224 2982 suavis
1252 2929 1306 2982 iu
1350 2945 1451 2983 uva
1495 2931 1744 2984 matura?
1771 2927 2025 2984 Colorum
2125 2946 2318 2986 norum
2363 2928 2642 2985 curriculis
2681 2927 2748 2981 ad
2787 2925 3176 2985 infamandam
3202 2941 3372 2995 genus
3400 2928 3696 2993 herbarum,

432 3031 651 3090 quoque
704 3024 934 3084 quantas
971 3018 1118 3072 dicas
1172 3033 1291 3073 esse
1344 3018 1742 3074 discretioncs?
1786 3018 2027 3088 Denique
2125 3019 2391 3075 seminum
2435 3020 2807 3088 lignorumque
2843 3017 3161 3087 producere.
3211 3017 3345 3073 Nam
3382 3019 3524 3075 Sicut
3555 3017 3695 3073 turbo

430 3108 729 3178 siquando
770 3108 935 3165 ﬂorea
978 3125 1105 3169 rura
1149 3112 1483 3181 respexeris,
1530 3111 1734 3168 videbis
1777 3110 2101 3173 eumdem-(2
2132 3113 2340 3182 pineus,
2371 3111 2482 3167 ictu
2510 3110 2705 3181 prioris
2732 3110 2971 3166 verberis
2999 3110 3271 3175 incitatus,
3303 3113 3541 3168 curvatis
3580 3126 3695 3181 spa-

423 3199 729 3267 liqunrem,
786 3199 1059 3269 quomodo
1114 3202 1372 3272 puniceas
1419 3203 1635 3273 quidem
1682 3203 1914 3259 habetur
1968 3205 2022 3260 in

428 3294 534 3349 hoc
581 3292 744 3361 ﬂore,
791 3311 1091 3366 purpureus
1136 3305 1315 3353 autem
1365 3297 1444 3353 vel
1480 3297 1776 3361 candidus,
1808 3298 1892 3351 vel
1922 3298 2051 3353 au-'

429 3399 584 3440 rosus
611 3386 666 3443 in
718 3386 843 3452 alio,
890 3385 1256 3456 maioremque
1302 3404 1490 3444 rursus
1536 3387 1719 3446 odoris
1765 3388 2022 3449 differen-

428 3475 581 3545 tiam,
611 3492 773 3552 quant
803 3478 999 3535 coloris
1044 3480 1298 3539 ostendit.
1348 3480 1456 3536 Sed
1503 3480 1615 3551 jam
1668 3480 1845 3539 sentio
1889 3481 2021 3539 mihi

429 3582 733 3625 sermonem
765 3570 817 3623 in
846 3570 1103 3625 immensa
1138 3572 1312 3641 spatia
1341 3560 1814 3641 contemplationis
1841 3570 2018 3628 avidi-

431 3668 542 3715 tate
596 3675 932 3731 proscrpere.
987 3658 1158 3727 Quem
1210 3661 1314 3722 nisi
1361 3663 1601 3721 vinctum
1662 3662 1730 3717 ad
1782 3662 2019 3721 necessi-

432 3758 599 3805 tatem
627 3759 888 3809 creaturae
931 3750 1215 3820 redegero,
1251 3752 1367 3808 dies
1392 3767 1481 3808 me
1515 3751 1759 3823 profecto
1786 3750 2018 3819 deﬁciet,

432 3844 769 3913 magniﬁcam
798 3844 951 3903 vobis
975 3846 1318 3916 sapientiam,
1341 3861 1410 3901 ex
1444 3846 1710 3903 minorum
1736 3860 2022 3916 compara-

433 3937 582 3993 tione
619 3935 961 4006 pandentem.
995 3934 1256 3997 Germinet
1287 3946 1424 3997 terra
1462 3936 1659 4008 lignum
1703 3937 2022 4008 fructuosum

506 4073 532 4101 ι
554 4062 718 4136 Editi,
732 4064 979 4136 ilacryma
1000 4065 1150 4120 acini.
1177 4063 1362 4124 Codex
1389 4073 1595 4132 noster,
1622 4068 1806 4125 schini.
1829 4066 2015 4125 Graece

435 4133 1097 4217 apudnlliasilium'axtgou.
1146 4207 1177 4217 Δ.
1312 4182 1313 4185 η

508 4204 533 4244 δ
563 4203 725 4281 Editi,
756 4203 965 4281 soporis
987 4207 1294 4281 imitatione.
1344 4206 1501 4281 Colb.
1542 4208 1777 4279 primus,
1808 4210 2014 4281 saporis

432 4276 736 4348 mutatione.
769 4275 923 4348 Colb.
972 4279 1273 4345 secundus,
1320 4279 1523 4348 saporis
1544 4275 1822 4345 'mutatio;
1854 4275 1910 4337 et
1938 4282 2010 4334 ita

435 4345 728 4419 quequejtt
758 4346 926 4400 veteri
956 4357 1140 4403 nostro
1171 4347 1307 4402 libro
1336 4345 1595 4419 scriptum
1621 4359 1703 4405 est
1732 4366 1894 4404 manu
1928 4366 2014 4405 sc-

434 4412 629 4470 cunila.
652 4412 855 4480 Graece,
878 4420 908 4474 ii
933 4419 1234 4480 παραλλαγή
1254 4426 1343 4480 τῆς
1372 4412 1663 4480 ποῖότητος.

2126 3206 2216 3261 tiis
2258 3219 2421 3277 gyros
2467 3194 2701 3275 explicat
2743 3212 3038 3269 tortuosos,
3081 3212 3350 3274 acutoque
3397 3204 3695 3260 fundamine

2125 3296 2297 3353 semel
2321 3294 2530 3351 deﬁxus
2555 3296 2846 3366 semetipso
2871 3295 3178 3351 circumfert
3202 3313 3216 3362 ;
3248 3296 3319 3350 ita
3345 3306 3553 3351 naturae
3573 3295 3694 3349 ratio

2124 3405 2194 3444 ex
2223 3388 2401 3458 priore
2420 3386 2515 3443 Dei
2545 3388 2799 3442 mandato
2825 3387 3015 3442 sortita
3040 3387 3380 3458 principium,
3414 3404 3512 3458 per
3548 3400 3693 3443 omne

2124 3480 2316 3534 transit
2333 3494 2528 3546 :evum,
2557 3478 2730 3534 donec
2757 3478 2826 3532 ad
2853 3492 3192 3534 communem
3216 3480 3501 3534 terminum
3532 3478 3692 3533 linem-

2077 3636 2088 3643 _
2127 3586 2232 3641 que
2267 3571 2563 3643 perveniat.
2602 3571 2683 3625 Ad
2721 3585 2881 3640 quem
2912 3586 3012 3626 nos
3040 3579 3252 3641 quoque
3281 3572 3544 3625 bonorum
3574 3587 3692 3640 ope—

2127 3681 2246 3720 rum
2274 3665 2464 3736 repleti
2495 3665 2752 3719 fructibus
2791 3679 3158 3735 properemus,
3190 3671 3248 3718 ut
3277 3665 3500 3735 plantati
3532 3666 3582 3719 in
3608 3663 3689 3716 do-

2128 3772 2218 3812 mo
2248 3756 2481 3821 Domin‘i,
2502 3755 2789 3811 ﬂoreamus
2809 3755 2862 3809 in
2884 3755 3004 3810 aula
3027 3755 3121 3810 Dei
3147 3755 3389 3826 piissimi,
3416 3756 3466 3811 in
3495 3754 3689 3810 Christo

2126 3845 2273 3913 Jesu,
2295 3847 2379 3902 cui
2408 3848 2575 3916 gioria
2602 3851 2657 3901 et
2681 3847 2856 3902 honor
2875 3847 2944 3902 sit
2967 3862 3206 3917 semper,
3232 3855 3290 3902 et
3317 3846 3369 3903 in
3395 3848 3585 3903 saecula
3606 3859 3691 3900 sa:-

2127 3938 2391 3995 culorum.
2418 3937 2606 3993 Amen.

2193 4080 2217 4146 ξ’
2249 4069 2400 4146 Golb.
2445 4068 2733 4146 secundus,
2765 4070 2959 4146 usibus,
2980 4073 3313 4146 aptabqntnr.
3361 4074 3614 4146 Sequitur
3644 4071 3691 4146 in

2117 4141 2364 4213 vulgatis,
2396 4142 2533 4213 quia,
2564 4153 2622 4195 ut
2661 4144 2880 4213 carptim
2908 4141 3096 4197 dicam.
3141 4144 3211 4197 At
3242 4146 3294 4198 in
3323 4141 3534 4203 duobus
3561 4143 3693 4199 libris

2116 4212 2390 4282 veteribus
2410 4212 2673 4282 Scriptum
2705 4212 3005 4282 invenimus
3034 4215 3107 4268 ita
3131 4222 3190 4268 ut
3217 4215 3503 4271 edidimus.

2193 4279 2212 4319 ί
2245 4279 2379 4353 ριυιι
2404 4290 2481 4335 est
2509 4279 2583 4353 ἐξ
2606 4280 2839 4353 antiquis
2866 4283 3076 4338 duobus
3100 4285 3249 4340 libris
3271 4287 3467 4341 addere
3496 4288 3654 4342 libuit.

2188 4359 2214 4398 8
2241 4349 2385 4431 βαξμί
2405 4350 2700 4431 cumgolb.
2727 4349 2925 4431 prii-no,
2946 4365 3167 4425 quantas
3196 4356 3366 4431 hribet,
3390 4358 3694 4431 singulorum

2115 4423 2405 4483 curriculis.
2438 4423 2686 4492 pessime.
2730 4423 2913 4479 Codex
2951 4423 3135 4480 noster
3151 4434 3209 4481 et
3233 4424 3388 4481 Cnlb.
3418 4423 3691 4489 secttndus,

511 4495 546 4579 ξε
810 4475 917 4543 duo
937 4475 1077 4555 libri,
1108 4475 1413 4560 volo—itaque
1438 4498 1506 4544 te.
1538 4475 1670 4549 illud
1698 4497 1748 4543 te
1778 4490 1831 4544 in
1856 4488 2015 4544 editis
2049 4519 2096 4579 υ
2118 4500 2340 4579 quantas
2384 4475 2554 4577 inibi};
2596 4475 2841 4579 singulis.
2857 4475 3123 4579 ingenti};
3483 4475 3692 4579 “eiii-i1

435 4553 789 4612 desideratur.

435 4623 724 4773 Wfqﬁiiti,
754 4626 1029 4701 longinque
1052 4630 1430 4700 prosequimur.
1463 4629 1608 4686 Libri
1636 4639 1867 4693 veteres,
1901 4630 2018 4685 lon-

2123 4565 2230 4639 a_a9‘
2254 4566 2471 4639 igitng
2495 4564 2638 4623 ἔτους
2665 4564 2915 4639 περὶξᾷον,
2942 4564 3143 4639 Ibidem
3174 4567 3323 4636 editi,
3352 4569 3421 4621 ad
3441 4571 3693 4639 inﬁrman-

2123 4632 2267 4689 dum.
2302 4631 2446 4689 Libri
2469 4642 2700 4695 veteres,
2731 4631 2803 4686 uti
2825 4635 3265 4705 informandum.‘

452 4830 2394 4858 .___._______.________________________________

1456 4896 1935 5009 LIBER
2003 4902 2677 5013 SEXTUS.

508 5063 561 5118 l.
605 5061 995 5121 Athleticorum
1022 5067 1381 5145 certaminum
1420 5076 1775 5139 spectatores,
1807 5077 2023 5140 oportet

435 5154 808 5213 dimicantium
841 5156 1161 5213 valetudinis
1186 5173 1307 5214 esse
1335 5167 1633 5224 consortes,
1664 5158 1808 5228 quod
1838 5161 1905 5214 ab
1927 5159 2036 5215 edi-

436 5246 645 5301 toribus
691 5242 941 5301 ludorum
993 5245 1292 5303 lustralium
1344 5248 1500 5304 facile
1551 5249 1890 5320 probabitur,
1937 5238 2028 5321 qui

435 5343 790 5407 congregatos
827 5337 881 5392 in
926 5337 1100 5393 stadio
1145 5341 1347 5395 nudato
1391 5342 1567 5411 capite
1604 5341 1793 5398 sedere
1838 5344 2028 5412 praeci-

438 5429 608 5502 piunt.
640 5427 952 5501 Propterea,
978 5438 1035 5484 ut
1057 5430 1183 5485 mihi
1205 5431 1434 5495 videtur,
1467 5448 1536 5488 ne
1565 5449 1672 5495 non
1702 5434 1875 5490 solum
1900 5450 2026 5506 spc-

437 5532 611 5580 ctator
664 5523 877 5578 intersit
929 5524 1327 5595 unusquisque,
1384 5524 1479 5579 sed
1532 5527 1696 5581 etiam
1752 5528 2028 5600 particeps

2128 5069 2342 5125 sudoris
2369 5071 2585 5125 existat.
2625 5070 2703 5125 Ita
2742 5072 2993 5128 videlicet
3023 5073 3373 5128 maximorum
3418 5083 3577 5145 atque
3614 5089 3697 5129 cx-

2133 5162 2441 5218 cellentium
2488 5162 2917 5232 spectaculorum
2968 5164 3341 5237 qumsitorem,
3392 5174 3448 5219 et
3495 5177 3698 5219 summa!

2131 5255 2407 5327 sapientia:
2429 5263 2591 5325 atque
2614 5254 2895 5311 ineﬂ'abilis
2916 5255 3219 5312 auditorem
3241 5258 3497 5312 convenit
3522 5255 3698 5312 afferre

2131 5349 2377 5420 proprias
2412 5365 2600 5405 causas
2644 5349 2711 5404 ad
2750 5351 3260 5422 contemplationem
3298 5352 3374 5407 rei
3401 5352 3694 5422 prOpOSlL't‘.

2131 5457 2448 5512 mecumque
2480 5454 2502 5479 υ·
2532 5444 2720 5513 partiri
2762 5443 2958 5500 laboris
2987 5460 3142 5506 onus,
3173 5454 3234 5499 ut
3258 5444 3476 5515 poterit,
3507 5443 3696 5499 Surdum

2130 5547 2190 5589 se
2230 5533 2398 5602 magis
2425 5534 2691 5591 arbitrans
2729 5543 2909 5593 astare
2954 5551 3114 5606 quam
3150 5534 3417 5605 judicem;
3469 5552 3537 5590 ne
3572 5533 3697 5589 forte

516 5684 538 5716 ⁸
562 5681 702 5740 Editi
732 5698 785 5742 ct
810 5686 916 5742 duo
946 5702 1094 5743 mss..
1129 5687 1312 5757 partiri
1341 5686 1532 5741 laboris
1569 5687 1739 5755 huius,
1773 5697 1825 5741 nt
1864 5692 2069 5760 poterit.
2100 5690 2252 5747 Colb.
2282 5690 2569 5759 secundus,
2594 5693 2777 5761 partiri
2807 5691 2996 5747 laboris
3018 5707 3164 5757 onus,
3195 5698 3249 5743 ut
3268 5692 3484 5757 poterit.
