3964 6178
253 255 351 311 θρι

1247 253 1642 310 ΠΕΧΜΞΜΕΙΠ
1681 254 2161 318 METAPllllASlS
2199 261 2403 318 LIBER
2439 262 2528 318 Vl.

3400 263 3503 320 99.2!

252 369 425 427 lateat
455 383 558 426 nos
591 368 834 424 veritatis
870 367 1122 431 inventio,
1153 376 1209 423 et
1242 383 1363 424 mea
1402 368 1556 440 culpa
1583 366 1675 422 fiat
1701 384 1822 424 cum
1852 376 1899 433 Α
1929 379 2036 428 tem
2066 376 2362 444 transgredi
2385 393 2491 432 non
2520 377 2719 446 queat?
2741 374 2914 431 Decor
2935 384 3112 431 autem
3142 384 3342 432 natura:
3366 378 3507 433 velut

253 460 591 519 auditoribus
625 473 911 515 commune
938 457 1293 528 dispendium.
1340 458 1579 525 Quorsus
1613 460 1724 514 haec
1750 459 1834 513 ali-

256 553 464 609 xcrim?
485 552 620 618 Quia
664 550 913 605 videlicet
945 551 1220 621 proposita
1256 550 1408 605 nobis
1437 558 1521 605 est
1547 550 1836 620 disputatio

252 644 326 700 de
353 642 539 698 mundi
565 641 979 711 compositione,
1025 657 1132 696 non
1179 656 1246 696 ex
1284 641 1525 696 saeculari
1573 642 1835 712 sapientia

254 742 415 790 nacta
442 732 782 803 principium,
811 731 903 786 sed
928 746 993 787 ex
1012 732 1205 800 quibus
1229 730 1481 786 famulum
1510 747 1663 786 suum
1689 730 1839 803 Moy-

254 837 353 879 sen
398 821 653 876 Dominus
691 819 872 875 docuit
908 819 960 872 in
1005 820 1202 888 specie,
1238 836 1343 874 non
1375 836 1470 890 per
1503 819 1723 889 figuram
1752 821 1830 875 lo-

254 920 416 967 eutus
448 910 513 964 ad
541 924 683 964 eum.
727 908 870 978 Ergo
901 923 1118 964 necesse
1157 917 1239 963 est
1269 911 1618 964 maximarum
1658 925 1838 964 rerum

254 1000 679 1056 studiosissimos
701 1006 1052 1068 spectatores,
1081 1008 1106 1035 ι
1132 1014 1237 1052 non
1263 999 1613 1054 inexercitato
1636 999 1834 1064 animo,

246 1072 642 1160 lquiestionibus
666 1090 921 1144 interesse
949 1089 1319 1159 praesentibus.
1343 1088 1524 1157 Itaque
1550 1090 1595 1143 si
1625 1090 1838 1158 quando

255 1182 357 1237 sub
377 1181 667 1235 serenitate
689 1188 966 1243 nocturna,
998 1178 1319 1234 ineffabilem
1347 1180 1582 1235 siderum
1607 1181 1839 1250 pulchri-

257 1270 498 1325 tudinem
527 1269 555 1307 ιθ
584 1269 960 1339 desuspexisti,
992 1269 1154 1325 credo
1194 1278 1247 1324 te
1290 1278 1504 1339 captum
1548 1270 1616 1326 de
1660 1286 1837 1327 rerum

255 1361 498 1417 omnium
541 1360 819 1416 conditore
859 1360 1134 1430 qumsisse,
1156 1362 1277 1430 quis
1319 1359 1536 1417 ﬂoribus
1576 1362 1837 1431 ejusmodi

256 1450 456 1507 caelum
485 1451 790 1515 variaverit,
819 1459 875 1505 et
911 1452 1181 1520 quomodo
1224 1453 1276 1507 in
1315 1452 1379 1507 iis
1406 1468 1525 1523 qum
1551 1463 1841 1509 cernuntur

257 1540 434 1610 major
468 1540 826 1595 delectatione
868 1541 1128 1611 probatur
1161 1542 1380 1608 utilitas,
1417 1544 1653 1613 itemque
1680 1544 1725 1599 si
1755 1546 1837 1600 in-

258 1630 455 1695 terdiu,
487 1631 664 1685 sobria
709 1640 893 1686 mente
930 1631 1241 1697 discutiens,
1272 1633 1624 1689 considerasti
1651 1635 1837 1690 diurna

1938 466 2127 519 oculus
2148 465 2365 534 quidam
2396 466 2709 536 perspicuus
2746 474 3117 521 ornamentum
3161 467 3355 539 mundo
3382 483 3507 536 per—

1937 556 2102 610 hibet.
2136 555 2191 610 Si
2222 557 2535 611 insatiabilis
2560 564 2644 612 est
2681 555 2797 625 ejus
2824 557 3081 625 aspectio,
3111 557 3284 626 qualis
3312 558 3365 611 in
3389 558 3508 628 pul-

1938 647 2238 701 chritudine
2266 648 2344 701 sol
2366 647 2639 716 putabitur
2659 662 2775 701 esse
2793 646 3046 716 justitize?
3068 646 3122 701 Si
3145 663 3285 703 σεεεο
3301 649 3507 715 jactura

1938 748 2022 791 est
2061 739 2199 792 hunc
2248 754 2352 791 non
2403 740 2593 802 visere,
2631 747 2887 806 quantum
2931 738 3263 808 dispendium
3312 759 3355 810 μ.
3382 744 3508 793 t‘tnr

1938 838 2208 899 peccator,
2237 846 2359 884 vera
2389 830 2505 884 luce
2532 828 2841 883 fraudatus?

2009 920 2063 973 Ξ.
2096 918 2164 971 Et
2192 919 2321 972 di.:it
2361 918 2500 972 Deus
2531 935 2547 971 :
2579 917 2739 973 Fiant
2767 918 3044 971 luminaria
3089 919 3141 971 in
3188 919 3513 988 ﬁrmamento

1939 1009 2050 1062 εαξιὲ
2079 1009 2147 1061 ad
2174 1009 2568 1062 illuminandam
2611 1018 2818 1065 terram,
2862 1018 2912 1061 et
2950 1008 3179 1061 dividant
3221 1010 3353 1062 inter
3379 1009 3514 1065 diem

1939 1108 1989 1152 et
2022 1109 2239 1153 noctem.
2273 1099 2479 1153 Corium
2508 1098 2711 1151 scilicet
2738 1105 2794 1151 et
2823 1106 2960 1151 terra
2992 1108 3392 1166 praecesserant,
3424 1100 3514 1156 lux

1939 1203 2100 1260 super
2123 1189 2203 1243 his
2227 1189 2341 1257 jam
2372 1187 2544 1243 fuerat
2564 1188 2836 1253 fabricata,
2864 1188 2978 1242 dies
2998 1204 3028 1241 a
3053 1196 3207 1243 nocte
3234 1189 3515 1257 discretus,

1939 1278 2085 1333 arida
2104 1277 2213 1347 jam
2243 1277 2477 1332 revelata
2501 1286 2636 1341 erat,
2661 1293 2795 1347 aqua
2818 1287 3135 1345 congregata
3160 1278 3211 1332 in
3232 1280 3513 1333 stationem

1939 1369 2039 1424 sibi
2084 1369 2425 1439 deputatam,
2473 1376 2612 1421 terra
2660 1368 2769 1423 suis
2820 1376 2935 1422 erat
2982 1367 3237 1422 fructibus
3279 1369 3511 1438 repleta;

1939 1460 2136 1530 quippe
2163 1474 2283 1528 quae
2314 1467 2392 1513 tot
2417 1458 2704 1513 herbarum
2733 1457 2895 1511 millia
2925 1458 3314 1525 germinaverat
3343 1466 3398 1512 et
3419 1473 3515 1512 va-

1940 1551 2033 1603 riis
2054 1550 2352 1619 plantarum
2381 1547 2665 1615 generibus
2692 1546 2993 1600 abundabat
3029 1564 3041 1598 ε
3072 1547 3153 1601 sol
3180 1553 3357 1600 autem
3386 1561 3516 1602 nec-

1944 1639 2069 1694 dum
2097 1647 2213 1694 erat
2238 1646 2291 1694 et
2319 1638 2465 1704 luna,
2495 1652 2563 1691 ne
2600 1636 2896 1706 principem
2928 1635 3169 1697 videlicet
3207 1644 3517 1705 patremque

260 1729 286 1760 ε
318 1719 597 1784 miracula,
625 1734 722 1789 per
748 1719 1143 1791 visibiliumque
1170 1723 1454 1790 rationem,
1476 1740 1599 1779 eum
1622 1726 1711 1793 qui
1740 1725 1836 1780 ha—
1866 1724 1913 1783 B
1939 1729 2150 1783 luminis
2177 1743 2299 1783 eum
2326 1734 2602 1790 vocarent,
2631 1726 2716 1781 vel
2744 1733 3020 1781 auctorem
3049 1741 3080 1779 e
3119 1732 3257 1779 terra
3287 1740 3512 1781 nascen-

258 1811 419 1865 betur
458 1809 739 1864 invisibilis
768 1812 1046 1880 reputasti,
1077 1812 1299 1867 omnino
1343 1822 1622 1884 promptus
1650 1816 1717 1869 ad
1745 1832 1841 1871 au-

260 1897 514 1956 diendum
544 1899 758 1966 venisti,
790 1899 1006 1968 dignum
1037 1908 1090 1955 te
1117 1900 1498 1958 demonstrans
1527 1905 1840 1961 celebritate

260 1987 474 2043 honesti
500 1987 656 2057 hujus
677 1989 929 2058 beatique
953 1991 1260 2058 spectaculi.
1288 1990 1627 2063 Quapropter
1649 1993 1840 2050 faciam

261 2080 410 2151 quod
437 2080 611 2136 solent
630 2082 683 2136 hi
709 2082 800 2150 qui
826 2081 1035 2137 urbium
1056 2084 1388 2152 peregrinos,
1412 2101 1570 2140 manu
1594 2102 1841 2157 compre-

264 2172 486 2240 hensos,
517 2170 544 2209 ἀ
575 2172 641 2227 ad
675 2172 935 2228 destinata
977 2175 1296 2244 perducunt,
1326 2176 1376 2230 id
1414 2184 1513 2244 est,
1554 2186 1612 2232 ut
1644 2194 1741 2233 vos
1774 2179 1844 2234 ad

263 2263 474 2319 occulta
515 2263 767 2318 miracula
796 2264 1039 2318 maxima:
1063 2264 1220 2334 hujus
1248 2266 1494 2334 civitatis,
1528 2276 1715 2338 utpote
1746 2285 1843 2325 ne-

265 2356 411 2414 scios
438 2354 793 2410 introducam.
827 2354 882 2408 lu
905 2356 1008 2411 hac
1038 2356 1199 2424 igitur
1226 2358 1357 2412 urbe
1382 2359 1483 2413 sita
1512 2367 1597 2415 est
1626 2361 1843 2430 antiqua

265 2447 441 2518 patria
467 2455 670 2512 nostra,
694 2461 759 2500 ex
779 2460 883 2515 qua
910 2462 1010 2500 nos
1038 2448 1273 2502 traduxit
1292 2448 1556 2503 homicida
1578 2449 1841 2515 diabolus,

266 2541 382 2594 suis
429 2523 747 2594 sollicitatos
783 2538 1067 2594 illecebris.
1110 2539 1208 2595 Hic
1247 2542 1584 2611 conspiciens
1618 2543 1845 2613 primam

269 2630 508 2688 hominis
534 2631 957 2699 generationem,
986 2638 1040 2686 et
1083 2639 1309 2688 mortem
1337 2647 1456 2707 quae
1488 2650 1587 2688 nos
1622 2634 1847 2689 subinde

272 2732 299 2760 ε
324 2731 509 2778 secuta
538 2729 640 2787 est,
671 2735 832 2790 quam
877 2721 1088 2791 peperit
1116 2731 1417 2792 peccatum,
1446 2724 1588 2794 quod
1619 2734 1701 2781 est
1741 2725 1846 2794 pri-

268 2814 604 2884 mogenitum
628 2815 820 2869 vetusti
850 2813 1103 2869 daemonis
1128 2827 1376 2883 germen;
1410 2816 1480 2871 ibi
1508 2818 1848 2886 recognoscis

269 2908 568 2973 hominem,
616 2914 804 2961 natura
842 2905 1055 2976 quidem
1087 2915 1379 2975 terrenum,
1418 2908 1512 2963 sed
1562 2924 1696 2978 opus
1730 2924 1850 2965 esse

269 3013 528 3052 manuum
577 2996 904 3060 divinarum;
951 2995 1269 3051 valetudine
1297 2998 1523 3052 multum
1567 2999 1851 3067 pecoribus

1944 1812 2237 1891 tium,'qui
2288 1820 2456 1874 Deum
2508 1818 2771 1882 nesciunt,
2817 1808 3182 1886 opinarentur.
3231 1814 3518 1884 Propterea

1941 1919 2135 1979 quarto
2163 1910 2248 1964 die
2274 1909 2405 1963 dixit
2430 1927 2443 1960 :
2471 1906 2631 1962 Fiant
2661 1907 2955 1969 luminaria,
2980 1913 3029 1958 et
3059 1914 3084 1948 κ
3109 1906 3229 1975 [erit
3258 1903 3392 1958 Deus
3420 1904 3520 1960 duo

1942 2002 2239 2055 luminaria.
2272 1998 2400 2066 Quis
2437 1998 2727 2068 praecepit?
2753 1995 2883 2063 Quis
2910 1996 3196 2050 obsecutus
3222 1996 3344 2050 est?
3383 1995 3520 2050 Num

1942 2093 2248 2148 consideras
2279 2093 2328 2146 in
2360 2092 2441 2146 his
2465 2090 2877 2158 duplicationem
2908 2088 3295 2157 personarum?
3323 2087 3519 2157 ubique

1944 2182 2106 2250 igitur
2142 2182 2332 2250 dogma
2364 2180 2586 2235 Deitatis
2621 2178 2843 2249 mystica
2880 2176 3185 2231 narratione
3214 2184 3519 2231 consertum

1945 2281 2029 2329 est
2054 2273 2308 2337 historiae,
2341 2286 2607 2340 causaque
2634 2276 2831 2339 praesto
2857 2277 2938 2323 est
2966 2268 3315 2324 creandorum
3358 2268 3518 2323 lumi-

1946 2367 2217 2420 uariorum
2248 2363 2317 2417 ad
2359 2361 2722 2417 illustrandam
2759 2370 2967 2413 terram.
3010 2358 3288 2425 Quomodo
3315 2371 3445 2427 ergo
3472 2359 3518 2413 si

1946 2456 2037 2510 lux
2063 2463 2442 2518 antecesserat,
2473 2467 2614 2506 nunc
2641 2451 2710 2503 ad
2736 2451 3163 2504 illuminatianem
3205 2448 3285 2502 sol
3325 2446 3519 2503 dicitur

1946 2546 2303 2603 constitutus?
2325 2543 2504 2598 Primo
2532 2542 2745 2612 quidem
2778 2541 3039 2595 sermonis
3064 2540 3235 2594 nostri
3261 2538 3518 2609 simplici-

1948 2646 2031 2693 tas
2050 2636 2248 2691 nullum
2281 2634 2375 2689 tibi
2404 2634 2567 2687 risum
2594 2638 2823 2694 moveat,
2849 2631 2892 2683 si
2922 2629 3176 2685 facundiae
3204 2636 3393 2684 vestra:
3411 2644 3518 2683 non

1948 2727 2259 2784 affectamus
2287 2723 2626 2792 elegantiam,
2662 2736 2759 2776 nec
2796 2719 3210 2788 compositiones
3250 2719 3522 2788 sequimur

1950 2819 2326 2876 clausularum.
2367 2815 2482 2870 Non
2525 2814 2666 2868 enim
2710 2811 3081 2867 consuevimus
3122 2810 3403 2863 verborum
3441 2809 3522 2862 in-

1950 2921 2261 2975 structurus,
2288 2908 2372 2963 vol
2408 2905 2729 2976 euphoniam
2770 2901 3218 2974 pronuntiationis
3246 2901 3521 2965 esculere;

1952 3003 2047 3060 sed
2078 3004 2354 3057 honestam
2384 2997 2827 3067 significationem
2864 2994 3136 3047 nominum
3167 2979 3360 3059 ubique
3385 2990 3524 3046 duci-

270 3086 620 3154 deteriorem,
650 3084 745 3140 sed
774 3085 1122 3139 animantium
1157 3086 1673 3156 inanimatorumque
1702 3089 1848 3157 prin-
1874 3091 1916 3149 C
1951 3108 2069 3147 mus
2096 3089 2122 3129 ιι
2153 3087 2586 3160 praeponendam.
2630 3084 2862 3139 Adverte
2907 3082 3089 3152 itaque
3123 3081 3391 3152 quomodo
3431 3096 3524 3151 per

269 3176 449 3246 cipem
483 3175 859 3241 constitutum;
900 3175 1270 3231 instrumentis
1316 3176 1644 3231 naturalibus
1680 3178 1848 3232 imbe-

271 3267 474 3330 cillem,
499 3267 594 3322 sed
623 3265 689 3320 ad
716 3265 909 3322 ccelum
941 3267 1111 3336 ipsum
1141 3281 1245 3337 ope
1273 3268 1498 3322 rationis
1526 3269 1744 3323 elatum.
1790 3269 1847 3324 Si

271 3358 391 3414 haec
415 3357 779 3425 didicerimus,
808 3373 907 3413 nos
951 3356 1165 3427 quidem
1209 3359 1353 3428 ipsos
1381 3373 1847 3427 recognoscemus,

272 3448 443 3505 Deum
482 3449 902 3516 reminiscemur,
947 3449 1291 3506 Conditorem
1338 3450 1697 3515 adorabimus,
1741 3451 1848 3506 Do—

272 3541 423 3595 mino
441 3540 755 3605 serviemus,
778 3548 984 3610 patrem
1000 3538 1432 3609 glorificabimus,
1455 3540 1849 3597 benefactorem

272 3633 658 3698 revercbimur,
700 3640 970 3687 auctorem
997 3633 1120 3688 vita:
1159 3640 1352 3688 nostrze
1380 3633 1656 3704 pnesentis
1681 3641 1737 3688 et
1765 3633 1850 3687 fu-

274 3728 410 3777 tune
442 3738 547 3778 non
577 3722 903 3778 cessabimus
928 3723 1194 3788 venerari,
1225 3723 1315 3793 qui
1343 3737 1441 3792 per
1468 3738 1560 3778 eas
1588 3737 1719 3792 quas
1747 3722 1847 3777 lar-

274 3813 419 3881 gitus
441 3821 524 3867 est
546 3814 698 3867 nobis
727 3812 959 3878 divitias,
993 3814 1153 3868 etiam
1179 3828 1361 3867 earum
1391 3812 1546 3867 fidem
1576 3828 1708 3881 quas
1733 3829 1848 3883 pro

273 3905 423 3958 misit
450 3909 703 3967 ostentat,
738 3911 794 3958 et
826 3904 916 3973 qui
957 3904 1324 3974 experimento
1365 3904 1727 3975 mentium,
1762 3905 1851 3961 illa

273 4007 491 4064 quoque
519 4006 637 4061 qua:
664 4002 950 4061 sperantur
976 3994 1224 4049 allirmat.
1262 3993 1316 4048 Si
1358 3996 1500 4051 enim
1540 3998 1851 4065 temporalia

270 4091 400 4139 sunt
438 4082 724 4150 ejusmodi,
754 4084 931 4152 qualia
978 4086 1335 4154 sempiterna?
1375 4083 1431 4139 Si
1474 4086 1700 4140 visibilia
1743 4094 1852 4141 tam

268 4174 434 4237 bona,
465 4172 638 4242 qualia
676 4187 794 4241 quae
832 4190 939 4229 non
970 4173 1252 4228 videntur?
1290 4171 1347 4227 Si
1387 4173 1507 4229 coeli
1545 4174 1853 4242 magnitudo

269 4277 581 4317 mensuram
618 4263 867 4318 humanae
912 4264 1109 4319 mentis
1149 4262 1378 4326 excedit,
1411 4265 1531 4334 quis
1572 4265 1854 4333 sempiter-

269 4367 466 4407 norum
497 4360 741 4407 naturam
775 4352 1003 4409 sufﬁciat
1039 4354 1341 4409 aestimare?
1381 4353 1439 4409 Si
1473 4353 1492 4393 ί
1522 4357 1853 4425 corruptioni

1949 3192 2196 3238 naturam
2225 3179 2551 3235 sufficienter
2586 3174 2730 3245 quod
2754 3174 2948 3235 voluit.
2979 3173 3307 3227 declaravit:
3340 3186 3437 3241 pro
3463 3172 3524 3226 il-

1949 3274 2288 3328 luminatione
2323 3268 2466 3323 enim
2509 3264 2789 3319 luminaria
2839 3262 3100 3326 nominat,
3149 3261 3293 3329 quod
3345 3262 3526 3331 utique

1949 3379 2056 3418 non
2090 3367 2350 3431 repugnat
2378 3357 2460 3412 his
2487 3370 2605 3425 quze
2641 3353 2708 3408 de
2756 3354 2876 3407 luce
2928 3350 3176 3421 priedicta
3205 3359 3346 3405 sunt.
3379 3350 3527 3407 Tunc

1950 3453 2093 3508 enim
2122 3458 2311 3504 natura
2337 3446 2551 3501 luminis
2580 3452 2663 3499 est
2690 3442 2979 3513 producta;
3011 3454 3153 3494 nunc
3180 3447 3357 3493 autem
3385 3440 3502 3495 sola

1950 3557 2078 3597 num
2108 3552 2305 3608 corpus
2333 3535 2578 3591 etl'ectnm
2606 3540 2709 3600 est,
2744 3545 2852 3601 quo
2879 3526 3209 3597 superfertur
3250 3525 3380 3580 illud
3417 3526 3527 3595 pri.

1951 3630 2279 3701 mogenilnm
2308 3622 2692 3685 lnmen..Sieut
2732 3620 2876 3675 enim
2916 3616 3058 3671 aliud
3086 3623 3170 3672 est
3198 3615 3351 3684 ignis,
3383 3614 3526 3670 aliud

1951 3720 2190 3785 lucerna,
2217 3730 2447 3787 quorum
2469 3728 2633 3768 unum
2654 3706 2948 3766 illustrandi
2970 3706 3076 3761 vim
3103 3705 3359 3775 possidet,
3384 3703 3527 3758 aliud

1951 3809 2283 3866 ministrandi
2314 3820 2475 3863 causa
2504 3803 2735 3867 luminis,
2782 3800 2867 3854 his
2905 3797 2998 3867 qui
3038 3795 3156 3866 ejus
3185 3794 3421 3863 indigent
3445 3800 3527 3848 est

1950 3900 2266 3965 formatum;
2295 3898 2371 3955 sic
2393 3904 2449 3952 et
2471 3893 2834 3951 mundissima:
2849 3891 2921 3946 illi
2949 3896 3005 3945 et
3026 3886 3396 3944 sincerissima:
3422 3884 3528 3942 luci

1951 4010 2050 4065 pro
2072 3977 2327 4047 vehiculis
2352 3978 2672 4059 quihusdam
2702 3985 2977 4040 luminaria
3001 3984 3100 4038 ista
3125 3974 3362 4048 subjecta
3382 3985 3526 4046 sunt,

1952 4085 2079 4141 licet
2127 4081 2416 4152 Apostolus
2463 4079 2627 4150 (Phil.
2686 4094 2743 4134 ιι.
2796 4073 2883 4144 15)
2933 4073 3191 4142 quosdam
3248 4070 3526 4125 luminaria

1952 4174 2135 4230 mundi
2162 4172 2419 4226 nominat.
2451 4169 2561 4225 Sed
2588 4169 2690 4223 alia
2718 4174 2802 4221 est
2828 4180 2954 4220 vera
2984 4164 3072 4219 lux
3109 4161 3312 4227 mundi,
3341 4175 3406 4215 ex
3434 4175 3528 4217 cu-

1948 4265 2037 4336 jus
2067 4262 2423 4319 transfusioue
2444 4259 2657 4317 lustrati
2682 4257 2870 4322 sancti,
2898 4253 3180 4308 luminaria
3204 4252 3401 4307 ﬂebant
3422 4251 3529 4305 ani-

1953 4355 2144 4411 mabus
2171 4352 2275 4418 his,
2303 4365 2437 4421 quas
2462 4350 2740 4404 veritatem
2769 4346 3046 4410 docentes,
3075 4342 3142 4398 de
3177 4340 3412 4396 tenebris
3438 4355 3530 4395 eas

267 4444 353 4499 sol
381 4443 669 4511 obnoxius,
698 4452 808 4498 tam
850 4445 1023 4500 bonus
1064 4452 1118 4500 et
1161 4459 1385 4513 magnus
1415 4457 1519 4514 est,
1548 4447 1846 4504 mobilitate
1872 4446 1921 4507 D
1951 4446 2263 4517 ignorantia:
2307 4444 2626 4499 liberabant.
2671 4438 2763 4495 Sic
2805 4446 2861 4493 et
2906 4436 2989 4492 sol
3036 4436 3135 4491 iste
3179 4432 3398 4489 visibilis
3440 4432 3530 4489 illo

268 4536 450 4600 velox,
480 4535 809 4591 discursibus
845 4535 1146 4603 ordinatus,
1183 4535 1390 4591 habens
1418 4552 1706 4606 congruam
1733 4554 1852 4594 am-

268 4629 608 4700 plitudincm,
637 4644 742 4699 qua
768 4636 1022 4684 statutam
1049 4629 1210 4684 rebus
1236 4628 1481 4685 omnibus
1504 4629 1849 4686 mediocrita-

275 4828 288 4840 .
342 4766 369 4795 ⁸
401 4757 619 4840 Antiqui
654 4758 762 4814 duo
808 4758 929 4815 libri
974 4766 1030 4815 et
1071 4758 1220 4825 editi,
1253 4759 1644 4815 inexercitatos.
1683 4762 1850 4832 Alius,

270 4830 632 4883 inexercitata.

344 4895 371 4934 δ
407 4896 626 4970 Veteres
646 4898 766 4970 _duo
794 4898 916 4954 libri
960 4908 1015 4957 et
1053 4900 1201 4965 editi,
1243 4900 1676 4970 pulchritudinem
1706 4902 1857 4956 desu-

269 4966 508 5041 spea'isti.
542 4968 609 5021 At
625 4967 810 5041 ‘Colb._
835 4970 1119 5033 secundus,
1163 4966 1381 5038 desuper
1417 4972 1686 5041 aspexisti.
1722 4972 1854 5027 Ver-

271 5036 754 5110 bum_desuspiccre
792 5037 1037 5110 Latinum
1070 5056 1176 5110 non
1205 5036 1325 5094 esse
1352 5042 1465 5110 scio
1480 5036 1738 5110 quidem;
1762 5042 1856 5096 sed

274 5104 456 5178 nescio
485 5113 665 5161 tamen
692 5110 962 5176 quomodo
989 5109 1274 5178 legendum
1303 5110 1390 5163 sit.
1415 5104 1548 5165 Cum
1578 5104 1855 5166 enim'Eu-

270 5175 504 5251 stathius
538 5191 681 5251 sepe
716 5175 1100 5251 utaturAverhis
1131 5195 1235 5233 non
1264 5178 1491 5251 Latinis,
1523 5186 1575 5232 et
1607 5179 1692 5235 hic
1719 5196 1857 5251 quo-

270 5260 379 5317 que
407 5245 667 5322 ejusmodi
695 5249 860 5322 verbo
882 5248 1114 5322 fortasse
1139 5263 1266 5303 usus
1293 5257 1393 5303 est.
1429 5248 1595 5317 Leget
1629 5245 1857 5322 quisque

273 5317 548 5386 quomodo
575 5320 743 5386 magis
771 5319 975 5374 libebit.

348 5385 638 5460 tf_liidi_t_ijet
671 5385 824 5444 Coll).
872 5391 1095 5460 primus,
1124 5390 1369 5444 diuturna
1406 5389 1673 5444 miracula.
1707 5390 1857 5445 Alter

274 5454 452 5519 Coih.,
475 5456 653 5510 divina
673 5454 940 5513 miracuia.
971 5461 1135 5515 Vetus
1164 5468 1346 5517 noster
1370 5460 1524 5527 liber,
1548 5460 1735 5514 diurna
1757 5461 1855 5514 mi~

277 5526 573 5601 raculrtaet
607 5527 680 5583 ita
710 5530 812 5599 legi
853 5538 1107 5599 oportere
1140 5539 1291 5601 patet
1319 5546 1387 5586 ex
1423 5528 1640 5596 Griecis,
1668 5535 1731 5587 τὰ
1765 5542 1857 5593 τῆς

279 5599 479 5667 ἑμὲρᾳί
494 5599 752 5667 θαύματα.

350 5665 379 5703 σι’
409 5665 568 5723 Editi.
592 5665 661 5722 ad
694 5668 946 5723 destinata
972 5670 1279 5745 producunt.
1304 5671 1437 5726 idem
1465 5680 1520 5725 ut
1549 5687 1641 5726 nos
1664 5672 1733 5726 ad
1762 5687 1851 5725 oc-

1953 4536 2234 4612 principali
2265 4534 2471 4605 fulgore
2500 4534 2799 4587 ﬂammatus
2826 4530 3021 4584 elucet.

2029 4629 2081 4684 3.
2115 4627 2191 4683 Et
2215 4627 2346 4682 nulli
2365 4625 2613 4681 videatur
2634 4619 2960 4685 incredibile,
2977 4615 3119 4687 quod
3139 4615 3369 4670 diximus
3390 4612 3531 4668 aliud

1918 4824 1925 4829 ,
1960 4764 2121 4819 culta.
2149 4762 2297 4816 Libri
2318 4767 2530 4829 veteres
2557 4763 2617 4810 ut
2646 4756 2697 4829 in
2726 4760 2999 4810 contextu.

2036 4844 2059 4871 θ
2088 4832 2242 4887 Colb.
2274 4828 2558 4891 secundus,
2595 4826 2864 4879 subsecuta
2903 4831 2997 4876 est.
3034 4819 3155 4875 Mox
3182 4818 3271 4891 ubi
3296 4819 3348 4873 in
3379 4819 3533 4891 editis

1957 4904 2152 4973 legitur
2171 4899 2477 4973 valetudine,
2594 4895 2786 4973 etialiis
2797 4892 2937 4973 locis
2957 4891 3210 4973 srript‘urn
3239 4889 3535 4945 invenimus

1958 4958 2266 5041 iuuantiquis
2289 4969 2437 5041 libris
2454 4958 2763 5041 ⁸ὺηιὶιτιάὶηεν.
2797 4961 3032 5041 Subinde
3060 4958 3213 5025 editi,
3239 4975 3391 5021 auum
3412 4977 3534 5031 pro-

1957 5044 2118 5097 misit.
2153 5030 3030 5110 Noster'codex,_quasprautisit."
3071 5100 3105 5110 ﬂ
3363 5099 3374 5110 _
3414 5030 3419 5031 ⁷
3523 5097 3534 5110 ε

2033 5114 2053 5152 ί
2084 5110 2245 5174 Editi,
2276 5111 2319 5164 si
2348 5099 2663 5177 corruptioni
2689 5099 2961 5177 obnoxius.
2992 5100 3144 5177 _Colb.
3167 5099 3460 5177 secundus,
3492 5099 3535 5150 si

1960 5168 2277 5252 corruptioni
2306 5179 2384 5233 sol
2423 5168 2699 5252 orbnoxius,
2729 5175 2809 5252 ita
2832 5172 3134 5251 postulante
3160 5168 3349 5252 Grzceo
3383 5171 3530 5227 ηλιτις.

1965 5242 2252 5320 Aliquanto
2280 5257 2404 5319 post
2429 5247 2580 5320 Colb.
2601 5243 2898 5320 secundus,
2929 5242 3040 5320 ejus
3067 5246 3326 5320 aspectas:

2035 5303 2251 5385 s'Editi,
2283 5303 2405 5391 ξιιιία
2430 5318 2569 5389 fecit.
2601 5313 2822 5369 Veteres
2849 5303 2970 5368 duo'
2985 5303 3139 5378 non;
3151 5319 3200 5364 et
3229 5307 3367 5380 fecit.
3397 5303 3536 5359 om.

1962 5407 2045 5455 cc,
2072 5395 2156 5445 καὶ
2177 5392 2401 5448 ἐποίησε.
2734 5454 2739 5455 ν
2968 5452 2976 5455 Α
3016 5452 3019 5455 _

2036 5452 2058 5497 ιι
2088 5459 2247 5522 ΒΑΜ,
2278 5456 2682 5528 proponendum.
2715 5454 2783 5507 At
2812 5452 2994 5528 nostri
3016 5452 3126 5528 11:95
3154 5463 3303 5528 mss”
3337 5463 3539 5528 priapo:

1962 5531 2215 5594 nendum;
2235 5514 2303 5582 ἐὶ
2329 5514 2398 5582 itii
2436 5526 2538 5593 legi
2564 5526 2757 5579 debere
2789 5523 3024 5595 ostendit
3044 5514 3370 5595 pastinum}.
3407 5514 3534 5595 illud

1958 5588 2340 5674 προτιᾳὸέςρον.
2377 5588 2584 5652 Νριξὶιίι
2622 5594 2790 5650 multo
2818 5602 2938 5663 post
2964 5590 3116 5646 (ΞΟΠ).
3147 5588 3427 5651 secundus,
3456 5588 3535 5640 cui

1959 5672 2296 5735 superftrlu'r.
