3964 6178
427 305 531 359 923

1824 336 1827 339 -
1869 299 2237 356 EUSTATHI!

3604 301 3715 361 92d

428 436 546 477 esse
568 419 783 474 luminis
802 416 1164 487 splendorem,
1188 415 1330 471 aliud
1357 416 1656 484 subjectum
1686 417 1871 472 lumini
1893 434 2015 473 eor-
2048 427 2090 479 Α
2123 427 2233 473 tum
2263 416 2573 488 discrepare
2603 415 2817 472 videtur
2845 432 2875 470 a
2902 415 3059 484 luna;
3089 416 3235 487 quod
3262 416 3351 473 hic
3379 418 3598 487 quidem
3624 435 3715 475 su-

429 527 549 582 pus,
581 511 756 580 primo
788 510 913 578 quia
946 523 1068 577 qua:
1096 508 1391 576 composita
1418 517 1561 575 sunt,
1594 510 1645 563 in
1673 509 1809 565 duas
1831 516 2016 578 partes

431 603 757 663 dividuntur,
789 600 840 653 id
882 607 985 661 est,
1029 597 1083 651 in
1133 598 1412 657 materiam
1456 600 1826 670 receptriccm,
1865 608 1921 654 ct
1962 599 2017 653 in

433 707 550 747 eam
586 707 704 762 quae
747 691 846 745 sibi
875 688 1117 746 evenerit
1151 691 1485 757 qualitatem.
1529 691 1679 747 Sicut
1712 704 1843 759 ergo
1873 689 2019 745 aliud

433 796 514 842 est
537 786 793 841 naturalis
822 787 1045 857 candor,
1073 797 1127 843 ct
1154 788 1297 843 aliud
1320 788 1465 857 quod
1490 787 1764 843 candescit
1789 804 1801 839 :
1826 786 1903 841 sic
1930 786 2020 840 illa

434 892 551 945 quae
580 877 722 932 dicta
756 886 880 932 sunt
908 880 1107 934 distare
1137 896 1165 933 a
1196 895 1255 934 se
1288 879 1503 950 quidem
1534 888 1725 933 natura
1754 877 2019 942 videntur,

435 970 529 1024 sed
557 970 831 1025 Creatoris
870 971 1069 1026 virtute
1116 970 1401 1040 conjuncta
1448 980 1591 1025 sunt.
1631 969 1698 1023 Et
1737 986 1845 1024 non
1892 970 2023 1025 mihi

436 1060 585 1114 dicas
625 1061 954 1130 impossibile
991 1068 1076 1116 est
1115 1063 1229 1116 haec
1255 1072 1280 1099 ι
1311 1063 1379 1116 ab
1408 1062 1724 1117 alterutrum
1752 1062 2021 1131 separari;

439 1166 613 1219 neque
641 1152 783 1206 enim
814 1164 915 1219 ego
942 1152 1339 1221 separationem
1385 1152 1601 1207 luminis
1626 1168 1657 1206 a
1685 1152 1874 1207 solane
1903 1168 2026 1208 eor-

439 1253 571 1309 pore
612 1242 1151 1310 comprehensibilem
1188 1243 1320 1296 mihi
1363 1243 1566 1313 tibique
1609 1240 1891 1307 confirmo,
1931 1242 2027 1297 sed

440 1334 566 1402 quia
588 1334 742 1388 nobis
767 1334 1076 1404 opinatione
1097 1336 1210 1391 sola
1232 1336 1510 1391 divisibilis
1528 1336 1839 1391 testimatur.
1864 1334 2030 1391 Plane

443 1434 577 1479 nutu
618 1426 925 1482 Conditoris
954 1436 1180 1497 possunt
1213 1428 1325 1483 haec
1353 1444 1383 1482 a
1412 1438 1599 1483 natura
1633 1443 1730 1483 sua
1757 1427 1913 1484 facile
1940 1443 2031 1483 se-

442 1517 608 1586 jungi.
636 1516 878 1586 Denique
900 1520 1056 1574 nobis
1082 1520 1411 1590 impossibile
1437 1521 1653 1590 penitus
1680 1527 1762 1575 est
1783 1519 2031 1575 ardorem

444 1609 574 1663 solis
612 1623 642 1661 a
687 1608 974 1678 splendore
1002 1609 1329 1676 discernere,
1356 1612 1449 1666 sed
1479 1612 1621 1668 Deus
1647 1611 1833 1667 volens
1859 1612 2034 1665 famu-

445 1700 554 1753 lum
593 1715 748 1754 suum
796 1700 1021 1756 mirifica
1051 1702 1258 1757 visione
1286 1712 1625 1769 convertere,
1670 1706 1751 1760 sic
1786 1706 2037 1775 apposuit

2118 518 2359 579 sceptam
2405 510 2574 564 semel
2621 510 2945 579 insitamque
2987 510 3089 565 sibi
3138 510 3316 565 lucem
3357 511 3583 565 minime
3618 511 3711 567 de-

2118 603 2291 673 ponit,
2317 600 2419 687 ‘illa
2469 617 2598 656 vero
2645 602 2842 670 smpius
2886 609 3068 667 exuta,
3111 613 3136 640 ε
3177 604 3486 675 iterumque
3530 604 3718 661 induta

2121 694 2322 757 lumen,
2356 692 2512 748 facile
2553 694 2849 763 poteritex
2874 694 3124 749 acetiam
3159 708 3280 763 qum
3314 695 3385 750 de
3429 694 3548 750 sole
3575 694 3720 752 dicta

2123 792 2248 840 sunt
2293 784 2635 839 confirmare.
2688 783 2813 840 Hmc
2852 799 2983 854 ergo
3024 786 3309 842 luminaria
3342 795 3553 842 statuta
3600 795 3724 843 sunt

2124 876 2363 932 dividere
2402 878 2544 931 inter
2588 877 2730 932 diem
2773 885 2829 932 et
2875 886 3118 943 noctem,
3155 878 3175 917 τ
3212 896 3441 951 quorum
3474 887 3720 934 naturam

2127 977 2257 1024 tunc
2283 969 2351 1023 ab
2381 968 2592 1023 alterna
2622 968 3005 1023 contrarietate
3032 968 3297 1034 destituit,
3326 979 3385 1024 ut
3411 984 3540 1039 erga
3570 987 3633 1025 se
3656 971 3730 1024 ir-

2127 1059 2623 1131 reprehensibiliter
2668 1059 3016 1128 haberentur,
3062 1060 3317 1129 nullaque
3362 1062 3726 1117 communitas

2128 1149 2370 1204 tenebris
2397 1163 2519 1202 esse
2545 1148 2720 1217 possit
2746 1163 2869 1203 eum
2898 1149 3039 1205 luce.
3062 1150 3219 1215 Quod
3250 1159 3277 1197 8
3304 1151 3448 1206 enim
3491 1159 3577 1205 est
3607 1165 3722 1205 um-

2130 1242 2226 1295 bra
2252 1240 2504 1306 interdiu,
2527 1238 2637 1295 hoc
2658 1240 2955 1294 obscuritas
2978 1240 3211 1295 habetur
3238 1240 3291 1294 in
3317 1250 3497 1295 nocte.
3530 1239 3600 1294 Et
3624 1240 3727 1295 sic-

2131 1341 2191 1388 ut
2217 1333 2393 1388 omnis
2419 1331 2608 1386 umbra
2636 1331 2704 1386 de.
2732 1331 3049 1401 corporibus
3077 1332 3266 1387 lumini
3292 1332 3551 1401 subjectis
3573 1332 3731 1387 emit-

2133 1427 2283 1491 titur,
2325 1441 2487 1480 mane
2527 1424 2743 1494 quidem
2791 1424 3018 1480 tendens
3063 1424 3131 1480 ad
3178 1439 3452 1491 occasum,
3486 1440 3729 1495 vespere

2135 1532 2365 1587 vergens
2390 1518 2459 1572 ad
2485 1516 2781 1582 Orientem,
2812 1515 3125 1588 meridianis
3151 1531 3211 1571 se
3236 1516 3387 1570 horis
3420 1515 3489 1570 ad
3518 1524 3728 1584 partem

2137 1608 2532 1679 Septentrionis
2556 1607 2843 1675 inclinans,
2871 1622 2980 1663 nos
3020 1622 3237 1677 quoque
3266 1608 3400 1678 ipsa,
3428 1616 3731 1662 retrorsum

2138 1701 2273 1756 lucis
2317 1699 2482 1755 radiis
2518 1714 2835 1770 repercussa
2863 1697 3089 1754 secedit.
3120 1696 3286 1768 Cujus
3309 1698 3437 1767 quid
3473 1697 3620 1752 aliud
3650 1698 3729 1751 in-

447 1792 585 1847 rubo
615 1789 907 1858 flammam,
941 1801 1002 1848 ut
1033 1795 1206 1850 solam
1252 1795 1360 1851 vim
1398 1796 1732 1852 claritudinis
1770 1796 1907 1866 ejus,
1938 1796 2035 1852 de-
2070 1799 2112 1858 Β
2140 1791 2428 1863 telligenda
2455 1798 2646 1845 natura
2667 1796 2771 1858 est,
2792 1804 2954 1859 quam
2974 1788 3154 1844 mundi
3184 1788 3566 1844 obumbratio?
3584 1786 3734 1843 Sicut

457 1884 633 1954 posita
677 1884 999 1948 torriditate,
1032 1894 1376 1941 monstraret.
1418 1887 1568 1942 Sicut
1604 1895 1659 1943 et
1693 1888 1930 1958 psalmus
1961 1898 2040 1943 te-

453 1984 624 2029 statur
662 1976 845 2031 dicens
889 1994 902 2028 :
958 1976 1068 2031 V0.1:
1118 1977 1331 2032 Domini
1375 1980 1729 2034 intercidentis
1775 1981 2040 2049 ﬂammam

452 2069 586 2137 ignis
618 2066 790 2137 (Psal.
823 2083 1001 2132 xxvm,
1035 2068 1110 2141 7).
1145 2068 1294 2124 Unde
1321 2070 1484 2124 etiam
1514 2071 1568 2125 in
1598 2071 2042 2128 retributionibus

450 2158 765 2213 delictorum
794 2174 914 2227 qua:
960 2159 1012 2212 in
1054 2159 1166 2214 vita
1211 2161 1596 2226 contraximus,
1627 2163 1767 2219 ratio
1791 2164 2039 2234 quaedam

454 2263 554 2302 nos
582 2247 845 2302 secretior
870 2247 1031 2303 docet
1073 2249 1411 2318 partiendum
1441 2251 1577 2320 ignis
1603 2267 1722 2307 esse
1749 2260 1994 2307 naturam
2022 2271 2037 2308 :

454 2338 605 2405 cujus
633 2339 723 2391 lux
757 2338 822 2391 ad
866 2338 1243 2393 illuminandos
1280 2340 1626 2410 deputabitur
1656 2343 1850 2411 justos,
1882 2344 2046 2399 ardor

456 2440 636 2483 autem
661 2430 728 2483 ad
758 2432 1183 2486 coneremandos
1209 2431 1237 2470 δ
1259 2431 1505 2502 proficiet
1528 2442 1865 2503 peccatores.
1896 2434 2046 2489 Licet

454 2528 511 2575 et
538 2520 605 2574 de
633 2520 773 2574 lume
796 2536 1012 2590 quoque
1041 2524 1382 2592 passionibus
1411 2523 1564 2579 facile
1593 2540 1853 2594 queamus
1882 2525 2044 2580 ﬁdem

455 2625 652 2680 capere
683 2612 1050 2679 qumsitorum,
1082 2613 1403 2668 decrescens
1443 2615 1607 2679 enim,
1642 2631 1748 2670 non
1774 2623 1891 2671 toto
1920 2632 2044 2672 eor-

456 2715 589 2772 pore
635 2718 853 2771 prorsus
900 2704 1248 2773 expenditur;
1297 2706 1391 2760 sed
1442 2706 1697 2761 insertam
1731 2707 1832 2763 sibi
1871 2708 2045 2764 lucem

460 2793 625 2847 modo
657 2795 956 2862 deponens,
995 2786 1154 2849 modo
1184 2797 1468 2887 recipiens,
1500 2799 1859 2853 concretionis
1887 2807 1943 2853 et
1968 2799 2049 2853 di-

460 2885 772 2938 minutionis
799 2885 1030 2953 propriae
1051 2885 1315 2955 quasdam
1345 2888 1500 2942 nobis
1525 2890 1747 2943 exhibet
1773 2889 2044 2945 fantasias.

461 2976 593 3029 Nam
623 2976 747 3046 quia
778 2985 1093 3030 senescente
1123 2992 1185 3030 ea
1216 2978 1435 3053 minime
1477 2988 1647 3033 totum
1695 2994 1891 3051 corpus
1933 2982 2051 3051 ejus

462 3067 804 3135 expenditur,
840 3066 1147 3120 testimonio
1167 3076 1291 3121 sunt
1310 3083 1429 3138 quae
1451 3069 1698 3124 videntur
1722 3089 1734 3123 :
1760 3071 1883 3127 licet
1903 3072 2048 3127 enim

2141 1883 2284 1938 enim
2312 1880 2490 1937 lucido
2518 1880 2607 1936 die
2632 1888 2864 1936 stantem
2889 1878 3197 1949 quempiam
3234 1879 3335 1933 sub
3368 1893 3567 1933 aurora
3608 1877 3734 1932 solis

2139 1990 2267 2029 mox
2294 1973 2485 2029 umbra
2506 1972 2813 2037 comitatur,
2843 1970 2926 2026 sic
2952 1969 3273 2025 obumbrato
3302 1983 3428 2025 aere
3451 1969 3545 2037 qui
3576 1974 3734 2023 terrai

2140 2066 2417 2138 proximus
2446 2069 2551 2133 est,
2600 2078 2709 2119 nox
2748 2060 2999 2127 eﬂieitur,
3031 2067 3089 2116 et
3133 2061 3239 2116 hoc
3284 2068 3367 2115 est
3402 2058 3551 2129 quod
3584 2059 3731 2126 dicit,

2143 2156 2417 2228 Separauit
2438 2154 2577 2209 Deus
2604 2155 2737 2209 inter
2763 2151 2924 2207 lucem
2946 2161 2996 2207 et
3015 2151 3272 2208 tenebras.
3296 2150 3427 2206 Nam
3454 2149 3569 2206 fere
3589 2164 3731 2205 sem-

2141 2264 2241 2319 per
2268 2247 2570 2303 obscuritas
2594 2243 2790 2314 refugit
2817 2244 2952 2300 lucis
2980 2230 3520 2313 adventum,‘quippe
3540 2241 3734 2313 quibus

2144 2356 2212 2396 ex
2239 2340 2413 2410 prima
2440 2337 2788 2407 generatione
2813 2335 3069 2390 alienatio
3105 2335 3246 2389 inter
3275 2331 3301 2370 ιι
3330 2349 3390 2388 se
3418 2332 3734 2387 naturaliter

2146 2442 2227 2489 est
2248 2441 2451 2502 aptata.
2475 2430 2628 2485 Nune
2655 2437 2833 2484 autem
2864 2428 3033 2484 solem
3064 2427 3320 2498 praecepit
3347 2426 3520 2497 spatia
3545 2424 3731 2480 diurna

2145 2542 2422 2599 peragere,
2447 2528 2627 2581 lunam
2650 2539 2779 2580 vero
2809 2539 2931 2579 cum
2962 2523 3146 2579 orbem
3175 2538 3330 2578 suum
3358 2520 3726 2592 compleverit,

2146 2618 2557 2673 moderatricem
2606 2617 2779 2671 noctis
2819 2615 3010 2670 statuit
3042 2633 3055 2668 :
3092 2630 3192 2685 pro
3236 2621 3493 2684 certaque
3528 2611 3731 2667 dimen-

2147 2709 2299 2764 sione
2326 2709 2551 2764 invicem
2572 2707 2673 2763 sibi
2701 2708 2981 2762 luminaria
3006 2707 3104 2761 ista
3125 2707 3440 2761 succedunt.
3469 2704 3599 2759 Nam
3623 2705 3732 2760 sole

2149 2800 2493 2871 procedente,
2522 2799 2648 2852 luna
2680 2800 2724 2852 si
2754 2799 2914 2869 plena
2949 2806 3052 2863 est,
3094 2798 3277 2852 statim
3308 2798 3379 2852 du
3402 2799 3523 2851 °itur
3550 2796 3615 2849 ad
3641 2812 3732 2851 oc-

2149 2908 2354 2947 casum.
2388 2890 2593 2945 Rursus
2622 2899 2801 2947 autem
2832 2906 2954 2963 cum
2983 2890 3063 2946 sol
3095 2891 3275 2945 cursui
3304 2907 3403 2945 suo
3432 2900 3604 2945 metas
3637 2906 3733 2960 po-

2150 2985 2347 3051 suerit,
2387 2983 2503 3038 htec
2550 2983 2734 3053 incipit
2776 2984 2994 3038 exoriri.
3044 2981 3152 3038 Sed
3197 2984 3242 3038 si
3290 2983 3586 3039 secundum
3635 2984 3733 3037 alia

2151 3076 2423 3131 schemata
2453 3073 2672 3130 minime
2702 3068 2875 3147 spatio
2907 3075 3081 3129 noctis
3122 3075 3311 3129 lunare
3349 3074 3530 3129 lumen
3572 3075 3734 3143 arqui-

466 3160 560 3213 tibi
588 3174 714 3212 aere
744 3160 911 3212 libero
940 3159 1318 3228 nebulosisque
1344 3170 1560 3217 careizte
1589 3164 1898 3235 vaporibus,
1928 3181 2050 3235 spe-
2077 3162 2124 3226 C
2157 3178 2327 3240 parat,
2353 3185 2457 3223 non
2482 3169 2706 3223 interest
2726 3168 3013 3238 proposita:
3036 3166 3364 3235 quzestionis,
3387 3166 3567 3221 Solum
3589 3164 3735 3220 nobis

466 3263 615 3307 ctare
650 3252 829 3305 lunam
871 3252 1227 3318 deficientem,
1255 3254 1468 3324 quando
1496 3257 1725 3311 rotunda
1754 3260 2049 3315 secundum

472 3356 490 3380 τ
519 3345 738 3396 schema
770 3351 873 3406 est,
904 3343 1121 3412 quando
1151 3345 1341 3413 globus
1370 3346 1503 3415 ejus,
1536 3362 1602 3401 ex
1630 3363 1697 3403 eo
1719 3349 1886 3404 latere
1907 3352 2052 3419 quod

470 3434 810 3488 tenebrosum
840 3443 941 3498 est,
976 3434 1065 3487 tali
1095 3436 1227 3489 orbe
1256 3436 1727 3503 circumscribitur,
1759 3439 1903 3508 quali
1928 3455 2051 3493 eum

470 3526 588 3579 luce
612 3524 771 3593 plena
794 3533 893 3577 est.
926 3524 1096 3590 Quem
1124 3525 1405 3581 evidenter
1432 3528 1697 3595 integrum
1728 3530 2052 3599 perfectum-

468 3631 575 3686 que
612 3617 969 3685 conspiciens,
1002 3631 1065 3671 ea
1104 3619 1502 3673 manifestatum
1544 3630 1697 3689 parte
1730 3638 1833 3693 qua
1865 3622 2046 3692 fulget.

472 3709 537 3762 Et
567 3725 672 3763 non
707 3710 835 3762 mihi
860 3710 1007 3764 dicas
1034 3712 1159 3779 quia
1198 3712 1285 3765 lux
1315 3712 1430 3780 ejus
1459 3714 1748 3770 adventitia
1779 3724 1880 3776 est.
1911 3733 2050 3787 quo~

471 3800 614 3853 niam
639 3800 895 3853 minuitur
919 3802 1134 3871 quidem
1161 3803 1377 3871 quando
1400 3813 1585 3859 contra
1613 3807 1780 3861 solem
1802 3811 2048 3875 vertitur,

469 3891 665 3946 crescit
700 3900 879 3945 autem
910 3908 1029 3946 cum
1063 3893 1129 3947 ab
1151 3909 1217 3949 eo
1246 3894 1571 3951 discesserit.
1604 3897 1735 3952 Nam
1766 3915 1867 3954 nec
1896 3902 2052 3958 nobis

469 3982 573 4035 hoc
615 3981 774 4036 modo
811 3982 1079 4036 discutere
1117 3986 1451 4054 propositum
1490 3994 1589 4052 est,
1633 3988 1726 4044 sed
1754 3989 1877 4059 quia
1907 3991 2053 4045 aliud

469 4078 554 4127 est
577 4072 694 4140 ejus
723 4088 935 4143 corpus,
967 4075 1106 4129 aliud
1137 4090 1297 4130 causa
1327 4076 1561 4133 luminis.
1596 4078 1723 4135 Tale
1746 4078 1772 4118 ¹¹
1797 4081 2053 4149 quiddam

468 4179 601 4235 ergo
620 4166 772 4229 mihi,
799 4175 853 4221 et
880 4167 946 4221 de
968 4177 1156 4223 natura
1185 4170 1313 4225 solis
1333 4169 1587 4242 intellige,
1613 4173 1704 4242 qui
1726 4173 1795 4228 ob
1816 4173 1916 4230 hoc
1937 4183 2056 4229 tau-

543 4329 567 4358 ι
597 4320 876 4400 _Suspicarl
923 4320 1155 4400 fortasse
1190 4326 1359 4400 possit
1394 4326 1659 4400 quispiam
1696 4329 1811 4384 vitii
1844 4331 2042 4400 aliquid

2156 3263 2282 3318 illud
2323 3262 2701 3322 aSserentibus.
2746 3262 2869 3329 quia
2922 3256 3138 3328 quando
3185 3256 3421 3328 perfecta
3467 3266 3553 3311 est
3598 3257 3737 3321 luna,

2155 3356 2329 3409 noctis
2368 3354 2574 3408 obtinet
2611 3352 2988 3422 principatum,
3029 3351 3249 3420 proprio
3293 3364 3560 3419 superans
3601 3358 3737 3404 astra

2155 3447 2397 3515 fulgore,
2459 3453 2766 3510 terramque
2822 3440 3191 3511 perlustrans;
3249 3440 3511 3511 temporis
3566 3450 3737 3497 autent

2155 3552 2458 3591 mensuram
2488 3533 2763 3604 :rqualiter
2785 3548 2905 3587 cum
2937 3531 3053 3586 sole
3083 3531 3327 3602 partitur.

2227 3628 2281 3682 4.
2320 3627 2390 3680 Et
2426 3628 2551 3695 sint,
2582 3625 2771 3694 inquit,
2800 3626 2854 3678 in
2883 3626 3066 3696 signis,
3092 3634 3139 3677 et
3163 3625 3216 3677 in
3246 3622 3582 3694 temporibus,
3603 3634 3651 3679 ct
3674 3625 3726 3678 iu

2158 3719 2434 3781 diebus,-et
2462 3720 2511 3771 in
2535 3718 2707 3771 annis.
2736 3716 3077 3770 Necessarias
3109 3716 3269 3783 igitur
3295 3714 3543 3769 humanm
3590 3715 3736 3781 vitm,

2157 3812 2293 3865 sicut
2321 3809 2532 3876 longior
2554 3822 2681 3861 usus
2710 3807 2886 3868 docet,
2916 3806 3187 3874 signorum
3219 3806 3523 3860 notationes
3560 3814 3618 3859 et
3643 3805 3737 3859 ob.

2158 3899 2490 3957 servationes
2520 3898 2776 3960 invenies,
2808 3896 2851 3951 si
2875 3907 3051 3951 tamen
3078 3913 3183 3950 non
3211 3896 3438 3965 amplius
3462 3911 3557 3951 eas
3583 3912 3738 3967 quam

2159 3998 2376 4062 oportet
2422 3989 2678 4058 inquiras.
2718 3986 2883 4040 Multa
2912 3987 3053 4040 enim
3082 4001 3242 4056 super
3269 3984 3460 4041 futuris
3486 3987 3741 4042 imbribus

2166 4081 2500 4153 ‘possumus
2545 4080 2778 4145 discere;
2811 4079 3036 4150 plurima
3083 4093 3297 4149 quoque
3341 4078 3409 4134 de
3454 4080 3742 4151 vaporibus

2163 4182 2447 4240 terrarmn,
2474 4172 2814 4242 motibusque
2837 4178 3142 4236 ventorum,
3173 4186 3266 4225 seu
3299 4186 3395 4241 per
3440 4181 3626 4244 partes
3651 4188 3742 4229 ve-

2226 4330 2245 4370 ί
2278 4331 2418 4386 Editi
2447 4339 2501 4387 et
2522 4330 2677 4387 Colb.
2700 4331 2923 4401 primus,
2952 4347 3167 4402 quorum
3196 4341 3384 4388 natura
3412 4344 3533 4389 tunc
3562 4337 3626 4390 ab
3655 4340 3735 4392 al-

469 4392 573 4468 hoc
597 4391 734 4468 loco_
747 4391 991 4468 subesse;
1021 4394 1116 4468 sed
1143 4391 1458 4468 inantiquis
1482 4391 1629 4468 libris
1658 4401 1880 4468 perinde
1911 4391 1971 4455 ut
1996 4403 2049 4456 in
2082 4405 2131 4465 ι)
2160 4410 2307 4456 terna
2326 4403 2685 4456 contrarietate
2705 4391 2928 4455 'destitit.
2955 4391 3105 4455 Alter
3122 4401 3274 4457 Colb.
3299 4412 3358 4457 ut
3386 4391 3734 4462 in'contextu.

470 4461 710 4543 vulgatis
721 4460 914 4543 legitur
936 4461 1128 4515 eodem
1158 4464 1340 4543 modo,
1356 4460 1469 4521 'Iuec
1490 4467 1552 4520 ab
1579 4460 1881 4543 aliamtrum
1904 4488 2055 4543 sepa-

472 4534 599 4612 rari.
780 4531 932 4612 facile
958 4536 1268 4612 persuaderi
1290 4531 1477 4612 posset
1505 4540 1703 4592 malum
1732 4531 2052 4612 scriptorem

471 4600 809 4655 Eustathium
846 4602 917 4654 ita
958 4600 1192 4656 locutum
1230 4600 1410 4659 fuisse.

546 4671 571 4752 ξι
601 4671 739 4752 _Ed_iti
761 4681 821 4752 et
844 4669 995 4727 Colb.
1024 4675 1246 4752 primus,
1276 4677 1526 4752 perﬁciet.
1555 4677 1705 4732 Alter
1725 4678 1902 4743 Colb.,
1928 4698 2059 4752 prte-

473 4740 629 4817 ﬁrict.
676 4740 840 4817 Vetus
880 4740 1061 4817 nAostefr
1103 4740 1577 4817 liber,'proﬁciet:
1609 4765 1832 4817 quarum
1867 4740 2053 4806 vocum

471 4810 620 4887 nulla
646 4812 868 4887 verbum
892 4810 1136 4867 Griecum
1166 4810 1308 4870 bene
1330 4810 1553 4887 exprimi
1581 4810 1813 4875 constat.
1846 4820 2056 4877 Etenim

474 4879 1097 4960 verbumIa‘eroz-drzgum,
1129 4901 1236 4960 quo
1278 4879 1445 4960 utitur
1478 4887 1726 4953 Basilius,
1754 4892 1910 4960 longe
1939 4908 2055 4947 me-

475 4947 591 5031 lius.
624 4947 888 5031 redditum
941 4947 1541 5031 fuisset‘destinabitur.
1596 4947 1881 5029 Aliquanto
1935 4972 2060 5031 post

472 5016 649 5097 Colb;
663 5022 942 5097 secundus,
961 5040 1097 5097 nam
1124 5027 1260 5095 quod
1283 5038 1574 5081 senescente
1592 5046 1672 5082 ea.

553 5098 575 5125 ε
609 5085 768 5163 Etltli,
798 5085 1001 5161 quando
1040 5085 1295 5161 rotunda;
1327 5099 1417 5151 sed
1451 5099 1655 5163 schema
1681 5111 1777 5155 est.
1809 5101 1875 5155 At
1900 5101 2053 5158 Colb.

474 5157 761 5215 seettndus.
793 5157 1013 5215 rotunda
1037 5157 1316 5221 secundum
1343 5158 1549 5221 schema
1575 5179 1650 5223 est
1681 5187 1698 5223 :
1730 5157 2057 5226 eonveniené

478 5227 775 5307 lcucmco
802 5233 931 5283 κατὰ
957 5235 1012 5307 τᾷ
1039 5244 1241 5305 σχῆμα.
1275 5236 1473 5293 Ibidem
1502 5238 1656 5294 Colb.
1685 5243 1972 5307 secundus,
1993 5259 2059 5296 ea:

475 5300 724 5375 eo‘la‘tere
748 5300 1167 5375 quatenebro's'us
1196 5316 1289 5360 est.
1314 5307 1548 5363 Subinde
1579 5326 1703 5363 mss.
1731 5311 1858 5375 duo,
1883 5321 1930 5365 et
1955 5300 2059 5368 non

485 5371 610 5423 mihi
637 5371 797 5423 diras.
828 5368 1026 5425 Vocula
1056 5382 1102 5424 et
1132 5375 1182 5426 in
1206 5379 1361 5430 editis
1389 5378 1805 5435 desiderabatur.

552 5439 578 5476 ἀ
786 5440 888 5522 tale
903 5444 1121 5512 quidem.
1146 5443 1358 5522 Antiqui
1382 5448 1488 5502 duo
1511 5448 1649 5522 libri,
1670 5452 1769 5505 tale
1790 5453 2055 5522 quiddam.

552 5522 579 5547 ε
611 5512 767 5585 liditi,
810 5513 1091 5585 iterumque
1119 5512 1311 5568 nudata
1342 5534 1358 5570 :
1389 5533 1496 5585 quo
1529 5521 1655 5585 quid
1696 5512 1921 5577 alienius
1954 5524 2056 5578 dici
2114 5523 2125 5532 ’

480 5583 667 5645 possit,
688 5598 792 5662 noti
814 5583 989 5637 video.
1010 5583 1227 5652 Antiqui
1251 5593 1358 5639 tres
1382 5583 1516 5650 libri,
1544 5583 1823 5662 iterumque
1843 5594 2054 5646 induta:

482 5666 637 5727 quam
667 5660 983 5727 scripturam
1010 5670 1191 5709 verum
1214 5671 1333 5710 esse
1362 5666 1415 5711 et
1447 5660 1961 5727 genuinatn—constat
1990 5682 2051 5718 ex

484 5719 591 5777 ίηυι
624 5727 704 5776 καὶ
734 5726 875 5777 πάλιν
902 5728 1321 5796 ἑπαμφωίζορρένη.

2152 4472 2358 4544 ibidem
2405 4472 2495 4544 ubi
2535 4473 2589 4525 in
2630 4472 2789 4544 editis
2825 4472 3020 4544 legitur
3060 4473 3657 4544 incomprehensibiliter,
3689 4479 3737 4533 in

2157 4542 2558 4629 nostrisntribus
2587 4542 2858 4623 codicibus
2899 4542 3156 4622 scriptum
3194 4542 3492 4626 invenimus
3521 4548 3738 4629 inrepre-

2158 4612 2473 4684 lrensibiliter
2503 4629 2519 4664 :
2552 4628 2655 4684 qua
2693 4627 2759 4666 ex
2798 4612 3251 4684 interpretatione
3290 4616 3547 4684 suspicari
3598 4612 3737 4681 licet,

2158 4683 2338 4758 inepte
2378 4684 2570 4750 legisse
2608 4682 2957 4758 Eustathiunr
2989 4683 3287 4758 ἀμέμπτως,
3319 4682 3440 4738 cuin
3469 4687 3740 4758 scripserit

2161 4753 2387 4807 Basilius
2414 4758 2658 4822 ἀμέκτως,
2686 4754 2796 4805 sine
2819 4752 3155 4808 admixtione.

2229 4834 2255 4868 κ
2293 4820 2472 4877 Codex
2499 4839 2655 4889 unus,
2686 4822 2817 4887 quod
2846 4822 2982 4874 enim
3009 4831 3084 4875 est
3111 4820 3293 4876 umbra
3320 4823 3374 4876 in
3404 4832 3571 4879 nocte.
3609 4826 3727 4880 Mox

2157 4893 2306 4966 editi,
2325 4910 2476 4966 mane
2508 4894 2737 4966 tendens.
2767 4891 3602 4966 Libri__vet_eres,manenquidem
3632 4905 3738 4949 len-

2159 4964 2304 5016 dens.
2329 4962 2563 5017 Subinde
2589 4963 2735 5027 editi,
2763 4960 3070 5015 meridianis
3091 4961 3250 5016 horis.
3278 4960 3432 5020 Colb'.
3456 4967 3738 5032 secundus,

2158 5033 2461 5087 meridianis
2490 5051 2542 5087 se
2563 5034 2721 5086 horis.

2230 5103 2256 5140 ιι
2299 5103 2436 5157 Editi
2465 5113 2520 5158 et
2539 5104 2694 5175 Colb.
2720 5102 2942 5171 primus,
2974 5109 3049 5154 est
3070 5105 3377 5175 naturaliter
3403 5113 3607 5175 optata:
3639 5104 3733 5160 Alii

2158 5172 2264 5227 duo
2291 5190 2442 5239 mss,
2468 5169 2776 5250 naturaliter
2802 5181 2876 5225 est
2898 5179 3095 5242 aptata.
3127 5169 3333 5240 διξερε,
3358 5169 3450 5238 τῆξ
3481 5179 3740 5250 illiusmo-

2160 5256 2289 5303 σίως
2312 5246 2833 5303 κατασκευασθείσης.
3592 5244 3597 5255 ”

2237 5311 2253 5351 ί
2298 5312 2459 5383 Editi,
2491 5330 2757 5383 possumus
2778 5313 2965 5368 dicere.
2990 5312 3205 5383 Antiqui
3235 5313 3342 5367 duo
3372 5315 3514 5383 libri,
3544 5316 3735 5370 discere
3762 5374 3765 5377 δ

2237 5332 2253 5351 ι
2298 5332 2459 5383 Ltllll,
2504 5332 2757 5368 )ossumns
2778 5332 2965 5368 arcere.
2990 5332 3204 5383 nnuqm
3235 5332 3342 5367 uno
3375 5332 3514 5383 non,
3544 5332 3735 5370 uiscera

2159 5400 2444 5456 possumus.
2477 5332 2533 5438 in
2556 5385 2765 5447 Graeco,
2796 5386 2887 5439 ἐστ
2945 5387 3141 5456 paean.
3174 5384 3284 5439 Nec
3324 5386 3395 5439 ita
3425 5387 3594 5439 multo
3624 5395 3736 5456 post

2158 5453 2306 5517 editi,
2336 5456 2540 5523 placide
2580 5464 2700 5507 sunt
2728 5453 2952 5507 venturi.
2977 5453 3043 5509 At
3084 5455 3191 5508 duo
3241 5471 3367 5509 mss.
3398 5456 3601 5523 placide
3627 5453 3733 5510 sint

2157 5526 2373 5576 venturi.
2391 5524 2544 5578 Colb.
2575 5524 2863 5589 secundus,
2891 5534 3058 5577 utrum
3077 5525 3286 5577 violenti
3314 5541 3381 5578 an
3397 5526 3611 5593 placidi,
3631 5536 3728 5579 etc.

2158 5593 2393 5665 Subinde
2423 5595 2509 5648 ubi
2540 5597 2763 5663 legimus
2791 5603 2845 5647 et
2875 5595 2926 5647 in
2948 5594 3310 5665 duobusimss.
3333 5604 3387 5649 et
3416 5595 3469 5649 in
3496 5595 3728 5665 vulgatis,

2158 5663 2299 5726 solis,
2335 5664 2525 5733 legitur
2554 5668 2604 5719 in
2634 5665 2787 5720 Colb.
2811 5666 3066 5730 secundo,
3096 5664 3283 5718 solum.
