3964 6178
214 276 323 333 925

1234 280 1629 338 ΠΕΧᾹΕΜΕἩἸ
1670 283 2150 344 ΜΕΪΑΡΙΙΒᾹΞῙΒ
2190 287 2391 343 LIBER
2435 290 2524 346 Π.

3402 298 3506 352 99.6

212 392 606 458 nientium,seu
629 393 949 462 generaliter
975 393 1171 464 ubique
1196 395 1533 465 Spirantium,
1553 402 1608 449 et
1629 402 1806 451 utrum
1839 400 2086 460 Amonis
2133 401 2433 459 inflectunt.
2479 404 2683 462 Ferunt
2732 407 2875 464 enim
2923 409 3089 465 vitam
3142 418 3380 467 nostram
3435 418 3505 468 de

210 484 503 550 violenter,
534 501 600 539 an
628 485 843 555 placide
873 486 981 541 sint
1027 488 1256 542 venturi.
1292 485 1467 543 Unum
1516 488 1699 559 itaque
1743 503 1813 542 ex

210 573 765 630 demonstrationihns
788 575 1017 631 habetur
1046 577 1239 642 solum,
1271 575 1422 646 quod
1448 578 1685 632 ostendit
1714 592 1814 631 no-

211 665 296 720 bis
333 665 614 729 Dominus,
645 664 830 721 dicens
860 666 1092 722 futuram
1121 674 1501 737 tempestatem
1532 682 1655 721 cum
1701 682 1813 722 cce-

211 759 326 814 lum
357 759 581 828 coeperit
611 758 767 828 igneo
814 758 1014 813 rubore
1062 759 1264 814 tristari
1305 758 1534 829 (Matth.
1578 774 1691 827 xvr,
1721 758 1810 827 '5).

212 848 441 904 Nebulis
457 849 600 904 enim
629 848 999 913 subeuntibus,
1031 847 1295 904 obfuscati
1331 848 1466 902 radii
1501 848 1661 903 rutilo
1689 863 1813 903 san-

210 939 523 1009 guineoque
545 939 728 994 colore
742 947 1071 1007 cernuntur;
1103 938 1243 993 aeris
1272 939 1522 993 videlicet
1545 937 1812 994 densitate

213 1031 381 1086 talem
411 1031 648 1100 speciem
676 1030 874 1086 nostris
901 1031 1176 1086 obtutibus
1222 1031 1533 1098 exhibente,
1564 1032 1654 1101 qui
1681 1046 1812 1086 nec-

210 1122 345 1177 dum
372 1122 429 1181 vi
472 1122 668 1178 caloris
697 1136 1003 1191 expressus,
1037 1131 1064 1160 ἰ
1094 1130 1317 1192 propter
1343 1123 1659 1178 exhalantes
1686 1123 1813 1178 sub-

211 1216 344 1271 inde
386 1229 634 1284 vapores,
671 1222 727 1268 et
748 1214 1049 1282 augmentis
1069 1226 1328 1283 aquarum
1350 1214 1516 1282 magis
1536 1214 1811 1283 magisque

211 1315 523 1373 crassatus,
574 1306 928 1363 certissimam
976 1311 1350 1376 tempestatem
1398 1304 1707 1372 regionibus
1755 1303 1809 1358 in

210 1400 413 1468 quibus
436 1398 596 1455 fuerit
632 1398 962 1467 glomeratus
991 1398 1239 1453 intentat.
1269 1396 1532 1452 Similiter
1554 1398 1713 1452 etiam
1754 1397 1811 1451 tit

212 1489 431 1560 quando
452 1489 682 1544 habetur
708 1489 835 1543 luna
863 1486 1198 1556 circumflua,
1240 1488 1325 1542 vel
1352 1504 1473 1542 cum
1504 1487 1672 1543 solem
1701 1488 1809 1542 cir-

212 1578 553 1635 cumdederit
567 1595 691 1634 area
712 1594 831 1650 qum
848 1587 1089 1643 vocatur,
1119 1579 1368 1635 nimirum
1392 1594 1651 1648 aquarum
1673 1579 1809 1633 mul-

215 1670 528 1735 titudinem,
559 1678 651 1725 aut
673 1679 955 1726 ventorum
986 1670 1231 1727 fremitus
1256 1670 1467 1725 futuros
1505 1670 1805 1737 annuntiat,

1914 504 2065 547 motu
2085 494 2319 564 pendere
2348 498 2673 565 omlestium;
2697 509 2981 571 propterea
3009 502 3246 558 Chaldaei
3266 505 3503 560 notatio-

1915 598 2012 639 nes
2040 593 2306 641 astrorum
2336 588 2404 643 ad
2428 605 2586 646 casus
2610 591 2878 649 humanos
2919 603 3167 650 asserunt
3206 596 3500 665 pertinere,

1913 674 2249 747 simplexque
2276 677 2476 734 dictum
2504 680 2793 751 Scripturze
2818 684 2962 752 quod
2990 685 3066 739 ait
3092 685 3145 739 in
3175 686 3368 754 signis,
3392 702 3504 742 non

1913 766 1981 821 ad
2003 770 2353 825 mutationem
2381 772 2635 830 videlicet
2653 776 2794 832 aeris
2823 777 2905 831 vel
2926 785 3231 847 temporum
3262 780 3500 849 qualita-

1912 861 2042 921 tem,
2073 858 2167 912 sed
2196 859 2263 914 ad
2285 869 2487 916 sortem
2515 864 2634 919 vitae
2656 865 3035 922 transferentes
3055 868 3317 932 humanae,
3338 875 3501 938 prout

1912 946 2015 1000 sibi
2042 947 2273 1016 videtur,
2303 962 2616 1022 exponunt;
2646 956 2888 1012 dicentes
2915 959 3269 1027 quorumdam
3299 960 3499 1015 discur-

1912 1037 2145 1093 rentium
2174 1040 2415 1096 siderum
2442 1045 2898 1115 complexionem,
2925 1064 3045 1103 cum
3072 1048 3143 1103 ad
3174 1049 3292 1104 illas
3319 1051 3500 1105 stellas

1910 1141 2030 1197 quae
2056 1128 2110 1182 in
2139 1130 2359 1187 zodiaco
2382 1144 2664 1189 moventur
2690 1137 2910 1205 circulo,
2936 1140 2981 1193 si
3006 1149 3029 1177 ε
3059 1140 3354 1196 secundum
3388 1142 3499 1197 tale

1908 1219 2058 1274 verbi
2087 1222 2255 1288 gratia
2283 1224 2500 1281 schema
2528 1226 2777 1296 coierint,
2801 1238 3005 1283 certam
3042 1232 3264 1299 genesin
3313 1233 3494 1290 solere

1910 1308 2196 1379 perlicere;
2228 1328 2518 1384 rursusque
2546 1316 2591 1371 si
2638 1318 2776 1371 alter
2803 1318 3016 1375 habitus
3056 1321 3267 1376 illarum
3316 1322 3497 1391 fuerit,

1909 1400 2180 1454 contraria
2208 1401 2423 1457 decreta
2453 1408 2747 1475 componit.
2782 1408 2861 1462 De
2897 1410 3090 1478 quibus
3119 1427 3227 1466 non
3255 1413 3359 1467 erit
3386 1414 3499 1469 for-

1911 1490 2070 1544 tassis
2098 1491 2303 1558 inutile,
2345 1494 2390 1547 si
2413 1497 2717 1564 aperiendae
2759 1500 3073 1568 quaestionis
3111 1502 3305 1568 gratia,
3334 1505 3500 1574 paulo

1908 1583 2153 1650 superius
2180 1586 2410 1654 repetita
2439 1589 2577 1642 serie
2606 1591 2931 1645 narrationis
2951 1593 3223 1648 exordiar.
3246 1594 3378 1650 Dico
3404 1613 3501 1651 au-

1910 1680 2018 1727 tem
2045 1690 2150 1728 non
2173 1690 2349 1729 meum
2377 1677 2504 1747 quid
2535 1680 2828 1749 proprium,
2859 1682 2957 1737 sed
2981 1682 3361 1743 confutationis
3382 1688 3500 1743 illo-

213 1762 298 1817 vel
327 1778 453 1816 cum
484 1761 581 1817 visi
621 1762 764 1817 circa
807 1777 931 1817 eum
977 1761 1176 1818 fuerint
1218 1762 1610 1827 discurrentes,
1644 1764 1679 1817 ii
1725 1762 1818 1833 qui
1852 1763 1891 1821 [ι
1922 1779 2038 1818 rum
2066 1781 2249 1833 causa,
2279 1769 2391 1824 suis
2417 1775 2536 1823 utar
2562 1771 2787 1843 elogiis:
2820 1781 2881 1827 ut
2905 1781 2961 1829 et
2983 1774 3020 1829 ii
3046 1776 3142 1845 qui
3164 1791 3349 1833 errore
3369 1793 3501 1847 prm-
3541 1786 3547 1792 ’

212 1853 239 1892 δ
260 1854 407 1909 soles
436 1856 690 1910 contrarii
735 1856 1082 1911 nominantur
1105 1874 1117 1909 :
1148 1854 1390 1926 profecto
1418 1871 1575 1912 casus
1599 1859 1808 1927 aliquos

210 1946 436 2001 :ctherei
459 1954 661 2002 tractus
684 1948 967 2003 imminere
1008 1948 1356 2018 portendunt.
1387 1947 1538 2004 Sicut
1564 1957 1621 2004 ct
1650 1950 1807 2019 virgae

217 2037 322 2091 illm
350 2052 474 2105 quae
504 2038 559 2091 in
588 2037 741 2092 iridis
766 2038 951 2093 colore
997 2038 1095 2093 sub
1135 2039 1410 2094 matutinis
1439 2040 1668 2095 nubibus
1714 2056 1806 2095 os-

216 2130 533 2194 tenduntur,
565 2131 911 2185 vehementes
938 2130 1147 2201 pluvias
1192 2139 1248 2186 et
1275 2118 1561 2201 procellas,
1584 2140 1677 2186 aut
1703 2132 1805 2185 ali-

213 2238 378 2291 quam
432 2222 748 2277 omnimodo
810 2223 931 2278 cmli
979 2224 1438 2294 perturbationem
1481 2222 1802 2292 significant.

212 2311 450 2368 Plurima
480 2314 643 2368 etiam
674 2313 865 2369 indicia
895 2322 1174 2369 crescente
1194 2313 1279 2370 vel
1308 2324 1621 2369 senescente
1654 2315 1800 2379 luna,

211 2403 305 2473 qui
328 2404 455 2458 huic
484 2404 719 2462 scientiae
747 2404 1066 2459 studuerunt
1095 2412 1311 2459 notasse
1338 2404 1588 2459 dicuntur
1615 2423 1629 2458 :
1658 2419 1805 2460 asse-

209 2503 396 2551 rentes
423 2494 567 2564 quod
589 2510 685 2550 aer
709 2503 864 2549 terrm
886 2495 1182 2565 proximus,
1209 2497 1515 2551 necessario
1538 2512 1636 2567 pro
1664 2497 1803 2552 luna:

210 2586 575 2642 schematibus
621 2587 1072 2658 qualitatibusque
1116 2597 1377 2643 vertatur.
1409 2587 1542 2643 Nam
1600 2600 1622 2628 ε
1679 2606 1801 2646 cum

213 2677 376 2732 fuerit
400 2678 580 2743 tertia,
610 2679 657 2734 si
707 2679 920 2748 gracilis
972 2687 1027 2733 et
1066 2679 1286 2734 minime
1315 2680 1569 2735 cornibus
1598 2681 1803 2737 obtusis

212 2777 504 2840 appareat,
545 2770 889 2825 serenitatem
925 2770 1174 2824 stabilem
1203 2769 1515 2839 ﬁrmamque
1542 2770 1799 2826 declarat.

212 2858 306 2915 Sin
330 2866 512 2915 autem
537 2854 858 2926 rubicunda,
890 2860 1209 2930 pinguisque
1234 2860 1489 2916 cornibus
1518 2861 1797 2926 habeatur,

213 2952 413 3011 imbres
460 2951 676 3018 nimios,
732 2952 1129 3021 australemque
1176 2950 1488 3005 violentiam
1543 2950 1796 3006 minatur.

216 3040 419 3096 Horum
445 3041 607 3109 igitur
634 3040 939 3095 observatio
968 3048 1224 3111 quantum
1272 3039 1668 3095 commoditatis
1712 3041 1804 3095 im-

1911 1856 2055 1909 vcnti
2084 1866 2228 1920 sunt,
2263 1860 2498 1913 remedia
2527 1869 2806 1932 concepta:
2841 1863 3076 1920 laesiouis
3112 1867 3401 1937 accipiant,
3445 1878 3501 1925 et

1908 1950 2088 2003 caeteri
2118 1951 2388 2005 munimen
2418 1952 2654 2021 aliquod,
2689 1968 2756 2009 ne
2784 1955 2979 2011 similia
3027 1957 3321 2026 patiantur,
3350 1960 3502 2015 inve-

1909 2040 2079 2095 niant.
2104 2040 2432 2111 Repertores
2456 2044 2620 2112 igitur
2661 2047 2961 2113 genesiacte
2981 2049 3208 2106 rationis
3228 2050 3497 2108 diuturni»

1908 2137 2017 2184 tate
2035 2133 2290 2201 temporis
2317 2134 2546 2202 experti,
2571 2135 2715 2205 quod
2737 2152 2832 2192 eos
2849 2137 2918 2192 de
2938 2139 3305 2196 schematibus
3327 2145 3497 2199 multa

1905 2220 2204 2289 diti'ugiant,
2234 2223 2287 2276 in
2327 2232 2611 2292 angustum
2666 2228 2884 2296 penitus
2933 2231 3191 2299 temporis
3235 2233 3496 2302 redegere

1906 2327 2230 2379 mensuram,
2291 2321 2350 2367 ut
2393 2315 2554 2368 etiam
2602 2316 2963 2373 minutissime
3003 2319 3304 2387 intervallo,
3357 2324 3496 2379 sicut

1904 2401 2035 2456 dicit
2088 2402 2379 2472 Apostolus
2412 2421 2425 2457 :
2459 2404 2525 2458 In
2555 2416 2831 2470 momenta,
2865 2419 2914 2461 et
2949 2410 3000 2462 in
3042 2421 3231 2481 puncto
3275 2412 3337 2481 (1
3369 2413 3491 2471 Cor.

1906 2509 1992 2549 xv.
2019 2491 2130 2561 52),
2156 2509 2345 2563 magna
2369 2495 2437 2549 sit
2465 2493 2485 2534 ί
2510 2496 2651 2550 inter
2672 2499 2910 2566 genesim
2931 2502 3278 2571 genesimque
3297 2504 3494 2560 distan-

1903 2583 1996 2647 tia,
2027 2594 2333 2641 asserentes
2359 2586 2503 2655 quod
2534 2587 2623 2641 ille
2649 2588 2741 2657 qui
2768 2597 2927 2645 natus
2955 2600 3037 2647 est
3064 2592 3117 2646 in
3160 2593 3268 2649 hoc
3288 2604 3492 2665 puncto

1901 2694 1999 2733 rex
2026 2680 2129 2733 erit
2156 2680 2396 2748 gentium
2437 2682 2792 2753 princepsque
2828 2685 3170 2754 populorum,
3199 2689 3489 2745 maximam
3583 2674 3594 2682 ’

1901 2770 2199 2840 potentiam
2227 2771 2528 2841 multasque
2556 2772 2770 2828 divitias
2791 2775 3111 2843 sortiturus;
3149 2792 3275 2835 eum
3311 2789 3490 2835 autem

1901 2861 1993 2929 qui
2018 2861 2072 2914 in
2100 2860 2193 2915 illo
2221 2869 2497 2917 momento
2521 2871 2737 2918 creatus
2756 2872 2855 2931 est,
2880 2865 3202 2935 mendicum,
3227 2878 3283 2925 et
3294 2883 3488 2938 vagum

1901 2952 2046 3019 fore,
2078 2952 2494 3023 quotidianique
2523 2955 2695 3011 vietus
2722 2971 2906 3025 causa,
2934 2957 3267 3016 diversorum
3297 2960 3491 3030 ianuas

1904 3045 2197 3099 obiturum.
2228 3044 2353 3101 Ideo
2385 3061 2619 3116 namque
2640 3048 2900 3103 circulum
2937 3051 3029 3119 qui
3053 3051 3276 3121 signifer
3300 3055 3491 3124 appel-

214 3131 421 3203 pendat
446 3132 776 3198 hominibus,
798 3133 918 3202 quis
958 3133 1206 3201 ignorat?
1235 3131 1466 3188 Possunt
1492 3134 1633 3187 enim
1658 3134 1806 3188 na'vi-
1830 3124 1876 3186 C
1908 3136 2051 3191 latur
2071 3138 2123 3191 in
2167 3148 2191 3182 κ
2214 3137 2496 3193 duodecim
2540 3141 2782 3210 partibus
2808 3141 3079 3212 dividunt;
3127 3147 3380 3216 quoniam
3411 3150 3490 3204 sol

213 3223 391 3292 gaturi
419 3224 557 3293 intra
586 3231 800 3293 portum
830 3225 1063 3280 retinuere
1091 3224 1336 3289 classem,
1368 3223 1540 3278 futura
1563 3224 1803 3296 pericula

215 3313 623 3383 praeﬁdentes;
675 3314 853 3368 viator
890 3315 1015 3369 item
1065 3322 1255 3369 cautus
1302 3314 1523 3369 effectus
1576 3331 1643 3369 ex
1683 3316 1805 3370 cuzli

212 3404 455 3470 tristitia,
488 3405 884 3475 tranquillitatis
926 3414 1134 3475 tempus
1164 3414 1478 3476 exspectat;
1510 3406 1802 3475 agriculto-

209 3511 300 3550 res
328 3510 549 3565 quoque
568 3496 861 3551 seminibus
884 3496 1145 3567 etplantis
1171 3497 1452 3551 sollicitam
1473 3497 1799 3565 diligentiam

208 3585 639 3655 commodantes,
660 3603 728 3641 ex
748 3590 1058 3644 memoratis
1085 3589 1329 3643 instructi
1356 3589 1521 3658 signis
1533 3599 1795 3659 opportu-

208 3679 441 3733 nitatem
471 3693 761 3747 congruam
798 3679 1190 3749 przestolantur.
1240 3679 1397 3747 Quid,
1427 3680 1571 3749 quod
1599 3678 1623 3718 ά
1647 3681 1795 3736 solu-

210 3769 376 3824 tionis
404 3770 567 3824 etiam
598 3785 778 3824 rerum
801 3771 1036 3824 omnium
1067 3770 1120 3825 in
1148 3771 1283 3836 sole,
1315 3771 1543 3841 lunaque
1569 3780 1625 3826 et
1666 3773 1799 3828 stel-

209 3861 311 3921 lis,
344 3859 563 3915 visenda
614 3860 858 3933 prodigia
910 3860 1165 3916 Dominus
1211 3862 1525 3932 prmdicavit
1569 3863 1751 3919 dicens
1782 3853 1805 3918 ε’

208 3953 307 4009 Sol
336 3961 559 4033 certetur
586 3955 640 4007 in
689 3954 1009 4026 sanguinem,
1042 3963 1091 4008 et
1131 3955 1256 4007 luna
1295 3971 1399 4009 non
1445 3954 1588 4009 dabit
1638 3957 1800 4011 lucem

206 4062 363 4099 suam
412 4044 569 4116 (Joel.
600 4063 671 4111 ιι,
702 4044 764 4099 51
794 4063 809 4109 :_
839 4048 954 4101 Act.
986 4062 1043 4111 ιι,
1074 4043 1185 4115 ‘20).
1218 4044 1415 4100 Verum
1464 4045 1579 4101 haec
1607 4047 1799 4103 indicia

207 4146 339 4191 sunt
369 4135 651 4191 mundanae
679 4137 1189 4203 consummationis,
1219 4144 1276 4191 ut
1296 4136 1546 4191 diximus.
1804 4134 1809 4141 ’

282 4224 335 4281 5.
369 4226 479 4282 Sed
512 4227 585 4282 illi
613 4229 704 4298 qui
736 4229 872 4283 ultra
918 4226 1113 4283 fossam
1163 4228 1331 4284 saltus
1369 4244 1497 4284 suos
1536 4238 1833 4293 conantur~

206 4318 535 4387 extendere,
555 4318 623 4373 ad
651 4320 912 4375 rationem
933 4319 1143 4388 genesis
1170 4334 1383 4374 cursum
1405 4319 1665 4389 propositi
1688 4335 1801 4375 ser-

284 4592 310 4622 ο
356 4583 494 4639 Editi
520 4594 573 4640 et
593 4586 697 4639 duo
720 4600 873 4650 mss,
901 4585 1210 4655 exultantes,
1228 4594 1499 4655 corrupte.
1528 4586 1597 4639 At
1619 4600 1801 4642 emen-
1830 4588 1880 4647 D

208 4654 338 4779 dati:
384 4657 644 4726 scriptum
692 4656 988 4711 invenimus
1043 4657 1096 4710 in
1144 4653 1299 4711 Colb.
1331 4653 1589 4721 secundo,
1638 4657 1802 4710 exha-

233 4742 301 4778 an
329 4740 401 4777 es.
1649 4767 1662 4777 .

233 4733 401 4778 antes.
1649 4767 1662 4777 .

286 4794 315 4832 δ
354 4793 537 4849 Codex
564 4811 701 4851 unus
720 4810 840 4850 cum
870 4794 1028 4850 editis
1068 4796 1192 4850 solis
1221 4796 1491 4852 contrarii.
1521 4795 1624 4850 Alii
1670 4796 1799 4863 duo,

210 4864 345 4918 soles
370 4866 642 4918 contrarii.

288 4933 486 5008 {Ed‘iti
511 4951 628 5008 cuin
672 4934 827 5006 fuerit
854 4943 1004 5003 tersa.
1036 4934 1179 4988 Libri
1213 4943 1457 5008 _vcteres,
1487 4954 1601 4990 cum
1647 4938 1800 5008 fuerit

212 5004 387 5084 tertia,
417 5004 487 5058 ita
534 5002 784 5074 exigente
829 5011 884 5058 et
912 5002 1093 5072 sensu,
1123 5013 1177 5059 et
1204 5002 1397 5060 Grrcco
1452 5011 1569 5079 περὶ
1616 5002 1788 5084 τρίτην

286 5097 304 5129 Ξ
309 5097 422 5129 ραν.

210 5096 507 5217 ημῗιίοέίῖἱῐί,
540 5144 836 5217 solutiones.
868 5142 1273 5217 Codexnoster
1296 5154 1350 5201 et
1392 5146 1541 5200 Colb.
1570 5145 1795 5217 primus,

210 5214 508 5282 solutionis,
564 5214 721 5277 bene,
776 5228 899 5285 cum
942 5214 1080 5285 apud
1130 5213 1380 5269 lfasilinm
1413 5213 1671 5285 legamus,
1706 5213 1794 5277 τῆξ

212 5285 557 5344 διαλύσεως...
586 5294 792 5354 σημεῖα,
822 5283 1090 5337 solutionis
1117 5285 1286 5354 signa.
1314 5283 1616 5340 Altcr’vero
1638 5287 1789 5342 Coll).

214 5355 286 5407 ita
317 5354 497 5414 habet,
531 5354 853 5414 diligentiam
897 5354 1221 5407 commodent
1268 5372 1333 5409 ex
1374 5359 1669 5411 memoratis
1708 5357 1792 5410 in-

210 5423 596 5494 structionibus.
632 5423 698 5477 Et
713 5425 826 5494 jam
848 5440 1017 5478 rerum
1041 5426 1339 5478 omniumin
1371 5426 1497 5492 sole,
1517 5426 1790 5493 clc.Quod

214 5495 280 5546 ad
308 5491 553 5565 Graecum
574 5491 787 5563 quidem
806 5493 1021 5565 lucilius
1048 5496 1442 5549 accommodari
1468 5491 1677 5565 potest;
1694 5499 1790 5557 ἤδη

214 5566 269 5618 δὲ
300 5567 384 5619 καὶ
415 5580 428 5615 :
460 5562 558 5618 sed
598 5562 675 5619 eo
723 5564 775 5617 in
803 5563 939 5617 libro
986 5580 1091 5617 vox
1137 5565 1405 5619 solutionis
1434 5562 1787 5623 desideratur.

215 5634 401 5688 Codex
423 5642 627 5701 noster,
658 5634 1037 5704 prmstolantur,
1071 5636 1316 5704 siquidem
1347 5637 1614 5692 solutionis
1637 5679 1650 5703 ,
1684 5648 1786 5693 μιν.

216 5704 412 5763 Statim
442 5720 567 5759 mss.
597 5704 721 5771 duo,
752 5704 965 5759 ridenda
995 5706 1247 5775 prodigia.

1907 3244 2006 3297 per
2050 3228 2267 3296 triginta
2317 3227 2433 3283 dies
2476 3230 2749 3297 egreditur
2805 3232 3181 3290 duodecimum
3233 3235 3259 3275 ιι
3317 3239 3491 3295 locum

1905 3321 2160 3390 sphaerae,
2207 3320 2323 3390 ejus
2363 3336 2483 3391 qua:
2518 3325 2764 3393 ἀπλανὴς.
2799 3325 2852 3378 id
2880 3335 2983 3393 est,
3018 3327 3320 3385 inerrabilis
3350 3333 3492 3387 voci-

1908 3416 2072 3466 tatur.
2104 3410 2172 3464 Et
2211 3426 2398 3466 rursus
2445 3412 2864 3482 unumquodque
2905 3417 3204 3472 membrum
3260 3422 3491 3489 partium

1907 3501 2232 3556 tricenarum
2273 3517 2374 3572 per
2410 3503 2583 3572 spatia
2622 3502 2872 3558 duodena
2912 3504 3230 3561 deducunt:
3260 3524 3490 3576 quorum

1903 3592 2140 3661 singulas
2156 3592 2347 3648 iterum
2371 3594 2711 3663 portionesin
2728 3594 2832 3648 alia
2853 3596 3130 3663 sexaginta
3144 3596 3489 3664 distribuunt,

1905 3700 2200 3759 eorumque
2248 3689 2531 3757 sexaginta
2558 3688 2803 3757 sexagies
2827 3691 3110 3760 portiones
3147 3706 3488 3752 enumerant.

1903 3773 2222 3843 Hujusmodi
2268 3793 2397 3847 ergo
2448 3780 2789 3835 nascentium
2824 3782 3065 3849 genesim
3112 3782 3488 3855 disponentes,

1904 3865 2181 3937 videamus
2206 3867 2252 3923 si
2272 3877 2498 3938 possunt
2525 3870 2663 3925 hanc
2688 3870 3038 3926 subtilitatem
3100 3873 3199 3929 sub
3228 3877 3489 3946 temporis

1903 3956 2241 4016 dimensione
2266 3976 2502 4017 servare.
2534 3961 2660 4017 Mo‘x
2686 3964 2830 4019 enim
2860 3972 2919 4019 ut
2964 3963 3141 4020 infans
3168 3969 3488 4035 processerit

1903 4063 1969 4103 ex
2000 4056 2176 4113 utero,
2200 4053 2465 4119 speculari
2495 4068 2715 4109 necesse
2736 4062 2819 4108 est
2846 4054 3191 4111 obstetricem
3211 4072 3330 4125 quae
3350 4057 3488 4113 dicat

1900 4155 2036 4209 puer
2061 4139 2131 4194 sit
2157 4155 2224 4194 an
2252 4142 2429 4210 puella
2458 4143 2602 4210 quod
2650 4152 2833 4196 natum
2865 4151 2981 4210 est,
3011 4152 3067 4199 et
3094 4154 3374 4215 exspectat
3402 4163 3488 4200 va-

1902 4229 2071 4298 gitum
2097 4243 2205 4298 quo
2235 4230 2413 4299 capiat
2440 4232 2646 4300 parvuli
2695 4232 2922 4286 viventis
2965 4234 3238 4289 indicium.
3279 4232 3488 4302 Quanta

1910 4320 1987 4375 vis
2027 4319 2155 4375 dum
2186 4321 2298 4376 haec
2325 4333 2572 4391 aguntur,
2603 4322 2846 4392 sexagies
2894 4324 3047 4382 dicas
3090 4327 3344 4385 transisse
3373 4343 3490 4383 mo-

1979 4596 2002 4623 °
2033 4584 2188 4653 Editi,
2221 4589 2265 4641 si
2289 4589 2408 4642 tale.
2433 4584 2649 4658 Antiqui
2676 4590 2781 4643 duo
2805 4590 2945 4652 libri,
2976 4591 3023 4644 si
3049 4590 3329 4646 secundum
3357 4591 3482 4646 tale.

1905 4655 2108 4731 graece,
2139 4662 2291 4731 κατὰ-
2309 4659 2499 4731 τοιόνδε
2550 4655 2755 4731 alnos.
2813 4658 3193 4731 Statimkediti,
3219 4660 3266 4713 si
3308 4660 3483 4731 aliter.

1905 4726 2378 4810 Colbtsccundns,
2430 4730 2476 4782 si
2519 4726 2673 4783 altor.
2714 4729 2949 4785 Subinde
2989 4726 3145 4785 Colb.
3195 4728 3487 4797 secundus,

1905 4806 2172 4866 repetitam
2201 4806 2401 4851 seriem.

1981 4868 2001 4907 ί
2038 4866 2199 4940 Ειίᾗιί,
2227 4870 2360 4940 inter
2389 4869 2547 4940 gesim
2570 4870 2891 4939 genesimqne
2908 4869 3172 4924 distantia.
3204 4867 3373 4940 Vetus

1888 4944 2090 5012 poster
2117 4938 2269 4999 liber,
2291 4934 2426 4992 inte'r
2445 4934 2669 5008 genesim
2683 4934 3001 5011 genesimque
3018 4939 3288 5007 distantia,
3308 4934 3502 5012 recteg

1905 5006 1960 5060 In
1990 5006 2561 5082 mc9,7évsoet_7rp§;
2595 5006 2834 5082 7iv§my._
2920 5006 2950 5082 '_
3036 5079 3046 5082 _
3141 5079 3151 5082 _
3476 5006 3491 5067 ἰ

1974 5090 1999 5125 κ
2032 5078 2247 5149 Antiqui
2277 5078 2383 5149 duo
2417 5078 2534 5132 libri
2561 5078 2682 5133 cum
2712 5079 2897 5139 editis,
2932 5078 2993 5149 in,
3012 5079 3281 5135 duodecim
3305 5082 3493 5149 parti...

1897 5156 2009 5201 Dus.
2037 5147 2203 5209 Alius,
2236 5149 2290 5218 in
2320 5148 2586 5218 duodecim
2630 5159 2818 5218 partes.
2846 5147 2997 5215 Quod
3027 5151 3197 5218 magis
3224 5147 3476 5205 idoneum

1898 5232 2017 5290 esse
2044 5216 2439 5290 non_dillltcnr;
2483 5217 2577 5290 sed
2600 5216 2706 5273 non
2740 5218 2861 5290 inde
2882 5219 3019 5275 efﬁci
3050 5216 3198 5290 puto.
3224 5228 3282 5273 ut
3308 5219 3501 5281 malus.

1896 5288 2128 5359 scriptor
2152 5286 2464 5359 Eustathius
2494 5288 2563 5341 ita
2588 5289 2879 5359 scripserit.

1971 5355 2196 5428 P'Editi,
2250 5358 2416 5412 locum
2451 5360 2592 5428 ferre.
2635 5355 2818 5413 Codex
2868 5368 3084 5425 noster,
3134 5358 3301 5414 locum
3347 5358 3480 5428 fere.

1895 5425 2048 5481 Colb.
2079 5425 2479 5496 primusJocunt
2510 5430 2637 5498 fore.
2666 5430 2815 5484 Alter
2860 5429 3037 5493 Colb.,
3080 5430 3246 5484 locum
3275 5425 3439 5498 spera:
3459 5441 3481 5481 :

1895 5512 2011 5565 qum
2037 5499 2299 5565 scriptura
2326 5498 2393 5550 ita
2421 5508 2673 5568 corrupta
2704 5509 2803 5557 est.
2834 5510 2887 5553 ut
2912 5499 3181 5553 cumulari
3214 5497 3358 5551 nullo
3386 5513 3482 5551 nc-

1895 5568 2042 5639 gutio
2068 5569 2253 5636 possit.
2286 5567 2449 5635 Igitur
2472 5586 2567 5637 pro
2590 5567 2755 5639 κρατί»
2786 5571 3061 5637 legendum
3093 5578 3175 5621 est
3215 5567 3433 5637 spluenr
3466 5583 3482 5618 :

1896 5638 2042 5705 «μιοά
2073 5654 2192 5691 cum
2242 5639 2375 5691 satis
2397 5656 2491 5704 per
2513 5657 2569 5692 se
2601 5638 2936 5709 perspicuan
2968 5640 3056 5701 sit,
3090 5639 3260 5707 magis
3305 5646 3499 5692 tamen.

1898 5709 2244 5761 conﬁrmatur
2273 5724 2338 5764 ex
2373 5709 2637 5764 liasiliann
2667 5712 2778 5776 illo,
2818 5733 2839 5764 ς
2862 5715 3049 5782 ,ω’-π.
