  <div class='ocr_page' id='page_1' title='image "/cluster/home/n/w/nwhite01/storage/ocr_20150623/53/hvd.32044073505091/471.png"; bbox 0 0 3964 6198; ppageno 0'>
   <div class='ocr_carea' id='block_1_1' title="bbox 508 300 612 355">
    <p class='ocr_par' dir='ltr' id='par_1_1' title="bbox 508 300 612 355">
     <span class='ocr_line' id='line_1_1' title="bbox 508 300 612 355; baseline -0.029 0"><span class='ocrx_word' id='word_1_1' title='bbox 508 300 612 355; x_wconf 66' lang='lat'><strong>927</strong></span> 
     </span>
    </p>
   </div>
   <div class='ocr_carea' id='block_1_2' title="bbox 2005 292 3721 369">
    <p class='ocr_par' dir='ltr' id='par_1_2' title="bbox 2005 292 3721 369">
     <span class='ocr_line' id='line_1_2' title="bbox 2005 292 3721 369; baseline 0.01 -20"><span class='ocrx_word' id='word_1_2' title='bbox 2005 292 2371 352; x_wconf 75' lang='lat' dir='ltr'><strong>EUSTATIﬂi</strong></span> <span class='ocrx_word' id='word_1_3' title='bbox 3634 317 3721 369; x_wconf 68' lang='lat'><strong>928</strong></span> 
     </span>
    </p>
   </div>
   <div class='ocr_carea' id='block_1_3' title="bbox 505 405 3722 496">
    <p class='ocr_par' dir='ltr' id='par_1_3' title="bbox 505 405 3722 496">
     <span class='ocr_line' id='line_1_3' title="bbox 505 405 3722 496; baseline 0.006 -32"><span class='ocrx_word' id='word_1_4' title='bbox 505 417 706 464; x_wconf 89' lang='lat' dir='ltr'><strong>menta.</strong></span> <span class='ocrx_word' id='word_1_5' title='bbox 741 416 765 445; x_wconf 73' lang='grc' dir='ltr'>α</span> <span class='ocrx_word' id='word_1_6' title='bbox 788 405 975 478; x_wconf 84' lang='lat' dir='ltr'><strong>Itaque</strong></span> <span class='ocrx_word' id='word_1_7' title='bbox 1020 409 1146 465; x_wconf 90' lang='lat' dir='ltr'><strong>dum</strong></span> <span class='ocrx_word' id='word_1_8' title='bbox 1177 410 1550 466; x_wconf 72' lang='lat' dir='ltr'><strong>manifestatur</strong></span> <span class='ocrx_word' id='word_1_9' title='bbox 1588 410 1763 465; x_wconf 92' lang='lat' dir='ltr'><strong>editus</strong></span> <span class='ocrx_word' id='word_1_10' title='bbox 1801 422 1936 479; x_wconf 85' lang='lat' dir='ltr'><strong>puer</strong></span> <span class='ocrx_word' id='word_1_11' title='bbox 1974 422 2093 461; x_wconf 89' lang='lat' dir='ltr'><strong>ma-</strong></span> <span class='ocrx_word' id='word_1_12' title='bbox 2120 408 2166 466; x_wconf 80' lang='grc' dir='ltr'><strong>Α</strong></span> <span class='ocrx_word' id='word_1_13' title='bbox 2196 409 2375 475; x_wconf 87' lang='lat' dir='ltr'><strong>portio</strong></span> <span class='ocrx_word' id='word_1_14' title='bbox 2396 418 2478 467; x_wconf 91' lang='lat' dir='ltr'><strong>est</strong></span> <span class='ocrx_word' id='word_1_15' title='bbox 2505 412 2740 482; x_wconf 83' lang='lat' dir='ltr'><strong>signiferi</strong></span> <span class='ocrx_word' id='word_1_16' title='bbox 2764 417 2970 475; x_wconf 84' lang='lat' dir='ltr'><strong>circuli.</strong></span> <span class='ocrx_word' id='word_1_17' title='bbox 3002 419 3280 488; x_wconf 81' lang='lat' dir='ltr'><strong>Quomodo</strong></span> <span class='ocrx_word' id='word_1_18' title='bbox 3311 437 3433 492; x_wconf 84' lang='lat' dir='ltr'><strong>ergo</strong></span> <span class='ocrx_word' id='word_1_19' title='bbox 3457 424 3722 496; x_wconf 77' lang='lat' dir='ltr'><strong>principales</strong></span> 
     </span>
    </p>
   </div>
   <div class='ocr_carea' id='block_1_4' title="bbox 508 497 2094 572">
    <p class='ocr_par' dir='ltr' id='par_1_4' title="bbox 508 497 2094 572">
     <span class='ocr_line' id='line_1_4' title="bbox 508 497 2094 572; baseline -0.001 -17"><span class='ocrx_word' id='word_1_20' title='bbox 508 499 821 568; x_wconf 85' lang='lat' dir='ltr'><strong>thematico,</strong></span> <span class='ocrx_word' id='word_1_21' title='bbox 847 509 1044 572; x_wconf 88' lang='lat' dir='ltr'><strong>quanta</strong></span> <span class='ocrx_word' id='word_1_22' title='bbox 1075 502 1299 556; x_wconf 89' lang='lat' dir='ltr'><strong>dicimus</strong></span> <span class='ocrx_word' id='word_1_23' title='bbox 1325 502 1508 572; x_wconf 88' lang='lat' dir='ltr'><strong>elapsa</strong></span> <span class='ocrx_word' id='word_1_24' title='bbox 1555 516 1681 557; x_wconf 75' lang='lat' dir='ltr'><strong>esse</strong></span> <span class='ocrx_word' id='word_1_25' title='bbox 1699 508 1901 570; x_wconf 88' lang='lat' dir='ltr'><strong>puncta</strong></span> <span class='ocrx_word' id='word_1_26' title='bbox 1918 540 1933 564; x_wconf 96' lang='lat'><strong>,</strong></span> <span class='ocrx_word' id='word_1_27' title='bbox 1962 497 2094 553; x_wconf 90' lang='lat' dir='ltr'><strong>dum</strong></span> 
     </span>
    </p>
   </div>
   <div class='ocr_carea' id='block_1_5' title="bbox 505 593 2092 662">
    <p class='ocr_par' dir='ltr' id='par_1_5' title="bbox 505 593 2092 662">
     <span class='ocr_line' id='line_1_5' title="bbox 505 593 2092 662; baseline 0 -16"><span class='ocrx_word' id='word_1_28' title='bbox 505 593 683 647; x_wconf 87' lang='lat' dir='ltr'><strong>media</strong></span> <span class='ocrx_word' id='word_1_29' title='bbox 713 607 965 662; x_wconf 85' lang='lat' dir='ltr'><strong>responsa</strong></span> <span class='ocrx_word' id='word_1_30' title='bbox 998 593 1313 649; x_wconf 88' lang='lat' dir='ltr'><strong>redduntur.</strong></span> <span class='ocrx_word' id='word_1_31' title='bbox 1336 593 1488 660; x_wconf 83' lang='lat' dir='ltr'><strong>Quod</strong></span> <span class='ocrx_word' id='word_1_32' title='bbox 1510 596 1610 649; x_wconf 92' lang='lat' dir='ltr'><strong>etsi</strong></span> <span class='ocrx_word' id='word_1_33' title='bbox 1632 595 1920 660; x_wconf 80' lang='lat' dir='ltr'><strong>contigerit</strong></span> <span class='ocrx_word' id='word_1_34' title='bbox 1939 600 2092 647; x_wconf 85' lang='lat' dir='ltr'><strong>extra</strong></span> 
     </span>
    </p>
   </div>
   <div class='ocr_carea' id='block_1_6' title="bbox 505 683 2090 755">
    <p class='ocr_par' dir='ltr' id='par_1_6' title="bbox 505 683 2090 755">
     <span class='ocr_line' id='line_1_6' title="bbox 505 683 2090 755; baseline -0.001 -17"><span class='ocrx_word' id='word_1_35' title='bbox 505 683 650 739; x_wconf 84' lang='lat' dir='ltr'><strong>feres</strong></span> <span class='ocrx_word' id='word_1_36' title='bbox 673 686 898 739; x_wconf 78' lang='lat' dir='ltr'><strong>cubiculi</strong></span> <span class='ocrx_word' id='word_1_37' title='bbox 926 691 1070 740; x_wconf 91' lang='lat' dir='ltr'><strong>stare</strong></span> <span class='ocrx_word' id='word_1_38' title='bbox 1099 701 1221 740; x_wconf 89' lang='lat' dir='ltr'><strong>eum</strong></span> <span class='ocrx_word' id='word_1_39' title='bbox 1242 687 1334 755; x_wconf 90' lang='lat' dir='ltr'><strong>qui</strong></span> <span class='ocrx_word' id='word_1_40' title='bbox 1367 687 1634 742; x_wconf 84' lang='lat' dir='ltr'><strong>nascentis</strong></span> <span class='ocrx_word' id='word_1_41' title='bbox 1649 687 1836 741; x_wconf 89' lang='lat' dir='ltr'><strong>horam</strong></span> <span class='ocrx_word' id='word_1_42' title='bbox 1868 686 2090 754; x_wconf 79' lang='lat' dir='ltr'><strong>colligit,</strong></span> 
     </span>
    </p>
   </div>
   <div class='ocr_carea' id='block_1_7' title="bbox 506 774 2089 846">
    <p class='ocr_par' dir='ltr' id='par_1_7' title="bbox 506 774 2089 846">
     <span class='ocr_line' id='line_1_7' title="bbox 506 774 2089 846; baseline 0.001 -20"><span class='ocrx_word' id='word_1_43' title='bbox 506 781 721 841; x_wconf 90' lang='lat' dir='ltr'><strong>oportet</strong></span> <span class='ocrx_word' id='word_1_44' title='bbox 748 774 946 827; x_wconf 83' lang='lat' dir='ltr'><strong>visitari</strong></span> <span class='ocrx_word' id='word_1_45' title='bbox 970 774 1307 840; x_wconf 88' lang='lat' dir='ltr'><strong>laterculum,</strong></span> <span class='ocrx_word' id='word_1_46' title='bbox 1340 784 1393 831; x_wconf 81' lang='lat' dir='ltr'><strong>ut</strong></span> <span class='ocrx_word' id='word_1_47' title='bbox 1430 776 1732 846; x_wconf 82' lang='lat' dir='ltr'><strong>diligenter,</strong></span> <span class='ocrx_word' id='word_1_48' title='bbox 1762 786 1817 830; x_wconf 89' lang='lat' dir='ltr'><strong>et</strong></span> <span class='ocrx_word' id='word_1_49' title='bbox 1845 776 1960 829; x_wconf 83' lang='lat' dir='ltr'><strong>sine</strong></span> <span class='ocrx_word' id='word_1_50' title='bbox 1985 776 2089 829; x_wconf 89' lang='lat' dir='ltr'><strong>ulla</strong></span> 
     </span>
    </p>
   </div>
   <div class='ocr_carea' id='block_1_8' title="bbox 505 863 2094 935">
    <p class='ocr_par' dir='ltr' id='par_1_8' title="bbox 505 863 2094 935">
     <span class='ocr_line' id='line_1_8' title="bbox 505 863 2094 935; baseline 0.003 -20"><span class='ocrx_word' id='word_1_51' title='bbox 505 863 904 918; x_wconf 85' lang='lat' dir='ltr'><strong>intermissione</strong></span> <span class='ocrx_word' id='word_1_52' title='bbox 934 864 1184 919; x_wconf 87' lang='lat' dir='ltr'><strong>calculari</strong></span> <span class='ocrx_word' id='word_1_53' title='bbox 1214 866 1386 935; x_wconf 84' lang='lat' dir='ltr'><strong>possit</strong></span> <span class='ocrx_word' id='word_1_54' title='bbox 1425 881 1613 921; x_wconf 86' lang='lat' dir='ltr'><strong>cursus</strong></span> <span class='ocrx_word' id='word_1_55' title='bbox 1647 866 1921 931; x_wconf 85' lang='lat' dir='ltr'><strong>horarum,</strong></span> <span class='ocrx_word' id='word_1_56' title='bbox 1977 866 2094 920; x_wconf 84' lang='lat' dir='ltr'><strong>sive</strong></span> 
     </span>
    </p>
   </div>
   <div class='ocr_carea' id='block_1_9' title="bbox 503 954 2091 1025">
    <p class='ocr_par' dir='ltr' id='par_1_9' title="bbox 503 954 2091 1025">
     <span class='ocr_line' id='line_1_9' title="bbox 503 954 2091 1025; baseline 0.001 -17"><span class='ocrx_word' id='word_1_57' title='bbox 503 955 680 1008; x_wconf 83' lang='lat' dir='ltr'><strong>diurni</strong></span> <span class='ocrx_word' id='word_1_58' title='bbox 710 954 926 1018; x_wconf 85' lang='lat' dir='ltr'><strong>fuerint,</strong></span> <span class='ocrx_word' id='word_1_59' title='bbox 951 958 1065 1010; x_wconf 87' lang='lat' dir='ltr'><strong>sive</strong></span> <span class='ocrx_word' id='word_1_60' title='bbox 1096 959 1361 1013; x_wconf 87' lang='lat' dir='ltr'><strong>nocturni.</strong></span> <span class='ocrx_word' id='word_1_61' title='bbox 1396 957 1726 1025; x_wconf 87' lang='lat' dir='ltr'><strong>Quantorum</strong></span> <span class='ocrx_word' id='word_1_62' title='bbox 1753 959 1911 1025; x_wconf 82' lang='lat' dir='ltr'><strong>igitur</strong></span> <span class='ocrx_word' id='word_1_63' title='bbox 1932 973 2091 1012; x_wconf 79' lang='lat' dir='ltr'><strong>sexa-</strong></span> 
     </span>
    </p>
   </div>
   <div class='ocr_carea' id='block_1_10' title="bbox 504 1045 2096 1117">
    <p class='ocr_par' dir='ltr' id='par_1_10' title="bbox 504 1045 2096 1117">
     <span class='ocr_line' id='line_1_10' title="bbox 504 1045 2096 1117; baseline 0.001 -18"><span class='ocrx_word' id='word_1_64' title='bbox 504 1045 833 1112; x_wconf 88' lang='lat' dir='ltr'><strong>gesimorum</strong></span> <span class='ocrx_word' id='word_1_65' title='bbox 848 1062 1119 1110; x_wconf 88' lang='lat' dir='ltr'><strong>numerus,</strong></span> <span class='ocrx_word' id='word_1_66' title='bbox 1139 1063 1205 1101; x_wconf 91' lang='lat' dir='ltr'><strong>eo</strong></span> <span class='ocrx_word' id='word_1_67' title='bbox 1229 1049 1343 1117; x_wconf 86' lang='lat' dir='ltr'><strong>ipso</strong></span> <span class='ocrx_word' id='word_1_68' title='bbox 1361 1055 1602 1117; x_wconf 82' lang='lat' dir='ltr'><strong>tempore</strong></span> <span class='ocrx_word' id='word_1_69' title='bbox 1615 1048 1931 1117; x_wconf 80' lang='lat' dir='ltr'><strong>praeteriisse</strong></span> <span class='ocrx_word' id='word_1_70' title='bbox 1943 1056 2096 1117; x_wconf 87' lang='lat' dir='ltr'><strong>puta-</strong></span> 
     </span>
    </p>
   </div>
   <div class='ocr_carea' id='block_1_11' title="bbox 504 1137 2089 1209">
    <p class='ocr_par' dir='ltr' id='par_1_11' title="bbox 504 1137 2089 1209">
     <span class='ocr_line' id='line_1_11' title="bbox 504 1137 2089 1209; baseline 0.003 -19"><span class='ocrx_word' id='word_1_71' title='bbox 504 1138 686 1191; x_wconf 86' lang='lat' dir='ltr'><strong>hitur?</strong></span> <span class='ocrx_word' id='word_1_72' title='bbox 715 1137 945 1206; x_wconf 69' lang='lat' dir='ltr'><strong>Necesse</strong></span> <span class='ocrx_word' id='word_1_73' title='bbox 966 1147 1048 1192; x_wconf 84' lang='lat' dir='ltr'><strong>est</strong></span> <span class='ocrx_word' id='word_1_74' title='bbox 1076 1140 1222 1193; x_wconf 90' lang='lat' dir='ltr'><strong>enim</strong></span> <span class='ocrx_word' id='word_1_75' title='bbox 1252 1147 1310 1192; x_wconf 94' lang='lat' dir='ltr'><strong>ut</strong></span> <span class='ocrx_word' id='word_1_76' title='bbox 1339 1141 1639 1194; x_wconf 83' lang='lat' dir='ltr'><strong>inveniatur</strong></span> <span class='ocrx_word' id='word_1_77' title='bbox 1658 1140 1965 1209; x_wconf 78' lang='lat' dir='ltr'><strong>stella,qu:e</strong></span> <span class='ocrx_word' id='word_1_78' title='bbox 1981 1155 2089 1194; x_wconf 90' lang='lat' dir='ltr'><strong>non</strong></span> 
     </span>
    </p>
   </div>
   <div class='ocr_carea' id='block_1_12' title="bbox 503 1227 2088 1299">
    <p class='ocr_par' dir='ltr' id='par_1_12' title="bbox 503 1227 2088 1299">
     <span class='ocr_line' id='line_1_12' title="bbox 503 1227 2088 1299; baseline 0 -18"><span class='ocrx_word' id='word_1_79' title='bbox 503 1227 677 1281; x_wconf 86' lang='lat' dir='ltr'><strong>solum</strong></span> <span class='ocrx_word' id='word_1_80' title='bbox 706 1228 757 1279; x_wconf 81' lang='lat' dir='ltr'><strong>in</strong></span> <span class='ocrx_word' id='word_1_81' title='bbox 785 1235 949 1294; x_wconf 86' lang='lat' dir='ltr'><strong>quota</strong></span> <span class='ocrx_word' id='word_1_82' title='bbox 976 1237 1131 1296; x_wconf 88' lang='lat' dir='ltr'><strong>parte</strong></span> <span class='ocrx_word' id='word_1_83' title='bbox 1153 1227 1258 1282; x_wconf 93' lang='lat' dir='ltr'><strong>duo</strong></span> <span class='ocrx_word' id='word_1_84' title='bbox 1280 1229 1456 1283; x_wconf 88' lang='lat' dir='ltr'><strong>lecimi</strong></span> <span class='ocrx_word' id='word_1_85' title='bbox 1487 1229 1679 1299; x_wconf 89' lang='lat' dir='ltr'><strong>spatii,</strong></span> <span class='ocrx_word' id='word_1_86' title='bbox 1720 1230 1812 1283; x_wconf 86' lang='lat' dir='ltr'><strong>sed</strong></span> <span class='ocrx_word' id='word_1_87' title='bbox 1843 1229 2005 1283; x_wconf 84' lang='lat' dir='ltr'><strong>etiam</strong></span> <span class='ocrx_word' id='word_1_88' title='bbox 2034 1230 2088 1282; x_wconf 90' lang='lat' dir='ltr'><strong>in</strong></span> 
     </span>
    </p>
   </div>
   <div class='ocr_carea' id='block_1_13' title="bbox 504 1319 2087 1390">
    <p class='ocr_par' dir='ltr' id='par_1_13' title="bbox 504 1319 2087 1390">
     <span class='ocr_line' id='line_1_13' title="bbox 504 1319 2087 1390; baseline 0.003 -20"><span class='ocrx_word' id='word_1_89' title='bbox 504 1327 672 1385; x_wconf 80' lang='lat' dir='ltr'><strong>quato</strong></span> <span class='ocrx_word' id='word_1_90' title='bbox 700 1328 900 1387; x_wconf 89' lang='lat' dir='ltr'><strong>puncto</strong></span> <span class='ocrx_word' id='word_1_91' title='bbox 920 1319 1212 1374; x_wconf 83' lang='lat' dir='ltr'><strong>duodecies</strong></span> <span class='ocrx_word' id='word_1_92' title='bbox 1239 1319 1426 1374; x_wconf 85' lang='lat' dir='ltr'><strong>divisae</strong></span> <span class='ocrx_word' id='word_1_93' title='bbox 1457 1321 1720 1390; x_wconf 88' lang='lat' dir='ltr'><strong>portionis</strong></span> <span class='ocrx_word' id='word_1_94' title='bbox 1756 1321 1974 1385; x_wconf 82' lang='lat' dir='ltr'><strong>assistit,</strong></span> <span class='ocrx_word' id='word_1_95' title='bbox 2001 1321 2087 1375; x_wconf 90' lang='lat' dir='ltr'><strong>vel</strong></span> 
     </span>
    </p>
   </div>
   <div class='ocr_carea' id='block_1_14' title="bbox 503 1409 2082 1484">
    <p class='ocr_par' dir='ltr' id='par_1_14' title="bbox 503 1409 2082 1484">
     <span class='ocr_line' id='line_1_14' title="bbox 503 1409 2082 1484; baseline 0.004 -22"><span class='ocrx_word' id='word_1_96' title='bbox 503 1409 684 1480; x_wconf 79' lang='lat' dir='ltr'><strong>potius</strong></span> <span class='ocrx_word' id='word_1_97' title='bbox 712 1411 763 1463; x_wconf 93' lang='lat' dir='ltr'><strong>in</strong></span> <span class='ocrx_word' id='word_1_98' title='bbox 791 1421 960 1478; x_wconf 87' lang='lat' dir='ltr'><strong>quoto</strong></span> <span class='ocrx_word' id='word_1_99' title='bbox 990 1422 1267 1467; x_wconf 91' lang='lat' dir='ltr'><strong>momento</strong></span> <span class='ocrx_word' id='word_1_100' title='bbox 1295 1415 1750 1481; x_wconf 83' lang='lat' dir='ltr'><strong>sexagesimorum</strong></span> <span class='ocrx_word' id='word_1_101' title='bbox 1799 1416 2082 1484; x_wconf 91' lang='lat' dir='ltr'><strong>reperitur,</strong></span> 
     </span>
    </p>
   </div>
   <div class='ocr_carea' id='block_1_15' title="bbox 503 1500 2082 1571">
    <p class='ocr_par' dir='ltr' id='par_1_15' title="bbox 503 1500 2082 1571">
     <span class='ocr_line' id='line_1_15' title="bbox 503 1500 2082 1571; baseline 0.004 -18"><span class='ocrx_word' id='word_1_102' title='bbox 503 1500 557 1554; x_wconf 84' lang='lat' dir='ltr'><strong>in</strong></span> <span class='ocrx_word' id='word_1_103' title='bbox 588 1501 779 1568; x_wconf 78' lang='lat' dir='ltr'><strong>quibus</strong></span> <span class='ocrx_word' id='word_1_104' title='bbox 800 1501 1031 1556; x_wconf 79' lang='lat' dir='ltr'><strong>diximus</strong></span> <span class='ocrx_word' id='word_1_105' title='bbox 1051 1502 1391 1559; x_wconf 87' lang='lat' dir='ltr'><strong>decretorum</strong></span> <span class='ocrx_word' id='word_1_106' title='bbox 1421 1513 1623 1560; x_wconf 89' lang='lat' dir='ltr'><strong>sortem</strong></span> <span class='ocrx_word' id='word_1_107' title='bbox 1645 1505 1808 1561; x_wconf 80' lang='lat' dir='ltr'><strong>fuisse</strong></span> <span class='ocrx_word' id='word_1_108' title='bbox 1836 1506 2082 1571; x_wconf 83' lang='lat' dir='ltr'><strong>divisam,</strong></span> 
     </span>
    </p>
   </div>
   <div class='ocr_carea' id='block_1_16' title="bbox 503 1590 2084 1666">
    <p class='ocr_par' dir='ltr' id='par_1_16' title="bbox 503 1590 2084 1666">
     <span class='ocr_line' id='line_1_16' title="bbox 503 1590 2084 1666; baseline 0.005 -22"><span class='ocrx_word' id='word_1_109' title='bbox 503 1600 673 1645; x_wconf 85' lang='lat' dir='ltr'><strong>autut</strong></span> <span class='ocrx_word' id='word_1_110' title='bbox 703 1590 922 1649; x_wconf 88' lang='lat' dir='ltr'><strong>omnino</strong></span> <span class='ocrx_word' id='word_1_111' title='bbox 951 1594 1148 1648; x_wconf 84' lang='lat' dir='ltr'><strong>veritas</strong></span> <span class='ocrx_word' id='word_1_112' title='bbox 1205 1596 1525 1665; x_wconf 88' lang='lat' dir='ltr'><strong>inquiratur,</strong></span> <span class='ocrx_word' id='word_1_113' title='bbox 1568 1598 1622 1651; x_wconf 91' lang='lat' dir='ltr'><strong>in</strong></span> <span class='ocrx_word' id='word_1_114' title='bbox 1671 1606 1840 1666; x_wconf 89' lang='lat' dir='ltr'><strong>quoto</strong></span> <span class='ocrx_word' id='word_1_115' title='bbox 1894 1613 2084 1652; x_wconf 91' lang='lat' dir='ltr'><strong>eorum</strong></span> 
     </span>
    </p>
   </div>
   <div class='ocr_carea' id='block_1_17' title="bbox 500 1683 2083 1757">
    <p class='ocr_par' dir='ltr' id='par_1_17' title="bbox 500 1683 2083 1757">
     <span class='ocr_line' id='line_1_17' title="bbox 500 1683 2083 1757; baseline 0.004 -23"><span class='ocrx_word' id='word_1_116' title='bbox 500 1683 958 1751; x_wconf 82' lang='lat' dir='ltr'><strong>scxagesimorum</strong></span> <span class='ocrx_word' id='word_1_117' title='bbox 988 1693 1221 1751; x_wconf 87' lang='lat' dir='ltr'><strong>ostento,</strong></span> <span class='ocrx_word' id='word_1_118' title='bbox 1246 1702 1363 1756; x_wconf 61' lang='lat' dir='ltr'><strong>qua;</strong></span> <span class='ocrx_word' id='word_1_119' title='bbox 1391 1702 1421 1741; x_wconf 88' lang='lat' dir='ltr'><strong>a</strong></span> <span class='ocrx_word' id='word_1_120' title='bbox 1443 1688 1632 1757; x_wconf 89' lang='lat' dir='ltr'><strong>primis</strong></span> <span class='ocrx_word' id='word_1_121' title='bbox 1656 1697 1782 1743; x_wconf 90' lang='lat' dir='ltr'><strong>sunt</strong></span> <span class='ocrx_word' id='word_1_122' title='bbox 1808 1689 2083 1756; x_wconf 83' lang='lat' dir='ltr'><strong>sexagesi-</strong></span> 
     </span>
    </p>
   </div>
   <div class='ocr_carea' id='block_1_18' title="bbox 2204 502 3721 581">
    <p class='ocr_par' dir='ltr' id='par_1_18' title="bbox 2204 502 3721 581">
     <span class='ocr_line' id='line_1_18' title="bbox 2204 502 3721 581; baseline 0.013 -26"><span class='ocrx_word' id='word_1_123' title='bbox 2204 512 2226 539; x_wconf 79' lang='grc' dir='ltr'><strong>ο</strong></span> <span class='ocrx_word' id='word_1_124' title='bbox 2258 502 2381 558; x_wconf 89' lang='lat' dir='ltr'><strong>inde</strong></span> <span class='ocrx_word' id='word_1_125' title='bbox 2409 518 2599 561; x_wconf 86' lang='lat' dir='ltr'><strong>causas</strong></span> <span class='ocrx_word' id='word_1_126' title='bbox 2641 510 2930 566; x_wconf 79' lang='lat' dir='ltr'><strong>asserenda</strong></span> <span class='ocrx_word' id='word_1_127' title='bbox 2958 512 3082 567; x_wconf 69' lang='lat' dir='ltr'><strong>vita:</strong></span> <span class='ocrx_word' id='word_1_128' title='bbox 3107 515 3427 581; x_wconf 85' lang='lat' dir='ltr'><strong>mortalium,</strong></span> <span class='ocrx_word' id='word_1_129' title='bbox 3450 516 3511 570; x_wconf 91' lang='lat' dir='ltr'><strong>de</strong></span> <span class='ocrx_word' id='word_1_130' title='bbox 3537 521 3721 576; x_wconf 75' lang='lat' dir='ltr'><strong>terrenis</strong></span> 
     </span>
    </p>
   </div>
   <div class='ocr_carea' id='block_1_19' title="bbox 2196 594 3721 670">
    <p class='ocr_par' dir='ltr' id='par_1_19' title="bbox 2196 594 3721 670">
     <span class='ocr_line' id='line_1_19' title="bbox 2196 594 3721 670; baseline 0.011 -22"><span class='ocrx_word' id='word_1_131' title='bbox 2196 594 2492 663; x_wconf 85' lang='lat' dir='ltr'><strong>pecudibus</strong></span> <span class='ocrx_word' id='word_1_132' title='bbox 2520 600 2851 655; x_wconf 88' lang='lat' dir='ltr'><strong>nascentium</strong></span> <span class='ocrx_word' id='word_1_133' title='bbox 2878 603 3082 659; x_wconf 84' lang='lat' dir='ltr'><strong>formas</strong></span> <span class='ocrx_word' id='word_1_134' title='bbox 3104 614 3332 670; x_wconf 86' lang='lat' dir='ltr'><strong>mentes,</strong></span> <span class='ocrx_word' id='word_1_135' title='bbox 3360 614 3413 660; x_wconf 92' lang='lat' dir='ltr'><strong>et</strong></span> <span class='ocrx_word' id='word_1_136' title='bbox 3439 606 3564 663; x_wconf 90' lang='lat' dir='ltr'><strong>dicis</strong></span> <span class='ocrx_word' id='word_1_137' title='bbox 3582 611 3721 664; x_wconf 81' lang='lat' dir='ltr'><strong>inuni-</strong></span> 
     </span>
    </p>
   </div>
   <div class='ocr_carea' id='block_1_20' title="bbox 2196 686 3723 769">
    <p class='ocr_par' dir='ltr' id='par_1_20' title="bbox 2196 686 3723 769">
     <span class='ocr_line' id='line_1_20' title="bbox 2196 686 3723 769; baseline 0.01 -28"><span class='ocrx_word' id='word_1_138' title='bbox 2196 686 2355 744; x_wconf 85' lang='lat' dir='ltr'><strong>ticum</strong></span> <span class='ocrx_word' id='word_1_139' title='bbox 2404 688 2520 745; x_wconf 79' lang='lat' dir='ltr'><strong>fore</strong></span> <span class='ocrx_word' id='word_1_140' title='bbox 2549 693 2835 747; x_wconf 77' lang='lat' dir='ltr'><strong>arietinum</strong></span> <span class='ocrx_word' id='word_1_141' title='bbox 2874 695 3146 752; x_wconf 85' lang='lat' dir='ltr'><strong>hominem</strong></span> <span class='ocrx_word' id='word_1_142' title='bbox 3180 715 3196 751; x_wconf 88' lang='lat'><strong>:</strong></span> <span class='ocrx_word' id='word_1_143' title='bbox 3241 714 3348 752; x_wconf 91' lang='lat' dir='ltr'><strong>non</strong></span> <span class='ocrx_word' id='word_1_144' title='bbox 3390 700 3507 769; x_wconf 86' lang='lat' dir='ltr'><strong>quia</strong></span> <span class='ocrx_word' id='word_1_145' title='bbox 3553 716 3723 756; x_wconf 84' lang='lat' dir='ltr'><strong>morum</strong></span> 
     </span>
    </p>
   </div>
   <div class='ocr_carea' id='block_1_21' title="bbox 2195 780 3723 861">
    <p class='ocr_par' dir='ltr' id='par_1_21' title="bbox 2195 780 3723 861">
     <span class='ocr_line' id='line_1_21' title="bbox 2195 780 3723 861; baseline 0.009 -27"><span class='ocrx_word' id='word_1_146' title='bbox 2195 780 2457 849; x_wconf 72' lang='lat' dir='ltr'><strong>ejusmodi</strong></span> <span class='ocrx_word' id='word_1_147' title='bbox 2486 798 2611 852; x_wconf 88' lang='lat' dir='ltr'><strong>pars</strong></span> <span class='ocrx_word' id='word_1_148' title='bbox 2639 785 2728 838; x_wconf 88' lang='lat' dir='ltr'><strong>illa</strong></span> <span class='ocrx_word' id='word_1_149' title='bbox 2747 787 2867 841; x_wconf 73' lang='grc' dir='ltr'><strong>οωιί</strong></span> <span class='ocrx_word' id='word_1_150' title='bbox 2895 788 3187 857; x_wconf 82' lang='lat' dir='ltr'><strong>perfectrix</strong></span> <span class='ocrx_word' id='word_1_151' title='bbox 3203 796 3307 854; x_wconf 89' lang='lat' dir='ltr'><strong>est,</strong></span> <span class='ocrx_word' id='word_1_152' title='bbox 3326 790 3416 843; x_wconf 88' lang='lat' dir='ltr'><strong>sed</strong></span> <span class='ocrx_word' id='word_1_153' title='bbox 3435 792 3548 861; x_wconf 89' lang='lat' dir='ltr'><strong>quia</strong></span> <span class='ocrx_word' id='word_1_154' title='bbox 3572 801 3723 848; x_wconf 82' lang='lat' dir='ltr'><strong>natura</strong></span> 
     </span>
    </p>
   </div>
   <div class='ocr_carea' id='block_1_22' title="bbox 2197 873 3723 950">
    <p class='ocr_par' dir='ltr' id='par_1_22' title="bbox 2197 873 3723 950">
     <span class='ocr_line' id='line_1_22' title="bbox 2197 873 3723 950; baseline 0.009 -25"><span class='ocrx_word' id='word_1_155' title='bbox 2197 873 2317 927; x_wconf 90' lang='lat' dir='ltr'><strong>talis</strong></span> <span class='ocrx_word' id='word_1_156' title='bbox 2346 882 2429 928; x_wconf 90' lang='lat' dir='ltr'><strong>est</strong></span> <span class='ocrx_word' id='word_1_157' title='bbox 2474 876 2627 931; x_wconf 88' lang='lat' dir='ltr'><strong>ovis?</strong></span> <span class='ocrx_word' id='word_1_158' title='bbox 2668 876 2913 933; x_wconf 87' lang='lat' dir='ltr'><strong>Hortaris</strong></span> <span class='ocrx_word' id='word_1_159' title='bbox 2943 894 3072 947; x_wconf 86' lang='lat' dir='ltr'><strong>ergo</strong></span> <span class='ocrx_word' id='word_1_160' title='bbox 3115 897 3218 936; x_wconf 91' lang='lat' dir='ltr'><strong>nos</strong></span> <span class='ocrx_word' id='word_1_161' title='bbox 3257 882 3468 950; x_wconf 70' lang='lat' dir='ltr'><strong>priclata</strong></span> <span class='ocrx_word' id='word_1_162' title='bbox 3507 882 3723 950; x_wconf 82' lang='lat' dir='ltr'><strong>dignitate</strong></span> 
     </span>
    </p>
   </div>
   <div class='ocr_carea' id='block_1_23' title="bbox 2192 964 3722 1041">
    <p class='ocr_par' dir='ltr' id='par_1_23' title="bbox 2192 964 3722 1041">
     <span class='ocr_line' id='line_1_23' title="bbox 2192 964 3722 1041; baseline 0.006 -22"><span class='ocrx_word' id='word_1_163' title='bbox 2192 964 2490 1031; x_wconf 90' lang='lat' dir='ltr'><strong>stellarum,</strong></span> <span class='ocrx_word' id='word_1_164' title='bbox 2534 975 2626 1020; x_wconf 91' lang='lat' dir='ltr'><strong>aut</strong></span> <span class='ocrx_word' id='word_1_165' title='bbox 2652 969 2837 1037; x_wconf 90' lang='lat' dir='ltr'><strong>potius</strong></span> <span class='ocrx_word' id='word_1_166' title='bbox 2890 970 3117 1025; x_wconf 87' lang='lat' dir='ltr'><strong>suadere</strong></span> <span class='ocrx_word' id='word_1_167' title='bbox 3145 972 3384 1039; x_wconf 82' lang='lat' dir='ltr'><strong>conaris,</strong></span> <span class='ocrx_word' id='word_1_168' title='bbox 3430 987 3522 1041; x_wconf 90' lang='lat' dir='ltr'><strong>per</strong></span> <span class='ocrx_word' id='word_1_169' title='bbox 3562 972 3722 1028; x_wconf 82' lang='lat' dir='ltr'><strong>bestias</strong></span> 
     </span>
    </p>
   </div>
   <div class='ocr_carea' id='block_1_24' title="bbox 2191 1059 3723 1127">
    <p class='ocr_par' dir='ltr' id='par_1_24' title="bbox 2191 1059 3723 1127">
     <span class='ocr_line' id='line_1_24' title="bbox 2191 1059 3723 1127; baseline 0.007 -20"><span class='ocrx_word' id='word_1_170' title='bbox 2191 1065 2371 1109; x_wconf 89' lang='lat' dir='ltr'><strong>mutas</strong></span> <span class='ocrx_word' id='word_1_171' title='bbox 2399 1059 2811 1114; x_wconf 90' lang='lat' dir='ltr'><strong>accommodare</strong></span> <span class='ocrx_word' id='word_1_172' title='bbox 2839 1059 2932 1115; x_wconf 91' lang='lat' dir='ltr'><strong>tibi</strong></span> <span class='ocrx_word' id='word_1_173' title='bbox 2953 1075 3302 1116; x_wconf 89' lang='lat' dir='ltr'><strong>consensum.</strong></span> <span class='ocrx_word' id='word_1_174' title='bbox 3325 1061 3473 1127; x_wconf 92' lang='lat' dir='ltr'><strong>Quod</strong></span> <span class='ocrx_word' id='word_1_175' title='bbox 3498 1062 3538 1116; x_wconf 89' lang='lat' dir='ltr'><strong>si</strong></span> <span class='ocrx_word' id='word_1_176' title='bbox 3562 1062 3619 1117; x_wconf 90' lang='lat' dir='ltr'><strong>de</strong></span> <span class='ocrx_word' id='word_1_177' title='bbox 3640 1064 3723 1117; x_wconf 50' lang='lat' dir='ltr'><strong>ani.</strong></span> 
     </span>
    </p>
   </div>
   <div class='ocr_carea' id='block_1_25' title="bbox 2191 1140 3720 1223">
    <p class='ocr_par' dir='ltr' id='par_1_25' title="bbox 2191 1140 3720 1223">
     <span class='ocr_line' id='line_1_25' title="bbox 2191 1140 3720 1223; baseline 0.005 -24"><span class='ocrx_word' id='word_1_178' title='bbox 2191 1148 2422 1203; x_wconf 90' lang='lat' dir='ltr'><strong>malibus</strong></span> <span class='ocrx_word' id='word_1_179' title='bbox 2451 1140 2755 1219; x_wconf 71' lang='lat' dir='ltr'><strong>assumptas</strong></span> <span class='ocrx_word' id='word_1_180' title='bbox 2776 1166 2987 1206; x_wconf 89' lang='lat' dir='ltr'><strong>morum</strong></span> <span class='ocrx_word' id='word_1_181' title='bbox 3022 1154 3386 1223; x_wconf 84' lang='lat' dir='ltr'><strong>proprietates</strong></span> <span class='ocrx_word' id='word_1_182' title='bbox 3412 1153 3561 1207; x_wconf 85' lang='lat' dir='ltr'><strong>habet</strong></span> <span class='ocrx_word' id='word_1_183' title='bbox 3586 1154 3720 1223; x_wconf 76' lang='lat' dir='ltr'><strong>polus,</strong></span> 
     </span>
    </p>
   </div>
   <div class='ocr_carea' id='block_1_26' title="bbox 2191 1235 3723 1315">
    <p class='ocr_par' dir='ltr' id='par_1_26' title="bbox 2191 1235 3723 1315">
     <span class='ocr_line' id='line_1_26' title="bbox 2191 1235 3723 1315; baseline 0.005 -24"><span class='ocrx_word' id='word_1_184' title='bbox 2191 1237 2308 1306; x_wconf 85' lang='lat' dir='ltr'><strong>ipse</strong></span> <span class='ocrx_word' id='word_1_185' title='bbox 2335 1252 2552 1307; x_wconf 91' lang='lat' dir='ltr'><strong>quoque</strong></span> <span class='ocrx_word' id='word_1_186' title='bbox 2573 1235 2815 1309; x_wconf 85' lang='lat' dir='ltr'><strong>subjacet</strong></span> <span class='ocrx_word' id='word_1_187' title='bbox 2846 1244 3261 1299; x_wconf 87' lang='lat' dir='ltr'><strong>necessitatibus</strong></span> <span class='ocrx_word' id='word_1_188' title='bbox 3290 1244 3498 1310; x_wconf 90' lang='lat' dir='ltr'><strong>alienis;</strong></span> <span class='ocrx_word' id='word_1_189' title='bbox 3519 1244 3542 1281; x_wconf 76' lang='grc' dir='ltr'>ά</span> <span class='ocrx_word' id='word_1_190' title='bbox 3567 1247 3723 1315; x_wconf 84' lang='lat' dir='ltr'><strong>quippe</strong></span> 
     </span>
    </p>
   </div>
   <div class='ocr_carea' id='block_1_27' title="bbox 2188 1331 3721 1408">
    <p class='ocr_par' dir='ltr' id='par_1_27' title="bbox 2188 1331 3721 1408">
     <span class='ocr_line' id='line_1_27' title="bbox 2188 1331 3721 1408; baseline 0.006 -25"><span class='ocrx_word' id='word_1_191' title='bbox 2188 1331 2314 1400; x_wconf 85' lang='lat' dir='ltr'><strong>quia</strong></span> <span class='ocrx_word' id='word_1_192' title='bbox 2362 1341 2550 1388; x_wconf 91' lang='lat' dir='ltr'><strong>nactus</strong></span> <span class='ocrx_word' id='word_1_193' title='bbox 2593 1343 2677 1389; x_wconf 89' lang='lat' dir='ltr'><strong>est</strong></span> <span class='ocrx_word' id='word_1_194' title='bbox 2719 1351 2790 1391; x_wconf 85' lang='lat' dir='ltr'><strong>ex</strong></span> <span class='ocrx_word' id='word_1_195' title='bbox 2830 1336 3269 1408; x_wconf 80' lang='lat' dir='ltr'><strong>quadrupedibus</strong></span> <span class='ocrx_word' id='word_1_196' title='bbox 3306 1354 3568 1393; x_wconf 87' lang='lat' dir='ltr'><strong>causarum</strong></span> <span class='ocrx_word' id='word_1_197' title='bbox 3599 1338 3721 1393; x_wconf 76' lang='lat' dir='ltr'><strong>ducta</strong></span> 
     </span>
    </p>
   </div>
   <div class='ocr_carea' id='block_1_28' title="bbox 2188 1427 3723 1504">
    <p class='ocr_par' dir='ltr' id='par_1_28' title="bbox 2188 1427 3723 1504">
     <span class='ocr_line' id='line_1_28' title="bbox 2188 1427 3723 1504; baseline 0.004 -23"><span class='ocrx_word' id='word_1_198' title='bbox 2188 1428 2474 1497; x_wconf 89' lang='lat' dir='ltr'><strong>principia.</strong></span> <span class='ocrx_word' id='word_1_199' title='bbox 2507 1427 2564 1484; x_wconf 90' lang='lat' dir='ltr'><strong>Si</strong></span> <span class='ocrx_word' id='word_1_200' title='bbox 2611 1438 2792 1486; x_wconf 89' lang='lat' dir='ltr'><strong>autem</strong></span> <span class='ocrx_word' id='word_1_201' title='bbox 2832 1432 2938 1487; x_wconf 87' lang='lat' dir='ltr'><strong>hoc</strong></span> <span class='ocrx_word' id='word_1_202' title='bbox 2978 1432 3115 1488; x_wconf 91' lang='lat' dir='ltr'><strong>dicis</strong></span> <span class='ocrx_word' id='word_1_203' title='bbox 3144 1433 3388 1504; x_wconf 89' lang='lat' dir='ltr'><strong>ineptum</strong></span> <span class='ocrx_word' id='word_1_204' title='bbox 3431 1449 3565 1497; x_wconf 88' lang='lat' dir='ltr'><strong>esse,</strong></span> <span class='ocrx_word' id='word_1_205' title='bbox 3590 1434 3723 1487; x_wconf 83' lang='lat' dir='ltr'><strong>multo</strong></span> 
     </span>
    </p>
   </div>
   <div class='ocr_carea' id='block_1_29' title="bbox 2188 1519 3725 1595">
    <p class='ocr_par' dir='ltr' id='par_1_29' title="bbox 2188 1519 3725 1595">
     <span class='ocr_line' id='line_1_29' title="bbox 2188 1519 3725 1595; baseline 0.003 -21"><span class='ocrx_word' id='word_1_206' title='bbox 2188 1519 2316 1574; x_wconf 89' lang='lat' dir='ltr'><strong>illud</strong></span> <span class='ocrx_word' id='word_1_207' title='bbox 2345 1523 2723 1591; x_wconf 89' lang='lat' dir='ltr'><strong>pronuntiabis</strong></span> <span class='ocrx_word' id='word_1_208' title='bbox 2767 1524 3021 1595; x_wconf 88' lang='lat' dir='ltr'><strong>ineptius,</strong></span> <span class='ocrx_word' id='word_1_209' title='bbox 3053 1534 3111 1580; x_wconf 89' lang='lat' dir='ltr'><strong>ut</strong></span> <span class='ocrx_word' id='word_1_210' title='bbox 3146 1527 3377 1581; x_wconf 89' lang='lat' dir='ltr'><strong>auderes</strong></span> <span class='ocrx_word' id='word_1_211' title='bbox 3403 1526 3468 1581; x_wconf 92' lang='lat' dir='ltr'><strong>de</strong></span> <span class='ocrx_word' id='word_1_212' title='bbox 3494 1527 3567 1581; x_wconf 89' lang='lat' dir='ltr'><strong>his</strong></span> <span class='ocrx_word' id='word_1_213' title='bbox 3602 1525 3725 1579; x_wconf 86' lang='lat' dir='ltr'><strong>rebus</strong></span> 
     </span>
    </p>
   </div>
   <div class='ocr_carea' id='block_1_30' title="bbox 2188 1612 3724 1687">
    <p class='ocr_par' dir='ltr' id='par_1_30' title="bbox 2188 1612 3724 1687">
     <span class='ocr_line' id='line_1_30' title="bbox 2188 1612 3724 1687; baseline 0.003 -22"><span class='ocrx_word' id='word_1_214' title='bbox 2188 1613 2518 1668; x_wconf 89' lang='lat' dir='ltr'><strong>assertiones</strong></span> <span class='ocrx_word' id='word_1_215' title='bbox 2543 1612 2755 1679; x_wconf 73' lang='lat' dir='ltr'><strong>afferre,</strong></span> <span class='ocrx_word' id='word_1_216' title='bbox 2776 1631 2895 1685; x_wconf 67' lang='lat' dir='ltr'><strong>qua:</strong></span> <span class='ocrx_word' id='word_1_217' title='bbox 2923 1617 3054 1670; x_wconf 87' lang='lat' dir='ltr'><strong>nihil</strong></span> <span class='ocrx_word' id='word_1_218' title='bbox 3095 1618 3379 1672; x_wconf 85' lang='lat' dir='ltr'><strong>nobiscum</strong></span> <span class='ocrx_word' id='word_1_219' title='bbox 3411 1618 3630 1687; x_wconf 63' lang='lat' dir='ltr'><strong>videntur</strong></span> <span class='ocrx_word' id='word_1_220' title='bbox 3648 1617 3724 1670; x_wconf 87' lang='lat' dir='ltr'><strong>ba-</strong></span> 
     </span>
    </p>
   </div>
   <div class='ocr_carea' id='block_1_31' title="bbox 2185 1701 3725 1776">
    <p class='ocr_par' dir='ltr' id='par_1_31' title="bbox 2185 1701 3725 1776">
     <span class='ocr_line' id='line_1_31' title="bbox 2185 1701 3725 1776; baseline 0.001 -20"><span class='ocrx_word' id='word_1_221' title='bbox 2185 1701 2315 1757; x_wconf 89' lang='lat' dir='ltr'><strong>bere</strong></span> <span class='ocrx_word' id='word_1_222' title='bbox 2340 1718 2644 1760; x_wconf 89' lang='lat' dir='ltr'><strong>commune.</strong></span> <span class='ocrx_word' id='word_1_223' title='bbox 2682 1704 2875 1761; x_wconf 90' lang='lat' dir='ltr'><strong>Verum</strong></span> <span class='ocrx_word' id='word_1_224' title='bbox 2902 1707 3017 1761; x_wconf 62' lang='lat' dir='ltr'><strong>haec</strong></span> <span class='ocrx_word' id='word_1_225' title='bbox 3046 1708 3263 1762; x_wconf 89' lang='lat' dir='ltr'><strong>illorum</strong></span> <span class='ocrx_word' id='word_1_226' title='bbox 3293 1716 3588 1776; x_wconf 86' lang='lat' dir='ltr'><strong>argumenta</strong></span> <span class='ocrx_word' id='word_1_227' title='bbox 3613 1707 3725 1760; x_wconf 87' lang='lat' dir='ltr'><strong>simi-</strong></span> 
     </span>
    </p>
   </div>
   <div class='ocr_carea' id='block_1_32' title="bbox 500 1774 3725 1869">
    <p class='ocr_par' dir='ltr' id='par_1_32' title="bbox 500 1774 3725 1869">
     <span class='ocr_line' id='line_1_32' title="bbox 500 1774 3725 1869; baseline 0.007 -42"><span class='ocrx_word' id='word_1_228' title='bbox 500 1774 604 1828; x_wconf 87' lang='lat' dir='ltr'><strong>mis</strong></span> <span class='ocrx_word' id='word_1_229' title='bbox 645 1774 670 1811; x_wconf 69' lang='grc' dir='ltr'>δ</span> <span class='ocrx_word' id='word_1_230' title='bbox 693 1784 961 1844; x_wconf 86' lang='lat' dir='ltr'><strong>reparata.</strong></span> <span class='ocrx_word' id='word_1_231' title='bbox 992 1777 1191 1832; x_wconf 84' lang='lat' dir='ltr'><strong>Verum</strong></span> <span class='ocrx_word' id='word_1_232' title='bbox 1241 1779 1396 1834; x_wconf 90' lang='lat' dir='ltr'><strong>istam</strong></span> <span class='ocrx_word' id='word_1_233' title='bbox 1423 1778 1503 1837; x_wconf 88' lang='lat' dir='ltr'><strong>sic</strong></span> <span class='ocrx_word' id='word_1_234' title='bbox 1544 1784 1903 1851; x_wconf 89' lang='lat' dir='ltr'><strong>enucleatam,</strong></span> <span class='ocrx_word' id='word_1_235' title='bbox 1924 1792 1982 1838; x_wconf 91' lang='lat' dir='ltr'><strong>et</strong></span> <span class='ocrx_word' id='word_1_236' title='bbox 2009 1784 2093 1837; x_wconf 91' lang='lat' dir='ltr'><strong>in-</strong></span> <span class='ocrx_word' id='word_1_237' title='bbox 2125 1782 2170 1840; x_wconf 87' lang='grc' dir='ltr'><strong>Β</strong></span> <span class='ocrx_word' id='word_1_238' title='bbox 2197 1794 2267 1847; x_wconf 83' lang='lat' dir='ltr'><strong>lia</strong></span> <span class='ocrx_word' id='word_1_239' title='bbox 2297 1803 2421 1850; x_wconf 79' lang='lat' dir='ltr'><strong>sum</strong></span> <span class='ocrx_word' id='word_1_240' title='bbox 2451 1803 2476 1833; x_wconf 76' lang='grc' dir='ltr'><strong><em>ο</em></strong></span> <span class='ocrx_word' id='word_1_241' title='bbox 2500 1796 2740 1851; x_wconf 69' lang='lat' dir='ltr'><strong>cassibus</strong></span> <span class='ocrx_word' id='word_1_242' title='bbox 2767 1812 3114 1861; x_wconf 70' lang='lat' dir='ltr'><strong>aranearum,</strong></span> <span class='ocrx_word' id='word_1_243' title='bbox 3166 1799 3222 1853; x_wconf 79' lang='lat' dir='ltr'><strong>in</strong></span> <span class='ocrx_word' id='word_1_244' title='bbox 3266 1799 3457 1869; x_wconf 77' lang='lat' dir='ltr'><strong>quibus</strong></span> <span class='ocrx_word' id='word_1_245' title='bbox 3506 1798 3546 1853; x_wconf 79' lang='lat' dir='ltr'><strong>si</strong></span> <span class='ocrx_word' id='word_1_246' title='bbox 3586 1798 3725 1861; x_wconf 73' lang='lat' dir='ltr'><strong>culex,</strong></span> 
     </span>
    </p>
   </div>
   <div class='ocr_carea' id='block_1_33' title="bbox 501 1868 2090 1943">
    <p class='ocr_par' dir='ltr' id='par_1_33' title="bbox 501 1868 2090 1943">
     <span class='ocr_line' id='line_1_33' title="bbox 501 1868 2090 1943; baseline 0.005 -21"><span class='ocrx_word' id='word_1_247' title='bbox 501 1868 1049 1937; x_wconf 83' lang='lat' dir='ltr'><strong>comprehensibilcm</strong></span> <span class='ocrx_word' id='word_1_248' title='bbox 1072 1873 1332 1941; x_wconf 86' lang='lat' dir='ltr'><strong>temporis</strong></span> <span class='ocrx_word' id='word_1_249' title='bbox 1368 1873 1754 1942; x_wconf 85' lang='lat' dir='ltr'><strong>inventionem,</strong></span> <span class='ocrx_word' id='word_1_250' title='bbox 1788 1876 1842 1930; x_wconf 92' lang='lat' dir='ltr'><strong>in</strong></span> <span class='ocrx_word' id='word_1_251' title='bbox 1869 1876 2090 1943; x_wconf 82' lang='lat' dir='ltr'><strong>singulis</strong></span> 
     </span>
    </p>
   </div>
   <div class='ocr_carea' id='block_1_34' title="bbox 502 1958 2090 2030">
    <p class='ocr_par' dir='ltr' id='par_1_34' title="bbox 502 1958 2090 2030">
     <span class='ocr_line' id='line_1_34' title="bbox 502 1958 2090 2030; baseline 0.006 -19"><span class='ocrx_word' id='word_1_252' title='bbox 502 1958 803 2027; x_wconf 87' lang='lat' dir='ltr'><strong>quibusque</strong></span> <span class='ocrx_word' id='word_1_253' title='bbox 844 1958 1074 2028; x_wconf 87' lang='lat' dir='ltr'><strong>planetis</strong></span> <span class='ocrx_word' id='word_1_254' title='bbox 1121 1960 1258 2030; x_wconf 88' lang='lat' dir='ltr'><strong>ticri,</strong></span> <span class='ocrx_word' id='word_1_255' title='bbox 1314 1965 1677 2020; x_wconf 89' lang='lat' dir='ltr'><strong>necessarium</strong></span> <span class='ocrx_word' id='word_1_256' title='bbox 1715 1982 1833 2022; x_wconf 89' lang='lat' dir='ltr'><strong>esse</strong></span> <span class='ocrx_word' id='word_1_257' title='bbox 1884 1965 2090 2027; x_wconf 83' lang='lat' dir='ltr'><strong>contir-</strong></span> 
     </span>
    </p>
   </div>
   <div class='ocr_carea' id='block_1_35' title="bbox 502 2055 2094 2125">
    <p class='ocr_par' dir='ltr' id='par_1_35' title="bbox 502 2055 2094 2125">
     <span class='ocr_line' id='line_1_35' title="bbox 502 2055 2094 2125; baseline 0.007 -23"><span class='ocrx_word' id='word_1_258' title='bbox 502 2058 654 2103; x_wconf 90' lang='lat' dir='ltr'><strong>mant</strong></span> <span class='ocrx_word' id='word_1_259' title='bbox 686 2067 698 2102; x_wconf 92' lang='lat'>:</span> <span class='ocrx_word' id='word_1_260' title='bbox 725 2058 782 2103; x_wconf 92' lang='lat' dir='ltr'><strong>ut</strong></span> <span class='ocrx_word' id='word_1_261' title='bbox 801 2060 1122 2119; x_wconf 85' lang='lat' dir='ltr'><strong>agnoscatur</strong></span> <span class='ocrx_word' id='word_1_262' title='bbox 1139 2055 1353 2122; x_wconf 89' lang='lat' dir='ltr'><strong>qualem</strong></span> <span class='ocrx_word' id='word_1_263' title='bbox 1380 2056 1622 2111; x_wconf 81' lang='lat' dir='ltr'><strong>habitum</strong></span> <span class='ocrx_word' id='word_1_264' title='bbox 1650 2058 1875 2125; x_wconf 86' lang='lat' dir='ltr'><strong>gesserit</strong></span> <span class='ocrx_word' id='word_1_265' title='bbox 1906 2057 2094 2113; x_wconf 89' lang='lat' dir='ltr'><strong>adver-</strong></span> 
     </span>
    </p>
   </div>
   <div class='ocr_carea' id='block_1_36' title="bbox 502 2135 2094 2215">
    <p class='ocr_par' dir='ltr' id='par_1_36' title="bbox 502 2135 2094 2215">
     <span class='ocr_line' id='line_1_36' title="bbox 502 2135 2094 2215; baseline 0.005 -21"><span class='ocrx_word' id='word_1_266' title='bbox 502 2135 594 2194; x_wconf 88' lang='lat' dir='ltr'><strong>sus</strong></span> <span class='ocrx_word' id='word_1_267' title='bbox 616 2141 873 2196; x_wconf 86' lang='lat' dir='ltr'><strong>erraticas</strong></span> <span class='ocrx_word' id='word_1_268' title='bbox 897 2142 1103 2207; x_wconf 90' lang='lat' dir='ltr'><strong>stellas,</strong></span> <span class='ocrx_word' id='word_1_269' title='bbox 1127 2145 1212 2199; x_wconf 82' lang='lat' dir='ltr'><strong>vel</strong></span> <span class='ocrx_word' id='word_1_270' title='bbox 1242 2147 1401 2215; x_wconf 87' lang='lat' dir='ltr'><strong>quale</strong></span> <span class='ocrx_word' id='word_1_271' title='bbox 1423 2148 1563 2201; x_wconf 89' lang='lat' dir='ltr'><strong>inter</strong></span> <span class='ocrx_word' id='word_1_272' title='bbox 1576 2163 1635 2203; x_wconf 91' lang='lat' dir='ltr'><strong>se</strong></span> <span class='ocrx_word' id='word_1_273' title='bbox 1654 2149 1879 2205; x_wconf 87' lang='lat' dir='ltr'><strong>schema</strong></span> <span class='ocrx_word' id='word_1_274' title='bbox 1908 2158 2094 2204; x_wconf 86' lang='lat' dir='ltr'><strong>tenue-</strong></span> 
     </span>
    </p>
   </div>
   <div class='ocr_carea' id='block_1_37' title="bbox 502 2232 2092 2301">
    <p class='ocr_par' dir='ltr' id='par_1_37' title="bbox 502 2232 2092 2301">
     <span class='ocr_line' id='line_1_37' title="bbox 502 2232 2092 2301; baseline 0.009 -15"><span class='ocrx_word' id='word_1_275' title='bbox 502 2232 632 2301; x_wconf 88' lang='lat' dir='ltr'><strong>rint,</strong></span> <span class='ocrx_word' id='word_1_276' title='bbox 656 2249 776 2288; x_wconf 92' lang='lat' dir='ltr'><strong>cum</strong></span> <span class='ocrx_word' id='word_1_277' title='bbox 808 2244 1120 2291; x_wconf 88' lang='lat' dir='ltr'><strong>nasceretur</strong></span> <span class='ocrx_word' id='word_1_278' title='bbox 1140 2237 1450 2294; x_wconf 75' lang='lat' dir='ltr'><strong>infantulus.</strong></span> <span class='ocrx_word' id='word_1_279' title='bbox 1479 2239 1610 2295; x_wconf 87' lang='lat' dir='ltr'><strong>Nam</strong></span> <span class='ocrx_word' id='word_1_280' title='bbox 1632 2242 1677 2296; x_wconf 91' lang='lat' dir='ltr'><strong>si</strong></span> <span class='ocrx_word' id='word_1_281' title='bbox 1705 2243 1836 2298; x_wconf 88' lang='lat' dir='ltr'><strong>hora</strong></span> <span class='ocrx_word' id='word_1_282' title='bbox 1865 2243 2092 2301; x_wconf 90' lang='lat' dir='ltr'><strong>sollicite</strong></span> 
     </span>
    </p>
   </div>
   <div class='ocr_carea' id='block_1_38' title="bbox 504 2322 2093 2409">
    <p class='ocr_par' dir='ltr' id='par_1_38' title="bbox 504 2322 2093 2409">
     <span class='ocr_line' id='line_1_38' title="bbox 504 2322 2093 2409; baseline 0.01 -32"><span class='ocrx_word' id='word_1_283' title='bbox 504 2340 611 2379; x_wconf 91' lang='lat' dir='ltr'><strong>non</strong></span> <span class='ocrx_word' id='word_1_284' title='bbox 644 2322 804 2380; x_wconf 77' lang='lat' dir='ltr'><strong>fuerit</strong></span> <span class='ocrx_word' id='word_1_285' title='bbox 828 2328 1114 2395; x_wconf 90' lang='lat' dir='ltr'><strong>custodita,</strong></span> <span class='ocrx_word' id='word_1_286' title='bbox 1138 2332 1532 2402; x_wconf 88' lang='lat' dir='ltr'><strong>contigeritque</strong></span> <span class='ocrx_word' id='word_1_287' title='bbox 1558 2335 1645 2390; x_wconf 91' lang='lat' dir='ltr'><strong>vel</strong></span> <span class='ocrx_word' id='word_1_288' title='bbox 1666 2336 1934 2392; x_wconf 87' lang='lat' dir='ltr'><strong>modicum</strong></span> <span class='ocrx_word' id='word_1_289' title='bbox 1963 2337 2093 2409; x_wconf 90' lang='lat' dir='ltr'><strong>quid</strong></span> 
     </span>
    </p>
   </div>
   <div class='ocr_carea' id='block_1_39' title="bbox 504 2414 2091 2497">
    <p class='ocr_par' dir='ltr' id='par_1_39' title="bbox 504 2414 2091 2497">
     <span class='ocr_line' id='line_1_39' title="bbox 504 2414 2091 2497; baseline 0.011 -30"><span class='ocrx_word' id='word_1_290' title='bbox 504 2414 570 2468; x_wconf 87' lang='lat' dir='ltr'><strong>de</strong></span> <span class='ocrx_word' id='word_1_291' title='bbox 599 2415 689 2469; x_wconf 88' lang='lat' dir='ltr'><strong>illa</strong></span> <span class='ocrx_word' id='word_1_292' title='bbox 715 2415 1062 2473; x_wconf 77' lang='lat' dir='ltr'><strong>subtilissima</strong></span> <span class='ocrx_word' id='word_1_293' title='bbox 1110 2423 1322 2478; x_wconf 83' lang='lat' dir='ltr'><strong>ratione</strong></span> <span class='ocrx_word' id='word_1_294' title='bbox 1366 2425 1565 2480; x_wconf 88' lang='lat' dir='ltr'><strong>mutari</strong></span> <span class='ocrx_word' id='word_1_295' title='bbox 1590 2444 1603 2479; x_wconf 87' lang='lat'><strong>:</strong></span> <span class='ocrx_word' id='word_1_296' title='bbox 1631 2442 1854 2497; x_wconf 90' lang='lat' dir='ltr'><strong>prorsus</strong></span> <span class='ocrx_word' id='word_1_297' title='bbox 1899 2428 2091 2483; x_wconf 87' lang='lat' dir='ltr'><strong>obser-</strong></span> 
     </span>
    </p>
   </div>
   <div class='ocr_carea' id='block_1_40' title="bbox 502 2507 2092 2591">
    <p class='ocr_par' dir='ltr' id='par_1_40' title="bbox 502 2507 2092 2591">
     <span class='ocr_line' id='line_1_40' title="bbox 502 2507 2092 2591; baseline 0.012 -34"><span class='ocrx_word' id='word_1_298' title='bbox 502 2507 646 2561; x_wconf 83' lang='lat' dir='ltr'><strong>vatio</strong></span> <span class='ocrx_word' id='word_1_299' title='bbox 675 2515 789 2561; x_wconf 89' lang='lat' dir='ltr'><strong>tota</strong></span> <span class='ocrx_word' id='word_1_300' title='bbox 833 2510 1196 2567; x_wconf 79' lang='lat' dir='ltr'><strong>confunditur.</strong></span> <span class='ocrx_word' id='word_1_301' title='bbox 1242 2512 1379 2569; x_wconf 89' lang='lat' dir='ltr'><strong>Sunt</strong></span> <span class='ocrx_word' id='word_1_302' title='bbox 1433 2517 1648 2587; x_wconf 89' lang='lat' dir='ltr'><strong>quidem</strong></span> <span class='ocrx_word' id='word_1_303' title='bbox 1679 2521 1790 2574; x_wconf 90' lang='lat' dir='ltr'><strong>risu</strong></span> <span class='ocrx_word' id='word_1_304' title='bbox 1825 2518 1970 2590; x_wconf 86' lang='lat' dir='ltr'><strong>digni</strong></span> <span class='ocrx_word' id='word_1_305' title='bbox 1999 2521 2092 2591; x_wconf 91' lang='lat' dir='ltr'><strong>qui</strong></span> 
     </span>
    </p>
   </div>
   <div class='ocr_carea' id='block_1_41' title="bbox 504 2596 2087 2675">
    <p class='ocr_par' dir='ltr' id='par_1_41' title="bbox 504 2596 2087 2675">
     <span class='ocr_line' id='line_1_41' title="bbox 504 2596 2087 2675; baseline 0.011 -24"><span class='ocrx_word' id='word_1_306' title='bbox 504 2596 661 2666; x_wconf 84' lang='lat' dir='ltr'><strong>hujus</strong></span> <span class='ocrx_word' id='word_1_307' title='bbox 691 2599 1083 2670; x_wconf 81' lang='lat' dir='ltr'><strong>inexplicabilis</strong></span> <span class='ocrx_word' id='word_1_308' title='bbox 1127 2603 1422 2675; x_wconf 74' lang='lat' dir='ltr'><strong>disciplina:</strong></span> <span class='ocrx_word' id='word_1_309' title='bbox 1474 2610 1667 2666; x_wconf 90' lang='lat' dir='ltr'><strong>studiis</strong></span> <span class='ocrx_word' id='word_1_310' title='bbox 1711 2622 2087 2668; x_wconf 88' lang='lat' dir='ltr'><strong>vacaverunt:</strong></span> 
     </span>
    </p>
   </div>
   <div class='ocr_carea' id='block_1_42' title="bbox 502 2689 2086 2773">
    <p class='ocr_par' dir='ltr' id='par_1_42' title="bbox 502 2689 2086 2773">
     <span class='ocr_line' id='line_1_42' title="bbox 502 2689 2086 2773; baseline 0.012 -30"><span class='ocrx_word' id='word_1_311' title='bbox 502 2689 597 2744; x_wconf 82' lang='lat' dir='ltr'><strong>sed</strong></span> <span class='ocrx_word' id='word_1_312' title='bbox 630 2692 800 2746; x_wconf 92' lang='lat' dir='ltr'><strong>multo</strong></span> <span class='ocrx_word' id='word_1_313' title='bbox 828 2695 1002 2762; x_wconf 84' lang='lat' dir='ltr'><strong>magis</strong></span> <span class='ocrx_word' id='word_1_314' title='bbox 1032 2694 1108 2750; x_wconf 90' lang='lat' dir='ltr'><strong>illi</strong></span> <span class='ocrx_word' id='word_1_315' title='bbox 1149 2698 1241 2767; x_wconf 91' lang='lat' dir='ltr'><strong>qui</strong></span> <span class='ocrx_word' id='word_1_316' title='bbox 1288 2700 1497 2757; x_wconf 87' lang='lat' dir='ltr'><strong>avidius</strong></span> <span class='ocrx_word' id='word_1_317' title='bbox 1518 2702 1571 2757; x_wconf 93' lang='lat' dir='ltr'><strong>in</strong></span> <span class='ocrx_word' id='word_1_318' title='bbox 1593 2718 1690 2760; x_wconf 91' lang='lat' dir='ltr'><strong>eos</strong></span> <span class='ocrx_word' id='word_1_319' title='bbox 1712 2704 1939 2773; x_wconf 90' lang='lat' dir='ltr'><strong>inhiant,</strong></span> <span class='ocrx_word' id='word_1_320' title='bbox 1969 2714 2086 2761; x_wconf 87' lang='lat' dir='ltr'><strong>tan-</strong></span> 
     </span>
    </p>
   </div>
   <div class='ocr_carea' id='block_1_43' title="bbox 503 2782 1565 2857">
    <p class='ocr_par' dir='ltr' id='par_1_43' title="bbox 503 2782 1565 2857">
     <span class='ocr_line' id='line_1_43' title="bbox 503 2782 1565 2857; baseline 0.015 -26"><span class='ocrx_word' id='word_1_321' title='bbox 503 2795 663 2849; x_wconf 85' lang='lat' dir='ltr'><strong>quam</strong></span> <span class='ocrx_word' id='word_1_322' title='bbox 691 2782 921 2840; x_wconf 85' lang='lat' dir='ltr'><strong>scientes</strong></span> <span class='ocrx_word' id='word_1_323' title='bbox 949 2787 1168 2857; x_wconf 86' lang='lat' dir='ltr'><strong>aliquid.</strong></span> <span class='ocrx_word' id='word_1_324' title='bbox 1544 2810 1565 2827; x_wconf 81' lang='lat'><strong>-&#39;</strong></span> 
     </span>
    </p>
   </div>
   <div class='ocr_carea' id='block_1_44' title="bbox 576 2869 2097 2962">
    <p class='ocr_par' dir='ltr' id='par_1_44' title="bbox 576 2869 2097 2962">
     <span class='ocr_line' id='line_1_44' title="bbox 576 2869 2097 2962; baseline 0.017 -39"><span class='ocrx_word' id='word_1_325' title='bbox 576 2869 627 2923; x_wconf 85' lang='lat'><strong>6.</strong></span> <span class='ocrx_word' id='word_1_326' title='bbox 670 2870 857 2943; x_wconf 85' lang='lat' dir='ltr'><strong>itaque</strong></span> <span class='ocrx_word' id='word_1_327' title='bbox 885 2877 1062 2931; x_wconf 86' lang='lat' dir='ltr'><strong>solent</strong></span> <span class='ocrx_word' id='word_1_328' title='bbox 1091 2888 1334 2947; x_wconf 88' lang='lat' dir='ltr'><strong>eventus,</strong></span> <span class='ocrx_word' id='word_1_329' title='bbox 1367 2893 1421 2940; x_wconf 91' lang='lat' dir='ltr'><strong>et</strong></span> <span class='ocrx_word' id='word_1_330' title='bbox 1444 2885 1645 2955; x_wconf 80' lang='lat' dir='ltr'><strong>eﬂigies</strong></span> <span class='ocrx_word' id='word_1_331' title='bbox 1664 2903 1881 2961; x_wconf 90' lang='lat' dir='ltr'><strong>quoque</strong></span> <span class='ocrx_word' id='word_1_332' title='bbox 1908 2871 2097 2962; x_wconf 62' lang='lat' dir='ltr'><strong>praedi-</strong></span> 
     </span>
    </p>
   </div>
   <div class='ocr_carea' id='block_1_45' title="bbox 504 2964 2094 3054">
    <p class='ocr_par' dir='ltr' id='par_1_45' title="bbox 504 2964 2094 3054">
     <span class='ocr_line' id='line_1_45' title="bbox 504 2964 2094 3054; baseline 0.016 -39"><span class='ocrx_word' id='word_1_333' title='bbox 504 2978 630 3017; x_wconf 86' lang='lat' dir='ltr'><strong>cere</strong></span> <span class='ocrx_word' id='word_1_334' title='bbox 653 2964 1005 3034; x_wconf 86' lang='lat' dir='ltr'><strong>singuiorum,</strong></span> <span class='ocrx_word' id='word_1_335' title='bbox 1036 2969 1375 3031; x_wconf 89' lang='lat' dir='ltr'><strong>declarantes</strong></span> <span class='ocrx_word' id='word_1_336' title='bbox 1403 2978 1554 3033; x_wconf 90' lang='lat' dir='ltr'><strong>illum</strong></span> <span class='ocrx_word' id='word_1_337' title='bbox 1583 2981 1763 3052; x_wconf 89' lang='lat' dir='ltr'><strong>crispo</strong></span> <span class='ocrx_word' id='word_1_338' title='bbox 1787 2985 1980 3054; x_wconf 90' lang='lat' dir='ltr'><strong>capillo</strong></span> <span class='ocrx_word' id='word_1_339' title='bbox 2009 2985 2094 3041; x_wconf 79' lang='lat' dir='ltr'><strong>fu-</strong></span> 
     </span>
    </p>
   </div>
   <div class='ocr_carea' id='block_1_46' title="bbox 507 3057 2094 3148">
    <p class='ocr_par' dir='ltr' id='par_1_46' title="bbox 507 3057 2094 3148">
     <span class='ocr_line' id='line_1_46' title="bbox 507 3057 2094 3148; baseline 0.019 -42"><span class='ocrx_word' id='word_1_340' title='bbox 507 3062 681 3108; x_wconf 90' lang='lat' dir='ltr'><strong>turum</strong></span> <span class='ocrx_word' id='word_1_341' title='bbox 712 3069 766 3111; x_wconf 84' lang='lat' dir='ltr'><strong>et</strong></span> <span class='ocrx_word' id='word_1_342' title='bbox 792 3057 1058 3128; x_wconf 89' lang='lat' dir='ltr'><strong>alacrem;</strong></span> <span class='ocrx_word' id='word_1_343' title='bbox 1090 3065 1346 3133; x_wconf 90' lang='lat' dir='ltr'><strong>quoniam</strong></span> <span class='ocrx_word' id='word_1_344' title='bbox 1374 3068 1429 3124; x_wconf 91' lang='lat' dir='ltr'><strong>in</strong></span> <span class='ocrx_word' id='word_1_345' title='bbox 1468 3072 1638 3129; x_wconf 86' lang='lat' dir='ltr'><strong>ariete</strong></span> <span class='ocrx_word' id='word_1_346' title='bbox 1665 3076 1843 3145; x_wconf 90' lang='lat' dir='ltr'><strong>posita</strong></span> <span class='ocrx_word' id='word_1_347' title='bbox 1870 3074 1953 3133; x_wconf 76' lang='lat' dir='ltr'><strong>est</strong></span> <span class='ocrx_word' id='word_1_348' title='bbox 1979 3080 2094 3148; x_wconf 85' lang='lat' dir='ltr'><strong>ejus</strong></span> 
     </span>
    </p>
   </div>
   <div class='ocr_carea' id='block_1_47' title="bbox 467 3143 2167 3240">
    <p class='ocr_par' dir='ltr' id='par_1_47' title="bbox 467 3143 2167 3240">
     <span class='ocr_line' id='line_1_47' title="bbox 467 3143 2167 3240; baseline 0.019 -45"><span class='ocrx_word' id='word_1_349' title='bbox 467 3225 473 3231; x_wconf 22' lang='grc' dir='ltr'><strong><em>ν</em></strong></span> <span class='ocrx_word' id='word_1_350' title='bbox 506 3143 670 3209; x_wconf 89' lang='lat' dir='ltr'><strong>hora,</strong></span> <span class='ocrx_word' id='word_1_351' title='bbox 701 3148 824 3202; x_wconf 86' lang='lat' dir='ltr'><strong>talis</strong></span> <span class='ocrx_word' id='word_1_352' title='bbox 852 3150 1009 3205; x_wconf 83' lang='lat' dir='ltr'><strong>enim.</strong></span> <span class='ocrx_word' id='word_1_353' title='bbox 1040 3155 1250 3224; x_wconf 89' lang='lat' dir='ltr'><strong>species</strong></span> <span class='ocrx_word' id='word_1_354' title='bbox 1288 3166 1373 3214; x_wconf 91' lang='lat' dir='ltr'><strong>est</strong></span> <span class='ocrx_word' id='word_1_355' title='bbox 1419 3160 1538 3231; x_wconf 86' lang='lat' dir='ltr'><strong>ejus</strong></span> <span class='ocrx_word' id='word_1_356' title='bbox 1567 3143 1844 3233; x_wconf 81' lang='lat' dir='ltr'><strong>animalis;</strong></span> <span class='ocrx_word' id='word_1_357' title='bbox 1885 3143 2095 3240; x_wconf 64' lang='lat' dir='ltr'><strong>erittjue</strong></span> <span class='ocrx_word' id='word_1_358' title='bbox 2123 3147 2167 3207; x_wconf 74' lang='lat' dir='ltr'>C</span> 
     </span>
    </p>
   </div>
   <div class='ocr_carea' id='block_1_48' title="bbox 505 3239 2098 3323">
    <p class='ocr_par' dir='ltr' id='par_1_48' title="bbox 505 3239 2098 3323">
     <span class='ocr_line' id='line_1_48' title="bbox 505 3239 2098 3323; baseline 0.019 -37"><span class='ocrx_word' id='word_1_359' title='bbox 505 3246 712 3301; x_wconf 71' lang='lat' dir='ltr'><strong>magna:</strong></span> <span class='ocrx_word' id='word_1_360' title='bbox 738 3239 1014 3306; x_wconf 76' lang='lat' dir='ltr'><strong>potentize,</strong></span> <span class='ocrx_word' id='word_1_361' title='bbox 1038 3246 1292 3312; x_wconf 90' lang='lat' dir='ltr'><strong>quoniam</strong></span> <span class='ocrx_word' id='word_1_362' title='bbox 1314 3249 1629 3323; x_wconf 88' lang='lat' dir='ltr'><strong>principalis</strong></span> <span class='ocrx_word' id='word_1_363' title='bbox 1657 3262 1740 3310; x_wconf 88' lang='lat' dir='ltr'><strong>est</strong></span> <span class='ocrx_word' id='word_1_364' title='bbox 1766 3258 1927 3313; x_wconf 88' lang='lat' dir='ltr'><strong>aries.</strong></span> <span class='ocrx_word' id='word_1_365' title='bbox 1960 3239 2098 3315; x_wconf 61' lang='lat' dir='ltr'><strong>Prae-</strong></span> 
     </span>
    </p>
   </div>
   <div class='ocr_carea' id='block_1_49' title="bbox 504 3323 2092 3419">
    <p class='ocr_par' dir='ltr' id='par_1_49' title="bbox 504 3323 2092 3419">
     <span class='ocr_line' id='line_1_49' title="bbox 504 3323 2092 3419; baseline 0.018 -41"><span class='ocrx_word' id='word_1_366' title='bbox 504 3323 729 3381; x_wconf 84' lang='lat' dir='ltr'><strong>sidalem</strong></span> <span class='ocrx_word' id='word_1_367' title='bbox 756 3343 973 3399; x_wconf 90' lang='lat' dir='ltr'><strong>quoque</strong></span> <span class='ocrx_word' id='word_1_368' title='bbox 1000 3330 1258 3403; x_wconf 79' lang='lat' dir='ltr'><strong>futurum,</strong></span> <span class='ocrx_word' id='word_1_369' title='bbox 1299 3348 1355 3394; x_wconf 89' lang='lat' dir='ltr'><strong>et</strong></span> <span class='ocrx_word' id='word_1_370' title='bbox 1403 3351 1789 3416; x_wconf 66' lang='lat' dir='ltr'><strong>quaestuosum,</strong></span> <span class='ocrx_word' id='word_1_371' title='bbox 1837 3351 2092 3419; x_wconf 85' lang='lat' dir='ltr'><strong>quoniam</strong></span> 
     </span>
    </p>
   </div>
   <div class='ocr_carea' id='block_1_50' title="bbox 505 3419 2093 3504">
    <p class='ocr_par' dir='ltr' id='par_1_50' title="bbox 505 3419 2093 3504">
     <span class='ocr_line' id='line_1_50' title="bbox 505 3419 2093 3504; baseline 0.02 -34"><span class='ocrx_word' id='word_1_372' title='bbox 505 3431 670 3485; x_wconf 89' lang='lat' dir='ltr'><strong>pecus</strong></span> <span class='ocrx_word' id='word_1_373' title='bbox 699 3419 839 3475; x_wconf 89' lang='lat' dir='ltr'><strong>istud</strong></span> <span class='ocrx_word' id='word_1_374' title='bbox 868 3423 984 3499; x_wconf 87' lang='lat' dir='ltr'><strong>sine</strong></span> <span class='ocrx_word' id='word_1_375' title='bbox 1012 3428 1257 3485; x_wconf 90' lang='lat' dir='ltr'><strong>molestia</strong></span> <span class='ocrx_word' id='word_1_376' title='bbox 1287 3432 1586 3504; x_wconf 86' lang='lat' dir='ltr'><strong>depositam</strong></span> <span class='ocrx_word' id='word_1_377' title='bbox 1615 3439 1796 3497; x_wconf 88' lang='lat' dir='ltr'><strong>lanam</strong></span> <span class='ocrx_word' id='word_1_378' title='bbox 1828 3442 1982 3500; x_wconf 79' lang='lat' dir='ltr'><strong>facile</strong></span> <span class='ocrx_word' id='word_1_379' title='bbox 2003 3462 2093 3502; x_wconf 89' lang='lat' dir='ltr'><strong>re-</strong></span> 
     </span>
    </p>
   </div>
   <div class='ocr_carea' id='block_1_51' title="bbox 504 3507 2096 3592">
    <p class='ocr_par' dir='ltr' id='par_1_51' title="bbox 504 3507 2096 3592">
     <span class='ocr_line' id='line_1_51' title="bbox 504 3507 2096 3592; baseline 0.022 -34"><span class='ocrx_word' id='word_1_380' title='bbox 504 3507 671 3561; x_wconf 88' lang='lat' dir='ltr'><strong>sumit</strong></span> <span class='ocrx_word' id='word_1_381' title='bbox 700 3509 1037 3570; x_wconf 89' lang='lat' dir='ltr'><strong>ministrante</strong></span> <span class='ocrx_word' id='word_1_382' title='bbox 1062 3527 1275 3575; x_wconf 88' lang='lat' dir='ltr'><strong>natura.</strong></span> <span class='ocrx_word' id='word_1_383' title='bbox 1303 3521 1405 3589; x_wconf 87' lang='lat' dir='ltr'><strong>Qui</strong></span> <span class='ocrx_word' id='word_1_384' title='bbox 1433 3535 1613 3583; x_wconf 91' lang='lat' dir='ltr'><strong>autem</strong></span> <span class='ocrx_word' id='word_1_385' title='bbox 1643 3531 1743 3586; x_wconf 92' lang='lat' dir='ltr'><strong>sub</strong></span> <span class='ocrx_word' id='word_1_386' title='bbox 1772 3539 1929 3590; x_wconf 89' lang='lat' dir='ltr'><strong>tauro</strong></span> <span class='ocrx_word' id='word_1_387' title='bbox 1949 3552 2096 3592; x_wconf 87' lang='lat' dir='ltr'><strong>crea-</strong></span> 
     </span>
    </p>
   </div>
   <div class='ocr_carea' id='block_1_52' title="bbox 507 3603 2095 3693">
    <p class='ocr_par' dir='ltr' id='par_1_52' title="bbox 507 3603 2095 3693">
     <span class='ocr_line' id='line_1_52' title="bbox 507 3603 2095 3693; baseline 0.023 -45"><span class='ocrx_word' id='word_1_388' title='bbox 507 3603 592 3651; x_wconf 86' lang='lat' dir='ltr'><strong>tus</strong></span> <span class='ocrx_word' id='word_1_389' title='bbox 619 3607 702 3652; x_wconf 89' lang='lat' dir='ltr'><strong>est</strong></span> <span class='ocrx_word' id='word_1_390' title='bbox 732 3605 1041 3672; x_wconf 88' lang='lat' dir='ltr'><strong>tyrannicus</strong></span> <span class='ocrx_word' id='word_1_391' title='bbox 1061 3609 1186 3678; x_wconf 91' lang='lat' dir='ltr'><strong>erit,</strong></span> <span class='ocrx_word' id='word_1_392' title='bbox 1210 3618 1265 3665; x_wconf 89' lang='lat' dir='ltr'><strong>et</strong></span> <span class='ocrx_word' id='word_1_393' title='bbox 1293 3612 1616 3685; x_wconf 90' lang='lat' dir='ltr'><strong>laboriosus,</strong></span> <span class='ocrx_word' id='word_1_394' title='bbox 1647 3620 1897 3693; x_wconf 90' lang='lat' dir='ltr'><strong>idemque</strong></span> <span class='ocrx_word' id='word_1_395' title='bbox 1914 3628 2095 3683; x_wconf 82' lang='lat' dir='ltr'><strong>servi-</strong></span> 
     </span>
    </p>
   </div>
   <div class='ocr_carea' id='block_1_53' title="bbox 504 3689 2095 3787">
    <p class='ocr_par' dir='ltr' id='par_1_53' title="bbox 504 3689 2095 3787">
     <span class='ocr_line' id='line_1_53' title="bbox 504 3689 2095 3787; baseline 0.02 -44"><span class='ocrx_word' id='word_1_396' title='bbox 504 3689 592 3759; x_wconf 92' lang='lat' dir='ltr'><strong>lis,</strong></span> <span class='ocrx_word' id='word_1_397' title='bbox 611 3698 796 3749; x_wconf 85' lang='lat' dir='ltr'><strong>taurus</strong></span> <span class='ocrx_word' id='word_1_398' title='bbox 822 3697 964 3751; x_wconf 90' lang='lat' dir='ltr'><strong>enim</strong></span> <span class='ocrx_word' id='word_1_399' title='bbox 987 3697 1118 3769; x_wconf 88' lang='lat' dir='ltr'><strong>jugo</strong></span> <span class='ocrx_word' id='word_1_400' title='bbox 1147 3702 1462 3763; x_wconf 90' lang='lat' dir='ltr'><strong>submittere</strong></span> <span class='ocrx_word' id='word_1_401' title='bbox 1490 3710 1630 3765; x_wconf 88' lang='lat' dir='ltr'><strong>colla</strong></span> <span class='ocrx_word' id='word_1_402' title='bbox 1658 3689 1956 3771; x_wconf 80' lang='lat' dir='ltr'><strong>consuevit.</strong></span> <span class='ocrx_word' id='word_1_403' title='bbox 1991 3718 2095 3787; x_wconf 88' lang='lat' dir='ltr'><strong>Qui</strong></span> 
     </span>
    </p>
   </div>
   <div class='ocr_carea' id='block_1_54' title="bbox 507 3784 2094 3873">
    <p class='ocr_par' dir='ltr' id='par_1_54' title="bbox 507 3784 2094 3873">
     <span class='ocr_line' id='line_1_54' title="bbox 507 3784 2094 3873; baseline 0.02 -39"><span class='ocrx_word' id='word_1_404' title='bbox 507 3797 635 3837; x_wconf 88' lang='lat' dir='ltr'><strong>vero</strong></span> <span class='ocrx_word' id='word_1_405' title='bbox 664 3784 817 3852; x_wconf 88' lang='lat' dir='ltr'><strong>signo</strong></span> <span class='ocrx_word' id='word_1_406' title='bbox 844 3791 1043 3859; x_wconf 88' lang='lat' dir='ltr'><strong>scorpii</strong></span> <span class='ocrx_word' id='word_1_407' title='bbox 1075 3794 1328 3863; x_wconf 88' lang='lat' dir='ltr'><strong>nascitur,</strong></span> <span class='ocrx_word' id='word_1_408' title='bbox 1359 3799 1644 3857; x_wconf 78' lang='lat' dir='ltr'><strong>vulniﬁcus</strong></span> <span class='ocrx_word' id='word_1_409' title='bbox 1675 3804 1987 3873; x_wconf 89' lang='lat' dir='ltr'><strong>habebitur,</strong></span> <span class='ocrx_word' id='word_1_410' title='bbox 2015 3784 2094 3866; x_wconf 29' lang='lat' dir='ltr'><strong>vut</strong></span> 
     </span>
    </p>
   </div>
   <div class='ocr_carea' id='block_1_55' title="bbox 504 3875 2093 3958">
    <p class='ocr_par' dir='ltr' id='par_1_55' title="bbox 504 3875 2093 3958">
     <span class='ocr_line' id='line_1_55' title="bbox 504 3875 2093 3958; baseline 0.02 -31"><span class='ocrx_word' id='word_1_411' title='bbox 504 3882 633 3944; x_wconf 88' lang='lat' dir='ltr'><strong>pote</strong></span> <span class='ocrx_word' id='word_1_412' title='bbox 653 3875 841 3934; x_wconf 87' lang='lat' dir='ltr'><strong>similis</strong></span> <span class='ocrx_word' id='word_1_413' title='bbox 864 3878 969 3946; x_wconf 89' lang='lat' dir='ltr'><strong>illi;</strong></span> <span class='ocrx_word' id='word_1_414' title='bbox 999 3883 1091 3952; x_wconf 90' lang='lat' dir='ltr'><strong>qui</strong></span> <span class='ocrx_word' id='word_1_415' title='bbox 1117 3894 1296 3941; x_wconf 87' lang='lat' dir='ltr'><strong>autem</strong></span> <span class='ocrx_word' id='word_1_416' title='bbox 1324 3891 1424 3946; x_wconf 90' lang='lat' dir='ltr'><strong>sub</strong></span> <span class='ocrx_word' id='word_1_417' title='bbox 1448 3892 1583 3949; x_wconf 88' lang='lat' dir='ltr'><strong>hora</strong></span> <span class='ocrx_word' id='word_1_418' title='bbox 1612 3895 1762 3952; x_wconf 75' lang='lat' dir='ltr'><strong>librm</strong></span> <span class='ocrx_word' id='word_1_419' title='bbox 1790 3897 1949 3955; x_wconf 79' lang='lat' dir='ltr'><strong>fuerit</strong></span> <span class='ocrx_word' id='word_1_420' title='bbox 1978 3903 2093 3958; x_wconf 88' lang='lat' dir='ltr'><strong>edi-</strong></span> 
     </span>
    </p>
   </div>
   <div class='ocr_carea' id='block_1_56' title="bbox 507 3965 2092 4057">
    <p class='ocr_par' dir='ltr' id='par_1_56' title="bbox 507 3965 2092 4057">
     <span class='ocr_line' id='line_1_56' title="bbox 507 3965 2092 4057; baseline 0.021 -40"><span class='ocrx_word' id='word_1_421' title='bbox 507 3972 610 4031; x_wconf 90' lang='lat' dir='ltr'><strong>tus,</strong></span> <span class='ocrx_word' id='word_1_422' title='bbox 635 3965 813 4034; x_wconf 88' lang='lat' dir='ltr'><strong>justus</strong></span> <span class='ocrx_word' id='word_1_423' title='bbox 834 3971 1096 4041; x_wconf 83' lang='lat' dir='ltr'><strong>elhcitur;</strong></span> <span class='ocrx_word' id='word_1_424' title='bbox 1130 3987 1354 4048; x_wconf 84' lang='lat' dir='ltr'><strong>propter</strong></span> <span class='ocrx_word' id='word_1_425' title='bbox 1371 3984 1677 4052; x_wconf 71' lang='lat' dir='ltr'><strong>tequitatem</strong></span> <span class='ocrx_word' id='word_1_426' title='bbox 1699 4003 1818 4057; x_wconf 74' lang='lat' dir='ltr'><strong>qum</strong></span> <span class='ocrx_word' id='word_1_427' title='bbox 1845 4003 2092 4050; x_wconf 87' lang='lat' dir='ltr'><strong>servatur</strong></span> 
     </span>
    </p>
   </div>
   <div class='ocr_carea' id='block_1_57' title="bbox 504 4057 2089 4154">
    <p class='ocr_par' dir='ltr' id='par_1_57' title="bbox 504 4057 2089 4154">
     <span class='ocr_line' id='line_1_57' title="bbox 504 4057 2089 4154; baseline 0.021 -45"><span class='ocrx_word' id='word_1_428' title='bbox 504 4057 559 4111; x_wconf 88' lang='lat' dir='ltr'><strong>in</strong></span> <span class='ocrx_word' id='word_1_429' title='bbox 582 4060 803 4114; x_wconf 89' lang='lat' dir='ltr'><strong>trutina.</strong></span> <span class='ocrx_word' id='word_1_430' title='bbox 834 4062 987 4129; x_wconf 86' lang='lat' dir='ltr'><strong>Quod</strong></span> <span class='ocrx_word' id='word_1_431' title='bbox 1010 4065 1097 4123; x_wconf 91' lang='lat' dir='ltr'><strong>his</strong></span> <span class='ocrx_word' id='word_1_432' title='bbox 1125 4069 1383 4129; x_wconf 86' lang='lat' dir='ltr'><strong>risibilius</strong></span> <span class='ocrx_word' id='word_1_433' title='bbox 1413 4074 1528 4130; x_wconf 82' lang='lat' dir='ltr'><strong>ﬁeri</strong></span> <span class='ocrx_word' id='word_1_434' title='bbox 1551 4081 1786 4148; x_wconf 88' lang='lat' dir='ltr'><strong>poterit?</strong></span> <span class='ocrx_word' id='word_1_435' title='bbox 1810 4082 1962 4139; x_wconf 77' lang='lat' dir='ltr'><strong>Aries</strong></span> <span class='ocrx_word' id='word_1_436' title='bbox 1994 4087 2089 4154; x_wconf 85' lang='lat' dir='ltr'><strong>igi-</strong></span> 
     </span>
    </p>
   </div>
   <div class='ocr_carea' id='block_1_58' title="bbox 504 4156 2085 4241">
    <p class='ocr_par' dir='ltr' id='par_1_58' title="bbox 504 4156 2085 4241">
     <span class='ocr_line' id='line_1_58' title="bbox 504 4156 2085 4241; baseline 0.022 -40"><span class='ocrx_word' id='word_1_437' title='bbox 504 4156 590 4204; x_wconf 92' lang='lat' dir='ltr'><strong>tur</strong></span> <span class='ocrx_word' id='word_1_438' title='bbox 616 4164 686 4205; x_wconf 86' lang='lat' dir='ltr'><strong>ex</strong></span> <span class='ocrx_word' id='word_1_439' title='bbox 704 4165 813 4221; x_wconf 89' lang='lat' dir='ltr'><strong>quo</strong></span> <span class='ocrx_word' id='word_1_440' title='bbox 841 4157 1078 4223; x_wconf 87' lang='lat' dir='ltr'><strong>genesim</strong></span> <span class='ocrx_word' id='word_1_441' title='bbox 1107 4164 1370 4221; x_wconf 88' lang='lat' dir='ltr'><strong>mutuaris</strong></span> <span class='ocrx_word' id='word_1_442' title='bbox 1399 4167 1707 4228; x_wconf 89' lang='lat' dir='ltr'><strong>hominibus</strong></span> <span class='ocrx_word' id='word_1_443' title='bbox 1726 4216 1741 4241; x_wconf 94' lang='lat'><strong>,</strong></span> <span class='ocrx_word' id='word_1_444' title='bbox 1770 4174 2085 4235; x_wconf 89' lang='lat' dir='ltr'><strong>duodecima</strong></span> 
     </span>
    </p>
   </div>
   <div class='ocr_carea' id='block_1_59' title="bbox 504 4245 2085 4334">
    <p class='ocr_par' dir='ltr' id='par_1_59' title="bbox 504 4245 2085 4334">
     <span class='ocr_line' id='line_1_59' title="bbox 504 4245 2085 4334; baseline 0.022 -39"><span class='ocrx_word' id='word_1_445' title='bbox 504 4256 630 4334; x_wconf 86' lang='lat' dir='ltr'><strong>pars</strong></span> <span class='ocrx_word' id='word_1_446' title='bbox 651 4245 771 4300; x_wconf 65' lang='lat' dir='ltr'><strong>caeli</strong></span> <span class='ocrx_word' id='word_1_447' title='bbox 803 4247 1056 4318; x_wconf 84' lang='lat' dir='ltr'><strong>habetur;</strong></span> <span class='ocrx_word' id='word_1_448' title='bbox 1087 4254 1143 4308; x_wconf 92' lang='lat' dir='ltr'><strong>in</strong></span> <span class='ocrx_word' id='word_1_449' title='bbox 1169 4271 1276 4326; x_wconf 88' lang='lat' dir='ltr'><strong>quo</strong></span> <span class='ocrx_word' id='word_1_450' title='bbox 1302 4259 1349 4314; x_wconf 91' lang='lat' dir='ltr'><strong>si</strong></span> <span class='ocrx_word' id='word_1_451' title='bbox 1383 4261 1464 4316; x_wconf 92' lang='lat' dir='ltr'><strong>sol</strong></span> <span class='ocrx_word' id='word_1_452' title='bbox 1494 4268 1817 4334; x_wconf 89' lang='lat' dir='ltr'><strong>constiterit,</strong></span> <span class='ocrx_word' id='word_1_453' title='bbox 1849 4272 2085 4330; x_wconf 81' lang='lat' dir='ltr'><strong>acthcrca</strong></span> 
     </span>
    </p>
   </div>
   <div class='ocr_carea' id='block_1_60' title="bbox 503 4333 2082 4422">
    <p class='ocr_par' dir='ltr' id='par_1_60' title="bbox 503 4333 2082 4422">
     <span class='ocr_line' id='line_1_60' title="bbox 503 4333 2082 4422; baseline 0.02 -33"><span class='ocrx_word' id='word_1_454' title='bbox 503 4333 654 4403; x_wconf 86' lang='lat' dir='ltr'><strong>signa</strong></span> <span class='ocrx_word' id='word_1_455' title='bbox 700 4340 994 4411; x_wconf 85' lang='lat' dir='ltr'><strong>contingit;</strong></span> <span class='ocrx_word' id='word_1_456' title='bbox 1038 4345 1173 4403; x_wconf 89' lang='lat' dir='ltr'><strong>libra</strong></span> <span class='ocrx_word' id='word_1_457' title='bbox 1196 4364 1412 4422; x_wconf 90' lang='lat' dir='ltr'><strong>quoque</strong></span> <span class='ocrx_word' id='word_1_458' title='bbox 1442 4357 1524 4412; x_wconf 90' lang='lat' dir='ltr'><strong>vel</strong></span> <span class='ocrx_word' id='word_1_459' title='bbox 1554 4368 1741 4418; x_wconf 90' lang='lat' dir='ltr'><strong>taurus</strong></span> <span class='ocrx_word' id='word_1_460' title='bbox 1768 4333 2082 4421; x_wconf 78' lang='lat' dir='ltr'><strong>duodecima</strong></span> 
     </span>
    </p>
   </div>
   <div class='ocr_carea' id='block_1_61' title="bbox 2191 1886 3727 1955">
    <p class='ocr_par' dir='ltr' id='par_1_61' title="bbox 2191 1886 3727 1955">
     <span class='ocr_line' id='line_1_61' title="bbox 2191 1886 3727 1955; baseline 0.001 -15"><span class='ocrx_word' id='word_1_461' title='bbox 2191 1894 2285 1941; x_wconf 87' lang='lat' dir='ltr'><strong>aut</strong></span> <span class='ocrx_word' id='word_1_462' title='bbox 2305 1902 2488 1942; x_wconf 91' lang='lat' dir='ltr'><strong>musca</strong></span> <span class='ocrx_word' id='word_1_463' title='bbox 2511 1887 2835 1952; x_wconf 89' lang='lat' dir='ltr'><strong>consederit,</strong></span> <span class='ocrx_word' id='word_1_464' title='bbox 2862 1896 3076 1944; x_wconf 86' lang='lat' dir='ltr'><strong>tenetur</strong></span> <span class='ocrx_word' id='word_1_465' title='bbox 3103 1891 3334 1955; x_wconf 87' lang='lat' dir='ltr'><strong>innexa;</strong></span> <span class='ocrx_word' id='word_1_466' title='bbox 3366 1905 3480 1944; x_wconf 89' lang='lat' dir='ltr'><strong>cum</strong></span> <span class='ocrx_word' id='word_1_467' title='bbox 3502 1895 3653 1943; x_wconf 84' lang='lat' dir='ltr'><strong>autem</strong></span> <span class='ocrx_word' id='word_1_468' title='bbox 3674 1886 3727 1941; x_wconf 83' lang='lat' dir='ltr'><strong>de</strong></span> 
     </span>
    </p>
   </div>
   <div class='ocr_carea' id='block_1_62' title="bbox 2189 1976 3721 2052">
    <p class='ocr_par' dir='ltr' id='par_1_62' title="bbox 2189 1976 3721 2052">
     <span class='ocr_line' id='line_1_62' title="bbox 2189 1976 3721 2052; baseline 0.001 -20"><span class='ocrx_word' id='word_1_469' title='bbox 2189 1976 2502 2033; x_wconf 80' lang='lat' dir='ltr'><strong>fortioribus</strong></span> <span class='ocrx_word' id='word_1_470' title='bbox 2526 1977 2724 2051; x_wconf 81' lang='lat' dir='ltr'><strong>aliquid</strong></span> <span class='ocrx_word' id='word_1_471' title='bbox 2755 1980 3022 2043; x_wconf 89' lang='lat' dir='ltr'><strong>inciderit,</strong></span> <span class='ocrx_word' id='word_1_472' title='bbox 3057 1981 3233 2050; x_wconf 88' lang='lat' dir='ltr'><strong>ipsmn</strong></span> <span class='ocrx_word' id='word_1_473' title='bbox 3273 1980 3484 2052; x_wconf 86' lang='lat' dir='ltr'><strong>quidem</strong></span> <span class='ocrx_word' id='word_1_474' title='bbox 3521 1995 3626 2035; x_wconf 88' lang='lat' dir='ltr'><strong>mox</strong></span> <span class='ocrx_word' id='word_1_475' title='bbox 3651 1993 3721 2050; x_wconf 82' lang='lat' dir='ltr'><strong>pe-</strong></span> 
     </span>
    </p>
   </div>
   <div class='ocr_carea' id='block_1_63' title="bbox 2190 2076 3389 2145">
    <p class='ocr_par' dir='ltr' id='par_1_63' title="bbox 2190 2076 3389 2145">
     <span class='ocr_line' id='line_1_63' title="bbox 2190 2076 3389 2145; baseline 0.002 -20"><span class='ocrx_word' id='word_1_476' title='bbox 2190 2079 2388 2131; x_wconf 86' lang='lat' dir='ltr'><strong>netrat.</strong></span> <span class='ocrx_word' id='word_1_477' title='bbox 2418 2081 2596 2127; x_wconf 90' lang='lat' dir='ltr'><strong>textus</strong></span> <span class='ocrx_word' id='word_1_478' title='bbox 2623 2088 2755 2128; x_wconf 83' lang='lat' dir='ltr'><strong>vero</strong></span> <span class='ocrx_word' id='word_1_479' title='bbox 2782 2076 3081 2145; x_wconf 85' lang='lat' dir='ltr'><strong>perrumpit</strong></span> <span class='ocrx_word' id='word_1_480' title='bbox 3103 2076 3389 2130; x_wconf 90' lang='lat' dir='ltr'><strong>invalidos.</strong></span> 
     </span>
    </p>
   </div>
   <div class='ocr_carea' id='block_1_64' title="bbox 2266 2167 3723 2242">
    <p class='ocr_par' dir='ltr' id='par_1_64' title="bbox 2266 2167 3723 2242">
     <span class='ocr_line' id='line_1_64' title="bbox 2266 2167 3723 2242; baseline 0.003 -22"><span class='ocrx_word' id='word_1_481' title='bbox 2266 2168 2316 2221; x_wconf 88' lang='lat'><strong>7.</strong></span> <span class='ocrx_word' id='word_1_482' title='bbox 2350 2167 2547 2222; x_wconf 86' lang='lat' dir='ltr'><strong>Tamen</strong></span> <span class='ocrx_word' id='word_1_483' title='bbox 2570 2169 2655 2225; x_wconf 90' lang='lat' dir='ltr'><strong>his</strong></span> <span class='ocrx_word' id='word_1_484' title='bbox 2685 2186 2792 2225; x_wconf 90' lang='lat' dir='ltr'><strong>non</strong></span> <span class='ocrx_word' id='word_1_485' title='bbox 2824 2187 3216 2242; x_wconf 89' lang='lat' dir='ltr'><strong>usquequaque</strong></span> <span class='ocrx_word' id='word_1_486' title='bbox 3243 2172 3479 2229; x_wconf 87' lang='lat' dir='ltr'><strong>contenti</strong></span> <span class='ocrx_word' id='word_1_487' title='bbox 3498 2178 3632 2235; x_wconf 88' lang='lat' dir='ltr'><strong>sunt,</strong></span> <span class='ocrx_word' id='word_1_488' title='bbox 3652 2178 3723 2225; x_wconf 75' lang='lat' dir='ltr'><strong>sca</strong></span> 
     </span>
    </p>
   </div>
   <div class='ocr_carea' id='block_1_65' title="bbox 2192 2259 3725 2332">
    <p class='ocr_par' dir='ltr' id='par_1_65' title="bbox 2192 2259 3725 2332">
     <span class='ocr_line' id='line_1_65' title="bbox 2192 2259 3725 2332; baseline 0 -18"><span class='ocrx_word' id='word_1_489' title='bbox 2192 2259 2535 2329; x_wconf 89' lang='lat' dir='ltr'><strong>longinquius</strong></span> <span class='ocrx_word' id='word_1_490' title='bbox 2560 2263 2979 2331; x_wconf 88' lang='lat' dir='ltr'><strong>progrediuntur</strong></span> <span class='ocrx_word' id='word_1_491' title='bbox 3006 2272 3275 2320; x_wconf 88' lang='lat' dir='ltr'><strong>errantes.</strong></span> <span class='ocrx_word' id='word_1_492' title='bbox 3303 2265 3431 2318; x_wconf 84' lang='lat' dir='ltr'><strong>Nam</strong></span> <span class='ocrx_word' id='word_1_493' title='bbox 3468 2280 3547 2317; x_wconf 89' lang='lat' dir='ltr'><strong>res</strong></span> <span class='ocrx_word' id='word_1_494' title='bbox 3570 2278 3668 2332; x_wconf 76' lang='lat' dir='ltr'><strong>qua:</strong></span> <span class='ocrx_word' id='word_1_495' title='bbox 3686 2262 3725 2314; x_wconf 91' lang='lat' dir='ltr'><strong>in</strong></span> 
     </span>
    </p>
   </div>
   <div class='ocr_carea' id='block_1_66' title="bbox 2192 2350 3725 2427">
    <p class='ocr_par' dir='ltr' id='par_1_66' title="bbox 2192 2350 3725 2427">
     <span class='ocr_line' id='line_1_66' title="bbox 2192 2350 3725 2427; baseline 0.001 -22"><span class='ocrx_word' id='word_1_496' title='bbox 2192 2350 2399 2405; x_wconf 89' lang='lat' dir='ltr'><strong>arbitrii</strong></span> <span class='ocrx_word' id='word_1_497' title='bbox 2432 2352 2601 2408; x_wconf 84' lang='lat' dir='ltr'><strong>nostri</strong></span> <span class='ocrx_word' id='word_1_498' title='bbox 2642 2353 2890 2410; x_wconf 90' lang='lat' dir='ltr'><strong>libertate</strong></span> <span class='ocrx_word' id='word_1_499' title='bbox 2932 2364 3057 2411; x_wconf 91' lang='lat' dir='ltr'><strong>sunt</strong></span> <span class='ocrx_word' id='word_1_500' title='bbox 3102 2358 3313 2427; x_wconf 68' lang='lat' dir='ltr'><strong>positic,</strong></span> <span class='ocrx_word' id='word_1_501' title='bbox 3348 2356 3399 2410; x_wconf 91' lang='lat' dir='ltr'><strong>id</strong></span> <span class='ocrx_word' id='word_1_502' title='bbox 3428 2364 3521 2419; x_wconf 90' lang='lat' dir='ltr'><strong>est,</strong></span> <span class='ocrx_word' id='word_1_503' title='bbox 3546 2355 3725 2409; x_wconf 82' lang='lat' dir='ltr'><strong>virtutes</strong></span> 
     </span>
    </p>
   </div>
   <div class='ocr_carea' id='block_1_67' title="bbox 2194 2430 3725 2519">
    <p class='ocr_par' dir='ltr' id='par_1_67' title="bbox 2194 2430 3725 2519">
     <span class='ocr_line' id='line_1_67' title="bbox 2194 2430 3725 2519; baseline 0.003 -23"><span class='ocrx_word' id='word_1_504' title='bbox 2194 2451 2287 2497; x_wconf 89' lang='lat' dir='ltr'><strong>aut</strong></span> <span class='ocrx_word' id='word_1_505' title='bbox 2305 2443 2455 2509; x_wconf 88' lang='lat' dir='ltr'><strong>vitia,</strong></span> <span class='ocrx_word' id='word_1_506' title='bbox 2481 2445 2783 2501; x_wconf 69' lang='lat' dir='ltr'><strong>cmlestium</strong></span> <span class='ocrx_word' id='word_1_507' title='bbox 2814 2430 3226 2504; x_wconf 70' lang='lat' dir='ltr'><strong>necessitatibus</strong></span> <span class='ocrx_word' id='word_1_508' title='bbox 3254 2449 3531 2519; x_wconf 87' lang='lat' dir='ltr'><strong>applicant.</strong></span> <span class='ocrx_word' id='word_1_509' title='bbox 3567 2446 3725 2514; x_wconf 78' lang='lat' dir='ltr'><strong>Quibus</strong></span> 
     </span>
    </p>
   </div>
   <div class='ocr_carea' id='block_1_68' title="bbox 2192 2536 3724 2610">
    <p class='ocr_par' dir='ltr' id='par_1_68' title="bbox 2192 2536 3724 2610">
     <span class='ocr_line' id='line_1_68' title="bbox 2192 2536 3724 2610; baseline -0.001 -17"><span class='ocrx_word' id='word_1_510' title='bbox 2192 2536 2563 2593; x_wconf 84' lang='lat' dir='ltr'><strong>contradicere</strong></span> <span class='ocrx_word' id='word_1_511' title='bbox 2592 2542 2833 2608; x_wconf 89' lang='lat' dir='ltr'><strong>quamvis</strong></span> <span class='ocrx_word' id='word_1_512' title='bbox 2861 2541 3063 2597; x_wconf 88' lang='lat' dir='ltr'><strong>risibile</strong></span> <span class='ocrx_word' id='word_1_513' title='bbox 3090 2544 3189 2608; x_wconf 91' lang='lat' dir='ltr'><strong>sit,</strong></span> <span class='ocrx_word' id='word_1_514' title='bbox 3226 2540 3547 2610; x_wconf 50' lang='lat' dir='ltr'><strong>tamenquia</strong></span> <span class='ocrx_word' id='word_1_515' title='bbox 3585 2538 3724 2609; x_wconf 82' lang='lat' dir='ltr'><strong>plures</strong></span> 
     </span>
    </p>
   </div>
   <div class='ocr_carea' id='block_1_69' title="bbox 2194 2627 3721 2702">
    <p class='ocr_par' dir='ltr' id='par_1_69' title="bbox 2194 2627 3721 2702">
     <span class='ocr_line' id='line_1_69' title="bbox 2194 2627 3721 2702; baseline -0.002 -18"><span class='ocrx_word' id='word_1_516' title='bbox 2194 2630 2297 2684; x_wconf 90' lang='lat' dir='ltr'><strong>hac</strong></span> <span class='ocrx_word' id='word_1_517' title='bbox 2328 2627 2348 2668; x_wconf 74' lang='grc' dir='ltr'><em>τ</em></span> <span class='ocrx_word' id='word_1_518' title='bbox 2380 2630 2694 2685; x_wconf 88' lang='lat' dir='ltr'><strong>seductione</strong></span> <span class='ocrx_word' id='word_1_519' title='bbox 2716 2632 2955 2702; x_wconf 88' lang='lat' dir='ltr'><strong>prolapsi</strong></span> <span class='ocrx_word' id='word_1_520' title='bbox 2982 2640 3128 2700; x_wconf 88' lang='lat' dir='ltr'><strong>sunt,</strong></span> <span class='ocrx_word' id='word_1_521' title='bbox 3151 2646 3451 2701; x_wconf 88' lang='lat' dir='ltr'><strong>congruum</strong></span> <span class='ocrx_word' id='word_1_522' title='bbox 3470 2630 3585 2685; x_wconf 89' lang='lat' dir='ltr'><strong>mihi</strong></span> <span class='ocrx_word' id='word_1_523' title='bbox 3608 2627 3721 2681; x_wconf 44' lang='lat' dir='ltr'><strong>vide‘</strong></span> 
     </span>
    </p>
   </div>
   <div class='ocr_carea' id='block_1_70' title="bbox 2196 2720 3723 2795">
    <p class='ocr_par' dir='ltr' id='par_1_70' title="bbox 2196 2720 3723 2795">
     <span class='ocr_line' id='line_1_70' title="bbox 2196 2720 3723 2795; baseline -0.001 -19"><span class='ocrx_word' id='word_1_524' title='bbox 2196 2728 2286 2777; x_wconf 88' lang='lat' dir='ltr'><strong>tur</strong></span> <span class='ocrx_word' id='word_1_525' title='bbox 2336 2738 2446 2779; x_wconf 89' lang='lat' dir='ltr'><strong>non</strong></span> <span class='ocrx_word' id='word_1_526' title='bbox 2492 2724 2724 2779; x_wconf 79' lang='lat' dir='ltr'><strong>transire</strong></span> <span class='ocrx_word' id='word_1_527' title='bbox 2764 2725 3003 2781; x_wconf 90' lang='lat' dir='ltr'><strong>silentio.</strong></span> <span class='ocrx_word' id='word_1_528' title='bbox 3055 2726 3101 2779; x_wconf 83' lang='lat' dir='ltr'><strong>A</strong></span> <span class='ocrx_word' id='word_1_529' title='bbox 3142 2727 3342 2795; x_wconf 90' lang='lat' dir='ltr'><strong>quibus</strong></span> <span class='ocrx_word' id='word_1_530' title='bbox 3386 2724 3507 2779; x_wconf 90' lang='lat' dir='ltr'><strong>illud</strong></span> <span class='ocrx_word' id='word_1_531' title='bbox 3532 2720 3723 2793; x_wconf 84' lang='lat' dir='ltr'><strong>principe</strong></span> 
     </span>
    </p>
   </div>
   <div class='ocr_carea' id='block_1_71' title="bbox 2196 2813 3721 2885">
    <p class='ocr_par' dir='ltr' id='par_1_71' title="bbox 2196 2813 3721 2885">
     <span class='ocr_line' id='line_1_71' title="bbox 2196 2813 3721 2885; baseline -0.001 -17"><span class='ocrx_word' id='word_1_532' title='bbox 2196 2813 2249 2867; x_wconf 90' lang='lat' dir='ltr'><strong>in</strong></span> <span class='ocrx_word' id='word_1_533' title='bbox 2294 2815 2416 2870; x_wconf 85' lang='lat' dir='ltr'><strong>loco</strong></span> <span class='ocrx_word' id='word_1_534' title='bbox 2443 2816 2781 2885; x_wconf 87' lang='lat' dir='ltr'><strong>postulamus</strong></span> <span class='ocrx_word' id='word_1_535' title='bbox 2827 2830 3120 2885; x_wconf 90' lang='lat' dir='ltr'><strong>agnoscere</strong></span> <span class='ocrx_word' id='word_1_536' title='bbox 3151 2836 3165 2870; x_wconf 90' lang='lat'><strong>:</strong></span> <span class='ocrx_word' id='word_1_537' title='bbox 3213 2818 3262 2874; x_wconf 88' lang='lat' dir='ltr'><strong>si</strong></span> <span class='ocrx_word' id='word_1_538' title='bbox 3293 2834 3398 2873; x_wconf 89' lang='lat' dir='ltr'><strong>non</strong></span> <span class='ocrx_word' id='word_1_539' title='bbox 3438 2817 3603 2873; x_wconf 88' lang='lat' dir='ltr'><strong>diebus</strong></span> <span class='ocrx_word' id='word_1_540' title='bbox 3634 2814 3721 2867; x_wconf 88' lang='lat' dir='ltr'><strong>sin-</strong></span> 
     </span>
    </p>
   </div>
   <div class='ocr_carea' id='block_1_72' title="bbox 2197 2906 3725 2975">
    <p class='ocr_par' dir='ltr' id='par_1_72' title="bbox 2197 2906 3725 2975">
     <span class='ocr_line' id='line_1_72' title="bbox 2197 2906 3725 2975; baseline -0.001 -14"><span class='ocrx_word' id='word_1_541' title='bbox 2197 2906 2334 2975; x_wconf 87' lang='lat' dir='ltr'><strong>gulis</strong></span> <span class='ocrx_word' id='word_1_542' title='bbox 2376 2907 2567 2963; x_wconf 91' lang='lat' dir='ltr'><strong>millies</strong></span> <span class='ocrx_word' id='word_1_543' title='bbox 2607 2908 2883 2964; x_wconf 89' lang='lat' dir='ltr'><strong>schemata</strong></span> <span class='ocrx_word' id='word_1_544' title='bbox 2931 2918 3208 2965; x_wconf 91' lang='lat' dir='ltr'><strong>mutantur</strong></span> <span class='ocrx_word' id='word_1_545' title='bbox 3238 2921 3517 2965; x_wconf 90' lang='lat' dir='ltr'><strong>astrorum.</strong></span> <span class='ocrx_word' id='word_1_546' title='bbox 3548 2906 3725 2975; x_wconf 76' lang='lat' dir='ltr'><strong>Semper</strong></span> 
     </span>
    </p>
   </div>
   <div class='ocr_carea' id='block_1_73' title="bbox 2196 2996 3724 3095">
    <p class='ocr_par' dir='ltr' id='par_1_73' title="bbox 2196 2996 3724 3095">
     <span class='ocr_line' id='line_1_73' title="bbox 2196 2996 3724 3095; baseline 0.001 -44"><span class='ocrx_word' id='word_1_547' title='bbox 2196 2998 2340 3078; x_wconf 63' lang='lat' dir='ltr'><strong>pnim</strong></span> <span class='ocrx_word' id='word_1_548' title='bbox 2382 3011 2670 3054; x_wconf 89' lang='lat' dir='ltr'><strong>moventur</strong></span> <span class='ocrx_word' id='word_1_549' title='bbox 2713 3009 2876 3068; x_wconf 88' lang='lat' dir='ltr'><strong>atque</strong></span> <span class='ocrx_word' id='word_1_550' title='bbox 2918 3009 2943 3048; x_wconf 73' lang='grc' dir='ltr'><strong><em>κ</em></strong></span> <span class='ocrx_word' id='word_1_551' title='bbox 2990 2996 3304 3056; x_wconf 89' lang='lat' dir='ltr'><strong>discurrunt</strong></span> <span class='ocrx_word' id='word_1_552' title='bbox 3342 3016 3418 3057; x_wconf 68' lang='lat' dir='ltr'><strong>ea!</strong></span> <span class='ocrx_word' id='word_1_553' title='bbox 3457 2999 3603 3054; x_wconf 74' lang='lat' dir='ltr'><strong>stella:</strong></span> 
     </span>
    </p>
   </div>
   <div class='ocr_carea' id='block_1_74' title="bbox 2197 3088 3724 3161">
    <p class='ocr_par' dir='ltr' id='par_1_74' title="bbox 2197 3088 3724 3161">
     <span class='ocr_line' id='line_1_74' title="bbox 2197 3088 3724 3161; baseline -0.001 -19"><span class='ocrx_word' id='word_1_554' title='bbox 2197 3088 2425 3160; x_wconf 70' lang='lat' dir='ltr'><strong>planetae</strong></span> <span class='ocrx_word' id='word_1_555' title='bbox 2470 3100 2748 3156; x_wconf 90' lang='lat' dir='ltr'><strong>vocantur,</strong></span> <span class='ocrx_word' id='word_1_556' title='bbox 2798 3107 3022 3161; x_wconf 90' lang='lat' dir='ltr'><strong>quarum</strong></span> <span class='ocrx_word' id='word_1_557' title='bbox 3065 3092 3181 3146; x_wconf 71' lang='lat' dir='ltr'><strong>alite</strong></span> <span class='ocrx_word' id='word_1_558' title='bbox 3219 3092 3481 3147; x_wconf 90' lang='lat' dir='ltr'><strong>celeribus</strong></span> <span class='ocrx_word' id='word_1_559' title='bbox 3521 3105 3574 3145; x_wconf 92' lang='lat' dir='ltr'><strong>se</strong></span> <span class='ocrx_word' id='word_1_560' title='bbox 3602 3088 3724 3141; x_wconf 31' lang='lat' dir='ltr'><strong>vestis</strong></span> 
     </span>
    </p>
   </div>
   <div class='ocr_carea' id='block_1_75' title="bbox 2198 3181 3721 3250">
    <p class='ocr_par' dir='ltr' id='par_1_75' title="bbox 2198 3181 3721 3250">
     <span class='ocr_line' id='line_1_75' title="bbox 2198 3181 3721 3250; baseline -0.003 -16"><span class='ocrx_word' id='word_1_561' title='bbox 2198 3181 2298 3249; x_wconf 86' lang='lat' dir='ltr'><strong>giis</strong></span> <span class='ocrx_word' id='word_1_562' title='bbox 2341 3190 2764 3250; x_wconf 83' lang='lat' dir='ltr'><strong>consequuntur,</strong></span> <span class='ocrx_word' id='word_1_563' title='bbox 2824 3182 3094 3236; x_wconf 69' lang='lat' dir='ltr'><strong>nonnulla:</strong></span> <span class='ocrx_word' id='word_1_564' title='bbox 3141 3183 3349 3237; x_wconf 90' lang='lat' dir='ltr'><strong>tardius</strong></span> <span class='ocrx_word' id='word_1_565' title='bbox 3400 3181 3721 3238; x_wconf 86' lang='lat' dir='ltr'><strong>discurrentes,</strong></span> 
     </span>
    </p>
   </div>
   <div class='ocr_carea' id='block_1_76' title="bbox 2198 3271 3724 3344">
    <p class='ocr_par' dir='ltr' id='par_1_76' title="bbox 2198 3271 3724 3344">
     <span class='ocr_line' id='line_1_76' title="bbox 2198 3271 3724 3344; baseline -0.005 -16"><span class='ocrx_word' id='word_1_566' title='bbox 2198 3272 2298 3328; x_wconf 92' lang='lat' dir='ltr'><strong>sub</strong></span> <span class='ocrx_word' id='word_1_567' title='bbox 2325 3272 2512 3328; x_wconf 89' lang='lat' dir='ltr'><strong>eadem</strong></span> <span class='ocrx_word' id='word_1_568' title='bbox 2556 3274 2691 3328; x_wconf 90' lang='lat' dir='ltr'><strong>hora</strong></span> <span class='ocrx_word' id='word_1_569' title='bbox 2719 3274 2934 3344; x_wconf 64' lang='lat' dir='ltr'><strong>sepius,</strong></span> <span class='ocrx_word' id='word_1_570' title='bbox 2965 3283 3019 3328; x_wconf 86' lang='lat' dir='ltr'><strong>et</strong></span> <span class='ocrx_word' id='word_1_571' title='bbox 3048 3274 3320 3344; x_wconf 88' lang='lat' dir='ltr'><strong>aspiciunt</strong></span> <span class='ocrx_word' id='word_1_572' title='bbox 3347 3289 3423 3339; x_wconf 88' lang='lat' dir='ltr'><strong>se,</strong></span> <span class='ocrx_word' id='word_1_573' title='bbox 3462 3280 3514 3327; x_wconf 90' lang='lat' dir='ltr'><strong>et</strong></span> <span class='ocrx_word' id='word_1_574' title='bbox 3547 3271 3724 3323; x_wconf 84' lang='lat' dir='ltr'><strong>abscon-</strong></span> 
     </span>
    </p>
   </div>
   <div class='ocr_carea' id='block_1_77' title="bbox 2197 3354 3724 3432">
    <p class='ocr_par' dir='ltr' id='par_1_77' title="bbox 2197 3354 3724 3432">
     <span class='ocr_line' id='line_1_77' title="bbox 2197 3354 3724 3432; baseline -0.005 -15"><span class='ocrx_word' id='word_1_575' title='bbox 2197 3362 2415 3417; x_wconf 90' lang='lat' dir='ltr'><strong>duntur.</strong></span> <span class='ocrx_word' id='word_1_576' title='bbox 2449 3362 2679 3417; x_wconf 81' lang='lat' dir='ltr'><strong>Maxima</strong></span> <span class='ocrx_word' id='word_1_577' title='bbox 2726 3378 2858 3417; x_wconf 89' lang='lat' dir='ltr'><strong>sane</strong></span> <span class='ocrx_word' id='word_1_578' title='bbox 2886 3364 2967 3417; x_wconf 89' lang='lat' dir='ltr'><strong>vis</strong></span> <span class='ocrx_word' id='word_1_579' title='bbox 2996 3363 3227 3418; x_wconf 86' lang='lat' dir='ltr'><strong>habetur</strong></span> <span class='ocrx_word' id='word_1_580' title='bbox 3268 3365 3324 3419; x_wconf 91' lang='lat' dir='ltr'><strong>in</strong></span> <span class='ocrx_word' id='word_1_581' title='bbox 3370 3361 3558 3432; x_wconf 87' lang='lat' dir='ltr'><strong>genesi,</strong></span> <span class='ocrx_word' id='word_1_582' title='bbox 3592 3366 3639 3412; x_wconf 92' lang='lat' dir='ltr'><strong>ut</strong></span> <span class='ocrx_word' id='word_1_583' title='bbox 3670 3354 3724 3409; x_wconf 89' lang='lat' dir='ltr'><strong>illi</strong></span> 
     </span>
    </p>
   </div>
   <div class='ocr_carea' id='block_1_78' title="bbox 2195 3432 3723 3525">
    <p class='ocr_par' dir='ltr' id='par_1_78' title="bbox 2195 3432 3723 3525">
     <span class='ocr_line' id='line_1_78' title="bbox 2195 3432 3723 3525; baseline -0.007 -18"><span class='ocrx_word' id='word_1_584' title='bbox 2195 3452 2399 3519; x_wconf 89' lang='lat' dir='ltr'><strong>dicunt,</strong></span> <span class='ocrx_word' id='word_1_585' title='bbox 2428 3432 2495 3508; x_wconf 55' lang='grc' dir='ltr'><strong>ἐἰ</strong></span> <span class='ocrx_word' id='word_1_586' title='bbox 2542 3461 2635 3507; x_wconf 92' lang='lat' dir='ltr'><strong>aut</strong></span> <span class='ocrx_word' id='word_1_587' title='bbox 2679 3455 2819 3508; x_wconf 90' lang='lat' dir='ltr'><strong>bona</strong></span> <span class='ocrx_word' id='word_1_588' title='bbox 2866 3454 3021 3509; x_wconf 81' lang='lat' dir='ltr'><strong>stella</strong></span> <span class='ocrx_word' id='word_1_589' title='bbox 3066 3455 3384 3525; x_wconf 77' lang='lat' dir='ltr'><strong>respexerit,</strong></span> <span class='ocrx_word' id='word_1_590' title='bbox 3418 3460 3503 3506; x_wconf 89' lang='lat' dir='ltr'><strong>aut</strong></span> <span class='ocrx_word' id='word_1_591' title='bbox 3542 3448 3723 3514; x_wconf 82' lang='lat' dir='ltr'><strong>maligna</strong></span> 
     </span>
    </p>
   </div>
   <div class='ocr_carea' id='block_1_79' title="bbox 2195 3544 3723 3616">
    <p class='ocr_par' dir='ltr' id='par_1_79' title="bbox 2195 3544 3723 3616">
     <span class='ocr_line' id='line_1_79' title="bbox 2195 3544 3723 3616; baseline 0 -18"><span class='ocrx_word' id='word_1_592' title='bbox 2195 3552 2525 3600; x_wconf 91' lang='lat' dir='ltr'><strong>nascentem.</strong></span> <span class='ocrx_word' id='word_1_593' title='bbox 2557 3544 2642 3598; x_wconf 87' lang='lat' dir='ltr'><strong>Fit</strong></span> <span class='ocrx_word' id='word_1_594' title='bbox 2669 3553 2848 3600; x_wconf 89' lang='lat' dir='ltr'><strong>autem</strong></span> <span class='ocrx_word' id='word_1_595' title='bbox 2875 3545 3191 3616; x_wconf 85' lang='lat' dir='ltr'><strong>plerumque</strong></span> <span class='ocrx_word' id='word_1_596' title='bbox 3218 3554 3280 3600; x_wconf 92' lang='lat' dir='ltr'><strong>ut</strong></span> <span class='ocrx_word' id='word_1_597' title='bbox 3302 3562 3366 3601; x_wconf 88' lang='lat' dir='ltr'><strong>eo</strong></span> <span class='ocrx_word' id='word_1_598' title='bbox 3387 3554 3621 3615; x_wconf 88' lang='lat' dir='ltr'><strong>tempore,</strong></span> <span class='ocrx_word' id='word_1_599' title='bbox 3642 3552 3723 3608; x_wconf 76' lang='lat' dir='ltr'><strong>quo</strong></span> 
     </span>
    </p>
   </div>
   <div class='ocr_carea' id='block_1_80' title="bbox 2198 3632 3723 3705">
    <p class='ocr_par' dir='ltr' id='par_1_80' title="bbox 2198 3632 3723 3705">
     <span class='ocr_line' id='line_1_80' title="bbox 2198 3632 3723 3705; baseline -0.005 -15"><span class='ocrx_word' id='word_1_600' title='bbox 2198 3635 2341 3691; x_wconf 89' lang='lat' dir='ltr'><strong>bona</strong></span> <span class='ocrx_word' id='word_1_601' title='bbox 2370 3636 2521 3690; x_wconf 89' lang='lat' dir='ltr'><strong>stella</strong></span> <span class='ocrx_word' id='word_1_602' title='bbox 2559 3634 2851 3705; x_wconf 62' lang='lat' dir='ltr'><strong>praefuerit,</strong></span> <span class='ocrx_word' id='word_1_603' title='bbox 2897 3636 3315 3693; x_wconf 89' lang='lat' dir='ltr'><strong>mathematicus</strong></span> <span class='ocrx_word' id='word_1_604' title='bbox 3355 3653 3459 3691; x_wconf 94' lang='lat' dir='ltr'><strong>non</strong></span> <span class='ocrx_word' id='word_1_605' title='bbox 3500 3632 3723 3689; x_wconf 82' lang='lat' dir='ltr'><strong>inveniens</strong></span> 
     </span>
    </p>
   </div>
   <div class='ocr_carea' id='block_1_81' title="bbox 2199 3723 3724 3799">
    <p class='ocr_par' dir='ltr' id='par_1_81' title="bbox 2199 3723 3724 3799">
     <span class='ocr_line' id='line_1_81' title="bbox 2199 3723 3724 3799; baseline -0.003 -16"><span class='ocrx_word' id='word_1_606' title='bbox 2199 3736 2410 3798; x_wconf 90' lang='lat' dir='ltr'><strong>tempus</strong></span> <span class='ocrx_word' id='word_1_607' title='bbox 2437 3728 2649 3783; x_wconf 89' lang='lat' dir='ltr'><strong>edicere</strong></span> <span class='ocrx_word' id='word_1_608' title='bbox 2677 3737 2898 3799; x_wconf 88' lang='lat' dir='ltr'><strong>propter</strong></span> <span class='ocrx_word' id='word_1_609' title='bbox 2939 3729 3333 3797; x_wconf 88' lang='lat' dir='ltr'><strong>ignorationem</strong></span> <span class='ocrx_word' id='word_1_610' title='bbox 3365 3731 3509 3785; x_wconf 89' lang='lat' dir='ltr'><strong>unius</strong></span> <span class='ocrx_word' id='word_1_611' title='bbox 3530 3723 3724 3783; x_wconf 84' lang='lat' dir='ltr'><strong>minutis-</strong></span> 
     </span>
    </p>
   </div>
   <div class='ocr_carea' id='block_1_82' title="bbox 2196 3817 3723 3891">
    <p class='ocr_par' dir='ltr' id='par_1_82' title="bbox 2196 3817 3723 3891">
     <span class='ocr_line' id='line_1_82' title="bbox 2196 3817 3723 3891; baseline -0.007 -15"><span class='ocrx_word' id='word_1_612' title='bbox 2196 3821 2473 3887; x_wconf 87' lang='lat' dir='ltr'><strong>simarum,</strong></span> <span class='ocrx_word' id='word_1_613' title='bbox 2504 3836 2640 3891; x_wconf 88' lang='lat' dir='ltr'><strong>quas</strong></span> <span class='ocrx_word' id='word_1_614' title='bbox 2666 3836 2825 3890; x_wconf 89' lang='lat' dir='ltr'><strong>supra</strong></span> <span class='ocrx_word' id='word_1_615' title='bbox 2847 3821 3126 3876; x_wconf 85' lang='lat' dir='ltr'><strong>retulimus</strong></span> <span class='ocrx_word' id='word_1_616' title='bbox 3147 3822 3474 3891; x_wconf 86' lang='lat' dir='ltr'><strong>porticuum,</strong></span> <span class='ocrx_word' id='word_1_617' title='bbox 3497 3817 3583 3874; x_wconf 88' lang='lat' dir='ltr'><strong>sub</strong></span> <span class='ocrx_word' id='word_1_618' title='bbox 3602 3828 3723 3869; x_wconf 87' lang='lat' dir='ltr'><strong>caeo-</strong></span> 
     </span>
    </p>
   </div>
   <div class='ocr_carea' id='block_1_83' title="bbox 2197 3902 3721 3982">
    <p class='ocr_par' dir='ltr' id='par_1_83' title="bbox 2197 3902 3721 3982">
     <span class='ocr_line' id='line_1_83' title="bbox 2197 3902 3721 3982; baseline -0.007 -17"><span class='ocrx_word' id='word_1_619' title='bbox 2197 3909 2442 3965; x_wconf 81' lang='lat' dir='ltr'><strong>daemone</strong></span> <span class='ocrx_word' id='word_1_620' title='bbox 2471 3910 2618 3965; x_wconf 93' lang='lat' dir='ltr'><strong>illum</strong></span> <span class='ocrx_word' id='word_1_621' title='bbox 2644 3910 2828 3980; x_wconf 88' lang='lat' dir='ltr'><strong>jacere</strong></span> <span class='ocrx_word' id='word_1_622' title='bbox 2850 3910 3137 3977; x_wconf 88' lang='lat' dir='ltr'><strong>describat,</strong></span> <span class='ocrx_word' id='word_1_623' title='bbox 3164 3919 3220 3966; x_wconf 90' lang='lat' dir='ltr'><strong>ut</strong></span> <span class='ocrx_word' id='word_1_624' title='bbox 3251 3913 3483 3982; x_wconf 89' lang='lat' dir='ltr'><strong>ipsorum</strong></span> <span class='ocrx_word' id='word_1_625' title='bbox 3508 3902 3721 3964; x_wconf 84' lang='lat' dir='ltr'><strong>sermoni-</strong></span> 
     </span>
    </p>
   </div>
   <div class='ocr_carea' id='block_1_84' title="bbox 2196 3994 3724 4071">
    <p class='ocr_par' dir='ltr' id='par_1_84' title="bbox 2196 3994 3724 4071">
     <span class='ocr_line' id='line_1_84' title="bbox 2196 3994 3724 4071; baseline -0.001 -16"><span class='ocrx_word' id='word_1_626' title='bbox 2196 4001 2297 4057; x_wconf 89' lang='lat' dir='ltr'><strong>bus</strong></span> <span class='ocrx_word' id='word_1_627' title='bbox 2316 4015 2480 4070; x_wconf 83' lang='lat' dir='ltr'><strong>cogar</strong></span> <span class='ocrx_word' id='word_1_628' title='bbox 2500 4002 2598 4062; x_wconf 87' lang='lat' dir='ltr'><strong>uti,</strong></span> <span class='ocrx_word' id='word_1_629' title='bbox 2631 4001 2901 4070; x_wconf 87' lang='lat' dir='ltr'><strong>inquibus</strong></span> <span class='ocrx_word' id='word_1_630' title='bbox 2926 4009 3009 4057; x_wconf 92' lang='lat' dir='ltr'><strong>est</strong></span> <span class='ocrx_word' id='word_1_631' title='bbox 3029 4002 3246 4071; x_wconf 91' lang='lat' dir='ltr'><strong>quidem</strong></span> <span class='ocrx_word' id='word_1_632' title='bbox 3276 4015 3463 4070; x_wconf 86' lang='lat' dir='ltr'><strong>magna</strong></span> <span class='ocrx_word' id='word_1_633' title='bbox 3485 3994 3724 4056; x_wconf 71' lang='lat' dir='ltr'><strong>dementia.</strong></span> 
     </span>
    </p>
   </div>
   <div class='ocr_carea' id='block_1_85' title="bbox 2193 4084 3722 4163">
    <p class='ocr_par' dir='ltr' id='par_1_85' title="bbox 2193 4084 3722 4163">
     <span class='ocr_line' id='line_1_85' title="bbox 2193 4084 3722 4163; baseline -0.006 -15"><span class='ocrx_word' id='word_1_634' title='bbox 2193 4093 2288 4148; x_wconf 90' lang='lat' dir='ltr'><strong>sed</strong></span> <span class='ocrx_word' id='word_1_635' title='bbox 2319 4092 2491 4161; x_wconf 85' lang='lat' dir='ltr'><strong>major</strong></span> <span class='ocrx_word' id='word_1_636' title='bbox 2514 4092 2743 4147; x_wconf 90' lang='lat' dir='ltr'><strong>habetur</strong></span> <span class='ocrx_word' id='word_1_637' title='bbox 2770 4092 3035 4163; x_wconf 89' lang='lat' dir='ltr'><strong>impietas.</strong></span> <span class='ocrx_word' id='word_1_638' title='bbox 3070 4092 3203 4147; x_wconf 89' lang='lat' dir='ltr'><strong>Nam</strong></span> <span class='ocrx_word' id='word_1_639' title='bbox 3232 4093 3560 4162; x_wconf 84' lang='lat' dir='ltr'><strong>maligniores</strong></span> <span class='ocrx_word' id='word_1_640' title='bbox 3592 4084 3722 4143; x_wconf 64' lang='lat' dir='ltr'><strong>stella!</strong></span> 
     </span>
    </p>
   </div>
   <div class='ocr_carea' id='block_1_86' title="bbox 2192 4174 3723 4255">
    <p class='ocr_par' dir='ltr' id='par_1_86' title="bbox 2192 4174 3723 4255">
     <span class='ocr_line' id='line_1_86' title="bbox 2192 4174 3723 4255; baseline -0.008 -15"><span class='ocrx_word' id='word_1_641' title='bbox 2192 4200 2383 4241; x_wconf 90' lang='lat' dir='ltr'><strong>causas</strong></span> <span class='ocrx_word' id='word_1_642' title='bbox 2409 4185 2658 4254; x_wconf 69' lang='lat' dir='ltr'><strong>nequitiae</strong></span> <span class='ocrx_word' id='word_1_643' title='bbox 2687 4186 2917 4255; x_wconf 65' lang='lat' dir='ltr'><strong>propria:</strong></span> <span class='ocrx_word' id='word_1_644' title='bbox 2954 4185 3008 4239; x_wconf 92' lang='lat' dir='ltr'><strong>in</strong></span> <span class='ocrx_word' id='word_1_645' title='bbox 3049 4200 3205 4241; x_wconf 91' lang='lat' dir='ltr'><strong>suum</strong></span> <span class='ocrx_word' id='word_1_646' title='bbox 3236 4184 3552 4241; x_wconf 79' lang='lat' dir='ltr'><strong>transferunt</strong></span> <span class='ocrx_word' id='word_1_647' title='bbox 3574 4174 3723 4235; x_wconf 82' lang='lat' dir='ltr'><strong>condi-</strong></span> 
     </span>
    </p>
   </div>
   <div class='ocr_carea' id='block_1_87' title="bbox 2193 4275 3723 4349">
    <p class='ocr_par' dir='ltr' id='par_1_87' title="bbox 2193 4275 3723 4349">
     <span class='ocr_line' id='line_1_87' title="bbox 2193 4275 3723 4349; baseline -0.005 -18"><span class='ocrx_word' id='word_1_648' title='bbox 2193 4286 2365 4333; x_wconf 90' lang='lat' dir='ltr'><strong>torem</strong></span> <span class='ocrx_word' id='word_1_649' title='bbox 2394 4296 2405 4331; x_wconf 94' lang='lat'>:</span> <span class='ocrx_word' id='word_1_650' title='bbox 2430 4278 2622 4347; x_wconf 91' lang='lat' dir='ltr'><strong>quibus</strong></span> <span class='ocrx_word' id='word_1_651' title='bbox 2641 4279 2686 4333; x_wconf 91' lang='lat' dir='ltr'><strong>si</strong></span> <span class='ocrx_word' id='word_1_652' title='bbox 2708 4294 2774 4333; x_wconf 85' lang='lat' dir='ltr'><strong>ex</strong></span> <span class='ocrx_word' id='word_1_653' title='bbox 2795 4285 2990 4334; x_wconf 89' lang='lat' dir='ltr'><strong>natura</strong></span> <span class='ocrx_word' id='word_1_654' title='bbox 3018 4279 3264 4334; x_wconf 87' lang='lat' dir='ltr'><strong>subesset</strong></span> <span class='ocrx_word' id='word_1_655' title='bbox 3292 4275 3600 4349; x_wconf 77' lang='lat' dir='ltr'><strong>improbitas.</strong></span> <span class='ocrx_word' id='word_1_656' title='bbox 3621 4282 3723 4324; x_wconf 85' lang='lat' dir='ltr'><strong>con-</strong></span> 
     </span>
    </p>
   </div>
   <div class='ocr_carea' id='block_1_88' title="bbox 2189 4357 3722 4439">
    <p class='ocr_par' dir='ltr' id='par_1_88' title="bbox 2189 4357 3722 4439">
     <span class='ocr_line' id='line_1_88' title="bbox 2189 4357 3722 4439; baseline -0.01 -14"><span class='ocrx_word' id='word_1_657' title='bbox 2189 4370 2334 4425; x_wconf 90' lang='lat' dir='ltr'><strong>ditor</strong></span> <span class='ocrx_word' id='word_1_658' title='bbox 2371 4368 2617 4438; x_wconf 79' lang='lat' dir='ltr'><strong>profecto</strong></span> <span class='ocrx_word' id='word_1_659' title='bbox 2660 4369 3008 4439; x_wconf 87' lang='lat' dir='ltr'><strong>malignitatis</strong></span> <span class='ocrx_word' id='word_1_660' title='bbox 3050 4367 3077 4406; x_wconf 74' lang='grc' dir='ltr'>ιι</span> <span class='ocrx_word' id='word_1_661' title='bbox 3122 4378 3313 4425; x_wconf 90' lang='lat' dir='ltr'><strong>auctor</strong></span> <span class='ocrx_word' id='word_1_662' title='bbox 3353 4364 3611 4424; x_wconf 78' lang='lat' dir='ltr'><strong>exstiterit.</strong></span> <span class='ocrx_word' id='word_1_663' title='bbox 3651 4357 3722 4413; x_wconf 88' lang='lat' dir='ltr'><strong>Sin</strong></span> 
     </span>
    </p>
   </div>
   <div class='ocr_carea' id='block_1_89' title="bbox 575 4596 2329 4693">
    <p class='ocr_par' dir='ltr' id='par_1_89' title="bbox 575 4596 2329 4693">
     <span class='ocr_line' id='line_1_89' title="bbox 575 4596 2329 4693; baseline 0.02 -43"><span class='ocrx_word' id='word_1_664' title='bbox 575 4596 809 4693; x_wconf 33' lang='lat' dir='ltr'><strong>{Ep—(lex</strong></span> <span class='ocrx_word' id='word_1_665' title='bbox 1024 4606 1144 4693; x_wconf 65' lang='lat' dir='ltr'><strong>dum</strong></span> <span class='ocrx_word' id='word_1_666' title='bbox 1172 4613 1554 4693; x_wconf 60' lang='lat' dir='ltr'><strong>manifestatur.</strong></span> <span class='ocrx_word' id='word_1_667' title='bbox 1583 4618 1717 4676; x_wconf 89' lang='lat' dir='ltr'><strong>Illud</strong></span> <span class='ocrx_word' id='word_1_668' title='bbox 1740 4622 1863 4678; x_wconf 86' lang='lat' dir='ltr'><strong>dum</strong></span> <span class='ocrx_word' id='word_1_669' title='bbox 1891 4625 1945 4680; x_wconf 87' lang='lat' dir='ltr'><strong>in</strong></span> <span class='ocrx_word' id='word_1_670' title='bbox 1975 4627 2089 4684; x_wconf 86' lang='lat' dir='ltr'><strong>edi—</strong></span> <span class='ocrx_word' id='word_1_671' title='bbox 2120 4633 2168 4693; x_wconf 80' lang='grc' dir='ltr'><strong>Ι)</strong></span> <span class='ocrx_word' id='word_1_672' title='bbox 2193 4640 2329 4685; x_wconf 80' lang='lat' dir='ltr'><strong>sunt.</strong></span> 
     </span>
    </p>
   </div>
   <div class='ocr_carea' id='block_1_90' title="bbox 503 4669 2086 4757">
    <p class='ocr_par' dir='ltr' id='par_1_90' title="bbox 503 4669 2086 4757">
     <span class='ocr_line' id='line_1_90' title="bbox 503 4669 2086 4757; baseline 0.02 -36"><span class='ocrx_word' id='word_1_673' title='bbox 503 4669 572 4757; x_wconf 65' lang='lat' dir='ltr'><strong>tis</strong></span> <span class='ocrx_word' id='word_1_674' title='bbox 594 4670 794 4757; x_wconf 79' lang='lat' dir='ltr'><strong>deerat.</strong></span> <span class='ocrx_word' id='word_1_675' title='bbox 831 4672 1114 4757; x_wconf 80' lang='lat' dir='ltr'><strong>Aliquanto</strong></span> <span class='ocrx_word' id='word_1_676' title='bbox 1144 4684 1271 4757; x_wconf 88' lang='lat' dir='ltr'><strong>pos_t_</strong></span> <span class='ocrx_word' id='word_1_677' title='bbox 1287 4669 1419 4739; x_wconf 78' lang='lat' dir='ltr'><strong>editi</strong></span> <span class='ocrx_word' id='word_1_678' title='bbox 1449 4669 1961 4757; x_wconf 46' lang='lat' dir='ltr'><strong>ci’du’d‘iﬁséfézi;</strong></span> 
     </span>
    </p>
   </div>
   <div class='ocr_carea' id='block_1_91' title="bbox 502 4742 2087 4832">
    <p class='ocr_par' dir='ltr' id='par_1_91' title="bbox 502 4742 2087 4832">
     <span class='ocr_line' id='line_1_91' title="bbox 502 4742 2087 4832; baseline 0.02 -42"><span class='ocrx_word' id='word_1_679' title='bbox 502 4742 623 4832; x_wconf 58' lang='grc' dir='ltr'><strong>ιιὶςιξ1</strong></span> <span class='ocrx_word' id='word_1_680' title='bbox 635 4756 881 4832; x_wconf 59' lang='lat' dir='ltr'><strong>respousa</strong></span> <span class='ocrx_word' id='word_1_681' title='bbox 910 4742 1213 4832; x_wconf 68' lang='lat' dir='ltr'><strong>redduntur.</strong></span> <span class='ocrx_word' id='word_1_682' title='bbox 1225 4752 1393 4832; x_wconf 62' lang='lat' dir='ltr'><strong>Yetus</strong></span> <span class='ocrx_word' id='word_1_683' title='bbox 1417 4757 1588 4832; x_wconf 80' lang='lat' dir='ltr'><strong>codex</strong></span> <span class='ocrx_word' id='word_1_684' title='bbox 1605 4742 1823 4832; x_wconf 55' lang='lat' dir='ltr'><strong>&#39;nii&#39;sié&#39;ﬁ,</strong></span> 
     </span>
    </p>
   </div>
   <div class='ocr_carea' id='block_1_92' title="bbox 500 4809 2091 4908">
    <p class='ocr_par' dir='ltr' id='par_1_92' title="bbox 500 4809 2091 4908">
     <span class='ocr_line' id='line_1_92' title="bbox 500 4809 2091 4908; baseline 0.021 -48"><span class='ocrx_word' id='word_1_685' title='bbox 500 4809 964 4908; x_wconf 32' lang='lat' dir='ltr'><strong>ﬂagitatum:</strong></span> <span class='ocrx_word' id='word_1_686' title='bbox 999 4819 1379 4908; x_wconf 50' lang='lat' dir='ltr'><strong>slednaiitiqua,</strong></span> <span class='ocrx_word' id='word_1_687' title='bbox 1439 4809 1568 4908; x_wconf 52' lang='lat' dir='ltr'><strong>(tan</strong></span> <span class='ocrx_word' id='word_1_688' title='bbox 1610 4809 2091 4908; x_wconf 56' lang='lat' dir='ltr'><strong>_med53’r&quot;¢73}3}132</strong></span> 
     </span>
    </p>
   </div>
   <div class='ocr_carea' id='block_1_93' title="bbox 502 4879 2085 5019">
    <p class='ocr_par' dir='ltr' id='par_1_93' title="bbox 502 4879 2085 5019">
     <span class='ocr_line' id='line_1_93' title="bbox 502 4879 2085 5019; baseline 0.022 -90"><span class='ocrx_word' id='word_1_689' title='bbox 837 4879 1074 4943; x_wconf 85' lang='lat' dir='ltr'><strong>Subinde</strong></span> <span class='ocrx_word' id='word_1_690' title='bbox 1100 4889 1253 4946; x_wconf 89' lang='lat' dir='ltr'><strong>Colb.</strong></span> <span class='ocrx_word' id='word_1_691' title='bbox 1274 4879 1574 4965; x_wconf 68' lang='lat' dir='ltr'><strong>secundus,</strong></span> <span class='ocrx_word' id='word_1_692' title='bbox 1604 4879 1823 4959; x_wconf 42' lang='lat' dir='ltr'><strong>vitam</strong></span> 
     </span>
     <span class='ocr_line' id='line_1_94' title="bbox 576 4990 767 5019; baseline 0.021 0"><span class='ocrx_word' id='word_1_693' title='bbox 576 5018 579 5019; x_wconf 67' lang='lat'>,</span> <span class='ocrx_word' id='word_1_694' title='bbox 619 4990 635 5016; x_wconf 73' lang='grc'><strong>9</strong></span> <span class='ocrx_word' id='word_1_695' title='bbox 753 4991 767 5003; x_wconf 86' lang='lat'>&#39;</span> 
     </span>
    </p>
   </div>
   <div class='ocr_carea' id='block_1_94' title="bbox 619 4990 767 5016">
    <p class='ocr_par' dir='ltr' id='par_1_94' title="bbox 619 4990 767 5016">
     <span class='ocr_line' id='line_1_95' title="bbox 619 4990 767 5016; baseline 0.007 -14"><span class='ocrx_word' id='word_1_696' title='bbox 619 4990 635 5016; x_wconf 85' lang='lat'><strong>,</strong></span> <span class='ocrx_word' id='word_1_697' title='bbox 662 4990 767 5004; x_wconf 72' lang='grc' dir='ltr'><strong>νυν.</strong></span> 
     </span>
    </p>
   </div>
   <div class='ocr_carea' id='block_1_95' title="bbox 575 5018 2086 5114">
    <p class='ocr_par' dir='ltr' id='par_1_95' title="bbox 575 5018 2086 5114">
     <span class='ocr_line' id='line_1_96' title="bbox 575 5018 2086 5114; baseline 0.024 -45"><span class='ocrx_word' id='word_1_698' title='bbox 575 5018 985 5114; x_wconf 27' lang='lat' dir='ltr'><strong>lruligdif‘intzt‘duo</strong></span> <span class='ocrx_word' id='word_1_699' title='bbox 1014 5045 1167 5114; x_wconf 75' lang='lat' dir='ltr'><strong>mss._,</strong></span> <span class='ocrx_word' id='word_1_700' title='bbox 1200 5046 1462 5114; x_wconf 77' lang='lat' dir='ltr'><strong>reparata.</strong></span> <span class='ocrx_word' id='word_1_701' title='bbox 1496 5036 1652 5095; x_wconf 89' lang='lat' dir='ltr'><strong>Colb.</strong></span> <span class='ocrx_word' id='word_1_702' title='bbox 1682 5045 1968 5114; x_wconf 89' lang='lat' dir='ltr'><strong>secundus,</strong></span> <span class='ocrx_word' id='word_1_703' title='bbox 2000 5065 2086 5104; x_wconf 83' lang='lat' dir='ltr'><strong>re-</strong></span> 
     </span>
    </p>
   </div>
   <div class='ocr_carea' id='block_1_96' title="bbox 504 5089 1265 5169">
    <p class='ocr_par' dir='ltr' id='par_1_96' title="bbox 504 5089 1265 5169">
     <span class='ocr_line' id='line_1_97' title="bbox 504 5089 1265 5169; baseline 0.025 -31"><span class='ocrx_word' id='word_1_704' title='bbox 504 5096 706 5169; x_wconf 52' lang='lat' dir='ltr'><strong>putate,</strong></span> <span class='ocrx_word' id='word_1_705' title='bbox 732 5089 955 5169; x_wconf 79' lang='lat' dir='ltr'><strong>fortasse</strong></span> <span class='ocrx_word' id='word_1_706' title='bbox 978 5089 1265 5169; x_wconf 60' lang='lat' dir='ltr'><strong>amputata:</strong></span> 
     </span>
    </p>
   </div>
   <div class='ocr_carea' id='block_1_97' title="bbox 503 5159 2091 5283">
    <p class='ocr_par' dir='ltr' id='par_1_97' title="bbox 503 5159 2091 5283">
     <span class='ocr_line' id='line_1_98' title="bbox 503 5159 2091 5283; baseline 0.02 -71"><span class='ocrx_word' id='word_1_707' title='bbox 503 5159 854 5283; x_wconf 37' lang='lat' dir='ltr'><strong>giguzocem</strong></span> <span class='ocrx_word' id='word_1_708' title='bbox 908 5165 1029 5221; x_wconf 79' lang='lat' dir='ltr'><strong>inde</strong></span> <span class='ocrx_word' id='word_1_709' title='bbox 1066 5159 1142 5224; x_wconf 63' lang='lat' dir='ltr'><strong>&#39;ex</strong></span> <span class='ocrx_word' id='word_1_710' title='bbox 1194 5176 1393 5231; x_wconf 89' lang='lat' dir='ltr'><strong>nostris</strong></span> <span class='ocrx_word' id='word_1_711' title='bbox 1420 5180 1692 5237; x_wconf 89' lang='lat' dir='ltr'><strong>veteribus</strong></span> <span class='ocrx_word' id='word_1_712' title='bbox 1740 5183 1889 5241; x_wconf 89' lang='lat' dir='ltr'><strong>libris</strong></span> <span class='ocrx_word' id='word_1_713' title='bbox 1941 5187 2091 5243; x_wconf 83' lang='lat' dir='ltr'><strong>addi-</strong></span> 
     </span>
    </p>
   </div>
   <div class='ocr_carea' id='block_1_98' title="bbox 575 5298 2090 5406">
    <p class='ocr_par' dir='ltr' id='par_1_98' title="bbox 575 5298 2090 5406">
     <span class='ocr_line' id='line_1_99' title="bbox 575 5298 2090 5406; baseline 0 0"><span class='ocrx_word' id='word_1_714' title='bbox 575 5298 811 5406; x_wconf 60' lang='lat'><strong>:929.”</strong></span> <span class='ocrx_word' id='word_1_715' title='bbox 831 5311 1376 5406; x_wconf 55' lang='grc' dir='ltr'><strong>Βηῖἕὶιξῖέίρξῖίαυξξξ</strong></span> <span class='ocrx_word' id='word_1_716' title='bbox 1404 5318 1568 5406; x_wconf 50' lang='lat' dir='ltr'><strong>alii}:</strong></span> <span class='ocrx_word' id='word_1_717' title='bbox 1585 5324 1781 5406; x_wconf 67' lang='grc' dir='ltr'><strong>φιίρρε</strong></span> <span class='ocrx_word' id='word_1_718' title='bbox 1808 5327 1913 5396; x_wconf 62' lang='grc' dir='ltr'><strong>σνεο</strong></span> <span class='ocrx_word' id='word_1_719' title='bbox 1964 5327 2090 5406; x_wconf 61' lang='lat' dir='ltr'><strong>ita:</strong></span> 
     </span>
    </p>
   </div>
   <div class='ocr_carea' id='block_1_99' title="bbox 505 5367 2086 5459">
    <p class='ocr_par' dir='ltr' id='par_1_99' title="bbox 505 5367 2086 5459">
     <span class='ocr_line' id='line_1_100' title="bbox 505 5367 2086 5459; baseline 0.019 -37"><span class='ocrx_word' id='word_1_720' title='bbox 505 5367 612 5459; x_wconf 43' lang='lat' dir='ltr'><strong>diuo</strong></span> <span class='ocrx_word' id='word_1_721' title='bbox 643 5387 800 5456; x_wconf 43' lang='lat' dir='ltr'><strong>mss&quot;.</strong></span> <span class='ocrx_word' id='word_1_722' title='bbox 827 5376 885 5459; x_wconf 78' lang='lat' dir='ltr'><strong>si_</strong></span> <span class='ocrx_word' id='word_1_723' title='bbox 915 5367 1085 5432; x_wconf 62' lang='lat' dir='ltr'><strong>autem</strong></span> <span class='ocrx_word' id='word_1_724' title='bbox 1108 5367 1256 5459; x_wconf 56' lang='grc' dir='ltr'><strong>’ἠθεῖ’</strong></span> <span class='ocrx_word' id='word_1_725' title='bbox 1275 5388 1422 5443; x_wconf 82' lang='lat' dir='ltr'><strong>dicis.</strong></span> <span class='ocrx_word' id='word_1_726' title='bbox 1459 5367 1622 5459; x_wconf 41' lang='lat' dir='ltr'><strong>Editi‘,’</strong></span> <span class='ocrx_word' id='word_1_727' title='bbox 1649 5367 1698 5446; x_wconf 68' lang='lat' dir='ltr'><strong>si</strong></span> <span class='ocrx_word' id='word_1_728' title='bbox 1718 5367 1913 5449; x_wconf 34' lang='lat' dir='ltr'><strong>[cntinuo</strong></span> 
     </span>
    </p>
   </div>
   <div class='ocr_carea' id='block_1_100' title="bbox 505 5438 2087 5569">
    <p class='ocr_par' dir='ltr' id='par_1_100' title="bbox 505 5438 2087 5569">
     <span class='ocr_line' id='line_1_101' title="bbox 505 5438 2087 5569; baseline 0.021 -78"><span class='ocrx_word' id='word_1_729' title='bbox 505 5438 765 5569; x_wconf 51' lang='lat'><strong>2:0</strong></span> <span class='ocrx_word' id='word_1_730' title='bbox 789 5445 840 5499; x_wconf 92' lang='lat' dir='ltr'><strong>in</strong></span> <span class='ocrx_word' id='word_1_731' title='bbox 874 5447 992 5503; x_wconf 90' lang='lat' dir='ltr'><strong>loco</strong></span> <span class='ocrx_word' id='word_1_732' title='bbox 1021 5463 1150 5506; x_wconf 87' lang='lat' dir='ltr'><strong>mss.</strong></span> <span class='ocrx_word' id='word_1_733' title='bbox 1183 5454 1308 5522; x_wconf 91' lang='lat' dir='ltr'><strong>duo,</strong></span> <span class='ocrx_word' id='word_1_734' title='bbox 1942 5438 2087 5536; x_wconf 48' lang='lat'><strong>&quot;53$</strong></span> 
     </span>
     <span class='ocr_line' id='line_1_102' title="bbox 578 5529 1483 5569; baseline 0.024 -7"><span class='ocrx_word' id='word_1_735' title='bbox 578 5529 610 5562; x_wconf 80' lang='grc' dir='ltr'><em>η</em></span> <span class='ocrx_word' id='word_1_736' title='bbox 725 5531 740 5568; x_wconf 84' lang='lat' dir='ltr'><strong>t</strong></span> <span class='ocrx_word' id='word_1_737' title='bbox 769 5558 781 5569; x_wconf 97' lang='lat'><strong>.</strong></span> <span class='ocrx_word' id='word_1_738' title='bbox 1478 5550 1483 5556; x_wconf 70' lang='grc'><strong>’</strong></span> 
     </span>
    </p>
   </div>
   <div class='ocr_carea' id='block_1_101' title="bbox 578 5529 1483 5571">
    <p class='ocr_par' dir='ltr' id='par_1_101' title="bbox 578 5529 1483 5571">
     <span class='ocr_line' id='line_1_103' title="bbox 578 5529 1483 5571; baseline 0.013 -9"><span class='ocrx_word' id='word_1_739' title='bbox 578 5529 781 5571; x_wconf 66' lang='lat' dir='ltr'><strong>&quot;MD&quot;.</strong></span> <span class='ocrx_word' id='word_1_740' title='bbox 1478 5550 1483 5556; x_wconf 72' lang='grc'><strong>’</strong></span> 
     </span>
    </p>
   </div>
   <div class='ocr_carea' id='block_1_102' title="bbox 580 5584 2089 5662">
    <p class='ocr_par' dir='ltr' id='par_1_102' title="bbox 580 5584 2089 5662">
     <span class='ocr_line' id='line_1_104' title="bbox 580 5584 2089 5662; baseline 0.009 -23"><span class='ocrx_word' id='word_1_741' title='bbox 580 5584 863 5662; x_wconf 31' lang='lat' dir='ltr'><strong>{Verbum</strong></span> <span class='ocrx_word' id='word_1_742' title='bbox 884 5602 1004 5646; x_wconf 76' lang='lat' dir='ltr'><strong>sunt</strong></span> <span class='ocrx_word' id='word_1_743' title='bbox 1023 5592 1320 5651; x_wconf 88' lang='lat' dir='ltr'><strong>addidimus</strong></span> <span class='ocrx_word' id='word_1_744' title='bbox 1332 5611 1398 5651; x_wconf 85' lang='lat' dir='ltr'><strong>ex</strong></span> <span class='ocrx_word' id='word_1_745' title='bbox 1423 5598 1630 5657; x_wconf 72' lang='lat' dir='ltr'><strong>duobus</strong></span> <span class='ocrx_word' id='word_1_746' title='bbox 1652 5605 1943 5661; x_wconf 74' lang='lat' dir='ltr'><strong>codicibus,</strong></span> <span class='ocrx_word' id='word_1_747' title='bbox 1964 5606 2089 5662; x_wconf 69' lang='grc' dir='ltr'><strong>Μοχ</strong></span> 
     </span>
    </p>
   </div>
   <div class='ocr_carea' id='block_1_103' title="bbox 507 5650 2086 5738">
    <p class='ocr_par' dir='ltr' id='par_1_103' title="bbox 507 5650 2086 5738">
     <span class='ocr_line' id='line_1_105' title="bbox 507 5650 2086 5738; baseline 0.018 -36"><span class='ocrx_word' id='word_1_748' title='bbox 507 5650 655 5738; x_wconf 67' lang='lat' dir='ltr'><strong>editi,</strong></span> <span class='ocrx_word' id='word_1_749' title='bbox 681 5665 865 5738; x_wconf 48' lang='lat' dir='ltr'><strong>tamen</strong></span> <span class='ocrx_word' id='word_1_750' title='bbox 906 5663 986 5738; x_wconf 67' lang='lat' dir='ltr'><strong>Itis</strong></span> <span class='ocrx_word' id='word_1_751' title='bbox 1032 5681 1147 5734; x_wconf 79' lang='lat' dir='ltr'><strong>qua:</strong></span> <span class='ocrx_word' id='word_1_752' title='bbox 1186 5682 1382 5738; x_wconf 80' lang='lat' dir='ltr'><strong>quoque</strong></span> <span class='ocrx_word' id='word_1_753' title='bbox 1410 5686 1514 5725; x_wconf 82' lang='lat' dir='ltr'><strong>non</strong></span> <span class='ocrx_word' id='word_1_754' title='bbox 1552 5650 1779 5728; x_wconf 60' lang='lat' dir='ltr'><strong>contenti</strong></span> <span class='ocrx_word' id='word_1_755' title='bbox 1807 5688 1944 5731; x_wconf 80' lang='lat' dir='ltr'><strong>sunt.</strong></span> <span class='ocrx_word' id='word_1_756' title='bbox 1975 5677 2086 5730; x_wconf 79' lang='lat' dir='ltr'><strong>Au-</strong></span> 
     </span>
    </p>
   </div>
   <div class='ocr_carea' id='block_1_104' title="bbox 511 5725 2087 5809">
    <p class='ocr_par' dir='ltr' id='par_1_104' title="bbox 511 5725 2087 5809">
     <span class='ocr_line' id='line_1_106' title="bbox 511 5725 2087 5809; baseline 0.018 -36"><span class='ocrx_word' id='word_1_757' title='bbox 511 5725 642 5787; x_wconf 84' lang='lat' dir='ltr'><strong>tiqui</strong></span> <span class='ocrx_word' id='word_1_758' title='bbox 663 5725 767 5782; x_wconf 86' lang='lat' dir='ltr'><strong>duo</strong></span> <span class='ocrx_word' id='word_1_759' title='bbox 817 5732 952 5797; x_wconf 85' lang='lat' dir='ltr'><strong>libri,</strong></span> <span class='ocrx_word' id='word_1_760' title='bbox 985 5725 1157 5788; x_wconf 59' lang='lat' dir='ltr'><strong>totum</strong></span> <span class='ocrx_word' id='word_1_761' title='bbox 1198 5725 1431 5794; x_wconf 56' lang='lat' dir='ltr'><strong>&#39;Iu&#39;a&#39;nou</strong></span> <span class='ocrx_word' id='word_1_762' title='bbox 1473 5725 1828 5809; x_wconf 60' lang='lat' dir='ltr'><strong>usquequaque</strong></span> <span class='ocrx_word' id='word_1_763' title='bbox 1865 5749 2087 5802; x_wconf 76' lang='lat' dir='ltr'><strong>contenti</strong></span> 
     </span>
    </p>
   </div>
   <div class='ocr_carea' id='block_1_105' title="bbox 610 5844 629 5883">
    <p class='ocr_par' dir='ltr' id='par_1_105' title="bbox 610 5844 629 5883">
     <span class='ocr_line' id='line_1_107' title="bbox 610 5844 629 5883; baseline 0 0"><span class='ocrx_word' id='word_1_764' title='bbox 610 5844 629 5883; x_wconf 89' lang='lat' dir='ltr'><em>I</em></span> 
     </span>
    </p>
   </div>
   <div class='ocr_carea' id='block_1_106' title="bbox 2269 4699 3719 4781">
    <p class='ocr_par' dir='ltr' id='par_1_106' title="bbox 2269 4699 3719 4781">
     <span class='ocr_line' id='line_1_108' title="bbox 2269 4699 3719 4781; baseline -0.005 -25"><span class='ocrx_word' id='word_1_765' title='bbox 2269 4699 2287 4739; x_wconf 70' lang='grc' dir='ltr'>ί</span> <span class='ocrx_word' id='word_1_766' title='bbox 2322 4701 2508 4781; x_wconf 52' lang='lat' dir='ltr'><strong>podex</strong></span> <span class='ocrx_word' id='word_1_767' title='bbox 2553 4715 2708 4781; x_wconf 75' lang='lat' dir='ltr'><strong>unus,</strong></span> <span class='ocrx_word' id='word_1_768' title='bbox 2741 4701 2838 4781; x_wconf 60' lang='grc' dir='ltr'><strong>Ιιαξ</strong></span> <span class='ocrx_word' id='word_1_769' title='bbox 2859 4702 3064 4781; x_wconf 58' lang='lat' dir='ltr'><strong>seducti</strong></span> <span class='ocrx_word' id='word_1_770' title='bbox 3098 4702 3319 4781; x_wconf 69' lang='lat' dir='ltr'><strong>ratione,</strong></span> <span class='ocrx_word' id='word_1_771' title='bbox 3354 4702 3719 4781; x_wconf 41' lang='lat' dir='ltr'><strong>prolapsis-unt.</strong></span> 
     </span>
    </p>
   </div>
   <div class='ocr_carea' id='block_1_107' title="bbox 2194 4770 3721 4845">
    <p class='ocr_par' dir='ltr' id='par_1_107' title="bbox 2194 4770 3721 4845">
     <span class='ocr_line' id='line_1_109' title="bbox 2194 4770 3721 4845; baseline -0.003 -21"><span class='ocrx_word' id='word_1_772' title='bbox 2194 4770 2344 4845; x_wconf 57' lang='lat' dir='ltr'><strong>[laud</strong></span> <span class='ocrx_word' id='word_1_773' title='bbox 2376 4772 2534 4841; x_wconf 87' lang='lat' dir='ltr'><strong>longe</strong></span> <span class='ocrx_word' id='word_1_774' title='bbox 2559 4771 2691 4845; x_wconf 81' lang='lat' dir='ltr'><strong>editi</strong></span> <span class='ocrx_word' id='word_1_775' title='bbox 2711 4781 2767 4845; x_wconf 81' lang='lat' dir='ltr'><strong>et</strong></span> <span class='ocrx_word' id='word_1_776' title='bbox 2794 4770 2948 4845; x_wconf 84' lang='lat' dir='ltr'><strong>Golb.</strong></span> <span class='ocrx_word' id='word_1_777' title='bbox 2980 4772 3201 4845; x_wconf 86' lang='lat' dir='ltr'><strong>primus,</strong></span> <span class='ocrx_word' id='word_1_778' title='bbox 3235 4770 3721 4845; x_wconf 34' lang='grc' dir='ltr'><strong>ἰιιιιᾹίϊιξι-ἱιιεξρϋιραξυἰ</strong></span> 
     </span>
    </p>
   </div>
   <div class='ocr_carea' id='block_1_108' title="bbox 2191 4836 3721 4918">
    <p class='ocr_par' dir='ltr' id='par_1_108' title="bbox 2191 4836 3721 4918">
     <span class='ocr_line' id='line_1_110' title="bbox 2191 4836 3721 4918; baseline -0.005 -24"><span class='ocrx_word' id='word_1_779' title='bbox 2191 4840 2373 4918; x_wconf 83' lang='lat' dir='ltr'><strong>Codex</strong></span> <span class='ocrx_word' id='word_1_780' title='bbox 2397 4836 2610 4918; x_wconf 62' lang='lat' dir='ltr'><strong>noster,</strong></span> <span class='ocrx_word' id='word_1_781' title='bbox 2630 4840 2761 4896; x_wconf 82' lang='lat' dir='ltr'><strong>illud</strong></span> <span class='ocrx_word' id='word_1_782' title='bbox 2782 4836 3014 4912; x_wconf 70' lang='lat' dir='ltr'><strong>principe</strong></span> <span class='ocrx_word' id='word_1_783' title='bbox 3040 4836 3272 4918; x_wconf 71' lang='lat' dir='ltr'><strong>it_t__leco.</strong></span> <span class='ocrx_word' id='word_1_784' title='bbox 3304 4836 3453 4918; x_wconf 80' lang='lat' dir='ltr'><strong>Golb.</strong></span> <span class='ocrx_word' id='word_1_785' title='bbox 3483 4836 3721 4918; x_wconf 58' lang='lat' dir='ltr'><strong>alteri/Iud</strong></span> 
     </span>
    </p>
   </div>
   <div class='ocr_carea' id='block_1_109' title="bbox 2190 4909 3720 4994">
    <p class='ocr_par' dir='ltr' id='par_1_109' title="bbox 2190 4909 3720 4994">
     <span class='ocr_line' id='line_1_111' title="bbox 2190 4909 3720 4994; baseline 0.001 -29"><span class='ocrx_word' id='word_1_786' title='bbox 2190 4913 2359 4982; x_wconf 81' lang='lat' dir='ltr'><strong>primo</strong></span> <span class='ocrx_word' id='word_1_787' title='bbox 2388 4912 2521 4967; x_wconf 87' lang='lat' dir='ltr'><strong>loco.</strong></span> <span class='ocrx_word' id='word_1_788' title='bbox 2552 4909 2761 4994; x_wconf 44' lang='grc' dir='ltr'><strong>(ἔρρε,</strong></span> <span class='ocrx_word' id='word_1_789' title='bbox 2782 4909 3011 4989; x_wconf 65' lang='grc' dir='ltr'><strong>’πρῶτὸν⁸</strong></span> <span class='ocrx_word' id='word_1_790' title='bbox 3066 4911 3288 4994; x_wconf 58' lang='grc' dir='ltr'><strong>ῌΙιίιιῃιρ</strong></span> <span class='ocrx_word' id='word_1_791' title='bbox 3333 4913 3459 4994; x_wconf 84' lang='lat' dir='ltr'><strong>duas</strong></span> <span class='ocrx_word' id='word_1_792' title='bbox 3480 4909 3720 4994; x_wconf 54' lang='grc' dir='ltr'><strong>⁵Ιεξεῐιίορεξε</strong></span> 
     </span>
    </p>
   </div>
   <div class='ocr_carea' id='block_1_110' title="bbox 2191 4982 3720 5052">
    <p class='ocr_par' dir='ltr' id='par_1_110' title="bbox 2191 4982 3720 5052">
     <span class='ocr_line' id='line_1_112' title="bbox 2191 4982 3720 5052; baseline 0.005 -16"><span class='ocrx_word' id='word_1_793' title='bbox 2191 4996 2259 5036; x_wconf 82' lang='lat' dir='ltr'><strong>ex</strong></span> <span class='ocrx_word' id='word_1_794' title='bbox 2300 4997 2456 5052; x_wconf 66' lang='lat' dir='ltr'><strong>(equo</strong></span> <span class='ocrx_word' id='word_1_795' title='bbox 2496 4983 2613 5037; x_wconf 84' lang='lat' dir='ltr'><strong>voci</strong></span> <span class='ocrx_word' id='word_1_796' title='bbox 2640 4982 2842 5037; x_wconf 65' lang='lat' dir='ltr'><strong>Graece</strong></span> <span class='ocrx_word' id='word_1_797' title='bbox 2865 4984 3152 5039; x_wconf 89' lang='lat' dir='ltr'><strong>convenire</strong></span> <span class='ocrx_word' id='word_1_798' title='bbox 3181 4983 3384 5049; x_wconf 89' lang='lat' dir='ltr'><strong>vident,</strong></span> <span class='ocrx_word' id='word_1_799' title='bbox 3408 4982 3601 5052; x_wconf 69' lang='lat' dir='ltr'><strong>opinor.</strong></span> <span class='ocrx_word' id='word_1_800' title='bbox 3621 4984 3720 5052; x_wconf 76' lang='lat'><strong>_&quot;‘°‘</strong></span> 
     </span>
    </p>
   </div>
   <div class='ocr_carea' id='block_1_111' title="bbox 2191 5045 3717 5136">
    <p class='ocr_par' dir='ltr' id='par_1_111' title="bbox 2191 5045 3717 5136">
     <span class='ocr_line' id='line_1_113' title="bbox 2191 5045 3717 5136; baseline -0.016 -9"><span class='ocrx_word' id='word_1_801' title='bbox 2191 5066 2323 5133; x_wconf 63' lang='lat'><strong>&quot;9,53</strong></span> <span class='ocrx_word' id='word_1_802' title='bbox 2358 5045 2488 5121; x_wconf 63' lang='grc' dir='ltr'><strong>ῥυιο</strong></span> <span class='ocrx_word' id='word_1_803' title='bbox 2516 5060 2696 5133; x_wconf 58' lang='lat' dir='ltr'><strong>limen</strong></span> <span class='ocrx_word' id='word_1_804' title='bbox 2725 5054 2903 5136; x_wconf 46' lang='lat' dir='ltr'><strong>Potius</strong></span> <span class='ocrx_word' id='word_1_805' title='bbox 2927 5054 3027 5121; x_wconf 86' lang='lat' dir='ltr'><strong>legi</strong></span> <span class='ocrx_word' id='word_1_806' title='bbox 3058 5053 3257 5136; x_wconf 81' lang='lat' dir='ltr'><strong>debere</strong></span> <span class='ocrx_word' id='word_1_807' title='bbox 3270 5045 3499 5136; x_wconf 65' lang='lat' dir='ltr'><strong>principe</strong></span> <span class='ocrx_word' id='word_1_808' title='bbox 3538 5045 3717 5136; x_wconf 52' lang='lat' dir='ltr'><strong>in‘ieff.</strong></span> 
     </span>
    </p>
   </div>
   <div class='ocr_carea' id='block_1_112' title="bbox 2195 5112 3718 5204">
    <p class='ocr_par' dir='ltr' id='par_1_112' title="bbox 2195 5112 3718 5204">
     <span class='ocr_line' id='line_1_114' title="bbox 2195 5112 3718 5204; baseline -0.001 -29"><span class='ocrx_word' id='word_1_809' title='bbox 2195 5123 2275 5175; x_wconf 90' lang='lat' dir='ltr'><strong>uti</strong></span> <span class='ocrx_word' id='word_1_810' title='bbox 2306 5112 2558 5204; x_wconf 56' lang='lat' dir='ltr'><strong>in&#39;yetcri</strong></span> <span class='ocrx_word' id='word_1_811' title='bbox 2585 5112 2772 5204; x_wconf 62' lang='lat' dir='ltr'><strong>nostro</strong></span> <span class='ocrx_word' id='word_1_812' title='bbox 2801 5124 2938 5204; x_wconf 78' lang='lat' dir='ltr'><strong>libro</strong></span> <span class='ocrx_word' id='word_1_813' title='bbox 2967 5112 3224 5204; x_wconf 61' lang='lat' dir='ltr'><strong>scriptum</strong></span> <span class='ocrx_word' id='word_1_814' title='bbox 3269 5112 3718 5204; x_wconf 34' lang='lat' dir='ltr'><strong>iii-veniinuszyidg:</strong></span> 
     </span>
    </p>
   </div>
   <div class='ocr_carea' id='block_1_113' title="bbox 2197 5189 3719 5264">
    <p class='ocr_par' dir='ltr' id='par_1_113' title="bbox 2197 5189 3719 5264">
     <span class='ocr_line' id='line_1_115' title="bbox 2197 5189 3719 5264; baseline 0.001 -19"><span class='ocrx_word' id='word_1_815' title='bbox 2197 5197 2287 5264; x_wconf 76' lang='lat' dir='ltr'><strong>tur</strong></span> <span class='ocrx_word' id='word_1_816' title='bbox 2309 5192 2760 5264; x_wconf 22' lang='lat' dir='ltr'><strong>cuiinﬂlibrarius,</strong></span> <span class='ocrx_word' id='word_1_817' title='bbox 2788 5189 3093 5264; x_wconf 79' lang='lat' dir='ltr'><strong>quicunque</strong></span> <span class='ocrx_word' id='word_1_818' title='bbox 3148 5196 3238 5249; x_wconf 87' lang='lat' dir='ltr'><strong>ille</strong></span> <span class='ocrx_word' id='word_1_819' title='bbox 3268 5192 3363 5249; x_wconf 77' lang='lat' dir='ltr'><strong>fuit</strong></span> <span class='ocrx_word' id='word_1_820' title='bbox 3405 5193 3503 5264; x_wconf 78' lang='lat' dir='ltr'><strong>qui</strong></span> <span class='ocrx_word' id='word_1_821' title='bbox 3534 5189 3719 5264; x_wconf 51' lang='lat' dir='ltr'><strong>alterum</strong></span> 
     </span>
    </p>
   </div>
   <div class='ocr_carea' id='block_1_114' title="bbox 2200 5257 3717 5335">
    <p class='ocr_par' dir='ltr' id='par_1_114' title="bbox 2200 5257 3717 5335">
     <span class='ocr_line' id='line_1_116' title="bbox 2200 5257 3717 5335; baseline -0.001 -21"><span class='ocrx_word' id='word_1_822' title='bbox 2200 5261 2346 5316; x_wconf 91' lang='lat' dir='ltr'><strong>illum</strong></span> <span class='ocrx_word' id='word_1_823' title='bbox 2375 5263 2613 5317; x_wconf 91' lang='lat' dir='ltr'><strong>codicem</strong></span> <span class='ocrx_word' id='word_1_824' title='bbox 2633 5257 3021 5319; x_wconf 58' lang='lat' dir='ltr'><strong>Colbertiuum&#39;</strong></span> <span class='ocrx_word' id='word_1_825' title='bbox 3041 5266 3273 5335; x_wconf 87' lang='lat' dir='ltr'><strong>scripsit,</strong></span> <span class='ocrx_word' id='word_1_826' title='bbox 3299 5257 3535 5335; x_wconf 79' lang='lat' dir='ltr'><strong>nonnulla</strong></span> <span class='ocrx_word' id='word_1_827' title='bbox 3562 5257 3619 5312; x_wconf 85' lang='lat' dir='ltr'><strong>de</strong></span> <span class='ocrx_word' id='word_1_828' title='bbox 3642 5267 3717 5307; x_wconf 75' lang='lat' dir='ltr'><strong>suo</strong></span> 
     </span>
    </p>
   </div>
   <div class='ocr_carea' id='block_1_115' title="bbox 2198 5333 3717 5407">
    <p class='ocr_par' dir='ltr' id='par_1_115' title="bbox 2198 5333 3717 5407">
     <span class='ocr_line' id='line_1_117' title="bbox 2198 5333 3717 5407; baseline 0 -22"><span class='ocrx_word' id='word_1_829' title='bbox 2198 5338 2254 5385; x_wconf 91' lang='lat' dir='ltr'><strong>et</strong></span> <span class='ocrx_word' id='word_1_830' title='bbox 2282 5343 2538 5407; x_wconf 75' lang='lat' dir='ltr'><strong>mutasse,</strong></span> <span class='ocrx_word' id='word_1_831' title='bbox 2586 5342 2641 5387; x_wconf 91' lang='lat' dir='ltr'><strong>et</strong></span> <span class='ocrx_word' id='word_1_832' title='bbox 2661 5335 2980 5407; x_wconf 75' lang='lat' dir='ltr'><strong>correxisse,</strong></span> <span class='ocrx_word' id='word_1_833' title='bbox 3018 5333 3166 5399; x_wconf 55' lang='lat' dir='ltr'><strong>sive,</strong></span> <span class='ocrx_word' id='word_1_834' title='bbox 3194 5350 3314 5390; x_wconf 91' lang='lat' dir='ltr'><strong>cum</strong></span> <span class='ocrx_word' id='word_1_835' title='bbox 3356 5333 3620 5407; x_wconf 46' lang='lat' dir='ltr'><strong>scriberet,</strong></span> <span class='ocrx_word' id='word_1_836' title='bbox 3648 5338 3717 5407; x_wconf 63' lang='grc' dir='ltr'><strong>ι’(ῗέ</strong></span> 
     </span>
    </p>
   </div>
   <div class='ocr_carea' id='block_1_116' title="bbox 2203 5403 3715 5474">
    <p class='ocr_par' dir='ltr' id='par_1_116' title="bbox 2203 5403 3715 5474">
     <span class='ocr_line' id='line_1_118' title="bbox 2203 5403 3715 5474; baseline -0.008 -18"><span class='ocrx_word' id='word_1_837' title='bbox 2203 5404 2444 5474; x_wconf 79' lang='lat' dir='ltr'><strong>spexerit</strong></span> <span class='ocrx_word' id='word_1_838' title='bbox 2470 5403 2536 5456; x_wconf 89' lang='lat' dir='ltr'><strong>ad</strong></span> <span class='ocrx_word' id='word_1_839' title='bbox 2579 5405 2856 5474; x_wconf 87' lang='lat' dir='ltr'><strong>exemplar</strong></span> <span class='ocrx_word' id='word_1_840' title='bbox 2884 5405 3124 5460; x_wconf 69' lang='lat' dir='ltr'><strong>Gmcum</strong></span> <span class='ocrx_word' id='word_1_841' title='bbox 3143 5448 3157 5472; x_wconf 91' lang='lat'><strong>,</strong></span> <span class='ocrx_word' id='word_1_842' title='bbox 3189 5407 3301 5461; x_wconf 85' lang='lat' dir='ltr'><strong>sive</strong></span> <span class='ocrx_word' id='word_1_843' title='bbox 3327 5406 3379 5461; x_wconf 87' lang='lat' dir='ltr'><strong>id</strong></span> <span class='ocrx_word' id='word_1_844' title='bbox 3405 5403 3512 5458; x_wconf 85' lang='lat' dir='ltr'><strong>solo</strong></span> <span class='ocrx_word' id='word_1_845' title='bbox 3535 5403 3715 5453; x_wconf 86' lang='lat' dir='ltr'><strong>rationis</strong></span> 
     </span>
    </p>
   </div>
   <div class='ocr_carea' id='block_1_117' title="bbox 2194 5472 2592 5528">
    <p class='ocr_par' dir='ltr' id='par_1_117' title="bbox 2194 5472 2592 5528">
     <span class='ocr_line' id='line_1_119' title="bbox 2194 5472 2592 5528; baseline 0.003 -3"><span class='ocrx_word' id='word_1_846' title='bbox 2194 5472 2355 5527; x_wconf 91' lang='lat' dir='ltr'><strong>ductu</strong></span> <span class='ocrx_word' id='word_1_847' title='bbox 2386 5473 2592 5528; x_wconf 82' lang='lat' dir='ltr'><strong>fecerit.</strong></span> 
     </span>
    </p>
   </div>
   <div class='ocr_carea' id='block_1_118' title="bbox 2270 5539 3713 5607">
    <p class='ocr_par' dir='ltr' id='par_1_118' title="bbox 2270 5539 3713 5607">
     <span class='ocr_line' id='line_1_120' title="bbox 2270 5539 3713 5607; baseline -0.003 -12"><span class='ocrx_word' id='word_1_848' title='bbox 2270 5552 2296 5589; x_wconf 77' lang='grc' dir='ltr'><em>ε</em></span> <span class='ocrx_word' id='word_1_849' title='bbox 2326 5543 2486 5607; x_wconf 70' lang='grc' dir='ltr'><strong>Ειιὶιὶ,</strong></span> <span class='ocrx_word' id='word_1_850' title='bbox 2536 5544 2833 5600; x_wconf 81' lang='lat' dir='ltr'><strong>discurrunt</strong></span> <span class='ocrx_word' id='word_1_851' title='bbox 2879 5546 3065 5602; x_wconf 72' lang='lat' dir='ltr'><strong>stella’.</strong></span> <span class='ocrx_word' id='word_1_852' title='bbox 3097 5545 3164 5601; x_wconf 85' lang='lat' dir='ltr'><strong>At</strong></span> <span class='ocrx_word' id='word_1_853' title='bbox 3203 5546 3354 5603; x_wconf 84' lang='lat' dir='ltr'><strong>Colb.</strong></span> <span class='ocrx_word' id='word_1_854' title='bbox 3385 5539 3635 5601; x_wconf 81' lang='lat' dir='ltr'><strong>secundus,</strong></span> <span class='ocrx_word' id='word_1_855' title='bbox 3658 5543 3713 5584; x_wconf 70' lang='lat' dir='ltr'><strong>et!</strong></span> 
     </span>
    </p>
   </div>
   <div class='ocr_carea' id='block_1_119' title="bbox 2190 5613 2373 5667">
    <p class='ocr_par' dir='ltr' id='par_1_119' title="bbox 2190 5613 2373 5667">
     <span class='ocr_line' id='line_1_121' title="bbox 2190 5613 2373 5667; baseline 0.022 -4"><span class='ocrx_word' id='word_1_856' title='bbox 2190 5613 2373 5667; x_wconf 63' lang='lat' dir='ltr'><strong>statim.</strong></span> 
     </span>
    </p>
   </div>
   <div class='ocr_carea' id='block_1_120' title="bbox 2270 5680 3709 5765">
    <p class='ocr_par' dir='ltr' id='par_1_120' title="bbox 2270 5680 3709 5765">
     <span class='ocr_line' id='line_1_122' title="bbox 2270 5680 3709 5765; baseline 0.005 -32"><span class='ocrx_word' id='word_1_857' title='bbox 2270 5680 2496 5765; x_wconf 34' lang='lat' dir='ltr'><strong>bIEditi,</strong></span> <span class='ocrx_word' id='word_1_858' title='bbox 2550 5696 2691 5742; x_wconf 82' lang='lat' dir='ltr'><strong>actor</strong></span> <span class='ocrx_word' id='word_1_859' title='bbox 2737 5686 3007 5743; x_wconf 71' lang='lat' dir='ltr'><strong>exstiterit.</strong></span> <span class='ocrx_word' id='word_1_860' title='bbox 3058 5686 3211 5745; x_wconf 87' lang='lat' dir='ltr'><strong>Colb.</strong></span> <span class='ocrx_word' id='word_1_861' title='bbox 3262 5685 3526 5748; x_wconf 81' lang='lat' dir='ltr'><strong>secundus.</strong></span> <span class='ocrx_word' id='word_1_862' title='bbox 3570 5682 3709 5731; x_wconf 70' lang='grc' dir='ltr'><strong>αυίιοτ</strong></span> 
     </span>
    </p>
   </div>
   <div class='ocr_carea' id='block_1_121' title="bbox 2194 5762 2470 5807">
    <p class='ocr_par' dir='ltr' id='par_1_121' title="bbox 2194 5762 2470 5807">
     <span class='ocr_line' id='line_1_123' title="bbox 2194 5762 2470 5807; baseline 0.004 -2"><span class='ocrx_word' id='word_1_863' title='bbox 2194 5762 2470 5807; x_wconf 65' lang='lat' dir='ltr'><strong>exstiterit.</strong></span> 
     </span>
    </p>
   </div>
  </div>
