3964 6178
218 323 321 380 939

1274 307 1671 365 liEXAEMEltl
1711 305 2189 363 METAPHRASIS
2233 304 2434 363 LIBER
2480 305 2561 361 Vl.

3390 307 3494 363 i330

220 452 405 499 autem
434 436 712 509 proposito
741 433 971 491 faciente
1008 438 1132 489 sunt
1169 433 1443 503 pessimae,
1487 432 1663 502 primo
1691 429 1808 499 qui-
1836 432 1887 490 Α
1914 437 1964 481 et
1991 430 2045 482 in
2071 429 2245 483 annis.
2293 427 2536 482 Diximus
2558 426 2671 496 jam
2716 426 2784 483 de
2831 427 2998 495 signis
3042 445 3054 481 :
3099 435 3341 499 tempora
3368 444 3502 484 sane

220 534 348 589 dem
381 543 405 570 ι
440 530 693 587 animalia
720 529 961 598 quoidam
992 527 1228 598 putanda
1262 535 1390 583 sunt
1435 526 1659 581 arbitrio
1706 539 1808 579 suo

218 624 559 689 famulantia,
609 622 963 690 absolutoque
1010 626 1067 675 et
1112 620 1286 676 libero
1337 620 1561 690 impetu,
1610 617 1676 672 ad
1708 618 1810 672 boc

220 718 373 788 quod
400 716 502 771 sibi
549 714 767 769 libuerit
812 714 1051 776 incitata,
1093 711 1357 782 siquidem
1385 712 1550 768 totius
1593 709 1837 765 modum'

116 834 127 841 ο
223 806 425 864 furoris
474 804 687 861 excedit
737 803 1047 859 insimulare
1110 818 1200 858 res
1259 803 1553 857 exanimes.
1610 800 1813 856 Deinde

221 906 427 967 quanta
475 894 916 950 irrationabilitas
953 900 1062 959 est,
1112 894 1333 957 bonum,
1376 894 1664 957 malumve,
1705 906 1813 946 non

222 1004 326 1060 pro
355 1003 453 1043 sua
481 987 741 1056 cujusque
780 986 1038 1054 dignitate
1066 985 1390 1054 distinguere
1410 1025 1423 1051 ,
1457 984 1553 1040 sed
1596 999 1664 1040 ex
1711 984 1813 1038 loci

222 1078 513 1147 qualitate,
543 1083 637 1130 aut
680 1084 930 1146 respectu
973 1076 1223 1141 alterius,
1275 1077 1359 1131 vel
1406 1077 1667 1146 optimum
1699 1074 1815 1129 lieri

224 1169 475 1236 delinire,
507 1168 594 1223 vel
621 1169 951 1239 pessimum?
979 1166 1046 1221 Et
1070 1183 1192 1223 cum
1220 1168 1494 1237 paulisper
1538 1167 1607 1221 de
1656 1167 1815 1222 sche-

224 1271 375 1317 mate
403 1261 560 1316 stella
587 1260 868 1315 diverterit
887 1301 901 1326 ,
933 1274 1045 1315 suae
1073 1261 1306 1329 propria:
1333 1259 1530 1314 dicitur
1572 1258 1819 1327 maligni-

226 1357 359 1411 tatis
385 1354 571 1409 oblita.
604 1353 709 1408 Sed
740 1353 854 1407 hate
880 1352 1096 1421 quidem
1126 1351 1390 1406 hactenus
1417 1366 1548 1405 sane
1575 1366 1673 1420 per
1709 1351 1820 1405 sin-

227 1446 357 1516 gula
384 1452 659 1499 momenta
688 1443 965 1512 temporis,
1016 1450 1074 1496 ut
1114 1442 1318 1508 dicunt,
1370 1441 1424 1495 in
1468 1441 1613 1495 aliud
1657 1449 1820 1510 atque

228 1536 378 1592 aliud
405 1537 623 1591 schema
651 1550 710 1589 se
747 1532 1094 1589 tratisferunt.
1125 1533 1183 1587 In
1213 1533 1296 1587 his
1320 1534 1503 1603 itaque
1533 1540 1615 1587 tot
1640 1540 1820 1586 tanta-

232 1641 465 1694 rumque
492 1623 849 1678 mutationum
879 1623 1131 1689 millibus,
1164 1631 1365 1693 quanta
1394 1622 1635 1692 quotidie
1663 1631 1820 1677 nata-

229 1715 366 1769 lium
415 1714 683 1782 regiorum
712 1712 932 1768 decreta
972 1712 1192 1766 formari
1237 1713 1473 1783 putanda
1520 1720 1664 1768 sunt.
1713 1712 1823 1767 Cur

1911 517 2258 588 intelligimus
2304 532 2423 572 esse
2467 525 2649 587 partes
2694 525 2928 587 quatuor
2966 518 3091 572 anni
3139 518 3415 581 vertentis,
3448 518 3501 572 id

1912 614 2418 674 est,ver,:ustatem,
2445 616 2783 671 autumnum,
2800 616 2961 678 atque
2988 609 3239 664 hiemem.
3273 608 3403 663 Haec
3423 601 3502 663 si-

1872 696 1891 707 “
1911 698 2079 754 bimet
2098 698 2435 754 succedendo
2448 698 2682 754 vicissim
2703 699 3214 769 proluminariorum
3230 699 3505 771 dispositis

1914 791 2161 846 cursibus
2191 799 2575 861 temperantur.
2621 790 2802 846 Hiems
2842 794 2987 847 enim
3015 791 3073 847 lit
3102 793 3154 846 in
3182 792 3506 847 australibus

1916 884 2033 939 sole
2058 882 2366 950 regionibus
2394 892 2786 949 commorante,
2819 893 3243 954 nocturnamque
3272 885 3512 955 opacita-

1917 983 2050 1040 tem,
2076 975 2218 1030 circa
2247 973 2428 1039 clima,
2468 985 2491 1013 ο
2521 974 2667 1043 quod
2698 990 2796 1029 nos
2822 975 3144 1040 habitamus,
3177 976 3354 1045 spatio
3378 975 3502 1029 lon-

1917 1066 2068 1135 giore
2090 1065 2341 1121 ducente.
2360 1062 2515 1120 Unde
2536 1065 2594 1118 lit
2613 1072 2673 1119 ut
2695 1079 2791 1120 aer
2811 1073 2968 1120 terra:
2987 1066 3265 1135 proximus
3287 1064 3507 1133 frigidus

1918 1154 2201 1222 efficiatur,
2236 1170 2536 1225 omnesque
2561 1156 2807 1212 nebulosi
2841 1171 3071 1224 vapores
3099 1157 3502 1225 conglomerati.

1917 1250 2128 1321 pluvias
2157 1257 2213 1304 et
2239 1250 2409 1312 nives,
2442 1250 2749 1320 glaciesque
2797 1250 3098 1320 perficiant.
3145 1251 3291 1305 Cum
3327 1259 3508 1307 autem

1918 1341 1987 1396 de
2021 1340 2315 1396 meridiana
2342 1341 2499 1411 plaga
2526 1340 2738 1397 rediens
2763 1341 2875 1407 sol,
2909 1342 3143 1396 medium
3171 1343 3356 1397 orbem
3387 1342 3510 1397 caeli

1921 1433 2181 1499 tenuerit,
2231 1441 2361 1488 tunc
2405 1432 2595 1487 diebus
2639 1448 2705 1487 ac
2752 1433 2998 1488 noctibus
3045 1441 3257 1502 tempus
3303 1434 3512 1501 :cquale

1920 1524 2210 1580 distribuit.
2245 1523 2565 1592 Quantoque
2594 1522 2752 1577 altius
2775 1539 2805 1577 a
2830 1530 2973 1578 terra
3001 1522 3335 1589 subvehitur,
3360 1532 3511 1577 tanto

1922 1615 2093 1683 magis
2122 1614 2378 1683 paulatim
2406 1614 2685 1684 componit
2726 1615 3061 1684 temperiem,
3093 1630 3193 1684 per
3228 1630 3390 1685 quam
3417 1630 3516 1670 ver

1921 1708 2185 1780 procedit,
2218 1708 2369 1775 cujus
2414 1704 2676 1763 beneficio
2716 1706 2937 1762 frutices
2982 1707 3316 1777 arboresque
3362 1704 3514 1762 fron—

230 1820 367 1876 ergo
397 1820 504 1859 non
533 1804 755 1871 singulis
782 1803 972 1858 diebus
1007 1803 1274 1873 principes
1301 1803 1688 1873 procreantur?
1717 1802 1824 1859 Aut
1855 1792 1899 1850 Β
1925 1801 2172 1866 descunt,
2220 1808 2278 1856 et
2323 1801 2575 1854 animalia
2618 1807 2809 1855 cuncta
2856 1810 3089 1866 terrena,
3138 1801 3225 1855 vel
3273 1801 3512 1870 aquaria,

232 1909 406 1965 quare
434 1894 573 1964 apud
599 1894 719 1948 illos
746 1893 1018 1949 successio
1046 1908 1263 1964 semper
1289 1897 1499 1965 paterni
1524 1894 1825 1949 custoditur

235 1986 490 2056 imperii?
513 1984 778 2051 Quoniam
821 1999 984 2039 nemo
1031 1985 1283 2039 videlicet
1327 1993 1555 2041 eventus
1601 2001 1825 2041 suorum

233 2078 533 2133 liberorum
560 2076 724 2131 refert
744 2074 811 2130 ad
834 2076 1051 2132 schema
1076 2077 1380 2143 stellarum;
1412 2079 1611 2148 quippe
1630 2079 1824 2147 quibus

234 2183 469 2238 regnum
497 2184 605 2223 non
645 2167 857 2235 genesis
884 2166 1013 2233 lato,
1045 2167 1138 2222 sed
1181 2169 1394 2235 generis
1417 2168 1538 2237 jure
1566 2167 1819 2223 defertur.

236 2259 431 2315 Nonne
458 2259 619 2327 igitur
643 2257 895 2313 Joatham
915 2259 1193 2327 generavit
1211 2255 1390 2326 Ozias,
1413 2266 1470 2313 et
1490 2258 1557 2313 de
1577 2257 1826 2314 Joatbam

244 2360 407 2408 natus
436 2352 639 2406 Acbam
664 2352 785 2405 est?
810 2349 880 2404 Et
925 2359 1105 2405 tamen
1153 2351 1331 2406 nullus
1375 2351 1590 2406 illorum
1617 2352 1828 2406 'servilis

240 2443 436 2498 horam
463 2439 791 2496 conditionis
811 2441 1052 2496 incurrit.
1079 2440 1281 2496 Deinde
1304 2442 1351 2496 si
1376 2441 1635 2495 virtutum
1664 2441 1826 2497 vitio-

238 2545 471 2601 rumque
516 2531 778 2602 principia
822 2546 931 2586 non
979 2547 1049 2586 ex
1094 2532 1318 2587 arbitrio
1364 2539 1569 2598 nostro,
1619 2532 1715 2588 scd
1759 2548 1829 2588 ex

236 2621 455 2690 genesis
480 2620 798 2676 necessitate
826 2620 1103 2685 sortimur,
1124 2635 1273 2691 supe;
1289 2619 1380 2675 llui
1400 2628 1544 2685 sunt,
1569 2629 1628 2674 ut
1650 2622 1825 2687 video,

238 2712 444 2765 latores
473 2710 669 2778 legum,
698 2709 970 2779 sequenda
993 2710 1149 2765 nobis
1177 2712 1262 2766 vel
1291 2709 1543 2779 fugienda
1570 2711 1831 2765 mandan-

240 2813 321 2858 tes
347 2821 359 2855 :
392 2801 649 2872 superllui
676 2817 893 2873 quoque
916 2801 1130 2871 judices
1158 2802 1418 2859 honestos
1460 2804 1707 2864 laudibus
1735 2820 1831 2859 ex-

238 2903 541 2960 ornantes,
587 2894 862 2964 improbos
916 2895 1193 2963 suppliciis
1247 2895 1534 2963 punientes
1582 2913 1595 2948 :
1645 2895 1832 2950 insons

237 2987 402 3041 etiam
432 2986 703 3040 censenda
732 2994 813 3040 est
840 2985 1149 3051 homicidae,
1182 2987 1267 3041 vel
1296 2985 1426 3041 furis
1454 2987 1696 3052 audacia,
1737 2986 1832 3056 qui

236 3077 343 3133 etsi
370 3075 628 3137 cohibere
667 3092 857 3131 manus
885 3077 1131 3147 proprias
1158 3092 1189 3130 a
1228 3076 1467 3133 facinore
1493 3079 1828 3143 maluissent,

1926 1892 2147 1961 genitali
2193 1892 2375 1946 calore
2421 1891 2692 1945 stimulata
2720 1888 2747 1928 ἀ
2792 1893 3236 1961 propagationem
3280 1894 3513 1961 generis,

1926 1982 2267 2038 successione
2295 1981 2463 2051 prolis
2489 1981 2804 2035 extendunt.
2837 1979 2964 2037 lude
2993 1982 3073 2037 sol
3100 1978 3223 2037 mox
3268 1983 3337 2037 ad
3375 1985 3520 2037 msti-

1925 2088 2048 2127 vam
2078 2072 2271 2126 lineam
2301 2069 2656 2135 deflecteudo,
2698 2086 2794 2141 per
2821 2070 3055 2126 confinia
3085 2074 3276 2127 transit
3310 2082 3516 2138 arctoa,

1926 2164 2041 2219 dies
2062 2165 2217 2218 nobis
2245 2163 2514 2231 longiores
2542 2161 2800 2231 elllciens,
2824 2163 3130 2232 diutiusque
3157 2173 3521 2220 commoratus

1928 2255 1983 2309 in
2011 2268 2157 2320 aere,
2203 2254 2377 2323 ipsum
2405 2252 2623 2322 quidem
2670 2252 2986 2322 ﬂagrantem
3032 2253 3209 2309 reddit
3249 2270 3313 2309 ac
3359 2256 3520 2309 torri-

1928 2346 2076 2410 dum,
2110 2344 2354 2399 tellurem
2397 2358 2527 2398 vero
2554 2340 2769 2413 perlicit
2809 2343 3116 2407 sicciorem,
3164 2343 3307 2399 unde
3336 2352 3516 2399 matu-

1927 2437 2110 2492 randis
2137 2435 2449 2501 seminibus,
2489 2442 2651 2503 atque
2678 2435 2873 2504 pomis,
2910 2434 3141 2489 facultas
3165 2442 3350 2505 optata
3381 2450 3522 2504 pra:—

1928 2536 2121 2583 statur.
2150 2525 2338 2596 quue
2367 2535 2610 2597 tempore
2638 2525 2868 2581 habetur
2901 2526 3197 2590 ardentior,
3223 2535 3278 2579 et
3306 2525 3522 2580 umbras

1930 2619 2255 2675 meridianas
2301 2616 2429 2673 facit
2479 2618 2788 2681 breviores,
2836 2618 3093 2686 quodiam
3125 2616 3191 2672 de
3219 2617 3331 2671 alto
3363 2618 3522 2672 nimis

1929 2711 2052 2766 loco
2094 2718 2335 2765 nostram
2391 2710 2607 2779 respicit
2652 2710 2925 2777 regionem
2950 2749 2963 2773 ,
3013 2707 3235 2779 diesque
3289 2708 3523 2778 majores

1930 2802 2217 2866 habentur,
2263 2809 2390 2855 tunc
2416 2799 2634 2869 quando
2662 2800 2853 2855 breves
2891 2805 3016 2854 sunt
3048 2799 3249 2853 umbra:
3277 2816 3289 2851 :
3321 2800 3462 2854 sicut
3490 2815 3523 2855 θ

1932 2903 2119 2951 contra
2147 2894 2263 2949 dies
2283 2892 2431 2963 parvi
2458 2898 2603 2959 sunt,
2625 2907 2746 2946 cum
2770 2890 2963 2944 fuerint
2989 2889 3189 2944 umbra:
3219 2889 3520 2958 longiores:

1933 2989 2075 3060 quod
2098 2986 2237 3058 apud
2263 3002 2359 3041 nos
2380 2986 2471 3055 qui
2499 2999 2520 3022 ι’
2543 2986 2775 3039 eteroscii
2798 2984 3156 3046 nominamur,
3182 2984 3232 3037 ii
3258 2992 3360 3048 est,
3386 2982 3521 3037 alias

1935 3080 2151 3136 umbras
2181 3079 2466 3141 habentes,
2520 3086 2576 3130 et
2623 3086 2804 3145 partes
2849 3074 3155 3152 habitamus
3182 3083 3416 3139 arctoas,
3451 3076 3524 3129 ita

237 3170 465 3226 minime
487 3169 807 3239 potuissent,
835 3178 1058 3240 propter
1084 3170 1516 3227 indeclinabilem
1546 3172 1833 3226 necessita-
1857 3158 1900 3219 C
1934 3170 2213 3238 contingit.
2247 3168 2377 3222 Nam
2397 3175 2525 3222 sunt
2542 3167 2757 3236 quidam
2781 3167 2871 3234 qui
2894 3182 2993 3235 per
3013 3166 3277 3234 integrum
3300 3166 3332 3220 b
3356 3164 3524 3220 duum

238 3261 309 3317 tis
337 3261 648 3331 impulsum.
681 3260 816 3316 Vani
860 3277 1049 3316 omnes
1077 3260 1312 3316 artifices
1354 3262 1650 3316 :estimandi
1682 3271 1827 3327 sunt,

238 3353 363 3408 vita:
388 3353 624 3409 subsidia
652 3368 909 3407 manuum
936 3353 1119 3408 labore
1140 3366 1460 3423 quaerentes.
1489 3352 1829 3423 Supervaca-

237 3459 377 3499 neus
397 3458 563 3514 porro
582 3443 750 3498 sudor
769 3443 1142 3511 agricolarum,
1160 3445 1354 3512 quibus
1373 3445 1541 3513 copia:
1563 3445 1828 3499 fructuum

239 3535 452 3605 possint
479 3534 640 3588 etiam
671 3548 779 3588 non
826 3535 1175 3604 operantibus
1223 3534 1518 3589 abundare.
1563 3535 1832 3589 Mercator

242 3628 411 3682 etiam
440 3626 590 3681 dives
615 3626 926 3683 elliceretur
953 3628 1006 3682 in
1036 3627 1169 3693 otio,
1203 3628 1290 3682 cui
1318 3628 1403 3682 vel
1433 3628 1637 3683 nolenti
1662 3643 1830 3699 pecu-

243 3719 391 3772 niam
417 3718 632 3785 genesis
659 3726 1020 3788 apportasset.
1070 3718 1496 3774 Christianorum
1526 3734 1657 3775 vero
1685 3735 1830 3790 spes,

241 3825 365 3880 qua:
392 3823 587 3878 magna
615 3819 716 3876 est,
749 3811 959 3865 sublata
989 3812 1202 3881 penitus
1242 3812 1543 3875 interisset,
1576 3812 1831 3880 quoniam

245 3900 445 3955 frustra
464 3901 547 3955 vel
572 3901 781 3969 justitia
810 3902 1024 3969 colitur,
1049 3903 1135 3957 vel
1156 3902 1442 3957 damnatur
1469 3904 1723 3972 iniquitas
1742 3947 1755 3968 ,
1787 3904 1832 3959 si

245 3994 468 4049 omnino
490 3992 707 4047 nihilex
726 3994 994 4047 sententia
1015 3994 1193 4048 facere
1215 3995 1593 4064 permittimur.
1620 3993 1833 4049 Etenim

242 4085 462 4154 quando
504 4085 783 4153 genesiaca
811 4085 910 4149 vis,
941 4093 997 4140 et
1039 4085 1277 4141 decretio
1323 4085 1498 4141 fatalis
1544 4087 1831 4151 incumbit,

244 4175 452 4230 nullum
483 4174 662 4229 locum
700 4190 922 4245 prorsus
967 4176 1174 4230 invenit
1211 4177 1542 4232 examinatio
1589 4176 1718 4245 justi
1743 4177 1833 4245 ju-

243 4265 389 4320 dicii.
422 4264 547 4321 Haec
585 4267 803 4335 quidem
832 4267 1092 4323 adversus
1134 4268 1255 4323 illos
1283 4268 1598 4324 disseruisse
1624 4268 1651 4308 δ
1683 4268 1833 4323 sufli-

243 4357 374 4412 ciat.
418 4356 601 4426 Neque
629 4358 774 4413 enim
813 4368 907 4414 aut
936 4375 1034 4415 vos
1063 4361 1448 4430 prolixioribus
1491 4363 1834 4419 sermonibus

245 4448 523 4516 indigetis,
549 4456 608 4501 ut
633 4455 762 4517 pote
788 4451 983 4505 mentis
1008 4454 1241 4507 sanitate
1267 4452 1551 4520 pollentes,
1577 4462 1670 4507 aut
1698 4462 1834 4507 tem-

244 4556 348 4611 pus
369 4541 572 4611 patitur
598 4541 823 4598 ulterius
850 4542 1075 4598 limitem
1103 4544 1485 4614 disputationis
1513 4546 1755 4602 extendi.

317 4630 372 4685 8.
407 4630 518 4686 Sed
550 4647 853 4687 sermonem
880 4634 1048 4702 magis
1072 4633 1137 4688 ad
1165 4635 1370 4705 reliqua
1401 4646 1827 4707 retorqueamus.

248 4721 403 4790 Sint,
434 4724 631 4794 inquit,
658 4724 714 4779 in
749 4724 915 4798 signis
943 4734 992 4780 et
1026 4726 1081 4779 in
1110 4728 1438 4798 temporibus,
1470 4730 1600 4783 etin
1633 4727 1830 4797 diebus,

321 4986 355 5051 IA
380 4975 539 5051 Editi,
567 4975 816 5051 animalia
844 4981 1081 5047 quantum
1109 4976 1336 5051 putando
1378 4978 1601 5051 arbitrio
1620 4963 1832 5051 suo'fa-

246 5047 470 5103 mutanti
494 5062 510 5097 :
540 5045 686 5113 quod
723 5045 1056 5116 cum’apertc
1084 5045 1331 5101 vitiosum
1355 5048 1441 5112 sit,
1469 5064 1537 5103 ex
1565 5048 1719 5104 Colb.
1745 5045 1835 5104 se-

248 5119 427 5173 cunde
459 5117 809 5175 correximus.
1170 5118 1179 5122 ’

325 5191 347 5226 b
382 5188 597 5254 Antiqui
628 5188 737 5258 duo
761 5187 897 5249 libri,
927 5186 1335 5256 sttﬂiciet.rAlitis
1365 5187 1558 5250 codex,
1590 5190 1831 5258 sufﬁciat.

247 5259 444 5313 Statim
472 5258 598 5310 editi
629 5256 817 5328 ct_duo
856 5273 1005 5320 mss.,
1052 5268 1392 5328 torqueamus.
1449 5258 1596 5312 Alius
1638 5256 1834 5323 codex,

248 5343 651 5397 retorqueamus.
675 5325 879 5393 Gl‘tBCL‘,
907 5325 1264 5397 ἐπανέλθώμεν.

326 5412 347 5436 ο
381 5396 515 5451 Illud
558 5414 653 5451 nos
697 5413 765 5452 ex
811 5397 1019 5455 duobus
1061 5400 1208 5454 libris
1239 5400 1507 5455 veteribus
1535 5398 1837 5454 addendum

248 5468 626 5536 indicavimus.

316 5538 603 5611 .dAAntiqui
627 5541 733 5595 duo
773 5539 894 5595 libri
914 5542 1472 5611 ..p_ropaginationem.
1505 5541 1673 5604 Alius,
1704 5556 1832 5609 pro-

249 5609 518 5681 paginem.
545 5608 833 5681 Aliquanto
852 5607 976 5679 post
994 5607 1151 5676 editi,
1176 5628 1237 5664 ac
1257 5613 1480 5666 aridum.
1513 5611 1657 5666 Libri
1686 5607 1835 5664 vete-

252 5678 357 5738 res.
394 5678 663 5734 torridam.

327 5762 349 5786 ο
383 5748 541 5807 tirliti.
573 5751 875 5809 a’tlterosrii.
898 5749 1081 5807 Codex
1102 5758 1307 5821 noster,
1326 5754 1580 5809 etcroscii.
1604 5750 1663 5807 In
1684 5748 1834 5807 Grac-

1931 3259 2154 3329 singulis
2180 3259 2333 3312 annis
2362 3258 2674 3311 omnimodo
2712 3256 2828 3310 sine
2872 3257 3059 3309 umbra
3104 3264 3228 3310 sunt
3272 3272 3395 3309 cum
3424 3258 3525 3310 sub

1930 3352 2229 3406 meridiano
2255 3349 2372 3403 sole
2417 3346 2776 3411 constiterint,
2820 3360 2977 3414 quos,
3027 3346 3152 3413 quia
3197 3346 3278 3399 sol
3329 3356 3521 3400 contra

1933 3445 2106 3514 ipsum
2154 3442 2409 3497 verticem
2453 3439 2665 3509 positus
2709 3437 3005 3507 aequalibus
3052 3437 3290 3505 undique
3336 3432 3525 3508 spatiis

1933 3539 2217 3604 illuminat,
2270 3537 2321 3591 in
2372 3527 2570 3588 nullam
2616 3532 2830 3603 penitus
2875 3541 3084 3600 partem
3133 3528 3351 3583 flectere
3396 3529 3524 3584 sinit

1932 3632 2170 3686 umbras.
2205 3627 2338 3682 Nam
2366 3635 2421 3680 et
2448 3624 2675 3695 putealis
2704 3620 2841 3691 apud
2878 3635 2973 3676 eos
3002 3635 3169 3690 aqua,
3200 3620 3289 3673 vix
3322 3621 3524 3676 tenuiss

1934 3729 2131 3782 simum
2158 3728 2339 3793 potest
2387 3717 2405 3757 τ
2454 3718 2505 3771 in
2537 3717 2744 3770 alveum
2774 3713 2841 3769 de
2882 3713 2996 3769 sole
3043 3712 3219 3766 lumen
3251 3711 3524 3780 excipere,

1934 3825 2159 3889 pr0ptcr
2201 3812 2346 3883 quod
2378 3826 2471 3865 eos
2500 3808 2716 3879 quidam
2767 3806 2953 3869 asrios,
3001 3803 3053 3859 id
3102 3811 3204 3867 est,
3237 3804 3523 3857 exumbres

1934 3908 2223 3981 appellant.
2254 3904 2334 3960 llli
2363 3911 2543 3957 autem
2566 3900 2655 3969 qui
2680 3907 2834 3953 extra
2858 3906 3030 3951 terras
3052 3894 3350 3950 odorifems
3373 3893 3523 3946 habi-

1937 4009 2069 4066 tant,
2102 4000 2157 4054 in
2198 4008 2480 4063 utramque
2515 4000 2721 4062 partem
2751 3995 2961 4042 mutant
2988 3986 3219 4041 umbras.
3251 3982 3382 4037 Nam
3422 3983 3524 4037 soli

1935 4094 2025 4164 qui
2077 4099 2314 4146 nostram
2358 4086 2610 4140 videntur
2648 4080 2885 4135 ineolere
2932 4079 3238 4146 regionem,
3270 4075 3525 4129 adversus

1936 4191 2176 4239 austrum
2206 4192 2439 4247 semper,
2472 4173 2525 4228 id
2553 4180 2663 4237 est,
2712 4169 2780 4224 ad
2829 4168 3107 4223 meridiem
3157 4166 3375 4220 umbras
3403 4181 3524 4219 crc-

1936 4276 2135 4332 duntur
2161 4270 2409 4326 emittere
2436 4285 2447 4319 :
2483 4248 2622 4319 unde
2651 4264 2812 4318 etiam
2834 4277 2861 4315 a
2885 4258 3199 4329 quibusdam
3230 4258 3522 4328 amp/nacti,

1940 4376 1965 4416 ε
1996 4364 2047 4421 id
2070 4370 2154 4419 est
2177 4359 2449 4416 biumbres
2467 4356 2834 4411 nominantur.
2859 4349 3053 4406 Verum
3075 4349 3190 4403 hinc
3211 4348 3390 4403 omnia
3412 4346 3530 4401 solo

1940 4457 2007 4512 ad
2036 4463 2219 4527 partes
2264 4448 2514 4506 boreales
2560 4450 2899 4501 commeante
2945 4440 3291 4512 proveniunt.
3339 4437 3419 4491 Ex
3447 4437 3530 4491 his

1857 4523 1911 4583 Β
1937 4523 2385 4608 considerandum
2414 4549 2530 4605 est,
2563 4548 2795 4611 quantus
2823 4535 3094 4592 radiorum
3127 4531 3306 4588 [ει-γνι-
3331 4531 3529 4585 habca-
3563 4591 3569 4597 _

1939 4654 2047 4713 tur,
2079 4650 2134 4699 et
2160 4646 2392 4712 quantos
2418 4631 2725 4690 hominibus
2767 4642 2923 4685 casus
2975 4623 3189 4683 efficiat.
3236 4621 3366 4676 Post
3409 4621 3523 4675 htec

1940 4735 2103 4804 igitur
2132 4741 2344 4802 tempus
2372 4722 2682 4781 autumnale
2726 4717 2994 4784 succedit,
3045 4714 3192 4785 quod
3236 4713 3449 4782 frigoris
3475 4719 3531 4768 ct

1938 4994 2035 5053 co,
2056 4975 2308 5053 arcip'ﬁuiy
2335 4980 2444 5053 fuit;
2471 4961 3124 5053 έεεροσξίοιςὲλξεεεξςηεξξξ

2015 5027 2297 5117 ’ftxritiqui
2320 5027 2436 5117 duo.
2471 5027 2694 5117 librihet
2723 5032 2995 5117 Eduini}:
3046 5031 3256 5117 a'ltu‘m.‘
3372 5027 3526 5117 Erilli:

1939 5098 2235 5179 secuit—dus:
2259 5114 2313 5166 in
2343 5113 2559 5165 alveum.
2593 5106 2682 5161 Sic
2722 5103 3032 5158 Eustathius
3072 5099 3263 5179 Latine
3302 5098 3534 5179 reddidit

1941 5168 2310 5245 {indiuidua
2344 5183 2425 5238 διὰ
2454 5184 2673 5248 στομίων
2702 5183 2906 5251 atqvi»,
2939 5188 3060 5251 cum
3082 5170 3268 5251 potius
3294 5168 3533 5251 scribere

1942 5237 2234 5320 debuisset,
2262 5237 2604 5324 perangusta
2630 5264 2754 5302 orae.
2802 5243 2944 5311 Lege
2974 5237 3249 5303 Basilium,
3294 5238 3438 5292 hom.
3474 5237 3529 5303 (5,

1943 5344 2090 5382 num.
2124 5326 2176 5381 8.

2016 5380 2047 5444 Si
2072 5396 2243 5457 Editi,
2292 5393 2348 5447 id
2390 5400 2465 5446 est
2505 5388 2700 5443 umbra:
2747 5386 3097 5458 nominantur.
3133 5380 3298 5458 Vetus
3327 5386 3529 5458 uoster

1941 5446 2323 5527 codeE—id'est
2354 5461 2636 5516 biumbras.
2663 5458 2815 5513 Colb.
2850 5454 3133 5527 secundus,
3167 5451 3222 5527 id
3261 5456 3335 5501 est
3359 5446 3528 5527 .bitzms

1939 5517 2295 5593 litiersjvlbidem
2322 5535 2441 5588 libri
2464 5542 2693 5595 veteres,
2720 5537 2767 5582 et
2782 5536 3023 5601 quantos.
3048 5520 3247 5601 Vocula
3271 5527 3320 5572 et
3342 5517 3531 5571 deerat

1939 5545 2070 5593 bres.
2099 5545 2295 5591 Ibidem
2322 5545 2441 5588 "Dl‘l
2464 5545 2693 5595 veteres,
2720 5545 2767 5582 et
2834 5545 3023 5578 mutos.
3055 5545 3247 5575 mcum
3271 5545 3317 5572 ω
3342 5545 3525 5571 unum

1938 5610 1993 5663 in
2023 5607 2273 5675 vulgatis.
2317 5603 2517 5661 Ibidem
2548 5602 2696 5670 editi,
2728 5545 2899 5668 allicit.
2932 5599 3000 5648 At
3028 5589 3198 5645 nostri
3230 5596 3340 5646 tres
3368 5602 3525 5653 inss.,

1937 5680 2144 5751 e/ﬁciat.
