3964 6178
495 310 588 370 9-’51
1760 338 1777 364 ο

1934 300 2296 362 ευετΑτιηι

3606 316 3701 374 932

492 421 688 478 caloris
705 428 943 491 aequatas
968 419 1220 475 obtinens
1242 419 1537 488 portiones,
1566 418 1682 473 sine
1707 418 1950 473 molestia
1977 433 2076 474 nos
2103 422 2152 477 Α
2179 421 2499 487 venerimus,
2531 416 2951 491 magnitudinem
2979 434 3168 479 eorum
3196 433 3391 495 quanta
3430 429 3494 483 sit
3529 430 3704 488 facinus

492 514 656 569 tradit
682 513 933 568 adventui
963 520 989 548 α
1029 510 1306 579 sequentis
1332 510 1582 573 hibernii,
1614 509 1793 564 denuo
1826 508 2079 563 videlicet

492 607 607 660 sole
653 604 720 659 ad
765 602 1052 657 australem
1101 601 1377 669 regionem
1424 600 1492 655 de
1521 599 1788 668 aquilonis
1836 599 2078 669 partibus

494 702 784 750 remeante.
845 690 941 747 lim
986 698 1113 746 sunt
1156 689 1551 745 vicissitudines
1594 697 1913 759 temporum,
1958 702 2080 757 qum

493 787 627 842 solis
654 784 988 841 discursibus
1016 783 1354 847 famulantes,
1398 782 1563 836 vitam
1592 789 1833 835 nostram
1861 780 2081 849 dispen-

491 891 611 931 sare
639 876 950 931 creduntur.
981 872 1049 926 Et
1070 874 1192 937 sint,
1219 873 1413 940 inquit,
1445 872 1498 924 in
1522 872 1685 942 signis
1705 878 1755 925 et
1776 872 1829 925 in
1852 869 2032 925 diebus
2056 886 2085 925 :a

497 984 603 1023 non
624 976 684 1029 ut
704 968 845 1022 diem
868 965 1068 1021 faceret
1089 966 1192 1030 sol,
1213 965 1307 1019 sed
1329 972 1388 1018 ut
1407 964 1513 1020 diei
1535 962 1923 1018 moderaretur.
1946 962 2080 1017 Nam

494 1060 623 1112 olim
654 1073 760 1113 nox
789 1065 845 1111 et
890 1056 1033 1120 dies,
1079 1063 1368 1123 antequam
1416 1052 1698 1107 luminaria
1742 1058 2078 1116 crearentur,

499 1149 705 1208 cll‘ectae
732 1148 874 1209 sunt,
898 1145 1041 1214 quod
1068 1145 1306 1199 declarat
1325 1152 1381 1199 et
1399 1143 1635 1213 psalmus
1653 1142 1837 1197 dicens
1861 1159 1874 1195 :
1899 1142 2081 1195 Posuit

494 1241 654 1292 solem
681 1238 736 1291 in
764 1244 1063 1305 potestatem
1094 1234 1226 1299 diei,
1266 1235 1464 1297 lunam,
1490 1240 1541 1287 et
1564 1232 1744 1287 stellas
1770 1233 1823 1286 in
1850 1241 2078 1302 potesta-

493 1339 596 1384 tem
636 1330 799 1384 noctis
829 1327 1011 1399 (Psal.
1049 1343 1244 1390 cxxxv,
1285 1324 1378 1395 8).
1426 1324 1710 1391 Quomodo
1740 1322 1767 1361 δ
1798 1323 1962 1391 igitur
1998 1322 2082 1379 sol

500 1421 663 1475 habet
689 1419 796 1474 diei
821 1417 1181 1489 potestatem?
1206 1417 1331 1485 quia
1354 1416 1529 1471 lucem
1552 1416 1606 1470 in
1634 1430 1694 1470 se
1719 1415 1834 1484 ipse
1854 1414 2082 1469 circum-

496 1511 694 1573 ferens,
728 1524 848 1563 cum
879 1507 945 1561 ad
975 1508 1162 1562 orbem
1189 1521 1348 1576 quem
1378 1521 1477 1561 nos
1504 1505 1806 1559 habitamus
1834 1518 2080 1559 accesse-

494 1600 587 1667 rit,
612 1600 806 1653 solutis
828 1597 1085 1663 tenebris,
1126 1596 1268 1651 diem
1299 1603 1534 1665 prastat.
1567 1594 1684 1649 Non
1726 1608 1855 1663 ergo
1883 1593 2084 1648 fallitur

493 1693 733 1761 quisquis
759 1691 902 1746 diem
945 1689 1261 1745 vocitaverit
1304 1704 1483 1744 aerem
1515 1688 1705 1754 istum,
1751 1687 1881 1744 solis
1919 1686 2082 1741 radiis

2178 512 2493 581 reperimus.
2518 511 2612 567 Sol
2632 519 2813 567 autem
2836 514 2966 569 nulli
2988 530 3238 585 unquam,
3262 516 3345 571 vel
3372 516 3561 588 longius
3582 537 3705 580 asse.

2177 602 2314 656 ritur
2340 603 2365 639 ἀ
2390 617 2528 669 esse,
2560 602 2644 658 vel
2671 605 2909 673 prapius,
2943 605 3015 659 ita
3043 621 3107 660 ex
3136 604 3282 660 omni
3310 615 3457 677 parte
3481 625 3587 679 qua:
3604 613 3706 668 sub-

2172 689 2317 760 jecta
2345 702 2498 757 sunt,
2530 707 2684 762 aequa
2712 693 2868 749 lance
2905 703 3175 765 respectat
3206 713 3221 748 :
3252 710 3405 765 quem
3431 697 3537 753 Indi
3574 709 3708 770 atque

2179 781 2422 837 Britanni
2449 783 2698 838 similiter
2736 784 3032 839 intuentur.
3073 784 3260 854 Neque
3282 787 3418 841 enim
3443 803 3645 859 vergens
3665 793 3706 848 in

2178 890 2449 940 occasum,
2480 876 2851 932 habitantibus
2892 875 3187 943 Orientem,
3238 877 3306 932 de
3349 894 3438 933 sua
3475 880 3706 951 quippiam

2178 963 2546 1033 magnitudine
2572 964 2805 1019 sentitur
2823 966 3102 1028 amittere;
3134 981 3239 1021 nec
3263 968 3317 1023 in
3344 967 3606 1025 Occidente
3627 988 3707 1041 po-

2178 1051 2318 1114 sitis,
2352 1051 2530 1107 minor
2554 1060 2784 1122 apparet
2828 1054 3111 1122 exoriens,
3160 1070 3264 1112 nec
3289 1056 3491 1125 quando
3515 1059 3706 1119 medium

2178 1144 2301 1198 cmli
2324 1150 2471 1199 tenet
2490 1159 2669 1212 axem,
2691 1145 2971 1214 utriusque
2993 1146 3181 1202 lateris
3199 1148 3441 1202 immutat
3459 1161 3706 1219 aspectum.

2179 1232 2296 1289 Non
2327 1243 2380 1290 te
2406 1249 2536 1303 ergo
2577 1235 2814 1290 brevitas
2840 1235 2959 1305 ejus
2985 1237 3351 1306 contemplata
3380 1237 3606 1307 decipiat,
3632 1254 3707 1297 nec

2177 1325 2304 1393 quia
2330 1325 2577 1380 cubitalis
2602 1325 2896 1381 visentibus
2923 1324 3069 1381 orbis
3095 1340 3227 1380 suus
3253 1334 3463 1395 putatur
3487 1342 3609 1391 esse,
3634 1342 3703 1382 re-

2178 1431 2307 1471 vera
2331 1416 2452 1471 talis
2474 1417 2657 1472 haberi
2677 1417 2945 1487 putandus
2964 1424 3065 1472 est.
3082 1416 3313 1487 Semper
3331 1419 3466 1472 enim
3485 1419 3708 1475 column

2180 1509 2318 1563 solet
2343 1508 2744 1563 intervallorum
2765 1509 2960 1564 tractui
2986 1523 3165 1564 rerum
3187 1509 3463 1579 prolixitas
3486 1520 3708 1579 spectata-

2180 1616 2320 1665 rum;
2342 1600 2592 1670 aciesque
2611 1600 2889 1655 oculorum
2911 1599 3180 1667 interjecti
3199 1601 3359 1669 spatii
3381 1600 3708 1668 longitudinem

2180 1708 2288 1749 non
2319 1694 2621 1762 assequitur
2648 1691 2904 1747 intuendo
2922 1733 2936 1757 ,
2969 1691 3065 1745 sed
3091 1699 3346 1760 tanquam
3374 1692 3610 1747 deﬁciens
3633 1708 3711 1746 ex.

452 1768 461 1776 ’
493 1784 837 1847 illustratum,
866 1790 922 1836 et
948 1782 1087 1835 hanc
1113 1780 1289 1835 diurni
1328 1780 1590 1849 temporis
1610 1793 1727 1834 esse
1748 1792 2075 1842 mensuram,
2109 1774 2158 1833 B
2185 1783 2452 1855 penditur,
2483 1791 2539 1838 et
2577 1784 2747 1851 magis
2786 1780 3151 1838 mstimatioue
3179 1796 3342 1851 quam
3371 1783 3510 1846 visu,
3538 1798 3594 1838 ea
3618 1796 3711 1852 quae

498 1874 645 1943 quod
675 1875 729 1927 in
759 1872 1155 1941 hemispbmrio,
1187 1876 1247 1923 ut
1284 1869 1594 1937 opinantur,
1617 1867 1762 1936 quod
1783 1881 1943 1936 supra
1974 1874 2084 1920 ter-

499 1982 615 2020 ram
643 1975 749 2031 est,
787 1969 1168 2018 commoratur.
1201 1959 1305 2014 Sed
1334 1969 1386 2013 et
1418 1960 1470 2012 in
1501 1960 1675 2025 annis,
1707 1958 1902 2026 inquit,
1930 1957 2081 2027 signa

498 2057 601 2111 ista
629 2054 889 2124 disposita
918 2061 1061 2108 sunt.
1094 2050 1229 2106 Cum
1271 2048 1559 2104 duodecies
1589 2048 1748 2115 igitur
1789 2047 1959 2117 spatia
2000 2047 2082 2101 sui

492 2161 682 2203 cursus
711 2145 836 2199 luna
864 2143 1153 2213 peregerit,
1183 2156 1380 2194 annum
1412 2137 1571 2193 facit:
1605 2153 1767 2192 unum
1796 2145 1975 2192 tamen
2004 2136 2083 2190 in-

491 2239 598 2292 seri
627 2238 727 2293 sibi
751 2236 954 2305 llagitat
972 2251 1235 2295 mensem,
1266 2241 1324 2288 ut
1352 2233 1656 2301 diligentius
1684 2233 1935 2289 horarum
1955 2247 2083 2302 pos-

492 2329 563 2383 sit
590 2327 767 2395 colligi
796 2323 1035 2396 perfecta
1066 2324 1352 2380 concursio
1397 2341 1409 2376 :
1455 2324 1595 2380 sicut
1624 2322 1831 2378 Hebraei
1879 2338 2081 2377 annum

493 2418 786 2486 antiquitus
831 2416 1207 2482 observabant,
1254 2422 1309 2468 et
1353 2412 1665 2468 Graecorum
1712 2412 2078 2468 vetustissimi.

498 2510 683 2567 Annus
728 2520 911 2565 autem
958 2510 1177 2565 solantis
1221 2516 1446 2564 vocatur
1489 2508 1756 2563 ordinatio
1802 2507 1966 2572 solis,
2014 2506 2082 2562 de

494 2613 650 2660 certo
676 2604 828 2672 signo
849 2603 903 2658 in
926 2601 1118 2658 eodem
1144 2608 1339 2657 rursus‘
1347 2615 1447 2677 per
1464 2614 1559 2656 sua
1588 2613 1647 2654 se
1665 2598 1889 2667 vestigia
1912 2597 2083 2653 revol-

502 2696 694 2751 ventis.

565 2785 620 2841 9.
652 2784 722 2838 Et
752 2786 874 2856 fecit
900 2782 1041 2838 Deus
1067 2784 1168 2837 duo
1196 2781 1478 2838 luminaria
1505 2796 1715 2852 magna.
1744 2778 2084 2847 Nuncupatio

496 2877 656 2946 igitur
678 2889 996 2944 magnorum
1021 2873 1221 2943 duplex
1242 2881 1342 2938 est,
1365 2887 1594 2940 quorum
1627 2885 1726 2924 una
1750 2869 2079 2924 intellectum

497 2966 659 3022 habet
685 2965 1007 3030 absolutum,
1035 2963 1142 3017 alia
1173 2977 1302 3016 vero
1330 2969 1413 3015 est
1439 2974 1558 3029 quae
1581 2966 1832 3027 respectu
1858 2958 2082 3012 minoris

497 3056 627 3115 illud
645 3055 790 3126 quod
809 3063 894 3110 est
913 3053 1085 3123 majus
1107 3052 1346 3122 assignat
1368 3068 1382 3103 :
1407 3058 1464 3104 ut
1485 3058 1613 3119 puta
1639 3062 1862 3117 magnus
1887 3063 2075 3118 equus,

2184 1882 2481 1930 cernuntur
2520 1874 2737 1941 attingit
2777 1891 2790 1926 :
2836 1882 2893 1928 et
2936 1872 3059 1927 ideo
3105 1887 3207 1941 pro
3248 1887 3344 1927 sua
3390 1873 3711 1927 tenuitatem:

2183 1981 2378 2037 parvas
2404 1966 2678 2021 existimat
2704 1980 2824 2021 esse
2850 1980 2971 2035 qua:
2997 1977 3211 2033 magna:
3236 1962 3399 2029 sunt,
3432 1963 3712 2018 imbecillita-

2184 2066 2292 2111 tem
2336 2056 2588 2111 videlicet
2632 2071 2782 2111 suam
2826 2055 2911 2110 his
2950 2069 3070 2124 qua:
3118 2055 3382 2126 conspicit
3425 2054 3711 2117 ascribendo,

2184 2144 2433 2203 Profecto
2461 2159 2592 2215 ergo
2620 2145 2873 2201 falluntur
2910 2146 3169 2210 obtutus,
3219 2154 3276 2200 et
3312 2143 3553 2213 judicium
3590 2142 3711 2197 ﬁdele

2183 2253 2292 2293 non
2321 2237 2539 2293 habent.
2592 2236 2901 2292 Recordare
2946 2250 3186 2305 namque
3232 2235 3574 2290 infirmitatem
3614 2247 3710 2301 pro-

2182 2331 2374 2400 priam,
2404 2339 2459 2384 et
2486 2344 2563 2384 .ex
2592 2337 2647 2384 te
2676 2329 2792 2399 ipso
2848 2327 3030 2397 capies
3066 2341 3262 2381 eorum
3311 2340 3426 2394 quae
3450 2325 3577 2378 dicta
3613 2330 3711 2377 sunt

2183 2429 2580 2489 argumentum.
2602 2418 2789 2488 Itaque
2809 2419 2854 2474 si
2873 2417 3089 2487 quando
3110 2432 3184 2473 ex
3204 2418 3315 2472 alto
3342 2417 3528 2472 montis
3551 2415 3710 2470 vertice

2183 2511 2480 2580 subjectam
2527 2524 2843 2579 camporum
2890 2508 3172 2579 planitiem
3223 2505 3527 2577 respexisti,
3568 2514 3710 2557 nonne

2176 2603 2302 2672 juga
2330 2602 2493 2656 boum
2525 2610 2633 2655 tam
2655 2600 2897 2669 grandia,
2925 2598 3008 2654 vel
3028 2603 3280 2653 aratores
3300 2611 3496 2661 eorum,
3519 2592 3708 2650 formicis

2180 2694 2384 2749 similes
2405 2692 2698 2761 judicasti?
2723 2690 3078 2745 Nihilominus
3107 2689 3277 2743 etiam
3315 2688 3438 2743 dum
3464 2686 3512 2741 in
3536 2682 3705 2740 excelsa

2179 2784 2397 2854 specula
2426 2783 2653 2849 locatus,
2676 2781 2863 2836 oculos
2891 2780 2943 2833 in
2972 2780 3198 2849 pelagus
3227 2775 3542 2839 convertlsti,
3562 2771 3707 2843 quales

2183 2876 2276 2930 tibi
2305 2874 2623 2928 videbantur
2650 2871 2875 2926 insulae?
2901 2870 3090 2925 Nonne
3109 2870 3476 2925 columbarum
3501 2862 3707 2936 parvissi-

2181 2978 2386 3019 marum
2416 2963 2509 3018 tibi
2539 2962 2870 3032 phantasiam
2898 2959 3187 3029 quamdam
3232 2955 3600 3029 perbibebant?
3631 2957 3705 3007 aut

2183 3068 2346 3108 naves
2373 3052 2633 3120 ingentes,
2663 3046 2796 3107 velis
2828 3061 2850 3089 ε
2883 3051 3309 3105 tumescentibus
3349 3045 3575 3104 candidis
3609 3057 3705 3113 pro-

497 3154 591 3202 aut
619 3158 844 3215 magnus
870 3145 989 3199 bos.
1035 3142 1154 3198 Non
1199 3142 1343 3197 enim
1394 3156 1460 3196 ex
1509 3141 1673 3195 nimia
1720 3140 2083 3196 immensitate
2110 3129 2155 3192 C
2184 3154 2383 3218 specta;
2421 3145 2608 3215 procul
2652 3144 2817 3211 nigrm
2844 3143 3210 3232 pnubantnr?
3246 3140 3327 3197 οι)
3353 3142 3453 3196 hoc
3485 3137 3704 3199 videlicet,

498 3252 722 3294 suorum
772 3249 1079 3305 corporum,
1130 3232 1225 3290 sed
1272 3246 1340 3287 ex
1390 3231 1793 3301 comparatione
1838 3231 2079 3296 alterius,

499 3326 869 3384 testimonium
921 3325 1218 3381 sortiuntur
1273 3321 1559 3393 ejusmodi.
1617 3321 1900 3388 Quomodo
1952 3334 2082 3389 ergo

499 3435 644 3485 nunc
669 3434 884 3475 sensum
924 3431 1084 3489 super
1112 3431 1430 3488 magnorum
1472 3414 1889 3485 appellationem
1915 3412 2083 3467 duca-

499 3511 657 3565 mus?
684 3508 793 3566 Sed
819 3510 1057 3579 priorem
1081 3507 1197 3563 sine
1236 3506 1400 3562 dubio
1424 3520 1669 3571 sensum,
1700 3513 1953 3574 tanquam
1977 3503 2081 3557 mi-

499 3616 634 3657 nora
688 3600 982 3670 mm'oribus
1026 3596 1387 3663 conferentes,
1443 3595 1592 3652 velut
1643 3594 1940 3660 formicam,
1991 3600 2083 3648 aut

500 3692 642 3746 aliud
671 3690 942 3760 quoddam
989 3687 1189 3743 animal
1234 3694 1428 3741 natura
1475 3699 1698 3756 parvum
1727 3682 2083 3737 maximorum

501 3783 791 3838 collatione
819 3781 1208 3850 postpositum;
1257 3793 1324 3831 an
1354 3777 1532 3847 potius
1559 3776 1684 3845 quia
1732 3790 1831 3844 pro
1878 3772 2083 3841 ingenti

500 3873 671 3929 forma
699 3886 796 3927 sua
823 3872 1017 3926 merito
1043 3868 1327 3924 luminaria
1353 3881 1545 3935 magna
1572 3865 1853 3922 dicuntur?
1883 3863 1951 3917 Et
1976 3878 2085 3918 ma-

500 3963 584 4031 gis
609 3963 805 4033 Opinor
827 3961 905 4030 ita
934 3958 1131 4015 debere
1160 3957 1403 4027 intelligi.
1424 3955 1541 4012 Non
1563 3957 1703 4011 enim
1727 3954 1851 4025 quia
1876 3953 2082 4023 majora

502 4062 631 4109 sunt
670 4053 791 4108 aliis
817 4051 987 4107 stellis
1011 4062 1206 4118 magna
1232 4056 1630 4119 nuncupantur,
1658 4047 1752 4103 sed
1778 4046 1904 4117 quia
1934 4053 2082 4100 tanta

502 4143 796 4215 amplitudo
843 4151 926 4200 est
970 4141 1116 4197 orbis
1166 4139 1398 4206 illorum,
1441 4146 1499 4194 ut
1527 4137 1700 4207 fulgor
1729 4139 1820 4209 qui
1850 4153 1917 4192 ex
1947 4137 2077 4207 ipsis

502 4235 729 4297 e‘radiat,
756 4249 935 4289 aerem
960 4240 1131 4287 totum
1158 4232 1484 4287 sumcientcr
1510 4231 1792 4297 illuminet,
1823 4239 1878 4285 et
1909 4240 1931 4268 ο
1965 4228 2086 4283 ubi.

501 4341 608 4396 que
628 4332 927 4396 porrectus,
952 4331 1124 4378 terras
1143 4338 1331 4379 omnes
1357 4322 1632 4392 mariaque
1658 4324 1952 4390 contingat.
1979 4320 2082 4387 Qui

501 4432 625 4473 cum
651 4417 707 4472 iu
728 4415 963 4485 qualibet
984 4413 1094 4485 poli
1125 4422 1294 4483 parte,
1315 4412 1401 4468 vel
1438 4411 1661 4468 oriendo
1681 4412 1767 4467 vel
1787 4410 2081 4467 occidendo

2182 3240 2309 3308 quia
2336 3253 2523 3294 sensus
2553 3246 2611 3293 ut
2639 3235 2873 3291 diximus
2900 3230 3213 3299 oculorum,
3257 3235 3398 3291 aeris
3434 3230 3705 3286 distentione

2183 3337 2429 3384 tenuatus
2485 3344 2595 3384 non
2638 3326 2837 3384 sufﬁcit
2888 3325 3353 3395 comprehendere
3387 3321 3579 3394 plenius
3613 3327 3705 3385 qua:

2180 3421 2441 3476 visuntur.
2466 3420 2597 3474 Nam
2626 3426 2681 3474 et
2706 3417 2920 3489 rupium
2946 3416 3307 3471 maximarum
3329 3415 3378 3469 in
3405 3413 3555 3467 altum
3578 3420 3705 3463 cava‘

2182 3518 2359 3566 tarum
2392 3510 2623 3565 rotunda
2652 3510 2918 3579 plenaque
2931 3515 3152 3577 putatur
3179 3505 3441 3576 aspectio;
3467 3502 3580 3557 dum
3601 3495 3703 3551 emi-

2181 3602 2430 3656 nentibus
2458 3598 2692 3670 undique
2719 3598 3049 3666 marginibus
3075 3604 3359 3667 occupata,
3389 3590 3601 3648 medium
3629 3600 3700 3640 ca-

2181 3690 2413 3744 vationis
2441 3690 2637 3752 locum,
2660 3704 2767 3743 non
2796 3687 2942 3742 valet
2964 3686 3102 3741 visio
3129 3682 3443 3741 defectionis
3465 3679 3696 3745 attingere.

2181 3781 2259 3835 Ita
2287 3796 2387 3837 nec
2415 3795 2702 3850 corporum
2731 3779 3031 3841 schemata,
3064 3777 3241 3847 qualia
3286 3776 3389 3830 sint
3425 3768 3702 3827 advertitis-

2184 3874 2367 3934 tuitus,
2412 3871 2507 3925 sed
2555 3877 2753 3925 teretes
2798 3884 2918 3926 esse
2961 3877 3137 3923 turres
3175 3881 3295 3936 qua:
3337 3862 3583 3934 quadrata:
3603 3861 3701 3910 sunt

2182 3965 2488 4034 opinantur.
2518 3961 2736 4017 Certum
2759 3968 2841 4016 est
2879 3975 3030 4030 ergo,
3071 3960 3201 4029 quia
3227 3960 3281 4014 in
3320 3962 3341 3996 τ
3374 3948 3701 4027 prolixioribus

2183 4054 2477 4109 intervallis
2505 4067 2613 4109 non
2655 4049 2952 4117 deﬁnitam,
3002 4049 3103 4106 sed
3146 4049 3421 4106 confusam
3461 4050 3702 4112 contorum

2182 4149 2424 4217 capimus
2451 4145 2731 4201 visionem.
2780 4143 2872 4198 Sic
2897 4153 2953 4198 et
2980 4155 3175 4211 magna
3204 4139 3474 4197 luminaria
3491 4176 3507 4200 ,
3543 4146 3701 4188 secuti.

2184 4238 2314 4293 dum
2335 4236 2625 4307 Scriptura:
2647 4234 3034 4299 testimonium,
3055 4232 3430 4303 multipliciora
3447 4231 3561 4282 sunt
3574 4232 3701 4291 quam

2181 4336 2491 4385 cernuntur.

2255 4419 2342 4475 10.
2372 4418 2524 4475 Licet
2543 4416 2670 4473 illud
2688 4430 2904 4485 quoque
2923 4414 3305 4483 magnitudinis
3320 4426 3495 4470 eorum
3520 4410 3581 4465 sit
3602 4419 3700 4477 pro-

501 4484 823 4572 constiterit,
852 4484 1169 4562 cunctorum
1214 4505 1520 4559 mortalium
1568 4503 1771 4559 visibus
1805 4502 2083 4572 aequaliter
2109 4484 2162 4545 Ῐ)
2184 4510 2364 4568 habile
2395 4484 2793 4572 documentum,
2818 4484 2946 4575 quia
2974 4520 3094 4561 cum
3134 4506 3244 4560 sint
3280 4503 3488 4559 infinita:
3520 4507 3700 4554 nomen

502 4600 822 4672 apparescit.
846 4597 1010 4668 Cujus
1030 4595 1346 4666 magnitudo
1366 4595 1722 4651 certissimum
1742 4595 1905 4650 habet
1923 4595 2084 4650 decue

501 4705 745 4749 mentum
770 4710 783 4745 :
815 4692 943 4760 quia
968 4705 1070 4744 nec
1098 4690 1337 4759 ipsorum
1366 4687 2084 4757 luminariorutrﬁollatione

502 4782 725 4838 latitudo
754 4791 946 4848 terrm,
978 4788 1177 4850 quanta
1206 4779 1277 4834 sit
1305 4780 1632 4847 assignatur;
1665 4787 1724 4833 ut
1752 4794 1849 4849 per
1873 4779 1976 4834 hoc
1999 4779 2082 4835 sol

500 4880 558 4927 et
587 4874 713 4925 luna
742 4872 826 4927 vel
855 4872 1093 4926 minores
1127 4885 1247 4925 esse
1292 4870 1674 4939 comprehendi
1704 4869 1948 4934 valeant,
1996 4871 2083 4925 vel

501 4962 756 5032 majores.
802 4963 932 5015 Nam
981 4975 1196 5032 semper
1223 4975 1288 5016 ea
1328 4975 1449 5031 quae
1490 4960 1698 5017 eminus
1722 4962 1903 5032 posita
1925 4972 2070 5027 sunt,

500 5055 694 5121 exigua
740 5052 935 5107 nostris
962 5060 1216 5122 putantur
1243 5051 1513 5107 obtutibus
1545 5069 1557 5104 :
1589 5066 1713 5107 cum
1758 5066 1887 5108 vero
1922 5052 2075 5123 juxta

572 5227 597 5252 α
626 5215 762 5272 Editi
806 5226 862 5273 et
899 5216 1068 5286 Coll).
1103 5218 1325 5285 primus,
1371 5216 1625 5286 sequentis
1664 5215 1881 5271 hiberni.
1933 5218 2084 5273 Alter

499 5285 1328 5360 ϐοιὴὶηεεφιεηιὶξ-Ιτξὸενηὶέτ,Α
1441 5285 1445 5286 ⁷
1824 5358 1831 5360 _
1901 5359 1905 5360 ν
2018 5326 2025 5331 .

571 5362 595 5397 b
626 5355 784 5420 Editi,
816 5358 951 5430 quod
979 5356 1161 5427 igitur.
1190 5355 1332 5411 Libri
1362 5363 1586 5421 veteres,
1612 5358 1863 5427 quomodo
1891 5359 2068 5430 igitur.

496 5431 698 5494 Grrcce,
728 5424 839 5489 πῶξ
867 5424 972 5484 οὖν.

571 5510 593 5537 ε
626 5498 936 5553 Addidimus
962 5494 1203 5550 voculam
1233 5503 1278 5548 et
1303 5510 1369 5549 ex
1398 5495 1603 5551 duobus
1631 5498 1920 5552 codicibus.
1956 5497 2070 5551 Ali-

499 5580 698 5637 quanto
721 5578 840 5638 post
859 5568 989 5623 editi
1012 5575 1068 5621 et
1086 5567 1193 5638 duo
1216 5581 1364 5628 lllSS.,
1386 5567 1681 5620 mortalium
1700 5567 1894 5621 usibus.
1911 5567 2063 5622 Coll).

498 5654 624 5692 secti
651 5637 782 5702 ulus,
816 5638 1108 5691 mortalium
1137 5637 1342 5691 visibus.

568 5706 595 5744 ει
626 5707 779 5761 Cnlb.
809 5709 1073 5763 secundus
1104 5706 1263 5760 habet
1291 5704 1343 5757 in
1371 5706 1627 5755 contextu
1650 5705 1927 5769 aspicitur,-
1970 5704 2064 5760 scd

2182 4602 2367 4667 stellae,
2399 4598 2574 4669 fulgor
2597 4606 2778 4653 tamen
2805 4596 2896 4665 qui
2926 4595 3170 4665 procedit
3209 4611 3276 4650 ex
3301 4595 3398 4659 eis,
3426 4606 3524 4646 non
3557 4591 3699 4657 potest

2184 4699 2503 4748 nocturnam
2529 4686 2774 4744 scindere
2809 4686 3148 4742 densitatem.
3185 4686 3277 4741 Sol
3300 4693 3469 4739 autem
3504 4679 3603 4735 fusa
3628 4687 3698 4745 pel

2183 4781 2439 4839 mundum
2466 4780 2605 4846 luce,
2630 4793 2739 4832 non
2768 4776 2926 4831 modo
2946 4791 3066 4831 cum
3093 4777 3235 4830 visus
3262 4774 3434 4835 fuerit,
3462 4769 3546 4827 sed
3570 4766 3697 4821 etiam

2183 4888 2303 4929 cum
2348 4870 2533 4926 venire
2573 4876 2816 4940 speratur
2842 4875 2897 4921 et
2937 4876 3223 4936 antequam
3263 4874 3428 4921 terras
3463 4856 3696 4919 illuminet,

2181 4964 2563 5021 obscuritatem
2590 4960 2764 5016 noctis
2790 4957 3044 5027 infringit,
3075 4966 3130 5013 et
3155 4968 3367 5029 superat
3391 4962 3523 5009 astra
3546 4960 3570 4998 ε
3593 4959 3695 5003 ωη-

2181 5059 2333 5124 dore,
2362 5067 2647 5122 aeremque
2685 5059 2843 5106 terra:
2866 5050 3187 5122 proximum,
3220 5048 3409 5117 frigore
3436 5039 3695 5105 nebulisque

2193 5219 2244 5273 in
2275 5233 2371 5271 ora
2401 5214 2522 5268 libri
2551 5208 3136 5282 scriptuminvenimus
3163 5205 3453 5282 asscrilur."

2257 5260 2533 5340 iv’éiéié;
2552 5260 3037 5341 '«idi'tiiiii’fsias
3081 5260 3345 5331 tumentes.
3375 5270 3511 5325 Alius
3535 5260 3690 5345 codex.
3730 5286 3737 5295 -

2178 5359 2300 5412 velis
3102 5329 3381 5409 sumendus,
3405 5333 3587 5394 rotundi
3601 5329 3690 5401 pla-

2180 5429 2328 5498 nique
2355 5433 2599 5496 putantur
2626 5429 2877 5490 aspectus.
3589 5472 3599 5482 .
3651 5468 3662 5479 .

2256 5499 2274 5536 τ
2304 5495 2462 5549 Editi.
2494 5494 2613 5549 auia
2656 5486 3038 5549 prolixioribus.
3089 5486 3158 5541 At
3203 5485 3307 5541 duo
3351 5494 3491 5539 mss..
3525 5482 3688 5545 ᾳιιιαυι

2269 5503 2462 5557 'Editi,
2494 5503 2613 5563 quia
2655 5503 3038 5562 prolixioribus.
3089 5503 3158 5541 At
3203 5503 3307 5541 auo
3351 5503 3491 5539 mss»

2269 5564 2554 5621 lixion'bus.
3403 5617 3443 5621 μ

2173 5586 2554 5638 pratmorwus.

2246 5648 2269 5683 δ
2300 5634 2452 5691 Culb.
2482 5631 2763 5690 secundus,
2801 5637 3056 5684 astrorum
3086 5626 3371 5680 candorem.
3402 5614 3539 5673 Haud
3564 5611 3685 5673 longe

2172 5706 2320 5767 editi.
2353 5712 2702 5770 qencraretur.
2735 5700 2879 5756 Libri
2907 5698 3135 5765 antiqui,
3171 5700 3449 5766 generatur.
