3964 6178
235 299 338 359 933

1202 285 1597 345 liEXAEMERl
1637 286 2121 342 METAPHRASIS
2169 286 2369 341 LIBER
2411 286 2492 341 Vl.

3409 288 3513 343 935

238 419 548 471 concretum
578 408 853 473 dissolvit,
884 420 948 460 ac
975 406 1186 460 discutit
1224 423 1235 459 :
1275 420 1341 459 ex
1382 420 1490 474 quo
1529 402 1829 458 matutinus
1859 413 1903 470 Α
1932 402 2263 458 dormientes
2302 403 2514 457 lucente
2546 402 2693 469 luna,
2733 410 3019 471 postquam
3049 404 3400 471 surrexerint,
3429 404 3515 459 in-

240 517 452 573 ventus,
482 514 538 560 et
567 505 757 559 humor
801 500 1062 568 roscidus,
1090 499 1303 568 quando
1332 513 1581 553 serenum
1628 501 1712 549 est
1738 507 1833 561 ge-

241 609 484 656 neratur.
511 594 694 650 Tellus
720 599 898 647 autem
926 605 1048 646 cum
1088 590 1156 644 sit
1204 590 1379 658 ampla
1422 588 1665 654 nimium,
1694 599 1834 654 quo-

241 690 409 747 tuodo
429 692 642 759 poterat
662 684 762 739 sub
791 697 898 737 uno
922 680 1174 751 temporis
1205 689 1500 746 momento,
1522 678 1686 732 radiis
1720 684 1833 732 tota

245 778 488 842 lustrari,
520 776 620 830 nisi
651 773 721 828 de
748 772 981 827 maximo
1007 770 1136 825 solis
1164 770 1294 824 orbe
1323 770 1409 824 lux
1442 769 1491 822 ei
1534 765 1834 836 largissima

245 872 581 942 prmberetur
595 867 620 919 ?
641 864 738 917 Hic
765 877 907 916 nunc
933 860 1247 930 sapientiam
1269 857 1575 914 Conditoris
1595 857 1834 924 adverte,

245 958 526 1030 quomodo
566 953 905 1010 immensitati
933 950 1048 1019 ejus
1091 950 1415 1004 mediocrem
1462 952 1571 1002 vim
1614 946 1838 1002 fervoris

249 1050 499 1106 adhibuit
529 1064 544 1100 :
575 1053 763 1100 utnec
806 1041 965 1096 ardor
1000 1039 1386 1095 immoderatus
1421 1048 1620 1093 terram
1670 1039 1841 1108 possit

249 1155 509 1207 exurere,
557 1151 657 1192 nec
706 1132 1094 1189 infructuosam
1142 1142 1262 1186 eam
1292 1132 1580 1200 denegatio
1625 1131 1841 1201 penitus

251 1232 456 1290 caloris
482 1229 738 1284 ediceret.
768 1224 863 1278 llis
891 1238 1020 1277 vero
1047 1230 1406 1277 consentanea
1436 1222 1504 1276 de
1530 1222 1655 1275 luna
1701 1236 1839 1291 quo-

252 1341 365 1396 que
414 1321 697 1388 intelligito
721 1354 737 1381 ,
788 1316 941 1385 cujus
968 1330 1164 1384 corpus
1202 1330 1322 1369 cum
1352 1314 1419 1369 sit
1448 1314 1698 1379 lucidum,
1730 1330 1838 1368 non

255 1425 443 1471 tamen
484 1425 698 1481 semper
745 1405 1058 1475 magnitudo
1110 1405 1398 1475 conspicua
1449 1414 1553 1471 est,
1577 1404 1671 1459 sed
1701 1421 1842 1461 nunc

258 1518 285 1543 ι
309 1505 526 1575 quidem
555 1498 788 1570 perfecta
830 1498 1041 1551 videtur
1070 1496 1122 1550 in
1152 1497 1333 1577 globo,
1367 1511 1506 1550 nunc
1547 1496 1841 1565 semiplena

255 1595 486 1658 scilicet,
508 1590 605 1645 sed
630 1590 864 1645 minuata
893 1596 1239 1651 monstratur,
1286 1585 1660 1653 delectumque
1687 1601 1842 1640 suum

257 1684 473 1752 gemina
503 1689 653 1750 parte
680 1679 940 1747 designat.
970 1678 1088 1731 Alio
1117 1677 1258 1732 enim
1288 1678 1457 1731 latere
1485 1676 1841 1745 deprehendi-

259 1783 349 1831 tur
377 1788 496 1828 esse
526 1771 827 1835 tenebrosa,
851 1785 971 1825 cum
992 1769 1205 1837 crescit,
1230 1777 1285 1823 et
1310 1769 1417 1823 alio
1442 1783 1563 1823 cum
1583 1768 1837 1825 senescit.

262 1867 428 1923 Ratio
452 1880 582 1922 sane
625 1866 882 1920 secretior
921 1870 1020 1928 est,
1067 1862 1519 1931 dispensationem
1567 1860 1849 1919 declarans

261 1956 484 2013 artificis
518 1953 841 2015 Conditoris,
885 1967 980 2021 per
1006 1965 1165 2019 quam
1197 1949 1335 2005 lunae
1364 1949 1618 2018 varietas,
1646 1951 1850 2008 natura:

270 2057 472 2104 nostra:
500 2045 654 2099 nobis
681 2042 982 2111 exemplum
1013 2040 1245 2110 subjicit,
1277 2055 1342 2095 eo
1360 2040 1512 2121 quod
1538 2040 1668 2095 nihil
1690 2043 1742 2097 in
1765 2057 1851 2097 re-

264 2142 365 2197 bus
397 2138 646 2194 humanis
671 2134 1080 2206 perseverabile,
1112 2133 1138 2172 δ
1167 2134 1540 2203 diutinumque
1566 2134 1848 2202 cozzsistat,

265 2231 366 2288 sed
409 2245 474 2284 ea
499 2242 619 2298 qua:
644 2226 712 2281 de
755 2225 923 2279 nihilo
951 2225 1336 2294 producuntur,
1368 2225 1437 2279 ad
1481 2224 1683 2294 aliquid
1728 2238 1849 2278 cum

265 2320 620 2383 adoleverint,
650 2316 717 2373 ad
755 2329 1122 2383 summamque
1151 2329 1454 2369 mensuram
1498 2328 1608 2368 sua;
1655 2312 1851 2368 fuerint

265 2411 443 2467 atatis
470 2415 673 2475 erecta,
702 2405 957 2476 paulatim
988 2404 1317 2459 tabescentia
1360 2403 1740 2458 dissolvuntur.
1771 2403 1851 2458 Ex

267 2503 411 2558 lunae
465 2513 594 2568 ergo
645 2494 1075 2553 consideratione
1120 2494 1379 2548 docemur
1429 2494 1711 2548 advertere
1765 2508 1852 2548 res

267 2590 544 2652 mortales,
575 2595 631 2642 et
651 2585 1031 2641 mutabilitates
1052 2584 1260 2637 illarum
1288 2582 1611 2651 cogitatione
1632 2583 1855 2653 capien—

267 2692 372 2747 tes,
397 2692 589 2736 cavere
610 2676 870 2731 debemus
898 2689 965 2729 ne
993 2674 1155 2729 rebus
1181 2673 1308 2728 elati
1336 2674 1601 2739 secundis,
1633 2673 1845 2729 affecte-

268 2788 391 2829 mus
414 2768 717 2840 superbiam
738 2766 822 2821 vel
847 2765 1205 2831 insolentiam,
1237 2779 1335 2818 nec
1364 2763 1692 2818 confidamus
1718 2771 1853 2818 tem-

270 2862 441 2939 porali
489 2860 765 2932 potentiae,
790 2873 890 2912 nec
933 2855 1142 2926 opibus,
1171 2863 1263 2909 aut
1290 2854 1509 2924 divitiis,
1538 2870 1657 2925 qua:
1699 2854 1854 2911 nimis

270 2957 493 3009 incerta:
540 2957 683 3016 sunt,
711 2948 1046 3002 exaltemur:
1083 2945 1177 3000 sed
1221 2945 1567 3015 cupiditatem
1611 2945 1855 3015 corporis

269 3045 615 3112 castigemus,
652 3054 770 3109 quae
818 3040 1048 3092 maxime
1098 3036 1323 3091 habetur
1351 3036 1632 3102 instabilis,
1661 3044 1716 3089 et
1742 3037 1857 3089 dili-

1936 495 2156 549 vcniunt
2180 494 2354 563 capita
2382 509 2477 557 sua
2520 493 2819 562 largissime
2846 510 2967 549 rore
2991 493 3284 550 madentia.
3316 494 3421 550 Sed
3464 505 3520 550 et

1934 593 2184 640 recentes
2232 600 2446 653 carnes,
2478 586 2523 639 si
2562 585 2662 639 sub
2710 585 2832 638 luna
2857 585 3156 655 jacuerint,
3186 585 3349 640 fluida
3395 603 3521 640 mox

1936 676 2219 747 putredine
2261 682 2699 745 corrumpuntur.
2731 672 2983 745 Idemque
3011 676 3275 744 significat
3305 677 3522 746 pecori-

1936 782 2066 821 num
2087 766 2389 834 cerebrum,
2417 766 2503 821 vel
2532 768 2693 821 etiam
2717 768 2920 821 viscera
2951 768 3277 823 marinorum
3317 770 3524 823 anima-

1939 856 2089 917 lium,
2113 871 2232 924 qute
2252 865 2374 911 sunt
2402 857 2754 922 humectiora,
2782 866 2880 912 nec
2903 873 3009 912 non
3033 860 3285 921 arborum
3311 859 3520 914 medul-

1942 947 2024 1013 lie,
2053 963 2171 1017 qua:
2199 950 2380 1002 omnia
2426 950 2608 1018 utique
2636 951 2941 1006 nullatenus
2969 951 3238 1007 sufficeret
3266 952 3332 1006 ad
3370 968 3523 1008 suam

1941 1038 2067 1091 luna
2108 1038 2348 1107 redigere
2398 1040 2732 1108 qualitatem,
2765 1042 2867 1095 nisi
2917 1042 3267 1111 amplitudine
3312 1042 3526 1097 virtutis

1941 1131 2254 1197 excelleret,
2284 1132 2576 1185 secundum
2607 1131 2896 1201 Scriptum:
2926 1133 3308 1187 testimonium.

2014 1219 2099 1273 Η.
2132 1218 2240 1274 Sed
2267 1230 2323 1273 et
2351 1222 2491 1274 aeris
2520 1230 2715 1285 motus,
2747 1222 2952 1277 hisdem
2994 1225 3121 1292 ipsis
3148 1222 3543 1277 commutatio-‘

1944 1310 2102 1365 anus
2126 1310 2456 1379 continetur,
2484 1312 2627 1366 sicut
2667 1314 2805 1366 luna:
2835 1313 3045 1367 novitas
3073 1323 3377 1381 attestatur,
3407 1329 3526 1382 qua:

1943 1415 2009 1455 ex
2040 1401 2198 1469 longa
2225 1402 2541 1471 plerumque
2562 1405 2851 1459 serenitate
2871 1407 3049 1461 subito
3073 1407 3289 1460 nubium
3318 1408 3525 1474 glome-

1941 1490 2199 1556 rationes,
2254 1502 2311 1545 et
2354 1493 2790 1561 perturbationes
2840 1496 3151 1550 exsuscitat.
3202 1494 3524 1566 Euriporum

1952 1597 2168 1652 quoque
2196 1592 2404 1638 meatus
2424 1584 2624 1639 relluus
2650 1585 2753 1641 hoc
2781 1586 3002 1653 indicat,
3032 1585 3058 1624 ἀ
3091 1589 3171 1642 vel
3196 1590 3357 1642 etiam
3384 1589 3525 1643 reci-

1942 1679 2186 1747 procatio
2205 1676 2464 1748 Syrtium,
2494 1694 2611 1748 qua:
2639 1681 2824 1735 vicina:
2851 1682 3113 1736 habentur
3137 1680 3371 1747 Oceano,
3396 1698 3529 1752 quas

1872 1783 1918 1841 Β
1943 1784 2041 1838 pro
2063 1769 2200 1822 luna:
2225 1769 2583 1824 schematibus
2613 1771 2873 1825 concitari
2904 1771 3145 1826 locorum
3173 1772 3371 1827 accol-.1:
3396 1788 3525 1840 pro-

1950 1858 2217 1913 diderunt.
2250 1858 2435 1928 Euripi
2488 1861 2648 1915 etiam
2700 1862 2752 1915 in
2798 1870 3081 1931 utramque
3138 1872 3345 1931 partem
3388 1864 3530 1920 soliti

1949 1959 2073 2007 sunt
2102 1954 2319 2021 propria
2342 1953 2536 2009 leniter
2557 1952 2756 2009 ﬂuenta
2786 1964 3120 2022 convertere,
3150 1957 3357 2025 reliquo
3387 1957 3530 2011 omni

1952 2052 2194 2113 tempore
2239 2062 2251 2096 :
2295 2060 2419 2099 cum
2448 2061 2576 2100 vero
2605 2047 2729 2100 luna
2777 2048 3030 2113 nascitur,
3064 2047 3380 2101 nullomodo
3409 2063 3532 2116 pns-

1950 2144 2076 2190 sunt
2101 2136 2399 2204 quiescere,
2446 2136 2541 2190 sed
2566 2137 2870 2191 vehementi
2901 2137 3110 2191 fervore
3138 2152 3350 2206 semper
3388 2152 3531 2191 exte-

1949 2235 2152 2294 stuant,
2207 2227 2379 2281 donec
2433 2227 2559 2281 luna
2612 2242 2800 2281 rursus
2857 2235 3148 2296 appareat,
3198 2227 3529 2283 sedationem

1950 2319 2235 2373 commotis
2282 2318 2583 2373 turbinibus
2635 2318 2880 2371 allatura.
2930 2317 3187 2372 Similiter
3240 2317 3525 2372 occiduum

1953 2424 2102 2462 mare
2129 2408 2349 2464 crebros
2385 2424 2634 2464 accessus
2660 2409 2861 2479 patitur
2883 2416 2935 2463 et
2977 2424 3239 2473 recessus,
3271 2407 3432 2463 modo
3454 2405 3532 2460 al-

1952 2501 2106 2561 luens
2164 2501 2345 2559 littora
2391 2499 2661 2566 tluctibus,
2714 2499 2877 2555 modo
2917 2500 3234 2555 destituens.
3268 2499 3344 2553 lta
3388 2498 3533 2553 velut

1951 2592 2272 2662 quibusdam
2323 2592 2462 2647 luna:
2489 2593 2866 2662 spiraminibus
2910 2602 3058 2649 retro
3102 2592 3437 2659 subducitur,
3470 2602 3526 2646 et

1954 2685 2149 2743 iterum
2175 2681 2290 2752 ejus
2318 2682 2555 2739 exundat
2579 2684 2911 2753 impulsibus.
2935 2684 3061 2739 Haec
3104 2684 3279 2755 igitur
3303 2684 3531 2740 disserui

1952 2776 2019 2830 ad
2073 2775 2475 2844 exprimendam
2528 2776 2945 2844 magnitudinem
3000 2775 3443 2840 luminariorum,
3472 2783 3529 2829 et

1952 2868 2076 2937 quia
2097 2883 2199 2923 nec
2224 2882 2394 2936 usque
2418 2867 2488 2923 ad
2514 2882 2675 2922 unam
2703 2867 2965 2939 syllabam
2994 2868 3227 2922 otiosum
3255 2866 3382 2937 quid
3411 2880 3532 2920 esse

1953 2966 2133 3029 potest
2172 2957 2492 3028 spiritalium
2526 2966 2935 3028 praceptorum,
2965 2973 3085 3011 eum
3112 2965 3260 3012 certe
3305 2955 3435 3009 nihil
3463 2955 3534 3009 de

1954 3049 2334 3108 secretioribus
2364 3064 2545 3105 sermo
2567 3049 2980 3119 deprompserit.
3005 3048 3170 3103 Multa
3204 3047 3345 3102 enim
3373 3060 3537 3115 super

269 3134 507 3205 Βεηιίεηη
549 3128 724 3201 Ponus
752 3129 940 3183 animi”
971 3128 1282 3191 tribuamus»
1307 3127 1456 3196 cuius
1484 3128 1684 3182 bonum
1711 3143 1853 3182 εοωο
1883 3146 1923 3204 C
1957 3140 2325 3210 amplitudine,
2356 3140 2442 3195 vel
2490 3141 2786 3196 intervallis
2828 3140 2958 3195 solis
3002 3146 3058 3194 et
3100 3139 3265 3201 lunre,
3298 3137 3537 3207 reperire

267 3239 370 3295 per
395 3230 578 3277 manet
623 3219 916 3276 immobile.
948 3217 1098 3285 Quod
1141 3219 1185 3272 si
1215 3227 1269 3272 te
1311 3217 1531 3273 forsitan
1558 3218 1681 3271 luna
1728 3233 1858 3272 con-

271 3316 471 3378 tristat,
502 3312 699 3367 sensim
727 3309 968 3380 deposita
999 3309 1114 3363 luce
1135 3307 1425 3375 deficiens;
1456 3308 1574 3378 plus
1601 3315 1654 3362 te
1682 3307 1858 3360 anima

270 3402 494 3458 debebit
534 3400 771 3470 afficere,
810 3414 928 3468 qua:
965 3398 1228 3452 honorem
1256 3413 1415 3468 quem
1442 3413 1510 3453 ex
1537 3399 1713 3455 divina
1743 3397 1854 3452 vir-

272 3504 388 3551 tute
416 3493 675 3564 percepit,
706 3491 901 3545 amittit
944 3491 1363 3560 intemperantia:
1395 3490 1541 3554 vitio,
1585 3503 1860 3558 nunquam

272 3587 486 3640 tinuum
517 3584 849 3654 propositum
891 3597 1131 3649 servans,
1158 3582 1251 3635 sed
1280 3580 1489 3635 assidue
1533 3596 1591 3635 se
1619 3587 1856 3645 vertens,

273 3687 334 3734 ut
362 3660 493 3748 pote
541 3676 701 3730 nullis
727 3673 1201 3731 constantiae‘l'ulta
1227 3673 1513 3743 repagulis.
1549 3682 1572 3711 ο
1601 3671 1679 3726 Re
1719 3671 1862 3726 enim

274 3784 403 3823 vera
431 3765 721 3823 secundum
751 3764 1095 3835 proverbium
1127 3782 1139 3816 :
1182 3764 1311 3819 Sine
1334 3776 1452 3817 uoce
1491 3764 1615 3817 luna
1639 3771 1865 3816 mutatur

274 3859 492 3932 (Εεοιὶη
525 3873 687 3924 xxvu,
714 3855 824 3926 12).
857 3853 1061 3925 Opinor
1087 3862 1269 3910 autem
1296 3848 1439 3924 quod
1465 3862 1520 3909 et
1548 3854 1864 3908 animalibus

276 3950 545 4016 creandis,
597 3949 915 4019 exterisque
959 3947 1206 4004 omnibus
1230 3962 1350 4017 qua:
1399 3956 1544 4003 terra
1597 3947 1863 4017 producit,

276 4061 387 4100 non
434 4059 597 4116 parva
643 4041 918 4099 confertur
944 4056 1011 4096 ex
1058 4041 1199 4097 luna:
1243 4040 1540 4096 mutatione
1586 4039 1860 4094 formatio.

278 4135 453 4190 Aliter
478 4147 709 4203 namque
734 4148 854 4189 cum
903 4131 1140 4202 perfecta
1167 4138 1250 4186 est
1267 4170 1286 4199 ,
1336 4138 1393 4186 et
1419 4131 1577 4186 aliter
1603 4144 1726 4186 cum
1773 4128 1869 4184 de-

279 4227 499 4292 crescit,
549 4240 739 4281 eorum
787 4238 1017 4294 corpora
1070 4223 1447 4292 disponuntur.
1502 4219 1661 4276 Modo
1715 4220 1862 4275 enim

280 4319 491 4383 laxiora
518 4316 768 4373 videntur
794 4323 849 4371 et
876 4330 1044 4371 vacua
1068 4330 1191 4370 cum
1240 4315 1500 4381 senescit,
1530 4313 1693 4369 modo
1722 4314 1863 4368 inte-

280 4422 376 4476 gra
399 4416 457 4461 et
478 4407 679 4477 repleta
700 4396 822 4463 cum
851 4407 1047 4463 crescit
1070 4424 1082 4459 :
1106 4405 1359 4475 quoniam
1382 4406 1659 4460 humorem
1681 4419 1869 4474 quem-

1959 3232 2157 3301 poterit
2181 3230 2487 3297 cogitando,
2515 3231 2610 3297 qui
2658 3246 2764 3285 non
2794 3230 3061 3285 desidiose
3103 3228 3413 3284 affectiones
3440 3243 3537 3281 eo-

1958 3339 2077 3378 rum
2108 3323 2438 3391 virtutesque
2465 3321 2728 3389 disquirit.
2756 3322 3117 3386 Quamobrem
3137 3328 3354 3390 oportet
3374 3334 3535 3387 aecn-

1958 3429 2081 3469 sare
2118 3428 2270 3469 suam
2313 3426 2581 3480 quemque
2618 3411 2797 3479 potius
2827 3409 3247 3464 imbecillitatem
3279 3426 3293 3461 :
3325 3416 3383 3461 ut
3426 3424 3535 3461 non

1961 3500 2408 3571 magnificentiam
2435 3509 2692 3556 creatura:
2719 3499 2897 3554 verbis
2924 3498 3174 3553 humanis
3202 3497 3379 3551 metiri
3407 3511 3534 3566 pos-

1960 3609 2020 3649 se
2044 3593 2313 3648 credatur.
2336 3590 2444 3645 Sed
2462 3606 2531 3645 ex
2551 3591 2733 3659 paucis
2759 3604 2876 3658 qua:
2904 3589 3043 3644 dicta
3064 3595 3207 3652 sunt,
3231 3585 3538 3642 considera-

1964 3702 2024 3742 re
2061 3684 2336 3752 convenit,
2369 3691 2571 3753 quanta
2599 3689 2656 3737 et
2697 3682 2876 3752 qualia
2902 3682 3011 3737 sint
3036 3680 3125 3734 illa
3150 3688 3173 3717 θ
3201 3693 3320 3747 qua:
3340 3685 3532 3746 praete-
3578 3712 3581 3715 ι

1962 3777 2206 3833 rivimus.
2237 3774 2352 3830 Non
2403 3788 2533 3841 ergo
2580 3773 2714 3827 velis
2740 3772 2909 3827 oculis
2956 3771 3136 3826 lunam
3155 3810 3170 3834 ,
3202 3767 3296 3824 sed
3321 3767 3537 3823 ratione

1962 3868 2143 3937 potius
2164 3866 2452 3931 arstimare,
2475 3879 2594 3932 qtue
2629 3863 2857 3918 validius
2875 3876 3038 3931 quam
3067 3867 3334 3929 aspectus,
3360 3858 3427 3911 ad
3454 3856 3537 3910 in-

1963 3957 2274 4013 ventionem
2319 3954 2465 4010 valet
2514 3953 2753 4009 veritatis
2797 3954 3080 4009 accedere.
3112 3949 3325 4005 Fabulae
3380 3948 3541 4016 igitur

1966 4047 2156 4109 aniles,
2188 4053 2349 4115 atque
2398 4044 2630 4099 risibiles
2664 4044 2863 4112 ubique
2916 4041 3337 4113 percrebuerunt
3368 4056 3380 4091 :
3413 4037 3539 4106 quia

1967 4137 2187 4206 magicis
2215 4136 2543 4191 carminibus
2570 4136 2696 4191 luna
2724 4135 2939 4189 sedibus
2967 4141 3189 4189 evocata
3213 4131 3281 4186 de
3307 4130 3542 4200 propriis

1968 4227 2259 4284 deducatur
2284 4225 2351 4281 ad
2375 4233 2593 4282 terram.
2626 4224 2806 4280 Primo
2831 4223 3044 4292 quidem
3070 4220 3343 4290 quomodo
3364 4227 3543 4289 potest

1967 4318 2020 4372 vi
2057 4326 2310 4373 cantuum
2347 4316 2687 4383 submoveri,
2712 4330 2877 4385 quam
2905 4314 3021 4382 ipse
3068 4310 3299 4365 firmavit
3343 4310 3541 4364 altissi-

1969 4410 2122 4467 mus?
2151 4408 2352 4465 Deinde
2378 4408 2499 4477 quis
2538 4422 2657 4463 eam
2695 4406 2845 4461 locus
2884 4403 3183 4473 susciperet
3209 4400 3541 4456 descenden-

282 4501 410 4555 dam
441 4513 563 4552 cum
590 4498 767 4553 calore
796 4498 1138 4568 permixtum,
1171 4497 1393 4551 interius
1420 4497 1504 4551 his
1531 4496 1759 4552 latenter
1787 4498 1862 4552 in-
1893 4513 1946 4573 D
1973 4501 2113 4555 tem?
2144 4500 2234 4556 Vis
2263 4507 2442 4554 tamen
2469 4512 2537 4553 ex
2562 4498 2743 4567 parvis
2769 4484 2976 4550 indiciis
3010 4491 3389 4560 magnitudinis
3417 4488 3536 4558 ejus

283 4591 479 4647 fundit.
527 4590 679 4658 Quod
728 4592 800 4645 ita
828 4604 947 4645 esse
991 4590 1362 4644 demonstrant
1389 4588 1426 4643 ii
1476 4587 1567 4657 qui
1612 4588 1711 4643 sub
1736 4589 1860 4644 divo

356 4803 380 4827 ⁸
414 4790 635 4864 Antiqui
659 4789 765 4843 duo
786 4787 904 4840 libri
934 4793 994 4864 et_
1015 4786 1164 4864 editi,
1195 4801 1286 4838 nec
1304 4784 1507 4864 quidem
1532 4785 1860 4864 perfecta-ri:

284 4864 433 4916 detur
456 4862 510 4913 in
533 4854 700 4929 globo,
732 4874 824 4929 nec
867 4856 1151 4925 semiplena
1171 4871 1197 4929 _:
1223 4854 1368 4929 quod
1395 4869 1425 4907 a
1456 4854 1685 4929 librariis
1715 4854 1858 4907 aliud

284 4924 646 4999 cogitantibus
690 4927 945 4999 scriptum
971 4924 1245 4999 Opor_tuit;
1302 4924 1723 4999 alioquin_eni1u
1753 4939 1859 4999 non

285 4989 395 5055 tam
443 4998 670 5052 absurda
697 4989 1053 5065 scripsissent.
1086 4994 1154 5047 At
1178 5004 1326 5048 recte
1354 4989 1594 5065 in’Colh:
1626 4993 1860 5065 secundo

285 5074 358 5126 ita
396 5069 607 5137 legitur,
632 5084 767 5121 nunc
788 5062 1056 5138 quidem...
1078 5079 1212 5117 nunc
1237 5063 1535 5133 semiplena.
1567 5062 1624 5116 lu
1652 5062 1857 5129 Graeco,

283 5160 667 5262 v3:
690 5137 805 5261 filio
857 5219 1012 5275 mss.,
1058 5198 1413 5275 diurnumque,
1467 5211 1765 5275 corrupte._
1792 5203 1862 5256 At

284 5279 571 5336 emendate
590 5278 781 5345 legitur
799 5276 852 5330 in
880 5270 1033 5331 Colb.
1057 5270 1321 5339 secundo,
1337 5270 1703 5344 diutinumque.
1725 5270 1865 5341 Gras-

563 5371 579 5393 ν
618 5385 633 5399 ο

293 5366 386 5458 ce:
411 5371 807 5479 ἥῗέιέίῖειίηιιίἰ,
834 5414 909 5469 Re
929 5416 1064 5469 enim
1090 5431 1208 5468 uera
1227 5413 1503 5467 secundum
1522 5412 1864 5482 proverbium,

291 5490 420 5545 Sine
464 5505 582 5543 uoce
628 5487 752 5542 luna
779 5494 1022 5549 mutatur,
1075 5482 1403 5553 respondent
1430 5483 1532 5537 illis
1554 5482 1754 5547 Basilii,
1783 5491 1866 5552 τῷ

290 5559 397 5617 ὄντι
441 5563 560 5632 γὰρ,
591 5562 724 5632 garrit
749 5562 807 5613 τὸ
838 5552 1222 5632 »εἰρημένονςο
1252 5552 1421 5627 ἄφρων
1451 5559 1527 5632 ὡς.
1568 5554 1744 5632 acM-vn
1772 5556 1863 5632 ei).-

289 5622 544 5693 λοιοῦτάί,
604 5628 731 5682 Vere
767 5622 938 5690 em'm',
964 5622 1049 5677 ἰιι
1099 5622 1303 5693 dictant
1320 5622 1435 5686 est,
1490 5622 1691 5677 Stultus
1740 5625 1870 5675 sicut

291 5704 423 5756 luna
470 5692 703 5761 mutatur
745 5695 970 5767 (Boeth,
1026 5709 1187 5756 xxvu,
1219 5692 1287 5745 12
1317 5695 1353 5755 ).
1406 5697 1750 5747 llevertamur
1805 5693 1871 5747 ad

1965 4591 2210 4662 accipere
2230 4588 2633 4646 documentum.
2663 4586 2922 4643 Civitates
2966 4585 3128 4656 igitur
3151 4598 3272 4654 quae
3321 4582 3378 4638 in
3404 4580 3536 4637 orbe

2528 4688 2554 4707 Va

1963 4785 2322 4856 proverbium,
2358 4783 2620 4856 Eustathii
2653 4824 2669 4849 ,
2712 4784 2968 4856 quodsi
3016 4784 3403 4856 cognovissent
3454 4783 3546 4853 qui

1961 4854 2090 4911 olim
2119 4855 2398 4925 proverbia
2431 4854 2590 4925 simul
2640 4854 2937 4923 colligenda
2968 4854 3083 4925 Asibi
3130 4863 3545 4925 proposuerant,

1965 4925 2018 4980 id
2066 4921 2279 4995 quoque
2320 4924 2439 4995 aliis
2478 4924 2675 4995 addere
2716 4921 2822 4995 non
2873 4921 3195 4995 omisisseut.
3235 4921 3391 4979 ’Puto
3447 4938 3545 4977 au-

1966 4993 2097 5050 tem'
2132 5008 2335 5063 novum,
2383 4993 2511 5047 illud
2555 4994 2898 5063 proverbium
2953 4993 3076 5063 inde
3135 4993 3333 5048 factum
3387 5008 3503 5063 esse
3531 5033 3545 5053 ,

1966 5065 2107 5135 quod
2142 5062 2448 5136 Eustathius
2478 5061 2763 5136 ρτὸ-ἆφρων
2798 5063 2988 5132 legerit
3016 5062 3256 5136 ἄφωγρςρ
3289 5078 3392 5136 qua
3415 5061 3548 5136 falsa

1966 5083 2107 5135 quon
2142 5083 2448 5117 LUSIHIHIUS
2478 5083 2575 5133 pro
2597 5088 2661 5135 αφ
2698 5087 2763 5117 ων
2801 5083 2988 5132 tegent
3016 5086 3209 5136 αφωνος
3242 5083 3256 5116 Σ
3289 5083 3392 5132 qua
3415 5083 3548 5115 tunsa

1966 5135 2232 5204 scriptura
2280 5133 2372 5204 ubi
2424 5134 2592 5188 semel
2641 5083 2897 5204 deceptus
2952 5141 3061 5199 est,
3094 5133 3226 5204 nihil
3272 5134 3463 5204 mirum
3503 5132 3548 5184 si

1967 5202 2176 5275 quidvis
2203 5203 2383 5275 potius
2412 5204 2756 5275 expresserit,
2776 5202 2947 5272 quam
2978 5202 3121 5271 quod
3150 5202 3408 5275 oportuit.

2045 5271 2289 5350 flTotum
2321 5271 2578 5350 illudt‘vel
2608 5274 2761 5327 etiam
2782 5274 3120 5350 reciprocatio
3161 5271 3410 5342 Syrtium,
3438 5285 3554 5350 qua

1960 5344 2150 5397 'uicinaz
2179 5343 2429 5396 habentur
2459 5338 2683 5413 Oceqno,
2712 5338 2898 5413 quam
2918 5343 3098 5413 inepte
3124 5338 3431 5413 expressum
3455 5338 3549 5401 'sit,

1971 5426 2297 5481 cognoscere
2338 5413 2462 5467 licet
2485 5426 2553 5467 ex
2581 5409 2779 5468 Basilio
2807 5409 3025 5468 humilia
3052 5409 3107 5478 6,
3134 5409 3281 5465 num.
3314 5409 3371 5462 ll
3395 5450 3410 5474 ,
3441 5424 3551 5463 non

1972 5483 2132 5550 longe
2161 5484 2227 5536 ab
2250 5483 2422 5536 initio.

2051 5547 2091 5590 θ’
2108 5552 2260 5617 Editi‘,
2285 5569 2398 5623 qua!
2423 5554 2765 5622 prtzlerimtts.
2790 5551 2941 5607 Colb.
2974 5547 3259 5623 secundus,
3290 5564 3555 5623 φιφριῂω-

1977 5626 2255 5677 terivimus.
2298 5617 2494 5677 'Slatim
2527 5622 2674 5684 editi,
2714 5624 2876 5689 primo
2923 5619 3056 5677 quod
3095 5617 3365 5691 quomodo.
3396 5617 3554 5672 (Lolli.

1976 5694 2257 5758 secundus,
2287 5695 2449 5762 primo
2484 5693 2683 5762 quidem
2714 5696 2979 5763 quomodo,
