3964 6198
254 401 353 469 937

1205 410 1593 465 liEXAEMERl
1638 403 2156 465 METAPlll‘l‘tASl‘S
2187 409 2384 463 LlBER
2425 410 2532 463 ΥΠ.

3407 406 3511 466 938

253 535 374 592 quae
402 524 607 578 catulos
646 524 877 592 pariunt,
912 522 963 575 id
994 530 1093 587 est,
1126 523 1320 575 vitulos
1349 522 1606 588 marinos,
1637 529 1692 574 et
1717 527 1826 574 tor-
1859 526 1903 581 Α
1932 533 2075 588 sunt,
2101 539 2218 592 qua:
2248 523 2433 576 solatia
2467 520 2634 576 Graeci
2665 520 2959 576 nominant.
2992 521 3096 576 Sed
3125 529 3179 576 et
3211 521 3508 577 belluarum

251 612 495 680 pedines,
528 622 581 666 ct
603 613 904 681 delphinos,
935 620 988 666 et
1010 612 1094 665 his
1123 611 1337 677 similia,
1363 613 1476 666 sive
1514 607 1704 665 ovifica
1733 625 1830 664 no-

249 701 557 766 minaveris,
589 703 766 771 qualia
800 711 926 756 sunt
952 702 1131 757 omnia
1161 717 1301 770 pene
1344 717 1542 769 genera
1578 702 1826 772 piscium.

251 789 317 842 Et
339 807 442 844 vox
463 791 676 860 quidem
699 793 1073 861 pueceptionis
1097 792 1287 858 exigua
1319 800 1424 856 est,
1447 791 1554 844 imo
1576 807 1682 844 non
1700 807 1829 857 vox,

250 881 346 935 sed
370 883 549 950 potius
579 891 908 936 momentum
930 883 1123 946 solum,
1147 890 1201 935 et
1230 884 1464 950 impetus
1498 882 1791 935 voluntatis
1816 899 1827 934 :

251 972 556 1026 intellectus
602 988 731 1025 vero
759 973 874 1040 ejus
925 981 1031 1026 tam
1061 972 1334 1041 multiplex
1377 971 1631 1037 habetur,
1673 987 1833 1040 quam

253 1063 365 1133 ipsa
394 1064 618 1133 piscium
650 1064 787 1118 inter
813 1079 871 1119 se
898 1073 1073 1134 potest
1091 1079 1212 1118 esse
1232 1064 1505 1120 discretio.
1530 1063 1681 1129 Quos
1710 1080 1831 1117 om-

252 1169 351 1210 nes
380 1155 555 1209 verbis
578 1156 788 1224 assequi
818 1171 922 1209 non
956 1156 1130 1210 minus
1156 1171 1442 1226 operosum
1469 1165 1566 1219 est,
1602 1170 1760 1224 quam
1788 1157 1833 1210 si

255 1245 515 1299 undarum
537 1261 815 1299 numerum
843 1246 1124 1314 designare
1146 1246 1357 1301 coneris
1376 1264 1388 1299 :
1407 1247 1488 1299 vel
1508 1255 1532 1281 η
1558 1253 1691 1314 quot
1715 1261 1832 1302 ain-

255 1337 454 1406 phoras
481 1335 677 1390 habeat
704 1337 924 1405 pelagus
943 1337 1231 1405 explicare.
1255 1336 1486 1408 Ejiciant
1511 1353 1658 1408 aqua:
1686 1339 1836 1408 repti-

255 1427 322 1480 lc.
346 1427 403 1480 In
431 1426 515 1480 his
543 1435 667 1485 sunt
689 1429 943 1495 teqnorei,
977 1429 1196 1491 littorei,
1229 1428 1466 1496 altivagi,
1495 1429 1686 1498 petrei,
1716 1443 1837 1498 gre-

257 1516 425 1583 gales,
457 1517 696 1578 belluini,
731 1517 990 1572 immanes
1037 1519 1332 1587 minutique
1386 1521 1580 1588 pisces,
1612 1520 1710 1574 sub
1747 1534 1838 1574 ea-

263 1607 492 1678 demque
519 1609 716 1662 virtute
744 1609 1015 1678 praecepti,
1041 1617 1146 1662 tam
1175 1610 1416 1674 maximi,
1444 1625 1604 1679 quam
1633 1610 1844 1665 minimi

258 1700 618 1752 continentur.
649 1698 833 1768 Itaque
861 1715 983 1753 cum
1011 1698 1230 1763 diceret,
1272 1698 1505 1771 Ejiciant
1531 1717 1678 1772 aqua?
1706 1717 1722 1754 -:
1747 1702 1842 1756 de-

262 1789 578 1842 monstravit
599 1797 797 1857 quanta
829 1791 898 1842 sit
927 1788 950 1824 ι’
982 1789 1282 1843 natantium
1323 1804 1444 1843 cum
1474 1804 1612 1859 aqua
1637 1803 1838 1856 cogna-

1935 627 2056 680 pars
2086 613 2342 678 maxima,
2374 621 2432 666 et
2463 612 2722 682 delphini,
2750 619 2805 666 et
2830 613 3013 682 phocm
3042 612 3248 668 catulos
3275 622 3510 682 pariunt,

1934 718 2051 771 quae
2076 703 2217 757 fetus
2245 719 2371 758 suos
2400 711 2644 758 recenter
2672 703 2864 768 editos,
2902 719 3023 757 cum
3052 719 3118 757 cx
3147 703 3322 772 aliqua
3354 719 3509 757 causa

1934 792 2105 846 territi
2135 793 2353 860 fuerint,
2379 792 2554 847 denuo
2582 793 2860 862 sublapsos
2889 795 2940 846 in
2971 801 3201 860 uterum,
3232 801 3512 862 protegere

1934 896 1998 936 ac
2026 879 2206 936 fovere
2237 893 2540 937 narrantur.
2577 881 2808 954 Ejiciant
2835 900 2982 954 aqua:
3008 883 3211 952 reptilia
3239 883 3509 936 secundum

1936 987 2114 1042 genus.
2147 971 2302 1026 Aliud
2331 985 2499 1039 genus
2534 980 2616 1025 est
2646 973 2975 1039 immanium,
3013 982 3068 1026 et
3104 973 3245 1026 aliud
3285 973 3509 1026 minuto-

1936 1076 2051 1114 rum
2082 1061 2327 1130 piscium.
2359 1060 2488 1114 ltem
2513 1061 2565 1114 in
2597 1062 2678 1115 his
2709 1063 2835 1130 ipsis
2864 1062 3041 1115 multm
3067 1061 3392 1125 dilferentiae,
3419 1078 3513 1130 pro

1935 1151 2146 1217 generis
2173 1151 2428 1219 qualitate
2457 1151 2638 1206 divisa:
2659 1161 2802 1218 sunt,
2825 1154 3016 1221 quibus
3036 1161 3087 1206 et
3109 1153 3370 1206 vocabula
3396 1169 3510 1221 pro-

1935 1242 2049 1311 pria
2079 1249 2222 1307 sunt,
2256 1251 2313 1298 et
2357 1243 2612 1298 alimenta
2654 1243 2903 1310 discreta,
2930 1253 2986 1300 et
3011 1245 3322 1312 magnitudo
3352 1259 3513 1298 mem-

1935 1333 2153 1387 brorum
2184 1333 2382 1403 dispar,
2407 1342 2461 1389 et
2486 1334 2699 1390 diversa
2722 1338 2862 1390 inter
2887 1351 2946 1392 se
2972 1336 3152 1405 specie
3178 1342 3515 1406 separantur.

1937 1421 2066 1488 Quis
2094 1424 2254 1491 igitur
2280 1431 2563 1495 tynnorum
2590 1427 2893 1496 speculator
2922 1433 3210 1490 tantorum,
3241 1426 3393 1481 nobis
3422 1436 3516 1489 p0-

1940 1514 2064 1568 t.erit
2091 1515 2360 1583 explicare
2388 1515 2716 1578 distantiam,
2751 1532 3071 1585 quamquam
3101 1532 3195 1570 eos
3220 1514 3244 1552 ἀ
3280 1529 3521 1572 as<erurt

1940 1606 2242 1675 conspectis
2270 1607 2495 1675 piscium
2537 1608 2780 1661 maximis
2807 1609 3054 1676 gregibus
3084 1624 3192 1662 non
3222 1609 3395 1662 solum
3427 1621 3513 1675 go-

1941 1709 2058 1759 nus,
2087 1694 2180 1748 sed
2226 1695 2386 1749 etiam
2417 1711 2697 1750 numerum
2728 1711 2884 1765 posse
2913 1698 3157 1765 signare?
3185 1699 3314 1764 Quis
3343 1707 3521 1751 autem

1943 1786 2098 1840 nobis
2123 1801 2310 1840 eorum
2340 1787 2626 1854 artificum,
2659 1788 2751 1855 qui
2794 1788 2850 1842 in
2887 1789 3155 1843 littoribus
3198 1790 3515 1857 habitantes,

262 1879 360 1932 tio.
393 1879 631 1947 Denique
668 1879 713 1933 si
767 1879 1038 1948 paulisper
1072 1878 1139 1933 ad
1183 1887 1378 1933 terram
1421 1878 1618 1933 fuerint
1662 1880 1839 1933 educti
1875 1880 1916 1938 Β
1945 1883 1999 1928 et
2029 1875 2079 1928 in
2105 1876 2326 1929 marinis
2355 1876 2664 1930 diversoriis
2692 1887 3057 1945 senescentes,
3091 1879 3333 1932 notitiam
3364 1879 3512 1932 subti-

261 1969 557 2023 deficiunt:
603 1985 776 2038 neque
803 1970 943 2024 enim
974 1970 1210 2039 suppetit
1255 1969 1357 2024 illis
1402 1969 1690 2039 spiramen,
1733 1983 1840 2036 quo

263 2063 470 2132 possint
497 2078 655 2116 auras
682 2063 871 2116 vitales
897 2077 1106 2130 capere.
1135 2062 1267 2115 Nam
1307 2061 1445 2116 sicut
1466 2061 1691 2116 terrenis
1721 2062 1838 2115 ani-

263 2153 535 2207 mantibus
579 2152 736 2206 datus
763 2167 855 2205 aer
882 2159 966 2205 est
984 2185 1000 2218 ,
1030 2153 1108 2206 sic
1133 2151 1367 2220 piscibus
1394 2165 1552 2218 aqua.
1596 2149 1661 2203 Et
1707 2149 1844 2204 ratio

256 2229 569 2294 'manifesta‘
597 2249 700 2305 est,
743 2241 866 2308 quia
899 2242 1054 2295 nobis
1080 2240 1328 2294 videlicet
1354 2239 1564 2307 adjacet
1609 2253 1762 2293 rarus
1791 2247 1846 2292 et

266 2332 482 2402 patulus
506 2331 707 2400 pulmo,
731 2333 822 2400 qui
850 2346 947 2400 per
973 2331 1368 2386 distinctionem
1399 2329 1635 2399 pectoris
1662 2345 1844 2383 aerem

271 2421 511 2483 trabeas,
532 2422 838 2475 interiorem
859 2420 1091 2476 calorem
1113 2419 1418 2474 ventilando
1440 2427 1842 2488 contemperat:

271 2511 378 2564 illis
406 2519 582 2565 autem
628 2512 857 2567 faucium
906 2512 1216 2580 interseptio
1244 2511 1654 2579 complicabilis,
1687 2511 1848 2564 modo

268 2601 588 2670 suscipiens,
622 2602 783 2656 modo
826 2600 1124 2655 dilfundens
1171 2616 1382 2669 aquam,
1413 2601 1708 2670 respirandi
1745 2615 1843 2654 ex-

270 2691 384 2760 plet
406 2690 656 2745 oflicium.
681 2690 776 2745 Est
800 2692 960 2746 Etiam
982 2692 1197 2761 propria
1218 2707 1336 2746 sors
1357 2692 1591 2760 piscibus
1609 2691 1849 2761 propria-

268 2796 378 2849 que
406 2789 619 2845 natura,
645 2789 699 2834 et
725 2781 877 2835 cibus
897 2781 1162 2845 diﬂ'erens,
1195 2791 1449 2851 certaque
1479 2782 1688 2836 vivendi
1717 2797 1850 2836 con-

271 2873 427 2927 ditio.
477 2871 766 2942 Propterea
797 2874 926 2928 nihil
975 2873 1043 2928 de
1088 2875 1321 2942 aquariis
1349 2875 1705 2938 mansuescit,
1749 2889 1850 2929 nec

270 2965 473 3034 patitur
499 2964 772 3018 hominum
801 2980 860 3018 se
889 2965 1131 3019 manibus
1153 2966 1497 3020 contrectari.

341 3054 394 3108 2.
429 3053 658 3125 Ejicianl
678 3071 823 3126 aquae
844 3056 1045 3125 replilia
1063 3056 1354 3109 animarum
1373 3057 1620 3111 vivarum.
1655 3055 1850 3116 Unius-

267 3145 529 3214 cujusque
556 3146 770 3213 generis
797 3146 1075 3214 originem,
1108 3163 1250 3201 nunc
1275 3147 1421 3201 velut
1455 3149 1724 3216 quoddam
1759 3165 1848 3204 se-

268 3251 416 3300 men,
449 3237 701 3306 przecepit
727 3237 900 3301 educi,
931 3252 1054 3290 nam
1081 3238 1476 3293 multitudinem
1507 3241 1849 3309 postmodum

266 3329 507 3382 servavit
533 3329 585 3382 in
609 3329 814 3391 Subole,
842 3329 1056 3398 quando
1084 3345 1179 3384 eos
1213 3345 1454 3384 crescere
1483 3331 1852 3402 multiplicari-

266 3434 378 3490 que
424 3433 642 3474 necesse
689 3427 790 3473 est.
839 3419 1025 3489 Itaque
1067 3420 1288 3475 alterius
1333 3423 1546 3488 generis
1590 3431 1736 3490 sunt,
1762 3427 1852 3494 qui

267 3511 549 3564 testicutes
595 3511 963 3575 nominantur,
1013 3512 1149 3566 sicut
1192 3513 1442 3576 conchas,
1491 3514 1758 3582 pectines,
1800 3525 1856 3569 et

267 3600 510 3655 cochleas
537 3601 770 3663 marium,
803 3617 866 3655 ac
892 3601 1223 3656 diversorum
1252 3610 1553 3656 ostreorum
1583 3603 1770 3671 millia,
1801 3613 1856 3658 et

267 3692 494 3745 alterius
517 3707 579 3745 ea
605 3707 724 3761 qua:
751 3692 1052 3747 mollitestia
1081 3693 1439 3756 nominantur,
1474 3692 1527 3745 id
1557 3702 1640 3747 est
1665 3695 1851 3760 astaci,

266 3783 491 3848 cercini,
521 3791 576 3836 et
609 3783 692 3837 bis
719 3783 979 3853 proxima.
1011 3784 1164 3838 Aliud
1193 3799 1408 3854 quoque
1435 3797 1602 3853 genus
1630 3795 1712 3841 est
1739 3787 1855 3842 illo—

268 3887 391 3926 rum
429 3887 546 3942 quac
584 3872 768 3927 (innec
806 3873 1030 3927 malacia
1071 3873 1395 3936 vocitantur,
1425 3874 1477 3929 id
1516 3883 1598 3929 est
1626 3891 1852 3944 quorum

267 3977 400 4016 caro
429 3963 662 4018 tenerior
689 3963 918 4018 habetur
945 3971 999 4018 et
1028 3963 1218 4028 laxior,
1263 3965 1403 4019 sicut
1442 3974 1568 4020 sunt
1612 3967 1773 4037 sepire
1800 3974 1855 4021 et

269 4052 590 4122 polypodes,
619 4060 678 4106 et
701 4052 786 4106 bis
813 4053 1025 4107 similia.
1056 4053 1113 4110 In
1143 4053 1226 4106 his
1253 4054 1446 4108 iterum
1475 4069 1666 4123 magna
1704 4055 1855 4111 dide.

270 4143 444 4196 rentia
475 4152 574 4196 est.
607 4142 877 4198 Dracones
905 4144 1044 4197 enim
1088 4151 1144 4196 et
1183 4159 1462 4210 murteum,
1492 4153 1548 4201 et
1585 4146 1849 4214 anguium.

266 4248 390 4304 qua:
419 4234 468 4287 in
490 4235 718 4289 cmnosis
745 4233 916 4288 fluviis
944 4234 1330 4303 paludibusque
1354 4245 1662 4301 nascuntur,
1686 4251 1851 4294 vene-

269 4325 418 4379 nosis
443 4327 621 4395 potius
648 4327 1004 4396 serpentibus,
1036 4341 1196 4394 quam
1237 4328 1471 4397 piscibus
1512 4343 1610 4399 pro
1647 4338 1854 4386 naturas

267 4415 617 4472 similitudine
641 4418 976 4487 copulantur.
1002 4417 1156 4472 Aliud
1187 4418 1348 4473 etiam
1377 4434 1544 4488 genus
1569 4430 1668 4486 est,
1700 4423 1852 4477 ovili-

266 4519 495 4560 corum:
527 4514 582 4560 et
610 4507 750 4560 aliud
781 4517 802 4545 ο
833 4507 1273 4574 catuligenorum.
1319 4507 1468 4564 Facit
1495 4519 1670 4564 autem
1700 4521 1850 4566 catu-

1943 1965 2066 2018 liter
2088 1965 2283 2019 valebit
2307 1965 2610 2034 patefacere
2632 1969 3002 2036 singulorum?
3025 1969 3170 2024 Alios
3191 1971 3331 2024 enim
3356 1970 3529 2039 pisce;

1945 2063 2212 2110 noverunt
2258 2057 2310 2110 hi
2357 2059 2448 2124 qui
2499 2058 2550 2110 in
2598 2073 2746 2112 mare
2793 2061 3423 2128 piscanturelndiacum,
3476 2072 3523 2113 et

1945 2145 2079 2199 alios
2107 2147 2198 2213 qui
2241 2148 2460 2215 pelagus
2497 2148 2759 2201 rimantur
2805 2148 3132 2220 IEgyptium.
3176 2149 3323 2204 Alios
3368 2143 3530 2204 etiam

1944 2235 2120 2287 sciunt
2161 2235 2449 2289 insularum
2492 2237 2716 2292 incolae:
2749 2247 2804 2292 et
2834 2239 2966 2292 alios
3004 2239 3253 2293 Maurusii
3294 2241 3523 2310 piscato~

1946 2339 2051 2378 res.
2083 2324 2188 2378 Sed
2233 2341 2421 2380 omnes
2461 2335 2570 2380 tam
2601 2335 2809 2396 tenues,
2840 2346 2997 2399 quam
3028 2329 3259 2398 majores
3289 2331 3525 2385 similiter

1946 2418 2118 2484 prima
2155 2419 2461 2486 prmeeptio,
2507 2428 2562 2472 et
2605 2419 2881 2475 ineffabilis
2923 2423 3088 2476 virtus
3126 2423 3213 2476 illa
3256 2423 3524 2492 produxit.

1948 2503 2138 2572 Magna
2168 2514 2250 2560 est
2273 2507 2374 2560 illis
2405 2508 2610 2563 vivendi
2638 2510 2937 2575 diversitas,
2973 2512 3132 2566 nimia
3159 2513 3316 2567 etiam
3348 2513 3401 2566 in
3439 2529 3527 2568 cu-

1941 2594 2137 2664 jusque
2162 2600 2373 2664 generis
2411 2600 2752 2654 successione
2797 2601 3069 2656 discretio.
3118 2601 3264 2656 Multi
3307 2603 3527 2672 piscium

1948 2699 2056 2739 non
2088 2687 2342 2742 incubant
2381 2689 2492 2743 suis
2529 2690 2662 2755 ovis,
2705 2691 2845 2745 sicut
2885 2706 3032 2759 aves,
3067 2707 3163 2746 nec
3191 2692 3344 2746 nidos
3367 2690 3527 2746 aedifi-

1949 2783 2092 2842 cant,
2126 2793 2228 2832 nec
2257 2794 2379 2834 cum
2410 2778 2594 2835 labore
2622 2781 2870 2851 proprios
2900 2791 3056 2836 natos
3091 2783 3369 2836 enutriunt
3394 2800 3407 2834 :
3437 2784 3529 2836 sed

1947 2883 2089 2940 aqua
2136 2871 2434 2939 suscipiens
2479 2886 2659 2935 ovum,
2711 2870 2836 2927 facit
2881 2873 3102 2941 animal,
3153 2882 3436 2941 nzanetque
3479 2873 3529 2926 in

1948 2959 2170 3028 singulis
2197 2961 2480 3028 generibus
2503 2961 2845 3017 immutabilis
2874 2964 2940 3017 ad
2969 2965 3126 3017 aliam
3160 2973 3422 3029 naturam,
3447 2964 3529 3018 in-

1949 3050 2279 3122 confusaque
2325 3053 2635 3121 progenies,
2676 3069 2740 3108 ac
2779 3069 2888 3110 non
2928 3056 3066 3110 sicut
3105 3057 3372 3110 mulorum
3421 3063 3530 3111 ter-

1949 3145 2217 3210 restrium,
2247 3144 2333 3197 vel
2361 3144 2547 3198 alitum
2575 3142 2593 3181 τ
2619 3145 3018 3201 manifestarum
3055 3147 3295 3216 stirpem,
3327 3145 3530 3201 adulte.

1877 3232 1922 3294 C
1954 3236 2069 3289 rina
2114 3236 2408 3304 corrumpit
2453 3235 2728 3292 admixtio.
2780 3237 2966 3292 Nullus
3005 3238 3249 3306 piscium,
3283 3253 3350 3292 ex
3380 3246 3530 3306 parte

1951 3327 2187 3391 dimidia,
2221 3326 2473 3381 dentibus
2514 3336 2598 3383 est
2642 3335 2900 3393 armatus,
2942 3329 3080 3384 sicut
3125 3344 3253 3382 oves
3293 3327 3533 3383 videmus

1954 3428 2071 3470 esse
2095 3425 2144 3468 et
2174 3417 2358 3480 boves,
2383 3431 2483 3472 nec
2510 3417 2743 3471 ruminat
2769 3418 3048 3486 quisquam
3083 3417 3308 3486 piscium
3339 3425 3532 3487 prmler

1953 3521 2185 3574 scarum,
2214 3514 2272 3561 ut
2299 3507 2516 3576 quidam
2547 3506 2899 3561 tradiderunt.
2949 3505 3136 3561 Cuncti
3185 3521 3315 3560 vero
3359 3507 3534 3574 pisces

1954 3597 2260 3653 acutissima
2289 3597 2527 3652 dentium
2557 3598 2673 3653 acie
2700 3597 3098 3652 condensantur
3125 3616 3136 3650 :
3170 3605 3230 3650 ut
3258 3612 3366 3651 non
3409 3610 3530 3650 esca

1953 3687 2152 3742 diutius
2179 3703 2274 3742 ore
2301 3688 2522 3743 subacta
2549 3687 2835 3750 difflueret,
2865 3703 2983 3757 qua:
3019 3688 3119 3742 nisi
3156 3687 3420 3757 discerpta
3444 3702 3532 3741 ce-

1954 3776 2139 3832 leriter
2164 3787 2317 3833 utero
2341 3779 2658 3843 traderetur,
2685 3779 2836 3835 facile
2867 3780 3162 3843 immutata,
3193 3788 3532 3851 spargeretur

1953 3883 1983 3921 a
2016 3867 2284 3923 ﬂuctibus.

2028 3961 2080 4015 5.
2122 3959 2306 4016 Victus
2333 3976 2461 4016 vero
2490 3962 2625 4018 alius
2655 3962 2772 4016 aliis
2798 3962 3088 4019 secundum
3126 3975 3294 4030 genus
3321 3968 3530 4032 aptato.=

1953 4059 2056 4106 est.
2106 4050 2239 4106 Nam
2287 4053 2421 4107 certi
2447 4053 2596 4108 .limo
2635 4054 2884 4107 aluntur:
2918 4053 3158 4107 nonnulli
3200 4053 3378 4108 herbis
3414 4067 3533 4121 quea

1954 4152 2248 4199 nascuntur
2276 4145 2332 4198 in
2361 4160 2517 4215 aqua,
2549 4145 2787 4199 contenti
2815 4155 2958 4213 sunt,
2990 4145 3204 4215 plurimi
3233 4153 3414 4199 autem
3440 4144 3532 4199 der-

1954 4234 2236 4288 voratione
2263 4233 2525 4287 satiantur
2544 4233 2766 4301 alterna,
2795 4249 3110 4306 semperque
3137 4235 3228 4304 qui
3248 4234 3426 4289 minor
3453 4247 3528 4288 θεν

1957 4325 2098 4396 apud
2128 4341 2245 4392 eos,
2278 4325 2464 4394 majori
2497 4324 2555 4379 ﬁt
2583 4326 2750 4381 cibus.
2795 4327 2860 4380 Et
2901 4329 2943 4383 si
2989 4328 3206 4398 quando
3249 4329 3529 4395 contigerit

1957 4435 2078 4474 eum
2102 4417 2192 4486 qui
2223 4418 2483 4473 minorem
2509 4426 2744 4486 ceperat,
2777 4432 2958 4472 morsu
2986 4418 3259 4473 validioris
3284 4416 3490 4471 absumi
3521 4434 3530 4467 :

1959 4511 2011 4564 in
2035 4525 2197 4563 unum
2229 4517 2450 4576 uterque
2491 4507 2668 4561 alvum
2715 4507 3028 4577 posterioris
3072 4507 3324 4575 injicitur.
3370 4505 3529 4571 Quasi

269 4596 350 4650 los
379 4595 650 4653 mustella.
682 4604 737 4651 et
764 4596 977 4655 asellus.
1008 4605 1064 4651 et
1091 4598 1270 4652 omnia
1298 4613 1418 4666 qute
1461 4599 1578 4655 sine
1615 4603 1853 4669 squamis
1886 4596 1930 4652 D
1956 4613 2088 4656 vero
2110 4615 2208 4655 nos
2235 4599 2480 4654 homines
2511 4593 2651 4653 aliud
2679 4598 2804 4666 quid
2831 4613 3049 4666 agamus
3100 4599 3225 4652 dum
3255 4593 3530 4650 inferiore:

268 4837 471 4892 librarii
500 4833 742 4893 voculam
771 4837 846 4893 vel
876 4846 1002 4894 tunc
1029 4839 1225 4894 addere
1251 4839 1459 4905 solent,
1489 4847 1738 4893 creatoris
1769 4840 1844 4892 vel

267 4919 519 4961 creaturae
555 4924 573 4961 :
599 4909 734 4962 unde
761 4909 1021 4977 suspicari
1045 4909 1188 4971 licet,
1212 4910 1462 4963 voculam
1491 4909 1566 4962 vel
1599 4909 1703 4963 hoc
1727 4909 1844 4963 loco

266 4993 294 5029 a
330 4977 677 5047 typographis
703 4979 952 5047 omissam
992 4977 1543 5047 fuisse.,Colbertinus
1589 4987 1837 5046 uterque,

266 5055 523 5114 precepto
561 5046 834 5118 'c_reatoris_.
885 5046 1050 5101 Vetus
1097 5046 1271 5104 codex
1325 5057 1549 5118 noster.
1582 5057 1838 5118 praecepto

267 5124 541 5187 creatur-az.
564 5114 640 5187 _E_t
684 5118 757 5171 ita
799 5115 1134 5173 Eustathium
1165 5125 1412 5187 putamus
1443 5114 1627 5171 Latine
1656 5114 1828 5173 reddi-

265 5185 424 5260 disse
607 5185 807 5248 Basilii,
839 5196 908 5255 τῷ
948 5185 1310 5260 «posteriorem
1332 5196 1426 5260 τῆς
1455 5189 1783 5260 δημιουργίας
1815 5203 1827 5238 :

267 5254 426 5324 quasi
456 5253 711 5327 dixisset_,
730 5253 1304 5327 pracepto'creationis,
1331 5257 1433 5312 hoc
1462 5253 1546 5312 est
1582 5253 1836 5327 praecepto

269 5341 378 5394 quo
407 5340 535 5381 usus
562 5335 644 5380 est
674 5325 813 5380 Deus
840 5325 907 5379 ad
937 5342 1024 5380 res
1049 5327 1330 5381 creandas.
1750 5325 1757 5327 “

344 5401 371 5428 ⁸
393 5393 557 5466 Editi,
579 5396 655 5450 vel
681 5411 801 5466 quo,
825 5394 1120 5465 amphoras.
1150 5395 1218 5448 At
1244 5395 1410 5466 nostri
1437 5404 1546 5450 tres
1579 5410 1733 5466 mss,
1763 5396 1839 5449 vel

267 5472 392 5532 quot
418 5464 710 5534 amphoras.
743 5464 1032 5532 Aliquanto
1059 5473 1178 5533 post
1203 5479 1327 5520 mss.
1358 5465 1485 5530 duo,
1507 5465 1600 5518 sub
1627 5465 1835 5520 eadem

269 5549 388 5588 aue.
419 5533 552 5588 illud
569 5551 664 5588 aue
693 5535 746 5588 in
764 5533 990 5588 vulgatis
1009 5535 1211 5588 deerat.

269 5549 388 5602 que.
419 5535 552 5588 lllud
569 5551 664 5606 que
693 5535 746 5590 in
764 5535 990 5602 vulgatis
1009 5535 1211 5589 deerat.

283 5671 311 5676 _
343 5601 537 5676 {Editi
575 5613 632 5658 et
652 5602 804 5676 Celb.
829 5605 1049 5676 primus,
1077 5604 1366 5658 natantium
1402 5605 1658 5676 cognatio.
1691 5605 1840 5676 Alter

269 5671 448 5735 Colb.,
489 5675 805 5729 nascentium
829 5671 962 5728 'cam
1003 5690 1137 5744 aqua
1180 5676 1433 5744 cognatio.
1465 5671 1630 5730 Vetus
1669 5675 1840 5730 codex

273 5751 475 5815 greater,
499 5745 789 5815 natantium
820 5759 938 5798 atm
971 5742 1104 5814 aqua
1130 5742 1369 5815 cognitio.
1401 5742 1529 5813 Qum
1581 5744 1839 5815 lectiones

272 5812 419 5870 latam
442 5812 654 5882 quidem
683 5823 808 5867 sunt
832 5812 1025 5868 omnes
1046 5831 1056 5862 :
1089 5812 1269 5868 sed'ex
1299 5816 1377 5868 eis
1407 5812 1582 5868 tamen
1606 5815 1655 5870 id
1682 5813 1835 5884 capi-

561 5905 828 5962 ΡΑτιιοι.
878 5903 1030 5962 Llll.

1957 4855 2078 4896 mus
2122 4838 2488 4904 emolumenti,
2539 4845 2598 4894 ut
2637 4838 2790 4893 facile
2838 4837 3196 4905 intelligamus
3244 4835 3527 4903 legendum

1949 4925 2092 4977 esse,
2124 4911 2414 4981 natantiam
2437 4925 2552 4962 cum
2579 4925 2712 4981 aqua
2741 4913 2997 4980 cognatio.
3034 4905 3243 4972 Gratcc,
3279 4915 3378 4963 τῶν
3410 4928 3527 4966 νηκ-

1949 4989 2050 5035 τῶν
2079 4985 2213 5054 ςρξς-
2236 4984 2293 5034 τὸ
2313 4979 2457 5054 ﬁdem
2484 4979 2794 5054 συγγένειαν.

2020 5059 2044 5088 ο
2075 5047 2238 5114 Editi,
2268 5047 2862 5120 aliud'cataligenorum.
2894 5047 3038 5108 Libri
3075 5055 3308 5111 veteres,
3336 5048 3528 5102 catuli-

1949 5135 2479 5255 gegoitigi'iveteres,
2509 5205 2595 5242 eos
2626 5195 2881 5243 asserunt.
2914 5188 3198 5255 Aliquanto
3227 5193 3350 5258 post
3374 5184 3524 5248 editi,

1945 5259 2132 5326 notitia
2158 5257 2433 5311 subtiliter.
2467 5257 2684 5326 Antiqui
2715 5258 2852 5320 libri,
2892 5260 3144 5314 notitiam.

2019 5338 2041 5365 ε
2071 5325 2227 5381 Colb.
2259 5328 2545 5395 secundus,
2579 5325 2835 5381 Indicum.

2023 5396 2040 5435 ί
2075 5397 2229 5469 Colb.
2259 5397 2542 5469 secundus,
2567 5400 2959 5469 manil'estarum
2979 5399 3217 5469 speciem.
3239 5395 3528 5469 Aliquanto

1946 5476 2069 5538 post
2096 5467 2250 5538 editi,
2280 5466 2504 5538 videmus
2531 5478 2582 5522 et
2610 5466 2773 5522 boves.
2817 5468 2960 5524 Libri
2987 5466 3198 5538 veteres
3222 5475 3284 5538 ut
3311 5466 3364 5520 in
3393 5479 3528 5538 con-

1947 5534 2117 5592 textu.
2167 5536 2404 5591 Subinde
2447 5537 2593 5604 editi,
2635 5547 2820 5606 prwler
2849 5553 3105 5593 scaurum.
3139 5536 3290 5591 Colb.
3324 5534 3528 5604 primus

1947 5607 2115 5680 prima
2138 5621 2332 5680 manu,
2360 5615 2546 5680 prater
2565 5625 2769 5663 scarum
2790 5625 2808 5660 :
2831 5624 2951 5680 quas
2964 5609 3253 5680 scriptura,
3276 5620 3395 5680 cum
3423 5618 3527 5675 op-

1946 5675 2075 5748 sima
2107 5677 2195 5741 sit,
2225 5690 2332 5730 non
2352 5675 2614 5748 debuerat
2638 5675 2905 5748 corrumpi
2927 5678 2994 5731 ab
3015 5678 3262 5746 imperito
3287 5677 3527 5735 librario.

1945 5749 2036 5813 qui
2066 5747 2246 5816 inepte
2284 5747 2519 5814 scripsit,
2547 5763 2832 5802 ascani-um.
2870 5747 3073 5810 Graece,
3104 5753 3146 5802 αἱ
3177 5754 3246 5815 μὴ
3278 5751 3364 5802 τὸν
3403 5751 3531 5800 σχά-

1948 5836 2051 5888 ρον.
2077 5815 2191 5872 Hoc
2218 5817 2336 5886 ipso
2365 5816 2415 5870 in
2447 5816 2566 5872 loco
2594 5833 2717 5872 mss.
2743 5816 2868 5881 duo,
2899 5817 3106 5888 quidam
3133 5818 3488 5888 prodiderunt.

3183 5910 3260 5965 ἶῘο
