3964 6178
1676 328 1704 347 κ

274 394 373 457 illi

1231 396 1622 456 ΙΙΕΧΑΕΜΕΒΙ
1666 401 2139 457 METAPlliiASlS
2181 401 2380 456 LIBER
2420 393 2529 456 ΥΠ.

3436 395 3541 460 9η

275 516 376 570 sibi
407 513 549 568 datis
577 528 606 567 a
638 521 845 576 natura,
876 513 1021 568 velut
1056 512 1108 568 in
1145 514 1453 582 regionibus
1488 523 1747 568 terrarum
1781 514 1856 568 la-
1885 526 1931 578 Α
1958 512 2293 567 succedentis
2337 511 2544 567 hiberni
2586 513 2843 579 deterriti,
2880 513 2933 567 in
2969 505 3159 569 altiori
3202 517 3362 569 maris
3401 516 3540 582 loca,

276 619 390 659 rem
420 604 696 672 proprium
731 604 966 659 incolere
1003 612 1287 671 coguntur.
1325 602 1469 657 Certi
1507 619 1635 657 sane
1665 605 1856 672 pisces,

275 694 430 763 quasi
458 694 729 749 communi
758 693 990 764 quodam
1014 694 1235 749 decreto
1258 694 1472 753 civium.
1497 694 1564 748 ad
1593 696 1862 749 exteriora

275 785 487 847 directi,
522 784 761 838 laborem
806 784 1252 854 peregrinationis
1290 785 1571 853 arripiunt,
1602 784 1864 855 simulque

275 889 468 928 omnes
511 883 764 943 tanquam
804 876 958 942 signo
994 875 1122 929 dato
1150 875 1219 928 ad
1247 875 1532 943 longinqua
1561 876 1862 930 discedunt.

275 965 414 1019 Nam
444 980 567 1019 cum
596 964 797 1020 fetandi
825 967 1047 1035 cmperit
1077 974 1287 1036 tempus
1317 967 1513 1034 vigere,
1544 967 1632 1021 alii
1663 972 1728 1021 ex
1757 967 1865 1021 alio

275 1057 420 1121 sinu,
459 1066 665 1111 natura:
706 1057 910 1126 legibus
955 1057 1196 1125 excitati,
1225 1056 1610 1126 profectionem
1642 1073 1765 1111 mox
1798 1056 1864 1110 ad

278 1158 463 1220 partes
489 1150 663 1218 pelagi
694 1148 934 1203 Borealis
955 1148 1258 1203 intendunt.
1289 1147 1435 1213 Quos
1465 1148 1515 1201 in
1548 1147 1864 1202 revertendo

207 1285 211 1288 .
278 1256 405 1297 cum
438 1239 638 1294 videris
670 1239 983 1293 densissima
1012 1237 1398 1305 glomeratione
1425 1246 1721 1301 consertes,
1753 1245 1866 1290 tor-

278 1342 492 1387 rentem
529 1331 971 1386 violentissimum
1011 1329 1224 1399 putabis
1265 1326 1507 1391 ellluere,
1539 1342 1639 1396 per
1668 1337 1691 1365 ⁸
1731 1326 1867 1382 Pro-

281 1423 521 1493 pontidis
550 1422 717 1486 littus,
753 1421 819 1474 ad
850 1434 996 1474 mare
1024 1425 1388 1474 commeantes
1421 1416 1705 1472 Euxinum.
1735 1417 1867 1483 Quis

282 1516 445 1583 igitur
468 1528 564 1567 eos
591 1513 862 1580 exagitat?
889 1526 1007 1580 quas
1045 1510 1357 1579 imperantis
1398 1510 1721 1575 auctoritas?
1748 1525 1868 1579 qua:

280 1607 461 1661 edicta
505 1603 781 1675 proposita
830 1608 1090 1655 statutum
1135 1601 1238 1653 illis
1275 1608 1486 1668 tempus
1516 1600 1867 1653 annuntiaut?

280 1699 375 1767 qui
421 1704 548 1751 sunt
583 1694 750 1748 duces
787 1693 1012 1748 eorum?
1057 1692 1247 1746 Nonne
1288 1690 1433 1744 vides
1474 1690 1866 1744 ordinationem

280 1789 517 1842 divinam
548 1793 739 1839 cuncta
768 1783 1126 1852 complentem
1157 1791 1212 1835 et
1238 1796 1335 1850 per
1364 1781 1479 1835 haec
1506 1783 1667 1835 etiam
1701 1797 1864 1852 parva

1965 620 2082 673 quae
2111 613 2233 658 sunt
2263 605 2653 673 tranquilliora,
2675 620 2733 660 se
2762 603 3063 660 conferunt.

2037 696 2091 751 5.
2130 696 2380 767 Spectavi
2410 684 2521 751 inec
2543 712 2642 764 ego
2665 706 2719 751 et
2738 697 3029 752 admiratus
3056 713 3169 752 sum
3200 697 3292 751 Dei
3322 698 3530 766 sapien-

1967 788 2118 852 tiam,
2145 788 2268 857 quia
2312 787 2704 842 i-rrationabiles
2731 789 3052 855 animantes,
3097 788 3327 857 provida:
3356 797 3534 843 custo-

1969 880 2172 950 desque
2200 879 2386 933 salutis
2431 878 2698 933 habentur
2725 880 2971 949 preptite,
3004 887 3060 934 ct
3099 880 3391 947 intelligunt
3414 878 3542 949 quid

1965 970 2066 1025 sibi
2095 972 2164 1024 sit
2189 970 2534 1035 conveniens,
2566 969 2692 1038 quid
2721 971 3022 1024 adversum.
3051 970 3158 1025 Nos
3188 970 3345 1038 igitur
3368 980 3390 1006 ε
3411 968 3540 1040 quid

1967 1061 2223 1123 dicemus,
2253 1061 2344 1129 qui
2373 1062 2581 1114 ratione
2609 1076 2794 1115 sumus
2839 1060 3131 1118 honestati.
3174 1060 3565 1130 promissioni-.

1969 1151 2068 1205 bus
2094 1149 2324 1213 invitati,
2358 1150 2670 1223 spiritaliter
2689 1149 2911 1215 eruditi,
2944 1151 3174 1219 pi>CilJUS
3204 1149 3542 1203 irrationabi—

1968 1241 2071 1296 lius
2088 1249 2271 1295 nostra
2297 1241 2507 1309 negotia
2537 1241 2913 1310 disponentes?
2944 1240 3088 1296 Licet
3112 1242 3211 1295 illis
3236 1243 3394 1296 etiam
3425 1250 3540 1295 stu-

1968 1331 2112 1384 dium
2148 1332 2216 1385 sit
2243 1331 2478 1384 scientiae
2526 1330 2843 1385 futurorum.
2877 1331 2984 1386 Nos
3024 1340 3200 1386 autem
3230 1332 3542 1386 inﬁdelitate

1966 1420 2129 1473 futuri
2156 1421 2331 1475 seculi
2357 1420 2654 1489 depravati,
2684 1427 2920 1475 nostram
2951 1422 3110 1475 vitam
3140 1436 3235 1491 per
3261 1430 3412 1477 actus
3440 1424 3539 1479 fce-

1968 1512 2236 1575 dissimos,
2270 1520 2322 1565 et
2370 1510 2579 1565 iliiritas
2626 1513 2927 1581 voiuptates
2966 1512 3329 1581 expendimus.
3363 1511 3544 1568 Pisces

1971 1601 2130 1667 igitur
2159 1606 2237 1653 tot
2282 1600 2447 1654 maris
2494 1601 2768 1656 intervalla
2821 1610 3219 1668 transcurrunt,
3253 1612 3310 1657 ut
3338 1606 3545 1674 possint

1971 1693 2210 1746 invenire
2233 1692 2374 1761 quod
2398 1693 2526 1746 utile
2556 1701 2658 1746 est.
2690 1693 2826 1759 Quid
2857 1695 3070 1749 tandem
3115 1704 3169 1749 tu
3196 1696 3433 1752 dicturus
3463 1713 3542 1762 es,

1969 1781 2172 1834 habens
2193 1768 2675 1834 coluerentem'tihi
2705 1782 2980 1846 desidiam,
3000 1798 3116 1852 quae
3140 1786 3386 1853 nequitia:
3406 1787 3545 1855 prin-

287 1885 311 1918 l'
338 1878 623 1934 ditiusam?
665 1876 846 1947 Pisces
872 1875 1032 1943 igitur
1059 1874 1155 1929 Dei
1177 1872 1383 1941 legibus
1410 1887 1516 1927 non
1548 1882 1863 1941 repugnant,
1900 1883 1943 1941 Β
1972 1886 2100 1940 ceps
2128 1874 2246 1924 est?
2277 1870 2460 1923 Nullus
2492 1872 2651 1936 igitur
2678 1871 2745 1926 de
2775 1872 3108 1940 ignoratione
3130 1884 3377 1929 causatur
3406 1894 3417 1927 :
3452 1893 3546 1930 ra-

281 1983 337 2027 et
378 1971 626 2027 homines
655 1967 871 2022 minime
913 1966 1209 2021 doctrinam
1252 1965 1517 2034 recipiunt
1554 1965 1861 2018 salutarem.

287 2064 400 2116 Non
424 2073 650 2130 spernas
677 2058 873 2127 pisces,
900 2056 1024 2124 quia
1054 2056 1186 2109 muti
1217 2065 1341 2109 sunt
1367 2061 1422 2109 et
1454 2054 1863 2121 irrationabiles,

282 2153 378 2207 sed
407 2164 595 2205 verere
615 2148 797 2218 potius
820 2162 886 2200 ne
901 2155 955 2200 et
972 2146 1074 2198 illis
1093 2156 1114 2185 ε
1132 2145 1546 2199 irrationabilior
1568 2146 1865 2213 aestimeris,
1902 2207 1908 2219 '

282 2241 731 2314 pi-arceptionibus
759 2236 1031 2292 Creatoris
1068 2236 1355 2292 obsistens.
1389 2235 1642 2291 Auscuita
1671 2237 1865 2306 pisces,

285 2337 372 2403 qui
419 2343 627 2387 tantum
666 2331 813 2401 quod
857 2344 1046 2385 vocem
1087 2344 1193 2383 non
1231 2328 1501 2393 emittunt,
1548 2343 1668 2382 nam
1709 2330 1870 2383 certis

285 2424 760 2495 s‘gnilicationibus
802 2421 898 2475 fari
945 2421 1209 2487 videntur,
1238 2421 1361 2489 quia
1400 2427 1623 2490 propter
1651 2420 1871 2473 immor~

288 2520 547 2573 talitatem
568 2516 780 2583 generis
806 2511 1213 2567 desiderabilem
1242 2511 1725 2581 peregrinationem
1746 2509 1872 2565 sub-

288 2610 366 2663 ire
392 2613 674 2673 coguntur.
724 2602 790 2657 lli
834 2617 941 2657 non
981 2609 1203 2655 utuntur
1246 2600 1358 2655 suis
1391 2600 1750 2665 sermonibus,
1773 2599 1870 2655 sed

287 2698 488 2752 habent
526 2696 698 2763 legem
729 2701 932 2746 naturas
960 2690 1169 2746 fortiter
1198 2691 1301 2745 illis
1329 2691 1638 2752 haerentem,
1666 2698 1724 2744 et
1752 2704 1870 2759 quae

286 2795 411 2843 sunt
436 2784 640 2854 agenda
668 2783 1142 2838 demoustrantem.
1177 2778 1490 2849 Pergamus,
1513 2781 1776 2849 inquiunt,
1804 2780 1872 2836 ad

289 2876 541 2931 Borinum
564 2873 804 2943 pelagus,
833 2872 1037 2927 dulcior
1055 2872 1198 2925 enim
1231 2871 1438 2926 caeteris
1467 2872 1772 2941 aequoribus
1791 2880 1875 2928 est

287 2967 406 3034 ejus
434 2980 599 3034 aqua,
631 2964 888 3032 quoniam
918 2962 1068 3016 brevi
1099 2969 1343 3032 tempore
1376 2962 1459 3015 sol
1495 2961 1691 3017 ibidem
1719 2977 1868 3018 com-

289 3064 549 3119 moratus,
580 3072 689 3111 non
717 3063 858 3109 totas
887 3054 1100 3123 penitus
1127 3051 1295 3108 radiis
1332 3053 1598 3123 potabiles
1623 3053 1874 3108 exhaurit

291 3162 478 3219 aquas.
508 3145 640 3199 Nam
669 3144 997 3200 dulcioribus
1026 3143 1179 3212 aquis
1205 3143 1366 3197 etiam
1396 3144 1601 3197 marina
1622 3144 1871 3198 animalia

1969 1962 2154 2016 turalis
2176 1962 2316 2016 enim
2344 1963 2494 2015 nobis
2526 1963 2679 2017 insita
2704 1971 2787 2017 est
2810 1964 2964 2029 ratio,
2996 1965 3080 2018 vel
3108 1966 3157 2019 in
3188 1968 3542 2037 appetendam

1966 2052 2229 2107 bonorum
2258 2053 2691 2118 familiaritatem,
2708 2053 2790 2107 vel
2806 2054 2859 2107 in
2876 2053 3242 2110 declinandam
3264 2059 3543 2113 noxiorum

1968 2143 2443 2213 laesionemJtaque
2460 2155 2566 2195 non
2586 2144 2833 2199 recedam
2858 2144 2924 2199 ab
2937 2145 3197 2216 exemplis
3224 2143 3535 2199 animalium

1967 2236 2323 2297 marinorum;
2354 2250 2607 2304 quoniam
2647 2236 2757 2289 hmo
2786 2236 2940 2289 nobis
2978 2237 3220 2307 exempla
3264 2240 3545 2308 proposui-

1966 2343 2088 2382 mus
2113 2326 2490 2382 examinanda.
2541 2326 2729 2380 Audivi
2759 2342 2858 2395 ego
2886 2329 3172 2396 quemdam
3218 2329 3284 2383 de
3322 2329 3546 2384 ἤπιοι-εἱς

1971 2417 2360 2473 habitatoribus
2406 2416 2729 2472 referentem
2771 2419 2895 2488 quia
2942 2420 3241 2475 maritimus
3288 2422 3543 2482 echinus.

1969 2524 2089 2563 cum
2121 2509 2191 2563 sit
2212 2508 2497 2563 vilissimus
2525 2523 2588 2563 ac
2614 2510 2891 2579 sprebilis,
2938 2509 2997 2563 ﬁt
3036 2510 3195 2565 index
3225 2526 3366 2583 szepe
3396 2512 3545 2567 navi—

1968 2600 2215 2668 gantibus
2236 2598 2425 2655 futura:
2445 2600 2746 2655 serenitatis
2761 2611 2848 2654 aut
2877 2601 3087 2678 hiemis.
3110 2602 3241 2657 Nam
3266 2620 3387 2658 cum
3412 2620 3548 2675 pne-

1969 2692 2200 2745 senserit
2229 2688 2384 2744 llatus
2406 2690 2682 2744 imminere
2706 2700 2985 2746 ventorum
3005 2734 3018 2759 ,
3043 2692 3139 2746 sub
3170 2694 3342 2766 lapide
3372 2712 3427 2750 se
3450 2698 3550 2750 col-

1968 2780 2131 2846 locat,
2159 2796 2266 2851 qno
2288 2782 2435 2835 velut
2484 2780 2501 2818 ί
2549 2782 2797 2837 anchorre
2828 2783 2986 2838 dente
3020 2785 3296 2848 subnixus,
3330 2803 3552 2856 quassa.

1971 2875 2173 2929 tionem
2216 2876 2550 2945 tempestatis
2600 2876 2783 2931 evitet.
2839 2872 3153 2945 Patiturque
3206 2893 3264 2933 se
3294 2879 3552 2951 tantiSper

1971 2964 2198 3033 deprimi
2221 2963 2459 3033 pondere
2488 2965 2828 3033 superposito
2846 3007 2859 3029 ,
2890 2965 3180 3022 diunmodo
3205 2985 3307 3022 non
3326 2967 3554 3038 jactctur

1974 3071 2002 3108 a
2031 3053 2296 3109 ﬂuctibus.
2327 3053 2443 3109 lioe
2463 3070 2582 3109 cum
2613 3054 2846 3110 viderint
2886 3056 3091 3125 signum
3130 3058 3356 3128 nautici,
3387 3060 3555 3115 sciunt

1974 3161 2101 3199 mox
2133 3152 2415 3199 ventorum
2446 3143 2714 3199 fremitum
2746 3147 3145 3203 concitandum.
3178 3147 3243 3203 Et
3264 3159 3408 3206 certe
3440 3151 3557 3205 nui-

292 3238 661 3299 delectantur;
689 3234 830 3289 unde
860 3233 1044 3304 procul
1091 3247 1120 3286 a
1162 3233 1351 3301 pelago
1379 3232 1658 3293 venientes
1703 3232 1875 3301 pisces
1905 3236 1950 3298 Ε
1980 3234 2064 3287 lus
2108 3233 2428 3301 astrologus,
2459 3240 2550 3287 aut
2577 3231 2860 3288 Cbaldmus
2886 3243 3006 3289 ortu
3041 3238 3273 3293 siderum
3305 3241 3559 3311 colligens

292 3342 390 3397 per
433 3326 624 3380 ﬂuvios
676 3340 817 3394 saepe
866 3332 1157 3380 cernuntur
1211 3322 1521 3381 ascendere.
1580 3321 1875 3393 Propterea

292 3427 518 3489 pontum
564 3418 815 3473 libentius
854 3423 1113 3486 expetunt
1159 3431 1319 3486 quam
1364 3415 1512 3471 sinus
1560 3416 1712 3477 alios,
1751 3417 1874 3484 quia

293 3510 467 3579 magis
494 3499 829 3578 opportunus
861 3515 945 3565 est
972 3507 1051 3561 eis
1083 3506 1148 3561 ad
1178 3506 1440 3562 edendam
1487 3505 1876 3576 fovendamque

291 3603 628 3675 progeniem.
653 3600 753 3667 Qui
776 3616 894 3654 cum
918 3598 1244 3654 sufficienter
1264 3597 1530 3652 destinata
1553 3613 1763 3668 peraget
1780 3600 1877 3661 int,

293 3694 611 3751 catervatim
640 3694 815 3748 cuncti
847 3692 1005 3747 simul
1026 3698 1368 3746 revertuntur
1393 3691 1457 3745 ad
1487 3692 1722 3761 propria.
1749 3690 1878 3756 Quae

294 3794 477 3841 autem
523 3784 665 3839 ratio
709 3782 797 3848 sit,
829 3798 858 3836 a
887 3779 912 3819 ά
945 3780 1123 3837 tacitis
1158 3781 1453 3836 audiamus.
1496 3779 1632 3848 Quia
1678 3781 1878 3837 humile

294 3878 550 3934 videlicet
567 3884 651 3932 est
676 3875 933 3931 Arctoum
965 3874 1183 3945 pelagus
1211 3881 1267 3928 et
1295 3873 1576 3934 devexum.
1601 3880 1655 3927 et
1680 3873 1750 3927 ob
1779 3874 1880 3927 hoc

294 3967 600 4040 expositum
626 3965 893 4022 violentiae
921 3964 1377 4035 commotionique
1396 3972 1674 4019 ventorum
1702 3982 1712 4016 :
1737 3963 1879 4033 quod

294 4059 707 4131 tempestatibus
734 4056 956 4121 exortis,
983 4055 1050 4110 ab
1072 4056 1179 4110 imo
1207 4055 1370 4110 fundo
1398 4056 1719 4121 concutitur,
1745 4056 1881 4109 adeo

294 4162 358 4211 ut
383 4168 546 4209 arena
574 4151 796 4206 inferior
834 4164 1216 4219 nonnunquam
1256 4149 1478 4203 summis
1504 4147 1750 4223 ﬂuetibus
1777 4148 1879 4201 mi-

292 4254 533 4303 secatur.
561 4242 666 4299 Sed
695 4248 752 4297 et
788 4239 1037 4309 frigidum
1078 4239 1235 4293 nimis
1263 4247 1347 4293 est
1371 4238 1587 4292 hiemali
1613 4246 1875 4307 tempore,

293 4351 357 4396 ut
376 4348 508 4411 pote
550 4337 731 4392 multis
770 4350 834 4390 ac
876 4332 1123 4387 maximis
1152 4332 1396 4387 amnibus
1439 4331 1718 4400 repletum.
1762 4328 1879 4396 Quo

292 4448 417 4488 cum
447 4429 644 4485 fuerint
670 4426 870 4481 mstivis
888 4424 1043 4493 potiti
1066 4423 1356 4488 mensibus,
1386 4438 1571 4477 rursus
1590 4422 1881 4492 asperitate

368 4576 394 4604 ι
427 4562 644 4631 Antiqui
673 4560 778 4614 duo
807 4558 945 4631 libri,

292 4624 726 4709 per_P_rop_ontide
754 4630 914 4709 littus:
938 4624 1077 4709 Ediii
1107 4633 1164 4709 ut
1191 4626 1243 4709 in
1265 4624 1720 4709 .contextu.nSatis
1748 4625 1874 4709 mihi

293 4693 587 4761 verisimile
627 4701 686 4753 tit
723 4700 1001 4769 scripsisse
1039 4694 1371 4751 Eustathium
1412 4711 1503 4769 per
1544 4693 1879 4769 Propontida:

293 4778 438 4831 littus
466 4791 483 4827 :
509 4771 602 4827 sed
630 4778 720 4824 aut
753 4764 998 4824 librarios
1028 4775 1129 4846 _aut
1177 4765 1540 4887 tyIpographos
1574 4764 1651 4818 ita
1690 4780 1875 4845 corre-

294 4847 458 4887 εῑςςρ-
486 4843 561 4887 nti
594 4842 646 4887 in
678 4838 902 4887 minatis
940 4837 1180 4887 legimus.
1267 4835 1317 4887 bi
1346 4834 1508 4887 paulo
1530 4842 1656 4887 ante
1684 4834 1875 4887 legitur

294 4847 459 4905 xisse,
486 4843 563 4895 uti
594 4842 647 4894 in
678 4838 902 4906 vulgatis
940 4836 1180 4903 legimus.
1216 4834 1317 4906 Ubi
1346 4834 1508 4906 paulo
1530 4842 1656 4906 ante
1684 4834 1877 4906 legitur

291 4904 670 4987 glomeratione
690 4904 968 4987 consertes,
997 4905 1254 4987 scriptum
1278 4905 1575 4959 invenimus
1595 4904 1648 4959 in
1667 4904 1877 4959 duobus

292 4922 670 4987 glomeratione
690 4922 968 4971 consertes,
997 4922 1100 4960 seri
1144 4922 1254 4959 tum

292 4985 573 5042 codicibus
599 4979 965 5049 glomeratione
991 4922 1267 5049 contiguos.

368 5054 395 5092 ιι
428 5041 828 5116 Ειιὶιί,’‹1ἱῇάδα.
861 5047 930 5099 At
950 5041 1117 5116 nostri
1142 5052 1249 5097 tres
1276 5059 1428 5109 mss.,
1451 5041 1879 5113 diﬁusamﬁrre-

290 5139 380 5185 ce,
412 5128 496 5177 καὶ
522 5114 607 5176 διὰ
634 5114 733 5174 τῶν
761 5120 1069 5190 papas-dirui?
1094 5114 1386 5190 dtozouaav.

372 5181 394 5230 ἒ
424 5190 607 5246 Codex
637 5181 820 5244 noster
848 5181 912 5240 'et
950 5184 1101 5239 Colb.
1140 5185 1370 5254 primus
1390 5181 1616 5254 perinde
1641 5190 1697 5236 ut
1724 5182 1873 5254 editi,

291 5260 709 5319 irrationabitior
744 5255 1034 5315 tutimeris.
1077 5253 1226 5307 Alter
1260 5252 1436 5313 Colb.,
1467 5252 1878 5307 irrationabitior

288 5333 556 5388 exstiteris
581 5347 598 5384 :
628 5327 772 5396 quod
792 5340 1111 5396 expressum
1137 5331 1227 5396 est
1255 5323 1320 5396 ad
1352 5323 1571 5396 verbum
1595 5336 1629 5396 _e
1657 5319 1874 5396 (ξιτψ-οἰδ,

294 5390 732 5477 atqui-rimi}?
781 5390 976 5477 Statim
1020 5393 1451 5477 e.liti,‘einittaut.
1488 5390 1871 5477 Antiqluillibr‘i,

294 5455 557 5527 animi}.
589 5455 797 5524 ibidem
826 5466 932 5520 duo
968 5479 1118 5534 mss,
1156 5455 1314 5534 fateri
1354 5462 1605 5534 uidentur.
1629 5455 1877 5517 'Subinde

292 5544 448 5603 editi,
480 5537 984 5596 demonstrationem.
1015 5533 1084 5587 At
1113 5532 1733 5603 mss.,kmonstratioueni.

369 5611 395 5649 (³
427 5599 581 5686 illud,
609 5613 752 5686 παρςξ
778 5616 874 5686 ςῶν
902 5609 1228 5686 σιῳπὼνπων,
1258 5600 1562 5686 Eustathius
1592 5604 1664 5656 ita
1691 5599 1879 5686 Laliiie

297 5671 615 5747 reddiditfa
650 5671 819 5737 dicitis
848 5693 866 5730 :
895 5674 988 5747 sed
1015 5673 1214 5738 malim,
1248 5690 1281 5727 α
1311 5672 1609 5747 tacentibus,
1642 5690 1675 5727 a
1702 5671 1873 5747 mutis.

298 5752 379 5806 Ita
410 5743 570 5807 habet
589 5750 743 5809 Colb.
765 5745 1047 5807 secundus,
1070 5760 1183 5815 que
1202 5753 1371 5815 autem
1398 5746 1530 5815 ratio
1550 5745 1616 5797 sit
1635 5743 1877 5815 attentius

300 5821 596 5876 audiamus.
629 5819 735 5876 Sed
762 5815 979 5873 credere
1008 5811 1103 5879 par
1131 5822 1212 5868 est
1240 5813 1513 5883 librarium
1543 5828 1605 5867 ea
1636 5827 1753 5885 qure
1778 5811 1873 5863 ha-

1976 3327 2116 3381 aeris
2143 3325 2479 3395 qualitatem,
2516 3325 2699 3381 docuit
2727 3325 2978 3381 cebiuum
3005 3346 3015 3378 :
3049 3327 3142 3382 sed
3164 3331 3324 3385 maris
3355 3340 3559 3402 tempe-

1976 3426 2279 3491 statumque
2307 3414 2562 3473 Dominus
2582 3416 2707 3472 huic
2735 3432 2948 3488 quoque
2970 3418 3187 3473 animali
3215 3421 3429 3488 exiguo,
3455 3440 3558 3477 tua.

1977 3509 2181 3579 gniﬁcm
2202 3509 2481 3579 sapientiae
2507 3523 2616 3564 sua:
2651 3506 2931 3563 manifesta
2963 3509 3181 3579 vestigia
3203 3511 3447 3579 signavit.
3482 3512 3557 3568 Ita

1982 3601 2110 3655 nihil
2138 3599 2512 3671 improvidum,
2530 3598 2658 3654 nihil
2675 3600 3086 3669 praetermissqu
3103 3608 3186 3655 est
3206 3600 3344 3672 apud
3366 3601 3554 3658 Deum:

1978 3698 2170 3747 cuncta
2200 3691 2341 3747 enim
2365 3690 2671 3760 speculatur
2700 3690 2885 3745 oculus
2918 3689 3006 3744 ille
3034 3690 3315 3761 insopitus,
3349 3702 3403 3748 et
3441 3710 3559 3749 om—

1980 3784 2137 3839 nibus
2181 3792 2378 3852 praesto
2424 3791 2536 3844 est,
2593 3782 2829 3837 remedia
2859 3782 3046 3837 salutis
3081 3783 3323 3854 portans.
3373 3784 3475 3852 Qui
3515 3787 3560 3840 si

1980 3874 2228 3929 echinum
2271 3888 2382 3928 suae
2406 3872 2728 3928 visitationis
2754 3888 2861 3927 non
2890 3872 3106 3944 reliquit
3134 3882 3405 3931 exsortem
3439 3893 3451 3927 :
3485 3884 3556 3937 te.

1982 3973 2178 4036 tuaque
2217 3981 2250 4020 ο
2286 3965 2451 4021 homo
2499 3980 2606 4019 non
2652 3964 2938 4035 respiciet?
2979 3962 3110 4027 Viri,
3130 3964 3330 4039 diligite
3369 3975 3561 4021 uestras

1982 4057 2223 4129 conjugee
2248 4053 2473 4126 (Ephes.
2498 4071 2548 4118 v,
2565 4048 2685 4123 25).
2700 4053 2851 4120 Quod
2873 4053 2972 4107 etsi
2995 4060 3261 4112 terrarum
3283 4054 3561 4127 interjecta

1984 4146 2262 4219 prolixitas
2288 4144 2591 4212 disjungere
2625 4158 2720 4197 vos
2748 4143 2812 4197 ad
2842 4151 3051 4211 tempus
3088 4142 3229 4199 forte
3274 4144 3561 4210 videbitur,

1986 4245 2188 4292 natura:
2218 4245 2394 4289 tamen
2425 4234 2615 4299 foedus,
2643 4242 2698 4289 et
2726 4233 3112 4290 benedictionis
3141 4235 3329 4304 iugum
3367 4236 3438 4292 sit
3465 4254 3563 4292 vo-

1984 4331 2069 4385 bis
2094 4330 2383 4384 indiscreta
2428 4326 2754 4398 conjunctio.
2788 4326 2983 4397 Vipera
3012 4343 3135 4385 cum
3181 4330 3252 4386 sit
3276 4331 3564 4387 saevissima

1984 4419 2333 4491 serpentium,
2356 4420 2531 4488 pergit
2556 4417 2621 4472 ad
2652 4419 2978 4474 connubium
3001 4432 3268 4487 murteam,
3291 4422 3565 4492 sibilisgue

1031 4572 1086 4609 er
1130 4554 1466 4623 Propontida
1506 4556 1666 4609 littus.
1705 4553 1874 4618 Alius,
1906 4555 1952 4615 D
1980 4555 2141 4608 bebat
2177 4553 2500 4623 exemplaria
2544 4560 2786 4608 secutum
2835 4567 2940 4606 non
2989 4569 3136 4621 esse,
3184 4556 3277 4611 sed
3302 4558 3560 4614 nonnihil

1985 4633 2222 4677 mutasse
2251 4622 2319 4675 de
2343 4639 2471 4693 suo:
2505 4623 2555 4676 id
2583 4623 2726 4693 quod
2754 4623 2982 4693 videtur,
3011 4632 3071 4679 ut
3092 4625 3204 4693 jam
3237 4629 3435 4685 notavi.
3465 4631 3564 4683 ali-

1980 4694 2173 4763 quibus
2204 4693 2333 4749 locis
2362 4692 2567 4763 fecisse.
2604 4692 2769 4763 Paulo
2793 4701 2911 4761 post
2932 4692 3083 4750 Colb.
3114 4695 3382 4750 secundus
3401 4698 3563 4755 habet

1982 4761 2035 4817 in
2063 4770 2318 4837 contextu
2346 4761 2409 4837 ab
2441 4764 2544 4837 into
2574 4761 2733 4837 [unde
2762 4765 3078 4837 concitatur;
3107 4764 3201 4837 sed
3242 4768 3320 4822 sic
3360 4774 3561 4837 tainen,

1982 4844 2037 4888 ut
2066 4835 2331 4900 vulgatam
2358 4832 2640 4886 lectionem
2665 4832 2715 4885 in
2743 4832 2983 4899 margine
3010 4832 3274 4900 prtefrrat.

2054 4915 2078 4943 ο
2118 4902 2276 4965 Editi,
2308 4901 2432 4969 quid
2455 4902 2707 4955 dicimus?
2737 4902 2951 4968 Antiqui
2972 4902 3077 4957 duo
3106 4904 3247 4968 libri,
3270 4906 3393 4969 quid
3418 4908 3561 4963 dice-

1978 4973 2128 5028 mus?
2154 4972 2346 5026 Statim
2369 4970 2768 5041 editiipiscibus
2788 4971 3249 5041 irrationabilibus.
3283 4970 3448 5033 Vetus
3474 4993 3563 5032 co-

1982 5045 2085 5098 dex
2126 5051 2310 5098 noster
2354 5055 2475 5093 cum
2500 5039 2652 5094 Colb.
2685 5040 2939 5105 secundo,
2970 5042 3191 5108 piscibus
3221 5044 3557 5101 irrationabi-

1982 5113 2081 5167 liur
2105 5129 2121 5166 :
2143 5109 2288 5181 quod
2316 5110 2494 5163 verius
2522 5110 2817 5177 meliusque
2849 5110 3192 5181 arbitramur,
3217 5114 3287 5168 ob
3312 5116 3437 5171 illud
3466 5116 3562 5170 Ba-

1978 5182 2105 5254 silii,
2134 5178 2230 5236 et»;
2252 5182 2450 5254 ἐχρύων
2479 5182 2804 5254 ᾲξηγὼτερθν.
2848 5178 2953 5234 Nec
2982 5182 3055 5235 ita
3083 5178 3251 5238 multo
3278 5194 3399 5254 post
3426 5202 3558 5242 mss.

1980 5253 2108 5317 duo,
2137 5251 2330 5303 renturi
2350 5249 2545 5303 steculi.

2056 5321 2075 5359 ί
2118 5319 2257 5373 Editi
2282 5328 2337 5374 et
2364 5318 2517 5373 Colb.
2542 5318 2763 5386 primus,
2791 5319 2924 5374 velut
2948 5321 3189 5376 anchora
3214 5321 3387 5377 dente.
3410 5324 3560 5379 Alter

1976 5389 2163 5460 Colb.,
2192 5389 2325 5443 velut
2348 5389 2601 5460 anchoreo
2630 5387 2798 5444 dente.
2830 5389 3013 5445 Codex
3060 5399 3274 5457 noster,
3305 5392 3436 5448 velut
3463 5412 3560 5449 uu-

1978 5457 2353 5515 cltora'edeute.
2387 5457 2621 5525 Quarum
2666 5459 2955 5521 lectionum
2994 5474 3113 5528 (iure
3140 5461 3317 5528 aptior
3343 5465 3413 5516 sit
3442 5480 3557 5518 ma-

1978 5532 2164 5600 gisque
2201 5529 2390 5585 idonea
2412 5529 2589 5604 dicere
2609 5537 2726 5584 non
2749 5545 2920 5604 queo;
2946 5545 3064 5583 cum
3091 5544 3375 5604 omnese):
3403 5549 3559 5604 aequo

1982 5598 2246 5680 corrupta:
2272 5612 2397 5680 esse
2422 5598 2704 5680 videantur
2735 5598 2908 5680 :iilutl
2934 5607 3108 5653 tamen
3134 5598 3350 5678 _Basiiii,
3376 5598 3557 5680 ⁸«ἵκει-ξαρ

1981 5671 2062 5739 ἐπ’
2106 5674 2330 5739 ἀγκύρας
2370 5669 2602 5739 βεϐαίας.
2635 5669 2757 5722 dmn
2799 5671 2965 5734 lego,
2999 5668 3243 5739 suspicor
3282 5668 3562 5739 scripsisse

1981 5738 2320 5794 Eustathium
2360 5738 2490 5793 velut
2520 5739 2751 5793 anc/tera
2777 5746 2965 5805 stante,
2986 5738 3063 5794 sic
3085 5746 3141 5793 ut
3166 5750 3313 5796 stans
3343 5738 3481 5799 idem
3510 5748 3562 5798 ei

1980 5808 2141 5863 fuerit
2171 5808 2309 5878 quod
2337 5807 2557 5862 stabilis.
