3964 6178
429 406 442 415 ’
469 413 569 466 ΝΞ

1901 419 2257 473 EESTATNH

3601 417 3729 480 "933

472 531 772 597 signiﬁcans
792 546 848 585 se
880 532 1104 598 venisse,
1131 541 1388 602 provocat
1409 547 1527 588 eam
1547 531 1612 584 de
1639 529 1902 599 profundo
1923 545 2036 583 ma-
2067 536 2108 587 Α
2140 530 2284 584 circo
2307 542 2554 596 maguum
2577 529 2787 594 dicitur,
2814 531 2908 585 sed
2939 532 3064 599 quia
3091 530 3429 586 immanitate
3448 538 3727 588 membro-

471 625 560 684 τίς,
585 621 649 676 ad
669 623 998 678 consortium
1028 623 1263 693 nuptiale
1292 623 1602 693 procedere,
1620 636 1736 690 quae
1762 636 1887 674 mox
1913 620 2046 675 obe-

472 718 623 770 diens
649 717 932 786 copulatur
960 718 1028 772 ei.
1063 716 1200 784 Quid
1230 717 1390 786 igitur
1418 718 1519 771 iste
1549 730 1728 770 sermo
1750 713 2043 769 desiderat?

469 809 592 875 quia
613 806 737 861 licet
766 816 817 861 et
841 823 1000 877 asper
1025 807 1094 861 sit
1122 809 1204 862 vir
1223 816 1277 862 et
1311 807 1549 862 moribus
1579 806 1838 860 habeatur
1867 803 2044 857 immi-

471 901 559 962 tis,
590 898 730 952 hunc
755 907 932 952 tamen
962 915 1100 953 uxor
1141 899 1282 954 ferre
1313 897 1616 953 necessario
1659 895 1836 960 debet,
1885 894 2045 949 nullis

471 992 844 1046 occasionibus
863 999 1190 1047 contractam
1221 992 1385 1046 semel
1412 991 1665 1045 dirimens
1685 988 2041 1044 aﬂeetionem.

471 1084 539 1135 At
559 1098 686 1136 vero
707 1082 839 1137 dicis
869 1083 1014 1137 illum
1038 1083 1346 1138 iracundum
1376 1098 1494 1138 esse
1521 1082 1606 1136 vel
1633 1080 1920 1145 crudelem,
1952 1078 2048 1134 sed

472 1173 694 1228 maritus
715 1181 793 1226 cst
814 1191 827 1237 ;
851 1174 1210 1238 vinolentum,
1244 1173 1335 1228 sed
1361 1171 1678 1242 coniunctus
1717 1173 1812 1226 tibi
1842 1180 1924 1226 est
1952 1185 2050 1241 per

472 1268 746 1325 naturam;
779 1260 967 1314 durum
996 1269 1052 1315 et
1083 1262 1505 1332 implacabilem,
1550 1261 1644 1315 sed
1691 1260 1930 1330 corporis
1970 1261 2048 1314 tui

473 1366 596 1417 pars
615 1349 844 1405 habetur
871 1351 1176 1420 pretiosior.

541 1441 591 1496 6.
625 1442 815 1497 Audiat
843 1452 896 1497 et
924 1446 1146 1499 maritus
1167 1457 1454 1512 congruam
1483 1442 1582 1501 sibi
1604 1442 2046 1500 admonitionem.

474 1531 664 1601 Vipera
689 1533 1000 1602 pestiferum
1029 1535 1175 1588 virus
1205 1534 1405 1588 evomit
1434 1533 1684 1604 nuptialis
1712 1548 1870 1589 causa
1898 1547 2052 1588 reve-

474 1624 690 1687 rentizc;
724 1630 779 1675 tu
797 1623 1063 1678 feritatem
1092 1622 1254 1677 animi
1310 1630 1362 1677 et
1388 1623 1798 1678 amaritudinem
1825 1637 1932 1677 non
1953 1620 2050 1675 de-

475 1711 648 1780 ponis,
679 1721 898 1767 coactus
929 1713 1132 1781 pudore
1158 1711 1429 1780 conjugii?
1462 1711 1622 1766 Forte
1650 1719 1830 1766 autem
1855 1710 2052 1780 vipera}

474 1801 627 1854 nobis
657 1801 958 1869 exemplum
990 1801 1122 1855 alias
1150 1801 1312 1854 etiam
1352 1801 1680 1871 reperiemus
1705 1814 1824 1855 esse
1849 1813 2049 1854 conve-

2145 636 2286 685 rum,
2312 621 2580 675 montibus
2610 629 2918 690 comquatur
2939 620 3184 686 excelsis,
3215 620 3360 691 quod
3389 622 3556 675 etiam
3586 639 3726 694 sarpe

2145 720 2362 781 putatur
2385 727 2503 766 esse
2551 712 2740 776 insula,
2788 729 2909 768 cum
2938 729 2998 767 se
3044 713 3112 767 ad
3139 729 3374 768 summas
3420 713 3597 768 undas
3625 715 3725 769 leni

2145 812 2331 858 natatu
2359 803 2654 858 sustulerit.
2685 803 2798 858 lloc
2827 813 3005 857 tamen
3047 821 3155 858 non
3185 805 3236 857 in
3263 805 3534 859 littoribus
3565 807 3726 859 usita-

2146 896 2234 958 tis,
2267 896 2434 950 autin
2465 895 2598 950 locis
2639 895 3015 966 habitabilibus
3043 896 3357 961 diversatur,
3403 898 3501 952 sed
3523 896 3550 935 ά
3592 901 3728 953 actio

2145 1001 2308 1054 quum
2338 995 2560 1056 pontum
2607 987 2776 1043 fertur
2819 987 3074 1042 incolere.
3112 986 3268 1042 Tales
3293 989 3454 1056 igitur
3481 989 3551 1042 ad
3581 991 3724 1044 incn-

2147 1078 2382 1133 tiendnm
2420 1078 2575 1134 nobis
2603 1075 2850 1134 timorem
2888 1087 3053 1147 atque
3079 1087 3346 1134 terrorem
3381 1079 3577 1134 bellum
3604 1093 3725 1136 εωι

2149 1170 2410 1225 formatae.
2455 1171 2585 1224 Cum
2631 1186 2758 1226 vero
2797 1171 3051 1237 audieris,
3079 1172 3204 1239 quia
3260 1187 3425 1227 naves
3464 1174 3724 1240 ingentes,

2147 1261 2267 1314 sinu
2297 1268 2564 1314 tumentes
2594 1260 2850 1324 velorum,
2873 1270 3146 1330 ventoque
3166 1275 3425 1330 prospero
3441 1263 3724 1317 volitantes

2150 1350 2202 1404 in
2236 1349 2426 1419 pelago
2453 1351 2616 1419 piscis
2643 1350 2984 1405 tenuissimus
3014 1352 3084 1404 ita
3125 1352 3364 1406 retardat
3411 1367 3477 1406 ac
3512 1355 3724 1416 retinet,

2149 1449 2209 1495 ut
2235 1440 2435 1495 diutius
2455 1439 2754 1495 efﬁciantur
2774 1441 3096 1504 immobiles,
3113 1443 3259 1496 velut
3278 1442 3598 1512 quihusdam
3622 1443 3736 1497 fun-

2150 1529 2286 1584 data:
2311 1528 2578 1585 radicibus
2603 1530 2654 1583 iu
2669 1528 2936 1599 profundo
2968 1549 2980 1585 :
3023 1546 3201 1586 nonne
3241 1540 3296 1587 et
3325 1548 3421 1602 [er
3451 1542 3474 1569 ο
3505 1533 3612 1588 hoc
3633 1534 3723 1586 mi.

2153 1621 2353 1676 nimum
2382 1620 2579 1674 animal
2617 1619 2808 1674 divinas
2834 1621 3046 1676 virtutis
3066 1623 3296 1692 accipies
3323 1623 3724 1679 documentum?

2153 1712 2335 1780 Neque
2355 1712 2498 1767 enim
2518 1712 2664 1767 solus
2688 1713 2834 1766 canis
2863 1721 2954 1766 aut
2977 1711 3155 1780 xitius,
3181 1722 3274 1768 aut
3311 1714 3518 1768 halama
3543 1714 3723 1768 formi.

2153 1805 2338 1859 dolosa
2365 1811 2478 1869 est;
2503 1803 2596 1858 sed
2625 1803 2786 1858 etiam
2813 1804 3101 1872 pastinacae
3147 1806 3385 1870 aculeus,
3436 1805 3453 1843 ί
3497 1814 3554 1860 et
3587 1815 3729 1861 certe

445 1907 450 1914 ’
476 1892 644 1954 niens,
677 1890 800 1958 quia
827 1891 995 1957 magis
1024 1890 1342 1944 adulterium
1391 1899 1594 1944 natur-te
1623 1890 1750 1945 facit
1777 1889 1937 1944 coitio
1963 1887 2046 1943 vi-
2079 1881 2124 1940 B
2153 1895 2435 1962 defuncta,
2481 1894 2739 1965 lepusque
2766 1895 3022 1959 marinus,
3065 1897 3181 1965 pari
3213 1897 3406 1951 timore
3436 1907 3724 1962 caventur;

477 1997 618 2052 perte
648 1998 766 2036 cum
797 1998 1050 2035 muraena.
1079 1982 1495 2050 Recognoscant
1523 1982 1704 2050 igitur,
1745 1982 1836 2051 qui
1865 1981 2055 2036 alienis

447 2088 450 2090 ‘
475 2072 828 2127 matrimoniis
852 2072 1066 2127 insidias
1095 2082 1304 2142 parant,
1333 2073 1476 2142 quali
1523 2073 1707 2127 bestia:
1737 2086 2058 2141 comparan-

476 2175 579 2218 tur.
611 2163 793 2233 Itaque
823 2180 988 2218 unum
1018 2172 1100 2218 est.
1120 2179 1332 2234 semper
1349 2163 1708 2233 .propositum,
1738 2177 1844 2230 quo
1890 2161 2058 2230 possit

475 2252 713 2309 Ecclesia
747 2253 994 2309 fabricari
1019 2273 1030 2307 :
1064 2262 1120 2310 et
1146 2255 1216 2308 ob
1241 2255 1342 2310 hoc
1370 2255 1575 2320 hortor,
1607 2261 1666 2308 ut
1691 2261 1904 2308 cessent
1933 2253 2053 2306 libi-

448 2345 623 2397 dines
651 2342 1032 2411 flagitiosorum
1073 2344 1294 2398 marinis
1321 2345 1580 2412 exemplis
1619 2353 1675 2398 et
1715 2341 2056 2397 terrestribus

475 2436 816 2504 castigandae.
847 2435 1051 2491 Hieme
1081 2451 1383 2491 sermonem
1409 2445 1666 2501 statuere,
1700 2444 1806 2489 tam
1837 2450 2054 2504 vesper-

478 2530 905 2597 tinum-tempus,
947 2543 1108 2596 quam
1145 2528 1390 2598 corporis
1417 2512 1560 2596 cogit
1592 2525 1892 2581 inﬁrmitas.
1924 2525 2055 2580 Nam

477 2617 625 2687 plura
657 2616 829 2672 forent
853 2633 969 2686 qua:
987 2628 1010 2654 ³
1041 2619 1288 2672 tractatui
1309 2618 1625 2673 deberemus
1647 2617 2058 2688 adjicere,pr:e-

476 2709 661 2763 sertim
691 2724 811 2763 cum
854 2708 1079 2762 studiosi
1107 2709 1214 2762 sint
1240 2708 1531 2774 auditores,
1564 2717 1619 2762 et
1647 2722 1810 2778 super
1837 2708 1917 2761 his
1938 2720 2057 2776 qua:

477 2802 528 2854 in
570 2802 703 2854 mari
730 2808 1041 2866 nascuntur,
1096 2799 1448 2854 admiratione
1489 2800 1834 2869 dignissimis,
1865 2800 1950 2853 vel
1989 2799 2057 2854 de

481 2895 597 2963 ipso
628 2895 793 2958 mari,
823 2893 1094 2962 quomodo
1125 2907 1261 2961 aqua
1292 2891 1406 2962 ejus
1429 2893 1638 2961 gelatur
1672 2893 1726 2946 in
1755 2893 1937 2956 salem,
1970 2891 2056 2946 vel

476 2983 744 3053 quomodo
767 2983 902 3052 lapis
925 2983 1012 3037 ille
1036 2982 1325 3052 pretiosus,
1348 2983 1439 3049 qui
1459 2983 1709 3036 corallius
1729 2982 2055 3046 nominatur,

456 3074 640 3128 :berba
669 3082 752 3128 est
779 3073 905 3128 dum
934 3073 1162 3127 habetur
1190 3073 1242 3126 in
1273 3071 1493 3142 pelago,
1533 3081 1820 3142 postquam
1845 3087 1974 3126 vero
2003 3073 2056 3126 in

476 3180 654 3219 aerem
687 3163 846 3218 fuerit
875 3164 995 3218 inde
1030 3163 1218 3218 educta
1238 3205 1251 3230 ,
1283 3179 1410 3218 mox
1437 3171 1677 3218 mutatur
1712 3165 1765 3218 in
1796 3165 2046 3233 lapidem.

478 3253 573 3310 Vel
602 3254 744 3308 unde
775 3254 1042 3308 vilissimis
1070 3253 1417 3308 animantium
1459 3256 1679 3320 ostreis,
1707 3255 2049 3324 margaritam

477 3347 646 3416 pretio
675 3360 888 3415 gravem
919 3353 1108 3400 natura
1138 3346 1383 3414 subjicit,
1424 3354 1483 3400 ut
1525 3360 1646 3400 eam
1691 3361 1852 3415 quam
1895 3361 2049 3416 reges

479 3452 802 3510 magnOperc
831 3440 1156 3504 desiderant,
1188 3455 1286 3510 per
1314 3440 1463 3495 littus
1505 3449 1560 3494 et
1605 3455 1822 3510 asperas
1866 3451 2050 3496 cautes

475 3540 609 3586 tea-ta
664 3532 924 3586 inclusam
977 3530 1215 3597 conchae,
1264 3547 1470 3601 pauper
1507 3532 1745 3600 piscator
1789 3533 2045 3587 inveniat.

475 3619 626 3675 Unde
652 3636 899 3675 aurosam
922 3621 1101 3674 lanam
1130 3621 1409 3675 maritima:
1438 3622 1679 3676 nutriunt
1723 3623 1927 3691 pinnze;
1964 3621 2050 3675 vel

474 3712 613 3767 unde
640 3727 931 3781 purpuram
960 3712 1224 3766 concliilia
1266 3713 1570 3767 ministrant
1620 3713 2047 3783 imperatoribus,

474 3820 590 3871 qua:
621 3803 811 3859 ﬂorum
842 3806 1079 3858 omnium
1111 3804 1583 3873 pulchritudinem,
1614 3814 1894 3860 venustate
1921 3822 2049 3876 pro-

475 3895 574 3965 prii
604 3895 802 3949 coloris
831 3902 1137 3963 exsuperat.
1169 3895 1192 3932 δ
1221 3893 1455 3964 Ejiciant
1483 3912 1649 3967 aquae.
1677 3895 1812 3962 Quid
1835 3913 1942 3950 non
1967 3913 2055 3952 ne-

474 3986 762 4040 cessarium
793 3984 989 4039 factum
1030 3985 1151 4039 est?
1179 3994 1272 4038 aut
1294 3985 1420 4055 quid
1465 4002 1572 4041 non
1619 3989 1898 4057 optimum,
1931 3990 2054 4044 vita:

467 4086 670 4130 nostra:
691 4075 947 4129 collatum
976 4077 1094 4130 est?
1123 4091 1354 4146 quorum
1377 4091 1502 4145 pars
1538 4077 1848 4133 ministeriis
1876 4079 2052 4134 homio

477 4181 602 4220 num
645 4165 874 4235 prolicit,
907 4166 1011 4220 alia
1039 4166 1141 4221 sibi
1170 4167 1552 4236 contemplatio
1583 4169 1843 4224 mirabilis
1881 4171 2055 4226 vindi-

476 4263 561 4310 cat
588 4265 862 4311 creatum.
900 4255 1162 4311 Nonnulla
1191 4258 1474 4320 terribilia,
1501 4273 1619 4326 quae
1639 4268 1878 4314 nostram
1908 4261 2055 4316 scili-

475 4357 560 4403 cet
582 4347 839 4402 desidiam
886 4356 1219 4403 coercerent.
1251 4347 1400 4402 Fecit
1427 4348 1568 4406 Deus
1600 4360 1737 4406 cetos
1770 4365 1790 4391 ο
1820 4369 2054 4424 magnos,

474 4455 583 4494 non
605 4453 730 4492 vero
760 4440 882 4507 quia
905 4438 970 4505 ab
994 4438 1112 4492 aliis
1131 4439 1366 4509 piscibus
1395 4441 1601 4511 exiguis
1643 4443 1815 4514 majus
1843 4452 1944 4508 est,
1979 4446 2059 4500 id-

546 4698 570 4724 ⁸
610 4685 770 4751 Editi,
797 4685 1002 4737 tracttu'.
1027 4682 1170 4739 Libri
1193 4693 1424 4746 veteres,
1459 4685 1718 4737 tractatui.

545 4757 572 4796 δ
609 4755 770 4826 Editi,
789 4756 999 4825 ejiciunt
1026 4768 1190 4825 aqutB.
1225 4754 1292 4806 At
1319 4755 1425 4807 duo
1441 4768 1605 4826 rmss.,
1634 4754 1845 4826 ejician
1876 4771 2040 4826 aquai.

546 4837 570 4864 ε
610 4824 772 4889 Editi,
802 4823 936 4879 cetos
962 4823 1172 4895 magnos
1194 4839 1295 4876 non
1324 4825 1498 4885 variis,
1531 4823 1900 4895 qrtio’ombaris
1923 4823 2046 4878 aliis

477 4895 717 4963 piscibus,
739 4909 845 4962 quo
867 4895 997 4947 nihil
1014 4893 1242 4962 ineptius
1264 4907 1496 4963 unquam
1523 4893 1646 4946 vidi.
1666 4893 1844 4963 Nihilo
1862 4909 2037 4947 emcn-

472 4961 709 5019 datiores
735 4961 860 5017 sunt
904 4964 1022 5016 libri
1061 4961 1275 5017 veteres
1302 4961 1615 5016 Colbertini.
1643 4962 1828 5016 Codex
1861 4971 2044 5016 noster

469 5034 706 5089 secunda
723 5034 935 5099 quidem
952 5047 1134 5099 manu,
1159 5031 1254 5085 sed
1280 5035 1496 5099 antiqua
1521 5039 1727 5094 tamen,
1755 5032 1833 5085 sic
1860 5032 2038 5097 habet,

475 5119 579 5158 non
615 5093 876 5172 vero-quia
914 5093 977 5152 ab
1005 5093 1130 5155 aliis
1154 5102 1374 5168 piscibus
1410 5093 1632 5172 exiguis,
1675 5093 1782 5155 etc.
1823 5100 1890 5154 Et
1926 5093 2042 5157 nec

477 5173 634 5228 lectio
658 5170 821 5224 videri
851 5179 1030 5237 potest
1049 5172 1363 5239 quibusdam
1396 5170 1649 5239 mendosa
1674 5185 1885 5239 quoque
1906 5187 2043 5225 esse:

475 5257 574 5308 ego
605 5253 783 5296 tamen
812 5240 965 5292 aliter
993 5238 1078 5292 de
1099 5256 1161 5292 ea
1198 5240 1400 5307 judico.
1435 5238 1572 5293 Puto
1618 5241 1776 5308 igitur
1805 5238 2047 5293 voculam

475 5309 538 5367 ab
568 5314 670 5368 hoc
692 5311 810 5365 loco
841 5309 981 5379 idem
1008 5309 1183 5379 valere
1211 5312 1352 5378 quod
1376 5311 1621 5363 voculam
1650 5326 1778 5379 prce,
1809 5311 1904 5363 hac
1925 5325 2045 5363 sen-

476 5385 640 5438 tentia
665 5400 678 5434 :
712 5378 890 5448 Magni
913 5380 1092 5448 pisces
1111 5378 1356 5448 dicuntur
1376 5381 1554 5446 magni
1576 5395 1684 5432 non
1710 5394 1816 5448 pra:
1845 5380 2052 5446 exiguis

513 5453 724 5515 iscibus,
753 5453 845 5506 sed
874 5447 1017 5517 quod
1037 5447 1237 5517 similes
1264 5456 1389 5502 sunt
1405 5451 1662 5502 montium
1692 5447 2048 5502 excelsorum.

518 5523 796 5579 articulam
825 5515 1003 5574 autem
1032 5515 1096 5573 ab
1148 5517 1435 5588 aliquando
1473 5519 1612 5572 sumi
1662 5534 1758 5585 pro
1786 5519 2050 5588 particula

473 5608 584 5664 pra
620 5591 950 5664 notissimum
973 5595 1058 5664 est
1085 5587 1167 5640 vel
1194 5601 1263 5664 ex
1283 5587 1453 5664 _l_.uc'a,
1471 5588 1624 5664 cujus
1644 5589 1768 5664 illud
1790 5587 1883 5664 est
1903 5604 2046 5651 xvnt,

479 5658 546 5714 Ν
573 5678 588 5713 :
619 5660 749 5730 Dico
777 5658 933 5724 vobis,
983 5658 1242 5713 descendit
1273 5658 1353 5730 hic
1388 5658 1705 5730 justiﬁcatus
1740 5660 1795 5712 in
1842 5658 2046 5712 domum

475 5729 708 5798 utamrab
735 5731 845 5793 illo,
862 5730 966 5784 hoc
985 5738 1068 5784 est
1094 5745 1202 5798 prta
1228 5729 1337 5784 illo.

548 5797 576 5840 ί
603 5797 738 5852 Editi
761 5807 816 5855 et
843 5814 995 5867 mss.,
1037 5796 1298 5872 mitiquum
1328 5806 1571 5869 pontum;
1603 5797 1695 5850 sed
1720 5813 1826 5853 non
1857 5796 2045 5854 dubito

2156 1985 2581 2040 indeclinabilem
2609 1985 2947 2054 celeremque
2974 1985 3240 2054 portando
3265 1987 3573 2055 perniciem.
3606 1987 3726 2052 Quae

2153 2090 2277 2130 cum
2303 2075 2376 2129 ita
2398 2075 2524 2142 sint,
2543 2075 2730 2129 maluit
2751 2082 2803 2129 te
2823 2074 3163 2144 providentia
3193 2074 3501 2131 Conditoris
3521 2092 3726 2146 semper

2153 2183 2272 2222 esse
2301 2167 2612 2238 pervigilem
2654 2185 2667 2221 :
2711 2176 2976 2236 quatenus
3022 2168 3075 2222 in
3105 2183 3227 2222 eum
3257 2167 3462 2234 ﬁdens,
3511 2180 3726 2224 cunctas

2155 2258 2378 2314 subinde
2407 2258 2596 2312 noxias
2616 2265 2796 2327 pestes
2833 2256 3071 2324 eﬂ'ugias.
3105 2257 3210 2312 Sed
3250 2258 3361 2326 jam
3409 2259 3477 2314 de
3523 2261 3728 2327 gurgite

2153 2351 2328 2422 pelagi
2370 2357 2671 2404 remeantes
2709 2357 3045 2403 revertamur
3089 2348 3155 2402 ad
3203 2357 3421 2403 terram.
3451 2349 3582 2403 Nam
3629 2351 3724 2404 aiis

2155 2441 2309 2496 nobis
2329 2455 2399 2494 ex
2427 2440 2544 2494 aliis
2592 2439 2924 2494 occurrentia
2955 2447 3215 2493 creatura:
3260 2439 3542 2504 miracula,
3586 2441 3726 2495 velut

2154 2532 2371 2600 quidam
2401 2528 2593 2584 ﬂuctus
2607 2527 2816 2584 crebris
2862 2528 3191 2597 alternisque
3215 2530 3602 2598 jactationibus
3633 2547 3725 2583 nn-

2154 2631 2324 2678 strum
2354 2621 2693 2676 submersere
2729 2636 3054 2676 sermonem.
3086 2620 3155 2675 Et
3184 2632 3210 2669 ε
3236 2636 3370 2677 sane
3398 2623 3652 2685 mirabor,
3684 2627 3724 2678 si

2142 2729 2264 2769 non
2296 2727 2485 2767 sensus
2505 2720 2688 2766 noster
2717 2712 2892 2766 causis
2931 2712 3322 2779 ingentioribus
3346 2723 3641 2783 occupatus
3675 2716 3727 2770 in

2155 2813 2352 2860 terram
2375 2804 2574 2869 denuo,
2599 2805 2737 2858 sicut
2757 2801 2918 2857 Jonas
2939 2803 2992 2856 in
3014 2818 3160 2857 mare
3184 2804 3432 2871 refugiat.
3462 2805 3727 2871 Quamob-

2156 2914 2268 2954 rem
2299 2898 2509 2952 videtur
2535 2896 2666 2951 mihi
2693 2895 3071 2966 disputationis
3098 2897 3269 2952 series
3303 2905 3524 2962 nostra,
3548 2896 3729 2950 multis

2143 2991 2387 3060 implexa
2415 2989 2795 3044 miraculorum
2823 2988 3084 3054 mill-ibus,
3122 3004 3185 3044 ac
3209 3005 3319 3043 suae
3347 2989 3730 3044 mediocritatis

2155 3079 2562 3146 ohlita,similis
2592 3093 2712 3133 esse
2741 3078 3112 3147 navigantibus
3141 3079 3194 3132 in
3216 3079 3354 3143 alto,
3387 3079 3478 3147 qui
3510 3078 3574 3132 ad
3611 3094 3730 3133 cer~

2158 3182 2270 3229 tum
2293 3171 2468 3226 locum
2497 3185 2710 3225 cursum
2725 3169 2946 3224 minime
2967 3169 3272 3238 dirigentes,
3292 3169 3541 3236 ignorant
3566 3183 3730 3238 quan-

2077 3234 2121 3294 δ
2153 3274 2263 3317 tum
2291 3261 2452 3330 spatii
2471 3259 2782 3315 veliﬁcando
2803 3234 3125 3329 peregerint.
3157 3234 3520 3328 Quod-utique
3548 3234 3732 3315 nostro

2149 3354 2384 3409 sermoni
2414 3351 2727 3422 provenisse
2754 3350 3099 3421 probavimus
3117 3391 3132 3416 ,
3162 3350 3254 3419 qui
3299 3350 3425 3405 dum
3450 3367 3725 3420 perores-

2149 3453 2282 3500 turm
2309 3444 2552 3499 tramites
2569 3442 2738 3496 llatius
2766 3451 3052 3509 evagatur,
3081 3441 3476 3496 multitudinem
3526 3443 3726 3496 relato-

2151 3549 2270 3589 rum
2293 3549 2452 3587 sensu
2483 3548 2587 3586 non
2617 3531 2862 3600 percipit.
2890 3530 2997 3585 Sed
3041 3545 3344 3600 quanquam
3391 3525 3480 3584 sit‘
3512 3530 3727 3601 cupidus

2153 3624 2399 3679 audiendi
2428 3631 2598 3679 cretus
2625 3622 2932 3687 astantium,
2951 3620 3444 3689 jucundissimaque
3483 3622 3730 3676 cordibus

2152 3729 2338 3769 eorum
2367 3713 2610 3766 videatur
2645 3711 3036 3764 dominicorum
3089 3711 3324 3764 narratio
3373 3711 3725 3772 mirabiliora;

2155 3817 2334 3861 tamen
2363 3806 2454 3860 hic
2475 3803 2633 3858 ﬁnem
2661 3802 2885 3859 facimus
2913 3802 3230 3864 disserendi,
3254 3804 3505 3872 sequenti
3543 3803 3631 3858 die
3645 3818 3728 3857 re—

2155 3898 2306 3952 sidua
2333 3895 2532 3951 fenoris
2560 3895 2805 3951 soluturi.
2837 3893 2987 3950 Nunc
3009 3908 3134 3947 vero
3154 3892 3310 3948 simul
3333 3909 3526 3948 omnes
3538 3894 3729 3962 gratias

2155 4005 2317 4059 super
2334 3989 2417 4043 bis
2437 4002 2556 4056 qua:
2575 3986 2716 4041 dicta
2736 3991 2861 4038 sunt
2880 3984 3201 4038 referamus:
3227 3991 3282 4037 et
3299 3983 3726 4052 supplementum

2145 4096 2342 4137 eorum
2365 4093 2484 4148 quae
2504 4077 2678 4132 minus
2697 4076 3066 4145 explicuimus,
3089 4073 3443 4144 postulemus,
3469 4075 3729 4144 iaciatque

2159 4190 2257 4229 nos
2285 4173 2425 4227 inter
2453 4171 2596 4241 ipsas
2619 4169 2807 4239 epulas
2834 4167 3135 4229 reminisci,
3167 4181 3288 4234 qua:
3317 4165 3402 4220 vel
3432 4181 3619 4233 mane,
3649 4165 3727 4219 vel

2159 4263 2224 4318 ad
2251 4275 2530 4332 vesperam
2578 4267 2761 4313 noster
2807 4255 2998 4310 affatus
3045 4256 3397 4325 exprompsit,
3439 4271 3730 4324 eorumque

2159 4351 2470 4407 memoriam
2511 4347 2781 4404 coluerere
2810 4346 2980 4411 vobis,
3011 4345 3172 4400 etiam
3199 4361 3318 4400 cum
3347 4361 3540 4400 somno
3577 4345 3729 4413 quie-

2163 4445 2327 4509 scitis,
2342 4450 2397 4498 et
2413 4440 2731 4497 suavitatem
2755 4452 2914 4506 quam
2943 4434 3176 4490 interdiu
3201 4436 3538 4506 percepistis,
3557 4436 3729 4490 noctis

2072 4687 2274 4756 D'quin
2324 4684 2577 4739 mendum
2614 4683 2704 4756 sit
2743 4677 3376 4756 librariorum,‘qui‘pro
3416 4674 3729 4756 diluerit-am

2147 4744 2475 4824 scripserunt
2514 4754 2807 4824 antiquum;
2825 4749 3130 4824 (Ξῖ-ωορκ.ῖό
3157 4744 3522 4824 ξΑτλᾰντικόν.Δ
3545 4744 3730 4824 statim

2146 4816 2299 4878 Colb.
2331 4816 2650 4886 secundus,'
2679 4829 2943 4874 tumentes.
2985 4817 3088 4869 Alii
3141 4816 3246 4871 duo
3301 4828 3430 4867 mss.
3474 4821 3530 4867 et
3584 4816 3727 4876 editi,

2147 4904 2420 5017 "(itemfor
2449 4961 2709 5031 impressi.
2735 4969 2788 5031 et
2803 4959 2907 5031 [Ioc
2935 4953 3424 5031 per_mitt_imum:él
3452 4966 3584 5031 mssg
3608 4950 3729 5013 duo.

2143 5042 2192 5087 et
2217 5051 2306 5102 per
2331 5034 2424 5085 hoc
2447 5021 2739 5102 minimum.
2772 5029 2893 5082 Mox
2923 5021 3070 5089 editi,
3101 5025 3296 5094 :ripius.
3321 5021 3465 5075 Libri
3498 5030 3727 5082 veteres,

2141 5101 2318 5173 a'iﬁtts.
2352 5103 2407 5155 ln
2429 5101 2644 5173 Graeco,
2667 5104 2848 5173 5:3.th

2232 5172 2251 5210 ί
2286 5173 2422 5225 Editi
2452 5179 2506 5224 et
2532 5157 2688 5222 Colb.‘
2717 5157 2953 5241 primusl
2981 5174 3030 5241 et
3070 5162 3552 5241 ⁸ξενίῳ,ίιρεῖιιιξι-ςαξ.
3587 5157 3733 5241 Alter

2153 5239 2330 5300 Colb.,
2364 5252 2411 5295 et
2438 5256 2578 5294 ceres
2606 5228 2880 5306 defit-nem.
2908 5235 3052 5312 Δδρᾶ·
3070 5233 3298 5292 librarii.
3339 5228 3430 5312 Qui
3473 5229 3606 5308 falso
3628 5228 3732 5308 sibi

2153 5311 2546 5379 persuasissent
2571 5302 2991 5379 rsermonenrhic
3021 5304 3087 5379 de
3126 5318 3269 5357 novo
3302 5302 3481 5379 aliquo
3506 5302 3731 5379 piscium

2155 5364 2351 5447 genere
2378 5378 2602 5442 institui,
2634 5378 2852 5447 nodum
2883 5376 2932 5429 in
2982 5375 3161 5447 scirpo
3197 5364 3731 5447 qutesierunt.‘\’etus

2156 5437 2341 5504 noster
2367 5449 2554 5511 codex,
2584 5437 2632 5500 et
2660 5456 2803 5516 certe
2821 5437 3108 5516 defunctae,
3129 5437 3231 5496 hoc
3270 5449 3351 5516 est
3380 5449 3429 5493 et
3472 5437 3730 5516 deprau-

2155 5519 2344 5590 utique.
2377 5517 2594 5586 Legitur
2614 5517 2754 5586 apud
2777 5514 3031 5570 Basilium
3050 5555 3064 5578 ,
3095 5517 3178 5568 καὶ
3206 5515 3396 5569 exora;
3416 5514 3615 5631 νεκρᾶς.

2228 5599 2252 5631 β
2281 5587 2440 5631 Edili-
2471 5589 2590 5631 nuin
2610 5603 2753 5631 enim-
2789 5585 2927 5631 Libri
2949 5594 3179 5631 veteres-
3205 5591 3253 5631 et
3275 5597 3418 5631 sane.
3445 5579 3488 5631 Α
3512 5590 3615 5631 mu:

2228 5579 2255 5631 τί
2281 5579 2590 5658 Εὐὶιίίὶιιιὶα
2610 5579 2754 5642 sane.
2786 5585 2928 5658 Libri
2949 5594 3179 5658 veteres,
3205 5591 3253 5637 et
3275 5597 3418 5658 sane.
3445 5579 3726 5658 Aliquanto

2156 5666 2278 5728 post
2305 5651 2437 5713 editi
2451 5651 2507 5713 et
2527 5657 2680 5714 Colb.
2702 5657 2943 5728 primus,
2975 5655 3042 5728 ad
3080 5664 3274 5709 certum
3314 5651 3481 5708 locum
3520 5651 3727 5728 minimc

2155 5725 2454 5798 dirigentes.
2485 5727 2652 5798 _Alier
2689 5725 2868 5790 Colb.,
2916 5725 2986 5778 ad
3027 5735 3221 5798 certum
3274 5737 3474 5776 cursum
3515 5725 3723 5768 minim

2153 5794 2447 5871 diri'genteo.
2483 5796 2640 5853 Liber
2667 5805 2851 5854 noster
2865 5804 3022 5851 vetus
3046 5795 3125 5850 uti
3145 5794 3198 5850 in
3213 5800 3491 5848 contextu.
