3964 6178
250 269 363 328 915

1229 264 1625 322 ΗΕΧΛΕΜΕΠΙ
1665 262 2140 321 ΜΕΤΛΡΙΙΠΑΒΙΞ
2182 265 2376 321 LIBER
2418 266 2575 321 VIII.“

3429 259 3528 317 ςςσ

249 394 475 453 quoque
496 378 766 434 ruminare
792 386 1061 448 tempore;
1095 385 1153 433 ut
1181 379 1253 433 ita
1280 380 1440 433 liceat
1471 379 1620 433 vobis
1640 378 1837 441 dicere,
1877 386 1917 442 Α
1949 392 2061 441 nor,
2118 394 2257 432 nunc
2314 385 2367 430 et
2415 393 2664 445 semper,
2722 384 2791 429 cr
2834 376 2884 431 in
2934 375 3124 430 mula
3186 376 3525 431 seculorum.

254 470 372 543 Ego
400 470 604 524 dormio
632 478 681 522 et
708 484 797 522 cor
816 484 981 521 meum
1006 467 1185 538 vigilat
1228 467 1410 538 (Cant.
1440 484 1503 530 v,
1535 467 1599 536 2)
1619 510 1632 533 ,
1666 467 1839 522 medi-

254 560 426 618 tando
453 560 543 615 die
565 567 835 629 noctuque
864 559 1035 628 legem
1065 558 1296 624 Domini,
1326 560 1410 613 cui
1449 560 1618 626 gloria
1659 568 1713 612 et
1742 561 1841 614 ho-

1955 468 2142 523 Amen.

1236 741 1706 847 LIBER
1791 742 2202 847 ΟΟΤΑ
2235 743 2317 845 ν
2351 744 2551 850 US.

329 911 379 964 1.
422 908 493 962 Et
528 908 662 962 dixit
693 906 869 961 Deus:
901 904 1094 977 Ejiciat
1119 914 1256 959 terra
1294 906 1522 959 animum
1567 905 1844 958 secundum

251 1020 415 1077 genus
446 1018 465 1055 :
494 998 872 1073 quadrupedes,
894 1009 939 1050 e'
970 1004 1250 1065 serpentes,
1280 1005 1329 1049 et
1350 995 1539 1049 bestias
1559 995 1842 1048 secundum

253 1110 440 1168 genus.
475 1091 543 1145 Et
563 1093 756 1162 factum
771 1098 847 1142 est
882 1090 975 1142 sic.
1001 1088 1159 1142 Venit
1185 1085 1473 1156 praeceptio
1493 1085 1691 1155 passim
1722 1099 1845 1153 gra-

252 1185 432 1248 diens,
459 1190 515 1237 et
543 1180 752 1250 recepit
780 1189 923 1233 terra
952 1179 1230 1248 proprium
1277 1186 1302 1215 ·
1330 1192 1562 1232 cursum.
1594 1174 1671 1230 Ibi
1686 1175 1845 1244 jussit

251 1291 420 1346 «quas
444 1273 629 1342 ejicere
655 1271 859 1340 reptilia
884 1270 1174 1325 animarum
1206 1267 1432 1322 vivarum
1465 1283 1483 1321 :
1512 1267 1618 1331 hic,
1648 1265 1842 1336 Ejiciat

254 1379 397 1421 terra
422 1365 653 1418 annnam
684 1364 867 1417 vivam.
894 1360 1129 1416 Putasne
1158 1374 1287 1429 ergo
1316 1367 1398 1416 est
1428 1359 1849 1425 animatatellus,

253 1468 311 1512 et
341 1458 493 1511 locus
523 1454 845 1525 prtebebitur
891 1452 1190 1522 vaniloquis
1236 1450 1561 1517 Manichacis,
1613 1452 1846 1506 animam

260 1559 421 1604 terra:
451 1545 651 1601 dandi?
680 1544 796 1598 Non
844 1541 1182 1607 omnimodis,
1239 1543 1364 1611 quia
1409 1542 1575 1607 dixit,
1628 1541 1842 1613 Ejiciat,

256 1640 404 1709 quod
432 1640 485 1693 in
512 1639 625 1707 ipsa
653 1645 788 1701 erat,
808 1635 1013 1700 eduxit,
1034 1635 1126 1689 sed
1147 1634 1289 1690 Deus
1309 1636 1402 1704 qui
1430 1636 1841 1706 prteceptioncm

1952 904 2024 956 lia
2055 904 2195 957 enim
2225 904 2522 959 animarum
2563 907 2800 960 vivarum
2840 907 3109 977 produxit,
3149 914 3208 960 ut
3251 905 3527 976 Scriptura

1952 992 2237 1061 signiﬁcat,
2259 995 2312 1048 in
2330 995 2672 1051 terrestribus
2697 1004 2875 1052 autem
2898 998 3074 1051 anima
3103 1012 3299 1067 corpus
3318 1010 3537 1064 regens.

1948 1085 2195 1151 generari
2223 1095 2493 1156 praecepta
2523 1096 2625 1153 est,
2653 1096 2712 1142 ut
2732 1096 2858 1158 pote
2882 1104 3001 1159 quae
3028 1089 3147 1160 plus
3177 1087 3395 1144 viviticaa
3427 1088 3537 1143 vir‘

1948 1175 2079 1229 tutis
2107 1178 2517 1246 assumpserint.
2546 1193 2852 1248 quanquam
2882 1180 2994 1250 ipsa
3021 1195 3235 1249 quoque
3260 1180 3528 1235 terrestria

1946 1265 2053 1320 sint
2072 1264 2477 1333 irrationabilia,
2501 1276 2679 1324 tamen
2710 1270 3127 1338 unumquodque
3155 1284 3341 1324 eorum
3361 1262 3541 1324 multo;

1949 1371 2046 1426 per
2074 1358 2373 1413 naturalem
2394 1373 2581 1414 vocem
2603 1375 2767 1430 super
2793 1361 2954 1416 animi
2972 1361 3223 1430 passione
3244 1360 3529 1430 signiﬁcat.

1948 1448 2079 1503 Nam
2108 1456 2164 1504 et
2196 1449 2434 1505 lzetitiam
2456 1458 2512 1505 et
2537 1467 2844 1514 mmrorem,
2870 1463 2923 1507 et
2947 1452 3196 1516 inediam,
3228 1460 3282 1507 et
3310 1467 3529 1522 separa-

1947 1541 2148 1595 tionem
2176 1556 2418 1606 suorum,
2449 1543 2732 1612 variasque
2769 1544 3046 1600 molestias
3071 1558 3206 1599 voce
3233 1543 3527 1605 declarant,

1948 1648 2070 1687 cum
2109 1633 2332 1702 aquaria
2363 1649 2471 1690 non
2499 1632 2517 1671 τ
2548 1635 2722 1690 solum
2770 1643 2937 1700 muta,
2968 1634 3059 1690 sed
3090 1636 3250 1689 etiam
3307 1634 3529 1689 immitia

257 1732 431 1795 dedit,
462 1730 626 1784 etiam
661 1728 913 1781 virtutem
943 1734 1099 1780 terrm
1129 1725 1315 1780 tribuit
1346 1726 1625 1783 educendi.
1659 1724 1844 1793 Neque
1877 1733 1919 1790 Β
1947 1724 2051 1778 sint
2072 1732 2127 1780 et
2157 1724 2392 1793 indocta,
2416 1732 2472 1780 et
2498 1725 2565 1780 ad
2591 1741 2804 1781 omnem
2829 1726 2952 1780 vitae
2978 1727 3289 1781 societatem
3311 1739 3533 1794 prorsus

261 1824 285 1858 ιλ
319 1821 467 1875 enim
495 1834 619 1874 cum
652 1816 912 1883 audisset,
940 1824 999 1871 ut
1025 1815 1248 1870 herbam
1288 1819 1616 1885 germinaret
1644 1815 1770 1880 feni,
1796 1825 1852 1870 et

260 1896 466 1980 lignum
488 1908 838 1969 fructuosum,
871 1906 1044 1962 latens
1084 1907 1222 1960 intra
1243 1922 1303 1962 se
1323 1908 1592 1972 videlicet,
1624 1908 1849 1961 herbam

260 2001 373 2058 {cui
424 2008 630 2053 tantum
663 1997 904 2068 protulit,
947 2012 1045 2051 nec
1071 1996 1298 2066 palmas,
1329 2005 1423 2052 aut
1467 1999 1713 2065 esculus,
1761 2004 1854 2051 aut

261 2107 568 2166 cypressos,
603 2091 653 2144 in
682 2089 791 2144 suis
818 2088 1063 2142 abstrusa
1094 2087 1316 2153 sinibus,
1351 2088 1417 2142 ad
1465 2103 1694 2157 superna
1723 2102 1855 2156 pro-

262 2186 453 2249 duxit;
480 2182 573 2237 sed
604 2196 781 2235 sermo
797 2178 1006 2233 divinus
1030 2178 1362 2232 nascentium
1383 2176 1623 2245 profecto
1644 2184 1856 2231 creator

260 2285 368 2331 est.
403 2273 670 2328 Cerminet
692 2280 848 2335 terra,
880 2284 988 2322 non
1016 2273 1076 2322 ut
1104 2267 1248 2337 quod
1285 2267 1537 2329 habebat,
1569 2266 1852 2331 educeret;

264 2366 361 2422 sed
383 2374 445 2419 ut
470 2362 615 2432 quod
640 2377 750 2416 non
782 2361 1004 2415 haberet
1031 2365 1345 2423 assumeret,
1378 2358 1488 2413 Deo
1508 2358 1711 2412 scilicet
1733 2372 1861 2424 ope-

266 2456 498 2513 rationis
526 2454 574 2507 ei
604 2452 877 2523 prazbente
906 2450 1177 2504 virtutem.
1206 2448 1294 2503 Sic
1338 2457 1393 2503 et
1421 2446 1584 2503 modo
1618 2464 1630 2500 :
1664 2445 1858 2517 Ejiciat

266 2551 504 2603 animum
545 2562 563 2600 :
599 2562 703 2599 non
735 2558 854 2599 eam
882 2557 1001 2611 qua:
1029 2541 1307 2597 recondita
1338 2550 1456 2597 erat
1484 2542 1536 2594 in
1567 2547 1729 2600 terra,
1763 2539 1856 2593 sed

267 2655 391 2709 quae
422 2637 497 2692 illi
542 2651 572 2690 a
604 2636 714 2690 Deo
741 2634 937 2690 collata
967 2641 1048 2687 est
1074 2647 1171 2703 per
1199 2631 1527 2688 mandatum.
1562 2631 1758 2685 Deinde
1803 2630 1856 2683 in

267 2730 601 2788 contrarium
630 2725 935 2780 Manichteis
956 2739 1135 2779 sermo
1172 2721 1459 2778 vertendus
1486 2730 1588 2777 est.
1617 2720 1673 2775 Si
1712 2721 1855 2776 enim

270 2822 510 2877 animam
539 2833 698 2887 quam
738 2816 971 2869 habebat
1016 2813 1174 2869 tellus
1201 2813 1405 2881 eduxit,
1437 2813 1702 2869 exanimis
1744 2813 1855 2881 ipsa

272 2914 415 2966 facta
438 2916 539 2964 est.
573 2906 681 2963 Sed
705 2920 891 2961 eorum
913 2902 1127 2973 quidem
1151 2903 1539 2959 detestabilitas
1581 2912 1704 2957 nota
1734 2902 1858 2957 sub~

274 3004 402 3060 inde
432 3013 534 3060 est.
575 3000 711 3058 Illud
743 3015 874 3054 sane
901 2999 1201 3064 videamus,
1229 3015 1325 3054 cur
1352 3013 1504 3067 aqua:
1525 2999 1686 3067 jussu:
1734 3004 1859 3050 sunt

1954 1816 2259 1871 hominibus
2297 1817 2674 1871 intractabilis.
2714 1815 3020 1888 Ret-agnovit
3062 1817 3149 1871 bos
3188 1831 3530 1886 possessorem

1954 1923 2122 1972 suum,
2151 1916 2201 1961 et
2228 1910 2404 1963 asinus
2432 1925 2661 1978 prmscpe
2680 1909 2874 1963 domini
2914 1910 2991 1962 sui
3022 1906 3173 1976 (Isai.
3200 1925 3236 1972 ι,
3266 1907 3345 1971 3‘,
3375 1908 3533 1977 piscis

1954 2013 2084 2053 vero
2128 2014 2399 2069 nunquam
2448 2000 2623 2068 potuit
2670 2012 2994 2063 cognoscere
3039 1999 3361 2052 nutrimenta
3399 2013 3535 2067 pm»

1954 2098 2208 2145 stantem.
2256 2090 2509 2158 Intelligit
2536 2092 2715 2146 asinus
2744 2099 2797 2145 et
2839 2091 3066 2145 hominis
3096 2098 3403 2144 consuetam
3435 2105 3532 2142 vo-

1956 2194 2094 2242 cem,
2120 2180 2271 2235 novit
2298 2180 2402 2233 iter
2421 2180 2562 2248 quod
2592 2180 2789 2249 smpius
2830 2180 2968 2234 amb:
2991 2180 3140 2246 lavit,
3165 2178 3534 2249 interdumque

1956 2268 2062 2323 dux
2109 2268 2167 2321 tit
2215 2269 2466 2335 agitatori
2496 2285 2614 2331 suo,
2645 2284 2766 2324 cum
2794 2270 3083 2333 erraverit,
3117 2268 3180 2321 ad
3211 2268 3534 2323 audiendum

1956 2360 2029 2414 ita
2056 2360 2406 2415 vehementer
2429 2369 2635 2423 acutus,
2666 2372 2725 2415 ut
2768 2362 2970 2416 nullum
3004 2362 3051 2415 ei
3081 2362 3250 2431 possit
3271 2360 3337 2415 de
3365 2368 3535 2416 terre-

1957 2452 2152 2506 stribus
2178 2452 2497 2521 comparari.
2543 2452 2791 2508 Camelus
2838 2453 3001 2508 habet
3043 2468 3258 2522 semper
3292 2460 3535 2508 tenacem

1957 2542 2270 2597 memoriam
2319 2543 2622 2609 malorum;
2664 2552 2717 2598 et
2771 2544 2835 2598 ad
2886 2545 3212 2599 iracundiam
3259 2543 3452 2611 gravis,
3485 2550 3546 2596 et

1958 2648 2309 2703 perseverans
2329 2642 2428 2687 est.
2458 2633 2697 2705 Denique
2717 2635 2761 2689 si
2792 2634 2951 2690 fuerit
2981 2651 3281 2706 percussus,
3311 2636 3403 2692 diu
3429 2634 3545 2689 (ἤδη

1957 2724 2208 2779 simulato
2245 2725 2452 2791 dolore,
2508 2742 2629 2781 cum
2683 2728 2881 2797 reperit
2910 2737 3269 2799 opportunum
3300 2738 3538 2798 tempus,

1962 2817 2162 2873 illatam
2185 2820 2432 2888 protinus
2460 2819 2673 2889 reponit
2702 2819 2970 2889 injuriam.
3001 2819 3108 2876 Sed
3134 2821 3279 2876 hunc
3307 2819 3449 2876 nulla
3475 2818 3548 2875 de

1960 2910 2181 2964 marinis
2200 2909 2393 2964 belluis
2415 2910 2673 2965 imitatur.
2699 2910 2890 2966 Audite
2906 2911 3086 2979 igitur,
3110 2910 3347 2966 iracundi
3369 2910 3546 2966 hiemis

1963 3017 2077 3067 nes,
2116 3001 2205 3070 qui
2235 3001 2659 3057 recordationem
2691 3000 2891 3057 dudum
2923 3002 3155 3057 lzcsionis
3182 3012 3412 3071 accepta:
3443 3016 3544 3072 pro

273 3097 492 3165 reptilia
514 3095 755 3149 vivarum
800 3092 1098 3146 animarum
1136 3089 1469 3160 producere,
1496 3089 1653 3143 tellus
1679 3098 1856 3144 autem
1886 3093 1932 3154 C
1962 3093 2159 3147 virtute
2213 3093 2445 3147 maxima
2493 3091 2771 3155 aﬂeetatis,
2803 3094 2889 3149 cui
2925 3094 3113 3149 bellua:
3155 3095 3357 3151 similes
3384 3094 3546 3149 habe-

273 3189 515 3244 animam
569 3185 765 3238 vivam.
801 3183 1136 3237 Arbitramur
1172 3182 1334 3249 igitur
1378 3196 1445 3236 eo
1482 3179 1626 3249 quod
1677 3189 1864 3233 natura

278 3277 582 3337 natantium
629 3286 648 3312 ε
700 3272 1069 3344 imperlectam
1096 3270 1491 3343 quodammodo
1512 3279 1732 3340 putatur
1770 3270 1866 3323 ha-

279 3370 409 3426 bere
435 3367 599 3421 vitam
624 3383 637 3418 :
672 3366 742 3420 ob
764 3365 868 3419 hoc
895 3363 1021 3434 quia
1058 3362 1503 3425 crassioressunt
1530 3376 1699 3429 aquae.
1733 3360 1863 3413 Nam

278 3460 515 3528 denique
545 3456 750 3512 tardior
778 3455 990 3510 auditus
1018 3462 1101 3508 cst
1128 3452 1488 3507 animantibus
1529 3452 1579 3505 in
1610 3466 1741 3518 aqua
1773 3450 1865 3503 de-

278 3551 547 3620 gentibus,
588 3558 644 3604 et
672 3549 816 3603 visus
840 3546 1084 3602 hebetior
1102 3589 1118 3615 ,
1147 3554 1204 3599 ut
1245 3553 1371 3615 pote
1400 3560 1497 3615 per
1525 3558 1719 3613 aquam
1745 3560 1865 3597 cer-

282 3642 481 3706 nendo,
514 3657 617 3697 nec
659 3640 764 3694 ulla
816 3639 956 3710 apud
986 3654 1081 3694 eos
1106 3636 1131 3676 ἀ
1155 3638 1433 3703 memoria,
1469 3637 1553 3691 vel
1603 3635 1865 3705 opinatio,

280 3734 369 3789 vel
408 3734 611 3802 agnitio
658 3738 742 3786 est
769 3730 1156 3800 proximorum.
1206 3729 1455 3784 Declarat
1510 3742 1639 3795 ergo
1692 3742 1868 3781 sermo

282 3826 516 3887 divinus,
557 3823 684 3892 quia
734 3822 844 3875 vita
899 3821 1131 3877 carnalis
1178 3820 1522 3888 aquariorum
1560 3819 1871 3875 moderatur

282 3916 450 3971 animi
479 3913 830 3970 motionibus.
862 3911 993 3966 Nam
1024 3912 1077 3967 in
1109 3911 1388 3980 terrigenis
1411 3910 1616 3974 bestiis,
1644 3925 1762 3978 qua:
1791 3910 1870 3962 vi-

284 4017 395 4063 tam
424 4004 800 4077 perfectiorem
826 4005 1028 4059 sortita:
1056 4012 1198 4069 sunt,
1224 4003 1432 4057 animus
1458 4002 1698 4071 corporis
1726 4001 1867 4056 obti-

285 4108 380 4154 net
407 4098 787 4169 principatum.
814 4095 1025 4151 Etenim
1057 4110 1246 4151 sensus
1273 4110 1459 4148 earum
1500 4093 1739 4162 vegetior
1765 4100 1866 4156 est,

284 4188 683 4258 manifestaque
735 4187 983 4241 animalia
1014 4201 1135 4241 cum
1183 4185 1528 4255 prtescntium
1583 4183 1870 4237 maximam

285 4292 475 4334 curam
505 4286 713 4346 gerant,
751 4284 878 4330 tunc
912 4275 1197 4344 diligenter
1225 4274 1538 4328 memoriam
1566 4273 1873 4327 custodiunt

287 4377 705 4428 transactorum.
757 4366 905 4423 Unde
950 4365 1395 4421 considerandum
1434 4374 1516 4419 est
1554 4378 1574 4402 ἰ
1599 4364 1743 4434 quod
1793 4365 1873 4433 pi-

1966 3182 2115 3242 mini,
2140 3180 2356 3249 quando
2381 3183 2655 3251 proprium
2710 3184 2903 3248 bilem,
2947 3195 2973 3231 8
3019 3192 3269 3256 tanquam
3312 3186 3547 3254 aliquam

1965 3272 2249 3329 scintillam
2279 3272 2460 3327 cinere
2489 3274 2741 3342 sopitam,
2763 3289 2931 3343 usque
2973 3291 3040 3329 eo
3061 3277 3305 3333 retinetis
3326 3279 3378 3330 in
3423 3292 3546 3331 eor~

1965 3365 2137 3428 dibus,
2169 3378 2446 3433 quousque
2475 3364 2617 3418 nacti
2648 3365 3004 3429 occasionem,
3051 3366 3296 3422 stimulos
3324 3366 3545 3431 doloris,

1966 3458 2111 3513 velut
2141 3456 2430 3525 igniculum
2473 3470 2723 3525 parvum.
2747 3453 2929 3510 fomite
2970 3456 3229 3511 nutritum
3280 3457 3550 3512 suscitctis

1967 3548 2020 3602 in
2048 3547 2337 3601 ﬂammam.

2036 3640 2090 3694 2.
2124 3639 2317 3711 Ejiciat
2349 3649 2487 3694 terra
2517 3639 2747 3693 animam
2774 3641 2956 3694 vivam.
2986 3639 3096 3694 Cur
3133 3648 3274 3694 terra
3298 3640 3550 3709 producit

1970 3733 2199 3793 animam
2225 3732 2396 3786 vivam
2419 3731 2442 3784 ?
2470 3738 2526 3784 ut
2544 3729 2899 3787 diﬁcrentiam
2928 3730 3102 3785 discas
3124 3731 3315 3784 anima:
3340 3729 3549 3799 pecoris

1970 3823 2331 3892 hominisque.
2390 3820 2458 3875 Et
2504 3821 2665 3891 paulo
2718 3819 2935 3889 quidem
2986 3821 3204 3874 inferius
3255 3832 3551 3888 cognosces

1969 3911 2244 3982 quomodo
2291 3912 2468 3966 anima
2514 3913 2584 3967 sit
2609 3911 2843 3966 hominis
2872 3912 3160 3966 constituta
3195 3930 3207 3963 :
3242 3925 3383 3965 nunc
3421 3925 3551 3965 vero

1970 4001 2094 4056 audi
2121 4001 2189 4056 de
2216 4002 2394 4055 anima
2417 4009 2704 4066 mutorum,
2729 4004 2854 4071 quia
2880 4002 3172 4057 secundum
3194 4002 3548 4072 Scripturam,

1971 4101 2284 4149 cunctorum
2340 4093 2649 4147 animalium
2699 4093 2877 4148 anima
2922 4095 3138 4161 sanguis
3166 4101 3245 4148 est
3284 4095 3550 4164 proprius.

1975 4186 2202 4254 Sanguis
2225 4194 2406 4241 autem
2427 4184 2638 4254 gelatus
2666 4187 2905 4240 converti
2932 4186 3069 4240 solet
3086 4187 3135 4240 in
3158 4202 3395 4252 carnem,
3427 4202 3554 4241 caro

1974 4287 2153 4335 autem
2177 4285 2430 4347 corrupta
2461 4276 2602 4332 redit
2631 4277 2682 4331 in
2709 4286 2927 4332 terram.
2978 4278 3168 4334 Merito
3220 4292 3346 4347 ergo
3379 4278 3552 4335 tabida

1975 4378 2057 4424 est
2088 4369 2264 4424 anima
2290 4369 2677 4439 jumentorum.
2720 4368 2918 4440 Ejiciat
2943 4380 3077 4424 terra
3116 4372 3341 4424 animum
3372 4372 3553 4423 vivam.

285 4462 458 4518 scium
484 4462 701 4529 quidem
728 4475 954 4529 corpora
983 4460 1214 4513 animata
1240 4458 1490 4527 produxit
1518 4473 1654 4527 aqua
1677 4458 1872 4527 :repti-
1901 4451 1948 4508 D
1979 4460 2109 4515 Vide
2132 4459 2575 4530 consequentiam
2608 4457 2631 4496 ¹ι
2659 4460 2849 4514 animm
2890 4462 2955 4515 ad
2980 4462 3312 4528 sanguinem,
3346 4462 3555 4527 sangni-

358 4584 383 4612 ⁸
408 4571 548 4629 Editi
576 4581 631 4625 et
673 4586 825 4636 mss.,
861 4573 1143 4641 proprium,
1167 4570 1391 4623 cursum.
1415 4569 1523 4625 Sed
1565 4588 1671 4625 non
1718 4571 1870 4627 facile

286 4645 479 4701 adduci
502 4651 716 4712 potero,
753 4650 813 4695 ut
851 4639 1065 4712 credam
1109 4639 1441 4712 Eustathium
1467 4642 1536 4694 ita
1569 4642 1866 4712 scripsisse.

287 4714 419 4769 Mihi
437 4710 621 4768 nescio
632 4711 906 4781 quomodo
917 4711 1255 4765 verisimilius
1273 4710 1330 4761 tit
1349 4727 1493 4775 eum,
1521 4726 1584 4765 ex
1607 4711 1873 4767 Dasiliano

287 4785 403 4847 illo,
436 4785 522 4839 τὸν
549 4780 751 4851 κόσμον,
801 4780 1044 4835 etl‘ecisse
1089 4789 1144 4833 et
1169 4781 1445 4851 scri;sisse
1492 4797 1740 4845 casinum,
1772 4782 1875 4836 hoc

288 4861 376 4910 est
402 4850 678 4916 ornatum;
698 4851 943 4921 librarios
965 4866 1093 4904 vero
1118 4850 1401 4904 insolentia
1433 4852 1579 4905 vocis
1599 4851 1872 4921 deceptos,

288 4939 357 4980 ex
387 4940 616 4978 cosmum
643 4920 882 4977 effecisse
909 4935 1131 4973 cursum.

365 4994 391 5032 ι»
418 4992 533 5048 Vox
552 4998 688 5046 enim
717 5007 782 5047 ex
812 4992 959 5046 libris
986 4988 1256 5045 veteribus
1285 4987 1461 5043 addita
1491 4998 1592 5044 est.

369 5075 391 5101 ε
417 5064 557 5118 Editi
581 5072 634 5115 et
653 5062 808 5117 Colb.
826 5061 1046 5130 primus,
1064 5061 1361 5131 perfectam,
1378 5058 1673 5131 reluctante
1692 5058 1880 5115 Graeco

289 5143 457 5204 atque
474 5133 676 5187 reniter.
686 5141 758 5187 te.
784 5130 963 5185 Codex
985 5130 1189 5196 noster,
1202 5130 1520 5200 imperfecta.
1536 5130 1683 5183 Alter
1699 5131 1877 5193 Colb.,

289 5207 667 5254 imoerl'ectam.
691 5202 895 5254 (Ξῖ-περ.
920 5203 1274 5254 ἀτελεστάοκς.

766 5223 895 5257 περ.
920 5223 1274 5257 ατεΑεστιρκς.

287 5202 667 5277 imperfectam.
691 5202 895 5264 Gnece,
920 5203 1274 5274 ἁτελεστάρκς.

366 5276 392 5311 α
420 5274 586 5341 Editi,
610 5270 1172 5341 memorialisopinedo
1192 5270 1266 5323 vel
1282 5271 1479 5341 agnitio
1500 5271 1873 5341 proximorum.

294 5346 465 5401 Vetus
492 5338 676 5398 noster
694 5341 867 5397 codex
912 5338 983 5394 et‘
1005 5340 1157 5394 Colb.
1187 5338 1480 5404 secundus,
1500 5338 1757 5395 'memoria
1800 5341 1878 5394 uel

288 5416 539 5484 opinatio
556 5413 632 5467 vel
651 5412 850 5484 agnitio
874 5420 950 5465 est
970 5412 1321 5481 proximorum
1346 5426 1363 5463 :
1388 5411 1531 5478 quod
1559 5426 1871 5481 expressum

294 5482 389 5540 θέι
408 5500 479 5540 ex
504 5482 705 5539 (ἔπεῘέ
724 5483 849 5553 illis,
873 5483 1450 5553 purigantgma‘aia...
1485 5485 1775 5551 ἐπίγνωσις.

374 5568 397 5593 ε’
417 5554 646 5626 Antiqui
674 5553 781 5608 duo
806 5550 921 5626 libri
940 5550 1386 5626 considerandum
1425 5561 1502 5605 est
1528 5550 1667 5626 φρει,
1698 5553 1877 5626 minus

295 5625 516 5695 quidem
545 5620 711 5695 recte,
728 5624 820 5679 sed
842 5623 924 5695 ob,
938 5622 989 5677 id
1011 5622 1190 5692 potius
1201 5620 1347 5676 credi
1368 5629 1549 5695 potest
1572 5620 1879 5677 Eustathius

303 5690 378 5754 ita
408 5695 615 5751 locutus
643 5694 820 5748 fuisse.
850 5690 1133 5764 Aliquanto
1181 5699 1301 5760 post
1331 5690 1475 5756 editi,
1506 5691 1618 5762 ipsa
1647 5709 1875 5764 qumque.

1975 4573 2326 4647 Antiquiduo
2354 4573 2494 4639 libri,
2515 4576 2639 4647 ipsa
2664 4592 2879 4647 quoque.

2059 4642 2075 4681 ί
2124 4643 2281 4709 Editi,
2314 4660 2416 4697 non
2444 4642 2608 4697 solum
2640 4642 2819 4698 nam.
2867 4644 3005 4699 Libri
3037 4654 3261 4709 vetexes,
3296 4654 3463 4705 mutu;
3509 4655 3560 4698 rt

1983 4714 2055 4767 ita
2105 4714 2206 4782 legi
2237 4723 2488 4781 oportere
2528 4722 2715 4782 aperte
2759 4715 2993 4767 ostendit
3042 4714 3360 4768 liasilianmn
3411 4712 3556 4778 illud,

1982 4782 2171 4856 agrove.
2202 4782 2371 4856 Paulo
2386 4792 2506 4856 post
2527 4792 2681 4856 vetus
2704 4791 2886 4856 noster
2912 4785 3080 4856 codex
3108 4794 3162 4838 et
3188 4783 3339 4856 Colb.
3365 4800 3560 4840 secun-

1984 4852 2102 4915 diis,
2128 4852 2499 4915 intractabilia,
2526 4854 2683 4907 bene.
2713 4852 2852 4907 Editi
2874 4861 2929 4907 et
2952 4854 3102 4907 Colb.
3129 4854 3350 4922 primus,
3377 4863 3562 4910 tractr-

1983 4922 2124 4987 bilia,
2153 4924 2319 4998 invito
2334 4922 2543 4987 Grmco,
2565 4927 2991 4998 ἀνεταχείμστα.
3019 4922 3254 4980 Subinde
3275 4925 3381 4979 duo
3410 4941 3561 4991 mss.,

1982 5001 2145 5064 potest
2160 4994 2478 5064 dignoscere.

2059 5072 2083 5111 s
2125 5062 2316 5135 Addita
2348 5071 2429 5117 est
2446 5078 2562 5135 vox
2614 5062 2839 5135 aliquam
2888 5079 2952 5117 ex
2989 5064 3137 5120 libris
3166 5067 3413 5135 antiquis.
3451 5066 3561 5120 Ali-

1981 5142 2188 5256 ;manto
2237 5133 2372 5187 infra
2416 5132 2568 5186 Colb.
2621 5132 2906 5199 secundus,
2939 5138 3153 5207 sanguis
3180 5132 3349 5190 autem
3375 5153 3562 5207 conge-

2003 5212 2134 5256 atus.

2003 5212 2134 5256 atus.

2054 5273 2077 5310 ¹’
2111 5274 2166 5327 In
2189 5273 2347 5346 editis
2370 5282 2425 5326 et
2453 5273 2502 5326 in
2523 5270 2674 5346 Coll).
2701 5273 2874 5346 primo
2899 5286 3149 5346 corrupte
3171 5276 3361 5343 legitur
3388 5277 3559 5329 animo

1982 5344 2051 5398 ad
2077 5345 2402 5417 sanguinein,
2450 5345 2661 5417 sanguis
2690 5344 2759 5417 ad
2806 5361 3031 5417 carnem,
3063 5344 3186 5399 cara
3232 5346 3301 5398 ad
3338 5353 3556 5417 terram;

1985 5423 2040 5485 at
2069 5413 2414 5468 emendatein
2438 5413 2561 5485 aliis
2582 5414 2791 5469 duobus
2820 5415 3091 5471 codicibus
3131 5416 3385 5485 scriptum
3417 5413 3558 5469 inve-

1986 5484 2181 5557 nimus,
2217 5484 2515 5557 animati
2549 5486 2888 5557 sanguineae,
2920 5494 3047 5545 etc.,
3088 5494 3147 5540 ut
3187 5484 3251 5539 in
3287 5493 3563 5539 contextu.

1986 5553 2214 5632 Basilius
2240 5554 2471 5632 scripsit,
2489 5553 2669 5632 ’ζμχῆξ
2694 5558 2817 5632 τεξρς
2835 5557 2977 5626 αἷμα.
3002 5558 3349 5632 (rigataque:
3375 5559 3563 5632 σάρκα,

1987 5624 2254 5747 etc.;dho(ti:
2282 5623 2402 5694 ipso
2447 5623 2643 5680 inloco
2668 5623 2794 5681 editi
2829 5623 3125 5696 repetendo.
3163 5623 3305 5680 Libri
3332 5623 3564 5689 veteres,

1989 5710 2108 5747 rene
2147 5710 2212 5746 an
2252 5710 2303 5747 oe.

1989 5710 2303 5765 repedando.
