3964 6178
261 270 392 329 949·-

1245 266 1636 320 llEXAEMERI
1677 266 2388 323 METAPHRASIS'LI'BER
2428 269 2559 324 Vill.

3417 278 3547 335 θ’θ’

260 388 341 441 iiii
364 384 651 439 domiciliis
692 393 1127 446 commanentes.
1177 384 1294 438 alia:
1342 384 1471 438 locis
1511 382 1736 435 desertis
1792 388 1846 433 et
1879 386 1921 441 Α
1953 391 2074 437 tur:
2126 392 2244 453 utpt.
2260 392 2309 438 te
2339 401 2473 453 quas
2516 384 2812 444 laboriosas
2858 397 2913 443 et
2956 388 3226 460 sapientes
3270 395 3522 452 vocitant

264 476 538 531 tuentibus
566 475 920 529 delectantur.
952 472 1047 527 Est
1076 473 1237 527 etiam
1264 472 1450 526 avibus
1471 485 1659 537 n‘iagna
1694 468 1846 523 diffe-

262 569 439 637 rentia
467 580 686 633 vocum,
729 574 784 621 et
811 582 909 621 sua
959 566 1150 634 cuique
1180 567 1500 635 proprietas.
1535 564 1668 619 Sunt
1698 564 1841 618 enim

258 657 509 730 quaedam
551 657 808 725 loquaces
839 664 893 711 et
927 657 1172 723 garrula},
1204 657 1319 710 alite
1350 657 1624 711 taciturna:
1653 673 1664 706 :
1712 671 1845 708 non-

259 750 422 802 nullae
443 761 657 801 cauom
676 755 839 816 atque
864 747 1130 810 clamosae,
1152 754 1313 801 certze
1339 745 1596 807 stridulae,
1624 746 1847 799 nullum-

258 854 366 906 que
397 838 612 906 penitus
640 836 899 891 habentes
919 844 1153 891 cantum.
1181 836 1309 890 Alia:
1341 836 1660 890 naturaliter
1686 851 1848 890 aemu-

261 929 479 983 latriees
506 935 653 992 sunt,
678 927 761 980 vel
790 944 857 980 ex
884 928 1159 982 hominum
1190 926 1567 981 traditionibus
1596 926 1841 983 eruditte.

258 1019 394 1071 Aliae
442 1018 680 1082 unicum,
710 1031 1090 1085 nunquamque
1136 1016 1447 1071 mutabilem
1475 1032 1666 1071 sonum
1696 1018 1844 1072 vocis

257 1109 481 1164 habent.
514 1107 769 1162 Lascivus
797 1115 879 1160 est
905 1107 1094 1174 gallus,
1120 1107 1346 1174 diligens
1369 1123 1526 1176 pavo,
1560 1107 1841 1162 libidinosa

256 1201 530 1264 columba,
561 1198 961 1266 domesticaque
982 1199 1197 1264 gallina.
1230 1199 1458 1254 Dolosus
1486 1208 1540 1254 et
1564 1200 1841 1271 zelotypus

257 1291 479 1359 perdix;
513 1289 887 1357 interdumque
912 1289 1233 1344 venantibus
1262 1289 1587 1354 hominibus,
1615 1290 1679 1344 ad
1709 1290 1840 1345 alio-

258 1400 376 1437 ιιιιτιι
404 1391 622 1450 captum
674 1380 942 1434 malitiose
969 1380 1340 1445 consentiens;
1372 1388 1427 1435 et
1456 1380 1676 1436 omnino
1698 1381 1831 1435 mul-

258 1476 425 1543 tiplrx
458 1474 509 1526 in
560 1472 663 1527 illis
691 1479 903 1526 actuum
930 1486 1247 1540 morumque
1275 1470 1528 1525 discretio
1557 1479 1658 1526 est.

328 1565 381 1619 4.
410 1566 546 1618 Sunt
586 1571 641 1618 et
665 1571 813 1618 certa
842 1562 1092 1617 animalia
1116 1562 1341 1626 urbana,
1369 1562 1414 1615 si
1456 1569 1636 1616 tamen
1679 1562 1838 1615 uiba-

268 1659 446 1714 titatis
476 1665 557 1710 est
576 1655 645 1709 ad
683 1669 847 1709 unum
874 1667 1321 1722 communemque
1350 1651 1531 1715 tinem,
1561 1652 1835 1721 operatio-

1949 477 2259 546 antiquitas.
2283 476 2358 531 lta
2380 478 2617 533 studiose
2645 480 2840 535 victum
2870 483 3147 552 proprium
3179 495 3519 553 reponentes,

1946 584 2171 636 quarum
2227 561 2373 633 usus,
2409 576 2516 623 tam
2567 571 2781 639 regibus
2807 587 2967 640 quam
3019 574 3241 643 privatis
3287 578 3521 632 remedia

1946 662 2135 715 salutis
2164 662 2419 731 impertit.
2453 662 2520 716 Et
2564 664 2672 729 sic,
2702 666 2826 732 quia
2856 667 2933 722 sic
2965 678 2984 706 ε
3008 668 3280 737 sapienter
3326 670 3519 724 horrea

1945 753 2121 807 mellis
2147 753 2429 807 mdilicant.
2465 752 2522 807 In
2554 763 2734 808 tenera
2766 758 2908 811 enim
2960 758 3269 813 membrana
3301 763 3518 816 crebras

1946 843 2151 909 thecas,
2179 842 2385 912 sibique
2413 845 2691 913 contiguas
2728 856 3012 902 exstruunt
3036 868 3047 901 :
3074 856 3134 903 ut
3159 865 3343 905 earum
3389 868 3516 906 con-

1944 932 2187 988 densatio
2239 934 2561 989 tenuissima:
2600 943 2750 989 textu
2780 939 3259 1006 eompaginationis
3287 922 3522 1005 arctata,

1945 1030 2000 1077 et
2021 1024 2152 1078 fulta
2175 1025 2320 1079 velut
2346 1025 2665 1095 quibusdam
2696 1028 2962 1095 repagulis
2991 1044 3126 1097 opus
3153 1046 3313 1086 omne
3338 1031 3516 1089 coutiv

1943 1122 2087 1168 neat.
2115 1112 2543 1184 Unumquodque
2573 1131 2699 1171 vero
2748 1118 3016 1186 spiramen
3055 1128 3245 1175 mutuo
3271 1124 3512 1177 strictum

1942 1218 2081 1257 nexu
2109 1211 2442 1258 sustentatur
2470 1204 2537 1257 ab
2578 1205 2704 1273 alio,
2732 1214 2790 1260 et
2840 1208 3180 1263 subtilissima
3222 1208 3512 1269 forulorunt

1943 1294 2326 1363 interseptione
2346 1295 2659 1350 discinditur
2686 1314 2699 1349 :
2731 1298 2821 1366 qui
2848 1299 2985 1355 binis
3030 1313 3123 1355 aut
3152 1305 3317 1359 ternis
3354 1320 3512 1375 super
3538 1338 3547 1343 -

1941 1404 1998 1443 se
2026 1397 2148 1443 sunt
2171 1389 2403 1445 ordinati
2428 1391 2764 1457 tegminibus.
2796 1392 2978 1461 Neque
2999 1395 3141 1450 enim
3169 1396 3400 1453 directas
3427 1401 3510 1455 vel

1937 1481 2208 1549 simplices
2234 1496 2583 1536 cavernarum
2626 1481 3017 1552 profunditates
3052 1485 3263 1542 efficere
3307 1490 3504 1544 malue-

1939 1579 2082 1634 runt,
2116 1587 2185 1625 ne
2231 1572 2313 1626 sui
2355 1572 2595 1641 pondere
2622 1574 2848 1642 stipatus
2873 1575 3067 1630 humor
3092 1577 3115 1612 ἀ
3145 1588 3388 1633 manaret
3411 1596 3502 1635 ex-

1941 1663 2217 1716 trinsecus.
2251 1661 2407 1716 Disce
2446 1665 2719 1731 quomodo
2766 1667 3073 1732 geometriae
3112 1667 3400 1737 ail'ectatio,
3424 1687 3502 1724 sa-

267 1760 382 1803 ltzim
414 1746 709 1815 perducere
735 1743 1067 1811 Singulorum
1094 1760 1106 1794 τ
1138 1742 1276 1797 Sic“!
1325 1744 1377 1797 in
1423 1742 1611 1813 apibus
1640 1749 1720 1795 εει
1750 1742 1831 1793 Vir
1865 1746 1908 1803 Β
1936 1753 2276 1821 pientissimis
2305 1753 2493 1822 apibus
2522 1763 2829 1822 comparata
2857 1758 3214 1826 postponitur.
3237 1758 3343 1814 Sex
3368 1761 3511 1814 enim

264 1838 407 1897 dere,
439 1835 632 1903 quibus
671 1833 969 1888 communis
1015 1833 1275 1887 habitatio
1314 1841 1414 1897 cst,
1445 1840 1498 1886 et
1526 1833 1750 1896 volatus,
1784 1841 1838 1886 et

261 1942 399 1982 unus
427 1926 579 1980 labor
595 1924 869 1988 omnibus,
902 1931 958 1978 ct
995 1925 1136 1993 quod
1161 1925 1450 1979 maximum
1480 1933 1578 1989 cst,
1611 1927 1709 1980 sub
1749 1942 1836 1978 re-

257 2020 409 2086 gibus
438 2024 492 2070 et
517 2014 739 2070 ducibus
781 2027 1115 2083 unaquaeque
1142 2016 1418 2085 proprium
1450 2031 1643 2069 munus
1681 2030 1838 2069 excr-

258 2119 363 2166 ρει.
396 2108 506 2162 Nec
544 2107 690 2176 prius
742 2105 941 2161 audent
984 2121 1205 2176 campos
1259 2114 1506 2176 patentes
1561 2116 1834 2177 appetere,

259 2216 420 2270 quam
452 2216 608 2255 suum
638 2200 935 2269 principem
985 2199 1214 2253 viderint
1240 2200 1469 2253 volasse.
1503 2200 1614 2253 Rex
1659 2210 1835 2254 autem

257 2290 396 2359 apud
425 2305 519 2344 eas
565 2305 671 2344 non
702 2290 1050 2345 constituitur
1078 2304 1108 2342 a
1136 2289 1355 2358 populo,
1389 2305 1513 2343 nam
1554 2305 1694 2358 smpe
1723 2289 1835 2343 suf-

259 2383 427 2452 fragia
449 2382 803 2437 multitudinis
831 2382 1090 2451 imperita:
1117 2382 1293 2436 solent
1331 2381 1576 2450 indignos
1603 2381 1672 2435 ad
1723 2382 1838 2436 cul-

263 2489 383 2528 men
415 2473 692 2542 imperiale
718 2474 1037 2542 provehere,
1067 2488 1167 2528 nec
1192 2486 1415 2540 regnum
1445 2481 1590 2526 sorte
1620 2481 1837 2542 prmsta-

258 2575 365 2620 tur.
398 2564 534 2619 Sunt
581 2564 723 2619 enim
768 2563 1168 2619 irrationabiles
1214 2565 1392 2619 exitus
1441 2579 1609 2631 urnae,
1640 2565 1837 2632 quippe

259 2672 381 2726 qua:
420 2656 614 2725 smpius
642 2652 822 2709 infimo
850 2654 1044 2724 cuique
1084 2662 1409 2724 potestatum
1439 2655 1681 2710 decernit
1711 2654 1838 2708 insi-

258 2748 402 2815 guia.
434 2745 539 2800 Sed
586 2760 686 2800 nec
731 2761 801 2799 ex
850 2754 1132 2814 parentum
1173 2746 1486 2801 haereditate
1539 2747 1835 2816 imperialia

256 2845 471 2906 sceptra
503 2836 798 2900 traduntur,
831 2838 1083 2905 quoniam
1111 2837 1411 2907 principum
1441 2838 1593 2892 liberi
1623 2852 1718 2907 per
1739 2853 1831 2892 vo-

260 2927 492 2996 luptates
515 2935 569 2981 et
601 2927 822 2981 delicias
848 2925 1002 2981 facile
1029 2935 1459 2997 corrumpuntur,
1493 2935 1547 2983 et
1575 2926 1834 2982 vecordes

257 3016 565 3075 rﬂieiuntur
603 3032 667 3071 ac
704 3017 870 3072 stulti.
896 3016 1002 3073 Sed
1042 3027 1242 3075 natura:
1266 3018 1489 3087 judicio,
1514 3021 1608 3090 qui
1636 3020 1827 3088 dignus

1940 1844 2144 1911 angulis
2175 1844 2503 1914 totidemque
2531 1845 2809 1913 lateribus,
2841 1862 3081 1901 cerarum
3124 1846 3310 1903 fistula:
3341 1853 3501 1905 conti-

1938 1939 2155 1999 nentur,
2187 1948 2287 1987 nec
2329 1940 2507 1987 tamen
2538 1942 2729 1988 erectm
2757 1943 2902 2004 sunt,
2951 1953 3019 1991 ne
3048 1937 3237 1993 fundus
3268 1940 3510 1997 videlicet

1939 2022 2232 2089 laboraret,
2277 2022 2321 2076 si
2341 2022 2711 2091 juncturarum
2740 2042 2941 2082 vacuus
2975 2027 3114 2083 foret
3156 2030 3374 2085 auxilio.
3407 2031 3508 2087 Sed

1940 2112 2220 2167 i:.feriores
2265 2113 2340 2167 illi
2395 2129 2492 2168 sex
2548 2116 2759 2183 anguli,
2809 2118 2964 2172 sedes
3011 2128 3065 2172 et
3123 2119 3508 2176 firmamentum

1938 2202 2206 2269 quoddam
2249 2204 2562 2273 superiectis
2608 2205 2870 2260 habentur
2906 2226 2917 2259 :
2951 2224 3058 2276 quo
3104 2219 3126 2246 ε
3166 2210 3514 2266 tolerabiliter

1939 2296 2148 2364 pondus
2201 2298 2595 2366 superpositum
2650 2299 3065 2369 subvectarent,
3127 2303 3513 2375 humoremque

1940 2384 2275 2440 reconditum
2303 2386 2357 2440 in
2378 2387 2744 2443 cavationibus
2766 2390 2986 2458 singulis
3012 2403 3411 2449 conservareut.

2011 2472 2059 2528 5.
2104 2475 2234 2541 Quis
2265 2475 2429 2544 igitur
2455 2477 2751 2532 volatilium
2785 2480 2958 2535 valeat
2983 2481 3267 2551 diligenter
3295 2492 3510 2540 cunctas

1940 2565 2302 2633 proprietates
2352 2568 2663 2636 exponere?
2712 2567 2808 2622 Vel
2857 2572 3304 2639 quemadmodum
3353 2588 3510 2643 grues

1938 2652 2192 2713 excubias
2213 2658 2445 2715 vicissim
2474 2667 2636 2714 noctu
2659 2661 2976 2731 suscipiunt,
3004 2679 3228 2733 quarum
3252 2666 3368 2720 aliis
3390 2682 3509 2722 cor-

1938 2764 2067 2819 pora
2123 2765 2320 2820 sopore
2367 2751 2716 2819 curantibus,
2767 2756 3034 2810 nonnulla:
3088 2757 3368 2814 tuitionem
3408 2760 3510 2815 illis

1943 2842 2228 2911 perhibent
2257 2843 2542 2911 vigilando.
2594 2843 2723 2910 Qua:
2769 2861 2890 2901 cum
2931 2857 3188 2904 statutum
3230 2850 3331 2906 sibi
3376 2859 3509 2907 tem-

1936 2949 2037 3005 pus
2087 2934 2381 2990 excubandi
2453 2938 2796 3005 peregerinh,
2846 2938 2972 3007 ipsa:
3017 2939 3231 3009 quidem
3278 2943 3509 2998 clamore

1936 3028 2081 3090 dato,
2133 3028 2411 3097 quiescere
2457 3029 2735 3098 incipiunt,
2780 3029 2896 3085 alia:
2948 3047 3077 3087 vero
3132 3042 3276 3089 sorte
3329 3050 3509 3090 succe-

259 3111 438 3175 t‘nerit,
474 3110 672 3165 infulas
702 3121 723 3149 ·
750 3113 943 3182 accipit
977 3112 1327 3181 principatus,
1354 3129 1461 3168 non
1504 3115 1677 3168 minus
1703 3129 1825 3183 pro-
1853 3108 1897 3169 C
1930 3117 2081 3173 dunt.
2112 3117 2264 3172 Hune
2292 3126 2472 3172 autem
2510 3120 2752 3174 ordinem
2795 3128 2850 3175 et
2892 3120 2944 3174 in
2977 3122 3154 3176 volatu
3183 3122 3509 3188 custodiunt,

256 3203 485 3257 ceritatc
518 3203 883 3258 membrorum
935 3218 1095 3273 quam
1131 3203 1350 3259 lenitate
1378 3220 1588 3258 morum
1631 3205 1837 3271 ueteris

261 3300 543 3365 praestans,
575 3302 628 3347 et
657 3295 819 3348 habet
866 3294 1071 3371 spicula
1102 3295 1375 3363 quardam,
1407 3295 1501 3349 sed
1545 3295 1627 3349 his
1654 3295 1721 3349 ad
1752 3295 1839 3349 lae-

259 3386 467 3440 sionem
490 3401 596 3439 non
618 3386 784 3440 utitur
811 3386 1058 3440 aliorum.
1087 3385 1164 3440 lta
1187 3386 1334 3455 leges
1372 3385 1627 3454 quasdam
1651 3385 1839 3439 tacitas

259 3478 341 3532 eis
370 3485 561 3531 natura
580 3478 921 3547 prmscripsit,
940 3478 1131 3547 quibus
1152 3477 1449 3532 retinentur
1470 3477 1537 3532 ad
1566 3476 1837 3531 inferenda

263 3575 531 3621 tormenta
550 3566 895 3635 supplicibus.
928 3566 1059 3635 Ipsa:
1094 3582 1224 3620 vero
1252 3580 1380 3633 apes
1409 3566 1454 3620 si
1501 3575 1697 3620 secutae
1733 3581 1838 3619 non

260 3658 464 3713 fuerint
484 3658 724 3711 instituta
750 3658 1120 3725 regnantium,
1144 3658 1361 3726 propria
1392 3657 1720 3727 pmnitudine
1745 3673 1839 3712 ca-

259 3749 545 3815 stigantur.
571 3747 703 3801 Nam
731 3748 774 3800 si
796 3748 1115 3816 pupugerint
1145 3748 1399 3816 aliquem,
1428 3749 1702 3803 dimittunt
1724 3749 1840 3802 ani-

261 3855 407 3894 n‘am
448 3855 569 3894 cum
623 3840 812 3894 aculeo
846 3840 1005 3893 simul
1053 3841 1104 3893 in
1155 3842 1393 3896 vulnere.
1448 3842 1681 3896 Audiant
1731 3845 1842 3898 haec

262 3930 574 3994 Christiani,
619 3931 810 3999 quibus
861 3930 1169 3984 mandatum
1213 3940 1315 3995 est,
1361 3933 1491 3987 nulli
1518 3934 1715 3987 malum
1743 3949 1841 4003 pro

264 4021 409 4074 malo
440 4036 699 4089 reponere
719 4063 735 4088 ,
767 4019 861 4074 sed
899 4021 951 4074 in
992 4022 1230 4075 bonitate
1259 4038 1513 4092 superare
1563 4025 1836 4077 malitiam.

260 4112 619 4178 Quamobrem
670 4111 947 4165 imitamini
995 4128 1173 4166 mores
1203 4113 1226 4150 δ
1256 4114 1437 4182 apium
1490 4131 1502 4165 :
1552 4128 1670 4181 quze
1713 4113 1842 4167 nulli

260 4201 562 4255 molestiam
593 4200 984 4263 facientes,nec
1012 4202 1184 4256 aliena
1212 4204 1529 4272 patrimonia
1554 4206 1839 4273 rapientes,

262 4290 473 4358 fingunt
499 4292 717 4360 quidem
770 4292 920 4346 favos
968 4301 1306 4346 constructus
1337 4310 1402 4347 cx
1450 4294 1690 4361 ﬂoribus,
1738 4295 1843 4347 mel

261 4390 446 4435 autem
470 4380 539 4435 de
560 4382 785 4437 humore
813 4382 1051 4449 roscido,
1071 4384 1160 4453 qui
1182 4384 1431 4438 arborum
1456 4383 1595 4438 foliis
1625 4386 1841 4453 insidet,

1941 3207 2064 3261 dum
2091 3207 2315 3261 diversis
2342 3209 2545 3262 vicibus
2574 3208 2590 3243 τ
2610 3225 2828 3278 operam
2857 3211 3105 3268 ductandi
3133 3222 3395 3283 coguntur
3421 3230 3511 3270 εχ-

1939 3299 2105 3368 plere.
2161 3296 2392 3352 Ciconite
2444 3313 2575 3352 sane
2623 3317 2731 3354 non
2788 3303 2979 3369 procul
3032 3303 3232 3358 distant
3284 3306 3351 3361 ab
3397 3305 3509 3367 bis,

1939 3388 2132 3459 quibus
2176 3388 2508 3443 rationabilis
2549 3390 2741 3443 collata
2770 3390 3052 3460 prudentia
3094 3402 3195 3448 est.
3228 3394 3360 3448 Nam
3399 3412 3508 3449 uno

1942 3488 2182 3549 tempore
2224 3478 2381 3534 simul
2429 3493 2617 3533 omnes
2661 3479 2964 3546 adveniunt,
2998 3480 3233 3550 itemque
3260 3483 3358 3537 sub
3398 3500 3504 3537 uno

1939 3570 2093 3637 signo
2139 3576 2345 3624 cunctae
2391 3569 2592 3638 pariter
2627 3569 2690 3623 ad
2733 3570 3019 3641 longinqua
3059 3570 3356 3626 discedunt.
3389 3569 3518 3627 Suf-

1942 3659 2215 3726 fragantur
2260 3666 2438 3713 autem
2486 3659 2563 3713 eis
2608 3659 2869 3725 cornices,
2912 3675 3045 3728 quas
3083 3668 3139 3716 et
3175 3658 3510 3730 proficiscen-

1941 3759 2041 3805 tes:
2072 3747 2364 3805 honorifice
2413 3757 2823 3819 prosequuntur,
2867 3757 2922 3803 et
2959 3751 3094 3805 sicut
3135 3751 3261 3805 mihi
3306 3750 3512 3805 videtur

1941 3840 2194 3894 auxilium
2234 3846 2488 3910 priestaut
2530 3840 2653 3904 illis,
2700 3839 2951 3894 adversus
2982 3839 3238 3908 quasdam
3273 3841 3510 3896 volucre.-

1940 3931 2270 4000 pugnaturis.
2303 3928 2467 3998 Cujus
2492 3930 2570 3984 rei
2597 3937 2802 3984 certum
2840 3916 2920 3984 est
2959 3929 3338 3985 documentum
3364 3948 3376 3982 :
3401 3930 3511 3999 pri-

1941 4037 2084 4075 munt
2112 4021 2348 4088 quidem,
2380 4021 2505 4089 quia
2534 4021 2721 4076 cornix
2759 4035 2826 4076 eo
2866 4029 3107 4090 tempore
3153 4022 3364 4091 penitus
3408 4039 3512 4076 non

1942 4110 2153 4165 videtur
2185 4128 2197 4161 :
2228 4109 2422 4165 deinde
2449 4110 2591 4178 quod
2631 4111 2824 4166 sauciae
2862 4111 3167 4177 redeuntes,
3196 4111 3510 4165 manifestis-

1940 4203 2070 4257 sima
2113 4202 2414 4271 praeliorum
2445 4203 2594 4269 signa
2624 4201 3014 4256 demonstrant.
3042 4202 3188 4268 Quis,
3230 4218 3379 4271 rogo,
3414 4203 3513 4257 illis

1942 4292 2321 4364 hospitalitatis
2345 4292 2463 4360 jura
2492 4292 2793 4346 mandavit?
2822 4294 2926 4346 Aut
2952 4294 3072 4361 quis
3098 4294 3196 4347 sub
3224 4294 3512 4348 commina-

1946 4386 2093 4440 tione
2121 4383 2372 4453 prazcepit
2410 4390 2468 4436 ut
2507 4382 2740 4436 ciconias
2779 4383 2829 4436 in
2870 4382 3151 4452 procinctu
3190 4385 3390 4453 positas
3420 4401 3514 4437 suo

263 4487 359 4526 ore
374 4472 662 4528 collectum
691 4473 741 4524 in
765 4474 935 4530 cereis
953 4474 1255 4529 recondunt
1279 4476 1591 4530 cellis.Nam
1612 4477 1842 4546 denique
1872 4464 1919 4522 Ι)
1946 4494 2052 4533 non
2080 4477 2433 4533 destituerem
2459 4475 2751 4531 comitata?
2778 4475 3012 4529 Audiant
3040 4477 3151 4531 hare
3178 4478 3324 4530 avari
3354 4477 3515 4530 homi-

260 4562 515 4630 liquidius
544 4563 773 4619 habetur
794 4564 918 4629 mel,
955 4564 1097 4633 quod
1127 4567 1303 4634 primo
1327 4569 1635 4637 percipitur,
1654 4569 1845 4624 deinde

260 4652 521 4719 iaulntim
575 4661 816 4723 tempore
864 4655 1187 4723 procedente
1234 4657 1521 4724 digestum,
1568 4660 1633 4711 ad
1691 4676 1847 4717 suam

259 4743 662 4809 spissitudinem
700 4746 1127 4814 suavitatemque
1173 4749 1477 4803 revertitur.
1511 4750 1626 4804 Non
1657 4752 1846 4807 imme-

262 4836 369 4887 rito
398 4848 527 4901 ergo
550 4842 819 4889 tantarum
850 4835 1064 4893 laudum
1094 4852 1222 4907 apes
1250 4840 1476 4907 gloriam
1505 4856 1845 4910 consequun—

336 4979 360 5046 ξι
401 4966 562 5046 ξξάὶιί,
585 4971 799 5038 accepit.
833 4969 975 5025 Libri
1005 4980 1213 5046 veteres
1234 5015 1247 5039 ,
1279 4976 1485 5046 arripit.

334 5037 362 5074 ι’
401 5036 585 5093 Codex
618 5036 775 5102 unus,
809 5058 982 5110 apum.
1015 5041 1207 5097 Statim
1236 5036 1402 5098 Coll):
1425 5047 1718 5111 secundus,
1752 5065 1845 5101 nec

262 5110 440 5187 aliena
466 5111 805 5187 patrimonia.
834 5111 931 5163 Alii
956 5128 1089 5187 mss.
1117 5130 1219 5167 una
1251 5131 1374 5187 cum
1397 5115 1572 5180 editis,
1612 5110 1717 5171 alia
1749 5134 1848 5187 pa-

260 5179 832 5261 trimoriia.Alit1ttant0
844 5182 1129 5249 postColh.
1155 5186 1438 5249 secundus,
1460 5187 1594 5258 quod
1623 5179 1844 5256 primum

332 5258 562 5302 rcim‘tur.

332 5266 402 5301 rei
442 5266 562 5302 itur.

260 5266 366 5398 Ρῗο
407 5266 568 5398 ἔφη,
594 5319 697 5398 Cur
720 5320 834 5398 sic?
853 5322 974 5391 quia
999 5323 1093 5375 sic.
1121 5322 1591 5398 Coll)._sectinalus,
1624 5335 1672 5379 et
1719 5330 1839 5398 quia

261 5390 343 5445 sic
369 5390 645 5513 ειὲρὶεηεεν.
673 5389 831 5444 Liber
854 5389 1035 5446 noster
1056 5402 1225 5457 vetus,
1255 5393 1319 5446 Et
1341 5397 1433 5458 sic,
1458 5397 1576 5466 quia
1606 5399 1699 5459 sic,
1730 5389 1833 5451 etc.

340 5457 367 5497 ἀ
451 5459 548 5513 diti
576 5468 631 5512 et
654 5460 761 5513 duo
785 5476 937 5513 mss..
970 5472 1217 5513 maneret.
1243 5462 1441 5513 inenle.
1474 5467 1540 5513 At
1566 5467 1719 5513 (lolh-
1751 5484 1833 5513 se-

340 5457 367 5497 ἀ
393 5457 548 5532 _Editi
576 5468 631 5512 et
654 5460 761 5514 duo
785 5476 937 5525 mss.,
970 5472 1217 5527 maneret,
1243 5457 1441 5532 inepte.
1469 5457 1540 5518 "At
1566 5457 1720 5521 (ἔθη).
1751 5484 1839 5521 se-

262 5530 495 5593 cundus,
546 5540 813 5594 manaret,
855 5533 985 5585 satis
1024 5530 1429 5588 accommodate
1475 5537 1540 5589 ad
1598 5536 1839 5591 Graecum

265 5600 512 5674 verbum,
540 5600 828 5674 simsim.
863 5600 1062 5674 Ibidem
1098 5604 1252 5667 editi,
1293 5605 1432 5658 disce
1461 5607 1718 5674 quoniam.
1756 5605 1842 5661 Li-

174 5690 179 5695 ·
265 5668 595 5737 Ι›ι·ἱε.ι.ιίψιί,
629 5670 764 5721 disne
784 5664 1052 5740 quomodo.

1945 4584 2059 4634 nes,
2091 4568 2183 4637 qui
2212 4577 2237 4614 8
2267 4575 2463 4635 negata
2504 4567 2797 4637 peregrinis
2835 4565 3247 4621 adventantibus
3276 4568 3516 4622 humani-

1946 4670 2075 4725 tate,
2103 4660 2296 4728 januas
2324 4675 2446 4714 suas
2476 4658 2748 4723 claudunt,
2777 4666 2834 4712 et
2873 4674 2973 4713 nec
3017 4660 3172 4713 tectis
3207 4673 3302 4713 eos
3328 4673 3517 4713 succe-

1945 4754 2074 4808 dere
2096 4755 2269 4809 noetis
2294 4760 2385 4807 aut
2405 4751 2594 4806 hiemis
2620 4759 2861 4820 tempore
2888 4751 3177 4820 patiuntur.
3207 4749 3518 4806 Liberalitas

1943 4860 2075 4899 vero
2122 4859 2239 4914 qua:
2292 4843 2509 4898 senibus
2555 4842 2793 4899 ciooniis,
2822 4858 2852 4897 a
2894 4842 3194 4912 junioribus
3239 4826 3519 4899 exhibetur

2558 4946 2573 4971 Ι

2032 4991 2054 5015 ε’
2095 4978 2255 5050 Editi,
2282 4980 2415 5049 quod
2443 4976 2789 5050 tolerabiliter.
2816 4981 2883 5033 At
2903 4994 3028 5050 mss.
3054 4977 3307 5050 du0,quo
3329 4981 3518 5035 tolera-

1950 5049 2135 5103 biliter.
2166 5048 2449 5121 Aliqttanto
2474 5048 3091 5121 post‘ilolbasecundus,
3125 5048 3244 5104 aliis
3266 5054 3520 5121 corporali

1949 5135 2138 5191 sopore
2164 5117 2754 5191 cubaniibusKSnbinde
2783 5118 2921 5173 idem
2949 5118 3138 5186 codex,
3167 5122 3278 5191 ipse
3300 5117 3519 5191 quidem.

1948 5186 2067 5243 vox
2092 5189 2273 5242 ultima
2298 5187 2362 5240 ab
2384 5186 2542 5241 editis
2568 5188 2774 5242 aberat.

2026 5257 2043 5296 ι
2074 5258 2227 5311 Colb.
2249 5256 2534 5329 secundus,
2559 5274 2766 5329 operam
2788 5258 3006 5313 ducendi
3026 5270 3273 5329 coguntur
3293 5258 3519 5329 implere.

1952 5329 2245 5398 Aliquanto
2267 5333 2390 5393 post
2419 5316 2568 5398 editi,
2591 5316 2852 5398 primum,
2884 5331 3023 5398 quia.
3055 5316 3205 5385 σου).
3237 5316 3519 5389 εεριιῖιὼις,

1945 5398 2110 5469 primo
2125 5395 2342 5466 quidem,
2360 5395 2683 5466 quia.Codex
2698 5395 2906 5465 noster,
2917 5399 3132 5469 primum
3148 5398 3365 5470 quidem,
3381 5398 3497 5467 quia
3508 5436 3519 5448 .

2017 5477 2040 5512 κ
2084 5464 2235 5518 Colb.
2291 5465 2579 5522 secundus.
2628 5468 2715 5522 nui
2762 5478 3086 5522 neaanl......
3134 5467 3519 5520 Imumnitatem.

2017 5486 2040 5512 δ
2084 5486 2235 5518 υυιυ.
2291 5486 2579 5531 secundus,
2628 5486 2715 5539 qm
2762 5486 3086 5540 negam......
3134 5486 3518 5520 ainnamzarem.

1944 5535 2110 5588 Paulo
2139 5541 2261 5602 post
2288 5533 2416 5587 editi
2443 5543 2505 5589 et
2524 5537 2629 5591 duo
2662 5554 2810 5600 Inss.,
2835 5555 2920 5592 eos
2948 5535 3231 5591 succedere.
3262 5535 3414 5590 Colb.
3440 5551 3518 5587 se-

1944 5605 2167 5668 cundus,
2191 5620 2275 5677 eos
2302 5607 2573 5675 suscipere.
2610 5606 2758 5663 Haud
2791 5609 2941 5677 longe
2972 5605 3121 5673 editi,
3149 5609 3424 5673 potientur.
3454 5607 3521 5658 At

1946 5690 2097 5738 mss,
2140 5674 2420 5742 patiuntur.
