3964 6178
422 204 517 261 951

1864 207 2083 266 ΕΕΒΤΑ
2092 210 2223 265 ’11111

3582 216 3693 271 I32

417 319 687 376 sufﬁceret
715 320 991 375 hominum
1021 319 1174 384 ﬁlios,
1206 319 1251 372 si
1280 318 1500 373 mallent
1524 317 1821 384 advertere,
1850 336 1992 375 ama~
2024 332 2068 385 Α
2098 324 2368 392 quomodo
2398 324 2539 392 apud
2569 342 2695 378 aves
2726 327 3121 381 irrationabiles
3149 326 3483 381 continentia
3518 327 3696 381 vidiu-

419 423 566 469 tores
593 428 812 469 suorum
841 411 1063 468 reddere
1090 412 1412 479 genitorum.
1443 408 1572 476 Quis
1605 411 1746 464 enim
1776 420 1882 465 tam
1912 412 1995 466 in-

413 505 616 573 sipiens
641 512 741 567 est,
767 511 826 556 ut
845 518 950 557 non
974 519 1031 558 se
1052 511 1080 539 ι
1105 509 1325 556 censeat
1344 503 1631 570 ignominia
1654 504 1848 568 notari,
1876 519 1995 558 cum

413 594 602 649 avibus
655 593 1104 648 irrationabilibus
1157 593 1302 648 cultu
1350 594 1694 663 postponitur
1746 595 1997 663 pietatis?

412 680 519 736 illa:
547 693 798 751 parentes
826 696 955 737 suos
980 692 1140 737 aetate
1167 680 1445 737 confectos
1482 683 1780 752 pennisque
1808 698 1995 737 eorum

411 780 677 828 vetustate
704 772 947 841 dejectis,
974 774 1396 837 circumstantes,
1426 775 1658 844 propriis
1686 775 1883 844 plumis
1912 775 1996 831 1⁵ος

409 872 556 928 vent,
601 865 1019 935 alimoniamque
1065 874 1405 931 convectant,
1434 876 1489 920 et
1535 867 1587 920 in
1628 867 1808 921 volatu
1852 866 1996 935 quod

410 956 705 1023 potuerint,
739 955 862 1010 hinc
903 956 1027 1011 inde
1058 970 1115 1009 se
1149 964 1533 1025 supponentes,
1580 966 1810 1012 senecta:
1839 959 1996 1012 lassi-

409 1044 649 1103 tudinem
706 1046 1085 1114 consolantur,
1139 1046 1345 1101 alarum
1396 1063 1613 1102 suarum
1659 1064 1750 1104 eas
1796 1044 1997 1105 auxilio

407 1146 792 1194 sustentantes.
836 1139 966 1205 Qua:
1011 1154 1099 1194 res
1142 1155 1239 1209 per
1267 1156 1454 1195 omnes
1484 1141 1679 1211 ubique
1707 1151 1894 1209 gentes
1920 1144 1995 1197 ita

407 1230 731 1302 percrebuit,
755 1238 813 1285 ut
834 1230 993 1284 hodie
1015 1230 1377 1284 remuneratio
1403 1229 1566 1285 delati
1589 1231 1833 1286 benclicii
1857 1232 1994 1301 apud

404 1318 624 1377 Gnccos
652 1323 1079 1396 ἀντιπι)άργωσις
1108 1320 1434 1375 nominetur.
1468 1321 1809 1392 Quapropter
1834 1338 1995 1379 nemo

406 1428 466 1466 se
491 1413 706 1481 penitus
734 1412 959 1466 obtentu
989 1412 1322 1481 paupertatis
1342 1427 1628 1477 excusans,
1649 1413 1716 1468 de
1744 1414 1850 1468 vita
1877 1431 1997 1485 pro-

407 1504 522 1573 pria
551 1506 822 1574 desperet,
855 1505 1100 1573 quamvis
1146 1504 1305 1558 nulla:
1341 1503 1487 1559 domi
1527 1505 1873 1575 suppeditent
1913 1507 1992 1561 fa-

406 1596 654 1662 cultates,
694 1596 820 1651 dum
864 1597 889 1635 δ
939 1598 1268 1664 ingeniosam
1317 1598 1713 1667 contemplatur
1751 1597 1995 1652 hirundi-

2100 416 2222 469 tatis
2254 415 2281 467 1.
2299 416 2619 483 equentibus
2662 418 2859 487 nuptiis
2904 416 3218 473 antefertur.
3254 418 3448 488 Aquila
3476 419 3530 472 in
3559 420 3693 473 edu—

2097 506 2279 560 czmdis
2306 506 2464 575 pullis
2492 508 2722 575 propriis
2742 507 2932 577 injusta
2957 507 3124 562 fertur
3142 523 3282 563 esse.
3304 506 3528 563 Duobus
3548 510 3695 562 enim

2099 598 2414 667 procreatis,
2467 613 2631 652 unum
2679 600 2991 653 verberibus
3035 600 3240 653 alarum
3288 597 3314 635 ἀ
3367 600 3691 654 mulctatus:-

2098 686 2311 756 projicit
2332 689 2385 741 in
2415 696 2635 756 terram,
2657 689 2884 743 alterum
2915 698 3238 744 retentatum
3269 690 3436 743 fovet.
3463 688 3542 742 Ita
3567 706 3695 758 pm—

2099 785 2219 846 pter
2245 778 2418 833 victus
2446 778 2682 848 inopiam
2710 780 2920 847 cogitur
2948 794 3146 847 negare
3167 794 3326 847 quem
3353 782 3563 848 genuit,
3589 796 3693 835 nec

2100 878 2278 923 tamen
2307 885 2430 924 eum
2468 870 2595 925 sinit
2624 870 2844 924 interire
2885 870 3195 937 ossifragus,
3225 868 3320 923 sed
3349 876 3691 938 assumptum

2095 960 2329 1030 propriis
2357 961 2592 1030 applicat
2621 960 2798 1029 pullis,
2824 968 2880 1014 et
2899 961 3138 1013 studiose
3168 961 3355 1013 nutrit.
3383 959 3545 1013 Tales
3564 968 3693 1013 sunt

2099 1051 2341 1105 nonnulli
2389 1059 2642 1122 parentes
2687 1050 2988 1113 hominum,
3017 1051 3109 1119 qui
3142 1058 3516 1119 paupertatem
3558 1067 3691 1105 cau-

2097 1140 2196 1196 sali
2236 1157 2361 1195 suos
2405 1149 2681 1211 exponunt
2728 1141 2942 1205 liberet,
2983 1142 3067 1195 vel
3116 1142 3443 1195 hau-editatis
3482 1152 3687 1195 εοτιιιη,

2097 1248 2204 1287 non
2234 1249 2441 1303 aequam
2473 1234 2803 1288 constituunt
2853 1234 2991 1286 inter
3039 1249 3155 1287 eos.
3198 1232 3402 1299 Quibus
3432 1236 3691 1302 quoniam

2098 1340 2255 1394 pares
2283 1340 2472 1379 causas
2500 1325 2796 1394 prastitere
2828 1323 3104 1390 nascendi,
3130 1324 3334 1392 justum
3360 1334 3507 1378 esset
3530 1336 3585 1377 ut
3608 1326 3689 1379 bis

2098 1414 2312 1468 vivendi
2342 1415 2507 1467 etiam
2551 1430 2736 1483 parem
2770 1414 3068 1467 tribuerent
3098 1415 3424 1482 portionem.
3454 1413 3531 1468 Ne
3559 1414 3699 1467 velis

2097 1521 2225 1576 ergo
2254 1507 2628 1577 prmdatricum
2671 1508 2847 1560 avium
2890 1522 3070 1560 mores
3108 1507 3374 1571 inmolari,
3403 1522 3524 1575 qua:
3565 1522 3690 1561 cum

2090 1597 2327 1683 viderint
2355 1597 2531 1666 pullos
2554 1612 2680 1650 suos
2703 1595 2813 1664 jam
2843 1595 3044 1650 volatui
3071 1605 3094 1631 ε
3117 1594 3480 1662 conﬁdentes,
3506 1594 3575 1648 de
3602 1596 3689 1648 ni-

408 1705 551 1743 uem.
585 1687 677 1743 Illa
708 1690 850 1744 enim
880 1689 931 1742 in
956 1687 1265 1742 fabricando
1294 1687 1420 1741 nido
1447 1688 1629 1757 paleas
1656 1688 1870 1756 quidem
1900 1704 1995 1743 ore
2030 1698 2070 1756 ιδ
2090 1682 2178 1740 dis
2200 1701 2295 1739 eos
2320 1686 2621 1754 prmcipites
2649 1686 2940 1739 exturbant
2966 1692 3125 1752 atque
3155 1682 3462 1753 projiciunt,
3486 1683 3685 1738 nullam

408 1787 732 1848 comportat,
765 1779 950 1832 limum
995 1786 1175 1832 autem
1223 1777 1448 1847 pedibus
1476 1777 1616 1833 ferre
1652 1794 1757 1833 non
1788 1779 1991 1843 valens,

409 1869 614 1922 alarum
644 1869 979 1922 summitates
1018 1868 1291 1921 humectat
1318 1868 1370 1920 iu
1402 1865 1580 1931 ﬂuvio,
1613 1867 1805 1921 deinde
1835 1869 1885 1921 in
1916 1869 1993 1923 ci-

410 1974 540 2014 nere
567 1958 829 2023 volutata,
855 1958 1103 2013 carmenti
1129 1972 1283 2012 usum
1313 1958 1522 2012 videtur
1541 1958 1781 2028 explere.
1813 1955 1999 2013 Paula-

409 2052 615 2120 timque
637 2050 883 2105 surculos
907 2051 1047 2103 inter
1068 2065 1124 2104 se
1156 2050 1269 2104 luto
1299 2049 1571 2119 apposito,
1597 2050 1743 2104 velut
1761 2049 1997 2119 quadam

408 2145 554 2208 glute
582 2141 931 2209 conjungens,
955 2158 1082 2196 suos
1101 2141 1295 2199 educat
1317 2141 1508 2211 pullos.
1533 2139 1772 2207 Quorum
1795 2141 1837 2196 si
1858 2142 1999 2210 quis.

408 2236 551 2306 piam
580 2233 767 2289 oculos
794 2232 1057 2299 elioderit,
1103 2233 1265 2288 habet
1311 2250 1497 2288 eorum
1547 2243 1719 2288 mater
1747 2250 1776 2288 a
1806 2242 1996 2291 natura

406 2327 510 2382 sibi
540 2326 793 2382 traditam
820 2327 1159 2392 medicinam,
1195 2343 1299 2395 qua
1330 2344 1453 2382 mox
1497 2327 1562 2381 ad
1606 2330 1891 2383 sanitatem
1923 2329 1999 2383 fe-

411 2429 561 2473 tuum
605 2433 835 2499 suorum.
872 2417 1095 2473 reducat
1134 2427 1429 2489 aspectum.
1480 2416 1606 2473 Haec
1651 2427 1705 2474 te
1750 2418 2000 2475 videlicet

411 2508 788 2575 bortabuntur,
836 2525 904 2565 ne
946 2509 1013 2564 ad
1054 2521 1077 2549 ε
1117 2509 1521 2579 improbitatem
1566 2510 1700 2565 velis
1745 2512 2001 2577 egestatis

411 2599 697 2655 occasione
743 2600 1010 2664 converti,
1064 2616 1163 2654 nec
1205 2601 1257 2654 in
1302 2601 1551 2670 pessimis
1596 2601 1802 2656 artibus
1847 2617 1996 2672 spem

410 2688 623 2743 vivendi
655 2688 951 2755 collocans,
983 2689 1232 2742 immunis
1271 2689 1527 2744 bonitatis
1555 2704 1849 2760 exsorsque
1877 2690 2000 2745 red-

412 2779 576 2843 daris,
608 2778 702 2834 sed
746 2778 813 2833 ad
844 2778 1009 2833 Deum
1048 2778 1324 2848 confugias
1366 2796 1378 2831 :
1418 2778 1508 2848 qui
1557 2794 1677 2833 cum
1724 2779 1997 2833 hirundini

414 2880 524 2925 tam
567 2885 758 2940 magna
795 2869 1097 2937 donaverit,
1126 2877 1331 2938 quanto
1369 2869 1572 2937 majora
1616 2870 1891 2939 praestabit
1919 2870 2002 2923 bis

414 2962 506 3029 qui
542 2970 665 3016 eum
707 2969 821 3015 tota
859 2960 1053 3014 mentis
1092 2960 1387 3013 intentione
1430 2959 1751 3029 implorant?
1798 2957 1998 3030 Alcyon

2098 1776 2311 1845 penitus
2341 1775 2443 1829 illis
2472 1790 2657 1829 curam
2696 1774 2952 1843 deinceps
2994 1772 3383 1842 impendentes.
3416 1771 3694 1830 Laudatur

2097 1882 2128 1922 e
2157 1874 2345 1921 contra
2374 1867 2517 1921 circa
2549 1875 2703 1921 natos
2730 1866 2960 1921 cornicis
2987 1862 3221 1929 affectio,
3251 1878 3389 1932 quos
3417 1874 3473 1918 et
3498 1864 3683 1917 volan~

2097 1965 2181 2011 tes
2210 1958 2568 2027 prosequitur,
2598 1965 2649 2010 et
2681 1971 2858 2011 escam
2888 1955 3107 2023 largiter
3133 1954 3526 2008 subministrat.
3552 1954 3678 2008 Crr-

2099 2057 2165 2102 ta:
2197 2052 2327 2102 vero
2364 2047 2625 2110 volucres,
2659 2046 2724 2100 ad
2757 2044 3069 2099 nutriendos
3114 2042 3481 2112 fovendosque
3526 2043 3687 2109 fetus,

2097 2138 2455 2193 masculorum
2479 2137 2756 2206 juvaniine
2779 2153 2886 2191 nou
2915 2143 3155 2190 utuntur.
3190 2133 3321 2189 Alite
3341 2151 3473 2190 sane
3500 2151 3688 2190 earum

2098 2244 2217 2297 qua:
2246 2228 2405 2282 altius
2439 2228 2665 2281 volitant
2689 2226 2899 2281 steriles
2926 2226 3147 2279 omnino
3173 2232 3319 2288 sunt,
3350 2225 3489 2279 sicut
3513 2226 3689 2280 vultu-

2098 2337 2202 2383 res,
2232 2337 2367 2390 quos
2395 2328 2639 2375 asserunt
2666 2320 2782 2374 sine
2802 2319 2947 2373 coitu
2968 2331 3248 2386 generare,
3272 2316 3541 2386 praecipue
3564 2333 3689 2373 cum

2100 2415 2208 2468 sint
2236 2413 2475 2480 longaevi.
2512 2410 2645 2465 Nam
2674 2402 2837 2464 vitam
2877 2425 3068 2465 eorum
3111 2422 3326 2463 centum
3375 2409 3530 2461 annis
3575 2424 3688 2463 ma-

2100 2520 2230 2559 nere
2262 2502 2280 2539 (
2315 2502 2603 2556 aﬂirmant.
2649 2500 2731 2556 Sit
2775 2501 2936 2569 igitur
2976 2500 3089 2553 hare
3137 2498 3230 2552 tibi
3278 2513 3403 2567 pars
3447 2498 3692 2553 historia:

2101 2605 2285 2652 notata
2323 2596 2389 2650 de
2429 2596 2636 2659 avibus,
2666 2604 2725 2649 ut
2753 2610 2874 2649 cum
2904 2594 3100 2648 videris
3122 2593 3333 2663 aliquos
3357 2593 3690 2647 cachinnan-

2102 2698 2202 2753 tes,
2251 2696 2475 2759 propter
2528 2686 2795 2741 iiiellabile
2842 2685 3157 2757 mysterium
3204 2684 3483 2737 catholica
3537 2682 3684 2743 ﬁdei,

2101 2780 2244 2852 quod
2272 2780 2425 2851 quasi
2455 2778 2782 2849 impossibile
2810 2778 2898 2842 sit,
2930 2777 3272 2844 alienumque
3301 2784 3500 2829 natum
3526 2774 3687 2841 virgi~

2104 2889 2225 2927 nem
2257 2872 2549 2942 peperisse,
2591 2877 2734 2924 statu
2778 2867 3100 2935 virginitatis
3147 2866 3355 2933 integro
3399 2864 3691 2927 custodito,

2104 2966 2308 3033 cogites
2335 2965 2462 3033 quia
2489 2963 2576 3017 ille
2602 2962 2694 3031 qui
2715 2961 2964 3028 dignatus
2988 2968 3070 3013 est
3099 2959 3151 3013 in
3177 2958 3402 3012 stultitia
3430 2956 3692 3027 przcdica-

415 3051 624 3107 avicula
654 3059 739 3106 est
760 3049 1003 3120 quaadam
1036 3051 1088 3103 in
1118 3048 1388 3132 littoribus
1416 3049 1636 3104 marinis
1669 3049 1839 3104 fetare
1868 3065 1999 3104 con-
2029 3072 2073 3133 ρ
2106 3056 2267 3109 tionis
2312 3054 2520 3108 salvare
2566 3051 2871 3117 credentes,
2911 3051 3050 3106 idem
3079 3064 3296 3119 quoque
3333 3048 3487 3103 nobis
3530 3050 3690 3103 innu-

416 3151 587 3208 sueta,
618 3157 737 3211 qua:
763 3157 925 3211 super
952 3141 1122 3210 ipsam
1161 3156 1381 3194 arenam
1422 3140 1575 3210 ponit
1603 3154 1727 3208 ova,
1762 3155 1828 3196 eo
1868 3148 2003 3194 tem-

419 3249 549 3302 pore
576 3249 684 3302 quo
713 3249 860 3287 mare
887 3233 1068 3286 multis
1096 3233 1452 3301 gravibusqzze
1483 3241 1763 3287 ventorum
1790 3231 2003 3287 ﬂatibus

417 3333 791 3379 .oimnovelur
830 3342 842 3375 :
883 3322 977 3378 sed
1017 3332 1196 3378 tamen
1244 3339 1434 3378 omnes
1481 3332 1609 3379 tunc
1657 3331 2004 3393 tempestates

418 3414 772 3484 procellaeque
798 3412 1056 3469 sedantur
1083 3430 1181 3483 per
1209 3414 1445 3482 integros
1484 3422 1692 3483 septem
1721 3414 1854 3477 dies,
1885 3415 2005 3483 qui-

418 3508 517 3561 bus
544 3508 659 3563 avis
686 3514 987 3561 memorata
1017 3507 1215 3562 cubare
1242 3514 1491 3561 narratur
1523 3525 1535 3558 :
1569 3505 2005 3561 nutriendorum-

418 3612 523 3666 que
551 3599 720 3667 gratia
748 3597 1039 3669 pullorum,
1068 3606 1353 3667 postquam
1387 3598 1600 3652 fuerunt
1628 3598 1694 3653 de
1722 3599 1839 3654 ovis
1868 3599 2004 3654 edn?

419 3690 513 3754 cti,
544 3699 749 3764 septem
796 3690 913 3745 dies
959 3690 1094 3745 alios
1136 3690 1209 3744 illi
1247 3690 1387 3744 Deus
1427 3704 1740 3758 magnorum
1787 3692 2009 3759 largitor

419 3781 632 3850 adjecit,
660 3796 798 3851 quos
828 3781 941 3835 dies
972 3782 1169 3859 nautici
1197 3781 1501 3849 diligentius
1531 3781 1898 3845 observantes,
1929 3784 2007 3836 al-

419 3873 641 3946 cyonios
679 3887 774 3927 eos
800 3879 1015 3927 vocant.
1049 3871 1174 3925 Hmc
1206 3872 1300 3926 tibi
1332 3873 1639 3942 praiscripta
1671 3880 1815 3938 sunt,
1847 3888 2009 3943 super

420 3964 673 4019 remediis
694 3962 1060 4018 indubitanter
1087 3978 1116 4017 a
1145 3962 1257 4018 Deo
1287 3963 1611 4018 salutaribus
1632 3963 2002 4034 deprecandis.

420 4054 559 4123 Quid
586 4054 731 4110 enim
758 4069 865 4110 non
895 4054 1140 4109 mirabile
1169 4052 1261 4108 ﬁat
1288 4055 1365 4109 tui
1394 4070 1574 4117 causa,
1607 4056 1701 4124 qui
1729 4055 1794 4109 ad
1823 4056 2008 4123 imagi-

422 4162 545 4202 nem
573 4144 669 4201 Dei
700 4144 870 4201 l‘actus
897 4161 978 4214 es,
1008 4161 1129 4200 cum
1153 4155 1376 4216 propter
1404 4162 1556 4201 avem
1583 4148 1859 4217 parvulam
1890 4160 2006 4200 ma.

424 4239 624 4292 ximam
665 4236 1183 4305 lormidolosumque
1231 4252 1378 4292 mare
1417 4238 1601 4291 videas
1642 4245 2009 4308 tempestuoso

423 4342 667 4402 tempore
707 4330 820 4385 ﬁeri
872 4330 1237 4400 tranquillum,
1273 4328 1450 4384 divina
1497 4330 1860 4401 prteceptione
1904 4329 2009 4384 tre-

422 4422 644 4475 natum?

495 4510 549 4565 6.
581 4510 863 4566 Turturem
896 4510 1071 4566 ferunt
1100 4512 1143 4564 si
1173 4511 1390 4580 quando
1423 4526 1549 4565 casu
1575 4512 1753 4581 aliquo
1784 4525 2007 4580 separev

423 4610 511 4654 tur
540 4617 569 4654 a
601 4602 851 4672 conjuge,
883 4602 1189 4657 nullatenus
1214 4603 1359 4657 coire
1388 4618 1510 4657 cum
1539 4603 1728 4663 altero,
1765 4602 1858 4657 sed
1889 4618 2006 4655 me-

424 4692 595 4746 moria
660 4695 856 4764 prioris
919 4695 1170 4750 connubii
1244 4694 1606 4766 perduraute,
1674 4703 2006 4752 contractum

424 4782 671 4836 secundm
734 4785 1093 4854 copulationis
1149 4786 1405 4854 abnuere.
1468 4785 1698 4840 Audiant
1754 4786 2007 4841 mulieres

494 5075 520 5103 ι
551 5064 709 5125 Editi,
742 5076 796 5117 ut
843 5083 947 5121 non
994 5077 1273 5124 recenseat.
1306 5067 1475 5121 Vetus
1515 5073 1701 5120 noster
1734 5064 1921 5127 codex,
1952 5073 2008 5116 ut

425 5154 528 5193 non
564 5152 623 5209 se
669 5135 1095 5209 censeataPaulo
1138 5147 1260 5209 post
1305 5152 1460 5201 mss.,
1508 5135 1772 5207 hodieque.
1805 5133 2008 5189 Vocula

426 5223 520 5281 que
548 5206 732 5281 deerat
761 5204 812 5281 in
840 5206 1089 5281 vulgatis.

496 5278 522 5317 ι)
552 5276 714 5345 Editi,
739 5276 879 5331 domi
908 5275 1246 5346 ingeniosam.
1281 5275 1423 5346 Libri
1452 5282 1681 5337 veteres,
1713 5274 1833 5328 dum
1860 5273 2007 5346 inge-

426 5350 645 5416 niosam.
678 5343 827 5403 Haud
857 5343 1012 5412 longe
1041 5345 1168 5416 editi
1198 5353 1254 5400 et
1292 5345 1399 5416 duo
1442 5360 1595 5416 mss.,
1626 5346 1760 5399 velut
1786 5343 2009 5416 quadam

428 5420 583 5488 glute.
616 5412 764 5473 Alius
788 5418 979 5479 codex,
1010 5414 1141 5488 velut
1176 5415 1400 5488 quodam
1437 5415 1602 5488 glute;
1632 5416 1721 5488 ubi
1750 5412 2009 5484 suspicari

428 5477 551 5554 licet
578 5489 913 5547 Eustathium
964 5477 1033 5541 ex
1060 5477 1248 5540 Grzeco
1287 5477 1592 5556 scripsisse,
1618 5486 1753 5540 velut
1790 5477 2014 5558 quioaam

428 5561 649 5638 glutine,
658 5560 774 5638 ,οἷον
794 5561 950 5638 κόλλῃ.
962 5559 1078 5616 τινί.

504 5643 519 5670 ε
557 5624 708 5689 Coll),
754 5624 1036 5695 secundus,
1079 5625 1146 5680 ad
1191 5626 1511 5694 pruritu-tem.
1562 5624 1851 5693 Aliquanto
1892 5634 2013 5694 post

2104 3147 2390 3203 inerabiles
2418 3162 2607 3202 causas
2642 3161 2710 3200 ex
2757 3154 2947 3199 natura
2989 3150 3231 3213 sumptas
3271 3141 3339 3195 ad
3382 3141 3691 3197 ﬁdelitatem

2106 3238 2427 3294 mirabilium
2455 3236 2725 3307 pnestitit.

2178 3331 2227 3384 7.
2260 3328 2493 3400 Ejicinnt
2521 3344 2670 3399 aqua:
2697 3326 2905 3397 reptilia
2930 3328 3155 3379 vit-arum
3185 3327 3501 3385 animarum,
3534 3334 3582 3377 et
3609 3339 3691 3378 ωε

2105 3422 2274 3476 latitia
2294 3423 2523 3476 volantia
2550 3437 2703 3491 super
2733 3429 2924 3473 terram
2952 3417 3044 3472 sub
3073 3419 3403 3488 ﬁrmamento
3424 3418 3556 3471 coeli.
3588 3416 3692 3470 νας

2106 3514 2219 3568 lare
2248 3514 2369 3569 ideo
2399 3522 2423 3559 κ
2450 3512 2613 3582 jussu:
2640 3520 2765 3565 sunt
2792 3526 2956 3580 super
2984 3520 3198 3574 terram,
3231 3510 3356 3578 quia
3384 3510 3557 3562 vietus
3575 3523 3692 3562 om-

2106 3606 2263 3661 nibus
2291 3620 2323 3661 e
2351 3614 2495 3660 terra
2521 3604 2846 3674 suppeditat.
2870 3603 2983 3658 Sub
3013 3603 3349 3657 ﬁrmamento
3369 3609 3551 3654 autem
3574 3598 3695 3655 coeli

2105 3696 2261 3758 dixit,
2311 3704 2533 3764 propter
2581 3694 2668 3747 illa
2712 3708 2831 3761 qua:
2877 3707 3038 3761 supra
3086 3690 3456 3745 disseruimus.
3488 3688 3695 3742 (Italum

2107 3794 2286 3841 autem
2316 3786 2404 3840 hic
2440 3784 2739 3852 intelligere
2765 3783 3041 3846 debemus,
3074 3798 3103 3836 a
3145 3782 3418 3837 cernendo
3446 3780 3642 3835 dictum
3674 3798 3692 3832 :

2106 3878 2291 3931 Grtcce
2336 3876 2479 3930 enim
2524 3876 2725 3952 οὐρανὸς
2771 3881 2997 3928 vocatur
3024 3877 3125 3929 ἀπὸ
3168 3880 3257 3927 τοῦ
3292 3873 3528 3945 ὁρᾶσθαι.
3560 3869 3693 3923 Nam

2107 3966 2509 4037 comparatione
2537 3964 2779 4035 corporis
2826 3964 3066 4024 :ctberei,
3097 3979 3191 4017 aer
3235 3963 3354 4025 iste,
3396 3962 3487 4029 qui
3535 3974 3694 4029 super

2111 4074 2208 4111 nos
2235 4065 2338 4122 est,
2369 4071 2435 4110 ex
2464 4055 2756 4126 vaporibus
2786 4062 2941 4107 terrm
2972 4062 3259 4108 concretus
3287 4060 3340 4105 et
3378 4066 3590 4105 crassus
3614 4052 3697 4101 rf-

2110 4147 2304 4203 ﬁcitur.
2349 4146 2526 4202 Habes
2555 4146 2716 4214 igitur
2752 4144 2933 4214 polum
2982 4143 3315 4205 decoratum,
3348 4151 3544 4196 terram
3588 4139 3696 4192 [αι--

2109 4239 2484 4303 mnsissimam,
2517 4252 2665 4291 mare
2693 4234 3178 4305 opulentissimum,
3213 4249 3397 4288 aerem
3436 4231 3697 4301 repletum

2108 4331 2298 4385 avibus
2331 4349 2343 4383 :
2374 4344 2494 4398 qua:
2540 4330 2719 4383 omnia
2767 4344 2831 4381 ex
2882 4327 3049 4381 nihilo
3090 4326 3155 4380 ad
3203 4327 3343 4380 hanc
3390 4325 3556 4378 vitam
3603 4321 3699 4377 Dei

2037 4446 2085 4503 ο
2113 4421 2470 4491 βηυοθρῑίοιιθ
2516 4419 2770 4490 producta
2816 4427 2958 4472 sunt.
2992 4417 3057 4470 Et
3084 4417 3188 4471 alia
3218 4418 3383 4470 multa
3411 4431 3531 4484 quae
3560 4431 3700 4470 nunc

2113 4513 2360 4570 consulto
2385 4528 2563 4570 sermo
2591 4512 2864 4583 praeteriit,
2898 4526 2966 4565 ne
2995 4512 3049 4564 in
3076 4509 3285 4564 hisdem
3314 4509 3513 4563 diutius
3545 4524 3699 4562 com-

2112 4613 2371 4671 moratus,
2403 4605 2621 4661 modum
2665 4603 2968 4674 disputandi
3008 4602 3283 4657 videretur
3309 4602 3590 4656 excedere.
3623 4600 3700 4655 Tu

2113 4704 2294 4751 autem
2331 4703 2522 4749 cuncta
2565 4694 2681 4749 haec
2725 4702 2900 4750 tecum
2947 4695 3061 4764 ipse
3096 4703 3373 4763 reputans,
3403 4701 3460 4747 et
3500 4694 3701 4747 intente

2112 4786 2433 4855 sapientiam
2463 4784 2577 4849 Dei,
2608 4800 2727 4857 quae
2754 4784 2807 4843 in
2837 4785 3086 4839 omnibus
3124 4784 3370 4847 habetur,
3405 4783 3696 4853 inquirens,

2119 5063 2257 5119 idem
2280 5063 2472 5129 codex,
2506 5071 2612 5117 tota
2640 5062 2925 5117 intentione
2946 5061 3117 5114 cordis
3134 5058 3433 5129 implorant.

2188 5134 2213 5170 ἀ
2237 5132 2399 5198 Ειιὶιί,
2430 5127 2729 5195 multarum,
2760 5130 2919 5185 male.
2952 5129 3095 5183 Libri
3124 5127 3350 5196 antiqui,
3380 5127 3705 5189 mutuatum.

2190 5212 2213 5239 ε
2241 5200 2405 5269 Editi,
2436 5202 2774 5269 conﬁdentes,
2808 5201 2945 5255 nidis
2985 5218 3071 5255 eos
3101 5199 3390 5269 pracipim
3428 5198 3706 5254 arturbalt

2118 5290 2180 5327 ac
2195 5274 2505 5381 (trajiciunt.
2536 5269 2681 5327 Libri
2709 5281 2923 5326 veteres
2951 5272 3021 5324 ita
3054 5279 3109 5324 ut
3137 5269 3419 5323 edidimus.

2255 5344 2463 5381 Antinni
2494 5343 2602 5381 (Iun
2632 5343 2750 5381 lihri
2805 5342 3114 5381 rnnﬁrmnnl

2249 5342 2465 5412 Antiqui
2494 5343 2602 5398 duo
2632 5343 2774 5408 libri,
2804 5342 3132 5412 conﬁrmant.

2194 5423 2220 5477 ε
2247 5409 2407 5468 ϐοιῢξ
2432 5413 2717 5484 secundus,
2742 5409 2912 5484 jussa'
2932 5422 3069 5484 sunt.
3103 5409 3158 5465 Si
3195 5409 3341 5478 leges
3372 5409 3537 5480 jussu:
3564 5417 3703 5484 sunt,

2122 5484 2283 5541 velim
2312 5483 2598 5538 subaudias
2626 5480 2812 5537 vorem
2839 5499 2975 5536 ares.
2999 5483 3197 5537 Vocem
3227 5496 3387 5550 supra
3414 5495 3482 5533 ex
3512 5480 3704 5535 nostris

2122 5553 2396 5609 codicibus
2416 5554 2577 5623 paulo
2597 5562 2722 5624 post
2740 5552 3057 5608 addidimus.
3084 5548 3319 5607 Subinde
3336 5548 3493 5605 Colb.
3519 5565 3704 5606 secon—

2122 5624 2242 5699 dus,
2274 5624 2505 5678 consulto
2527 5639 2761 5677 sermone
2780 5624 3027 5694 prwtcrii.
