3964 6178
335 230 443 286 953

1328 231 1737 288 llEXAEMERI
1777 226 2258 293 Mli'l'APIIRASlS
2298 240 2499 295 LIBER
2544 240 2676 297 Vlll.

3506 241 3609 300 955

332 360 609 415 tamquam
639 352 663 379 “
690 343 907 399 delicias
937 343 1268 408 admirando,
1300 358 1398 398 nec
1427 344 1773 398 Conditorem
1803 344 1918 411 glo—
1944 350 1997 408 Α
2024 350 2390 409 medicaminis
2417 353 2749 410 τεῆηνιηεινὶι,
2783 350 2994 420 Quanta
3023 368 3239 423 quoque
3268 354 3404 408 ralio
3434 368 3514 410 est
3555 356 3608 408 in

333 435 595 495 rilicando
618 435 864 491 desistas.
888 435 1063 490 llabes
1086 437 1246 490 etiam
1278 437 1512 490 volatilia
1534 446 1794 491 nocturna
1818 437 1843 475 δ
1866 447 1921 493 et

329 534 544 587 diurna.
570 528 989 599 Vespertilioues
1016 529 1159 584 enim
1186 538 1241 584 et
1268 539 1478 584 noctua:
1506 530 1748 598 lucifugae
1771 539 1914 585 sunt.

334 622 475 689 Ergo
502 622 547 675 si
577 619 792 690 quando
822 627 874 673 te
905 619 1122 674 minime
1168 635 1331 689 sopor
1373 621 1718 690 oppresserit,
1767 621 1920 674 suni-

332 714 438 769 ciet
483 721 535 765 te
576 711 1002 766 conversationis
1052 726 1240 765 eorum
1282 711 1636 775 examinatio,
1689 711 1919 780 vitaeque

330 803 636 874 proprietas
663 801 730 855 ad
768 800 1159 871 prtedicandam
1181 802 1497 870 sapientiam
1525 800 1794 857 Creatoris
1819 802 1921 855 im-

329 894 552 964 pellere,
585 892 861 962 quomodo
891 892 1116 947 luscinia
1146 892 1327 959 vigilat
1355 894 1470 947 ovis
1492 894 1751 948 incubans
1772 894 1917 947 omni

328 994 573 1053 tempore
604 983 778 1038 noctis
799 984 1122 1038 cantilenam
1148 983 1427 1049 trahendo,
1456 984 1726 1053 quomodo
1754 986 1917 1039 etiam

328 1078 738 1147 vespertiliones
785 1093 892 1131 non
939 1079 1114 1169 minus
1161 1079 1534 1149 quadrupedes
1585 1090 1712 1135 sunt
1756 1096 1916 1150 quam

327 1178 595 1240 pennatis,
628 1184 761 1237 quas
790 1169 953 1223 etiam
982 1170 1127 1224 solas
1149 1185 1213 1224 ex
1237 1170 1424 1224 avibus
1453 1172 1702 1225 omnibus
1728 1171 1918 1226 dentes

326 1264 526 1317 habere
550 1270 788 1328 constat;
818 1271 870 1315 et
898 1262 1106 1318 catulos
1134 1278 1419 1332 procreare
1442 1262 1715 1325 feruntur;
1749 1271 1842 1317 aut
1863 1264 1915 1318 in

326 1370 454 1409 aere
483 1370 590 1407 non
620 1354 833 1422 plumis,
876 1352 966 1407 sed
1006 1354 1234 1423 quadam
1269 1354 1578 1408 membrana
1612 1355 1792 1424 pellito
1822 1370 1918 1409 vo-

326 1444 460 1499 lare.
482 1442 575 1497 Est
596 1444 757 1497 etiam
780 1443 884 1497 illis
914 1451 1095 1497 mutua
1127 1444 1269 1498 inter
1294 1459 1353 1498 se
1381 1458 1681 1512 magnaque
1700 1444 1917 1500 dilectio

327 1553 427 1609 per
450 1544 720 1590 naturam.
744 1536 877 1588 Nam
899 1536 1043 1589 velut
1069 1544 1197 1590 seta:
1217 1535 1456 1603 quiedam
1485 1547 1504 1573 ο
1529 1537 1832 1606 piscatoria:
1850 1538 1917 1592 de

329 1630 551 1685 alternis
579 1628 783 1681 luerent
811 1626 1036 1680 nexibus
1068 1644 1080 1679 :
1109 1626 1252 1696 quod
1299 1628 1353 1681 in
1395 1628 1701 1683 hominibus
1729 1630 1915 1698 utique

2022 446 2269 499 cantibus
2296 445 2621 507 cicadarum,
2653 461 2771 514 qum
2808 445 2908 499 sub
2936 444 3143 498 ardenti
3174 445 3288 499 sole
3310 444 3428 513 plus
3455 460 3616 512 resne

2021 545 2149 588 nant
2180 543 2350 589 tractu
2378 537 2518 590 acris
2548 537 2807 605 impulsae,
2839 536 2927 607 qui
2953 550 3052 604 per
3071 550 3256 591 earum
3276 543 3464 605 pectus
3487 534 3608 588 illa-

2019 625 2165 679 bitur
2192 625 2315 679 dum
2348 628 2653 697 respirant?
2682 626 2787 680 Sed
2822 626 2932 695 jam
2969 627 3144 681 sentio
3172 640 3474 680 sermonem
3506 642 3601 678 no-

2019 726 2187 770 strum
2219 733 2323 770 non
2354 719 2528 773 minus
2551 720 2821 773 miraculis
2850 720 3139 773 volatilium
3162 717 3424 788 superari,
3447 731 3605 785 quam

2020 808 2065 861 si
2112 809 2389 878 experirer
2434 809 2547 879 ipse
2590 812 2960 881 pernicitatem
3004 827 3154 865 suam
3205 810 3336 865 meis
3382 809 3608 879 pedibus

2019 898 2244 951 anteire.
2278 898 2419 952 Sane
2446 914 2564 954 cum
2597 901 2792 955 videris
2834 918 2960 972 apes
2994 910 3048 956 et
3082 916 3293 971 vespas,
3324 901 3605 956 considera

2019 992 2139 1061 quia
2172 992 2346 1046 nullus
2374 992 2452 1046 eis
2480 994 2698 1062 spiritus
2719 1002 2811 1048 aut
2832 994 3012 1064 pulmo
3041 994 3245 1060 subest,
3275 994 3365 1047 sed
3392 1009 3607 1067 semper

2019 1099 2085 1137 ex
2116 1099 2240 1137 aere
2268 1086 2597 1139 nutriuntur.
2640 1083 2879 1154 Denique
2926 1087 2971 1140 si
3015 1087 3138 1140 oleo
3186 1092 3343 1139 tacta:
3385 1083 3604 1148 ftlt‘t‘inl,

2018 1176 2273 1229 continuo
2301 1175 2659 1243 perimuntur,
2690 1183 2873 1244 utpote
2902 1174 3179 1244 pncclusis
3207 1188 3388 1227 earum
3432 1176 3572 1241 spira

2018 1270 2214 1321 mentis
2240 1285 2251 1319 :
2280 1275 2335 1321 et
2364 1266 2407 1320 si
2438 1274 2592 1320 aceto
2624 1277 2647 1311 ε
2679 1282 2862 1321 rursus
2905 1267 3021 1321 illas
3061 1265 3372 1336 asperseris,
3410 1264 3607 1318 revivi-

2019 1367 2192 1422 scunt,
2218 1375 2473 1413 venarum
2493 1358 2742 1412 videlicet
2763 1360 3025 1413 meatibus
3047 1356 3343 1428 patefactis.
3369 1356 3446 1410 Ita
3476 1356 3605 1409 nihil

2018 1452 2159 1520 quod
2182 1452 2435 1521 supersit,
2459 1460 2549 1505 aut
2570 1451 2706 1505 desit
2729 1452 2924 1505 nostris
2943 1450 3278 1512 utilitatibus,
3300 1448 3419 1503 feeit
3442 1446 3600 1499 Deus.

2018 1541 2216 1597 Iterum
2251 1542 2295 1597 si
2324 1542 2665 1611 aquariormn
2696 1556 2863 1607 genus
2890 1541 3197 1594 examinare
3236 1536 3485 1601 volueris,
3523 1536 3605 1588 in-

2017 1633 2202 1687 venies
2250 1632 2301 1685 in
2344 1632 2445 1686 illis
2482 1632 2639 1684 aliam
2670 1631 3093 1700 dispositionem.
3130 1628 3300 1684 Pedes
3326 1629 3466 1683 enim
3501 1642 3606 1680 non

326 1721 573 1775 videmus
611 1736 718 1774 non
764 1719 919 1774 facile
944 1720 1270 1790 provenire,
1300 1736 1526 1797 quorum
1561 1724 1802 1778 nonnulli
1832 1739 1916 1779 se-
1952 1721 1990 1777 Β
2022 1723 2219 1778 habent
2260 1722 2413 1778 lissos
2441 1730 2499 1777 ut
2527 1737 2741 1788 corvus,
2772 1737 2871 1776 nec
2900 1737 3068 1797 uncos
3097 1728 3154 1774 ut
3181 1720 3380 1789 aquila,
3408 1719 3501 1773 sed
3529 1718 3607 1771 la-

327 1814 503 1885 parati
541 1813 610 1866 ab
648 1813 872 1867 aliorum
915 1794 1419 1867 conversationibilé'
1456 1814 1823 1882 singularitate
1862 1823 1919 1869 et

328 1903 618 1959 solitudine
665 1902 1017 1957 delectantur.
1070 1902 1353 1970 Quomodo
1393 1904 1555 1959 etiam
1599 1913 1916 1960 noctuarum

328 1995 499 2050 oculis
529 1995 729 2048 similes
758 1994 1025 2048 habentur
1053 1995 1323 2050 saecularis
1354 1998 1628 2068 sapientia:
1649 1998 1919 2068 professo-

330 2100 438 2140 res.
464 2084 597 2138 Nam
626 2093 682 2139 et
712 2085 919 2138 illarum
942 2094 1193 2154 aspectus
1224 2088 1471 2142 noctibus
1499 2089 1715 2158 quidem
1744 2090 1921 2145 acrior

332 2185 437 2242 est,
467 2184 660 2230 exorto
703 2184 884 2230 autem
925 2176 1042 2230 sole
1082 2185 1333 2239 caecatur,
1364 2178 1502 2234 sicut
1543 2179 1767 2233 istorum
1795 2195 1919 2235 cum

333 2268 405 2321 sit
434 2268 770 2322 acutissimus
797 2266 863 2321 ad
891 2266 1356 2337 contemplandam
1389 2268 1677 2323 vanitatem
1706 2284 1915 2333 sensus,

336 2371 464 2425 erga
494 2356 886 2425 inquisitionem
925 2371 1066 2411 verte
1094 2356 1228 2412 lucis
1264 2356 1524 2413 hebeseit.
1556 2357 1786 2413 Interdiu
1820 2375 1920 2414 au-

336 2456 444 2503 tem
472 2447 624 2503 facile
652 2448 745 2503 tibi
775 2456 858 2503 est
886 2448 1291 2503 admirationem
1338 2449 1647 2504 Conditoris
1686 2449 1919 2520 undique

333 2541 632 2605 attrahere;
659 2540 1105 2610 quemadmodum
1131 2542 1301 2610 gallus
1322 2541 1653 2597 domesticus
1674 2541 1920 2598 homines

333 2631 399 2685 ad
429 2632 643 2685 labores
667 2630 940 2699 compellit
967 2639 1023 2686 et
1050 2647 1238 2700 opera,
1267 2632 1519 2701 claraque
1547 2648 1679 2688 voce
1709 2632 1919 2702 procla-

332 2739 518 2787 mans,
566 2723 739 2778 solem
788 2723 975 2793 procul
1022 2723 1273 2778 advenire
1312 2722 1593 2791 signiﬁcat.
1656 2724 1918 2779 Anserum

330 2830 546 2885 quoque
574 2827 760 2882 genus,
800 2828 958 2882 quam
991 2814 1213 2883 vigilans
1250 2814 1479 2870 habetur
1517 2823 1571 2871 et
1608 2817 1917 2886 providum,

332 2915 388 2960 et
430 2906 540 2961 cito
586 2907 822 2963 sentiens
863 2920 981 2974 qua:
1010 2912 1284 2960 tentantur
1312 2907 1547 2962 occulte!
1581 2907 1620 2961 li
1649 2907 1916 2976 quondam

333 2998 520 3052 urbem
547 2996 771 3052 Romam
802 2997 1077 3052 nocturnis
1121 2998 1353 3052 hostium
1388 2999 1649 3054 liberasse
1671 3000 1920 3055 dicuntur

2021 1825 2108 1871 tos
2144 1824 2304 1886 atque
2350 1816 2747 1881 membraneos,
2780 1821 2836 1867 ut
2883 1823 3130 1867 natantes
3168 1813 3321 1865 facile
3362 1809 3607 1882 superfe-

2018 1915 2207 1961 rantur
2237 1906 2411 1966 undis.
2444 1914 2699 1974 tanquam
2728 1904 2890 1958 remis
2919 1904 3233 1972 quibusdam
3260 1903 3454 1973 pedum
3481 1903 3608 1955 nisi-

2020 2001 2120 2054 bus
2149 1998 2471 2068 repellentes
2500 2013 2713 2065 aquam.
2745 1996 2877 2051 Item
2915 1997 2960 2051 si
2999 1993 3607 2062 considercsquomodo

2019 2105 2224 2161 cycnus
2272 2089 2324 2143 in
2373 2089 2538 2143 altum
2580 2095 2765 2154 guttur
2816 2085 3133 2152 extendens,
3182 2085 3250 2138 ab
3289 2083 3397 2137 imo
3445 2080 3607 2135 fundo

2021 2179 2187 2232 trahit
2216 2177 2547 2241 alimoniam,
2581 2184 2708 2230 tunc
2737 2175 3019 2229 advertere
3049 2174 3252 2243 poteris
3289 2171 3608 2240 sapientiam

2018 2269 2313 2330 Creatoris,
2343 2265 2367 2303 ί*
2396 2268 2484 2337 qui
2507 2267 2577 2321 ob
2601 2267 2701 2320 hoc
2724 2265 2799 2319 illi
2831 2265 3071 2331 longiora
3101 2263 3236 2317 colla
3260 2276 3418 2330 quam
3443 2260 3606 2331 pedes

2020 2359 2279 2424 adhibuit,
2304 2365 2362 2413 ut
2386 2367 2635 2426 tanquam
2665 2365 2836 2410 setam
2859 2353 3141 2424 quamdam
3168 2353 3447 2422 porrigens
3474 2367 3533 2406 se
3553 2352 3608 2407 in

2018 2452 2361 2524 profundum,
2395 2451 2728 2505 reconditum
2758 2449 2929 2518 possit
2958 2446 3196 2502 invenire
3222 2447 3512 2499 nutrimen.

2036 2540 2039 2543 ’
2092 2544 2145 2599 8.
2176 2544 2342 2611 Igitur
2380 2541 2691 2611 simpliciter
2719 2540 2954 2609 inspecta
2988 2536 3149 2591 verba
3177 2535 3463 2605 Scriptura:
3500 2534 3608 2605 syl-

2022 2638 2155 2692 laba:
2184 2635 2427 2706 quaedam
2455 2634 2705 2688 videntur
2733 2647 2852 2687 esse
2880 2648 2892 2683 :
2926 2629 3157 2700 Ejiciant
3198 2645 3345 2700 aqua!
3377 2628 3605 2684 volatilia

2019 2728 2250 2782 volantia
2276 2742 2432 2795 super
2465 2734 2653 2778 terram
2694 2721 2784 2776 sub
2827 2722 3155 2792 firmamento
3184 2718 3316 2774 caeli.
3346 2720 3401 2773 Si
3432 2719 3607 2774 consi-

2020 2819 2205 2873 derata
2236 2815 2394 2870 fuerit
2422 2814 2498 2868 vis
2527 2814 2835 2876 verborum,
2861 2819 2987 2866 tunc
3022 2809 3330 2865 Conditoris
3357 2808 3607 2864 miriﬁca-

2022 2909 2097 2962 tio
2127 2907 2450 2970 declaratur,
2481 2905 2570 2976 qui
2621 2904 2826 2959 futuras
2874 2904 3051 2958 avium
3086 2901 3415 2959 dili‘erentias
3451 2903 3606 2970 longe

2019 3000 2288 3070 praevidit,
2309 3014 2510 3068 easque
2529 2997 2823 3053 secundum
2844 3011 3011 3066 genus
3040 3013 3070 3051 a
3100 3012 3160 3052 se
3190 2994 3458 3050 discrevit.
3485 2994 3606 3048 Dies

332 3088 573 3143 insidiis:
601 3102 738 3156 quos
775 3104 873 3157 per
900 3086 926 3125 ἀ
957 3089 1199 3144 occultos
1239 3090 1414 3144 aditus
1456 3091 1684 3145 latenter
1710 3092 1916 3158 ingredi
1946 3079 1989 3140 (ἶ
2021 3109 2107 3148 me
2137 3093 2387 3163 profecto
2426 3089 2658 3159 deﬁciet,
2691 3092 2739 3145 si
2765 3099 2959 3146 cuncta
2997 3090 3150 3144 vobis
3178 3089 3323 3143 aeria
3354 3086 3606 3142 miracula

331 3177 613 3233 molientes
640 3193 928 3247 arcemque
955 3179 1268 3247 pervadere,
1294 3180 1606 3235 festinanter
1631 3181 1914 3251 prodidere

328 3270 630 3326 clamardo.
663 3270 721 3324 lu
743 3286 849 3340 quo
871 3279 1048 3325 autem
1077 3284 1272 3338 genere
1294 3272 1505 3341 propria
1532 3272 1784 3327 miracula
1806 3288 1910 3327 non

330 3377 711 3431 Usquequaque
742 3370 929 3415 natura
958 3362 1328 3416 demonstrat?
1356 3363 1484 3428 Quis
1514 3362 1811 3416 vulturibus
1840 3361 1916 3416 fu-

330 3464 504 3506 turam
551 3453 757 3506 nuntiat
804 3453 1076 3506 hominum
1126 3460 1387 3517 mortem,
1437 3468 1574 3515 quos
1621 3461 1806 3508 contra
1854 3470 1913 3509 se

330 3543 466 3597 bella
496 3554 762 3609 gesturos,
792 3558 918 3604 mox
947 3551 1174 3599 caterva:
1202 3544 1470 3597 vulturum
1495 3552 1911 3613 prosequuntur,

330 3648 710 3701 armorumque
756 3633 1107 3690 iustructione
1140 3634 1238 3688 ‘vel
1285 3645 1576 3704 apparatu,
1624 3635 1796 3704 qualis
1844 3636 1913 3690 sit

329 3727 504 3781 exitus
532 3726 809 3782 habendus
836 3726 1175 3794 intelligunt?
1203 3726 1355 3794 Quod
1389 3728 1602 3795 quidem
1636 3744 1740 3783 non
1782 3744 1912 3799 pro-

331 3820 415 3874 cul
431 3829 511 3874 est
526 3819 749 3874 rationis
770 3820 1030 3874 humanae.
1048 3819 1504 3886 Quemadmodum
1527 3823 1688 3877 etiam
1714 3822 1807 3876 tibi
1828 3822 1912 3878 10--

330 3920 598 3967 custarum
620 3911 989 3982 expeditiones
1014 3922 1037 3948 ι’
1059 3915 1332 3983 aperiam?
1352 3912 1480 3979 Qua:
1506 3914 1605 3969 sub
1627 3932 1732 3969 uno
1759 3916 1912 3983 signo

329 4002 558 4072 propriis
585 4016 812 4071 egressae
837 4003 904 4057 de
931 4002 1146 4058 sedibus
1173 4005 1225 4058 in
1253 4005 1491 4075 spatioso
1520 4022 1710 4075 eampo
1737 4015 1911 4061 castra

329 4094 677 4158 constituunt,
709 4102 763 4147 et
790 4111 895 4148 non
937 4102 1062 4149 ante
1100 4095 1342 4163 subjecta
1384 4098 1718 4165 contingunt,
1750 4115 1908 4168 quam

329 4184 485 4238 datur
511 4185 589 4239 eis
614 4185 792 4240 divina
822 4186 1125 4254 praeceptio.
1161 4186 1445 4252 Quomodo
1485 4190 1646 4243 etiam
1695 4204 1910 4258 mergus

329 4274 682 4333 insatiabilem
709 4275 960 4330 vescendi
996 4277 1195 4346 patitur
1220 4278 1446 4343 orexim,
1480 4294 1578 4348 per
1603 4296 1763 4350 quam
1794 4281 1912 4334 vul-

327 4364 543 4419 neribus
582 4366 664 4420 sui
706 4368 909 4422 ventris
953 4367 1188 4422 remedia
1237 4369 1479 4423 sanitatis
1524 4369 1542 4408 ῐ
1586 4373 1832 4442 acquirit.
1864 4371 1908 4427 Ο

2016 3185 2219 3241 referre
2248 3186 2489 3239 voluero.
2527 3185 2909 3239 Verumtamen
2941 3190 3082 3238 terra
3112 3198 3211 3237 nos
3240 3187 3398 3235 vocat
3426 3178 3492 3232 ad
3523 3179 3607 3233 in-

2016 3275 2318 3346 spiciendas
2344 3275 2564 3335 bestias,
2597 3282 2653 3327 et
2685 3273 2919 3343 pecudes
2957 3287 3019 3327 ac
3066 3282 3366 3343 serpentes.
3415 3269 3606 3325 Parata

2017 3378 2101 3423 est
2125 3367 2269 3422 enim
2299 3365 2491 3421 similia
2522 3365 2755 3433 piscibus
2783 3370 2839 3418 et
2867 3363 3173 3417 volatilibus
3203 3361 3607 3430 quadrupedum

2016 3466 2071 3513 et
2117 3456 2466 3525 virgultorum
2511 3469 2708 3523 genera
2755 3453 3124 3507 demonstrare
3168 3471 3181 3506 :
3230 3452 3427 3522 Ejiciat
3470 3461 3607 3505 terra

2016 3550 2246 3604 animam
2287 3549 2469 3601 vivam.
2504 3545 2639 3612 Quid
2673 3544 2867 3607 dicitis,
2909 3543 3000 3612 qui
3040 3539 3207 3596 Paulo
3254 3542 3501 3611 apostolo
3539 3542 3605 3595 de

2015 3639 2407 3696 resurrectione
2437 3654 2543 3692 non
2574 3636 2809 3700 creditis,
2843 3652 2963 3691 cum
2995 3634 3220 3690 videatis
3248 3640 3392 3687 certa
3420 3632 3486 3686 de
3515 3648 3604 3686 ae-

2015 3733 2123 3787 reis
2150 3729 2509 3785 animantibus
2536 3728 2755 3797 liguram
2787 3727 3058 3798 propriam
3089 3732 3442 3784 commutare,
3467 3722 3603 3778 sicut

2015 3823 2283 3878 lndiacum
2310 3836 2567 3886 vermem,
2598 3820 2688 3889 qui
2714 3828 2799 3874 est
2824 3820 3093 3889 corniger,
3117 3819 3288 3887 primo
3317 3816 3370 3871 in
3399 3814 3413 3854 ί
3446 3832 3603 3870 veru-

2015 3932 2091 3972 ca:
2117 3932 2176 3972 se
2200 3915 2434 3984 speciem
2463 3912 2960 3975 transformantem,
2988 3911 3183 3966 deinde
3219 3907 3332 3963 ﬁeri
3371 3908 3600 3963 bombu-

2015 4010 2233 4071 lioncm,
2266 4023 2367 4062 nec
2390 4016 2566 4061 tamen
2596 4006 2652 4061 in
2681 4022 2748 4061 eo
2776 4006 3051 4061 schemate
3078 4003 3476 4074 persistentem,
3506 4001 3601 4057 sed

2014 4098 2342 4154 membranis
2364 4097 2696 4151 mollioribus
2728 4096 2740 4145 i
2781 4111 2844 4150 ac
2875 4096 3155 4149 latioribus
3181 4094 3600 4164 plumescentcm

2013 4188 2271 4256 aligerum
2296 4186 2482 4241 reddi?
2511 4185 2697 4255 Itaque
2717 4202 2833 4246 vos,
2857 4192 3140 4247 matronae,
3162 4182 3376 4250 quando
3405 4180 3602 4235 sedetis

2013 4294 2198 4334 eorum
2226 4277 2566 4331 revolventes
2594 4290 2782 4344 opera,
2814 4273 2864 4328 id
2891 4280 2974 4328 est
3011 4273 3238 4327 stamina
3279 4287 3396 4342 quae
3440 4270 3600 4325 Seres

2014 4372 2119 4425 huc
2163 4369 2398 4436 dirigunt
2426 4366 2493 4420 ad
2522 4365 2915 4422 coniectionem
2958 4364 3187 4419 vestium
3227 4363 3596 4422 delicatarum.

328 4456 536 4515 virtutis
555 4455 835 4512 admiratio
856 4457 1118 4512 cmlestis!
1144 4472 1262 4527 qua:
1282 4459 1481 4514 rabiem
1506 4459 1660 4515 famis
1681 4463 1731 4516 in
1756 4478 1905 4518 usum
1937 4458 1986 4516 D
2011 4459 2416 4518 reminiscimiui
2446 4459 2602 4528 hujus
2643 4457 2889 4512 animalis
2922 4454 3372 4523 religurationem,
3401 4461 3460 4507 ut
3487 4454 3597 4508 evi-

394 4622 417 4645 η
449 4608 609 4672 Editi,
638 4607 966 4680 deﬁciegAt
996 4610 1160 4680 nostri
1184 4616 1291 4662 tres
1319 4625 1471 4680 mss”
1495 4610 1723 4680 deﬁcias.

395 4680 420 4718 δ
451 4679 668 4747 Antiqui
698 4681 805 4731 duo
845 4677 983 4741 libri,
1013 4687 1061 4731 et
1100 4678 1306 4732 diurna.
1340 4678 1535 4735 Vocula
1557 4677 1613 4733 ἐι
1645 4683 1712 4735 ab
1750 4681 1906 4737 editis

321 4752 501 4804 aberat
512 4788 526 4801 .

393 4832 416 4858 ο
448 4817 610 4883 Editi,
650 4818 942 4891 piscatoris.
994 4816 1135 4891 Libri
1176 4828 1406 4886 veteres,
1437 4822 1751 4891 piscator-iw.
1794 4824 1904 4879 Ali-

320 4897 523 4959 quanto
559 4885 683 4958 post
707 4885 862 4943 Colb.
900 4888 1180 4953 secundus,
1213 4906 1334 4943 nam
1369 4885 1490 4944 ηιξ..
1532 4894 1732 4947 acutior
1757 4903 1898 4947 est...

320 4962 394 5032 sic
428 4969 476 5013 et
510 4960 727 5032 istorum
763 4974 781 5011 :
808 4972 980 5032 quam
1017 4961 1443 5032 scriptu_ram_ex
1488 4976 1554 5015 eo
1601 4973 1901 5032 suspectam

319 5031 515 5096 habeo,
542 5029 685 5096 quod
716 5028 1001 5100 meliorisit
1029 5035 1084 5081 et
1123 5028 1315 5100 aptior.
1349 5029 1479 5083 Nam
1510 5028 1776 5096 librarius,
1801 5034 1900 5087 nisi

318 5100 473 5224 sald:
501 5099 674 5164 fallor,
711 5098 965 5152 nonnulla
995 5098 1280 5168 aliquando
1309 5107 1378 5154 ad
1406 5101 1686 5157 arbitrium
1715 5118 1900 5159 exuens

355 5186 438 5224 avi
468 5209 483 5224 .

355 5178 483 5226 avit.

389 5240 414 5277 ά
444 5233 598 5309 Colb.
630 5238 913 5309 secundus,
946 5256 1037 5309 per
1058 5238 1300 5293 obscuros
1328 5242 1521 5296 aditus.

391 5319 415 5347 ⁸
446 5308 611 5376 Editi,
657 5308 906 5374 aperiam.
960 5308 1103 5363 Libri
1145 5320 1375 5372 veteres,
1419 5314 1668 5378 aperiam.
1720 5312 1905 5368 (ἱππ)ρο

316 5379 642 5454 ᾃιη-γήπομαι.
673 5377 794 5432 Mox
816 5378 967 5454 editi,
988 5396 1139 5454 quam
1160 5382 1392 5454 deturiis
1413 5377 1587 5438 divina
1606 5385 1901 5454 praeceptio.

319 5447 588 5517 Quomodo
613 5459 801 5503 autem.
836 5447 1054 5516 Antiqui
1081 5450 1198 5503 libri
1228 5459 1286 5504 ut
1312 5452 1365 5506 in
1392 5447 1669 5509 contextu.

393 5520 410 5559 ί
443 5520 627 5574 Codex
655 5528 799 5591 unus;
829 5520 1062 5591 inquirit.
1103 5520 1293 5591 Statim
1333 5538 1459 5576 mss.
1491 5523 1618 5588 duo,
1650 5526 1782 5580 ratio
1806 5532 1897 5577 est.

316 5589 447 5647 lllud
482 5600 558 5644 est
588 5591 639 5643 in
673 5588 833 5644 editis
869 5588 1222 5645 desideratur.
1256 5590 1494 5651 Subinde
1520 5595 1626 5651 duo
1656 5611 1809 5659 mss.,
1840 5612 1904 5648 ex

316 5678 456 5723 acre.
498 5659 690 5717 Vocula
710 5674 773 5712 cx
800 5659 850 5715 in
879 5659 1104 5728 vulgatis
1134 5660 1335 5721 deerat.

2087 4622 2111 4659 ις
2141 4611 2282 4665 Editi
2311 4618 2365 4665 et
2409 4609 2516 4664 duo
2553 4623 2704 4671 mss.,
2739 4615 2789 4660 et
2830 4606 2875 4660 si
2913 4614 3053 4659 «ceto
3090 4619 3265 4657 rursus
3295 4604 3593 4670 asperseris,

2011 4684 2335 4753 resipiscam.
2370 4678 2608 4753 AtColb.
2634 4678 2918 4753 secundus,
2946 4685 3000 4753 et
3026 4676 3069 4729 si
3099 4684 3242 4753 aceto
3272 4690 3448 4726 rursus
3461 4674 3597 4753 illas

2012 4740 2317 4823 asperserit,
2345 4752 2665 4823 reviviscunt,
2691 4749 2760 4802 ita
2786 4746 3089 4823 postulante
3114 4752 3168 4797 et
3196 4758 3356 4796 sensu
3384 4753 3438 4795 et
3457 4740 3597 4823 Cia:-

2010 4814 2097 4888 co',
2129 4825 2521 4878 ἀναϐιώσκεται.
2558 4814 2844 4889 Aliquanto
2880 4823 3002 4886 post
3042 4814 3149 4868 duo
3192 4829 3343 4879 mss.,
3381 4828 3473 4865 nec
3502 4815 3594 4867 ob-

2000 4900 2302 5028 ἲιηὲοἶέάίιί,
2325 4961 2444 5032 quia
2472 4960 2534 5013 ob
2564 4959 2676 5032 Itoc.
2701 4958 2776 5032 ΔΑι
2795 4956 2946 5032 Colb.
2980 4952 3262 5032 secundus,
3289 4954 3375 5026 qui
3394 4952 3459 5007 ob
3478 4954 3590 5032 hoc.

2010 5032 2209 5087 Ibidem
2240 5023 2388 5096 ediii,
2423 5032 2532 5085 illis
2571 5029 2826 5099 longiora.
2872 5025 3034 5080 Vetus
3073 5023 3249 5079 codex
3288 5023 3600 5088 i.oster,ilti

2008 5103 2265 5158 lanaiora.

2088 5121 2093 5154 ι
2134 5121 2147 5154 i
2187 5121 2212 5154 r
2252 5142 2265 5155 .

2088 5121 2276 5225 ίθὲόῗῑί
2301 5179 2355 5227 et
2376 5169 2544 5225 nostri
2570 5176 2677 5223 tres
2703 5167 2923 5243 mss.,in
2951 5181 3148 5243 verum
3162 5183 3215 5243 se
3234 5162 3591 5243 speciemyel,

2012 5244 2064 5296 in
2094 5258 2321 5296 verruca:
2340 5243 2558 5310 speciem
2579 5257 2591 5292 :
2610 5238 2773 5312 quod,
2802 5252 2962 5312 quam
2993 5235 3284 5312 absurdum
3307 5235 3377 5312 sit
3395 5239 3450 5312 et
3478 5235 3594 5312 incf

2011 5323 2202 5384 ptum,
2256 5303 2850 5384 nihilattinet'dicere.
2892 5305 2968 5384 _At
3015 5306 3131 5384 ejus
3171 5306 3271 5360 loci
3313 5303 3481 5358 facilis
3509 5309 3592 5384 est

2012 5376 2338 5438 emendatio.
2369 5381 2501 5434 Nam
2533 5396 2630 5451 pro
2668 5393 2862 5433 ramea:
2892 5376 3169 5451 legendum
3193 5389 3310 5429 esse
3332 5387 3518 5451 εντα-ιε,
3545 5376 3592 5425 si

2012 5452 2146 5508 nihil
2175 5452 2337 5515 aliud,
2372 5452 2486 5521 ipse
2513 5445 2659 5505 certe
2689 5464 2882 5502 nomen
2912 5445 3154 5501 Graecum
3184 5452 3373 5514 aperte
3408 5450 3593 5498 osten-

2013 5524 2110 5579 dit.
2145 5527 2215 5581 εἷς
2249 5525 2468 5592 vagans,
2504 5521 2557 5575 in
2580 5536 2810 5592 eruerint.

2090 5594 2102 5641 i
2144 5591 2273 5647 Illud
2304 5583 2365 5645 ac
2394 5589 2663 5645 latioribus
2692 5589 2911 5651 addidi,
2952 5587 3209 5641 librorum
3245 5583 3588 5654 antiquorum

2015 5662 2169 5718 tidem
2191 5672 2408 5718 secutus
2439 5680 2450 5714 :
2473 5661 2663 5732 quibus
2683 5659 3025 5715 consentiunt
3045 5654 3229 5712 (ἔντερα
3252 5658 3335 5711 καί
3353 5654 3587 5710 ala-riu.
