3964 6198
369 207 472 266 9335

1785 200 1946 256 EUS'I

2057 200 2154 255 llll-
3517 202 3620 252 ti'i'i

365 329 498 381 c‘e'ts
539 325 605 380 de
652 323 1044 380 resurrectione
1085 319 1307 390 capiatis
1352 317 1680 386 exemplum,
1722 326 1778 371 et
1823 317 1954 370 nihil
1987 325 2028 378 Α
2060 319 2222 374 modo
2255 319 2396 374 hunc
2425 319 2638 388 erigens
2666 321 3027 378 exsultatione
3055 319 3309 384 victorian,
3341 319 3640 388 faeie-nsque

367 415 625 470 dubitetis
649 414 716 469 de
743 413 1127 468 reformatione
1154 409 1414 481 corporis,
1445 423 1604 478 quam
1636 405 1832 462 Paulus
1859 424 1954 462 ex-

369 507 540 575 ponit.
569 504 674 558 Sed
705 503 815 573 jam
843 503 1019 558 sentio
1049 517 1134 554 me
1163 499 1380 555 modum
1407 498 1784 568 disputatiOais
1803 513 1958 552 exce-

369 601 515 654 dere.
559 597 768 651 Etenim
795 595 842 650 si
871 595 938 650 a1
975 593 1368 648 multitudinem
1411 605 1704 662 respexere
1751 590 1954 644 relato-

371 705 512 756 rum,
546 689 600 743 in
639 685 898 740 inﬁnitum
939 685 1158 739 videbor
1193 697 1442 738 sermone
1472 693 1496 718 ει
1529 681 1828 751 prolapsus.
1859 680 1953 734 Sin

371 787 549 833 autem
597 777 780 832 oculos
821 775 888 830 ad
925 774 1289 829 diversitatem
1323 780 1582 827 creaturae
1610 780 1950 836 convertere,

372 884 472 924 nec
500 867 775 922 exordium
811 865 1134 919 narrationis
1172 864 1405 918 arbitror
1439 862 1810 932 assumpsisse.
1844 861 1952 917 Ve-

370 969 667 1014 rumtamen
717 975 824 1014 non
873 966 954 1013 est
1001 958 1130 1013 utile
1167 973 1265 1012 vos
1309 955 1583 1026 praeterire
1619 963 1950 1011 transcursu.

371 1051 506 1118 Quid
533 1051 674 1105 enim
704 1051 910 1104 facietis
940 1063 1106 1118 usque
1153 1048 1220 1102 ad
1262 1047 1584 1117 vesperam?
1610 1047 1654 1100 A
1683 1048 1953 1116 pransori-

376 1138 471 1197 bus
498 1147 646 1195 certe
692 1155 799 1194 non
835 1139 1118 1208 urgcmini,
1146 1153 1244 1192 nec
1272 1138 1636 1192 conviviorum
1667 1146 1954 1208 apparatus

372 1231 522 1286 abire
552 1248 562 1282 ι
587 1247 648 1286 os
677 1231 948 1293 admonet,
981 1231 1232 1298 quoniam
1282 1238 1490 1300 tempus
1531 1228 1807 1298 jejunamli
1849 1239 1948 1284 est.

369 1323 709 1392 Quapropter
731 1323 774 1378 si
807 1322 999 1392 placet,
1025 1321 1400 1376 abstinentiam
1442 1322 1684 1390 corporis
1714 1321 1766 1374 in
1797 1322 1948 1376 volu-

368 1422 543 1483 ptates
565 1413 732 1468 animi
759 1421 1152 1468 eonvertamus.
1182 1412 1387 1482 Smpius
1427 1413 1608 1482 utique
1637 1415 1952 1483 corporibus

368 1507 571 1576 paruist
595 1523 638 1570 s,
671 1507 771 1561 hos
815 1505 1001 1559 saltem
1031 1505 1148 1560 dies
1177 1504 1494 1574 deputemus
1524 1506 1705 1560 usibus
1745 1506 1952 1560 animo-

369 1613 506 1661 rum,
533 1597 670 1651 sicut
695 1596 950 1664 scriptum
979 1605 1061 1649 est
1088 1614 1101 1648 :
1139 1595 1402 1650 Delectare
1422 1596 1476 1648 in
1502 1595 1746 1662 Domino,
1777 1606 1826 1649 et
1851 1596 1940 1648 da-

2060 411 2427 466 adversariutn
2460 412 2688 474 tristem,
2714 413 2873 466 modo
2902 413 3048 474 illum
3079 412 3311 467 alacrem
3339 411 3651 480 superboru-

2057 518 2162 572 quc
2209 502 2602 556 demonstrans.
2654 501 2791 568 Quid
2834 503 2986 571 juvat
3026 517 3256 572 corpore
3295 501 3566 571 jejunare,
3602 504 3648 557 si

2055 594 2266 648 animus
2305 592 2490 648 multis
2525 594 2850 664 pravitatum
2895 593 3128 647 millibus
3157 595 3448 648 oneratur?
3477 591 3650 648 Porro

2055 686 2147 756 qui
2175 703 2282 742 non
2315 686 2449 740 ludit
2477 687 2717 753 tesseris,
2757 687 2851 740 sed
2881 699 3054 750 vacat,
3082 703 3214 756 quas
3242 704 3345 742 non
3378 691 3650 742 vanitates

2055 791 2120 831 ex
2151 793 2246 831 ore
2274 776 2564 846 depromit,
2587 789 2680 830 aut
2706 777 2831 846 quid
2861 793 2968 832 nim
2999 779 3225 848 percipit
3249 779 3466 832 auribus
3487 796 3645 834 exscol

2055 870 2350 926 craudum?
2374 869 2452 924 lta
2483 871 2732 925 otiositas
2771 871 2886 925 sine
2921 873 3118 927 timore
3149 873 3239 927 Dei
3267 874 3520 942 magistra
3553 891 3646 927 ne-

2054 961 2236 1031 quitia:
2256 969 2357 1016 est.
2388 961 2454 1016 Et
2481 962 2694 1032 quidem
2721 978 2986 1034 prccsumo
3005 964 3204 1034 aliquid
3226 965 3376 1019 vobis
3397 966 3645 1021 utilitatis

2054 1069 2122 1106 ex
2150 1052 2232 1107 his
2259 1067 2378 1122 qua:
2404 1053 2570 1108 locuti
2591 1069 2775 1108 sumus
2797 1055 3024 1124 acquiri.
3049 1054 3202 1122 Quod
3221 1057 3264 1110 si
3285 1070 3443 1112 secus
3464 1055 3642 1120 fuerit,

2058 1151 2234 1197 tamen
2291 1151 2514 1212 peccato
2555 1159 2649 1198 vos
2690 1160 2890 1199 vacuos
2935 1144 2962 1184 ιι
3005 1147 3357 1203 commoratio
3399 1148 3504 1202 loci
3553 1149 3640 1200 hu.

2051 1235 2345 1302 jnseemodi
2375 1235 2638 1304 perﬁciet.
2667 1235 2988 1308 Quantoque
3017 1238 3136 1308 plus
3177 1254 3273 1293 vos
3310 1239 3362 1293 in
3401 1239 3640 1296 Εςρίει›ἱτι

2056 1327 2264 1382 Domini
2303 1336 2654 1394 retentamus,
2684 1337 2834 1384 tanto
2883 1331 3052 1398 magis
3082 1346 3111 1384 a
3144 1331 3403 1386 malorum
3439 1333 3639 1400 cogita-

2055 1421 2288 1476 tionibus
2346 1437 2678 1490 separamus.
2736 1422 3064 1479 Sullicientia
3125 1433 3248 1480 sunt
3297 1441 3416 1494 qtae
3473 1426 3638 1481 dis=e-

2053 1510 2258 1565 ruimus
2289 1511 2432 1580 apud
2462 1512 2823 1580 mquissimum
2864 1513 3220 1581 cognitorem,
3250 1514 3296 1568 si
3325 1521 3504 1570 tamen
3535 1531 3637 1571 non

2054 1600 2119 1655 ad
2149 1601 2396 1671 copiosas
2425 1612 2684 1657 creatura:
2712 1603 2946 1671 divitias,
2977 1605 3070 1660 sed
3105 1605 3171 1660 ad
3201 1606 3524 1676 parvitatem
3554 1624 3644 1660 no-

367 1685 437 1740 bit
459 1687 548 1740 tibi
569 1685 837 1757 petitioncs
859 1685 1028 1740 cordis
1051 1685 1123 1739 tui
1151 1685 1322 1755 (Paul.
1356 1702 1532 1752 xxxvi,
1565 1686 1638 1755 ἂν).
1663 1686 1720 1741 Si
1743 1687 1954 1742 divitias
1986 1700 2024 1755 ιι
2051 1701 2178 1745 strte
2197 1692 2570 1762 possibilitatis
2589 1695 2878 1763 aspexerit,
2899 1695 2984 1749 vel
3013 1695 3081 1750 ad
3101 1711 3405 1750 mensuram
3433 1707 3455 1732 θ
3481 1711 3642 1766 super

369 1792 537 1845 amas,
567 1794 699 1846 epes
729 1778 824 1854 tibi
855 1787 1047 1846 pratsto
1079 1787 1204 1832 sunt
1242 1779 1565 1847 spirituales,
1597 1779 1646 1833 id
1677 1788 1778 1844 est,
1801 1780 1952 1850 judi-

367 1871 448 1925 cia
488 1869 585 1924 Dei
630 1886 768 1936 vera,
809 1870 1098 1940 justi/irata
1145 1871 1198 1924 iu
1246 1873 1538 1938 semetipsa,
1585 1871 1950 1928 desiderabilia

367 1979 522 2033 super
543 1977 725 2015 aur-tim
751 1972 800 2014 et
824 1961 1050 2029 lapidem
1076 1962 1355 2030 pre:iosam
1379 1961 1550 2031 (Psal.
1580 1979 1727 2036 XVIII,
1762 1963 1864 2032 l0).
1894 1963 1950 2018 Si

366 2055 502 2109 eiax
529 2061 583 2108 et
606 2054 822 2122 gulosus
843 2069 918 2116 es,
946 2053 1110 2107 habes
1134 2053 1294 2106 verba
1319 2053 1525 2108 Domini
1547 2053 1777 2108 dulciora
1799 2073 1952 2126 super

367 2147 467 2201 mel
492 2157 542 2201 et
569 2149 738 2219 {arum
761 2145 971 2218 (lbid.).
1001 2146 1150 2202 Nunc
1172 2147 1216 2201 si
1245 2146 1496 2201 dimisero
1524 2164 1616 2202 vos
1641 2157 1946 2219 cmtumque

365 2241 684 2306 dissolvero,
714 2241 802 2294 alii
836 2255 957 2294 mox
985 2248 1219 2294 vestrum
1249 2249 1472 2294 currunt
1499 2250 1852 2310 properanter
1880 2243 1944 2296 a-.l

365 2333 558 2398 aleam,
593 2331 644 2385 in
673 2345 776 2399 qua
801 2329 1002 2399 iuratio
1031 2338 1084 2384 et
1117 2331 1394 2385 contentio
1435 2332 1746 2397 vehemens,
1775 2342 1829 2386 et
1867 2333 1950 2386 lu-

365 2421 547 2476 crandi
575 2419 838 2490 cupiditas
863 2419 1108 2485 habetur,
1141 2428 1386 2490 astatque
1422 2421 1634 2476 daemon
1659 2423 1948 2486 obscenus,

437 2590 461 2616 ⁸
502 2577 667 2648 Editi,
714 2577 1002 2648 perlapsus.
1055 2575 1198 2648 Libri
1227 2581 1460 2648 veteres,
1491 2575 1809 2648 prolapsas,
1833 2575 1942 2630 Nec

363 2649 434 2702 ita
469 2647 632 2701 multo
654 2644 784 2718 post
811 2644 960 2718 Coll).
995 2644 1766 2718 secandus,rjutliciaADomini.
1795 2647 1938 2718 Sub-

365 2719 485 2772 inde
528 2716 674 2773 mss.‘
698 2717 888 2782 nostri,
923 2719 1133 2788 gulosus
1157 2733 1232 2770 es.
1267 2716 1399 2770 Illud
1429 2731 1482 2770 es
1513 2716 1564 2770 in
1593 2716 1753 2771 editis
1799 2716 1942 2771 desi-

363 2788 668 2844 detrahatur.

437 2860 460 2896 ι’
489 2857 653 2924 Editi,
685 2857 1102 2912 commemoratio
1127 2857 1237 2909 loco
1267 2855 1677 2926 Imjusmodi.....
1711 2853 1944 2910 Ecclesia

363 2928 478 2982 Dei.
511 2926 664 2981 Colb.
717 2937 942 2996 uterque
973 2933 1028 2979 ut
1069 2927 1122 2980 in
1162 2935 1440 2980 contextu.
1490 2927 1777 2996 Aliquanto
1822 2936 1945 2994 post

363 2999 514 3052 Colb.
547 2995 814 3050 secundus
855 2994 932 3048 iul
956 2997 1228 3066 parvitatis
1261 3005 1456 3066 nostra?
1477 2994 1872 3066 possibilitates.

438 3079 459 3107 ε
493 3065 708 3119 Editi-et
729 3066 884 3120 Coib.
915 3063 1140 3136 primus,
1167 3081 1322 3134 super
1345 3065 1474 3119 lwva
1501 3064 1783 3134 capienda,
1821 3081 1949 3134 quo-
1977 3063 2027 3124 C

363 3201 1322 3222 urﬁwu

438 3465 488 3524 Ι.
516 3467 684 3522 Dicite
712 3481 894 3536 quaeso
923 3465 1096 3535 qualis
1121 3465 1276 3520 vobis
1307 3471 1510 3518 nostra:
1530 3465 1946 3520 sermocinatio—

365 3562 447 3616 nis
476 3559 735 3614 matutina
765 3559 878 3612 visa
907 3565 992 3612 est
1019 3571 1223 3611 mensa.
1255 3555 1383 3609 Mihi
1409 3556 1552 3610 enim
1585 3564 1606 3591 ⁸
1640 3555 1772 3610 libet
1797 3571 1947 3610 com-

363 3665 555 3722 parare
586 3649 900 3704 tenuitatem
937 3654 1178 3701 nostram
1207 3659 1378 3716 egeno
1405 3645 1636 3716 cuipiatn
1668 3646 1945 3702 exhibenti

363 3741 690 3803 convivium,
719 3738 810 3806 qui
839 3735 1260 3792 munificentiam
1294 3737 1454 3789 animi
1486 3737 1568 3789 sui
1597 3737 1816 3806 copiose
1845 3737 1945 3792 de-

365 3831 606 3886 siderans
625 3835 920 3891 ostentare,
949 3826 1133 3881 deﬁcit
1160 3825 1469 3880 facultatum
1500 3827 1804 3882 retardatus
1825 3827 1944 3882 ino-

366 3923 470 3992 pia,
493 3931 546 3974 et
572 3922 641 3976 ob
664 3919 764 3976 hoc
777 3924 1094 3989 apparatum
1120 3931 1406 3987 pauperem
1427 3918 1814 3988 qualiscunque
1841 3926 1944 3984 est,

366 4015 564 4081 Lugius
593 4011 897 4064 ministrare
919 4011 1157 4072 molitur,
1182 4011 1346 4064 risum
1376 4009 1443 4065 de
1471 4027 1528 4064 se
1555 4012 1842 4080 pet-bibens
1872 4015 1947 4067 in-

368 4105 562 4156 vit::ti<.
603 4101 678 4156 lta
710 4101 766 4154 lit
795 4109 854 4154 ut
875 4102 1309 4170 exprobrationis
1339 4103 1626 4168 ignominia
1659 4104 1949 4162 liberalitas

363 4193 612 4247 all'ectata
641 4207 748 4245 non
789 4199 991 4246 careat.
1029 4189 1157 4246 Tale
1187 4192 1438 4261 quiddam
1468 4203 1551 4246 est
1580 4202 1636 4247 et
1675 4194 1726 4247 in
1755 4195 1910 4248 nobis
1932 4233 1948 4260 ,

361 4285 407 4339 si
439 4294 613 4338 tamen
655 4298 752 4336 vos
780 4297 887 4336 non
927 4282 1084 4336 aliter
1113 4283 1358 4338 sentietis
1401 4301 1412 4335 :
1448 4292 1816 4338 verumtamen
1858 4293 1946 4340 ut-

361 4391 576 4446 cunque
603 4390 662 4429 sc
690 4375 889 4428 habent
930 4381 1114 4428 nostra
1139 4413 1156 4440 ,
1195 4389 1304 4428 non
1334 4375 1766 4429 extenualmutnr
1793 4392 1820 4429 a
1853 4393 1950 4430 voc

1407 3299 1881 3411 LIBER
1955 3306 2590 3417 JV‘OJVUS.

2055 1783 2238 1838 laetitia
2267 1785 2528 1854 capienda
2553 1784 2915 1855 msetttium.
2946 1785 3028 1840 Sit
3059 1787 3238 1856 itaque
3269 1787 3527 1841 terminus
3556 1788 3641 1842 hic

2054 1877 2299 1929 matutini
2341 1877 2590 1942 convivii,
2630 1892 2697 1932 ne
2741 1877 2878 1931 ultra
2913 1877 3128 1931 modutn
3175 1878 3380 1946 ingesta
3419 1878 3636 1935 satietas

2052 1965 2324 2022 fastidium
2353 1968 2666 2038 vespertina:
2705 1968 2860 2022 vobis
2893 1951 3218 2036 epulationis
3264 1967 3486 2036 injiciat.
3529 1967 3634 2020 Do-

2053 2059 2229 2114 minus
2259 2074 2409 2123 sane,
2441 2059 2533 2128 qui
2561 2066 2820 2114 creaturae
2849 2075 2955 2113 sua:
2984 2059 3154 2128 copiis
3182 2069 3374 2114 cuncta
3404 2059 3632 2128 comple-

2054 2149 2148 2213 vit,
2173 2157 2227 2204 et
2247 2150 2338 2218 qui
2363 2149 2415 2202 in
2443 2150 2605 2204 rebus
2627 2150 2874 2204 omnibus
2899 2150 3220 2204 tttirabilium
3243 2165 3464 2205 suorum
3487 2151 3638 2205 nobis

2051 2238 2074 2275 (³
2099 2247 2299 2296 :eterna
2325 2240 2654 2295 monimenta
2682 2240 2925 2310 praebuit,
2948 2241 3182 2296 cumulet
3203 2249 3414 2295 mentes
3431 2253 3634 2295 ttostnts

2052 2331 2246 2400 gaudio
2281 2331 2508 2402 Spiritali
2536 2332 2590 2386 in
2616 2331 2831 2388 Christo
2867 2329 3014 2396 Jcsu,
3045 2331 3130 2387 cui
3171 2332 3340 2400 gloria
3373 2340 3427 2386 et
3466 2331 3635 2386 honor

2056 2438 2196 2478 nunc
2223 2431 2274 2478 et
2307 2437 2540 2493 semper,
2563 2432 2618 2478 et
2645 2424 2698 2478 in
2728 2425 2922 2478 stecula
2949 2423 3286 2478 saeculorum.
3317 2422 3509 2477 Amen.

2051 2591 2166 2648 rum
2191 2575 2483 2648 verborum
2512 2592 2631 2648 qua:
2661 2575 2851 2631 idonea
2886 2575 3149 2648 sententia
3179 2588 3301 2648 esse
3327 2574 3512 2648 possit,
3545 2573 3630 2626 alii

2045 2644 2299 2701 viderint.
2330 2647 2432 2700 Alii
2453 2642 2559 2700 duo
2579 2663 2733 2712 mss.,
2757 2662 2911 2716 super
2930 2645 3113 2700 latitia
3137 2643 3408 2714 capienda.
3431 2642 3628 2709 Gnece,

2045 2721 2120 2776 είς
2142 2720 2482 2798 siceram

2149 2739 2206 2770 ευ
2343 2741 2400 2770 ’.ν
2466 2754 2482 2770 ο

2129 2786 2154 2826 δ
2183 2737 2362 2841 λῗξξῗπῖε
2407 2740 2560 2840 Zitbit
2597 2801 2786 2842 vocem
2817 2797 3009 2842 acterna
3039 2795 3093 2840 et
3122 2785 3172 2839 in
3202 2783 3358 2838 editis
3386 2791 3441 2838 et
3465 2785 3515 2837 in
3541 2799 3627 2836 ve-

2053 2857 2256 2911 tctihns
2287 2857 2434 2911 libris
2479 2857 2733 2923 reperiri,
2777 2873 2898 2910 cmn
2928 2858 3185 2926 scriptum
3215 2856 3285 2908 sit
3314 2854 3458 2924 apud
3486 2853 3626 2907 Basi-

2049 2927 2198 3000 littttl,
2226 2931 2404 3000 ἐναργῆ
2525 2929 2865 3000 ὑπομνήματα
2885 2931 3190 2991 καταλιπὼν,
3215 2927 3496 2996 manifesta
3519 2940 3624 2978 mo-

2052 2995 2284 3050 nimenta
2310 2995 2530 3068 reliquit.

2055 3483 2153 3536 pro
2184 3468 2423 3523 veritatis
2450 3470 2679 3534 ratione,
2712 3469 2804 3526 sed
2831 3485 2930 3540 pro
2959 3485 3059 3524 suo
3086 3477 3520 3525 commentantur
3545 3485 3630 3522 ar-

2051 3562 2214 3616 bitrio
2247 3579 2258 3613 :
2289 3562 2428 3617 sicut
2454 3562 2772 3631 interpretes
2803 3562 3160 3628 somniorum,
3189 3562 3319 3617 visis
3355 3577 3456 3630 per
3471 3577 3624 3632 sopo-

2051 3669 2164 3708 rem
2195 3653 2357 3708 variis
2391 3653 2734 3722 imaginibus,
2766 3653 2890 3723 quid
2923 3651 3164 3707 futurum
3191 3652 3262 3706 sit
3288 3667 3389 3721 pro
3411 3667 3504 3708 sua
3535 3669 3627 3704 vo-

2050 3747 2255 3800 luntate
2283 3747 2652 3816 pronuntiant.
2678 3744 2790 3814 Ego
2819 3755 3000 3800 autem
3029 3759 3150 3800 euut
3180 3743 3402 3800 audiero
3432 3743 3628 3807 fenum,

2048 3833 2154 3888 hoc
2192 3834 2434 3904 intelligo
2462 3835 2608 3902 quod
2637 3833 2836 3890 dictum
2866 3842 2969 3888 est.
3000 3833 3132 3887 Item
3167 3835 3344 3903 pisces
3372 3841 3465 3888 aut
3491 3848 3622 3902 qua-

2047 3925 2340 3996 drupedes,
2399 3932 2492 3984 aut
2533 3925 2790 3992 virgulta,
2839 3924 3110 3992 quomodo
3152 3925 3321 3978 relata
3370 3933 3523 3988 sunt,
3555 3924 3626 3977 ita

2049 4019 2290 4088 percipio
2323 4036 2339 4070 τ
2373 4015 2554 4088 Neque
2579 4018 2718 4070 enim
2743 4017 2984 4071 erubesco
3010 4015 3349 4087 Ettangelium
3372 4016 3545 4086 (Rom.
3570 4033 3623 4080 ιι,

2052 4109 2162 4178 16).
2198 4108 2328 4162 Nam
2361 4109 2484 4164 licet
2522 4109 2575 4162 hi
2617 4109 2710 4177 qui
2755 4108 2824 4162 de
2861 4107 3062 4162 mundo
3089 4109 3243 4178 plura
3272 4109 3624 4177 scripserunt,

2049 4206 2195 4253 certa
2227 4199 2293 4252 de
2339 4207 2498 4253 terra:
2523 4197 2888 4253 schematibus
2915 4197 3236 4267 disputarint
3260 4236 3276 4262 ,
3323 4197 3482 4253 modo
3509 4213 3623 4252 eam

2049 4291 2308 4361 sphtcrae,
2354 4290 2515 4344 modo
2545 4289 2820 4362 cylindro,
2859 4289 3022 4344 modo
3047 4289 3252 4344 circulo
3281 4290 3526 4348 similem.
3547 4297 3621 4342 σοι

2049 4381 2345 4450 aequalibus
2376 4381 2610 4450 undique
2655 4380 2936 4436 collectam
2973 4379 3218 4450 partibus
3257 4379 3621 4448 designantes,

361 4465 463 4522 bis.
513 4465 697 4535 Neque
744 4464 885 4518 enim
955 4463 1242 4519 llelismum
1289 4473 1348 4518 ut
1403 4463 1704 4534 improbam
1759 4476 1944 4535 pasto-

2053 4483 2106 4530 et
2137 4476 2190 4529 in
2221 4474 2398 4528 medio
2427 4488 2546 4530 esse
2576 4487 2782 4528 cavam.
2824 4472 2903 4526 Ad
2937 4487 3128 4527 omnes
3155 4473 3297 4526 enim
3327 4470 3621 4539 ltujttrmodi

359 4573 474 4613 rem
519 4559 541 4593 ιι
587 4555 897 4611 refutabant
939 4555 1080 4609 illius
1111 4555 1370 4624 temporis
1399 4557 1639 4609 convivae
1670 4555 1776 4623 (IV
1806 4555 1939 4628 Reg.

359 4665 431 4711 tv,
464 4648 552 4718 ’59)
586 4665 598 4700 :
629 4655 688 4701 et
715 4654 860 4701 certe
906 4645 1208 4714 agrestibus
1235 4660 1334 4700 eos
1359 4643 1635 4700 reficiebat
1663 4646 1939 4704 olusculis.

358 4739 676 4810 Contpertas
721 4739 793 4793 ita
816 4753 900 4806 ,ue
940 4737 1117 4792 habeo
1144 4738 1288 4805 leges
1327 4737 1588 4806 quasdam
1616 4754 1782 4808 super
1811 4741 1942 4794 alle-

357 4831 540 4900 goria,
581 4843 687 4884 non
717 4845 850 4900 quas
879 4845 944 4884 ex
974 4830 1182 4898 meipso
1208 4827 1416 4883 confeci
1443 4869 1456 4893 ,
1500 4827 1592 4884 sed
1623 4845 1756 4900 quas
1780 4830 1940 4886 didici

357 4923 586 4978 aliorum
615 4922 976 4976 voluminibus
1005 4920 1310 4982 recensitis,
1342 4936 1439 4990 per
1465 4936 1602 4990 quas
1639 4921 1692 4975 hi
1729 4921 1820 4992 qui
1850 4938 1940 4977 ae-

357 5011 640 5080 quiescunt
667 5013 1040 5066 commumbus
1067 5011 1378 5066 consentire
1417 5011 1714 5080 scripturis,
1747 5027 1940 5080 aquam

357 5107 544 5160 dicunt
578 5119 686 5157 non
729 5118 847 5158 esse
877 5119 1102 5172 aquam,
1143 5105 1238 5160 sed
1265 5104 1425 5158 aliam
1466 5104 1752 5173 quamdam
1785 5113 1940 5160 natu-

356 5212 491 5262 ram,
523 5197 697 5268 pisces
723 5211 939 5265 quoque
967 5197 1049 5252 vel
1071 5193 1358 5268 serpentes
1378 5237 1392 5262 ,
1443 5206 1535 5252 aut
1563 5197 1792 5264 bestias,
1826 5215 1936 5253 non

429 5425 454 5454 ⁶
481 5414 636 5486 Colla.
664 5413 1107 5486 secundus,_mi[ti
1128 5415 1267 5486 enim
1293 5414 1500 5486 lice_t....
1522 5430 1685 5486 egeno
1713 5414 1936 5486 cupienti

353 5484 591 5540 exhibere
617 5487 919 5540 convivium.
962 5481 1159 5554 Ibidem
1189 5485 1337 5554 editi,
1368 5481 1574 5554 defecit:
1608 5483 1750 5538 Libri
1776 5481 1934 5538 vete-

357 5569 470 5627 res,
497 5555 684 5627 deﬁcit.
721 5555 929 5627 Rursus
964 5553 1295 5627 hocipsoin
1330 5553 1449 5627 loco
1490 5570 1590 5627 ms.
1643 5556 1848 5620 nostri,
1884 5563 1934 5608 et

357 5624 421 5682 ob
451 5623 571 5680 hoc;
595 5625 787 5680 Deerat
814 5623 1118 5695 conju'u-tio
1150 5633 1198 5677 et
1231 5623 1279 5675 in
1307 5624 1552 5690 vulgatis.

2047 4566 2356 4635 Opiniones,
2409 4564 2702 4632 scriptores
2748 4563 3170 4633 cosmographize
3209 4561 3446 4631 prolapsi
3483 4568 3618 4619 sunt,

2047 4658 2183 4712 alter
2211 4657 2433 4712 alterius
2471 4655 2722 4724 dogmata
2760 4653 3136 4710 rescindendo.
3167 4652 3280 4722 Ego
3309 4660 3489 4710 tamen
3517 4667 3617 4704 non

2045 4745 2284 4801 adducor
2322 4753 2381 4799 ut
2408 4745 2582 4800 dicam
2612 4745 2814 4800 idcirco
2840 4744 3162 4799 deteriorem
3203 4751 3444 4798 nostram
3473 4757 3612 4796 mun-

2045 4836 2408 4892 dilicationem
2436 4835 2606 4891 videri
2640 4854 2652 4888 :
2699 4835 2825 4904 quia
2867 4835 3002 4890 nihil
3031 4835 3098 4890 de
3125 4834 3486 4888 schematibus
3512 4831 3618 4897 ejus

2044 4928 2274 4983 lamulus
2318 4925 2414 4982 Dei
2445 4927 2738 4992 disseruit,
2788 4933 2843 4980 et
2871 4925 2996 4995 quia
3025 4933 3132 4980 non
3179 4924 3315 4978 dixit
3343 4932 3424 4978 tot
3466 4921 3616 4976 millia

2045 5019 2340 5074 stadiorum
2370 5017 2636 5072 ambitum
2684 5017 2891 5072 telluris
2921 5023 3106 5072 tenere
3127 5057 3143 5080 ,
3192 5015 3278 5072 vel
3305 5013 3451 5086 quod
3480 5015 3616 5068 meti-

2043 5117 2130 5164 tus
2157 5125 2266 5164 non
2311 5117 2396 5164 est
2433 5109 2648 5176 quantis
2677 5107 2864 5177 spatiis
2891 5107 3237 5163 obumbratio
3271 5107 3390 5176 ejus
3427 5107 3478 5160 in
3501 5119 3616 5158 acre

2040 5199 2394 5266 distenditur,
2429 5215 2552 5254 eum
2581 5199 2662 5254 sol
2693 5199 2945 5269 proprios
2973 5213 3161 5254 cursus
3187 5197 3296 5267 agit
3335 5198 3434 5252 sub
3463 5205 3612 5257 tecta,

2119 5411 2146 5452 ι)
2175 5413 2315 5467 Editi
2346 5422 2402 5468 et.
2423 5425 2574 5477 mss,
2605 5416 2903 5483 relatabant
2941 5429 2959 5466 :
2985 5411 3073 5466 ubi
3101 5413 3434 5483 suspicamur
3459 5410 3608 5483 scrip-

2041 5485 2174 5539 sisse
2204 5483 2566 5547 Eustathium,
2613 5481 2956 5553 repudiabant
2985 5500 2998 5535 :
3038 5497 3158 5537 cum
3188 5481 3444 5552 scriptum
3469 5481 3612 5534 inve-

2042 5569 2252 5628 niamus
2295 5554 2434 5628 apud
2469 5553 2752 5615 Basiliam,
2791 5561 3136 5628 παρῃτοῦντο.
3179 5553 3463 5622 Aliquanto
3501 5556 3610 5621 post

2041 5625 2195 5677 Coll).
2235 5623 2518 5687 secundus,
2551 5639 2614 5676 est
2643 5637 2722 5675 nte
2747 5623 2872 5693 ipse.
