  <div class='ocr_page' id='page_1' title='image "/cluster/home/n/w/nwhite01/storage/ocr_20150623/53/hvd.32044073505091/486.png"; bbox 0 0 3964 6198; ppageno 0'>
   <div class='ocr_carea' id='block_1_1' title="bbox 318 224 421 281">
    <p class='ocr_par' dir='ltr' id='par_1_1' title="bbox 318 224 421 281">
     <span class='ocr_line' id='line_1_1' title="bbox 318 224 421 281; baseline -0.019 0"><span class='ocrx_word' id='word_1_1' title='bbox 318 224 421 281; x_wconf 77' lang='lat'><strong>957</strong></span> 
     </span>
    </p>
   </div>
   <div class='ocr_carea' id='block_1_2' title="bbox 1302 220 2584 288">
    <p class='ocr_par' dir='ltr' id='par_1_2' title="bbox 1302 220 2584 288">
     <span class='ocr_line' id='line_1_2' title="bbox 1302 220 2584 288; baseline 0.009 -13"><span class='ocrx_word' id='word_1_2' title='bbox 1302 220 1702 277; x_wconf 71' lang='grc' dir='ltr'><strong>ΙΙΕΧΑΕΜΕΚΙ</strong></span> <span class='ocrx_word' id='word_1_3' title='bbox 1742 223 2225 283; x_wconf 69' lang='lat' dir='ltr'><strong>METAI‘IIRASIS</strong></span> <span class='ocrx_word' id='word_1_4' title='bbox 2262 229 2457 285; x_wconf 67' lang='lat' dir='ltr'><strong>LlBEli</strong></span> <span class='ocrx_word' id='word_1_5' title='bbox 2498 232 2584 288; x_wconf 75' lang='lat' dir='ltr'><strong>l.\&#39;.</strong></span> 
     </span>
    </p>
   </div>
   <div class='ocr_carea' id='block_1_3' title="bbox 3489 240 3595 295">
    <p class='ocr_par' dir='ltr' id='par_1_3' title="bbox 3489 240 3595 295">
     <span class='ocr_line' id='line_1_3' title="bbox 3489 240 3595 295; baseline 0.019 -8"><span class='ocrx_word' id='word_1_6' title='bbox 3489 240 3595 295; x_wconf 57' lang='lat'><strong>9.33</strong></span> 
     </span>
    </p>
   </div>
   <div class='ocr_carea' id='block_1_4' title="bbox 317 331 3589 414">
    <p class='ocr_par' dir='ltr' id='par_1_4' title="bbox 317 331 3589 414">
     <span class='ocr_line' id='line_1_4' title="bbox 317 331 3589 414; baseline 0.004 -24"><span class='ocrx_word' id='word_1_7' title='bbox 317 336 408 405; x_wconf 86' lang='lat' dir='ltr'><strong>qui</strong></span> <span class='ocrx_word' id='word_1_8' title='bbox 449 350 572 390; x_wconf 85' lang='lat' dir='ltr'><strong>cum</strong></span> <span class='ocrx_word' id='word_1_9' title='bbox 611 334 750 389; x_wconf 62' lang='lat' dir='ltr'><strong>lunam</strong></span> <span class='ocrx_word' id='word_1_10' title='bbox 786 332 1246 403; x_wconf 79' lang='lat' dir='ltr'><strong>propiuquaverit,</strong></span> <span class='ocrx_word' id='word_1_11' title='bbox 1295 333 1514 387; x_wconf 88' lang='lat' dir='ltr'><strong>luminis</strong></span> <span class='ocrx_word' id='word_1_12' title='bbox 1556 333 1603 387; x_wconf 86' lang='lat' dir='ltr'><strong>ei</strong></span> <span class='ocrx_word' id='word_1_13' title='bbox 1633 331 1898 388; x_wconf 87' lang='lat' dir='ltr'><strong>defectum</strong></span> <span class='ocrx_word' id='word_1_14' title='bbox 1935 337 1978 396; x_wconf 83' lang='grc' dir='ltr'><strong>Α</strong></span> <span class='ocrx_word' id='word_1_15' title='bbox 2012 338 2218 394; x_wconf 88' lang='lat' dir='ltr'><strong>tinntur</strong></span> <span class='ocrx_word' id='word_1_16' title='bbox 2247 342 2529 410; x_wconf 48' lang='lat' dir='ltr'><strong>originem.</strong></span> <span class='ocrx_word' id='word_1_17' title='bbox 2562 343 2758 414; x_wconf 65' lang='lat' dir='ltr'><strong>L‘jiciat</strong></span> <span class='ocrx_word' id='word_1_18' title='bbox 2788 354 2924 400; x_wconf 76' lang='lat' dir='ltr'><strong>terra</strong></span> <span class='ocrx_word' id='word_1_19' title='bbox 2951 349 3180 401; x_wconf 61' lang='lat' dir='ltr'><strong>mdmam</strong></span> <span class='ocrx_word' id='word_1_20' title='bbox 3206 351 3387 403; x_wconf 64' lang='lat' dir='ltr'><strong>vitam.</strong></span> <span class='ocrx_word' id='word_1_21' title='bbox 3427 349 3589 404; x_wconf 48' lang='lat' dir='ltr'><strong>licu-</strong></span> 
     </span>
    </p>
   </div>
   <div class='ocr_carea' id='block_1_5' title="bbox 317 423 1901 496">
    <p class='ocr_par' dir='ltr' id='par_1_5' title="bbox 317 423 1901 496">
     <span class='ocr_line' id='line_1_5' title="bbox 317 423 1901 496; baseline -0.001 -17"><span class='ocrx_word' id='word_1_22' title='bbox 317 432 555 496; x_wconf 65' lang='lat' dir='ltr'><strong>praestat.</strong></span> <span class='ocrx_word' id='word_1_23' title='bbox 588 425 665 479; x_wconf 89' lang='lat' dir='ltr'><strong>De</strong></span> <span class='ocrx_word' id='word_1_24' title='bbox 707 424 902 493; x_wconf 86' lang='lat' dir='ltr'><strong>quibus</strong></span> <span class='ocrx_word' id='word_1_25' title='bbox 927 423 1173 478; x_wconf 89' lang='lat' dir='ltr'><strong>omnibus</strong></span> <span class='ocrx_word' id='word_1_26' title='bbox 1211 424 1506 493; x_wconf 91' lang='lat' dir='ltr'><strong>prudenter</strong></span> <span class='ocrx_word' id='word_1_27' title='bbox 1549 424 1637 477; x_wconf 87' lang='lat' dir='ltr'><strong>ille</strong></span> <span class='ocrx_word' id='word_1_28' title='bbox 1665 423 1901 489; x_wconf 89' lang='lat' dir='ltr'><strong>reticuit,</strong></span> 
     </span>
    </p>
   </div>
   <div class='ocr_carea' id='block_1_6' title="bbox 314 513 1906 584">
    <p class='ocr_par' dir='ltr' id='par_1_6' title="bbox 314 513 1906 584">
     <span class='ocr_line' id='line_1_6' title="bbox 314 513 1906 584; baseline -0.003 -12"><span class='ocrx_word' id='word_1_29' title='bbox 314 517 492 572; x_wconf 89' lang='lat' dir='ltr'><strong>sciens</strong></span> <span class='ocrx_word' id='word_1_30' title='bbox 515 516 721 571; x_wconf 86' lang='lat' dir='ltr'><strong>inutilia</strong></span> <span class='ocrx_word' id='word_1_31' title='bbox 746 513 902 570; x_wconf 85' lang='lat' dir='ltr'><strong>nobis</strong></span> <span class='ocrx_word' id='word_1_32' title='bbox 939 514 1127 569; x_wconf 86' lang='lat' dir='ltr'><strong>haberi</strong></span> <span class='ocrx_word' id='word_1_33' title='bbox 1160 528 1282 583; x_wconf 77' lang='lat' dir='ltr'><strong>qua:</strong></span> <span class='ocrx_word' id='word_1_34' title='bbox 1323 513 1388 568; x_wconf 89' lang='lat' dir='ltr'><strong>ad</strong></span> <span class='ocrx_word' id='word_1_35' title='bbox 1419 530 1519 569; x_wconf 87' lang='lat' dir='ltr'><strong>nos</strong></span> <span class='ocrx_word' id='word_1_36' title='bbox 1543 514 1763 568; x_wconf 85' lang='lat' dir='ltr'><strong>minime</strong></span> <span class='ocrx_word' id='word_1_37' title='bbox 1783 530 1906 584; x_wconf 85' lang='lat' dir='ltr'><strong>per-</strong></span> 
     </span>
    </p>
   </div>
   <div class='ocr_carea' id='block_1_7' title="bbox 317 605 1903 676">
    <p class='ocr_par' dir='ltr' id='par_1_7' title="bbox 317 605 1903 676">
     <span class='ocr_line' id='line_1_7' title="bbox 317 605 1903 676; baseline -0.004 -12"><span class='ocrx_word' id='word_1_38' title='bbox 317 610 563 664; x_wconf 90' lang='lat' dir='ltr'><strong>tinerent.</strong></span> <span class='ocrx_word' id='word_1_39' title='bbox 602 608 795 662; x_wconf 90' lang='lat' dir='ltr'><strong>ldeone</strong></span> <span class='ocrx_word' id='word_1_40' title='bbox 849 617 873 644; x_wconf 77' lang='grc' dir='ltr'>ι</span> <span class='ocrx_word' id='word_1_41' title='bbox 903 606 1164 663; x_wconf 89' lang='lat' dir='ltr'><strong>debemus</strong></span> <span class='ocrx_word' id='word_1_42' title='bbox 1194 606 1357 660; x_wconf 90' lang='lat' dir='ltr'><strong>verba</strong></span> <span class='ocrx_word' id='word_1_43' title='bbox 1391 606 1693 676; x_wconf 88' lang='lat' dir='ltr'><strong>spiritualia</strong></span> <span class='ocrx_word' id='word_1_44' title='bbox 1715 605 1903 659; x_wconf 82' lang='lat' dir='ltr'><strong>viliora</strong></span> 
     </span>
    </p>
   </div>
   <div class='ocr_carea' id='block_1_8' title="bbox 313 697 1901 771">
    <p class='ocr_par' dir='ltr' id='par_1_8' title="bbox 313 697 1901 771">
     <span class='ocr_line' id='line_1_8' title="bbox 313 697 1901 771; baseline -0.006 -12"><span class='ocrx_word' id='word_1_45' title='bbox 313 718 437 759; x_wconf 88' lang='lat' dir='ltr'><strong>esse</strong></span> <span class='ocrx_word' id='word_1_46' title='bbox 482 700 787 757; x_wconf 87' lang='lat' dir='ltr'><strong>vanissimis</strong></span> <span class='ocrx_word' id='word_1_47' title='bbox 826 698 1271 771; x_wconf 86' lang='lat' dir='ltr'><strong>philosophorum</strong></span> <span class='ocrx_word' id='word_1_48' title='bbox 1321 698 1711 753; x_wconf 83' lang='lat' dir='ltr'><strong>assertionibus</strong></span> <span class='ocrx_word' id='word_1_49' title='bbox 1754 697 1901 752; x_wconf 85' lang='lat' dir='ltr'><strong>arbi-</strong></span> 
     </span>
    </p>
   </div>
   <div class='ocr_carea' id='block_1_9' title="bbox 312 789 1902 861">
    <p class='ocr_par' dir='ltr' id='par_1_9' title="bbox 312 789 1902 861">
     <span class='ocr_line' id='line_1_9' title="bbox 312 789 1902 861; baseline -0.004 -13"><span class='ocrx_word' id='word_1_50' title='bbox 312 794 445 849; x_wconf 89' lang='lat' dir='ltr'><strong>trari</strong></span> <span class='ocrx_word' id='word_1_51' title='bbox 472 835 491 861; x_wconf 94' lang='lat'><strong>,</strong></span> <span class='ocrx_word' id='word_1_52' title='bbox 530 800 586 847; x_wconf 91' lang='lat' dir='ltr'><strong>et</strong></span> <span class='ocrx_word' id='word_1_53' title='bbox 629 808 737 845; x_wconf 89' lang='lat' dir='ltr'><strong>non</strong></span> <span class='ocrx_word' id='word_1_54' title='bbox 768 789 1072 857; x_wconf 83' lang='lat' dir='ltr'><strong>gloriﬁcare</strong></span> <span class='ocrx_word' id='word_1_55' title='bbox 1118 790 1297 859; x_wconf 87' lang='lat' dir='ltr'><strong>potius</strong></span> <span class='ocrx_word' id='word_1_56' title='bbox 1328 789 1496 844; x_wconf 88' lang='lat' dir='ltr'><strong>Deum</strong></span> <span class='ocrx_word' id='word_1_57' title='bbox 1527 790 1619 859; x_wconf 86' lang='lat' dir='ltr'><strong>qui</strong></span> <span class='ocrx_word' id='word_1_58' title='bbox 1662 796 1902 844; x_wconf 88' lang='lat' dir='ltr'><strong>nostram</strong></span> 
     </span>
    </p>
   </div>
   <div class='ocr_carea' id='block_1_10' title="bbox 310 880 1899 952">
    <p class='ocr_par' dir='ltr' id='par_1_10' title="bbox 310 880 1899 952">
     <span class='ocr_line' id='line_1_10' title="bbox 310 880 1899 952; baseline -0.005 -11"><span class='ocrx_word' id='word_1_59' title='bbox 310 893 549 940; x_wconf 87' lang='lat' dir='ltr'><strong>mentem</strong></span> <span class='ocrx_word' id='word_1_60' title='bbox 597 880 883 952; x_wconf 83' lang='lat' dir='ltr'><strong>superﬂuis</strong></span> <span class='ocrx_word' id='word_1_61' title='bbox 928 881 1143 950; x_wconf 90' lang='lat' dir='ltr'><strong>quidem</strong></span> <span class='ocrx_word' id='word_1_62' title='bbox 1190 880 1579 950; x_wconf 65' lang='lat' dir='ltr'><strong>quaestionibus</strong></span> <span class='ocrx_word' id='word_1_63' title='bbox 1620 881 1899 947; x_wconf 82' lang='lat' dir='ltr'><strong>liberavit,</strong></span> 
     </span>
    </p>
   </div>
   <div class='ocr_carea' id='block_1_11' title="bbox 311 971 1902 1041">
    <p class='ocr_par' dir='ltr' id='par_1_11' title="bbox 311 971 1902 1041">
     <span class='ocr_line' id='line_1_11' title="bbox 311 971 1902 1041; baseline -0.003 -12"><span class='ocrx_word' id='word_1_64' title='bbox 311 974 383 1029; x_wconf 87' lang='lat' dir='ltr'><strong>ad</strong></span> <span class='ocrx_word' id='word_1_65' title='bbox 430 973 743 1029; x_wconf 63' lang='lat' dir='ltr'><strong>excitandas</strong></span> <span class='ocrx_word' id='word_1_66' title='bbox 788 988 920 1027; x_wconf 90' lang='lat' dir='ltr'><strong>vero</strong></span> <span class='ocrx_word' id='word_1_67' title='bbox 949 971 1393 1041; x_wconf 79' lang='lat' dir='ltr'><strong>:edilicandasque</strong></span> <span class='ocrx_word' id='word_1_68' title='bbox 1438 984 1656 1027; x_wconf 88' lang='lat' dir='ltr'><strong>nostras</strong></span> <span class='ocrx_word' id='word_1_69' title='bbox 1697 972 1902 1026; x_wconf 90' lang='lat' dir='ltr'><strong>animas</strong></span> 
     </span>
    </p>
   </div>
   <div class='ocr_carea' id='block_1_12' title="bbox 311 1061 1900 1137">
    <p class='ocr_par' dir='ltr' id='par_1_12' title="bbox 311 1061 1900 1137">
     <span class='ocr_line' id='line_1_12' title="bbox 311 1061 1900 1137; baseline -0.003 -17"><span class='ocrx_word' id='word_1_70' title='bbox 311 1065 578 1137; x_wconf 78' lang='lat' dir='ltr'><strong>prolicere</strong></span> <span class='ocrx_word' id='word_1_71' title='bbox 606 1072 799 1121; x_wconf 83' lang='lat' dir='ltr'><strong>c:.ncta</strong></span> <span class='ocrx_word' id='word_1_72' title='bbox 823 1063 1129 1133; x_wconf 83' lang='lat' dir='ltr'><strong>disposuit?</strong></span> <span class='ocrx_word' id='word_1_73' title='bbox 1160 1061 1312 1119; x_wconf 88' lang='lat' dir='ltr'><strong>Unde</strong></span> <span class='ocrx_word' id='word_1_74' title='bbox 1341 1064 1592 1119; x_wconf 89' lang='lat' dir='ltr'><strong>videntur</strong></span> <span class='ocrx_word' id='word_1_75' title='bbox 1619 1063 1751 1118; x_wconf 86' lang='lat' dir='ltr'><strong>mihi</strong></span> <span class='ocrx_word' id='word_1_76' title='bbox 1778 1062 1900 1132; x_wconf 79' lang='lat' dir='ltr'><strong>qui-</strong></span> 
     </span>
    </p>
   </div>
   <div class='ocr_carea' id='block_1_13' title="bbox 308 1156 1895 1227">
    <p class='ocr_par' dir='ltr' id='par_1_13' title="bbox 308 1156 1895 1227">
     <span class='ocr_line' id='line_1_13' title="bbox 308 1156 1895 1227; baseline -0.003 -13"><span class='ocrx_word' id='word_1_77' title='bbox 308 1160 435 1214; x_wconf 81' lang='lat' dir='ltr'><strong>dum</strong></span> <span class='ocrx_word' id='word_1_78' title='bbox 468 1175 649 1213; x_wconf 91' lang='lat' dir='ltr'><strong>rerum</strong></span> <span class='ocrx_word' id='word_1_79' title='bbox 680 1158 873 1227; x_wconf 89' lang='lat' dir='ltr'><strong>ignari,</strong></span> <span class='ocrx_word' id='word_1_80' title='bbox 906 1157 1308 1215; x_wconf 86' lang='lat' dir='ltr'><strong>seductiouibus</strong></span> <span class='ocrx_word' id='word_1_81' title='bbox 1331 1157 1512 1227; x_wconf 81' lang='lat' dir='ltr'><strong>pravis</strong></span> <span class='ocrx_word' id='word_1_82' title='bbox 1549 1164 1604 1211; x_wconf 89' lang='lat' dir='ltr'><strong>et</strong></span> <span class='ocrx_word' id='word_1_83' title='bbox 1631 1156 1895 1211; x_wconf 45' lang='lat' dir='ltr'><strong>suasioni.</strong></span> 
     </span>
    </p>
   </div>
   <div class='ocr_carea' id='block_1_14' title="bbox 306 1246 1898 1318">
    <p class='ocr_par' dir='ltr' id='par_1_14' title="bbox 306 1246 1898 1318">
     <span class='ocr_line' id='line_1_14' title="bbox 306 1246 1898 1318; baseline -0.003 -14"><span class='ocrx_word' id='word_1_84' title='bbox 306 1250 409 1307; x_wconf 81' lang='lat' dir='ltr'><strong>hiis</strong></span> <span class='ocrx_word' id='word_1_85' title='bbox 422 1249 567 1305; x_wconf 80' lang='lat' dir='ltr'><strong>falsis</strong></span> <span class='ocrx_word' id='word_1_86' title='bbox 581 1248 730 1313; x_wconf 88' lang='lat' dir='ltr'><strong>eniti,</strong></span> <span class='ocrx_word' id='word_1_87' title='bbox 747 1263 855 1317; x_wconf 90' lang='lat' dir='ltr'><strong>quo</strong></span> <span class='ocrx_word' id='word_1_88' title='bbox 884 1246 1130 1318; x_wconf 69' lang='lat' dir='ltr'><strong>possintb</strong></span> <span class='ocrx_word' id='word_1_89' title='bbox 1158 1247 1461 1302; x_wconf 86' lang='lat' dir='ltr'><strong>honestatis</strong></span> <span class='ocrx_word' id='word_1_90' title='bbox 1481 1246 1775 1316; x_wconf 87' lang='lat' dir='ltr'><strong>quemdam</strong></span> <span class='ocrx_word' id='word_1_91' title='bbox 1803 1261 1898 1301; x_wconf 92' lang='lat' dir='ltr'><strong>co-</strong></span> 
     </span>
    </p>
   </div>
   <div class='ocr_carea' id='block_1_15' title="bbox 306 1337 1900 1410">
    <p class='ocr_par' dir='ltr' id='par_1_15' title="bbox 306 1337 1900 1410">
     <span class='ocr_line' id='line_1_15' title="bbox 306 1337 1900 1410; baseline -0.002 -15"><span class='ocrx_word' id='word_1_92' title='bbox 306 1341 501 1405; x_wconf 89' lang='lat' dir='ltr'><strong>lorem,</strong></span> <span class='ocrx_word' id='word_1_93' title='bbox 530 1355 631 1410; x_wconf 86' lang='lat' dir='ltr'><strong>per</strong></span> <span class='ocrx_word' id='word_1_94' title='bbox 656 1348 973 1407; x_wconf 88' lang='lat' dir='ltr'><strong>argumenta</strong></span> <span class='ocrx_word' id='word_1_95' title='bbox 1001 1338 1239 1409; x_wconf 88' lang='lat' dir='ltr'><strong>propria,</strong></span> <span class='ocrx_word' id='word_1_96' title='bbox 1261 1338 1456 1395; x_wconf 76' lang='lat' dir='ltr'><strong>divinis</strong></span> <span class='ocrx_word' id='word_1_97' title='bbox 1484 1337 1778 1409; x_wconf 89' lang='lat' dir='ltr'><strong>Scripturis</strong></span> <span class='ocrx_word' id='word_1_98' title='bbox 1802 1339 1900 1392; x_wconf 85' lang='lat' dir='ltr'><strong>ob-</strong></span> 
     </span>
    </p>
   </div>
   <div class='ocr_carea' id='block_1_16' title="bbox 304 1431 1899 1502">
    <p class='ocr_par' dir='ltr' id='par_1_16' title="bbox 304 1431 1899 1502">
     <span class='ocr_line' id='line_1_16' title="bbox 304 1431 1899 1502; baseline -0.002 -15"><span class='ocrx_word' id='word_1_99' title='bbox 304 1433 526 1487; x_wconf 86' lang='lat' dir='ltr'><strong>ducere.</strong></span> <span class='ocrx_word' id='word_1_100' title='bbox 573 1432 726 1498; x_wconf 84' lang='lat' dir='ltr'><strong>Quod</strong></span> <span class='ocrx_word' id='word_1_101' title='bbox 768 1431 897 1502; x_wconf 88' lang='lat' dir='ltr'><strong>quid</strong></span> <span class='ocrx_word' id='word_1_102' title='bbox 937 1431 1082 1486; x_wconf 82' lang='lat' dir='ltr'><strong>aliud</strong></span> <span class='ocrx_word' id='word_1_103' title='bbox 1121 1432 1528 1500; x_wconf 89' lang='lat' dir='ltr'><strong>intelligendum</strong></span> <span class='ocrx_word' id='word_1_104' title='bbox 1570 1440 1690 1498; x_wconf 87' lang='lat' dir='ltr'><strong>est,</strong></span> <span class='ocrx_word' id='word_1_105' title='bbox 1738 1446 1899 1500; x_wconf 89' lang='lat' dir='ltr'><strong>quam</strong></span> 
     </span>
    </p>
   </div>
   <div class='ocr_carea' id='block_1_17' title="bbox 305 1520 1898 1594">
    <p class='ocr_par' dir='ltr' id='par_1_17' title="bbox 305 1520 1898 1594">
     <span class='ocr_line' id='line_1_17' title="bbox 305 1520 1898 1594; baseline -0.004 -15"><span class='ocrx_word' id='word_1_106' title='bbox 305 1524 665 1594; x_wconf 85' lang='lat' dir='ltr'><strong>sapientiores</strong></span> <span class='ocrx_word' id='word_1_107' title='bbox 694 1538 753 1579; x_wconf 88' lang='lat' dir='ltr'><strong>se</strong></span> <span class='ocrx_word' id='word_1_108' title='bbox 781 1537 903 1578; x_wconf 88' lang='lat' dir='ltr'><strong>esse</strong></span> <span class='ocrx_word' id='word_1_109' title='bbox 927 1522 1063 1577; x_wconf 80' lang='lat' dir='ltr'><strong>tales</strong></span> <span class='ocrx_word' id='word_1_110' title='bbox 1090 1523 1339 1578; x_wconf 86' lang='lat' dir='ltr'><strong>homines</strong></span> <span class='ocrx_word' id='word_1_111' title='bbox 1361 1523 1541 1577; x_wconf 82' lang='lat' dir='ltr'><strong>verbis</strong></span> <span class='ocrx_word' id='word_1_112' title='bbox 1568 1520 1898 1592; x_wconf 82' lang='lat' dir='ltr'><strong>Spiritalibus</strong></span> 
     </span>
    </p>
   </div>
   <div class='ocr_carea' id='block_1_18' title="bbox 304 1612 1894 1687">
    <p class='ocr_par' dir='ltr' id='par_1_18' title="bbox 304 1612 1894 1687">
     <span class='ocr_line' id='line_1_18' title="bbox 304 1612 1894 1687; baseline -0.001 -19"><span class='ocrx_word' id='word_1_113' title='bbox 304 1614 567 1687; x_wconf 77' lang='lat' dir='ltr'><strong>profiteri,</strong></span> <span class='ocrx_word' id='word_1_114' title='bbox 598 1628 801 1683; x_wconf 89' lang='lat' dir='ltr'><strong>suaque</strong></span> <span class='ocrx_word' id='word_1_115' title='bbox 829 1612 998 1681; x_wconf 76' lang='lat' dir='ltr'><strong>magis</strong></span> <span class='ocrx_word' id='word_1_116' title='bbox 1026 1612 1169 1668; x_wconf 88' lang='lat' dir='ltr'><strong>dicta</strong></span> <span class='ocrx_word' id='word_1_117' title='bbox 1198 1612 1300 1668; x_wconf 90' lang='lat' dir='ltr'><strong>sub</strong></span> <span class='ocrx_word' id='word_1_118' title='bbox 1329 1618 1600 1684; x_wconf 66' lang='lat' dir='ltr'><strong>prietequ</strong></span> <span class='ocrx_word' id='word_1_119' title='bbox 1625 1614 1894 1681; x_wconf 87' lang='lat' dir='ltr'><strong>interpre-</strong></span> 
     </span>
    </p>
   </div>
   <div class='ocr_carea' id='block_1_19' title="bbox 2008 431 3586 501">
    <p class='ocr_par' dir='ltr' id='par_1_19' title="bbox 2008 431 3586 501">
     <span class='ocr_line' id='line_1_19' title="bbox 2008 431 3586 501; baseline 0.006 -15"><span class='ocrx_word' id='word_1_120' title='bbox 2008 431 2104 489; x_wconf 89' lang='lat' dir='ltr'><strong>des</strong></span> <span class='ocrx_word' id='word_1_121' title='bbox 2138 449 2327 490; x_wconf 81' lang='lat' dir='ltr'><strong>omnes</strong></span> <span class='ocrx_word' id='word_1_122' title='bbox 2358 446 2585 490; x_wconf 78' lang='lat' dir='ltr'><strong>terrena:</strong></span> <span class='ocrx_word' id='word_1_123' title='bbox 2620 447 2764 501; x_wconf 87' lang='lat' dir='ltr'><strong>sunt,</strong></span> <span class='ocrx_word' id='word_1_124' title='bbox 2810 440 2878 492; x_wconf 85' lang='lat' dir='ltr'><strong>ob</strong></span> <span class='ocrx_word' id='word_1_125' title='bbox 2910 440 3011 493; x_wconf 81' lang='lat' dir='ltr'><strong>hoc</strong></span> <span class='ocrx_word' id='word_1_126' title='bbox 3042 440 3364 494; x_wconf 78' lang='lat' dir='ltr'><strong>inclinantur</strong></span> <span class='ocrx_word' id='word_1_127' title='bbox 3387 440 3457 494; x_wconf 88' lang='lat' dir='ltr'><strong>ad</strong></span> <span class='ocrx_word' id='word_1_128' title='bbox 3483 450 3586 495; x_wconf 83' lang='lat' dir='ltr'><strong>ter-</strong></span> 
     </span>
    </p>
   </div>
   <div class='ocr_carea' id='block_1_20' title="bbox 2006 528 3587 601">
    <p class='ocr_par' dir='ltr' id='par_1_20' title="bbox 2006 528 3587 601">
     <span class='ocr_line' id='line_1_20' title="bbox 2006 528 3587 601; baseline 0.003 -20"><span class='ocrx_word' id='word_1_129' title='bbox 2006 543 2139 581; x_wconf 90' lang='lat' dir='ltr'><strong>ram.</strong></span> <span class='ocrx_word' id='word_1_130' title='bbox 2192 528 2297 584; x_wconf 88' lang='lat' dir='ltr'><strong>Sed</strong></span> <span class='ocrx_word' id='word_1_131' title='bbox 2346 531 2449 584; x_wconf 85' lang='lat' dir='ltr'><strong>alia</strong></span> <span class='ocrx_word' id='word_1_132' title='bbox 2509 540 2590 585; x_wconf 88' lang='lat' dir='ltr'><strong>est</strong></span> <span class='ocrx_word' id='word_1_133' title='bbox 2630 530 2654 566; x_wconf 77' lang='grc' dir='ltr'>ἀ</span> <span class='ocrx_word' id='word_1_134' title='bbox 2706 532 2885 601; x_wconf 71' lang='lat' dir='ltr'><strong>planta</strong></span> <span class='ocrx_word' id='word_1_135' title='bbox 2934 534 3166 587; x_wconf 70' lang='lat' dir='ltr'><strong>caelestis</strong></span> <span class='ocrx_word' id='word_1_136' title='bbox 3222 533 3381 585; x_wconf 87' lang='lat' dir='ltr'><strong>homo</strong></span> <span class='ocrx_word' id='word_1_137' title='bbox 3432 550 3446 585; x_wconf 90' lang='lat'><strong>:</strong></span> <span class='ocrx_word' id='word_1_138' title='bbox 3496 533 3587 601; x_wconf 91' lang='lat' dir='ltr'><strong>qui</strong></span> 
     </span>
    </p>
   </div>
   <div class='ocr_carea' id='block_1_21' title="bbox 2008 620 3587 691">
    <p class='ocr_par' dir='ltr' id='par_1_21' title="bbox 2008 620 3587 691">
     <span class='ocr_line' id='line_1_21' title="bbox 2008 620 3587 691; baseline 0.003 -20"><span class='ocrx_word' id='word_1_139' title='bbox 2008 628 2265 687; x_wconf 89' lang='lat' dir='ltr'><strong>quantum</strong></span> <span class='ocrx_word' id='word_1_140' title='bbox 2291 620 2475 675; x_wconf 82' lang='lat' dir='ltr'><strong>habitu</strong></span> <span class='ocrx_word' id='word_1_141' title='bbox 2502 621 2701 689; x_wconf 68' lang='lat' dir='ltr'><strong>ligurm,</strong></span> <span class='ocrx_word' id='word_1_142' title='bbox 2730 630 2935 677; x_wconf 84' lang='lat' dir='ltr'><strong>tantum</strong></span> <span class='ocrx_word' id='word_1_143' title='bbox 2962 622 3219 690; x_wconf 71' lang='lat' dir='ltr'><strong>dignitate</strong></span> <span class='ocrx_word' id='word_1_144' title='bbox 3248 623 3411 676; x_wconf 77' lang='lat' dir='ltr'><strong>distat</strong></span> <span class='ocrx_word' id='word_1_145' title='bbox 3433 638 3462 675; x_wconf 90' lang='lat' dir='ltr'><strong>a</strong></span> <span class='ocrx_word' id='word_1_146' title='bbox 3490 637 3587 691; x_wconf 82' lang='lat' dir='ltr'><strong>pe-</strong></span> 
     </span>
    </p>
   </div>
   <div class='ocr_carea' id='block_1_22' title="bbox 2006 702 3587 781">
    <p class='ocr_par' dir='ltr' id='par_1_22' title="bbox 2006 702 3587 781">
     <span class='ocr_line' id='line_1_22' title="bbox 2006 702 3587 781; baseline 0.002 -18"><span class='ocrx_word' id='word_1_147' title='bbox 2006 702 2241 763; x_wconf 73' lang='lat' dir='ltr'><strong>eoi-ibus.</strong></span> <span class='ocrx_word' id='word_1_148' title='bbox 2294 720 2316 746; x_wconf 73' lang='grc' dir='ltr'><strong>ο</strong></span> <span class='ocrx_word' id='word_1_149' title='bbox 2349 710 2569 766; x_wconf 83' lang='lat' dir='ltr'><strong>illorum</strong></span> <span class='ocrx_word' id='word_1_150' title='bbox 2600 712 2762 767; x_wconf 67' lang='lat' dir='ltr'><strong>facies</strong></span> <span class='ocrx_word' id='word_1_151' title='bbox 2790 713 3042 769; x_wconf 86' lang='lat' dir='ltr'><strong>deorsum</strong></span> <span class='ocrx_word' id='word_1_152' title='bbox 3076 712 3233 771; x_wconf 75' lang='lat' dir='ltr'><strong>ﬂexa.</strong></span> <span class='ocrx_word' id='word_1_153' title='bbox 3269 721 3587 781; x_wconf 90' lang='lat' dir='ltr'><strong>uterumque</strong></span> 
     </span>
    </p>
   </div>
   <div class='ocr_carea' id='block_1_23' title="bbox 2004 801 3586 871">
    <p class='ocr_par' dir='ltr' id='par_1_23' title="bbox 2004 801 3586 871">
     <span class='ocr_line' id='line_1_23' title="bbox 2004 801 3586 871; baseline 0.004 -21"><span class='ocrx_word' id='word_1_154' title='bbox 2004 806 2351 867; x_wconf 83' lang='lat' dir='ltr'><strong>prospectat,</strong></span> <span class='ocrx_word' id='word_1_155' title='bbox 2396 809 2453 854; x_wconf 90' lang='lat' dir='ltr'><strong>et</strong></span> <span class='ocrx_word' id='word_1_156' title='bbox 2508 801 2655 869; x_wconf 88' lang='lat' dir='ltr'><strong>quod</strong></span> <span class='ocrx_word' id='word_1_157' title='bbox 2703 802 2817 869; x_wconf 83' lang='lat' dir='ltr'><strong>ejus</strong></span> <span class='ocrx_word' id='word_1_158' title='bbox 2873 803 3075 856; x_wconf 88' lang='lat' dir='ltr'><strong>libidini</strong></span> <span class='ocrx_word' id='word_1_159' title='bbox 3126 802 3421 871; x_wconf 89' lang='lat' dir='ltr'><strong>jucundum</strong></span> <span class='ocrx_word' id='word_1_160' title='bbox 3463 810 3586 868; x_wconf 85' lang='lat' dir='ltr'><strong>est,</strong></span> 
     </span>
    </p>
   </div>
   <div class='ocr_carea' id='block_1_24' title="bbox 2006 887 3588 962">
    <p class='ocr_par' dir='ltr' id='par_1_24' title="bbox 2006 887 3588 962">
     <span class='ocr_line' id='line_1_24' title="bbox 2006 887 3588 962; baseline 0.004 -24"><span class='ocrx_word' id='word_1_161' title='bbox 2006 887 2113 942; x_wconf 87' lang='lat' dir='ltr'><strong>hoc</strong></span> <span class='ocrx_word' id='word_1_162' title='bbox 2156 896 2396 943; x_wconf 87' lang='lat' dir='ltr'><strong>sectatur</strong></span> <span class='ocrx_word' id='word_1_163' title='bbox 2441 908 2452 942; x_wconf 92' lang='lat'>:</span> <span class='ocrx_word' id='word_1_164' title='bbox 2492 899 2640 944; x_wconf 91' lang='lat' dir='ltr'><strong>tuum</strong></span> <span class='ocrx_word' id='word_1_165' title='bbox 2673 907 2803 946; x_wconf 85' lang='lat' dir='ltr'><strong>vero</strong></span> <span class='ocrx_word' id='word_1_166' title='bbox 2851 902 3010 962; x_wconf 86' lang='lat' dir='ltr'><strong>caput</strong></span> <span class='ocrx_word' id='word_1_167' title='bbox 3047 893 3114 946; x_wconf 89' lang='lat' dir='ltr'><strong>ad</strong></span> <span class='ocrx_word' id='word_1_168' title='bbox 3143 893 3335 947; x_wconf 62' lang='lat' dir='ltr'><strong>callum</strong></span> <span class='ocrx_word' id='word_1_169' title='bbox 3375 907 3588 961; x_wconf 79' lang='lat' dir='ltr'><strong>semper</strong></span> 
     </span>
    </p>
   </div>
   <div class='ocr_carea' id='block_1_25' title="bbox 2003 979 3588 1052">
    <p class='ocr_par' dir='ltr' id='par_1_25' title="bbox 2003 979 3588 1052">
     <span class='ocr_line' id='line_1_25' title="bbox 2003 979 3588 1052; baseline 0.003 -20"><span class='ocrx_word' id='word_1_170' title='bbox 2003 979 2244 1047; x_wconf 82' lang='lat' dir='ltr'><strong>erigitur,</strong></span> <span class='ocrx_word' id='word_1_171' title='bbox 2282 981 2425 1035; x_wconf 87' lang='lat' dir='ltr'><strong>oculi</strong></span> <span class='ocrx_word' id='word_1_172' title='bbox 2457 982 2531 1036; x_wconf 91' lang='lat' dir='ltr'><strong>tui</strong></span> <span class='ocrx_word' id='word_1_173' title='bbox 2560 997 2789 1052; x_wconf 77' lang='lat' dir='ltr'><strong>Stzperna</strong></span> <span class='ocrx_word' id='word_1_174' title='bbox 2819 984 3132 1051; x_wconf 63' lang='lat' dir='ltr'><strong>respiciunt.</strong></span> <span class='ocrx_word' id='word_1_175' title='bbox 3164 982 3268 1037; x_wconf 88' lang='lat' dir='ltr'><strong>Sed</strong></span> <span class='ocrx_word' id='word_1_176' title='bbox 3296 983 3339 1036; x_wconf 89' lang='lat' dir='ltr'><strong>si</strong></span> <span class='ocrx_word' id='word_1_177' title='bbox 3372 992 3424 1036; x_wconf 91' lang='lat' dir='ltr'><strong>tu</strong></span> <span class='ocrx_word' id='word_1_178' title='bbox 3454 998 3588 1052; x_wconf 78' lang='lat' dir='ltr'><strong>quo—</strong></span> 
     </span>
    </p>
   </div>
   <div class='ocr_carea' id='block_1_26' title="bbox 2003 1070 3587 1142">
    <p class='ocr_par' dir='ltr' id='par_1_26' title="bbox 2003 1070 3587 1142">
     <span class='ocr_line' id='line_1_26' title="bbox 2003 1070 3587 1142; baseline -0.001 -18"><span class='ocrx_word' id='word_1_179' title='bbox 2003 1086 2109 1138; x_wconf 89' lang='lat' dir='ltr'><strong>que</strong></span> <span class='ocrx_word' id='word_1_180' title='bbox 2150 1073 2394 1140; x_wconf 89' lang='lat' dir='ltr'><strong>corporis</strong></span> <span class='ocrx_word' id='word_1_181' title='bbox 2432 1081 2485 1126; x_wconf 87' lang='lat' dir='ltr'><strong>te.</strong></span> <span class='ocrx_word' id='word_1_182' title='bbox 2518 1074 2879 1142; x_wconf 77' lang='lat' dir='ltr'><strong>voluptatibus</strong></span> <span class='ocrx_word' id='word_1_183' title='bbox 2920 1072 3240 1136; x_wconf 81' lang='lat' dir='ltr'><strong>foedaveris,</strong></span> <span class='ocrx_word' id='word_1_184' title='bbox 3286 1070 3587 1132; x_wconf 86' lang='lat' dir='ltr'><strong>obediendo</strong></span> 
     </span>
    </p>
   </div>
   <div class='ocr_carea' id='block_1_27' title="bbox 2003 1159 3587 1231">
    <p class='ocr_par' dir='ltr' id='par_1_27' title="bbox 2003 1159 3587 1231">
     <span class='ocr_line' id='line_1_27' title="bbox 2003 1159 3587 1231; baseline -0.001 -18"><span class='ocrx_word' id='word_1_185' title='bbox 2003 1159 2151 1215; x_wconf 76' lang='lat' dir='ltr'><strong>luxui</strong></span> <span class='ocrx_word' id='word_1_186' title='bbox 2181 1162 2403 1225; x_wconf 81' lang='lat' dir='ltr'><strong>ventris,</strong></span> <span class='ocrx_word' id='word_1_187' title='bbox 2431 1172 2483 1217; x_wconf 89' lang='lat' dir='ltr'><strong>et</strong></span> <span class='ocrx_word' id='word_1_188' title='bbox 2513 1163 2855 1217; x_wconf 72' lang='lat' dir='ltr'><strong>inferioribus</strong></span> <span class='ocrx_word' id='word_1_189' title='bbox 2884 1163 2999 1231; x_wconf 88' lang='lat' dir='ltr'><strong>ejus</strong></span> <span class='ocrx_word' id='word_1_190' title='bbox 3026 1163 3286 1231; x_wconf 80' lang='lat' dir='ltr'><strong>partibus,</strong></span> <span class='ocrx_word' id='word_1_191' title='bbox 3316 1177 3587 1230; x_wconf 78' lang='lat' dir='ltr'><strong>compara-</strong></span> 
     </span>
    </p>
   </div>
   <div class='ocr_carea' id='block_1_28' title="bbox 2009 1250 3585 1324">
    <p class='ocr_par' dir='ltr' id='par_1_28' title="bbox 2009 1250 3585 1324">
     <span class='ocr_line' id='line_1_28' title="bbox 2009 1250 3585 1324; baseline 0 -20"><span class='ocrx_word' id='word_1_192' title='bbox 2009 1261 2091 1305; x_wconf 83' lang='lat' dir='ltr'><strong>tus</strong></span> <span class='ocrx_word' id='word_1_193' title='bbox 2130 1269 2185 1306; x_wconf 90' lang='lat' dir='ltr'><strong>es</strong></span> <span class='ocrx_word' id='word_1_194' title='bbox 2220 1254 2470 1324; x_wconf 84' lang='lat' dir='ltr'><strong>jumentis</strong></span> <span class='ocrx_word' id='word_1_195' title='bbox 2516 1254 2938 1318; x_wconf 72' lang='lat' dir='ltr'><strong>insensibilibus,</strong></span> <span class='ocrx_word' id='word_1_196' title='bbox 2977 1262 3025 1305; x_wconf 86' lang='lat' dir='ltr'><strong>et</strong></span> <span class='ocrx_word' id='word_1_197' title='bbox 3054 1253 3237 1306; x_wconf 83' lang='lat' dir='ltr'><strong>similis</strong></span> <span class='ocrx_word' id='word_1_198' title='bbox 3284 1250 3389 1305; x_wconf 81' lang='lat' dir='ltr'><strong>illis</strong></span> <span class='ocrx_word' id='word_1_199' title='bbox 3419 1252 3585 1320; x_wconf 78' lang='lat' dir='ltr'><strong>[actus</strong></span> 
     </span>
    </p>
   </div>
   <div class='ocr_carea' id='block_1_29' title="bbox 2004 1340 3587 1411">
    <p class='ocr_par' dir='ltr' id='par_1_29' title="bbox 2004 1340 3587 1411">
     <span class='ocr_line' id='line_1_29' title="bbox 2004 1340 3587 1411; baseline -0.001 -17"><span class='ocrx_word' id='word_1_200' title='bbox 2004 1341 2176 1411; x_wconf 83' lang='lat' dir='ltr'><strong>(Psal.</strong></span> <span class='ocrx_word' id='word_1_201' title='bbox 2208 1359 2388 1407; x_wconf 71' lang='lat' dir='ltr'><strong>XLVIII,</strong></span> <span class='ocrx_word' id='word_1_202' title='bbox 2427 1342 2536 1411; x_wconf 78' lang='grc'><strong>15).</strong></span> <span class='ocrx_word' id='word_1_203' title='bbox 2568 1343 2635 1396; x_wconf 86' lang='lat' dir='ltr'><strong>At</strong></span> <span class='ocrx_word' id='word_1_204' title='bbox 2664 1360 2792 1398; x_wconf 90' lang='lat' dir='ltr'><strong>vero</strong></span> <span class='ocrx_word' id='word_1_205' title='bbox 2824 1344 2916 1398; x_wconf 88' lang='lat' dir='ltr'><strong>tibi</strong></span> <span class='ocrx_word' id='word_1_206' title='bbox 2940 1344 3042 1396; x_wconf 86' lang='lat' dir='ltr'><strong>alia</strong></span> <span class='ocrx_word' id='word_1_207' title='bbox 3071 1341 3372 1397; x_wconf 86' lang='lat' dir='ltr'><strong>sollicitudo</strong></span> <span class='ocrx_word' id='word_1_208' title='bbox 3401 1340 3587 1395; x_wconf 85' lang='lat' dir='ltr'><strong>nimis—</strong></span> 
     </span>
    </p>
   </div>
   <div class='ocr_carea' id='block_1_30' title="bbox 2000 1433 3588 1503">
    <p class='ocr_par' dir='ltr' id='par_1_30' title="bbox 2000 1433 3588 1503">
     <span class='ocr_line' id='line_1_30' title="bbox 2000 1433 3588 1503; baseline -0.001 -16"><span class='ocrx_word' id='word_1_209' title='bbox 2000 1448 2106 1502; x_wconf 87' lang='lat' dir='ltr'><strong>que</strong></span> <span class='ocrx_word' id='word_1_210' title='bbox 2156 1433 2353 1489; x_wconf 86' lang='lat' dir='ltr'><strong>decora</strong></span> <span class='ocrx_word' id='word_1_211' title='bbox 2406 1446 2486 1488; x_wconf 80' lang='lat' dir='ltr'><strong>est</strong></span> <span class='ocrx_word' id='word_1_212' title='bbox 2541 1436 2815 1503; x_wconf 65' lang='lat' dir='ltr'><strong>qumrcudi</strong></span> <span class='ocrx_word' id='word_1_213' title='bbox 2869 1436 3152 1501; x_wconf 80' lang='lat' dir='ltr'><strong>sublimia,</strong></span> <span class='ocrx_word' id='word_1_214' title='bbox 3216 1436 3305 1489; x_wconf 88' lang='lat' dir='ltr'><strong>nhi</strong></span> <span class='ocrx_word' id='word_1_215' title='bbox 3358 1434 3588 1488; x_wconf 89' lang='lat' dir='ltr'><strong>habetur</strong></span> 
     </span>
    </p>
   </div>
   <div class='ocr_carea' id='block_1_31' title="bbox 1999 1522 3583 1596">
    <p class='ocr_par' dir='ltr' id='par_1_31' title="bbox 1999 1522 3583 1596">
     <span class='ocr_line' id='line_1_31' title="bbox 1999 1522 3583 1596; baseline 0.001 -20"><span class='ocrx_word' id='word_1_216' title='bbox 1999 1522 2245 1579; x_wconf 83' lang='lat' dir='ltr'><strong>Christus</strong></span> <span class='ocrx_word' id='word_1_217' title='bbox 2290 1523 2422 1596; x_wconf 89' lang='lat' dir='ltr'><strong>(Col.</strong></span> <span class='ocrx_word' id='word_1_218' title='bbox 2456 1543 2508 1596; x_wconf 83' lang='lat' dir='ltr'><strong>ut</strong></span> <span class='ocrx_word' id='word_1_219' title='bbox 2536 1570 2550 1592; x_wconf 98' lang='lat'><strong>,</strong></span> <span class='ocrx_word' id='word_1_220' title='bbox 2600 1525 2671 1594; x_wconf 82' lang='grc'><strong>1).</strong></span> <span class='ocrx_word' id='word_1_221' title='bbox 2718 1525 2982 1581; x_wconf 84' lang='lat' dir='ltr'><strong>Convenit</strong></span> <span class='ocrx_word' id='word_1_222' title='bbox 3021 1527 3161 1581; x_wconf 85' lang='lat' dir='ltr'><strong>enim</strong></span> <span class='ocrx_word' id='word_1_223' title='bbox 3192 1526 3351 1579; x_wconf 82' lang='lat' dir='ltr'><strong>altius</strong></span> <span class='ocrx_word' id='word_1_224' title='bbox 3379 1534 3430 1579; x_wconf 91' lang='lat' dir='ltr'><strong>te</strong></span> <span class='ocrx_word' id='word_1_225' title='bbox 3458 1523 3583 1578; x_wconf 87' lang='lat' dir='ltr'><strong>ferri</strong></span> 
     </span>
    </p>
   </div>
   <div class='ocr_carea' id='block_1_32' title="bbox 2001 1616 3586 1690">
    <p class='ocr_par' dir='ltr' id='par_1_32' title="bbox 2001 1616 3586 1690">
     <span class='ocr_line' id='line_1_32' title="bbox 2001 1616 3586 1690; baseline 0.001 -20"><span class='ocrx_word' id='word_1_226' title='bbox 2001 1619 2368 1682; x_wconf 83' lang='lat' dir='ltr'><strong>terrestribus,</strong></span> <span class='ocrx_word' id='word_1_227' title='bbox 2402 1628 2460 1673; x_wconf 92' lang='lat' dir='ltr'><strong>ut</strong></span> <span class='ocrx_word' id='word_1_228' title='bbox 2481 1620 2755 1688; x_wconf 88' lang='lat' dir='ltr'><strong>quomodo</strong></span> <span class='ocrx_word' id='word_1_229' title='bbox 2779 1629 2936 1674; x_wconf 90' lang='lat' dir='ltr'><strong>natus</strong></span> <span class='ocrx_word' id='word_1_230' title='bbox 2965 1635 3044 1689; x_wconf 89' lang='lat' dir='ltr'><strong>es,</strong></span> <span class='ocrx_word' id='word_1_231' title='bbox 3077 1621 3149 1674; x_wconf 91' lang='lat' dir='ltr'><strong>ita</strong></span> <span class='ocrx_word' id='word_1_232' title='bbox 3180 1619 3448 1690; x_wconf 86' lang='lat' dir='ltr'><strong>propriam</strong></span> <span class='ocrx_word' id='word_1_233' title='bbox 3478 1616 3586 1672; x_wconf 89' lang='lat' dir='ltr'><strong>dis-</strong></span> 
     </span>
    </p>
   </div>
   <div class='ocr_carea' id='block_1_33' title="bbox 306 1702 3585 1781">
    <p class='ocr_par' dir='ltr' id='par_1_33' title="bbox 306 1702 3585 1781">
     <span class='ocr_line' id='line_1_33' title="bbox 306 1702 3585 1781; baseline 0 -21"><span class='ocrx_word' id='word_1_234' title='bbox 306 1705 533 1761; x_wconf 87' lang='lat' dir='ltr'><strong>tationis</strong></span> <span class='ocrx_word' id='word_1_235' title='bbox 561 1705 837 1759; x_wconf 76' lang='lat' dir='ltr'><strong>astruere?</strong></span> <span class='ocrx_word' id='word_1_236' title='bbox 867 1703 1207 1774; x_wconf 81' lang='lat' dir='ltr'><strong>Quapropter</strong></span> <span class='ocrx_word' id='word_1_237' title='bbox 1238 1713 1295 1758; x_wconf 90' lang='lat' dir='ltr'><strong>ut</strong></span> <span class='ocrx_word' id='word_1_238' title='bbox 1335 1704 1594 1774; x_wconf 89' lang='lat' dir='ltr'><strong>scriptum</strong></span> <span class='ocrx_word' id='word_1_239' title='bbox 1624 1711 1707 1758; x_wconf 89' lang='lat' dir='ltr'><strong>est</strong></span> <span class='ocrx_word' id='word_1_240' title='bbox 1748 1702 1901 1757; x_wconf 90' lang='lat' dir='ltr'><strong>iutel-</strong></span> <span class='ocrx_word' id='word_1_241' title='bbox 1930 1704 1977 1764; x_wconf 86' lang='grc' dir='ltr'><strong>Β</strong></span> <span class='ocrx_word' id='word_1_242' title='bbox 2002 1722 2173 1777; x_wconf 90' lang='lat' dir='ltr'><strong>ponas</strong></span> <span class='ocrx_word' id='word_1_243' title='bbox 2199 1709 2382 1763; x_wconf 89' lang='lat' dir='ltr'><strong>vitam.</strong></span> <span class='ocrx_word' id='word_1_244' title='bbox 2407 1709 2758 1764; x_wconf 87' lang='lat' dir='ltr'><strong>Conversalio</strong></span> <span class='ocrx_word' id='word_1_245' title='bbox 2789 1720 2877 1765; x_wconf 87' lang='lat' dir='ltr'><strong>tua</strong></span> <span class='ocrx_word' id='word_1_246' title='bbox 2908 1711 2978 1765; x_wconf 91' lang='lat' dir='ltr'><strong>sit</strong></span> <span class='ocrx_word' id='word_1_247' title='bbox 3005 1712 3056 1765; x_wconf 91' lang='lat' dir='ltr'><strong>in</strong></span> <span class='ocrx_word' id='word_1_248' title='bbox 3086 1711 3224 1766; x_wconf 75' lang='lat' dir='ltr'><strong>cmlo</strong></span> <span class='ocrx_word' id='word_1_249' title='bbox 3256 1709 3473 1781; x_wconf 72' lang='lat' dir='ltr'><strong>(Philip.</strong></span> <span class='ocrx_word' id='word_1_250' title='bbox 3506 1724 3585 1771; x_wconf 85' lang='grc' dir='ltr'><strong>ιιι,</strong></span> 
     </span>
    </p>
   </div>
   <div class='ocr_carea' id='block_1_34' title="bbox 306 1794 1894 1866">
    <p class='ocr_par' dir='ltr' id='par_1_34' title="bbox 306 1794 1894 1866">
     <span class='ocr_line' id='line_1_34' title="bbox 306 1794 1894 1866; baseline -0.002 -14"><span class='ocrx_word' id='word_1_251' title='bbox 306 1797 504 1866; x_wconf 89' lang='lat' dir='ltr'><strong>ligatur</strong></span> <span class='ocrx_word' id='word_1_252' title='bbox 537 1814 549 1849; x_wconf 95' lang='lat'>:</span> <span class='ocrx_word' id='word_1_253' title='bbox 587 1795 780 1866; x_wconf 79' lang='lat' dir='ltr'><strong>Ejiciat</strong></span> <span class='ocrx_word' id='word_1_254' title='bbox 809 1804 951 1851; x_wconf 87' lang='lat' dir='ltr'><strong>terra</strong></span> <span class='ocrx_word' id='word_1_255' title='bbox 974 1797 1207 1850; x_wconf 75' lang='lat' dir='ltr'><strong>animum</strong></span> <span class='ocrx_word' id='word_1_256' title='bbox 1236 1796 1395 1850; x_wconf 79' lang='lat' dir='ltr'><strong>vivam</strong></span> <span class='ocrx_word' id='word_1_257' title='bbox 1425 1794 1675 1866; x_wconf 81' lang='lat' dir='ltr'><strong>pecudum</strong></span> <span class='ocrx_word' id='word_1_258' title='bbox 1702 1803 1750 1848; x_wconf 88' lang='lat' dir='ltr'><strong>et</strong></span> <span class='ocrx_word' id='word_1_259' title='bbox 1778 1795 1894 1849; x_wconf 83' lang='lat' dir='ltr'><strong>bes-</strong></span> 
     </span>
    </p>
   </div>
   <div class='ocr_carea' id='block_1_35' title="bbox 306 1893 925 1962">
    <p class='ocr_par' dir='ltr' id='par_1_35' title="bbox 306 1893 925 1962">
     <span class='ocr_line' id='line_1_35' title="bbox 306 1893 925 1962; baseline 0 -17"><span class='ocrx_word' id='word_1_260' title='bbox 306 1893 498 1946; x_wconf 78' lang='lat' dir='ltr'><strong>tiarum</strong></span> <span class='ocrx_word' id='word_1_261' title='bbox 527 1901 577 1945; x_wconf 89' lang='lat' dir='ltr'><strong>et</strong></span> <span class='ocrx_word' id='word_1_262' title='bbox 604 1900 925 1962; x_wconf 78' lang='lat' dir='ltr'><strong>serpentum.</strong></span> 
     </span>
    </p>
   </div>
   <div class='ocr_carea' id='block_1_36' title="bbox 372 1982 1894 2051">
    <p class='ocr_par' dir='ltr' id='par_1_36' title="bbox 372 1982 1894 2051">
     <span class='ocr_line' id='line_1_36' title="bbox 372 1982 1894 2051; baseline -0.003 -14"><span class='ocrx_word' id='word_1_263' title='bbox 372 1982 428 2040; x_wconf 74' lang='grc'><strong>2.</strong></span> <span class='ocrx_word' id='word_1_264' title='bbox 470 1982 703 2039; x_wconf 79' lang='lat' dir='ltr'><strong>Advorte</strong></span> <span class='ocrx_word' id='word_1_265' title='bbox 748 1983 908 2051; x_wconf 82' lang='lat' dir='ltr'><strong>igitur</strong></span> <span class='ocrx_word' id='word_1_266' title='bbox 957 1982 1050 2037; x_wconf 90' lang='lat' dir='ltr'><strong>Dei</strong></span> <span class='ocrx_word' id='word_1_267' title='bbox 1087 1983 1310 2037; x_wconf 87' lang='lat' dir='ltr'><strong>verbum</strong></span> <span class='ocrx_word' id='word_1_268' title='bbox 1368 1996 1595 2037; x_wconf 89' lang='lat' dir='ltr'><strong>currens</strong></span> <span class='ocrx_word' id='word_1_269' title='bbox 1640 1996 1739 2051; x_wconf 88' lang='lat' dir='ltr'><strong>per</strong></span> <span class='ocrx_word' id='word_1_270' title='bbox 1773 1996 1894 2037; x_wconf 85' lang='lat' dir='ltr'><strong>um-</strong></span> 
     </span>
    </p>
   </div>
   <div class='ocr_carea' id='block_1_37' title="bbox 304 2073 1889 2144">
    <p class='ocr_par' dir='ltr' id='par_1_37' title="bbox 304 2073 1889 2144">
     <span class='ocr_line' id='line_1_37' title="bbox 304 2073 1889 2144; baseline -0.004 -12"><span class='ocrx_word' id='word_1_271' title='bbox 304 2092 429 2133; x_wconf 89' lang='lat' dir='ltr'><strong>nem</strong></span> <span class='ocrx_word' id='word_1_272' title='bbox 451 2084 776 2132; x_wconf 88' lang='lat' dir='ltr'><strong>creaturam.</strong></span> <span class='ocrx_word' id='word_1_273' title='bbox 800 2074 955 2141; x_wconf 87' lang='lat' dir='ltr'><strong>Quod</strong></span> <span class='ocrx_word' id='word_1_274' title='bbox 980 2074 1200 2143; x_wconf 87' lang='lat' dir='ltr'><strong>quidem</strong></span> <span class='ocrx_word' id='word_1_275' title='bbox 1226 2074 1355 2129; x_wconf 90' lang='lat' dir='ltr'><strong>olim</strong></span> <span class='ocrx_word' id='word_1_276' title='bbox 1378 2075 1542 2144; x_wconf 59' lang='lat' dir='ltr'><strong>erepit</strong></span> <span class='ocrx_word' id='word_1_277' title='bbox 1567 2092 1579 2127; x_wconf 89' lang='lat'><strong>:</strong></span> <span class='ocrx_word' id='word_1_278' title='bbox 1602 2073 1697 2128; x_wconf 88' lang='lat' dir='ltr'><strong>sed</strong></span> <span class='ocrx_word' id='word_1_279' title='bbox 1718 2088 1889 2142; x_wconf 90' lang='lat' dir='ltr'><strong>usque</strong></span> 
     </span>
    </p>
   </div>
   <div class='ocr_carea' id='block_1_38' title="bbox 304 2165 1898 2236">
    <p class='ocr_par' dir='ltr' id='par_1_38' title="bbox 304 2165 1898 2236">
     <span class='ocr_line' id='line_1_38' title="bbox 304 2165 1898 2236; baseline -0.004 -13"><span class='ocrx_word' id='word_1_280' title='bbox 304 2183 448 2223; x_wconf 87' lang='lat' dir='ltr'><strong>nunc</strong></span> <span class='ocrx_word' id='word_1_281' title='bbox 474 2174 733 2236; x_wconf 89' lang='lat' dir='ltr'><strong>operatur</strong></span> <span class='ocrx_word' id='word_1_282' title='bbox 761 2174 817 2220; x_wconf 91' lang='lat' dir='ltr'><strong>et</strong></span> <span class='ocrx_word' id='word_1_283' title='bbox 842 2173 1098 2235; x_wconf 86' lang='lat' dir='ltr'><strong>properat</strong></span> <span class='ocrx_word' id='word_1_284' title='bbox 1126 2165 1193 2219; x_wconf 88' lang='lat' dir='ltr'><strong>ad</strong></span> <span class='ocrx_word' id='word_1_285' title='bbox 1222 2166 1401 2230; x_wconf 89' lang='lat' dir='ltr'><strong>linem,</strong></span> <span class='ocrx_word' id='word_1_286' title='bbox 1442 2165 1615 2220; x_wconf 85' lang='lat' dir='ltr'><strong>donec</strong></span> <span class='ocrx_word' id='word_1_287' title='bbox 1643 2180 1898 2220; x_wconf 86' lang='lat' dir='ltr'><strong>consum-</strong></span> 
     </span>
    </p>
   </div>
   <div class='ocr_carea' id='block_1_39' title="bbox 306 2254 1897 2325">
    <p class='ocr_par' dir='ltr' id='par_1_39' title="bbox 306 2254 1897 2325">
     <span class='ocr_line' id='line_1_39' title="bbox 306 2254 1897 2325; baseline -0.004 -11"><span class='ocrx_word' id='word_1_288' title='bbox 306 2259 605 2313; x_wconf 87' lang='lat' dir='ltr'><strong>mationem</strong></span> <span class='ocrx_word' id='word_1_289' title='bbox 632 2256 863 2312; x_wconf 86' lang='lat' dir='ltr'><strong>mundus</strong></span> <span class='ocrx_word' id='word_1_290' title='bbox 892 2254 1144 2325; x_wconf 88' lang='lat' dir='ltr'><strong>accipiat.</strong></span> <span class='ocrx_word' id='word_1_291' title='bbox 1177 2255 1325 2310; x_wconf 86' lang='lat' dir='ltr'><strong>Sicut</strong></span> <span class='ocrx_word' id='word_1_292' title='bbox 1354 2256 1497 2309; x_wconf 89' lang='lat' dir='ltr'><strong>enim</strong></span> <span class='ocrx_word' id='word_1_293' title='bbox 1536 2255 1643 2324; x_wconf 90' lang='lat' dir='ltr'><strong>pila</strong></span> <span class='ocrx_word' id='word_1_294' title='bbox 1672 2270 1794 2309; x_wconf 92' lang='lat' dir='ltr'><strong>cum</strong></span> <span class='ocrx_word' id='word_1_295' title='bbox 1829 2254 1897 2308; x_wconf 86' lang='lat' dir='ltr'><strong>ab</strong></span> 
     </span>
    </p>
   </div>
   <div class='ocr_carea' id='block_1_40' title="bbox 307 2344 1897 2418">
    <p class='ocr_par' dir='ltr' id='par_1_40' title="bbox 307 2344 1897 2418">
     <span class='ocr_line' id='line_1_40' title="bbox 307 2344 1897 2418; baseline -0.004 -15"><span class='ocrx_word' id='word_1_296' title='bbox 307 2350 489 2418; x_wconf 87' lang='lat' dir='ltr'><strong>aliquo</strong></span> <span class='ocrx_word' id='word_1_297' title='bbox 523 2348 684 2403; x_wconf 89' lang='lat' dir='ltr'><strong>fuerit</strong></span> <span class='ocrx_word' id='word_1_298' title='bbox 730 2347 990 2415; x_wconf 88' lang='lat' dir='ltr'><strong>impulsa,</strong></span> <span class='ocrx_word' id='word_1_299' title='bbox 1022 2362 1143 2401; x_wconf 91' lang='lat' dir='ltr'><strong>cum</strong></span> <span class='ocrx_word' id='word_1_300' title='bbox 1174 2347 1347 2416; x_wconf 89' lang='lat' dir='ltr'><strong>spatia</strong></span> <span class='ocrx_word' id='word_1_301' title='bbox 1376 2346 1584 2400; x_wconf 85' lang='lat' dir='ltr'><strong>devexa</strong></span> <span class='ocrx_word' id='word_1_302' title='bbox 1613 2344 1897 2415; x_wconf 88' lang='lat' dir='ltr'><strong>repererit,</strong></span> 
     </span>
    </p>
   </div>
   <div class='ocr_carea' id='block_1_41' title="bbox 309 2436 1900 2509">
    <p class='ocr_par' dir='ltr' id='par_1_41' title="bbox 309 2436 1900 2509">
     <span class='ocr_line' id='line_1_41' title="bbox 309 2436 1900 2509; baseline -0.004 -15"><span class='ocrx_word' id='word_1_303' title='bbox 309 2440 426 2509; x_wconf 88' lang='lat' dir='ltr'><strong>ipsa</strong></span> <span class='ocrx_word' id='word_1_304' title='bbox 468 2439 551 2494; x_wconf 87' lang='lat' dir='ltr'><strong>sui</strong></span> <span class='ocrx_word' id='word_1_305' title='bbox 592 2437 963 2502; x_wconf 87' lang='lat' dir='ltr'><strong>volubilitate,</strong></span> <span class='ocrx_word' id='word_1_306' title='bbox 1014 2436 1227 2506; x_wconf 87' lang='lat' dir='ltr'><strong>locique</strong></span> <span class='ocrx_word' id='word_1_307' title='bbox 1274 2437 1616 2506; x_wconf 88' lang='lat' dir='ltr'><strong>proclivitate</strong></span> <span class='ocrx_word' id='word_1_308' title='bbox 1658 2436 1900 2489; x_wconf 86' lang='lat' dir='ltr'><strong>velocius</strong></span> 
     </span>
    </p>
   </div>
   <div class='ocr_carea' id='block_1_42' title="bbox 308 2523 1899 2598">
    <p class='ocr_par' dir='ltr' id='par_1_42' title="bbox 308 2523 1899 2598">
     <span class='ocr_line' id='line_1_42' title="bbox 308 2523 1899 2598; baseline -0.003 -15"><span class='ocrx_word' id='word_1_309' title='bbox 308 2529 526 2584; x_wconf 79' lang='lat' dir='ltr'><strong>incitata</strong></span> <span class='ocrx_word' id='word_1_310' title='bbox 555 2527 858 2598; x_wconf 79' lang='lat' dir='ltr'><strong>perfertur,</strong></span> <span class='ocrx_word' id='word_1_311' title='bbox 905 2542 1005 2584; x_wconf 88' lang='lat' dir='ltr'><strong>nec</strong></span> <span class='ocrx_word' id='word_1_312' title='bbox 1028 2528 1177 2597; x_wconf 88' lang='lat' dir='ltr'><strong>prius</strong></span> <span class='ocrx_word' id='word_1_313' title='bbox 1208 2535 1355 2581; x_wconf 84' lang='lat' dir='ltr'><strong>stare</strong></span> <span class='ocrx_word' id='word_1_314' title='bbox 1391 2527 1610 2597; x_wconf 88' lang='lat' dir='ltr'><strong>poterit,</strong></span> <span class='ocrx_word' id='word_1_315' title='bbox 1642 2541 1802 2596; x_wconf 90' lang='lat' dir='ltr'><strong>quam</strong></span> <span class='ocrx_word' id='word_1_316' title='bbox 1833 2523 1899 2578; x_wconf 88' lang='lat' dir='ltr'><strong>ad</strong></span> 
     </span>
    </p>
   </div>
   <div class='ocr_carea' id='block_1_43' title="bbox 307 2618 1901 2690">
    <p class='ocr_par' dir='ltr' id='par_1_43' title="bbox 307 2618 1901 2690">
     <span class='ocr_line' id='line_1_43' title="bbox 307 2618 1901 2690; baseline 0.001 -17"><span class='ocrx_word' id='word_1_317' title='bbox 307 2620 466 2690; x_wconf 81' lang='lat' dir='ltr'><strong>plana</strong></span> <span class='ocrx_word' id='word_1_318' title='bbox 495 2619 821 2685; x_wconf 82' lang='lat' dir='ltr'><strong>descendat,</strong></span> <span class='ocrx_word' id='word_1_319' title='bbox 857 2620 931 2674; x_wconf 91' lang='lat' dir='ltr'><strong>ita</strong></span> <span class='ocrx_word' id='word_1_320' title='bbox 970 2627 1163 2674; x_wconf 89' lang='lat' dir='ltr'><strong>natura</strong></span> <span class='ocrx_word' id='word_1_321' title='bbox 1191 2634 1370 2675; x_wconf 89' lang='lat' dir='ltr'><strong>rerum</strong></span> <span class='ocrx_word' id='word_1_322' title='bbox 1413 2620 1509 2675; x_wconf 88' lang='lat' dir='ltr'><strong>Dei</strong></span> <span class='ocrx_word' id='word_1_323' title='bbox 1539 2618 1901 2689; x_wconf 64' lang='lat' dir='ltr'><strong>praeceptione</strong></span> 
     </span>
    </p>
   </div>
   <div class='ocr_carea' id='block_1_44' title="bbox 310 2706 1897 2777">
    <p class='ocr_par' dir='ltr' id='par_1_44' title="bbox 310 2706 1897 2777">
     <span class='ocr_line' id='line_1_44' title="bbox 310 2706 1897 2777; baseline -0.002 -12"><span class='ocrx_word' id='word_1_324' title='bbox 310 2716 603 2772; x_wconf 82' lang='lat' dir='ltr'><strong>commota,</strong></span> <span class='ocrx_word' id='word_1_325' title='bbox 638 2708 970 2763; x_wconf 88' lang='lat' dir='ltr'><strong>nascentium</strong></span> <span class='ocrx_word' id='word_1_326' title='bbox 1001 2707 1455 2777; x_wconf 87' lang='lat' dir='ltr'><strong>morientiumque</strong></span> <span class='ocrx_word' id='word_1_327' title='bbox 1486 2706 1747 2763; x_wconf 74' lang='lat' dir='ltr'><strong>facturam</strong></span> <span class='ocrx_word' id='word_1_328' title='bbox 1773 2722 1897 2776; x_wconf 89' lang='lat' dir='ltr'><strong>pas-</strong></span> 
     </span>
    </p>
   </div>
   <div class='ocr_carea' id='block_1_45' title="bbox 308 2796 1902 2868">
    <p class='ocr_par' dir='ltr' id='par_1_45' title="bbox 308 2796 1902 2868">
     <span class='ocr_line' id='line_1_45' title="bbox 308 2796 1902 2868; baseline -0.001 -15"><span class='ocrx_word' id='word_1_329' title='bbox 308 2800 408 2853; x_wconf 88' lang='lat' dir='ltr'><strong>sim</strong></span> <span class='ocrx_word' id='word_1_330' title='bbox 450 2805 742 2868; x_wconf 79' lang='lat' dir='ltr'><strong>penetrans</strong></span> <span class='ocrx_word' id='word_1_331' title='bbox 767 2839 783 2864; x_wconf 95' lang='lat'><strong>,</strong></span> <span class='ocrx_word' id='word_1_332' title='bbox 815 2796 1235 2867; x_wconf 77' lang='lat' dir='ltr'><strong>uniuscz&#39;jusque</strong></span> <span class='ocrx_word' id='word_1_333' title='bbox 1280 2798 1494 2865; x_wconf 81' lang='lat' dir='ltr'><strong>generis</strong></span> <span class='ocrx_word' id='word_1_334' title='bbox 1531 2799 1773 2853; x_wconf 85' lang='lat' dir='ltr'><strong>sobolem</strong></span> <span class='ocrx_word' id='word_1_335' title='bbox 1805 2814 1902 2867; x_wconf 88' lang='lat' dir='ltr'><strong>per</strong></span> 
     </span>
    </p>
   </div>
   <div class='ocr_carea' id='block_1_46' title="bbox 309 2887 1901 2956">
    <p class='ocr_par' dir='ltr' id='par_1_46' title="bbox 309 2887 1901 2956">
     <span class='ocr_line' id='line_1_46' title="bbox 309 2887 1901 2956; baseline -0.001 -12"><span class='ocrx_word' id='word_1_336' title='bbox 309 2887 709 2945; x_wconf 77' lang='lat' dir='ltr'><strong>similitudinem</strong></span> <span class='ocrx_word' id='word_1_337' title='bbox 756 2887 837 2943; x_wconf 90' lang='lat' dir='ltr'><strong>sui</strong></span> <span class='ocrx_word' id='word_1_338' title='bbox 869 2888 1104 2942; x_wconf 86' lang='lat' dir='ltr'><strong>custodit</strong></span> <span class='ocrx_word' id='word_1_339' title='bbox 1131 2888 1440 2956; x_wconf 55' lang='lat' dir='ltr'><strong>aequaliter,</strong></span> <span class='ocrx_word' id='word_1_340' title='bbox 1473 2888 1647 2944; x_wconf 89' lang='lat' dir='ltr'><strong>donec</strong></span> <span class='ocrx_word' id='word_1_341' title='bbox 1693 2888 1762 2944; x_wconf 88' lang='lat' dir='ltr'><strong>ad</strong></span> <span class='ocrx_word' id='word_1_342' title='bbox 1791 2897 1901 2943; x_wconf 87' lang='lat' dir='ltr'><strong>sta-</strong></span> 
     </span>
    </p>
   </div>
   <div class='ocr_carea' id='block_1_47' title="bbox 311 2977 1901 3049">
    <p class='ocr_par' dir='ltr' id='par_1_47' title="bbox 311 2977 1901 3049">
     <span class='ocr_line' id='line_1_47' title="bbox 311 2977 1901 3049; baseline -0.001 -14"><span class='ocrx_word' id='word_1_343' title='bbox 311 2991 484 3037; x_wconf 89' lang='lat' dir='ltr'><strong>tutum</strong></span> <span class='ocrx_word' id='word_1_344' title='bbox 514 2980 803 3033; x_wconf 81' lang='lat' dir='ltr'><strong>terminum</strong></span> <span class='ocrx_word' id='word_1_345' title='bbox 824 2978 1001 3032; x_wconf 85' lang='lat' dir='ltr'><strong>valeat</strong></span> <span class='ocrx_word' id='word_1_346' title='bbox 1029 2979 1330 3048; x_wconf 85' lang='lat' dir='ltr'><strong>pervenire.</strong></span> <span class='ocrx_word' id='word_1_347' title='bbox 1362 2977 1571 3049; x_wconf 87' lang='lat' dir='ltr'><strong>Equum</strong></span> <span class='ocrx_word' id='word_1_348' title='bbox 1601 2979 1744 3033; x_wconf 85' lang='lat' dir='ltr'><strong>enim</strong></span> <span class='ocrx_word' id='word_1_349' title='bbox 1774 2978 1901 3033; x_wconf 81' lang='lat' dir='ltr'><strong>facit</strong></span> 
     </span>
    </p>
   </div>
   <div class='ocr_carea' id='block_1_48' title="bbox 2000 1798 3587 1873">
    <p class='ocr_par' dir='ltr' id='par_1_48' title="bbox 2000 1798 3587 1873">
     <span class='ocr_line' id='line_1_48' title="bbox 2000 1798 3587 1873; baseline 0 -22"><span class='ocrx_word' id='word_1_350' title='bbox 2000 1798 2113 1866; x_wconf 75' lang='lat'><strong>20),</strong></span> <span class='ocrx_word' id='word_1_351' title='bbox 2146 1816 2270 1854; x_wconf 89' lang='lat' dir='ltr'><strong>vera</strong></span> <span class='ocrx_word' id='word_1_352' title='bbox 2307 1801 2400 1854; x_wconf 74' lang='lat' dir='ltr'><strong>tibi</strong></span> <span class='ocrx_word' id='word_1_353' title='bbox 2447 1802 2616 1869; x_wconf 86' lang='lat' dir='ltr'><strong>patria</strong></span> <span class='ocrx_word' id='word_1_354' title='bbox 2647 1809 2730 1856; x_wconf 85' lang='lat' dir='ltr'><strong>est</strong></span> <span class='ocrx_word' id='word_1_355' title='bbox 2768 1804 3016 1873; x_wconf 84' lang='lat' dir='ltr'><strong>superior</strong></span> <span class='ocrx_word' id='word_1_356' title='bbox 3043 1802 3376 1857; x_wconf 90' lang='lat' dir='ltr'><strong>llierusalem</strong></span> <span class='ocrx_word' id='word_1_357' title='bbox 3397 1843 3412 1868; x_wconf 97' lang='lat'><strong>,</strong></span> <span class='ocrx_word' id='word_1_358' title='bbox 3442 1800 3587 1854; x_wconf 81' lang='lat' dir='ltr'><strong>cives</strong></span> 
     </span>
    </p>
   </div>
   <div class='ocr_carea' id='block_1_49' title="bbox 1998 1890 3587 1962">
    <p class='ocr_par' dir='ltr' id='par_1_49' title="bbox 1998 1890 3587 1962">
     <span class='ocr_line' id='line_1_49' title="bbox 1998 1890 3587 1962; baseline -0.001 -18"><span class='ocrx_word' id='word_1_359' title='bbox 1998 1899 2055 1944; x_wconf 91' lang='lat' dir='ltr'><strong>et</strong></span> <span class='ocrx_word' id='word_1_360' title='bbox 2102 1892 2316 1946; x_wconf 66' lang='lat' dir='ltr'><strong>sodales</strong></span> <span class='ocrx_word' id='word_1_361' title='bbox 2374 1892 2543 1948; x_wconf 87' lang='lat' dir='ltr'><strong>habes</strong></span> <span class='ocrx_word' id='word_1_362' title='bbox 2595 1893 2985 1962; x_wconf 87' lang='lat' dir='ltr'><strong>primogenitos</strong></span> <span class='ocrx_word' id='word_1_363' title='bbox 3034 1891 3298 1961; x_wconf 82' lang='lat' dir='ltr'><strong>ascriptos</strong></span> <span class='ocrx_word' id='word_1_364' title='bbox 3345 1892 3397 1944; x_wconf 92' lang='lat' dir='ltr'><strong>in</strong></span> <span class='ocrx_word' id='word_1_365' title='bbox 3450 1890 3587 1945; x_wconf 72' lang='lat' dir='ltr'><strong>cmlo</strong></span> 
     </span>
    </p>
   </div>
   <div class='ocr_carea' id='block_1_50' title="bbox 2000 1980 2427 2053">
    <p class='ocr_par' dir='ltr' id='par_1_50' title="bbox 2000 1980 2427 2053">
     <span class='ocr_line' id='line_1_50' title="bbox 2000 1980 2427 2053; baseline 0.002 -19"><span class='ocrx_word' id='word_1_366' title='bbox 2000 1980 2192 2053; x_wconf 80' lang='lat' dir='ltr'><strong>(Hebr.</strong></span> <span class='ocrx_word' id='word_1_367' title='bbox 2224 1998 2317 2047; x_wconf 79' lang='lat' dir='ltr'><strong>xu,</strong></span> <span class='ocrx_word' id='word_1_368' title='bbox 2350 1982 2427 2052; x_wconf 60' lang='grc' dir='ltr'><strong>ἓ).</strong></span> 
     </span>
    </p>
   </div>
   <div class='ocr_carea' id='block_1_51' title="bbox 2070 2070 3588 2142">
    <p class='ocr_par' dir='ltr' id='par_1_51' title="bbox 2070 2070 3588 2142">
     <span class='ocr_line' id='line_1_51' title="bbox 2070 2070 3588 2142; baseline 0.001 -20"><span class='ocrx_word' id='word_1_369' title='bbox 2070 2071 2122 2123; x_wconf 81' lang='grc'><strong>’5.</strong></span> <span class='ocrx_word' id='word_1_370' title='bbox 2157 2070 2357 2142; x_wconf 80' lang='lat' dir='ltr'><strong>Ejiciat</strong></span> <span class='ocrx_word' id='word_1_371' title='bbox 2400 2080 2539 2126; x_wconf 81' lang='lat' dir='ltr'><strong>terra</strong></span> <span class='ocrx_word' id='word_1_372' title='bbox 2566 2074 2798 2126; x_wconf 84' lang='lat' dir='ltr'><strong>animam</strong></span> <span class='ocrx_word' id='word_1_373' title='bbox 2845 2073 3032 2126; x_wconf 73' lang='lat' dir='ltr'><strong>vivam.</strong></span> <span class='ocrx_word' id='word_1_374' title='bbox 3079 2071 3244 2141; x_wconf 81' lang='lat' dir='ltr'><strong>Igitur</strong></span> <span class='ocrx_word' id='word_1_375' title='bbox 3286 2070 3588 2141; x_wconf 76' lang='lat' dir='ltr'><strong>quadrupe-</strong></span> 
     </span>
    </p>
   </div>
   <div class='ocr_carea' id='block_1_52' title="bbox 1999 2161 3588 2233">
    <p class='ocr_par' dir='ltr' id='par_1_52' title="bbox 1999 2161 3588 2233">
     <span class='ocr_line' id='line_1_52' title="bbox 1999 2161 3588 2233; baseline 0.001 -17"><span class='ocrx_word' id='word_1_376' title='bbox 1999 2161 2126 2216; x_wconf 85' lang='lat' dir='ltr'><strong>dum</strong></span> <span class='ocrx_word' id='word_1_377' title='bbox 2176 2162 2352 2215; x_wconf 90' lang='lat' dir='ltr'><strong>anima</strong></span> <span class='ocrx_word' id='word_1_378' title='bbox 2379 2204 2392 2226; x_wconf 98' lang='lat'><strong>,</strong></span> <span class='ocrx_word' id='word_1_379' title='bbox 2443 2179 2550 2217; x_wconf 89' lang='lat' dir='ltr'><strong>non</strong></span> <span class='ocrx_word' id='word_1_380' title='bbox 2594 2164 2722 2218; x_wconf 86' lang='lat' dir='ltr'><strong>olim</strong></span> <span class='ocrx_word' id='word_1_381' title='bbox 2769 2164 2869 2218; x_wconf 88' lang='lat' dir='ltr'><strong>sub</strong></span> <span class='ocrx_word' id='word_1_382' title='bbox 2917 2175 3057 2218; x_wconf 88' lang='lat' dir='ltr'><strong>terra</strong></span> <span class='ocrx_word' id='word_1_383' title='bbox 3100 2164 3368 2233; x_wconf 87' lang='lat' dir='ltr'><strong>reposita,</strong></span> <span class='ocrx_word' id='word_1_384' title='bbox 3411 2165 3588 2218; x_wconf 86' lang='lat' dir='ltr'><strong>subito</strong></span> 
     </span>
    </p>
   </div>
   <div class='ocr_carea' id='block_1_53' title="bbox 2000 2251 3586 2324">
    <p class='ocr_par' dir='ltr' id='par_1_53' title="bbox 2000 2251 3586 2324">
     <span class='ocr_line' id='line_1_53' title="bbox 2000 2251 3586 2324; baseline 0.002 -20"><span class='ocrx_word' id='word_1_385' title='bbox 2000 2259 2129 2305; x_wconf 88' lang='lat' dir='ltr'><strong>tunc</strong></span> <span class='ocrx_word' id='word_1_386' title='bbox 2158 2251 2330 2319; x_wconf 81' lang='lat' dir='ltr'><strong>ejecta</strong></span> <span class='ocrx_word' id='word_1_387' title='bbox 2373 2253 2642 2322; x_wconf 87' lang='lat' dir='ltr'><strong>prosiluit,</strong></span> <span class='ocrx_word' id='word_1_388' title='bbox 2671 2253 2766 2307; x_wconf 90' lang='lat' dir='ltr'><strong>sed</strong></span> <span class='ocrx_word' id='word_1_389' title='bbox 2793 2254 2949 2307; x_wconf 89' lang='lat' dir='ltr'><strong>simul</strong></span> <span class='ocrx_word' id='word_1_390' title='bbox 2985 2262 3164 2307; x_wconf 78' lang='lat' dir='ltr'><strong>creata</strong></span> <span class='ocrx_word' id='word_1_391' title='bbox 3192 2263 3274 2307; x_wconf 82' lang='lat' dir='ltr'><strong>est</strong></span> <span class='ocrx_word' id='word_1_392' title='bbox 3303 2269 3421 2308; x_wconf 87' lang='lat' dir='ltr'><strong>cum</strong></span> <span class='ocrx_word' id='word_1_393' title='bbox 3448 2270 3586 2324; x_wconf 74' lang='lat' dir='ltr'><strong>pra:-</strong></span> 
     </span>
    </p>
   </div>
   <div class='ocr_carea' id='block_1_54' title="bbox 2000 2339 3587 2412">
    <p class='ocr_par' dir='ltr' id='par_1_54' title="bbox 2000 2339 3587 2412">
     <span class='ocr_line' id='line_1_54' title="bbox 2000 2339 3587 2412; baseline 0.001 -18"><span class='ocrx_word' id='word_1_394' title='bbox 2000 2347 2181 2408; x_wconf 90' lang='lat' dir='ltr'><strong>cepto.</strong></span> <span class='ocrx_word' id='word_1_395' title='bbox 2230 2339 2345 2395; x_wconf 87' lang='lat' dir='ltr'><strong>Una</strong></span> <span class='ocrx_word' id='word_1_396' title='bbox 2388 2351 2469 2396; x_wconf 88' lang='lat' dir='ltr'><strong>est</strong></span> <span class='ocrx_word' id='word_1_397' title='bbox 2515 2343 2618 2397; x_wconf 90' lang='lat' dir='ltr'><strong>illis</strong></span> <span class='ocrx_word' id='word_1_398' title='bbox 2647 2342 2842 2407; x_wconf 88' lang='lat' dir='ltr'><strong>anima,</strong></span> <span class='ocrx_word' id='word_1_399' title='bbox 2875 2352 2929 2397; x_wconf 91' lang='lat' dir='ltr'><strong>et</strong></span> <span class='ocrx_word' id='word_1_400' title='bbox 2957 2343 3119 2398; x_wconf 84' lang='lat' dir='ltr'><strong>decor</strong></span> <span class='ocrx_word' id='word_1_401' title='bbox 3141 2344 3314 2398; x_wconf 76' lang='lat' dir='ltr'><strong>clunis</strong></span> <span class='ocrx_word' id='word_1_402' title='bbox 3345 2345 3395 2397; x_wconf 92' lang='lat' dir='ltr'><strong>in</strong></span> <span class='ocrx_word' id='word_1_403' title='bbox 3424 2341 3587 2412; x_wconf 85' lang='lat' dir='ltr'><strong>figura</strong></span> 
     </span>
    </p>
   </div>
   <div class='ocr_carea' id='block_1_55' title="bbox 2006 2428 3585 2503">
    <p class='ocr_par' dir='ltr' id='par_1_55' title="bbox 2006 2428 3585 2503">
     <span class='ocr_line' id='line_1_55' title="bbox 2006 2428 3585 2503; baseline 0.001 -20"><span class='ocrx_word' id='word_1_404' title='bbox 2006 2428 2026 2466; x_wconf 69' lang='grc' dir='ltr'>ί</span> <span class='ocrx_word' id='word_1_405' title='bbox 2060 2430 2273 2486; x_wconf 90' lang='lat' dir='ltr'><strong>locatus</strong></span> <span class='ocrx_word' id='word_1_406' title='bbox 2308 2449 2321 2484; x_wconf 91' lang='lat'>:</span> <span class='ocrx_word' id='word_1_407' title='bbox 2374 2433 2794 2502; x_wconf 88' lang='lat' dir='ltr'><strong>proprietatibus</strong></span> <span class='ocrx_word' id='word_1_408' title='bbox 2822 2435 2985 2490; x_wconf 84' lang='lat' dir='ltr'><strong>variis</strong></span> <span class='ocrx_word' id='word_1_409' title='bbox 3026 2434 3246 2503; x_wconf 61' lang='lat' dir='ltr'><strong>singulic</strong></span> <span class='ocrx_word' id='word_1_410' title='bbox 3274 2434 3585 2488; x_wconf 81' lang='lat' dir='ltr'><strong>discernun-</strong></span> 
     </span>
    </p>
   </div>
   <div class='ocr_carea' id='block_1_56' title="bbox 2003 2521 3588 2593">
    <p class='ocr_par' dir='ltr' id='par_1_56' title="bbox 2003 2521 3588 2593">
     <span class='ocr_line' id='line_1_56' title="bbox 2003 2521 3588 2593; baseline 0.002 -19"><span class='ocrx_word' id='word_1_411' title='bbox 2003 2529 2111 2575; x_wconf 90' lang='lat' dir='ltr'><strong>tur.</strong></span> <span class='ocrx_word' id='word_1_412' title='bbox 2139 2521 2311 2577; x_wconf 89' lang='lat' dir='ltr'><strong>Boves</strong></span> <span class='ocrx_word' id='word_1_413' title='bbox 2333 2537 2523 2591; x_wconf 89' lang='lat' dir='ltr'><strong>graves</strong></span> <span class='ocrx_word' id='word_1_414' title='bbox 2552 2533 2697 2593; x_wconf 87' lang='lat' dir='ltr'><strong>sunt,</strong></span> <span class='ocrx_word' id='word_1_415' title='bbox 2729 2535 2784 2579; x_wconf 88' lang='lat' dir='ltr'><strong>et</strong></span> <span class='ocrx_word' id='word_1_416' title='bbox 2812 2534 3147 2592; x_wconf 82' lang='lat' dir='ltr'><strong>con:ta:.tes,</strong></span> <span class='ocrx_word' id='word_1_417' title='bbox 3176 2525 3312 2579; x_wconf 90' lang='lat' dir='ltr'><strong>asini</strong></span> <span class='ocrx_word' id='word_1_418' title='bbox 3344 2525 3588 2591; x_wconf 83' lang='lat' dir='ltr'><strong>hebetes,</strong></span> 
     </span>
    </p>
   </div>
   <div class='ocr_carea' id='block_1_57' title="bbox 2001 2616 3582 2688">
    <p class='ocr_par' dir='ltr' id='par_1_57' title="bbox 2001 2616 3582 2688">
     <span class='ocr_line' id='line_1_57' title="bbox 2001 2616 3582 2688; baseline -0.001 -17"><span class='ocrx_word' id='word_1_419' title='bbox 2001 2616 2163 2671; x_wconf 89' lang='lat' dir='ltr'><strong>calidi</strong></span> <span class='ocrx_word' id='word_1_420' title='bbox 2198 2616 2322 2686; x_wconf 89' lang='lat' dir='ltr'><strong>equi</strong></span> <span class='ocrx_word' id='word_1_421' title='bbox 2362 2616 2630 2671; x_wconf 88' lang='lat' dir='ltr'><strong>desiderio</strong></span> <span class='ocrx_word' id='word_1_422' title='bbox 2675 2617 3013 2672; x_wconf 84' lang='lat' dir='ltr'><strong>feminarmn.</strong></span> <span class='ocrx_word' id='word_1_423' title='bbox 3049 2618 3231 2688; x_wconf 90' lang='lat' dir='ltr'><strong>Lupus</strong></span> <span class='ocrx_word' id='word_1_424' title='bbox 3273 2617 3582 2680; x_wconf 68' lang='lat' dir='ltr'><strong>indou‘iitus,</strong></span> 
     </span>
    </p>
   </div>
   <div class='ocr_carea' id='block_1_58' title="bbox 2001 2707 3588 2778">
    <p class='ocr_par' dir='ltr' id='par_1_58' title="bbox 2001 2707 3588 2778">
     <span class='ocr_line' id='line_1_58' title="bbox 2001 2707 3588 2778; baseline -0.001 -17"><span class='ocrx_word' id='word_1_425' title='bbox 2001 2708 2191 2778; x_wconf 86' lang='lat' dir='ltr'><strong>vulpes</strong></span> <span class='ocrx_word' id='word_1_426' title='bbox 2215 2707 2444 2772; x_wconf 88' lang='lat' dir='ltr'><strong>dolosa,</strong></span> <span class='ocrx_word' id='word_1_427' title='bbox 2494 2723 2688 2764; x_wconf 87' lang='lat' dir='ltr'><strong>cervus</strong></span> <span class='ocrx_word' id='word_1_428' title='bbox 2732 2708 2986 2774; x_wconf 89' lang='lat' dir='ltr'><strong>timidus,</strong></span> <span class='ocrx_word' id='word_1_429' title='bbox 3032 2709 3299 2764; x_wconf 70' lang='lat' dir='ltr'><strong>laboriosa</strong></span> <span class='ocrx_word' id='word_1_430' title='bbox 3346 2707 3588 2776; x_wconf 74' lang='lat' dir='ltr'><strong>formiCa,</strong></span> 
     </span>
    </p>
   </div>
   <div class='ocr_carea' id='block_1_59' title="bbox 2002 2796 3589 2870">
    <p class='ocr_par' dir='ltr' id='par_1_59' title="bbox 2002 2796 3589 2870">
     <span class='ocr_line' id='line_1_59' title="bbox 2002 2796 3589 2870; baseline 0.001 -20"><span class='ocrx_word' id='word_1_431' title='bbox 2002 2796 2279 2865; x_wconf 87' lang='lat' dir='ltr'><strong>gratilicus</strong></span> <span class='ocrx_word' id='word_1_432' title='bbox 2318 2797 2497 2862; x_wconf 90' lang='lat' dir='ltr'><strong>canis,</strong></span> <span class='ocrx_word' id='word_1_433' title='bbox 2543 2806 2598 2851; x_wconf 92' lang='lat' dir='ltr'><strong>et</strong></span> <span class='ocrx_word' id='word_1_434' title='bbox 2627 2814 2835 2852; x_wconf 90' lang='lat' dir='ltr'><strong>memor</strong></span> <span class='ocrx_word' id='word_1_435' title='bbox 2861 2799 3130 2864; x_wconf 70' lang='lat' dir='ltr'><strong>amicitize,</strong></span> <span class='ocrx_word' id='word_1_436' title='bbox 3154 2798 3589 2870; x_wconf 80' lang='lat' dir='ltr'><strong>singularumque</strong></span> 
     </span>
    </p>
   </div>
   <div class='ocr_carea' id='block_1_60' title="bbox 2002 2888 3590 2962">
    <p class='ocr_par' dir='ltr' id='par_1_60' title="bbox 2002 2888 3590 2962">
     <span class='ocr_line' id='line_1_60' title="bbox 2002 2888 3590 2962; baseline 0.001 -21"><span class='ocrx_word' id='word_1_437' title='bbox 2002 2888 2373 2943; x_wconf 88' lang='lat' dir='ltr'><strong>nativitatibns</strong></span> <span class='ocrx_word' id='word_1_438' title='bbox 2420 2904 2631 2943; x_wconf 90' lang='lat' dir='ltr'><strong>morum</strong></span> <span class='ocrx_word' id='word_1_439' title='bbox 2662 2890 2825 2944; x_wconf 86' lang='lat' dir='ltr'><strong>etiam</strong></span> <span class='ocrx_word' id='word_1_440' title='bbox 2873 2890 3163 2959; x_wconf 88' lang='lat' dir='ltr'><strong>qualitates</strong></span> <span class='ocrx_word' id='word_1_441' title='bbox 3191 2901 3388 2962; x_wconf 67' lang='lat' dir='ltr'><strong>aptata:</strong></span> <span class='ocrx_word' id='word_1_442' title='bbox 3427 2896 3590 2958; x_wconf 89' lang='lat' dir='ltr'><strong>sunt,</strong></span> 
     </span>
    </p>
   </div>
   <div class='ocr_carea' id='block_1_61' title="bbox 2001 2977 3591 3048">
    <p class='ocr_par' dir='ltr' id='par_1_61' title="bbox 2001 2977 3591 3048">
     <span class='ocr_line' id='line_1_61' title="bbox 2001 2977 3591 3048; baseline 0 -16"><span class='ocrx_word' id='word_1_443' title='bbox 2001 2978 2143 3033; x_wconf 88' lang='lat' dir='ltr'><strong>sicut</strong></span> <span class='ocrx_word' id='word_1_444' title='bbox 2183 2977 2459 3032; x_wconf 88' lang='lat' dir='ltr'><strong>iracundia</strong></span> <span class='ocrx_word' id='word_1_445' title='bbox 2496 2987 2860 3048; x_wconf 87' lang='lat' dir='ltr'><strong>congenerata</strong></span> <span class='ocrx_word' id='word_1_446' title='bbox 2903 2979 3046 3033; x_wconf 90' lang='lat' dir='ltr'><strong>leoni</strong></span> <span class='ocrx_word' id='word_1_447' title='bbox 3092 2987 3175 3034; x_wconf 85' lang='lat' dir='ltr'><strong>est</strong></span> <span class='ocrx_word' id='word_1_448' title='bbox 3200 3018 3214 3042; x_wconf 89' lang='lat'><strong>,</strong></span> <span class='ocrx_word' id='word_1_449' title='bbox 3262 2987 3317 3034; x_wconf 91' lang='lat' dir='ltr'><strong>et</strong></span> <span class='ocrx_word' id='word_1_450' title='bbox 3357 2977 3591 3032; x_wconf 89' lang='lat' dir='ltr'><strong>solitudo</strong></span> 
     </span>
    </p>
   </div>
   <div class='ocr_carea' id='block_1_62' title="bbox 311 3067 3591 3142">
    <p class='ocr_par' dir='ltr' id='par_1_62' title="bbox 311 3067 3591 3142">
     <span class='ocr_line' id='line_1_62' title="bbox 311 3067 3591 3142; baseline -0.002 -15"><span class='ocrx_word' id='word_1_451' title='bbox 311 3088 450 3142; x_wconf 86' lang='lat' dir='ltr'><strong>equo</strong></span> <span class='ocrx_word' id='word_1_452' title='bbox 497 3069 821 3135; x_wconf 89' lang='lat' dir='ltr'><strong>succedere,</strong></span> <span class='ocrx_word' id='word_1_453' title='bbox 864 3076 921 3123; x_wconf 90' lang='lat' dir='ltr'><strong>et</strong></span> <span class='ocrx_word' id='word_1_454' title='bbox 953 3068 1165 3123; x_wconf 82' lang='lat' dir='ltr'><strong>leonem</strong></span> <span class='ocrx_word' id='word_1_455' title='bbox 1198 3068 1359 3131; x_wconf 91' lang='lat' dir='ltr'><strong>leoni,</strong></span> <span class='ocrx_word' id='word_1_456' title='bbox 1393 3078 1446 3124; x_wconf 90' lang='lat' dir='ltr'><strong>et</strong></span> <span class='ocrx_word' id='word_1_457' title='bbox 1475 3068 1710 3138; x_wconf 85' lang='lat' dir='ltr'><strong>aquilam</strong></span> <span class='ocrx_word' id='word_1_458' title='bbox 1744 3070 1899 3138; x_wconf 91' lang='lat' dir='ltr'><strong>aqui-</strong></span> <span class='ocrx_word' id='word_1_459' title='bbox 1928 3072 1973 3135; x_wconf 74' lang='grc' dir='ltr'>Ο</span> <span class='ocrx_word' id='word_1_460' title='bbox 2005 3068 2433 3123; x_wconf 90' lang='lat' dir='ltr'><strong>conversationis</strong></span> <span class='ocrx_word' id='word_1_461' title='bbox 2458 3112 2471 3132; x_wconf 92' lang='lat'><strong>,</strong></span> <span class='ocrx_word' id='word_1_462' title='bbox 2514 3067 2875 3138; x_wconf 88' lang='lat' dir='ltr'><strong>similiumque</strong></span> <span class='ocrx_word' id='word_1_463' title='bbox 2916 3070 3124 3125; x_wconf 78' lang='lat' dir='ltr'><strong>vitatio.</strong></span> <span class='ocrx_word' id='word_1_464' title='bbox 3168 3069 3301 3124; x_wconf 84' lang='lat' dir='ltr'><strong>Nam</strong></span> <span class='ocrx_word' id='word_1_465' title='bbox 3331 3070 3478 3124; x_wconf 76' lang='lat' dir='ltr'><strong>velut</strong></span> <span class='ocrx_word' id='word_1_466' title='bbox 3509 3077 3591 3140; x_wconf 84' lang='lat' dir='ltr'><strong>ty-</strong></span> 
     </span>
    </p>
   </div>
   <div class='ocr_carea' id='block_1_63' title="bbox 313 3159 1901 3229">
    <p class='ocr_par' dir='ltr' id='par_1_63' title="bbox 313 3159 1901 3229">
     <span class='ocr_line' id='line_1_63' title="bbox 313 3159 1901 3229; baseline -0.001 -12"><span class='ocrx_word' id='word_1_467' title='bbox 313 3164 413 3229; x_wconf 68' lang='lat' dir='ltr'><strong>lm,</strong></span> <span class='ocrx_word' id='word_1_468' title='bbox 458 3169 513 3216; x_wconf 87' lang='lat' dir='ltr'><strong>et</strong></span> <span class='ocrx_word' id='word_1_469' title='bbox 540 3159 777 3228; x_wconf 89' lang='lat' dir='ltr'><strong>singulas</strong></span> <span class='ocrx_word' id='word_1_470' title='bbox 821 3160 1138 3220; x_wconf 66' lang='lat' dir='ltr'><strong>animantes,</strong></span> <span class='ocrx_word' id='word_1_471' title='bbox 1172 3160 1512 3229; x_wconf 84' lang='lat' dir='ltr'><strong>sequentium</strong></span> <span class='ocrx_word' id='word_1_472' title='bbox 1559 3162 1901 3216; x_wconf 82' lang='lat' dir='ltr'><strong>successione</strong></span> 
     </span>
    </p>
   </div>
   <div class='ocr_carea' id='block_1_64' title="bbox 312 3246 1902 3317">
    <p class='ocr_par' dir='ltr' id='par_1_64' title="bbox 312 3246 1902 3317">
     <span class='ocr_line' id='line_1_64' title="bbox 312 3246 1902 3317; baseline -0.004 -9"><span class='ocrx_word' id='word_1_473' title='bbox 312 3260 548 3316; x_wconf 86' lang='lat' dir='ltr'><strong>servata,</strong></span> <span class='ocrx_word' id='word_1_474' title='bbox 576 3264 748 3317; x_wconf 66' lang='lat' dir='ltr'><strong>usque</strong></span> <span class='ocrx_word' id='word_1_475' title='bbox 777 3249 845 3302; x_wconf 91' lang='lat' dir='ltr'><strong>ad</strong></span> <span class='ocrx_word' id='word_1_476' title='bbox 887 3246 1047 3303; x_wconf 82' lang='lat' dir='ltr'><strong>linem</strong></span> <span class='ocrx_word' id='word_1_477' title='bbox 1094 3265 1275 3302; x_wconf 58' lang='lat' dir='ltr'><strong>rerum</strong></span> <span class='ocrx_word' id='word_1_478' title='bbox 1321 3249 1563 3303; x_wconf 91' lang='lat' dir='ltr'><strong>omnium</strong></span> <span class='ocrx_word' id='word_1_479' title='bbox 1590 3250 1902 3317; x_wconf 76' lang='lat' dir='ltr'><strong>exitumque</strong></span> 
     </span>
    </p>
   </div>
   <div class='ocr_carea' id='block_1_65' title="bbox 313 3338 1904 3415">
    <p class='ocr_par' dir='ltr' id='par_1_65' title="bbox 313 3338 1904 3415">
     <span class='ocr_line' id='line_1_65' title="bbox 313 3338 1904 3415; baseline -0.003 -18"><span class='ocrx_word' id='word_1_480' title='bbox 313 3341 576 3415; x_wconf 90' lang='lat' dir='ltr'><strong>perducit.</strong></span> <span class='ocrx_word' id='word_1_481' title='bbox 624 3338 839 3393; x_wconf 84' lang='lat' dir='ltr'><strong>Nullum</strong></span> <span class='ocrx_word' id='word_1_482' title='bbox 888 3339 1029 3393; x_wconf 90' lang='lat' dir='ltr'><strong>enim</strong></span> <span class='ocrx_word' id='word_1_483' title='bbox 1063 3346 1274 3408; x_wconf 90' lang='lat' dir='ltr'><strong>tempus</strong></span> <span class='ocrx_word' id='word_1_484' title='bbox 1315 3338 1515 3392; x_wconf 89' lang='lat' dir='ltr'><strong>valebit</strong></span> <span class='ocrx_word' id='word_1_485' title='bbox 1543 3340 1904 3408; x_wconf 84' lang='lat' dir='ltr'><strong>preprietates</strong></span> 
     </span>
    </p>
   </div>
   <div class='ocr_carea' id='block_1_66' title="bbox 314 3427 1905 3500">
    <p class='ocr_par' dir='ltr' id='par_1_66' title="bbox 314 3427 1905 3500">
     <span class='ocr_line' id='line_1_66' title="bbox 314 3427 1905 3500; baseline -0.001 -16"><span class='ocrx_word' id='word_1_486' title='bbox 314 3430 665 3485; x_wconf 88' lang='lat' dir='ltr'><strong>animantium</strong></span> <span class='ocrx_word' id='word_1_487' title='bbox 693 3435 1053 3494; x_wconf 86' lang='lat' dir='ltr'><strong>commutare,</strong></span> <span class='ocrx_word' id='word_1_488' title='bbox 1082 3427 1174 3480; x_wconf 83' lang='lat' dir='ltr'><strong>sed</strong></span> <span class='ocrx_word' id='word_1_489' title='bbox 1216 3435 1473 3496; x_wconf 87' lang='lat' dir='ltr'><strong>tanquam</strong></span> <span class='ocrx_word' id='word_1_490' title='bbox 1502 3444 1674 3500; x_wconf 88' lang='lat' dir='ltr'><strong>nuper</strong></span> <span class='ocrx_word' id='word_1_491' title='bbox 1704 3429 1905 3483; x_wconf 89' lang='lat' dir='ltr'><strong>consti-</strong></span> 
     </span>
    </p>
   </div>
   <div class='ocr_carea' id='block_1_67' title="bbox 314 3518 1901 3589">
    <p class='ocr_par' dir='ltr' id='par_1_67' title="bbox 314 3518 1901 3589">
     <span class='ocr_line' id='line_1_67' title="bbox 314 3518 1901 3589; baseline -0.003 -14"><span class='ocrx_word' id='word_1_492' title='bbox 314 3529 429 3575; x_wconf 88' lang='lat' dir='ltr'><strong>tuta</strong></span> <span class='ocrx_word' id='word_1_493' title='bbox 460 3528 650 3574; x_wconf 90' lang='lat' dir='ltr'><strong>natura</strong></span> <span class='ocrx_word' id='word_1_494' title='bbox 684 3518 774 3582; x_wconf 88' lang='lat' dir='ltr'><strong>sit,</strong></span> <span class='ocrx_word' id='word_1_495' title='bbox 809 3518 881 3572; x_wconf 91' lang='lat' dir='ltr'><strong>ita</strong></span> <span class='ocrx_word' id='word_1_496' title='bbox 912 3532 1101 3572; x_wconf 90' lang='lat' dir='ltr'><strong>recens</strong></span> <span class='ocrx_word' id='word_1_497' title='bbox 1140 3518 1311 3571; x_wconf 89' lang='lat' dir='ltr'><strong>fertur</strong></span> <span class='ocrx_word' id='word_1_498' title='bbox 1338 3535 1459 3573; x_wconf 85' lang='lat' dir='ltr'><strong>cum</strong></span> <span class='ocrx_word' id='word_1_499' title='bbox 1488 3528 1749 3588; x_wconf 89' lang='lat' dir='ltr'><strong>tempore.</strong></span> <span class='ocrx_word' id='word_1_500' title='bbox 1784 3518 1901 3589; x_wconf 61' lang='grc' dir='ltr'><strong>Εμ-</strong></span> 
     </span>
    </p>
   </div>
   <div class='ocr_carea' id='block_1_68' title="bbox 315 3609 1902 3681">
    <p class='ocr_par' dir='ltr' id='par_1_68' title="bbox 315 3609 1902 3681">
     <span class='ocr_line' id='line_1_68' title="bbox 315 3609 1902 3681; baseline -0.001 -14"><span class='ocrx_word' id='word_1_501' title='bbox 315 3615 419 3667; x_wconf 83' lang='lat' dir='ltr'><strong>ciat</strong></span> <span class='ocrx_word' id='word_1_502' title='bbox 453 3621 593 3667; x_wconf 84' lang='lat' dir='ltr'><strong>terra</strong></span> <span class='ocrx_word' id='word_1_503' title='bbox 637 3612 866 3665; x_wconf 84' lang='lat' dir='ltr'><strong>animam</strong></span> <span class='ocrx_word' id='word_1_504' title='bbox 894 3612 1078 3665; x_wconf 83' lang='lat' dir='ltr'><strong>vivam.</strong></span> <span class='ocrx_word' id='word_1_505' title='bbox 1113 3609 1236 3665; x_wconf 66' lang='lat' dir='ltr'><strong>Hice</strong></span> <span class='ocrx_word' id='word_1_506' title='bbox 1271 3611 1562 3681; x_wconf 56' lang='lat' dir='ltr'><strong>praeceptio</strong></span> <span class='ocrx_word' id='word_1_507' title='bbox 1608 3613 1806 3667; x_wconf 83' lang='lat' dir='ltr'><strong>mansit</strong></span> <span class='ocrx_word' id='word_1_508' title='bbox 1848 3612 1902 3666; x_wconf 92' lang='lat' dir='ltr'><strong>in</strong></span> 
     </span>
    </p>
   </div>
   <div class='ocr_carea' id='block_1_69' title="bbox 317 3700 1899 3770">
    <p class='ocr_par' dir='ltr' id='par_1_69' title="bbox 317 3700 1899 3770">
     <span class='ocr_line' id='line_1_69' title="bbox 317 3700 1899 3770; baseline -0.002 -10"><span class='ocrx_word' id='word_1_509' title='bbox 317 3717 457 3761; x_wconf 90' lang='lat' dir='ltr'><strong>terra</strong></span> <span class='ocrx_word' id='word_1_510' title='bbox 483 3747 497 3770; x_wconf 97' lang='lat'><strong>,</strong></span> <span class='ocrx_word' id='word_1_511' title='bbox 538 3714 592 3760; x_wconf 93' lang='lat' dir='ltr'><strong>et</strong></span> <span class='ocrx_word' id='word_1_512' title='bbox 632 3705 936 3761; x_wconf 89' lang='lat' dir='ltr'><strong>nullatenus</strong></span> <span class='ocrx_word' id='word_1_513' title='bbox 968 3702 1271 3758; x_wconf 88' lang='lat' dir='ltr'><strong>famulando</strong></span> <span class='ocrx_word' id='word_1_514' title='bbox 1306 3713 1326 3741; x_wconf 71' lang='grc' dir='ltr'><strong>ε</strong></span> <span class='ocrx_word' id='word_1_515' title='bbox 1375 3701 1570 3757; x_wconf 91' lang='lat' dir='ltr'><strong>desinit</strong></span> <span class='ocrx_word' id='word_1_516' title='bbox 1598 3700 1899 3757; x_wconf 89' lang='lat' dir='ltr'><strong>Conditori.</strong></span> 
     </span>
    </p>
   </div>
   <div class='ocr_carea' id='block_1_70' title="bbox 316 3793 1898 3863">
    <p class='ocr_par' dir='ltr' id='par_1_70' title="bbox 316 3793 1898 3863">
     <span class='ocr_line' id='line_1_70' title="bbox 316 3793 1898 3863; baseline -0.003 -11"><span class='ocrx_word' id='word_1_517' title='bbox 316 3795 477 3852; x_wconf 90' lang='lat' dir='ltr'><strong>Certa</strong></span> <span class='ocrx_word' id='word_1_518' title='bbox 528 3796 671 3853; x_wconf 90' lang='lat' dir='ltr'><strong>enim</strong></span> <span class='ocrx_word' id='word_1_519' title='bbox 701 3810 767 3850; x_wconf 82' lang='lat' dir='ltr'><strong>ex</strong></span> <span class='ocrx_word' id='word_1_520' title='bbox 795 3809 984 3849; x_wconf 89' lang='lat' dir='ltr'><strong>eorum</strong></span> <span class='ocrx_word' id='word_1_521' title='bbox 1024 3793 1342 3862; x_wconf 86' lang='lat' dir='ltr'><strong>posteritate</strong></span> <span class='ocrx_word' id='word_1_522' title='bbox 1381 3808 1503 3862; x_wconf 71' lang='lat' dir='ltr'><strong>qua:</strong></span> <span class='ocrx_word' id='word_1_523' title='bbox 1550 3794 1723 3863; x_wconf 84' lang='lat' dir='ltr'><strong>prima</strong></span> <span class='ocrx_word' id='word_1_524' title='bbox 1762 3793 1898 3849; x_wconf 86' lang='lat' dir='ltr'><strong>facta</strong></span> 
     </span>
    </p>
   </div>
   <div class='ocr_carea' id='block_1_71' title="bbox 316 3885 1899 3955">
    <p class='ocr_par' dir='ltr' id='par_1_71' title="bbox 316 3885 1899 3955">
     <span class='ocr_line' id='line_1_71' title="bbox 316 3885 1899 3955; baseline -0.004 -11"><span class='ocrx_word' id='word_1_525' title='bbox 316 3898 460 3955; x_wconf 90' lang='lat' dir='ltr'><strong>sunt,</strong></span> <span class='ocrx_word' id='word_1_526' title='bbox 490 3888 636 3944; x_wconf 87' lang='lat' dir='ltr'><strong>nasci</strong></span> <span class='ocrx_word' id='word_1_527' title='bbox 667 3904 774 3942; x_wconf 90' lang='lat' dir='ltr'><strong>non</strong></span> <span class='ocrx_word' id='word_1_528' title='bbox 800 3885 1021 3941; x_wconf 88' lang='lat' dir='ltr'><strong>dubium</strong></span> <span class='ocrx_word' id='word_1_529' title='bbox 1044 3893 1144 3949; x_wconf 92' lang='lat' dir='ltr'><strong>est,</strong></span> <span class='ocrx_word' id='word_1_530' title='bbox 1177 3885 1279 3938; x_wconf 90' lang='lat' dir='ltr'><strong>alia</strong></span> <span class='ocrx_word' id='word_1_531' title='bbox 1308 3886 1373 3939; x_wconf 85' lang='lat' dir='ltr'><strong>de</strong></span> <span class='ocrx_word' id='word_1_532' title='bbox 1402 3894 1543 3941; x_wconf 88' lang='lat' dir='ltr'><strong>terra</strong></span> <span class='ocrx_word' id='word_1_533' title='bbox 1568 3901 1709 3938; x_wconf 89' lang='lat' dir='ltr'><strong>nunc</strong></span> <span class='ocrx_word' id='word_1_534' title='bbox 1738 3885 1899 3938; x_wconf 84' lang='lat' dir='ltr'><strong>etiam</strong></span> 
     </span>
    </p>
   </div>
   <div class='ocr_carea' id='block_1_72' title="bbox 316 3972 1897 4045">
    <p class='ocr_par' dir='ltr' id='par_1_72' title="bbox 316 3972 1897 4045">
     <span class='ocr_line' id='line_1_72' title="bbox 316 3972 1897 4045; baseline -0.005 -11"><span class='ocrx_word' id='word_1_535' title='bbox 316 3978 532 4034; x_wconf 88' lang='lat' dir='ltr'><strong>formari</strong></span> <span class='ocrx_word' id='word_1_536' title='bbox 562 3987 615 4033; x_wconf 91' lang='lat' dir='ltr'><strong>et</strong></span> <span class='ocrx_word' id='word_1_537' title='bbox 647 3977 903 4031; x_wconf 86' lang='lat' dir='ltr'><strong>vivilicari</strong></span> <span class='ocrx_word' id='word_1_538' title='bbox 933 3975 1316 4045; x_wconf 75' lang='lat' dir='ltr'><strong>couSpicimus.</strong></span> <span class='ocrx_word' id='word_1_539' title='bbox 1370 3974 1483 4029; x_wconf 86' lang='lat' dir='ltr'><strong>Non</strong></span> <span class='ocrx_word' id='word_1_540' title='bbox 1516 3975 1659 4030; x_wconf 89' lang='lat' dir='ltr'><strong>enim</strong></span> <span class='ocrx_word' id='word_1_541' title='bbox 1682 3972 1897 4028; x_wconf 85' lang='lat' dir='ltr'><strong>cicadas</strong></span> 
     </span>
    </p>
   </div>
   <div class='ocr_carea' id='block_1_73' title="bbox 316 4063 1898 4135">
    <p class='ocr_par' dir='ltr' id='par_1_73' title="bbox 316 4063 1898 4135">
     <span class='ocr_line' id='line_1_73' title="bbox 316 4063 1898 4135; baseline -0.007 -8"><span class='ocrx_word' id='word_1_542' title='bbox 316 4072 488 4127; x_wconf 88' lang='lat' dir='ltr'><strong>solum</strong></span> <span class='ocrx_word' id='word_1_543' title='bbox 519 4087 586 4129; x_wconf 77' lang='lat' dir='ltr'><strong>ex</strong></span> <span class='ocrx_word' id='word_1_544' title='bbox 629 4068 889 4124; x_wconf 89' lang='lat' dir='ltr'><strong>imbribus</strong></span> <span class='ocrx_word' id='word_1_545' title='bbox 920 4068 1088 4135; x_wconf 81' lang='lat' dir='ltr'><strong>rigata</strong></span> <span class='ocrx_word' id='word_1_546' title='bbox 1120 4066 1386 4135; x_wconf 86' lang='lat' dir='ltr'><strong>producit,</strong></span> <span class='ocrx_word' id='word_1_547' title='bbox 1418 4064 1500 4119; x_wconf 88' lang='lat' dir='ltr'><strong>vel</strong></span> <span class='ocrx_word' id='word_1_548' title='bbox 1538 4065 1639 4118; x_wconf 90' lang='lat' dir='ltr'><strong>alia</strong></span> <span class='ocrx_word' id='word_1_549' title='bbox 1671 4063 1898 4135; x_wconf 90' lang='lat' dir='ltr'><strong>plurima</strong></span> 
     </span>
    </p>
   </div>
   <div class='ocr_carea' id='block_1_74' title="bbox 317 4157 1898 4229">
    <p class='ocr_par' dir='ltr' id='par_1_74' title="bbox 317 4157 1898 4229">
     <span class='ocr_line' id='line_1_74' title="bbox 317 4157 1898 4229; baseline -0.007 -9"><span class='ocrx_word' id='word_1_550' title='bbox 317 4165 613 4223; x_wconf 85' lang='lat' dir='ltr'><strong>volatilium</strong></span> <span class='ocrx_word' id='word_1_551' title='bbox 653 4162 816 4216; x_wconf 84' lang='lat' dir='ltr'><strong>millia</strong></span> <span class='ocrx_word' id='word_1_552' title='bbox 836 4201 851 4225; x_wconf 96' lang='lat'><strong>,</strong></span> <span class='ocrx_word' id='word_1_553' title='bbox 882 4176 1110 4229; x_wconf 88' lang='lat' dir='ltr'><strong>quorum</strong></span> <span class='ocrx_word' id='word_1_554' title='bbox 1141 4158 1373 4212; x_wconf 77' lang='lat' dir='ltr'><strong>maxima</strong></span> <span class='ocrx_word' id='word_1_555' title='bbox 1403 4173 1527 4227; x_wconf 88' lang='lat' dir='ltr'><strong>pars</strong></span> <span class='ocrx_word' id='word_1_556' title='bbox 1571 4166 1791 4227; x_wconf 82' lang='lat' dir='ltr'><strong>propter</strong></span> <span class='ocrx_word' id='word_1_557' title='bbox 1818 4157 1898 4210; x_wconf 88' lang='lat' dir='ltr'><strong>sui</strong></span> 
     </span>
    </p>
   </div>
   <div class='ocr_carea' id='block_1_75' title="bbox 318 4249 1902 4315">
    <p class='ocr_par' dir='ltr' id='par_1_75' title="bbox 318 4249 1902 4315">
     <span class='ocr_line' id='line_1_75' title="bbox 318 4249 1902 4315; baseline -0.008 -2"><span class='ocrx_word' id='word_1_558' title='bbox 318 4258 632 4313; x_wconf 81' lang='lat' dir='ltr'><strong>tenuitatem</strong></span> <span class='ocrx_word' id='word_1_559' title='bbox 658 4252 931 4309; x_wconf 84' lang='lat' dir='ltr'><strong>vocabulis</strong></span> <span class='ocrx_word' id='word_1_560' title='bbox 960 4259 1140 4315; x_wconf 88' lang='lat' dir='ltr'><strong>caret;</strong></span> <span class='ocrx_word' id='word_1_561' title='bbox 1167 4249 1259 4304; x_wconf 90' lang='lat' dir='ltr'><strong>sed</strong></span> <span class='ocrx_word' id='word_1_562' title='bbox 1282 4249 1442 4303; x_wconf 88' lang='lat' dir='ltr'><strong>etiam</strong></span> <span class='ocrx_word' id='word_1_563' title='bbox 1470 4264 1648 4302; x_wconf 78' lang='lat' dir='ltr'><strong>mures</strong></span> <span class='ocrx_word' id='word_1_564' title='bbox 1674 4255 1902 4301; x_wconf 80' lang='lat' dir='ltr'><strong>clrauas</strong></span> 
     </span>
    </p>
   </div>
   <div class='ocr_carea' id='block_1_76' title="bbox 316 4340 1902 4423">
    <p class='ocr_par' dir='ltr' id='par_1_76' title="bbox 316 4340 1902 4423">
     <span class='ocr_line' id='line_1_76' title="bbox 316 4340 1902 4423; baseline -0.006 -16"><span class='ocrx_word' id='word_1_565' title='bbox 316 4367 384 4407; x_wconf 78' lang='lat' dir='ltr'><strong>ex</strong></span> <span class='ocrx_word' id='word_1_566' title='bbox 430 4359 577 4423; x_wconf 84' lang='lat' dir='ltr'><strong>terra</strong></span> <span class='ocrx_word' id='word_1_567' title='bbox 607 4346 856 4416; x_wconf 87' lang='lat' dir='ltr'><strong>generari</strong></span> <span class='ocrx_word' id='word_1_568' title='bbox 886 4345 1148 4398; x_wconf 81' lang='lat' dir='ltr'><strong>videmus.</strong></span> <span class='ocrx_word' id='word_1_569' title='bbox 1184 4340 1425 4413; x_wconf 89' lang='lat' dir='ltr'><strong>Denique</strong></span> <span class='ocrx_word' id='word_1_570' title='bbox 1470 4345 1521 4396; x_wconf 91' lang='lat' dir='ltr'><strong>in</strong></span> <span class='ocrx_word' id='word_1_571' title='bbox 1570 4340 1902 4412; x_wconf 61' lang='lat' dir='ltr'><strong>Egyptiacis</strong></span> 
     </span>
    </p>
   </div>
   <div class='ocr_carea' id='block_1_77' title="bbox 2005 3158 3591 3232">
    <p class='ocr_par' dir='ltr' id='par_1_77' title="bbox 2005 3158 3591 3232">
     <span class='ocr_line' id='line_1_77' title="bbox 2005 3158 3591 3232; baseline 0 -19"><span class='ocrx_word' id='word_1_572' title='bbox 2005 3175 2207 3214; x_wconf 87' lang='lat' dir='ltr'><strong>rannus</strong></span> <span class='ocrx_word' id='word_1_573' title='bbox 2236 3160 2453 3227; x_wconf 69' lang='lat' dir='ltr'><strong>fluidam</strong></span> <span class='ocrx_word' id='word_1_574' title='bbox 2501 3158 2823 3225; x_wconf 65' lang='lat' dir='ltr'><strong>bestiarum,</strong></span> <span class='ocrx_word' id='word_1_575' title='bbox 2868 3161 3001 3216; x_wconf 88' lang='lat' dir='ltr'><strong>vitio</strong></span> <span class='ocrx_word' id='word_1_576' title='bbox 3042 3162 3303 3232; x_wconf 73' lang='lat' dir='ltr'><strong>snperbite</strong></span> <span class='ocrx_word' id='word_1_577' title='bbox 3332 3162 3591 3215; x_wconf 81' lang='lat' dir='ltr'><strong>naturalis</strong></span> 
     </span>
    </p>
   </div>
   <div class='ocr_carea' id='block_1_78' title="bbox 2002 3249 3592 3322">
    <p class='ocr_par' dir='ltr' id='par_1_78' title="bbox 2002 3249 3592 3322">
     <span class='ocr_line' id='line_1_78' title="bbox 2002 3249 3592 3322; baseline 0.003 -19"><span class='ocrx_word' id='word_1_578' title='bbox 2002 3250 2177 3305; x_wconf 90' lang='lat' dir='ltr'><strong>elatus</strong></span> <span class='ocrx_word' id='word_1_579' title='bbox 2222 3250 2419 3317; x_wconf 85' lang='lat' dir='ltr'><strong>refugit</strong></span> <span class='ocrx_word' id='word_1_580' title='bbox 2462 3249 2689 3305; x_wconf 86' lang='lat' dir='ltr'><strong>aliorum</strong></span> <span class='ocrx_word' id='word_1_581' title='bbox 2736 3253 3235 3319; x_wconf 79' lang='lat' dir='ltr'><strong>consociationem,</strong></span> <span class='ocrx_word' id='word_1_582' title='bbox 3281 3271 3380 3309; x_wconf 84' lang='lat' dir='ltr'><strong>nec</strong></span> <span class='ocrx_word' id='word_1_583' title='bbox 3409 3254 3592 3322; x_wconf 85' lang='lat' dir='ltr'><strong>quoti-</strong></span> 
     </span>
    </p>
   </div>
   <div class='ocr_carea' id='block_1_79' title="bbox 2004 3340 3591 3413">
    <p class='ocr_par' dir='ltr' id='par_1_79' title="bbox 2004 3340 3591 3413">
     <span class='ocr_line' id='line_1_79' title="bbox 2004 3340 3591 3413; baseline 0.002 -19"><span class='ocrx_word' id='word_1_584' title='bbox 2004 3340 2167 3395; x_wconf 88' lang='lat' dir='ltr'><strong>diano</strong></span> <span class='ocrx_word' id='word_1_585' title='bbox 2198 3341 2320 3395; x_wconf 89' lang='lat' dir='ltr'><strong>cibo</strong></span> <span class='ocrx_word' id='word_1_586' title='bbox 2352 3340 2609 3409; x_wconf 86' lang='lat' dir='ltr'><strong>pascitur,</strong></span> <span class='ocrx_word' id='word_1_587' title='bbox 2643 3341 2887 3411; x_wconf 88' lang='lat' dir='ltr'><strong>quamvis</strong></span> <span class='ocrx_word' id='word_1_588' title='bbox 2918 3344 3170 3413; x_wconf 87' lang='lat' dir='ltr'><strong>reliquias</strong></span> <span class='ocrx_word' id='word_1_589' title='bbox 3192 3360 3300 3398; x_wconf 77' lang='lat' dir='ltr'><strong>suae</strong></span> <span class='ocrx_word' id='word_1_590' title='bbox 3330 3345 3591 3413; x_wconf 71' lang='lat' dir='ltr'><strong>(optionis</strong></span> 
     </span>
    </p>
   </div>
   <div class='ocr_carea' id='block_1_80' title="bbox 2003 3430 3590 3500">
    <p class='ocr_par' dir='ltr' id='par_1_80' title="bbox 2003 3430 3590 3500">
     <span class='ocr_line' id='line_1_80' title="bbox 2003 3430 3590 3500; baseline 0.001 -14"><span class='ocrx_word' id='word_1_591' title='bbox 2003 3433 2216 3487; x_wconf 82' lang='lat' dir='ltr'><strong>adierit.</strong></span> <span class='ocrx_word' id='word_1_592' title='bbox 2252 3430 2387 3487; x_wconf 87' lang='lat' dir='ltr'><strong>Huic</strong></span> <span class='ocrx_word' id='word_1_593' title='bbox 2419 3432 2640 3486; x_wconf 88' lang='lat' dir='ltr'><strong>nimium</strong></span> <span class='ocrx_word' id='word_1_594' title='bbox 2690 3433 2890 3500; x_wconf 84' lang='lat' dir='ltr'><strong>grande</strong></span> <span class='ocrx_word' id='word_1_595' title='bbox 2921 3435 3065 3487; x_wconf 83' lang='lat' dir='ltr'><strong>vocis</strong></span> <span class='ocrx_word' id='word_1_596' title='bbox 3094 3434 3449 3488; x_wconf 88' lang='lat' dir='ltr'><strong>ministerium</strong></span> <span class='ocrx_word' id='word_1_597' title='bbox 3494 3449 3590 3487; x_wconf 85' lang='lat' dir='ltr'><strong>na—</strong></span> 
     </span>
    </p>
   </div>
   <div class='ocr_carea' id='block_1_81' title="bbox 2005 3524 3589 3594">
    <p class='ocr_par' dir='ltr' id='par_1_81' title="bbox 2005 3524 3589 3594">
     <span class='ocr_line' id='line_1_81' title="bbox 2005 3524 3589 3594; baseline -0.002 -15"><span class='ocrx_word' id='word_1_598' title='bbox 2005 3534 2122 3579; x_wconf 88' lang='lat' dir='ltr'><strong>tura</strong></span> <span class='ocrx_word' id='word_1_599' title='bbox 2156 3525 2450 3594; x_wconf 84' lang='lat' dir='ltr'><strong>perhibuit,</strong></span> <span class='ocrx_word' id='word_1_600' title='bbox 2480 3524 2617 3580; x_wconf 89' lang='lat' dir='ltr'><strong>adeo</strong></span> <span class='ocrx_word' id='word_1_601' title='bbox 2648 3533 2705 3578; x_wconf 92' lang='lat' dir='ltr'><strong>ut</strong></span> <span class='ocrx_word' id='word_1_602' title='bbox 2733 3533 2895 3579; x_wconf 80' lang='lat' dir='ltr'><strong>certae.</strong></span> <span class='ocrx_word' id='word_1_603' title='bbox 2933 3524 3311 3594; x_wconf 86' lang='lat' dir='ltr'><strong>quadrupedes</strong></span> <span class='ocrx_word' id='word_1_604' title='bbox 3334 3541 3453 3579; x_wconf 92' lang='lat' dir='ltr'><strong>cum</strong></span> <span class='ocrx_word' id='word_1_605' title='bbox 3483 3525 3589 3578; x_wconf 85' lang='lat' dir='ltr'><strong>sint</strong></span> 
     </span>
    </p>
   </div>
   <div class='ocr_carea' id='block_1_82' title="bbox 2002 3614 3586 3686">
    <p class='ocr_par' dir='ltr' id='par_1_82' title="bbox 2002 3614 3586 3686">
     <span class='ocr_line' id='line_1_82' title="bbox 2002 3614 3586 3686; baseline -0.001 -18"><span class='ocrx_word' id='word_1_606' title='bbox 2002 3633 2161 3671; x_wconf 79' lang='lat' dir='ltr'><strong>cursu</strong></span> <span class='ocrx_word' id='word_1_607' title='bbox 2209 3617 2544 3684; x_wconf 83' lang='lat' dir='ltr'><strong>velociores,</strong></span> <span class='ocrx_word' id='word_1_608' title='bbox 2588 3617 2764 3685; x_wconf 86' lang='lat' dir='ltr'><strong>rugitu</strong></span> <span class='ocrx_word' id='word_1_609' title='bbox 2812 3615 2929 3683; x_wconf 78' lang='lat' dir='ltr'><strong>ejus</strong></span> <span class='ocrx_word' id='word_1_610' title='bbox 2975 3614 3267 3686; x_wconf 59' lang='lat' dir='ltr'><strong>pavefacta:</strong></span> <span class='ocrx_word' id='word_1_611' title='bbox 3317 3615 3586 3670; x_wconf 88' lang='lat' dir='ltr'><strong>deliciant.</strong></span> 
     </span>
    </p>
   </div>
   <div class='ocr_carea' id='block_1_83' title="bbox 2004 3705 3591 3778">
    <p class='ocr_par' dir='ltr' id='par_1_83' title="bbox 2004 3705 3591 3778">
     <span class='ocr_line' id='line_1_83' title="bbox 2004 3705 3591 3778; baseline -0.002 -17"><span class='ocrx_word' id='word_1_612' title='bbox 2004 3706 2211 3763; x_wconf 81' lang='lat' dir='ltr'><strong>&#39;l‘orvus</strong></span> <span class='ocrx_word' id='word_1_613' title='bbox 2239 3714 2321 3761; x_wconf 89' lang='lat' dir='ltr'><strong>est</strong></span> <span class='ocrx_word' id='word_1_614' title='bbox 2351 3706 2550 3778; x_wconf 89' lang='lat' dir='ltr'><strong>pardus</strong></span> <span class='ocrx_word' id='word_1_615' title='bbox 2611 3714 2665 3760; x_wconf 91' lang='lat' dir='ltr'><strong>et</strong></span> <span class='ocrx_word' id='word_1_616' title='bbox 2693 3713 2883 3759; x_wconf 82' lang='lat' dir='ltr'><strong>aeutus</strong></span> <span class='ocrx_word' id='word_1_617' title='bbox 2924 3705 2976 3759; x_wconf 91' lang='lat' dir='ltr'><strong>in</strong></span> <span class='ocrx_word' id='word_1_618' title='bbox 3010 3706 3591 3775; x_wconf 69' lang='lat' dir='ltr'><strong>impctu,com‘cnicns~</strong></span> 
     </span>
    </p>
   </div>
   <div class='ocr_carea' id='block_1_84' title="bbox 2002 3790 3588 3866">
    <p class='ocr_par' dir='ltr' id='par_1_84' title="bbox 2002 3790 3588 3866">
     <span class='ocr_line' id='line_1_84' title="bbox 2002 3790 3588 3866; baseline -0.001 -16"><span class='ocrx_word' id='word_1_619' title='bbox 2002 3814 2107 3866; x_wconf 84' lang='lat' dir='ltr'><strong>que</strong></span> <span class='ocrx_word' id='word_1_620' title='bbox 2137 3798 2301 3851; x_wconf 92' lang='lat' dir='ltr'><strong>animi</strong></span> <span class='ocrx_word' id='word_1_621' title='bbox 2347 3797 2430 3850; x_wconf 85' lang='lat' dir='ltr'><strong>sui</strong></span> <span class='ocrx_word' id='word_1_622' title='bbox 2478 3795 2713 3850; x_wconf 88' lang='lat' dir='ltr'><strong>motibus</strong></span> <span class='ocrx_word' id='word_1_623' title='bbox 2755 3794 2916 3849; x_wconf 87' lang='lat' dir='ltr'><strong>habet</strong></span> <span class='ocrx_word' id='word_1_624' title='bbox 2956 3810 3172 3865; x_wconf 80' lang='lat' dir='ltr'><strong>corpus.</strong></span> <span class='ocrx_word' id='word_1_625' title='bbox 3205 3790 3463 3849; x_wconf 82' lang='lat' dir='ltr'><strong>Ursorum</strong></span> <span class='ocrx_word' id='word_1_626' title='bbox 3502 3810 3588 3849; x_wconf 85' lang='lat' dir='ltr'><strong>se-</strong></span> 
     </span>
    </p>
   </div>
   <div class='ocr_carea' id='block_1_85' title="bbox 2001 3885 3590 3956">
    <p class='ocr_par' dir='ltr' id='par_1_85' title="bbox 2001 3885 3590 3956">
     <span class='ocr_line' id='line_1_85' title="bbox 2001 3885 3590 3956; baseline -0.001 -14"><span class='ocrx_word' id='word_1_627' title='bbox 2001 3889 2156 3955; x_wconf 88' lang='lat' dir='ltr'><strong>gnior</strong></span> <span class='ocrx_word' id='word_1_628' title='bbox 2183 3896 2373 3941; x_wconf 88' lang='lat' dir='ltr'><strong>natura</strong></span> <span class='ocrx_word' id='word_1_629' title='bbox 2395 3894 2496 3951; x_wconf 74' lang='lat' dir='ltr'><strong>est,</strong></span> <span class='ocrx_word' id='word_1_630' title='bbox 2530 3901 2681 3941; x_wconf 89' lang='lat' dir='ltr'><strong>mens</strong></span> <span class='ocrx_word' id='word_1_631' title='bbox 2709 3901 2922 3956; x_wconf 90' lang='lat' dir='ltr'><strong>aspera,</strong></span> <span class='ocrx_word' id='word_1_632' title='bbox 2950 3885 3197 3951; x_wconf 88' lang='lat' dir='ltr'><strong>subdola,</strong></span> <span class='ocrx_word' id='word_1_633' title='bbox 3222 3895 3276 3941; x_wconf 87' lang='lat' dir='ltr'><strong>et</strong></span> <span class='ocrx_word' id='word_1_634' title='bbox 3306 3903 3413 3940; x_wconf 89' lang='lat' dir='ltr'><strong>non</strong></span> <span class='ocrx_word' id='word_1_635' title='bbox 3445 3896 3469 3934; x_wconf 70' lang='grc' dir='ltr'><strong>ϐ</strong></span> <span class='ocrx_word' id='word_1_636' title='bbox 3498 3889 3590 3941; x_wconf 90' lang='lat' dir='ltr'><strong>mi-</strong></span> 
     </span>
    </p>
   </div>
   <div class='ocr_carea' id='block_1_86' title="bbox 2003 3978 3588 4047">
    <p class='ocr_par' dir='ltr' id='par_1_86' title="bbox 2003 3978 3588 4047">
     <span class='ocr_line' id='line_1_86' title="bbox 2003 3978 3588 4047; baseline 0.002 -17"><span class='ocrx_word' id='word_1_637' title='bbox 2003 3995 2102 4033; x_wconf 90' lang='lat' dir='ltr'><strong>nus</strong></span> <span class='ocrx_word' id='word_1_638' title='bbox 2129 3979 2280 4041; x_wconf 70' lang='lat' dir='ltr'><strong>setis,</strong></span> <span class='ocrx_word' id='word_1_639' title='bbox 2322 3995 2482 4047; x_wconf 87' lang='lat' dir='ltr'><strong>quam</strong></span> <span class='ocrx_word' id='word_1_640' title='bbox 2511 3978 2779 4033; x_wconf 90' lang='lat' dir='ltr'><strong>simultate</strong></span> <span class='ocrx_word' id='word_1_641' title='bbox 2822 3986 3090 4034; x_wconf 85' lang='lat' dir='ltr'><strong>contecta.</strong></span> <span class='ocrx_word' id='word_1_642' title='bbox 3124 3978 3275 4044; x_wconf 92' lang='lat' dir='ltr'><strong>Quod</strong></span> <span class='ocrx_word' id='word_1_643' title='bbox 3307 3980 3349 4033; x_wconf 92' lang='lat' dir='ltr'><strong>si</strong></span> <span class='ocrx_word' id='word_1_644' title='bbox 3380 3994 3588 4033; x_wconf 85' lang='lat' dir='ltr'><strong>sermo-</strong></span> 
     </span>
    </p>
   </div>
   <div class='ocr_carea' id='block_1_87' title="bbox 2003 4068 3588 4137">
    <p class='ocr_par' dir='ltr' id='par_1_87' title="bbox 2003 4068 3588 4137">
     <span class='ocr_line' id='line_1_87' title="bbox 2003 4068 3588 4137; baseline 0 -16"><span class='ocrx_word' id='word_1_645' title='bbox 2003 4084 2125 4121; x_wconf 83' lang='lat' dir='ltr'><strong>nem</strong></span> <span class='ocrx_word' id='word_1_646' title='bbox 2163 4068 2323 4123; x_wconf 90' lang='lat' dir='ltr'><strong>latius</strong></span> <span class='ocrx_word' id='word_1_647' title='bbox 2352 4070 2724 4133; x_wconf 75' lang='lat' dir='ltr'><strong>extendentes,</strong></span> <span class='ocrx_word' id='word_1_648' title='bbox 2755 4069 3085 4124; x_wconf 84' lang='lat' dir='ltr'><strong>voluerimus</strong></span> <span class='ocrx_word' id='word_1_649' title='bbox 3124 4085 3365 4124; x_wconf 85' lang='lat' dir='ltr'><strong>asserere</strong></span> <span class='ocrx_word' id='word_1_650' title='bbox 3391 4078 3588 4137; x_wconf 85' lang='lat' dir='ltr'><strong>quanta</strong></span> 
     </span>
    </p>
   </div>
   <div class='ocr_carea' id='block_1_88' title="bbox 2004 4159 3588 4229">
    <p class='ocr_par' dir='ltr' id='par_1_88' title="bbox 2004 4159 3588 4229">
     <span class='ocr_line' id='line_1_88' title="bbox 2004 4159 3588 4229; baseline -0.003 -16"><span class='ocrx_word' id='word_1_651' title='bbox 2004 4159 2186 4213; x_wconf 91' lang='lat' dir='ltr'><strong>multis</strong></span> <span class='ocrx_word' id='word_1_652' title='bbox 2235 4159 2556 4213; x_wconf 89' lang='lat' dir='ltr'><strong>animalibus</strong></span> <span class='ocrx_word' id='word_1_653' title='bbox 2603 4160 2878 4227; x_wconf 82' lang='lat' dir='ltr'><strong>diligentia</strong></span> <span class='ocrx_word' id='word_1_654' title='bbox 2929 4159 3311 4213; x_wconf 64' lang='lat' dir='ltr'><strong>conservandae</strong></span> <span class='ocrx_word' id='word_1_655' title='bbox 3358 4160 3588 4229; x_wconf 83' lang='lat' dir='ltr'><strong>propria:</strong></span> 
     </span>
    </p>
   </div>
   <div class='ocr_carea' id='block_1_89' title="bbox 2002 4250 3589 4321">
    <p class='ocr_par' dir='ltr' id='par_1_89' title="bbox 2002 4250 3589 4321">
     <span class='ocr_line' id='line_1_89' title="bbox 2002 4250 3589 4321; baseline -0.001 -14"><span class='ocrx_word' id='word_1_656' title='bbox 2002 4252 2190 4308; x_wconf 88' lang='lat' dir='ltr'><strong>salutis</strong></span> <span class='ocrx_word' id='word_1_657' title='bbox 2210 4251 2327 4307; x_wconf 89' lang='lat' dir='ltr'><strong>sine</strong></span> <span class='ocrx_word' id='word_1_658' title='bbox 2354 4251 2680 4321; x_wconf 46' lang='lat' dir='ltr'><strong>cujusquam,</strong></span> <span class='ocrx_word' id='word_1_659' title='bbox 2701 4250 2988 4307; x_wconf 90' lang='lat' dir='ltr'><strong>traditione</strong></span> <span class='ocrx_word' id='word_1_660' title='bbox 3017 4251 3344 4321; x_wconf 89' lang='lat' dir='ltr'><strong>suppeditet,</strong></span> <span class='ocrx_word' id='word_1_661' title='bbox 3366 4251 3589 4305; x_wconf 88' lang='lat' dir='ltr'><strong>fortasse</strong></span> 
     </span>
    </p>
   </div>
   <div class='ocr_carea' id='block_1_90' title="bbox 2003 4342 3585 4413">
    <p class='ocr_par' dir='ltr' id='par_1_90' title="bbox 2003 4342 3585 4413">
     <span class='ocr_line' id='line_1_90' title="bbox 2003 4342 3585 4413; baseline -0.003 -14"><span class='ocrx_word' id='word_1_662' title='bbox 2003 4344 2219 4413; x_wconf 89' lang='lat' dir='ltr'><strong>quidem</strong></span> <span class='ocrx_word' id='word_1_663' title='bbox 2247 4343 2590 4399; x_wconf 90' lang='lat' dir='ltr'><strong>incitahimnr</strong></span> <span class='ocrx_word' id='word_1_664' title='bbox 2610 4357 2735 4411; x_wconf 87' lang='lat' dir='ltr'><strong>erga</strong></span> <span class='ocrx_word' id='word_1_665' title='bbox 2759 4342 2991 4397; x_wconf 87' lang='lat' dir='ltr'><strong>studium</strong></span> <span class='ocrx_word' id='word_1_666' title='bbox 3012 4348 3210 4397; x_wconf 67' lang='lat' dir='ltr'><strong>nostrae</strong></span> <span class='ocrx_word' id='word_1_667' title='bbox 3236 4343 3547 4397; x_wconf 77' lang='lat' dir='ltr'><strong>munitionis</strong></span> <span class='ocrx_word' id='word_1_668' title='bbox 3573 4359 3585 4395; x_wconf 92' lang='lat'><strong>:</strong></span> 
     </span>
    </p>
   </div>
   <div class='ocr_carea' id='block_1_91' title="bbox 317 4418 3590 4510">
    <p class='ocr_par' dir='ltr' id='par_1_91' title="bbox 317 4418 3590 4510">
     <span class='ocr_line' id='line_1_91' title="bbox 317 4418 3590 4510; baseline -0.005 -10"><span class='ocrx_word' id='word_1_669' title='bbox 317 4443 517 4499; x_wconf 84' lang='lat' dir='ltr'><strong>Thebis</strong></span> <span class='ocrx_word' id='word_1_670' title='bbox 540 4418 559 4503; x_wconf 30' lang='grc' dir='ltr'><strong>,Ι</strong></span> <span class='ocrx_word' id='word_1_671' title='bbox 603 4442 649 4497; x_wconf 90' lang='lat' dir='ltr'><strong>si</strong></span> <span class='ocrx_word' id='word_1_672' title='bbox 678 4440 887 4510; x_wconf 87' lang='lat' dir='ltr'><strong>pluvias</strong></span> <span class='ocrx_word' id='word_1_673' title='bbox 913 4437 1170 4505; x_wconf 77' lang='lat' dir='ltr'><strong>largiores</strong></span> <span class='ocrx_word' id='word_1_674' title='bbox 1198 4436 1385 4490; x_wconf 62' lang='lat' dir='ltr'><strong>aestivo</strong></span> <span class='ocrx_word' id='word_1_675' title='bbox 1417 4443 1657 4505; x_wconf 88' lang='lat' dir='ltr'><strong>tempore</strong></span> <span class='ocrx_word' id='word_1_676' title='bbox 1683 4435 1897 4500; x_wconf 88' lang='lat' dir='ltr'><strong>fuderit,</strong></span> <span class='ocrx_word' id='word_1_677' title='bbox 1932 4446 1978 4504; x_wconf 80' lang='grc' dir='ltr'>ο</span> <span class='ocrx_word' id='word_1_678' title='bbox 2004 4436 2096 4489; x_wconf 91' lang='lat' dir='ltr'><strong>sed</strong></span> <span class='ocrx_word' id='word_1_679' title='bbox 2122 4451 2317 4490; x_wconf 89' lang='lat' dir='ltr'><strong>vereor</strong></span> <span class='ocrx_word' id='word_1_680' title='bbox 2346 4450 2413 4489; x_wconf 88' lang='lat' dir='ltr'><strong>ne</strong></span> <span class='ocrx_word' id='word_1_681' title='bbox 2456 4433 2506 4487; x_wconf 90' lang='lat' dir='ltr'><strong>in</strong></span> <span class='ocrx_word' id='word_1_682' title='bbox 2548 4433 2864 4487; x_wconf 79' lang='lat' dir='ltr'><strong>:cmulandis</strong></span> <span class='ocrx_word' id='word_1_683' title='bbox 2891 4418 3106 4502; x_wconf 79' lang='lat' dir='ltr'><strong>quoque</strong></span> <span class='ocrx_word' id='word_1_684' title='bbox 3131 4434 3316 4488; x_wconf 90' lang='lat' dir='ltr'><strong>bestiis</strong></span> <span class='ocrx_word' id='word_1_685' title='bbox 3356 4433 3590 4487; x_wconf 81' lang='lat' dir='ltr'><strong>minores</strong></span> 
     </span>
    </p>
   </div>
   <div class='ocr_carea' id='block_1_92' title="bbox 316 4524 1898 4594">
    <p class='ocr_par' dir='ltr' id='par_1_92' title="bbox 316 4524 1898 4594">
     <span class='ocr_line' id='line_1_92' title="bbox 316 4524 1898 4594; baseline -0.006 -7"><span class='ocrx_word' id='word_1_686' title='bbox 316 4549 439 4587; x_wconf 80' lang='lat' dir='ltr'><strong>iuox</strong></span> <span class='ocrx_word' id='word_1_687' title='bbox 487 4531 702 4586; x_wconf 87' lang='lat' dir='ltr'><strong>infinitis</strong></span> <span class='ocrx_word' id='word_1_688' title='bbox 732 4528 971 4582; x_wconf 88' lang='lat' dir='ltr'><strong>muribus</strong></span> <span class='ocrx_word' id='word_1_689' title='bbox 999 4526 1147 4593; x_wconf 87' lang='lat' dir='ltr'><strong>regio</strong></span> <span class='ocrx_word' id='word_1_690' title='bbox 1173 4532 1285 4579; x_wconf 88' lang='lat' dir='ltr'><strong>tota</strong></span> <span class='ocrx_word' id='word_1_691' title='bbox 1310 4525 1628 4594; x_wconf 89' lang='lat' dir='ltr'><strong>completur.</strong></span> <span class='ocrx_word' id='word_1_692' title='bbox 1676 4524 1898 4594; x_wconf 87' lang='lat' dir='ltr'><strong>Anguil-</strong></span> 
     </span>
    </p>
   </div>
   <div class='ocr_carea' id='block_1_93' title="bbox 313 4616 1897 4681">
    <p class='ocr_par' dir='ltr' id='par_1_93' title="bbox 313 4616 1897 4681">
     <span class='ocr_line' id='line_1_93' title="bbox 313 4616 1897 4681; baseline -0.008 0"><span class='ocrx_word' id='word_1_693' title='bbox 313 4628 396 4681; x_wconf 82' lang='lat' dir='ltr'><strong>las</strong></span> <span class='ocrx_word' id='word_1_694' title='bbox 418 4630 578 4680; x_wconf 85' lang='lat' dir='ltr'><strong>etiam</strong></span> <span class='ocrx_word' id='word_1_695' title='bbox 609 4637 717 4679; x_wconf 89' lang='lat' dir='ltr'><strong>non</strong></span> <span class='ocrx_word' id='word_1_696' title='bbox 746 4621 903 4675; x_wconf 88' lang='lat' dir='ltr'><strong>aliter</strong></span> <span class='ocrx_word' id='word_1_697' title='bbox 934 4619 1032 4672; x_wconf 82' lang='lat' dir='ltr'><strong>nisi</strong></span> <span class='ocrx_word' id='word_1_698' title='bbox 1062 4618 1129 4672; x_wconf 89' lang='lat' dir='ltr'><strong>de</strong></span> <span class='ocrx_word' id='word_1_699' title='bbox 1169 4632 1328 4672; x_wconf 72' lang='lat' dir='ltr'><strong>cinno</strong></span> <span class='ocrx_word' id='word_1_700' title='bbox 1356 4618 1503 4671; x_wconf 89' lang='lat' dir='ltr'><strong>nasci</strong></span> <span class='ocrx_word' id='word_1_701' title='bbox 1541 4616 1897 4671; x_wconf 89' lang='lat' dir='ltr'><strong>certissimum</strong></span> 
     </span>
    </p>
   </div>
   <div class='ocr_carea' id='block_1_94' title="bbox 314 4708 1898 4786">
    <p class='ocr_par' dir='ltr' id='par_1_94' title="bbox 314 4708 1898 4786">
     <span class='ocr_line' id='line_1_94' title="bbox 314 4708 1898 4786; baseline -0.006 -16"><span class='ocrx_word' id='word_1_702' title='bbox 314 4727 417 4780; x_wconf 85' lang='lat' dir='ltr'><strong>est,</strong></span> <span class='ocrx_word' id='word_1_703' title='bbox 448 4729 673 4786; x_wconf 89' lang='lat' dir='ltr'><strong>quarum</strong></span> <span class='ocrx_word' id='word_1_704' title='bbox 716 4725 886 4781; x_wconf 83' lang='lat' dir='ltr'><strong>genus</strong></span> <span class='ocrx_word' id='word_1_705' title='bbox 924 4725 1026 4765; x_wconf 87' lang='lat' dir='ltr'><strong>nec</strong></span> <span class='ocrx_word' id='word_1_706' title='bbox 1052 4724 1233 4775; x_wconf 91' lang='lat' dir='ltr'><strong>ovum,</strong></span> <span class='ocrx_word' id='word_1_707' title='bbox 1266 4723 1366 4763; x_wconf 88' lang='lat' dir='ltr'><strong>nec</strong></span> <span class='ocrx_word' id='word_1_708' title='bbox 1394 4708 1532 4762; x_wconf 89' lang='lat' dir='ltr'><strong>alter</strong></span> <span class='ocrx_word' id='word_1_709' title='bbox 1557 4708 1749 4778; x_wconf 89' lang='lat' dir='ltr'><strong>aliquis</strong></span> <span class='ocrx_word' id='word_1_710' title='bbox 1776 4724 1898 4778; x_wconf 87' lang='lat' dir='ltr'><strong>par-</strong></span> 
     </span>
    </p>
   </div>
   <div class='ocr_carea' id='block_1_95' title="bbox 313 4797 1900 4868">
    <p class='ocr_par' dir='ltr' id='par_1_95' title="bbox 313 4797 1900 4868">
     <span class='ocr_line' id='line_1_95' title="bbox 313 4797 1900 4868; baseline -0.008 -4"><span class='ocrx_word' id='word_1_711' title='bbox 313 4816 403 4864; x_wconf 82' lang='lat' dir='ltr'><strong>tus</strong></span> <span class='ocrx_word' id='word_1_712' title='bbox 438 4808 718 4868; x_wconf 81' lang='lat' dir='ltr'><strong>instaurat,</strong></span> <span class='ocrx_word' id='word_1_713' title='bbox 756 4800 937 4861; x_wconf 84' lang='lat' dir='ltr'><strong>sed,ut</strong></span> <span class='ocrx_word' id='word_1_714' title='bbox 962 4799 1216 4863; x_wconf 78' lang='lat' dir='ltr'><strong>diximus,</strong></span> <span class='ocrx_word' id='word_1_715' title='bbox 1247 4798 1315 4853; x_wconf 92' lang='lat' dir='ltr'><strong>de</strong></span> <span class='ocrx_word' id='word_1_716' title='bbox 1353 4798 1481 4853; x_wconf 88' lang='lat' dir='ltr'><strong>limo</strong></span> <span class='ocrx_word' id='word_1_717' title='bbox 1510 4797 1758 4867; x_wconf 84' lang='lat' dir='ltr'><strong>gignendi</strong></span> <span class='ocrx_word' id='word_1_718' title='bbox 1782 4813 1900 4853; x_wconf 91' lang='lat' dir='ltr'><strong>sor-</strong></span> 
     </span>
    </p>
   </div>
   <div class='ocr_carea' id='block_1_96' title="bbox 386 4935 1892 5007">
    <p class='ocr_par' dir='ltr' id='par_1_96' title="bbox 386 4935 1892 5007">
     <span class='ocr_line' id='line_1_96' title="bbox 386 4935 1892 5007; baseline -0.007 -7"><span class='ocrx_word' id='word_1_719' title='bbox 386 4955 410 4981; x_wconf 78' lang='grc' dir='ltr'>ι</span> <span class='ocrx_word' id='word_1_720' title='bbox 443 4944 597 4999; x_wconf 90' lang='lat' dir='ltr'><strong>Colb.</strong></span> <span class='ocrx_word' id='word_1_721' title='bbox 641 4938 938 5002; x_wconf 85' lang='lat' dir='ltr'><strong>secundus,</strong></span> <span class='ocrx_word' id='word_1_722' title='bbox 978 4936 1162 4991; x_wconf 80' lang='lat' dir='ltr'><strong>ideone</strong></span> <span class='ocrx_word' id='word_1_723' title='bbox 1186 4954 1329 5007; x_wconf 90' lang='lat' dir='ltr'><strong>ergo.</strong></span> <span class='ocrx_word' id='word_1_724' title='bbox 1368 4935 1587 5007; x_wconf 9' lang='lat' dir='ltr'><strong>Ibidem,</strong></span> <span class='ocrx_word' id='word_1_725' title='bbox 1608 4953 1732 4991; x_wconf 88' lang='lat' dir='ltr'><strong>mss.</strong></span> <span class='ocrx_word' id='word_1_726' title='bbox 1765 4937 1892 5002; x_wconf 90' lang='lat' dir='ltr'><strong>duo,</strong></span> 
     </span>
    </p>
   </div>
   <div class='ocr_carea' id='block_1_97' title="bbox 313 5006 1895 5077">
    <p class='ocr_par' dir='ltr' id='par_1_97' title="bbox 313 5006 1895 5077">
     <span class='ocr_line' id='line_1_97' title="bbox 313 5006 1895 5077; baseline -0.004 -8"><span class='ocrx_word' id='word_1_727' title='bbox 313 5017 494 5070; x_wconf 72' lang='lat' dir='ltr'><strong>viliora</strong></span> <span class='ocrx_word' id='word_1_728' title='bbox 532 5029 661 5067; x_wconf 86' lang='lat' dir='ltr'><strong>esse.</strong></span> <span class='ocrx_word' id='word_1_729' title='bbox 693 5009 825 5063; x_wconf 81' lang='lat' dir='ltr'><strong>illud</strong></span> <span class='ocrx_word' id='word_1_730' title='bbox 854 5024 966 5061; x_wconf 83' lang='lat' dir='ltr'><strong>esse</strong></span> <span class='ocrx_word' id='word_1_731' title='bbox 995 5007 1182 5060; x_wconf 86' lang='lat' dir='ltr'><strong>aberat</strong></span> <span class='ocrx_word' id='word_1_732' title='bbox 1215 5006 1255 5059; x_wconf 32' lang='lat' dir='ltr'><strong>a’</strong></span> <span class='ocrx_word' id='word_1_733' title='bbox 1276 5006 1522 5074; x_wconf 83' lang='lat' dir='ltr'><strong>vulgatis.</strong></span> <span class='ocrx_word' id='word_1_734' title='bbox 1556 5006 1707 5062; x_wconf 83' lang='lat' dir='ltr'><strong>llaud</strong></span> <span class='ocrx_word' id='word_1_735' title='bbox 1737 5007 1895 5077; x_wconf 90' lang='lat' dir='ltr'><strong>longe</strong></span> 
     </span>
    </p>
   </div>
   <div class='ocr_carea' id='block_1_98' title="bbox 312 5077 1532 5159">
    <p class='ocr_par' dir='ltr' id='par_1_98' title="bbox 312 5077 1532 5159">
     <span class='ocr_line' id='line_1_98' title="bbox 312 5077 1532 5159; baseline -0.006 -23"><span class='ocrx_word' id='word_1_736' title='bbox 312 5084 476 5159; x_wconf 53' lang='lat' dir='ltr'><strong>Cudb;</strong></span> <span class='ocrx_word' id='word_1_737' title='bbox 499 5082 765 5159; x_wconf 72' lang='lat' dir='ltr'><strong>secundus</strong></span> <span class='ocrx_word' id='word_1_738' title='bbox 787 5078 1031 5159; x_wconf 75' lang='lat' dir='ltr'><strong>perﬁcere</strong></span> <span class='ocrx_word' id='word_1_739' title='bbox 1055 5084 1239 5159; x_wconf 67' lang='lat' dir='ltr'><strong>cuncta</strong></span> <span class='ocrx_word' id='word_1_740' title='bbox 1264 5077 1532 5159; x_wconf 59' lang='lat' dir='ltr'><strong>disposuit.</strong></span> 
     </span>
    </p>
   </div>
   <div class='ocr_carea' id='block_1_99' title="bbox 387 5144 1892 5218">
    <p class='ocr_par' dir='ltr' id='par_1_99' title="bbox 387 5144 1892 5218">
     <span class='ocr_line' id='line_1_99' title="bbox 387 5144 1892 5218; baseline -0.004 -11"><span class='ocrx_word' id='word_1_741' title='bbox 387 5155 412 5192; x_wconf 66' lang='grc' dir='ltr'>δ</span> <span class='ocrx_word' id='word_1_742' title='bbox 441 5153 601 5214; x_wconf 80' lang='lat' dir='ltr'><strong>Editi,</strong></span> <span class='ocrx_word' id='word_1_743' title='bbox 635 5144 916 5218; x_wconf 69' lang='lat' dir='ltr'><strong>honestatis</strong></span> <span class='ocrx_word' id='word_1_744' title='bbox 944 5146 1223 5218; x_wconf 82' lang='lat' dir='ltr'><strong>quondam.</strong></span> <span class='ocrx_word' id='word_1_745' title='bbox 1269 5144 1411 5199; x_wconf 83' lang='lat' dir='ltr'><strong>Libri</strong></span> <span class='ocrx_word' id='word_1_746' title='bbox 1441 5155 1672 5218; x_wconf 83' lang='lat' dir='ltr'><strong>veteres,</strong></span> <span class='ocrx_word' id='word_1_747' title='bbox 1703 5147 1892 5218; x_wconf 68' lang='lat' dir='ltr'><strong>(tones-</strong></span> 
     </span>
    </p>
   </div>
   <div class='ocr_carea' id='block_1_100' title="bbox 316 5215 1891 5341">
    <p class='ocr_par' dir='ltr' id='par_1_100' title="bbox 316 5215 1891 5341">
     <span class='ocr_line' id='line_1_100' title="bbox 316 5215 1891 5341; baseline -0.006 -61"><span class='ocrx_word' id='word_1_748' title='bbox 316 5224 439 5280; x_wconf 84' lang='lat' dir='ltr'><strong>tatis</strong></span> <span class='ocrx_word' id='word_1_749' title='bbox 468 5222 754 5302; x_wconf 65' lang='lat' dir='ltr'><strong>quemdam.</strong></span> <span class='ocrx_word' id='word_1_750' title='bbox 788 5217 920 5298; x_wconf 74' lang='lat' dir='ltr'><strong>illud</strong></span> <span class='ocrx_word' id='word_1_751' title='bbox 957 5215 1013 5271; x_wconf 71' lang='lat' dir='ltr'><strong>se</strong></span> <span class='ocrx_word' id='word_1_752' title='bbox 1040 5218 1183 5341; x_wconf 56' lang='lat' dir='ltr'><strong>ignoti</strong></span> <span class='ocrx_word' id='word_1_753' title='bbox 1231 5232 1357 5270; x_wconf 75' lang='lat' dir='ltr'><strong>mox</strong></span> <span class='ocrx_word' id='word_1_754' title='bbox 1385 5217 1626 5285; x_wconf 88' lang='lat' dir='ltr'><strong>sequitur</strong></span> <span class='ocrx_word' id='word_1_755' title='bbox 1654 5215 1891 5271; x_wconf 89' lang='lat' dir='ltr'><strong>additum</strong></span> 
     </span>
     <span class='ocr_line' id='line_1_101' title="bbox 316 5285 1891 5341; baseline 0 0"><span class='ocrx_word' id='word_1_756' title='bbox 316 5304 401 5341; x_wconf 65' lang='lat' dir='ltr'><strong>pst</strong></span> <span class='ocrx_word' id='word_1_757' title='bbox 441 5310 504 5341; x_wconf 81' lang='lat' dir='ltr'><strong>ex</strong></span> <span class='ocrx_word' id='word_1_758' title='bbox 535 5293 685 5341; x_wconf 75' lang='lat' dir='ltr'><strong>llbl‘lS</strong></span> <span class='ocrx_word' id='word_1_759' title='bbox 722 5287 1014 5341; x_wconf 84' lang='lat' dir='ltr'><strong>veteribus.</strong></span> <span class='ocrx_word' id='word_1_760' title='bbox 1098 5286 1292 5341; x_wconf 83' lang='lat' dir='ltr'><strong>ubmde</strong></span> <span class='ocrx_word' id='word_1_761' title='bbox 1330 5285 1485 5340; x_wconf 87' lang='lat' dir='ltr'><strong>Colb.</strong></span> <span class='ocrx_word' id='word_1_762' title='bbox 1513 5286 1802 5341; x_wconf 89' lang='lat' dir='ltr'><strong>secundus.</strong></span> <span class='ocrx_word' id='word_1_763' title='bbox 1845 5298 1891 5341; x_wconf 88' lang='lat' dir='ltr'><strong>et</strong></span> 
     </span>
    </p>
   </div>
   <div class='ocr_carea' id='block_1_101' title="bbox 314 5285 1895 5351">
    <p class='ocr_par' dir='ltr' id='par_1_101' title="bbox 314 5285 1895 5351">
     <span class='ocr_line' id='line_1_102' title="bbox 314 5285 1895 5351; baseline -0.006 0"><span class='ocrx_word' id='word_1_764' title='bbox 314 5304 401 5351; x_wconf 86' lang='lat' dir='ltr'><strong>est</strong></span> <span class='ocrx_word' id='word_1_765' title='bbox 441 5285 505 5349; x_wconf 67' lang='lat' dir='ltr'><strong>ei</strong></span> <span class='ocrx_word' id='word_1_766' title='bbox 535 5292 685 5346; x_wconf 87' lang='lat' dir='ltr'><strong>libris</strong></span> <span class='ocrx_word' id='word_1_767' title='bbox 722 5287 1014 5345; x_wconf 86' lang='lat' dir='ltr'><strong>veteribus.</strong></span> <span class='ocrx_word' id='word_1_768' title='bbox 1054 5285 1292 5341; x_wconf 83' lang='lat' dir='ltr'><strong>Subinde</strong></span> <span class='ocrx_word' id='word_1_769' title='bbox 1330 5285 1485 5340; x_wconf 87' lang='lat' dir='ltr'><strong>Colb.</strong></span> <span class='ocrx_word' id='word_1_770' title='bbox 1513 5286 1802 5351; x_wconf 90' lang='lat' dir='ltr'><strong>secundus,</strong></span> <span class='ocrx_word' id='word_1_771' title='bbox 1845 5298 1895 5341; x_wconf 88' lang='lat' dir='ltr'><strong>et</strong></span> 
     </span>
    </p>
   </div>
   <div class='ocr_carea' id='block_1_102' title="bbox 316 5364 648 5433">
    <p class='ocr_par' dir='ltr' id='par_1_102' title="bbox 316 5364 648 5433">
     <span class='ocr_line' id='line_1_103' title="bbox 316 5364 648 5433; baseline -0.009 -13"><span class='ocrx_word' id='word_1_772' title='bbox 316 5382 431 5420; x_wconf 85' lang='lat' dir='ltr'><strong>cum</strong></span> <span class='ocrx_word' id='word_1_773' title='bbox 457 5364 648 5433; x_wconf 83' lang='lat' dir='ltr'><strong>spatia.</strong></span> 
     </span>
    </p>
   </div>
   <div class='ocr_carea' id='block_1_103' title="bbox 391 5424 1500 5496">
    <p class='ocr_par' dir='ltr' id='par_1_103' title="bbox 391 5424 1500 5496">
     <span class='ocr_line' id='line_1_104' title="bbox 391 5424 1500 5496; baseline -0.005 -9"><span class='ocrx_word' id='word_1_774' title='bbox 391 5446 414 5475; x_wconf 73' lang='grc' dir='ltr'>α</span> <span class='ocrx_word' id='word_1_775' title='bbox 448 5424 605 5495; x_wconf 65' lang='lat' dir='ltr'><strong>li&#39;diti,</strong></span> <span class='ocrx_word' id='word_1_776' title='bbox 631 5431 847 5485; x_wconf 76' lang='lat' dir='ltr'><strong>desinet.</strong></span> <span class='ocrx_word' id='word_1_777' title='bbox 876 5425 1019 5482; x_wconf 89' lang='lat' dir='ltr'><strong>Libri</strong></span> <span class='ocrx_word' id='word_1_778' title='bbox 1041 5426 1264 5496; x_wconf 88' lang='lat' dir='ltr'><strong>antiqui,</strong></span> <span class='ocrx_word' id='word_1_779' title='bbox 1295 5424 1500 5481; x_wconf 81' lang='lat' dir='ltr'><strong>desinit.</strong></span> 
     </span>
    </p>
   </div>
   <div class='ocr_carea' id='block_1_104' title="bbox 386 5496 1896 5563">
    <p class='ocr_par' dir='ltr' id='par_1_104' title="bbox 386 5496 1896 5563">
     <span class='ocr_line' id='line_1_105' title="bbox 386 5496 1896 5563; baseline -0.006 -6"><span class='ocrx_word' id='word_1_780' title='bbox 386 5503 412 5543; x_wconf 75' lang='grc' dir='ltr'><strong><em>ἀ</em></strong></span> <span class='ocrx_word' id='word_1_781' title='bbox 455 5504 605 5561; x_wconf 78' lang='lat' dir='ltr'><strong>Colb.</strong></span> <span class='ocrx_word' id='word_1_782' title='bbox 637 5499 923 5563; x_wconf 84' lang='lat' dir='ltr'><strong>secundus,</strong></span> <span class='ocrx_word' id='word_1_783' title='bbox 957 5496 1047 5551; x_wconf 85' lang='lat' dir='ltr'><strong>sed</strong></span> <span class='ocrx_word' id='word_1_784' title='bbox 1067 5498 1218 5551; x_wconf 82' lang='lat' dir='ltr'><strong>aliter</strong></span> <span class='ocrx_word' id='word_1_785' title='bbox 1248 5504 1409 5550; x_wconf 82' lang='lat' dir='ltr'><strong>estea:</strong></span> <span class='ocrx_word' id='word_1_786' title='bbox 1450 5506 1639 5550; x_wconf 82' lang='lat' dir='ltr'><strong>natura</strong></span> <span class='ocrx_word' id='word_1_787' title='bbox 1680 5496 1896 5550; x_wconf 64' lang='lat' dir='ltr'><strong>(celestis</strong></span> 
     </span>
    </p>
   </div>
   <div class='ocr_carea' id='block_1_105' title="bbox 317 5564 1896 5639">
    <p class='ocr_par' dir='ltr' id='par_1_105' title="bbox 317 5564 1896 5639">
     <span class='ocr_line' id='line_1_106' title="bbox 317 5564 1896 5639; baseline -0.007 -11"><span class='ocrx_word' id='word_1_788' title='bbox 317 5575 487 5630; x_wconf 79' lang='lat' dir='ltr'><strong>homo.</strong></span> <span class='ocrx_word' id='word_1_789' title='bbox 535 5564 767 5639; x_wconf 80' lang='lat' dir='ltr'><strong>Sedjam</strong></span> <span class='ocrx_word' id='word_1_790' title='bbox 807 5567 1112 5624; x_wconf 85' lang='lat' dir='ltr'><strong>notavimus</strong></span> <span class='ocrx_word' id='word_1_791' title='bbox 1156 5565 1322 5619; x_wconf 88' lang='lat' dir='ltr'><strong>videri</strong></span> <span class='ocrx_word' id='word_1_792' title='bbox 1370 5566 1644 5620; x_wconf 84' lang='lat' dir='ltr'><strong>librarium</strong></span> <span class='ocrx_word' id='word_1_793' title='bbox 1687 5582 1747 5619; x_wconf 85' lang='lat' dir='ltr'><strong>ea</strong></span> <span class='ocrx_word' id='word_1_794' title='bbox 1778 5580 1896 5639; x_wconf 67' lang='lat' dir='ltr'><strong>qua;</strong></span> 
     </span>
    </p>
   </div>
   <div class='ocr_carea' id='block_1_106' title="bbox 318 5635 1893 5711">
    <p class='ocr_par' dir='ltr' id='par_1_106' title="bbox 318 5635 1893 5711">
     <span class='ocr_line' id='line_1_107' title="bbox 318 5635 1893 5711; baseline -0.009 -10"><span class='ocrx_word' id='word_1_795' title='bbox 318 5643 547 5703; x_wconf 77' lang='lat' dir='ltr'><strong>habebat</strong></span> <span class='ocrx_word' id='word_1_796' title='bbox 578 5635 903 5711; x_wconf 67' lang='lat' dir='ltr'><strong>excutplaria</strong></span> <span class='ocrx_word' id='word_1_797' title='bbox 946 5653 1054 5691; x_wconf 87' lang='lat' dir='ltr'><strong>non</strong></span> <span class='ocrx_word' id='word_1_798' title='bbox 1094 5650 1301 5705; x_wconf 82' lang='lat' dir='ltr'><strong>semper</strong></span> <span class='ocrx_word' id='word_1_799' title='bbox 1331 5648 1569 5691; x_wconf 83' lang='lat' dir='ltr'><strong>secutum</strong></span> <span class='ocrx_word' id='word_1_800' title='bbox 1601 5652 1722 5691; x_wconf 45' lang='lat' dir='ltr'><strong>c-‘se</strong></span> <span class='ocrx_word' id='word_1_801' title='bbox 1757 5655 1767 5687; x_wconf 89' lang='lat'>:</span> <span class='ocrx_word' id='word_1_802' title='bbox 1801 5635 1893 5689; x_wconf 73' lang='lat' dir='ltr'><strong>sed</strong></span> 
     </span>
    </p>
   </div>
   <div class='ocr_carea' id='block_1_107' title="bbox 2010 4522 3589 4593">
    <p class='ocr_par' dir='ltr' id='par_1_107' title="bbox 2010 4522 3589 4593">
     <span class='ocr_line' id='line_1_108' title="bbox 2010 4522 3589 4593; baseline -0.001 -15"><span class='ocrx_word' id='word_1_803' title='bbox 2010 4540 2130 4579; x_wconf 86' lang='lat' dir='ltr'><strong>esse</strong></span> <span class='ocrx_word' id='word_1_804' title='bbox 2146 4525 2447 4580; x_wconf 89' lang='lat' dir='ltr'><strong>credamur.</strong></span> <span class='ocrx_word' id='word_1_805' title='bbox 2475 4522 2644 4579; x_wconf 90' lang='lat' dir='ltr'><strong>Ursus</strong></span> <span class='ocrx_word' id='word_1_806' title='bbox 2659 4524 2844 4581; x_wconf 90' lang='lat' dir='ltr'><strong>lethali</strong></span> <span class='ocrx_word' id='word_1_807' title='bbox 2862 4525 3085 4579; x_wconf 87' lang='lat' dir='ltr'><strong>vulnere</strong></span> <span class='ocrx_word' id='word_1_808' title='bbox 3113 4539 3254 4593; x_wconf 67' lang='lat' dir='ltr'><strong>saepe</strong></span> <span class='ocrx_word' id='word_1_809' title='bbox 3281 4522 3589 4589; x_wconf 81' lang='lat' dir='ltr'><strong>transﬁxus,</strong></span> 
     </span>
    </p>
   </div>
   <div class='ocr_carea' id='block_1_108' title="bbox 2012 4615 3588 4684">
    <p class='ocr_par' dir='ltr' id='par_1_108' title="bbox 2012 4615 3588 4684">
     <span class='ocr_line' id='line_1_109' title="bbox 2012 4615 3588 4684; baseline -0.001 -14"><span class='ocrx_word' id='word_1_810' title='bbox 2012 4615 2260 4670; x_wconf 88' lang='lat' dir='ltr'><strong>omnibus</strong></span> <span class='ocrx_word' id='word_1_811' title='bbox 2288 4616 2455 4669; x_wconf 91' lang='lat' dir='ltr'><strong>utitur</strong></span> <span class='ocrx_word' id='word_1_812' title='bbox 2482 4616 2956 4681; x_wconf 86' lang='lat' dir='ltr'><strong>machinamentis,</strong></span> <span class='ocrx_word' id='word_1_813' title='bbox 2997 4622 3056 4669; x_wconf 91' lang='lat' dir='ltr'><strong>ut</strong></span> <span class='ocrx_word' id='word_1_814' title='bbox 3081 4631 3139 4670; x_wconf 88' lang='lat' dir='ltr'><strong>se</strong></span> <span class='ocrx_word' id='word_1_815' title='bbox 3168 4630 3357 4669; x_wconf 89' lang='lat' dir='ltr'><strong>curare</strong></span> <span class='ocrx_word' id='word_1_816' title='bbox 3386 4630 3588 4684; x_wconf 72' lang='lat' dir='ltr'><strong>prieva-</strong></span> 
     </span>
    </p>
   </div>
   <div class='ocr_carea' id='block_1_109' title="bbox 2006 4705 3589 4775">
    <p class='ocr_par' dir='ltr' id='par_1_109' title="bbox 2006 4705 3589 4775">
     <span class='ocr_line' id='line_1_110' title="bbox 2006 4705 3589 4775; baseline 0 -16"><span class='ocrx_word' id='word_1_817' title='bbox 2006 4706 2134 4771; x_wconf 87' lang='lat' dir='ltr'><strong>leat,</strong></span> <span class='ocrx_word' id='word_1_818' title='bbox 2177 4705 2344 4761; x_wconf 88' lang='lat' dir='ltr'><strong>herba</strong></span> <span class='ocrx_word' id='word_1_819' title='bbox 2374 4706 2641 4775; x_wconf 68' lang='lat' dir='ltr'><strong>prmcipue</strong></span> <span class='ocrx_word' id='word_1_820' title='bbox 2666 4708 2895 4774; x_wconf 89' lang='lat' dir='ltr'><strong>quadam</strong></span> <span class='ocrx_word' id='word_1_821' title='bbox 2923 4716 3112 4759; x_wconf 90' lang='lat' dir='ltr'><strong>natura</strong></span> <span class='ocrx_word' id='word_1_822' title='bbox 3141 4705 3366 4760; x_wconf 91' lang='lat' dir='ltr'><strong>sicciore</strong></span> <span class='ocrx_word' id='word_1_823' title='bbox 3405 4705 3589 4774; x_wconf 83' lang='lat' dir='ltr'><strong>plagas</strong></span> 
     </span>
    </p>
   </div>
   <div class='ocr_carea' id='block_1_110' title="bbox 2009 4795 3587 4871">
    <p class='ocr_par' dir='ltr' id='par_1_110' title="bbox 2009 4795 3587 4871">
     <span class='ocr_line' id='line_1_111' title="bbox 2009 4795 3587 4871; baseline -0.003 -17"><span class='ocrx_word' id='word_1_824' title='bbox 2009 4800 2254 4871; x_wconf 88' lang='lat' dir='ltr'><strong>proprias</strong></span> <span class='ocrx_word' id='word_1_825' title='bbox 2285 4799 2591 4870; x_wconf 88' lang='lat' dir='ltr'><strong>oppilando.</strong></span> <span class='ocrx_word' id='word_1_826' title='bbox 2621 4797 2822 4868; x_wconf 75' lang='lat' dir='ltr'><strong>Vulpes</strong></span> <span class='ocrx_word' id='word_1_827' title='bbox 2850 4798 3010 4852; x_wconf 89' lang='lat' dir='ltr'><strong>etiam</strong></span> <span class='ocrx_word' id='word_1_828' title='bbox 3039 4796 3368 4866; x_wconf 86' lang='lat' dir='ltr'><strong>frequentius</strong></span> <span class='ocrx_word' id='word_1_829' title='bbox 3393 4795 3587 4866; x_wconf 45' lang='lat' dir='ltr'><strong>depre‘</strong></span> 
     </span>
    </p>
   </div>
   <div class='ocr_carea' id='block_1_111' title="bbox 2005 4935 3587 5007">
    <p class='ocr_par' dir='ltr' id='par_1_111' title="bbox 2005 4935 3587 5007">
     <span class='ocr_line' id='line_1_112' title="bbox 2005 4935 3587 5007; baseline -0.002 -14"><span class='ocrx_word' id='word_1_830' title='bbox 2005 4955 2148 5000; x_wconf 89' lang='lat' dir='ltr'><strong>cum,</strong></span> <span class='ocrx_word' id='word_1_831' title='bbox 2182 4955 2301 4993; x_wconf 89' lang='lat' dir='ltr'><strong>cum</strong></span> <span class='ocrx_word' id='word_1_832' title='bbox 2346 4937 2443 5006; x_wconf 85' lang='lat' dir='ltr'><strong>ipsi</strong></span> <span class='ocrx_word' id='word_1_833' title='bbox 2475 4946 2692 5007; x_wconf 85' lang='lat' dir='ltr'><strong>recepta</strong></span> <span class='ocrx_word' id='word_1_834' title='bbox 2722 4938 2881 4994; x_wconf 87' lang='lat' dir='ltr'><strong>lectio</strong></span> <span class='ocrx_word' id='word_1_835' title='bbox 2911 4953 3018 4993; x_wconf 89' lang='lat' dir='ltr'><strong>non</strong></span> <span class='ocrx_word' id='word_1_836' title='bbox 3052 4935 3387 5007; x_wconf 90' lang='lat' dir='ltr'><strong>probaretur,</strong></span> <span class='ocrx_word' id='word_1_837' title='bbox 3431 4936 3587 4992; x_wconf 90' lang='lat' dir='ltr'><strong>aliter</strong></span> 
     </span>
    </p>
   </div>
   <div class='ocr_carea' id='block_1_112' title="bbox 2005 5008 2703 5076">
    <p class='ocr_par' dir='ltr' id='par_1_112' title="bbox 2005 5008 2703 5076">
     <span class='ocr_line' id='line_1_113' title="bbox 2005 5008 2703 5076; baseline 0.001 -13"><span class='ocrx_word' id='word_1_838' title='bbox 2005 5010 2072 5064; x_wconf 86' lang='lat' dir='ltr'><strong>ad</strong></span> <span class='ocrx_word' id='word_1_839' title='bbox 2102 5009 2379 5062; x_wconf 89' lang='lat' dir='ltr'><strong>arbitrium</strong></span> <span class='ocrx_word' id='word_1_840' title='bbox 2403 5008 2703 5076; x_wconf 81' lang='lat' dir='ltr'><strong>scripsisse.</strong></span> 
     </span>
    </p>
   </div>
   <div class='ocr_carea' id='block_1_113' title="bbox 2078 5076 3584 5149">
    <p class='ocr_par' dir='ltr' id='par_1_113' title="bbox 2078 5076 3584 5149">
     <span class='ocr_line' id='line_1_114' title="bbox 2078 5076 3584 5149; baseline -0.002 -17"><span class='ocrx_word' id='word_1_841' title='bbox 2078 5089 2100 5115; x_wconf 71' lang='grc' dir='ltr'>θ</span> <span class='ocrx_word' id='word_1_842' title='bbox 2131 5078 2351 5133; x_wconf 79' lang='lat' dir='ltr'><strong>Veteres</strong></span> <span class='ocrx_word' id='word_1_843' title='bbox 2374 5080 2544 5132; x_wconf 87' lang='lat' dir='ltr'><strong>nostri</strong></span> <span class='ocrx_word' id='word_1_844' title='bbox 2579 5080 2716 5143; x_wconf 88' lang='lat' dir='ltr'><strong>libri,</strong></span> <span class='ocrx_word' id='word_1_845' title='bbox 2748 5078 2955 5133; x_wconf 82' lang='lat' dir='ltr'><strong>illarum</strong></span> <span class='ocrx_word' id='word_1_846' title='bbox 2981 5078 3185 5149; x_wconf 72' lang='lat' dir='ltr'><strong>facies:</strong></span> <span class='ocrx_word' id='word_1_847' title='bbox 3208 5076 3318 5141; x_wconf 89' lang='lat' dir='ltr'><strong>ubi,</strong></span> <span class='ocrx_word' id='word_1_848' title='bbox 3350 5076 3393 5129; x_wconf 89' lang='lat' dir='ltr'><strong>si</strong></span> <span class='ocrx_word' id='word_1_849' title='bbox 3418 5076 3490 5149; x_wconf 85' lang='lat' dir='ltr'><strong>ita</strong></span> <span class='ocrx_word' id='word_1_850' title='bbox 3516 5076 3584 5129; x_wconf 77' lang='lat' dir='ltr'><strong>le-</strong></span> 
     </span>
    </p>
   </div>
   <div class='ocr_carea' id='block_1_114' title="bbox 2002 5147 3583 5219">
    <p class='ocr_par' dir='ltr' id='par_1_114' title="bbox 2002 5147 3583 5219">
     <span class='ocr_line' id='line_1_115' title="bbox 2002 5147 3583 5219; baseline -0.001 -16"><span class='ocrx_word' id='word_1_851' title='bbox 2002 5164 2116 5218; x_wconf 86' lang='lat' dir='ltr'><strong>gas,</strong></span> <span class='ocrx_word' id='word_1_852' title='bbox 2165 5165 2271 5202; x_wconf 77' lang='lat' dir='ltr'><strong>vox</strong></span> <span class='ocrx_word' id='word_1_853' title='bbox 2305 5149 2554 5217; x_wconf 78' lang='lat' dir='ltr'><strong>pecudum</strong></span> <span class='ocrx_word' id='word_1_854' title='bbox 2591 5150 2827 5217; x_wconf 82' lang='lat' dir='ltr'><strong>suppleri</strong></span> <span class='ocrx_word' id='word_1_855' title='bbox 2865 5147 3063 5219; x_wconf 82' lang='lat' dir='ltr'><strong>potest.</strong></span> <span class='ocrx_word' id='word_1_856' title='bbox 3110 5147 3231 5203; x_wconf 79' lang='lat' dir='ltr'><strong>Mox</strong></span> <span class='ocrx_word' id='word_1_857' title='bbox 3270 5148 3438 5201; x_wconf 91' lang='lat' dir='ltr'><strong>nostri</strong></span> <span class='ocrx_word' id='word_1_858' title='bbox 3478 5154 3583 5201; x_wconf 68' lang='lat' dir='ltr'><strong>tres</strong></span> 
     </span>
    </p>
   </div>
   <div class='ocr_carea' id='block_1_115' title="bbox 2002 5220 2807 5289">
    <p class='ocr_par' dir='ltr' id='par_1_115' title="bbox 2002 5220 2807 5289">
     <span class='ocr_line' id='line_1_116' title="bbox 2002 5220 2807 5289; baseline -0.002 -15"><span class='ocrx_word' id='word_1_859' title='bbox 2002 5235 2155 5285; x_wconf 83' lang='lat' dir='ltr'><strong>tnss.,</strong></span> <span class='ocrx_word' id='word_1_860' title='bbox 2186 5220 2418 5289; x_wconf 82' lang='lat' dir='ltr'><strong>corporis</strong></span> <span class='ocrx_word' id='word_1_861' title='bbox 2457 5228 2504 5272; x_wconf 85' lang='lat' dir='ltr'><strong>te</strong></span> <span class='ocrx_word' id='word_1_862' title='bbox 2532 5220 2807 5289; x_wconf 72' lang='lat' dir='ltr'><strong>voluptate.</strong></span> 
     </span>
    </p>
   </div>
   <div class='ocr_carea' id='block_1_116' title="bbox 2079 5289 2849 5353">
    <p class='ocr_par' dir='ltr' id='par_1_116' title="bbox 2079 5289 2849 5353">
     <span class='ocr_line' id='line_1_117' title="bbox 2079 5289 2849 5353; baseline -0.001 -9"><span class='ocrx_word' id='word_1_863' title='bbox 2079 5290 2095 5328; x_wconf 71' lang='grc' dir='ltr'><strong>ί</strong></span> <span class='ocrx_word' id='word_1_864' title='bbox 2129 5289 2283 5344; x_wconf 87' lang='lat' dir='ltr'><strong>Colb.</strong></span> <span class='ocrx_word' id='word_1_865' title='bbox 2313 5289 2601 5353; x_wconf 85' lang='lat' dir='ltr'><strong>secundus,</strong></span> <span class='ocrx_word' id='word_1_866' title='bbox 2632 5291 2849 5343; x_wconf 69' lang='lat' dir='ltr'><strong>locatur.</strong></span> 
     </span>
    </p>
   </div>
   <div class='ocr_carea' id='block_1_117' title="bbox 2073 5358 3582 5424">
    <p class='ocr_par' dir='ltr' id='par_1_117' title="bbox 2073 5358 3582 5424">
     <span class='ocr_line' id='line_1_118' title="bbox 2073 5358 3582 5424; baseline -0.003 -13"><span class='ocrx_word' id='word_1_867' title='bbox 2073 5369 2097 5404; x_wconf 72' lang='grc' dir='ltr'>ε</span> <span class='ocrx_word' id='word_1_868' title='bbox 2128 5359 2292 5424; x_wconf 88' lang='lat' dir='ltr'><strong>Editi,</strong></span> <span class='ocrx_word' id='word_1_869' title='bbox 2320 5369 2367 5412; x_wconf 86' lang='lat' dir='ltr'><strong>et</strong></span> <span class='ocrx_word' id='word_1_870' title='bbox 2398 5361 2565 5414; x_wconf 81' lang='lat' dir='ltr'><strong>minus</strong></span> <span class='ocrx_word' id='word_1_871' title='bbox 2595 5359 2734 5413; x_wconf 81' lang='lat' dir='ltr'><strong>setis.</strong></span> <span class='ocrx_word' id='word_1_872' title='bbox 2766 5358 2912 5412; x_wconf 90' lang='lat' dir='ltr'><strong>Libri</strong></span> <span class='ocrx_word' id='word_1_873' title='bbox 2937 5367 3161 5421; x_wconf 86' lang='lat' dir='ltr'><strong>veteres,</strong></span> <span class='ocrx_word' id='word_1_874' title='bbox 3194 5369 3242 5411; x_wconf 88' lang='lat' dir='ltr'><strong>et</strong></span> <span class='ocrx_word' id='word_1_875' title='bbox 3282 5374 3385 5411; x_wconf 83' lang='lat' dir='ltr'><strong>non</strong></span> <span class='ocrx_word' id='word_1_876' title='bbox 3413 5358 3539 5411; x_wconf 72' lang='lat' dir='ltr'><strong>utin:</strong></span> <span class='ocrx_word' id='word_1_877' title='bbox 3558 5373 3582 5406; x_wconf 81' lang='lat' dir='ltr'><strong>s</strong></span> 
     </span>
    </p>
   </div>
   <div class='ocr_carea' id='block_1_118' title="bbox 2001 5426 3586 5510">
    <p class='ocr_par' dir='ltr' id='par_1_118' title="bbox 2001 5426 3586 5510">
     <span class='ocr_line' id='line_1_119' title="bbox 2001 5426 3586 5510; baseline -0.004 -29"><span class='ocrx_word' id='word_1_878' title='bbox 2001 5430 2140 5510; x_wconf 52' lang='lat' dir='ltr'><strong>setis.</strong></span> <span class='ocrx_word' id='word_1_879' title='bbox 2172 5428 2577 5510; x_wconf 40' lang='lat' dir='ltr'><strong>Ncc‘itanmulto</strong></span> <span class='ocrx_word' id='word_1_880' title='bbox 2604 5428 2898 5510; x_wconf 66' lang='lat' dir='ltr'><strong>postediti,</strong></span> <span class='ocrx_word' id='word_1_881' title='bbox 2930 5431 3149 5498; x_wconf 79' lang='lat' dir='ltr'><strong>fortasse</strong></span> <span class='ocrx_word' id='word_1_882' title='bbox 3176 5426 3586 5510; x_wconf 46' lang='lat' dir='ltr'><strong>quosdgmjn‘ri-</strong></span> 
     </span>
    </p>
   </div>
   <div class='ocr_carea' id='block_1_119' title="bbox 2003 5496 3581 5569">
    <p class='ocr_par' dir='ltr' id='par_1_119' title="bbox 2003 5496 3581 5569">
     <span class='ocr_line' id='line_1_120' title="bbox 2003 5496 3581 5569; baseline -0.002 -19"><span class='ocrx_word' id='word_1_883' title='bbox 2003 5499 2240 5569; x_wconf 78' lang='lat' dir='ltr'><strong>labimus.</strong></span> <span class='ocrx_word' id='word_1_884' title='bbox 2279 5498 2347 5552; x_wconf 81' lang='lat' dir='ltr'><strong>At</strong></span> <span class='ocrx_word' id='word_1_885' title='bbox 2366 5499 2518 5553; x_wconf 88' lang='lat' dir='ltr'><strong>Colb.</strong></span> <span class='ocrx_word' id='word_1_886' title='bbox 2544 5496 2839 5569; x_wconf 82' lang='lat' dir='ltr'><strong>secundus,</strong></span> <span class='ocrx_word' id='word_1_887' title='bbox 2872 5496 3093 5569; x_wconf 71' lang='lat' dir='ltr'><strong>fortasse</strong></span> <span class='ocrx_word' id='word_1_888' title='bbox 3114 5496 3316 5569; x_wconf 66' lang='lat' dir='ltr'><strong>quidem</strong></span> <span class='ocrx_word' id='word_1_889' title='bbox 3338 5496 3581 5569; x_wconf 65' lang='lat' dir='ltr'><strong>inritabi-</strong></span> 
     </span>
    </p>
   </div>
   <div class='ocr_carea' id='block_1_120' title="bbox 2000 5564 3576 5636">
    <p class='ocr_par' dir='ltr' id='par_1_120' title="bbox 2000 5564 3576 5636">
     <span class='ocr_line' id='line_1_121' title="bbox 2000 5564 3576 5636; baseline -0.001 -17"><span class='ocrx_word' id='word_1_890' title='bbox 2000 5585 2131 5621; x_wconf 84' lang='lat' dir='ltr'><strong>mnr.</strong></span> <span class='ocrx_word' id='word_1_891' title='bbox 2165 5568 2414 5636; x_wconf 84' lang='lat' dir='ltr'><strong>Legimus</strong></span> <span class='ocrx_word' id='word_1_892' title='bbox 2448 5569 2499 5623; x_wconf 92' lang='lat' dir='ltr'><strong>in</strong></span> <span class='ocrx_word' id='word_1_893' title='bbox 2530 5566 2717 5625; x_wconf 74' lang='lat' dir='ltr'><strong>Gneco</strong></span> <span class='ocrx_word' id='word_1_894' title='bbox 2741 5606 2756 5633; x_wconf 88' lang='lat'><strong>,</strong></span> <span class='ocrx_word' id='word_1_895' title='bbox 2805 5564 3136 5636; x_wconf 59' lang='grc' dir='ltr'><strong>κιιὶησόμεθαξ</strong></span> <span class='ocrx_word' id='word_1_896' title='bbox 3164 5565 3401 5624; x_wconf 89' lang='lat' dir='ltr'><strong>Subinde</strong></span> <span class='ocrx_word' id='word_1_897' title='bbox 3429 5564 3576 5630; x_wconf 89' lang='lat' dir='ltr'><strong>editi,</strong></span> 
     </span>
    </p>
   </div>
   <div class='ocr_carea' id='block_1_121' title="bbox 2002 5636 3044 5707">
    <p class='ocr_par' dir='ltr' id='par_1_121' title="bbox 2002 5636 3044 5707">
     <span class='ocr_line' id='line_1_122' title="bbox 2002 5636 3044 5707; baseline 0.002 -18"><span class='ocrx_word' id='word_1_898' title='bbox 2002 5639 2287 5692; x_wconf 71' lang='lat' dir='ltr'><strong>credamus.</strong></span> <span class='ocrx_word' id='word_1_899' title='bbox 2325 5638 2467 5693; x_wconf 79' lang='lat' dir='ltr'><strong>Libri</strong></span> <span class='ocrx_word' id='word_1_900' title='bbox 2499 5639 2724 5707; x_wconf 80' lang='lat' dir='ltr'><strong>antiqui,</strong></span> <span class='ocrx_word' id='word_1_901' title='bbox 2758 5636 3044 5691; x_wconf 74' lang='lat' dir='ltr'><strong>rretlmnnr.</strong></span> 
     </span>
    </p>
   </div>
  </div>
