3964 6178
377 256 477 309 950

1840 247 2211 304 EUSTATilll‘

3548 251 3673 313 900

377 375 545 421 lacusa
574 373 674 432 est,
704 381 870 422 succo
895 364 1053 435 pineo
1079 361 1295 418 sibimet
1321 360 1621 416 remedium
1642 360 1953 416 contulisse.
1987 361 2034 420 Α
2063 361 2323 429 sapientia
2368 362 2536 433 fecisti
2563 359 2735 431 (Psal.
2762 380 2883 427 cm,
2928 364 3053 432 2i}.'
3087 364 3229 432 Ergo
3264 383 3373 419 non
3423 367 3665 435 proderit

376 458 620 514 Testudo
661 468 841 513 autem
880 472 1001 512 cum
1041 454 1297 524 viperinis
1333 453 1630 507 visceribus
1674 452 1963 520 ingluviem

377 553 582 606 ventris
612 549 926 620 expleverit,
960 547 1147 615 organi
1175 544 1535 599 medicamine
1564 544 1709 611 quod
1738 551 1821 597 est
1854 558 1965 597 ser-

382 643 633 711 pentibus
680 640 1050 699 contrarium,
1098 645 1303 707 pestem
1352 635 1613 689 venenosi
1648 634 1753 690 cibi
1802 633 1970 688 fertur

386 736 639 803 etfugere.
663 733 895 787 Culnhcr
913 747 1044 785 vero
1064 731 1280 785 dolores
1299 728 1646 796 gravissimos
1666 727 1968 793 oculorum,

382 827 669 881 feniculum
691 824 942 893 depastus
959 822 1267 889 exstinguit.
1292 821 1424 874 Nam
1448 819 1789 890 pracseicntia
1814 834 1971 888 pecu-

382 919 506 971 dum
538 916 605 971 de
631 916 823 971 futuris
842 914 959 968 eteli
991 912 1393 973 mutationibus,
1428 919 1453 946 ει
1475 924 1637 979 quam
1661 925 1768 963 non
1802 909 1970 963 ratio~

384 1011 616 1065 nabilem
654 1008 990 1078 prudentiam
1035 1004 1268 1059 creditur
1294 1003 1588 1073 superare?
1618 1002 1803 1070 Itaque
1825 1002 1966 1068 ovis,

382 1099 725 1169 impendente
754 1098 960 1159 hieme,
995 1095 1215 1150 herbam
1254 1094 1425 1163 carpit
1451 1093 1675 1159 avidius,
1710 1102 1977 1162 tanquam

381 1191 607 1247 reticere
643 1206 701 1245 se
731 1190 930 1257 largius
965 1189 1206 1243 indicans
1234 1186 1301 1241 ad
1333 1185 1665 1241 tolerandam
1697 1201 1764 1240 ex
1792 1184 1969 1240 futura

383 1289 704 1351 tempestate
732 1279 1032 1350 penuriam.
1080 1276 1252 1331 Boves
1294 1285 1475 1330 autem
1504 1292 1626 1331 cum
1654 1276 1858 1331 diutius
1886 1276 1970 1329 in-

382 1372 516 1427 clusi
545 1380 788 1440 tempore
815 1368 1012 1422 fuerint
1040 1368 1297 1431 hiberno,
1334 1365 1799 1435 perturbationem
1829 1364 1969 1418 aeris

381 1463 610 1519 naturali
657 1462 1063 1533 prmsentientes
1107 1459 1415 1522 intellectu,
1470 1459 1537 1513 de
1582 1458 1794 1513 stabulo
1842 1456 1971 1512 foris

379 1555 538 1611 simul
567 1569 757 1609 omnes
784 1553 1055 1623 aspiciunt
1094 1559 1365 1606 mutantes
1395 1551 1621 1605 vultum.
1664 1549 1815 1604 Multi
1838 1565 1968 1606 sane

379 1647 625 1702 homines
669 1647 920 1701 echinum
972 1653 1282 1699 terrestrem
1329 1651 1680 1713 captaverunt
1729 1640 1968 1711 duplices

2068 450 2226 503 nobis
2248 449 2334 504 illa
2358 449 2671 517 satisfactio,
2700 468 2804 522 qua
2829 463 3074 523 putamus
3096 470 3355 510 excusare
3378 473 3481 511 nos
3505 473 3673 528 posse

2073 540 2331 606 dicentes,
2359 543 2578 598 minimc
2607 544 2801 599 litteris
2830 545 3077 601 didicisse
3105 547 3246 615 quod
3268 549 3512 618 expedit,
3541 566 3668 606 cum

2069 632 2201 700 legis
2231 633 2538 700 magisterio
2567 634 2828 689 naturalis
2868 635 3186 691 electionem
3217 638 3429 691 utilium
3471 655 3668 707 perce-

2069 723 2210 793 pisse
2239 724 2546 778 credantur.
2579 724 2730 779 Nosti
2778 726 2920 780 enim
2954 735 3011 780 tu
3061 727 3258 781 bonum
3305 730 3450 795 quod
3489 729 3670 784 facem

2069 815 2288 873 debebis
2317 816 2368 869 in
2401 816 2702 885 proximum
2722 858 2735 881 ,
2768 826 2823 871 et
2853 818 3051 872 malum
3082 818 3223 887 quod
3254 819 3391 872 idem
3424 819 3568 873 nolis
3600 821 3668 874 al,

2070 905 2177 959 alio
2207 908 2437 976 perpeti.
2468 906 2622 961 Nulla
2653 908 2855 963 scilicet
2903 924 2992 962 ars
3038 908 3312 972 medendi,
3343 925 3443 964 nec
3469 912 3667 980 aliquis

2071 1013 2196 1052 usus
2218 998 2503 1053 herbarum
2525 1000 2762 1054 remedia
2785 1003 3071 1070 pecoribus
3090 1002 3377 1071 quaerenda
3402 1014 3668 1058 monstra-

2072 1092 2174 1156 vit,
2207 1090 2303 1145 sed
2334 1091 2651 1146 naturaliter
2676 1094 2873 1147 animal
2903 1095 3321 1166 unumquodque
3348 1096 3499 1150 novit
3537 1112 3665 1167 pro-

2071 1184 2201 1254 pria:
2220 1183 2379 1238 saluti
2402 1185 2709 1254 consulere,
2735 1194 2790 1241 et
2812 1185 3138 1242 ineffabilem
3161 1187 3491 1256 diligentiam
3513 1190 3665 1257 geni-

2072 1276 2177 1330 tiva
2203 1283 2423 1345 captare
2451 1276 2754 1345 prudentia.

2140 1364 2193 1418 4.
2226 1364 2363 1420 Sunt
2386 1363 2411 1404 δ
2444 1375 2623 1421 tamen
2652 1374 2706 1421 et
2733 1366 2874 1437 apud
2904 1382 3005 1423 nos
3035 1380 3233 1436 genera
3263 1369 3524 1423 nonnulla
3549 1369 3657 1423 viro

2069 1464 2283 1510 tutum:
2308 1471 2444 1525 quas
2483 1472 2590 1510 non
2632 1473 2699 1512 ex
2730 1458 3006 1517 hominum
3034 1458 3301 1523 doctrina,
3334 1458 3435 1512 sed
3462 1474 3531 1514 ex
3564 1475 3662 1512 na-

2070 1556 2203 1601 turae
2230 1546 2518 1603 traditione
2546 1550 2823 1603 sortimur.
2847 1546 3000 1604 Sicut
3027 1550 3170 1604 enim
3203 1550 3344 1605 nulla
3376 1566 3477 1605 nos
3506 1550 3662 1605 insti-

2071 1642 2207 1696 tutio
2236 1650 2420 1697 monet
2440 1641 2617 1697 odisse
2641 1641 2976 1710 languorem,
2997 1643 3092 1698 sed
3118 1650 3473 1712 spontaneum
3497 1643 3662 1697 babe-

380 1753 638 1793 cavernas
665 1737 718 1791 in
766 1737 876 1791 suis
918 1735 1109 1790 fecisse
1151 1735 1434 1800 cubilibus,
1480 1742 1537 1788 ut
1582 1749 1703 1788 cum
1750 1731 1963 1788 ﬂatibus
1994 1733 2186 1793 Bmus
2223 1748 2349 1802 erga
2378 1735 2557 1789 omnia
2585 1750 2703 1805 quac
2734 1750 2832 1790 nos
2860 1736 3179 1790 contristare
3214 1736 3508 1791 creduntur
3536 1736 3659 1791 hor-

380 1831 647 1900 aquilonis
678 1839 916 1897 urgetur,
945 1828 1010 1881 ad
1039 1828 1328 1881 australem
1359 1842 1417 1881 se
1447 1824 1690 1881 conferat
1716 1834 1958 1896 partem;

379 1923 681 1991 iterumque
720 1936 843 1975 cum
888 1929 1044 1974 notus
1094 1919 1400 1988 spiravcrit,
1452 1917 1671 1972 boreale
1719 1918 1963 1971 foramen

381 2013 610 2083 aperiat.
641 2011 778 2078 Quid
809 2010 969 2078 igitur
998 2010 1155 2064 nobis
1200 2008 1505 2063 hominibus
1533 2023 1632 2077 per
1670 2008 1786 2061 haec
1812 2007 1962 2073 signa

380 2103 658 2172 Scriptura
687 2099 988 2169 significat?
1016 2116 1126 2153 non
1154 2098 1329 2153 solum
1357 2108 1413 2151 ut
1450 2114 1547 2167 per
1586 2097 1764 2151 omnia
1794 2097 1964 2150 nostri

378 2192 650 2248 Creatoris
670 2199 871 2262 quanta
900 2191 971 2245 sit
996 2204 1122 2259 erga
1149 2205 1246 2244 nos
1276 2187 1605 2256 indulgentia
1634 2188 1963 2257 contemple-

378 2299 517 2348 mur,
549 2283 643 2338 sed
673 2283 835 2337 etiam
860 2281 1286 2345 consideremus,
1320 2279 1446 2348 quia
1474 2294 1595 2334 cum
1622 2279 1788 2332 nimia
1819 2276 1962 2333 futu-

377 2391 559 2431 rorum
589 2373 926 2446 providentia
958 2373 1011 2427 in
1041 2373 1203 2428 mutis
1238 2371 1524 2442 pecoribus
1552 2370 1831 2435 habeatur,
1863 2385 1963 2425 nec

377 2469 562 2541 utique
591 2483 690 2522 nos
717 2465 974 2521 debemus
994 2464 1272 2536 pmsentis
1291 2464 1416 2517 vita:
1443 2463 1807 2533 voluptatibus
1832 2477 1963 2517 con-

382 2560 683 2627 taminare,
729 2557 825 2612 sed
874 2557 1229 2612 intentionem
1274 2563 1513 2610 nostram
1565 2554 1633 2609 ad
1678 2562 1961 2609 venturum

376 2649 627 2705 satculum
655 2649 949 2704 destinare.
980 2646 1060 2702 Tu
1089 2663 1158 2703 ne
1186 2661 1317 2717 ergo
1349 2648 1512 2702 homo
1543 2663 1661 2702 non
1694 2647 1962 2703 laborabis

378 2743 430 2795 in
461 2742 566 2796 huc
603 2740 826 2808 mundo,
859 2748 915 2795 ut
954 2740 1127 2810 possis
1158 2740 1251 2793 tibi
1281 2739 1515 2794 subsidia
1545 2738 1742 2808 quietis
1771 2738 1962 2793 futurae

377 2846 657 2902 reponere,
687 2848 807 2887 cum
840 2830 863 2869 ίι
891 2831 1075 2886 videas
1103 2831 1386 2886 formicam
1414 2831 1606 2885 hiemis
1641 2846 1958 2894 memorem,

377 2924 575 2977 victum
619 2922 720 2977 sibi
749 2922 986 2977 studiose
1029 2930 1269 2991 tempore
1296 2921 1470 2976 :ctatis
1498 2922 1804 2976 attrahere?
1832 2922 1961 2988 Qua:

377 3032 483 3069 non
517 3016 636 3070 ideo
665 3016 839 3069 minus
867 3015 1091 3083 diligens
1119 3021 1233 3075 est,
1264 3014 1389 3082 quia
1440 3013 1674 3067 nondum
1718 3014 1955 3084 pericula

2065 1839 2271 1886 rorem;
2310 1824 2391 1879 sic
2429 1832 2487 1879 et
2524 1824 2705 1879 animo
2733 1824 2974 1880 naturale
3018 1825 3202 1880 subest
3228 1824 3463 1881 ofﬁcium
3496 1827 3657 1880 noxia

2064 1912 2355 1968 declinare.
2387 1914 2557 1968 Omne
2598 1924 2775 1969 autem
2809 1924 2833 1951 ο
2880 1914 3091 1969 malum»
3112 1914 3333 1969 morbus
3359 1922 3444 1969 est
3471 1914 3658 1978 animi,

2065 2006 2238 2060 virtus
2266 2014 2446 2061 autem
2474 2007 2741 2061 rationem
2773 2007 3020 2062 sanitatis
3049 2014 3321 2078 apportat.
3345 2005 3501 2061 Unde
3522 2008 3662 2062 bene

2064 2097 2282 2166 quidam
2304 2105 2625 2165 statuerunt,
2647 2107 2949 2154 asserentes
2969 2096 3261 2155 sanitatem
3272 2114 3394 2153 esse
3414 2107 3659 2153 motuum

2066 2189 2390 2242 naturalium
2416 2190 2792 2245 constantiam.
2817 2188 2971 2257 Quod
3001 2190 3163 2244 etiam
3193 2190 3246 2244 in
3274 2190 3439 2243 animi
3469 2191 3660 2257 vigore

2064 2279 2364 2352 profitendo
2385 2281 2504 2350 quis
2526 2297 2633 2335 non
2652 2281 2985 2351 iudicabitur.
2998 2283 3216 2337 errare?
3236 2281 3330 2337 Sui
3351 2282 3495 2337 enim
3521 2297 3661 2337 sem-

2065 2388 2164 2442 per
2176 2380 2435 2443 appetens
2455 2380 2535 2427 est
2556 2372 2870 2427 naturaliter
2885 2373 3095 2428 animus
3114 2390 3128 2426 :
3145 2372 3376 2442 ideoque
3389 2373 3658 2427 laudanda
3692 2410 3696 2414 -

2067 2464 2419 2536 prudentibus
2443 2472 2527 2519 est
2547 2465 2783 2529 castitas,
2798 2463 3129 2535 assequenda
3146 2463 3375 2532 justitia,
3396 2463 3654 2519 sectanda

2065 2555 2353 2627 sapientia,
2367 2554 2609 2609 miranda
2626 2553 2900 2610 fortitudo.
2925 2553 3053 2621 Qua:
3069 2571 3158 2610 res
3170 2555 3339 2623 magis
3358 2556 3551 2609 animis
3572 2554 3655 2608 fa-

2065 2647 2301 2703 miliares
2321 2656 2445 2701 sunt
2466 2662 2625 2716 quam
2648 2647 2962 2717 corporibus
2982 2646 3253 2701 valetudo.
3279 2646 3555 2711 Parentes,
3578 2645 3653 2700 di-

2066 2741 2212 2808 ligite
2228 2738 2394 2795 filios:
2416 2738 2531 2807 filii,
2549 2738 2712 2794 nolite
2732 2746 2984 2809 parentes
2998 2753 3320 2811 exasperare
3336 2738 3552 2809 (Ephes.
3574 2754 3644 2800 vt,

2065 2830 2142 2901 4).
2158 2830 2410 2901 Nunquid
2424 2847 2529 2886 non
2544 2831 2648 2886 hoc
2664 2830 2802 2885 idem
2818 2837 3008 2884 natura
3026 2829 3043 2866 τ
3060 2830 3352 2899 praecepit?
3367 2829 3506 2883 Nihil
3521 2843 3646 2897 ergo

2063 2925 2187 2980 novi
2212 2922 2406 2978 Paulus
2435 2923 2696 2987 hortatur,
2728 2920 2823 2976 sed
2849 2921 3094 2991 astringit
3122 2921 3285 2976 altius
3311 2919 3525 2975 vincula
3552 2936 3649 2973 na-

2066 3027 2216 3071 turae.
2244 3015 2408 3086 Cujus
2431 3022 2578 3070 tanta
2598 3015 2676 3069 vis
2696 3023 2779 3069 est
2800 3014 2853 3068 in
2877 3012 3088 3078 allecto,
3113 3020 3171 3067 ut
3191 3014 3353 3068 etiam
3377 3013 3533 3082 lupus
3551 3028 3649 3081 pro

377 3105 652 3174 experitur
691 3104 921 3171 hiberni,
968 3105 1097 3175 quin
1142 3104 1324 3174 potius
1371 3103 1519 3158 omni
1564 3104 1683 3159 nisu
1725 3120 1961 3174 curaque
1989 3105 2035 3167 C
2064 3108 2255 3163 catulis
2282 3108 2393 3163 suis
2429 3114 2649 3178 pugnet.
2681 3105 2818 3173 Quid
2867 3105 3106 3160 dicturus
3133 3104 3430 3169 esthomo,
3460 3107 3552 3174 qui
3591 3114 3648 3159 et

378 3197 619 3268 pervigili
649 3196 857 3250 laborat
879 3204 933 3250 et
967 3203 1241 3264 operatur,
1275 3202 1578 3264 cunctaque
1611 3195 1960 3250 discurrendo

378 3295 668 3358 pertentat,
714 3303 822 3358 quo
866 3287 1036 3357 possit
1074 3285 1397 3342 sufﬁcientia
1445 3287 1661 3341 sibimet
1705 3287 1958 3341 alimenta

380 3379 673 3434 recondere
714 3397 727 3432 :
757 3378 1090 3448 mirabilique
1118 3377 1399 3448 prudentia
1429 3378 1711 3450 prospicit,
1745 3393 1812 3432 ue
1840 3394 1961 3448 spe-

379 3471 489 3527 cies
518 3486 635 3542 quae
677 3470 917 3526 collecta:
960 3478 1085 3526 sunt
1130 3478 1562 3541 corrumpantur.
1611 3470 1771 3525 Secat
1815 3470 1957 3525 enim

377 3566 624 3623 dentibus
644 3577 891 3634 granum,
916 3579 983 3618 ne
1007 3563 1268 3633 incipiens
1290 3563 1595 3632 germinare
1618 3569 1829 3633 pastum
1858 3562 1959 3616 sibi

377 3657 640 3727 prteberet
670 3656 910 3714 inutilem
952 3673 964 3709 :
1008 3670 1193 3711 semen
1223 3669 1441 3725 quoque
1490 3654 1664 3724 ipsum
1710 3654 1753 3708 si
1801 3653 1961 3709 fuerit

378 3750 739 3805 humectatum
770 3761 968 3817 vapore
1001 3757 1022 3783 ε
1056 3745 1281 3811 telluris,
1313 3744 1480 3800 siccat
1527 3745 1580 3799 in
1626 3744 1829 3810 solem;
1861 3760 1961 3799 nec

378 3849 556 3897 tamen
585 3855 799 3910 semper
829 3839 931 3897 hoc
970 3837 1115 3902 facit,
1146 3838 1239 3893 sed
1266 3853 1389 3892 cum
1418 3837 1763 3893 serenitatem
1787 3837 1958 3891 stabi-

378 3932 479 3986 lem
509 3930 624 3986 fore
664 3927 1021 4001 praesenserit.
1075 3927 1315 3999 Denique
1364 3942 1471 3981 non
1513 3925 1719 3981 videbis
1763 3926 1962 3981 imbres

380 4024 550 4080 emitti
579 4023 646 4078 de
674 4023 923 4086 nubibus,
953 4036 1233 4092 quousque
1262 4018 1485 4077 formica
1517 4019 1828 4075 torrendum
1861 4020 1958 4074 sub

376 4116 493 4172 sole
520 4129 704 4171 semen
732 4114 973 4184 exponit.
1021 4112 1152 4184 Quis
1181 4113 1341 4182 igitur
1384 4127 1566 4167 sermo
1604 4111 1961 4183 comprehen-

375 4208 525 4276 dere,
568 4208 689 4276 quis
734 4205 948 4261 auditus
994 4221 1207 4276 capere,
1256 4206 1344 4263 vel
1390 4214 1649 4280 quantum
1703 4205 1961 4276 temporis

375 4298 622 4355 sufﬁcere
649 4300 875 4369 poterit,
924 4299 990 4352 ad
1038 4297 1373 4368 explananda
1419 4304 1613 4352 cuncta
1659 4297 1962 4352 mirabilia?

374 4388 716 4462 Quapropter
762 4399 817 4445 et
865 4406 963 4445 nos
1004 4391 1164 4444 simul
1206 4405 1327 4445 cum
1374 4391 1640 4460 propheta
1668 4389 1911 4446 dicamus
1944 4409 1957 4445 :

2063 3201 2375 3256 mandatum
2415 3200 2638 3270 spernit,
2672 3207 2726 3253 et
2744 3206 2992 3252 naturam
3017 3197 3263 3267 despicit,
3295 3212 3416 3253 cum
3446 3205 3538 3251 aut
3563 3196 3648 3266 ju-

2062 3296 2212 3351 venis
2241 3293 2507 3349 deformat
2551 3291 2756 3359 injuriis
2785 3291 3034 3344 canitiem
3062 3289 3348 3358 genitoris,
3381 3296 3473 3342 aut
3497 3297 3655 3358 pater

2061 3386 2323 3442 secundas
2337 3395 2360 3432 Β
2378 3392 2565 3439 nactus
2588 3383 2803 3454 nuptias
2824 3383 3024 3437 liberos
3038 3398 3105 3438 ex
3123 3381 3452 3451 patrimonio
3469 3382 3647 3451 priore

2061 3479 2379 3534 contristat?
2406 3476 2675 3532 lnl‘ucatus
2694 3483 2777 3531 est
2798 3490 2955 3531 amor
2970 3473 3204 3529 ferarum
3228 3474 3369 3528 inter
3394 3482 3646 3543 parentes

2061 3580 2118 3625 et
2147 3570 2301 3636 ﬁlios,
2338 3568 2593 3640 quoniam
2622 3567 2714 3636 qui
2743 3581 2835 3621 eas
2863 3560 3067 3620 creavit
3093 3564 3236 3620 Deus
3259 3564 3403 3633 quod
3428 3563 3452 3600 ἰ
3474 3565 3647 3618 minus

2062 3662 2165 3717 illis
2186 3662 2236 3715 in
2259 3661 2468 3715 ratione
2487 3658 2751 3730 praestitit,
2770 3672 2959 3712 sensus
2978 3654 3240 3711 beneﬁcio
3260 3658 3642 3726 compensavit.

2062 3753 2142 3808 Ex
2171 3768 2278 3822 quo
2311 3750 2369 3805 ﬁt
2418 3759 2478 3806 ut
2524 3749 2880 3821 praesentibus
2931 3755 3010 3803 tot
3059 3747 3238 3804 ovium
3284 3748 3539 3811 millibus,
3580 3747 3646 3801 de

2060 3846 2282 3900 mandra
2312 3834 2520 3898 laxatus
2549 3856 2719 3912 agnus
2747 3858 2873 3896 mox
2903 3840 3089 3896 matris
3121 3855 3313 3896 vocem
3344 3847 3597 3909 agnoscat
3629 3858 3641 3891 :

2061 3951 2117 3997 et
2136 3941 2201 3996 ad
2223 3955 2344 3995 eam
2373 3946 2557 3995 currat
2583 3937 2879 4001 exsultans,
2910 3935 3190 4004 fontesque
3220 3934 3375 3988 lactis
3396 3933 3640 4004 inquirat;

2061 4030 2215 4100 Quod
2256 4031 2358 4087 etsi
2402 4030 2540 4085 forte
2582 4037 2758 4083 mater
2795 4028 3030 4083 sterilior
3069 4025 3349 4089 habeatur,
3393 4026 3507 4095 ipsa
3535 4025 3642 4079 sola

2061 4129 2352 4181 contentus
2372 4122 2539 4177 ubera
2568 4120 2802 4192 praeterit
2825 4119 3019 4184 aliena,
3042 4117 3286 4188 quamvis
3306 4116 3525 4188 copiosa
3544 4118 3647 4171 sint

2062 4221 2119 4270 et
2136 4214 2354 4269 referta.
2384 4212 2662 4280 Materque
2684 4210 3032 4265 nihilominus
3057 4209 3110 4263 in
3129 4216 3278 4263 tanta
3311 4208 3646 4263 multitudine

2061 4322 2217 4364 suum
2245 4304 2583 4373 recognoscit
2610 4302 2798 4358 fetum.
2830 4300 2896 4354 Et
2923 4308 3070 4355 certe
3098 4315 3203 4355 vox
3232 4315 3340 4354 una
3380 4308 3466 4355 est
3490 4300 3541 4354 in
3569 4298 3646 4354 di-

2062 4399 2252 4465 versis,
2283 4398 2434 4453 color
2460 4411 2599 4451 unus
2617 4404 2673 4450 et
2695 4394 2829 4449 odor
2850 4392 2989 4447 idem
3006 4434 3021 4459 ,
3043 4400 3301 4462 quantum
3325 4406 3427 4447 nos
3462 4391 3644 4446 videli-

377 4483 544 4551 Quam
564 4486 898 4559 magniﬁcam
928 4494 1046 4541 sunt
1076 4502 1232 4557 opera
1269 4496 1375 4553 tua,
1414 4485 1677 4543 Domine!
1708 4490 1885 4542 omnia
1911 4489 1967 4541 in
1994 4479 2046 4541 D
2071 4499 2157 4549 cet
2186 4496 2372 4543 nostro
2403 4501 2688 4557 possumus
2727 4484 2893 4539 odore
2937 4483 3189 4551 colligere
3229 4501 3240 4535 :
3284 4491 3648 4537 verumtamen

445 4764 471 4794 ⁸
503 4756 648 4833 _Editi
677 4768 733 4833 et
758 4758 913 4833 Colb.
934 4760 1175 4833 primus,
1207 4777 1363 4831 quam
1392 4761 1807 4833 irrationabilem
1833 4780 1957 4833 pru-

375 4827 625 4902 dentiaon.
674 4830 825 4884 Alter
850 4827 1038 4902 Colb.,
1061 4827 1309 4902 quantum
1338 4829 1704 4902 rationabilem
1732 4827 1961 4901 pruden-

377 4897 411 4978 ti
432 4911 520 4978 un.
550 4896 711 4978 Vetus
739 4909 922 4956 uoster
942 4896 1116 4978 codex
1138 4918 1292 4978 quam
1320 4918 1423 4955 non
1446 4896 1812 4978 rationabilem
1834 4919 1960 4978 pm-

376 4965 772 5042 rlentiam._lloc
809 4979 925 5033 est,
972 4965 1331 5042 rationabilem
1379 4988 1585 5025 omnem
1627 4965 1959 5042 prndeniiam

376 5045 608 5115 superat:
636 5034 808 5091 Verba
831 5054 949 5106 quae
975 5041 1233 5096 vertenda
1261 5041 1361 5096 sibi
1389 5034 1748 5115 proposuerat
1767 5040 1960 5097 Eusta-

380 5103 551 5169 thius,
594 5103 869 5186 δαῖε-,εμῃί
917 5115 1128 5186 εηπρρκν
1173 5116 1328 5186 cs/t
1347 5103 1549 5186 σῦνξσῖιν
1579 5114 1908 5186 _)-07¢X158_t‘(ﬂ'
1935 5142 1962 5153 ·-

376 5195 683 5299 zpmrouci.
715 5174 913 5228 Ibidem
945 5178 1097 5233 Colb.
1129 5174 1412 5244 secundus,
1445 5174 1745 5236 imminente
1774 5183 1954 5236 hieme.

377 5245 397 5299 Ι
430 5247 530 5299 :tttd
554 5247 719 5299 longe
748 5243 887 5298 idem
918 5247 1106 5299 codex.
1136 5253 1300 5299 nostri
1331 5250 1626 5299 Conditoris
1655 5262 1874 5299 auanm-

377 5243 530 5300 llaud
554 5247 719 5314 longe
748 5243 892 5314 idem
918 5247 1106 5310 codex.
1136 5253 1300 5305 nostri
1331 5243 1626 5305 Conditoris
1655 5262 1874 5306 auanta.

454 5316 478 5355 δ
510 5316 663 5373 Colb.
697 5313 987 5381 secundus,
1019 5333 1133 5371 cum
1154 5322 1359 5374 videris.

461 5398 483 5460 ς
512 5387 665 5442 Colb.
688 5384 971 5460 secundus,
997 5403 1112 5460 rore
1131 5391 1348 5444 telluris.
1370 5390 1655 5460 Aliquanto
1678 5399 1799 5460 post
1822 5391 1959 5446 idem

385 5457 575 5519 codex,
599 5467 783 5512 cttncta
801 5456 1086 5511 miracula?

456 5528 481 5565 ἀ
513 5526 672 5599 Editi,
707 5538 876 5599 tamen
904 5527 1043 5597 apud
1082 5544 1193 5583 nos.
1242 5527 1454 5599 Antiqui
1481 5530 1589 5585 duo
1618 5531 1760 5598 libri,
1790 5542 1959 5585 tamen

381 5607 432 5653 et
450 5598 589 5672 apud
611 5615 724 5653 nos.
751 5597 917 5672 Paulo
937 5609 1058 5672 post
1081 5599 1230 5672 editi,
1254 5597 1506 5672 institutio
1534 5612 1713 5672 movet.
1742 5597 1807 5655 At
1834 5618 1958 5655 mss.

383 5670 570 5736 nostri,
602 5678 789 5725 monet.
823 5668 1041 5727 Nco'itu
1075 5671 1243 5726 muito
1292 5668 1426 5724 infra
1471 5671 1626 5726 Colb.
1673 5673 1956 5733 secundas,

2063 4765 2369 4817 contristare
2397 4762 2542 4818 viden
2551 4773 2651 4817 tur.

2140 4815 2358 4900 siEditi,
2383 4815 2540 4888 ornne
2553 4815 2741 4887 autem
2770 4831 2968 4885 nullum
2995 4829 3224 4892 morbus,
3249 4838 3355 4886 etc.
3391 4830 3462 4885 At
3487 4815 3659 4900 nostin

2065 4913 2174 4959 tres
2216 4898 2366 4967 mss.,
2415 4921 2565 4957 omne
2610 4912 2781 4957 autem
2826 4902 3021 4956 malum
3067 4900 3291 4963 morbus,
3342 4908 3446 4953 etc.
3496 4898 3654 4954 Paulo

2064 4981 2186 5044 post
2213 4972 2365 5027 Colb.
2398 4973 2687 5041 secundus,
2717 4974 2877 5027 virtus
2918 4979 3087 5024 autem
3118 4972 3368 5024 sanitates
3395 4980 3653 5039 apportet.

2142 5043 2160 5080 τ
2195 5042 2349 5097 Colb.
2385 5042 2672 5097 secundus.
2703 5042 2956 5097 m'wcinit.
2990 5039 3142 5094 Nihil
3168 5042 3304 5094 enim
3337 5040 3474 5094 novi.

2144 5053 2155 5080 ι
2195 5053 2349 5097 Colb.
2385 5053 2672 5110 secundus,
2703 5053 2956 5113 promptt.
2990 5053 3141 5094 mnu
3168 5056 3304 5094 enim
3337 5056 3474 5094 novt.

2144 5122 2167 5158 Β
2200 5113 2429 5184 Editiet
2457 5113 2608 5184 (Jolb.
2659 5114 2906 5184 primus,
2932 5112 3185 5166 secundas
3232 5120 3414 5184 uacuis
3459 5111 3656 5164 nativos

2069 5186 2297 5290 nuptias.
2333 5183 2481 5238 Alter
2507 5182 2687 5247 Colb.,
2717 5183 2969 5237 secundas
2999 5191 3183 5234 nactus
3211 5183 3442 5240 nuptias.

2203 5252 2340 5290 Ιῖηὶἰιὶ
2373 5263 2421 5290 nt
2453 5253 2588 5290 ρηΙῆ
2639 5254 2842 5290 nrimnc
2890 5251 3025 5290 nurnd
3047 5253 3218 5290 urinam
3243 5251 3352 5290 ὅπερ
3378 5252 3442 5290 ὄιες

2202 5252 2340 5324 Editi
2373 5263 2427 5324 et
2453 5253 2617 5312 Colb..
2639 5254 2861 5323 primus,
2889 5251 3025 5324 quod
3047 5253 3218 5324 nrinus
3243 5251 3352 5324 illis
3378 5252 3657 5304 irrationa-

2068 5324 2188 5378 bite.
2214 5323 2367 5380 Alter
2387 5323 2542 5378 Colb.
2569 5321 2800 5380 etvetus
2823 5321 3009 5377 noster
3034 5321 3202 5377 codex
3226 5330 3285 5374 ut
3307 5322 3359 5375 in
3381 5328 3654 5385 contextu,

2066 5395 2168 5477 nisi
2192 5395 2334 5477 qugd
2364 5392 2527 5477 Colb.
2548 5410 2648 5477 pro
2673 5394 2811 5477 quod
2838 5393 3035 5477 habeat
3062 5408 3195 5477 quae.
3220 5390 3434 5477 {inopen
3457 5398 3654 5477 τιέξ

2065 5461 2221 5535 λόγῳ
2256 5464 2418 5534 illud
2434 5488 2497 5520 ιν.
2548 5461 2659 5520 Nec
2686 5461 2758 5519 ita
2789 5463 2959 5517 multo
2989 5461 3110 5535 post
3154 5462 3361 5535 antiqui
3402 5461 3510 5516 duo
3541 5461 3655 5535 libri

2067 5531 2302 5599 et'editi,
2334 5531 2545 5604 copiosa
2570 5536 2674 5604 sint
2712 5544 2761 5589 et
2788 5531 3001 5604 refecta;
3044 5532 3194 5587 Alius
3225 5531 3656 5604 cordex,‘copiosa

2069 5606 2172 5657 sint
2199 5614 2247 5659 et
2280 5602 2495 5676 referta.
2529 5603 2689 5659 Haud
2715 5602 2873 5673 longe
2898 5603 3056 5676 editi,
3078 5611 3271 5676 quanta
3314 5602 3563 5659 videlicet.
3589 5602 3655 5656 At

2067 5676 2216 5730 Colb.
2252 5673 2536 5739 secundus,
2570 5684 2819 5747 quantum
2853 5690 2945 5728 nos
2975 5673 3228 5728 rideliret.
