3964 6198
340 360 434 424 96]

1261 351 1690 447 _'usx.\EuEut
1735 352 2214 419 itETAPI‘tnASIS
2256 357 2453 418 LIBER
2494 363 2579 417 lx.

2936 284 3033 295 A‘n'

3492 362 3599 422 96‘.

339 490 421 535 est
450 482 555 536 illis
595 480 804 535 acutior
833 468 1135 534 intellectus
1178 482 1199 512 ἰ
1238 478 1309 530 ab
1353 478 1567 531 homine
1593 495 1603 528 :
1633 491 1731 546 per
1759 491 1917 544 quem
1948 478 1993 535 Λ
2024 477 2189 529 leaena
2215 475 2271 528 fit
2294 486 2496 531 mater:
2521 476 2783 544 unguibus
2804 476 2946 530 enim
2968 475 3092 529 dum
3118 483 3367 540 nascitur,
3396 474 3601 531 vulvam

338 573 533 639 cuique
562 572 796 641 suppetit
824 571 1026 639 agnitio
1057 570 1414 639 propriorum.
1454 566 1687 621 Necdum
1718 566 1920 621 scilicet

337 663 734 718 catulodentes
774 662 988 717 formati
1016 672 1158 724 sunt,
1192 669 1245 715 et
1275 668 1451 713 tamen
1483 658 1797 713 infestantes
1824 673 1919 712 c0-

339 763 498 808 natur
526 769 623 809 ore
648 753 930 822 repellere.
974 752 1217 808 Nondum
1258 750 1422 805 vitulo
1452 764 1652 804 cornua
1674 762 1924 802 surrexe—

340 852 483 912 runt,
515 855 572 899 et
610 844 757 899 novit
775 843 885 913 jam
921 843 973 896 in
999 857 1105 911 qua
1136 850 1285 911 parte
1312 842 1488 894 futura
1512 838 1612 893 sibi
1639 839 1746 892 sint
1773 849 1921 890 arma

340 933 633 1006 pugnandi.
665 932 791 988 Hice
834 933 994 1000 igitur
1040 931 1294 986 indicium
1342 930 1495 985 nobis
1522 926 1753 994 faciunt,
1797 927 1920 997 quia

341 1025 599 1081 naturalis
625 1024 905 1095 prudentia
928 1023 1185 1079 doctrinm:
1214 1022 1501 1076 traditione
1525 1036 1632 1076 non
1662 1021 1846 1082 utitur,
1870 1028 1925 1073 et

343 1117 471 1186 quia
502 1116 635 1170 nihil
678 1110 1042 1169 inordinatum
1062 1151 1077 1177 ,
1120 1114 1205 1168 vel
1236 1113 1588 1183 improvidum
1618 1112 1845 1166 habetur
1871 1111 1924 1163 in

345 1206 509 1260 rebus
536 1222 548 1258 :
573 1204 669 1260 sed
688 1205 867 1259 omnia
890 1202 1246 1259 certissimum
1267 1204 1538 1273 specimen
1562 1202 1614 1256 in
1637 1217 1694 1257 se
1714 1202 1928 1271 sapien—

344 1297 431 1350 tia:
469 1294 778 1351 Conditoris
823 1304 1116 1362 ostentant,
1147 1295 1239 1365 qui
1277 1297 1353 1351 sic
1382 1295 1668 1350 instructas
1696 1295 1929 1365 pecudes

337 1388 411 1443 ad
434 1388 803 1444 defensionem
826 1389 1058 1458 propriae
1086 1389 1274 1443 salutis
1303 1387 1550 1443 instituit.
1576 1386 1782 1457 Expers
1805 1388 1927 1456 qui-

336 1479 466 1535 dem
487 1480 712 1534 rationis
732 1486 815 1532 est
837 1480 1005 1543 canis,
1037 1478 1130 1533 sed
1150 1479 1568 1548 :cquiparantem
1590 1478 1785 1532 rationi
1806 1493 1928 1533 sen-

344 1584 466 1624 sum
494 1570 730 1625 creditur
755 1569 1053 1641 possidere.
1080 1568 1212 1623 Nam
1242 1584 1306 1622 ea
1339 1583 1457 1638 qua:
1486 1584 1583 1638 per
1609 1570 1777 1623 otium
1806 1569 1929 1624 viL'e

338 1658 564 1729 longum
592 1660 808 1730 quidam
848 1660 1094 1715 sedentes
1119 1659 1211 1713 vix
1239 1659 1479 1714 invenire
1523 1668 1834 1729 potuerunt,
1876 1660 1928 1714 id

346 1758 428 1803 est
457 1750 760 1820 philosophi
790 1749 1104 1817 smeulares,
1148 1748 1574 1819 syllogismorum
1601 1748 1722 1803 dico
1751 1748 1926 1803 tendi-

2020 565 2293 633 genitricis
2339 567 2632 630 exulcerat,
2663 567 2803 622 sicut
2830 565 3013 635 vipera
3040 580 3158 634 quae
3184 580 3288 617 non
3319 564 3475 619 aliter
3503 563 3607 622 nisi

2021 658 2207 711 matris
2227 673 2393 712 exeso
2413 659 2793 729 discerptoque
2817 667 3004 712 ventre
3026 657 3286 727 procedit,
3312 672 3605 722 congruam

2021 746 2267 800 creatrici
2289 747 2593 802 mercedem
2616 764 2712 817 pro
2738 747 2828 802 tali
2851 757 3007 817 partu
3032 748 3351 816 rependens.
3375 747 3451 801 Ita
3476 746 3605 802 nihil

2022 836 2075 888 iu
2097 836 2257 890 rebus
2277 836 2521 891 humanis
2548 838 2775 892 habetur
2794 838 3151 909 improvidum
3176 856 3190 891 :
3221 854 3319 893 nec
3349 839 3453 892 ulla
3484 838 3607 893 dili-

2023 929 2217 996 gentia:
2247 928 2350 983 sibi
2377 931 2734 1000 competentis
2762 931 3070 985 immunitas
3098 938 3197 986 est.
3230 929 3384 996 Quod
3412 930 3453 983 si
3494 940 3606 984 stu-

2022 1018 2228 1075 diosius
2257 1020 2371 1090 ipsa
2409 1018 2425 1056 τ
2460 1036 2713 1091 pecorum
2742 1022 2983 1076 membra
3010 1022 3339 1084 discusseris,
3368 1022 3605 1075 invenies

2024 1111 2153 1166 nihil
2180 1112 2283 1167 illis
2305 1111 2631 1183 superﬂuum
2660 1112 2867 1167 dedisse
2882 1110 3248 1177 Conditorem,
3267 1112 3396 1165 nihil
3420 1127 3606 1165 neces»

2025 1203 2226 1257 sarium
2251 1204 2564 1273 denegasse.
2598 1204 2797 1259 Belluis
2822 1211 3054 1273 namque
3080 1204 3397 1259 carnisumis
3424 1213 3607 1257 acutos

2025 1292 2214 1349 dentes
2242 1297 2520 1365 apposuit,
2552 1296 2805 1366 quoniam
2848 1296 3043 1350 talibus
3071 1310 3206 1363 opus
3240 1304 3357 1349 erat
3387 1293 3450 1346 ad
3488 1308 3610 1362 spec

2025 1385 2161 1441 ciem
2190 1386 2456 1441 alimonia:
2479 1386 2754 1456 praefinitas
2786 1386 3115 1442 ministeriis.
3146 1384 3237 1442 Eis
3266 1402 3392 1440 vero
3419 1387 3611 1454 quibus

2027 1491 2094 1530 ex
2133 1491 2239 1531 una
2267 1485 2422 1545 parte
2450 1476 2637 1532 dentes
2665 1477 2927 1544 instituit,
2971 1477 3321 1546 plurimorum
3370 1486 3612 1545 rece,ta-

2027 1569 2147 1623 cula
2178 1569 2493 1638 pabulorum
2520 1569 2697 1624 inesse
2725 1568 3024 1637 disposuit,
3067 1575 3126 1622 ut
3152 1582 3277 1638 pars
3303 1583 3337 1636 q
3375 1582 3421 1621 ω
3464 1569 3613 1637 prior

2028 1666 2301 1728 assumpta
2325 1657 2496 1713 estde
2516 1658 2816 1720 stomacho,
2840 1658 3018 1713 denuo
3038 1658 3289 1713 decurrat
3309 1658 3374 1711 ad
3396 1658 3605 1718 dentes,

2028 1762 2136 1816 quo
2164 1745 2374 1802 facilius
2393 1764 2512 1803 eam
2534 1749 2701 1818 possit
2732 1748 3050 1802 ruminando
3076 1756 3359 1803 conterere
3375 1788 3389 1812 ,
3415 1764 3479 1802 ac
3498 1748 3614 1802 sine

336 1840 493 1894 culas
521 1837 781 1895 beneﬁcio
810 1839 1040 1893 naturali
1067 1840 1215 1894 canis
1242 1845 1562 1894 consecutus
1608 1839 1865 1895 asseritur
1910 1862 1924 1894 ς
1963 1829 2006 1888 Β
2031 1837 2215 1893 labore
2243 1838 2508 1906 digerere.
2537 1837 2723 1907 Neque
2748 1837 2892 1892 enim
2934 1847 2960 1884 8
2989 1838 3106 1893 sine
3132 1852 3293 1892 causa
3333 1838 3613 1907 gurgulio-

350 1934 374 1970 δ
402 1932 527 2002 quia
573 1933 796 2000 vestigia
840 1930 1072 1987 ferarum
1106 1932 1384 2001 sagaciter
1425 1931 1761 2001 indaganda,
1803 1945 1927 1987 cum

342 2024 542 2078 viderit
564 2023 929 2093 multipliciter
952 2023 1231 2077 intereisas
1252 2023 1492 2085 semitas,
1522 2036 1710 2075 omnes
1731 2021 1931 2077 discur-

339 2114 494 2168 sibus
524 2113 897 2181 interrumpit,
934 2124 955 2150 ε
989 2127 1176 2167 vocem
1220 2120 1424 2166 tantum
1455 2111 1791 2163 articulatam
1820 2127 1929 2165 non

346 2204 602 2258 emittens
626 2221 637 2256 :
665 2219 788 2257 nam
818 2217 915 2272 per
942 2217 1004 2254 ea
1032 2216 1151 2270 qua:
1174 2201 1283 2269 agit
1310 2201 1509 2255 indicat
1536 2200 1798 2269 profecto,
1821 2216 1930 2269 quo

339 2294 536 2348 bestia:
562 2308 681 2361 qum
710 2292 1003 2347 lustrantur
1028 2292 1276 2347 abierint.
1301 2290 1410 2347 Nec
1439 2292 1586 2347 illum
1622 2292 1931 2361 relinquens

344 2383 749 2452 inexploratum
775 2383 973 2448 locum,
1007 2382 1097 2437 ubi
1125 2382 1358 2452 suspicio
1388 2382 1531 2437 nulla
1578 2382 1785 2451 vestigii
1827 2391 1927 2448 est,

352 2473 524 2528 donec
551 2474 797 2527 omnibus
826 2473 991 2529 odore
1018 2474 1262 2544 repetitis
1290 2474 1675 2543 explicatisque
1705 2474 1933 2529 fallenti.

348 2565 452 2620 bus
481 2566 598 2630 viis,
632 2563 657 2601 ἀ
689 2565 863 2619 cubile
893 2567 1145 2635 reperiet.
1196 2564 1334 2631 Quid
1381 2566 1608 2635 amplius
1636 2567 1689 2620 hi
1730 2564 1933 2620 faciunt

346 2656 405 2709 in
446 2654 917 2725 descriptionibus,
966 2656 1059 2724 qui
1106 2656 1280 2711 otiose
1326 2654 1607 2720 sedentes,
1654 2656 1931 2725 pulverem

350 2749 491 2820 stylo
521 2750 755 2818 signant,
788 2759 842 2803 et
861 2764 929 2802 ex
954 2749 1122 2803 tribus
1148 2748 1604 2819 propositionibus
1626 2749 1760 2803 duas
1785 2747 1933 2803 aufe-

350 2847 494 2903 runt,
529 2841 580 2893 in
622 2839 711 2893 illa
736 2848 913 2893 autem
942 2853 1060 2908 qua:
1086 2841 1291 2907 reliqua
1319 2847 1403 2894 est
1429 2840 1706 2894 inveniunt
1729 2841 1931 2895 verita-

351 2929 493 2983 tem?
518 2927 775 2983 Memoria
797 2928 957 2996 igitur
983 2929 1132 2982 canis
1160 2942 1286 2996 erga
1312 2928 1603 2997 depensum
1638 2928 1739 2983 sibi
1764 2928 1934 2984 bene-

350 3018 549 3082 licium,
572 3033 732 3088 quem
756 3034 861 3074 non
892 3019 1155 3088 ingratum
1183 3019 1454 3074 hominem
1478 3034 1576 3074 suo
1599 3018 1932 3076 benefactori

353 3108 558 3178 pudore
585 3108 882 3175 confundit,
915 3124 1038 3164 cum
1084 3109 1245 3164 etiam
1285 3108 1515 3164 dominis
1544 3109 1837 3165 interfectis
1874 3110 1929 3165 in

348 3199 472 3255 loco
517 3200 750 3265 deserto,
799 3202 951 3255 multi
990 3216 1153 3256 canes
1193 3201 1571 3256 observatione
1618 3201 1927 3269 longissima

351 3289 704 3346 defecerunt?
734 3290 835 3343 Alii
859 3291 1152 3359 peremptis
1173 3290 1405 3344 dominis
1429 3289 1632 3345 indices
1656 3290 1928 3345 homicidii

352 3376 587 3445 fuerunt,
609 3394 837 3448 reosque
864 3387 1261 3449 prmsentavere
1275 3379 1508 3449 judiciis,
1534 3380 1927 3436 accusationem

352 3467 551 3522 latratu
576 3478 911 3539 peragentes.
945 3467 1083 3536 Quid
1107 3468 1268 3536 igitur
1290 3470 1483 3523 dicturi
1507 3476 1632 3524 sunt
1658 3469 1749 3538 qui
1778 3485 1929 3526 crea-

350 3564 523 3611 torem
549 3566 925 3628 pastoremque
953 3573 1108 3613 suum
1138 3557 1306 3613 Deum
1335 3572 1441 3612 non
1473 3557 1634 3613 modo
1664 3576 1770 3614 non
1801 3559 1927 3614 dili-

350 3652 506 3717 gunt,
535 3646 629 3702 sed
655 3648 817 3701 etiam
845 3646 1137 3702 maledicos
1165 3646 1281 3717 ejus
1309 3647 1510 3703 habent
1537 3650 1759 3717 amicos,
1790 3660 1845 3707 et
1872 3653 1929 3711 in

351 3737 540 3792 eadem
565 3754 687 3792 cum
712 3738 815 3795 illis
839 3738 996 3792 simul
1016 3739 1263 3793 cibantur
1282 3756 1486 3806 mensa,
1515 3741 1928 3816 largitoremque

351 3828 628 3897 epularum
650 3818 925 3900 sacrilegis
945 3830 1376 3900 blasphemorum
1398 3835 1734 3891 sermonibus
1750 3845 1772 3874 ⁸
1796 3837 1929 3894 lace-

350 3921 459 3975 rari
486 3921 797 3990 patiuntur?

420 4010 475 4065 5.
507 4011 614 4067 Sed
640 4028 783 4068 nunc
810 4013 876 4068 ad
899 4021 1160 4069 creatura:
1188 4016 1697 4086 contemplationem
1731 4019 1925 4075 redea-

350 4116 488 4157 mus.
529 4101 657 4156 Ideo
701 4102 905 4157 scilicet
946 4094 1322 4161 imbecilliores
1365 4106 1549 4162 bestia:
1591 4106 1927 4168 fecundiores

346 4198 493 4254 sunt,
524 4190 574 4245 id
603 4198 687 4246 est
715 4192 926 4263 lepores
948 4201 1003 4248 et
1029 4193 1218 4261 dama:,
1252 4210 1486 4265 ovesque
1514 4198 1784 4257 silvestres
1815 4219 1828 4255 :
1867 4213 1928 4257 ut

350 4294 459 4334 non
490 4280 646 4335 facile
675 4280 948 4336 deleretur
974 4298 1145 4353 genus
1171 4299 1377 4350 earum,
1409 4300 1439 4339 a
1467 4286 1805 4345 carnificibus
1827 4306 1927 4347 ex-

347 4384 572 4439 pensum
601 4368 747 4425 feris.
778 4368 870 4425 Ha:
897 4382 1077 4428 autem
1105 4388 1224 4442 qua:
1251 4373 1616 4431 devoratrices
1641 4388 1766 4435 sunt
1793 4382 1926 4437 alia-

345 4475 484 4524 rum,
515 4459 807 4518 steriliores
851 4461 1134 4518 habentur.
1190 4461 1323 4517 Nam
1369 4463 1600 4535 denique
1644 4467 1785 4524 leoni
1833 4473 1921 4527 vix

2029 1943 2176 1996 nem,
2214 1928 2659 1996 stomachumque
2687 1928 2849 1983 certis
2877 1927 3199 1981 animalibus
3225 1926 3391 1990 dedit,
3429 1935 3615 1996 utpote

2032 2017 2367 2074 necessarios
2402 2033 2529 2072 usus
2557 2017 2906 2087 pra:bentem.
2937 2015 3187 2071 Camelus
3224 2016 3384 2083 igitur
3411 2016 3613 2071 idcirco

2030 2112 2246 2178 longum
2276 2119 2459 2178 guttur
2487 2110 2649 2164 habet
2685 2128 2699 2163 :
2733 2118 2792 2163 ut
2818 2119 3152 2179 comquatum
3182 2110 3426 2178 pedibus,
3460 2107 3614 2163 facile

2030 2216 2209 2256 eseam
2236 2214 2396 2269 quam
2417 2201 2606 2270 qumrit
2627 2200 2934 2268 attingeret.
2959 2198 3143 2253 Brevis
3166 2207 3345 2254 autem
3362 2200 3615 2253 humeris-

2029 2307 2135 2362 que
2166 2307 2451 2362 suppressa
2493 2294 2673 2348 cervix
2696 2307 2942 2347 ursorum
2984 2300 3084 2358 est,
3109 2292 3341 2360 itemque
3365 2292 3537 2346 leonis
3561 2299 3615 2347 et

2032 2383 2272 2456 tygridis,
2288 2392 2343 2439 et
2363 2384 2612 2438 similium
2629 2384 2881 2443 ferarum.
2899 2383 3093 2451 quibus
3114 2383 3341 2437 herbosa
3363 2398 3467 2436 non
3490 2390 3615 2437 sunt

2031 2475 2306 2542 alimenta,
2323 2491 2424 2545 nec
2442 2475 2643 2531 habent
2663 2475 2895 2545 aliquam
2918 2477 3293 2529 necessitatem
3319 2474 3609 2530 inclinandi

2031 2582 2092 2624 se
2118 2568 2186 2622 ad
2212 2544 2449 2622 terram:
2477 2569 2678 2638 quippe
2701 2544 2820 2636 qua:
2849 2583 3013 2622 carne
3043 2576 3348 2622 vescuntur.
3381 2567 3517 2633 Quid
3542 2569 3610 2623 de

2030 2658 2372 2728 promuscide
2398 2658 2672 2727 elephanti
2699 2658 2959 2723 dicamus,
2989 2658 3078 2726 qui
3128 2673 3249 2711 cum
3279 2658 3516 2711 omnium
3545 2658 3615 2711 ait

2030 2750 2296 2805 maximus
2319 2749 2642 2815 belluarum,
2672 2749 3071 2819 visentibusque
3098 2749 3366 2812 terribilis,
3401 2764 3496 2818 par
3519 2748 3615 2803 fuit

2030 2849 2091 2896 ut
2124 2842 2381 2896 membris
2407 2841 2729 2895 immanibus
2756 2840 3113 2895 formaretur?
3143 2840 3381 2908 Quorum
3411 2841 3617 2909 magni-

2031 2932 2202 2988 tudini
2229 2933 2274 2987 si
2302 2933 2484 2987 cervix
2519 2931 2710 2987 fuisset
2729 2932 3090 3001 :equiparans,
3122 2932 3410 2988 immobilis
3447 2931 3616 2986 habe-

2029 3030 2197 3087 retur,
2229 3021 2465 3091 pondere
2490 3022 2606 3093 ipso
2633 3022 2884 3077 deorsum
2921 3029 3194 3077 curvatus.
3242 3020 3394 3075 Nunc
3433 3028 3613 3075 autem

2030 3115 2218 3183 paucis
2245 3114 2457 3169 ossibus
2486 3114 2727 3187 cervices
2763 3121 2819 3167 et
2844 3122 3006 3183 caput
3032 3114 3287 3167 innexum
3328 3114 3493 3182 spina:
3525 3129 3615 3169 ρος

2032 3203 2216 3269 hzeret,
2247 3203 2517 3273 habetque
2546 3204 2944 3273 promuscidem
2971 3205 3329 3260 ministerium
3355 3206 3455 3260 sibi
3482 3208 3609 3261 colli

2031 3295 2286 3363 longioris
2307 3295 2631 3364 explentem,
2658 3310 2777 3364 qua:
2798 3305 3008 3365 pastum
3036 3294 3063 3332 ἰ
3089 3297 3318 3365 percipit
3344 3306 3398 3351 et
3419 3313 3613 3371 aquam

2030 3385 2214 3439 trahit.
2241 3383 2516 3456 Pedesque
2548 3385 2664 3454 ejus
2694 3386 2852 3439 nullis
2879 3386 3245 3453 geniculorum
3277 3388 3613 3455 coniungun-

2030 3484 2116 3532 tur
2142 3476 2402 3539 articulis,
2435 3484 2494 3531 ut
2520 3486 2771 3545 tanquam
2800 3478 3062 3532 columna:
3095 3477 3336 3549 qumdam
3379 3481 3613 3546 gravita-

2031 3575 2137 3623 tem
2164 3568 2454 3638 superjecti
2482 3567 2736 3638 ponderis
2762 3567 3158 3622 subvectarem.
3205 3567 3261 3622 Si
3306 3569 3446 3622 enim
3486 3584 3609 3637 gra-

2029 3658 2151 3713 cilia
2202 3659 2556 3728 nutantiaque
2605 3657 2722 3726 ejus
2768 3658 2995 3714 fuissent
3039 3675 3193 3713 crura
3219 3701 3232 3723 ,
3277 3661 3395 3715 sine
3445 3660 3609 3717 dubio

2026 3746 2318 3816 ejectiones
2359 3748 2729 3817 iuncturarum
2778 3756 3056 3818 pateretur
3098 3749 3369 3812 assiduas,
3421 3760 3609 3820 utpote

2029 3851 2138 3890 non
2157 3834 2537 3893 sufficientium
2575 3838 2773 3892 molem
2800 3847 3003 3893 tantam
3027 3840 3327 3905 sublevare,
3353 3858 3473 3896 cum
3502 3858 3610 3898 sur~

2026 3936 2197 3997 geret.
2225 3928 2409 3997 Itaque
2434 3928 2585 3984 vides
2604 3930 2877 3999 quomodo
2899 3932 3042 3985 velut
3062 3931 3303 3999 quaedam
3329 3947 3606 4003 corporea:

2029 4027 2202 4075 turres
2224 4019 2354 4074 belli
2383 4029 2628 4090 tempore
2656 4022 2902 4076 locantur
2922 4030 3046 4076 ante
3068 4023 3259 4084 aciem,
3286 4024 3369 4077 vel
3394 4033 3605 4079 monte;

2027 4110 2248 4165 animati
2299 4119 2664 4180 opponuntur,
2706 4111 2938 4167 hostium
2994 4113 3323 4167 munimenta
3378 4114 3602 4183 rupturi.

2026 4198 2264 4267 Quorum
2311 4200 2356 4254 si
2408 4200 2762 4271 magnitudini
2813 4200 3120 4255 fundamina
3168 4216 3444 4270 gressuum
3497 4221 3605 4259 non

2025 4290 2353 4345 haberentur
2387 4290 2644 4358 mqualia,
2674 4291 2986 4345 nullatenus
3033 4299 3182 4345 tanta
3232 4294 3608 4350 memhmsitas

2024 4389 2349 4451 portaretur.
2398 4380 2590 4436 Fertur
2642 4388 2655 4419 ι
2713 4390 2892 4437 autem
2939 4384 3285 4453 elephantum
3338 4392 3609 4440 trecentos

2025 4487 2197 4527 annos
2225 4479 2280 4526 et
2309 4472 2538 4542 amplius
2565 4473 2778 4538 vivere,
2806 4473 3213 4542 ministerioque
3255 4475 3607 4545 promuscidis

418 4713 443 4739 ι
473 4701 687 4784 Antiqui
714 4703 821 4756 duo
852 4701 971 4755 libri
996 4710 1053 4756 et
1072 4701 1222 4768 editi,
1245 4701 1308 4784 ab
1330 4705 1552 4769 homine,
1581 4705 1685 4761 hoc
1708 4715 1792 4762 est
1812 4725 1920 4779 pne
1947 4716 1998 4776 Ι)
2024 4712 2170 4767 (iani.
2202 4711 2486 4781 Aliquanto
2525 4721 2645 4781 post
2668 4712 2822 4768 Colb.
2850 4715 3132 4776 secundus,
3231 4732 3260 4768 o
3299 4715 3461 4770 bestia
3489 4735 3603 4789 qua:

418 4790 576 4835 mine,
610 4779 685 4824 uti
717 4771 874 4836 paulo
903 4782 1027 4826 ante
1056 4772 1323 4826 admonui.
1352 4772 1505 4828 Colb.
1536 4775 1817 4836 secundus,
1851 4780 1919 4832 ad
2022 4781 2273 4835 lustratur
2307 4781 2511 4836 abierit.
2538 4780 2739 4836 Graece.
2784 4787 2841 4836 τὸ
2867 4787 3051 4836 θηρίον.
3080 4732 3279 4836 lbiiiielm
3320 4786 3472 4836 editi-
3511 4804 3603 4836 me

3157 4801 3223 4840 ne

344 4775 576 4835 homine,
610 4773 685 4824 uti
717 4771 874 4840 paulo
903 4782 1027 4826 ante
1056 4772 1323 4826 admonui.
1352 4772 1505 4828 Colb.
1536 4771 1822 4840 secundus,
1851 4780 1919 4832 ad

343 4843 626 4916 hominem.
645 4840 751 4894 Sed
772 4841 1003 4916 arbitror
1024 4841 1095 4916 ita
1119 4842 1464 4916 emendatum
1486 4859 1605 4916 esse
1625 4860 1656 4898 a
1680 4845 1918 4916 librario,

341 4920 438 5036 iiut
465 4913 536 5033 at:
560 4912 665 4964 alio
708 4910 915 4979 quovis,
963 4912 1054 4979 qui
1100 4913 1206 4965 vim
1254 4912 1456 4967 vocula:
1501 4912 1566 4966 ab
1608 4930 1715 4969 non
1761 4910 1918 4971 intel-l

364 4996 511 5036 urere
542 5022 556 5036 .

364 4996 658 5120 lgfréiidex
688 5065 840 5114 unus,
869 5050 954 5120 qui
976 5050 1206 5119 uestigia.

415 5132 437 5157 ο
470 5118 626 5181 Editi,
658 5135 828 5173 uocem
858 5118 1055 5172 tantum
1090 5118 1405 5173 articulatim
1432 5137 1533 5175 non
1560 5126 1813 5180 mittens.
1846 5128 1916 5183 At

2022 4780 2511 4858 lustraturhbierit.
2528 4780 2739 4843 ’Grrcee,
2784 4787 2847 4858 eo
2867 4787 3051 4858 θηρίον.
3080 4784 3153 4840 lbi

2021 4851 2201 4906 ullum.
2235 4850 2377 4905 Libri
2409 4862 2635 4914 veteres,
2674 4868 2766 4904 nec
2789 4850 2955 4907 illuni.

2095 4918 2118 4957 ἀ
2153 4922 2291 4974 Editi
2315 4928 2370 4974 et
2387 4921 2494 4975 duo
2517 4937 2669 4985 mss.,
2697 4921 2859 4991 cubile
2882 4925 3120 4991 reperiat.
3146 4923 3217 4978 At
3234 4924 3388 4981 Colb.
3412 4942 3600 4982 secun-

2021 4988 2368 5064 dus.»civilem
2409 4992 2652 5064 reperiat.
2702 4989 2833 5045 Utra
2864 4988 3022 5048 lectio
3061 4997 3233 5064 inagis
3260 4998 3500 5064 eligenda
3530 5000 3601 5051 sit

2023 5062 2234 5115 nescio:
2260 5062 2349 5114 sed
2373 5062 2539 5128 probe
2560 5062 2672 5115 scio
2696 5070 2938 5115 neutram
2960 5065 3023 5117 ad
3046 5062 3287 5120 Graecam
3311 5062 3598 5127 dictionem

2019 5130 2415 5205 accommodari
2447 5131 2553 5205 ullo
2595 5130 2756 5205 modo
2798 5147 2973 5200 posse,
3020 5150 3140 5188 cum
3170 5137 3311 5205 apud
3342 5135 3596 5190 Basilium

3229 4803 3279 4839 m
3320 4786 3472 4855 editi,
3501 4786 3603 4842 me

338 5188 807 5276 llolb.‘s‘ccundus,
838 5198 1266 5276 racemcaumum
1294 5191 1620 5276 articulatam
1643 5212 1744 5276 non
1767 5199 1916 5251 emit—
2015 5200 2281 5276 scriptum
2299 5200 2385 5276 sit,
2419 5204 2639 5276 εὑρίσκῃ
2668 5202 2724 5276 rvi
2753 5188 3147 5276 acinorum».
3176 5188 3381 5276 ripest.

343 5258 1138 5334 rana.sditionebo_pra:teriens,
1153 5258 1318 5334 videri
1335 5260 1601 5315 librarium
1619 5272 1673 5317 et
1687 5265 1772 5319 hie
1787 5282 1919 5334 quo-

341 5330 786 5404 que_aliteratque
798 5329 849 5381 in
870 5329 978 5404 suis
988 5329 1382 5404 exemplaribus
1395 5341 1666 5399 repererat
1681 5329 1919 5404 scripsis-

340 5397 424 5455 se.
446 5398 612 5453 Vetus
640 5409 825 5452 noster
842 5398 1009 5452 codex
1029 5407 1085 5451 et
1103 5397 1256 5467 Colb.
1280 5397 1504 5467 primus,
1525 5416 1696 5456 vocem
1716 5397 1912 5460 tantum

341 5469 672 5541 articulatim:
703 5484 806 5524 non
833 5468 1087 5522 emittens.
1117 5465 1383 5541 Suspicor,
1396 5465 1669 5541 scripsisse
1699 5474 1911 5541 quidem

340 5538 701 5609 Eustathium,
733 5553 905 5594 vocem
932 5545 1129 5609 tantum
1148 5553 1251 5609 non
1284 5539 1614 5609 articulatam
1637 5538 1908 5609 emittens;

338 5606 438 5683 sed
449 5625 573 5683 μοι)
601 5616 885 5683 propterea
914 5608 1021 5664 vim
1049 5608 1333 5683 verborum
1360 5606 1667 5683 (ii-meorum
1695 5606 1912 5683 expres-

337 5680 429 5733 sit.
447 5676 775 5750 Santrautem
793 5677 927 5741 hinc,
944 5682 1216 5749 μονονουχὶ
1230 5684 1320 5737 τήν
1340 5680 1718 5750 collyria-tuin
1731 5676 1912 5750 φὶινήν,

337 5758 473 5816 etc...
499 5749 732 5804 emittens
757 5763 928 5803 vocent
946 5747 1277 5802 tuumnon
1304 5747 1601 5819 adjuuc'taai
1635 5747 1915 5807 ratiocinii;

2016 5616 2166 5680 editi,
2197 5634 2264 5688 po

2014 5694 2291 5741 certarent.

2092 5279 2115 5350 ς
2330 5268 2574 5350 lacerare.
2603 5270 2817 5350 Antiqui
2839 5273 2944 5350 duo
2972 5275 3112 5341 libri,
3142 5268 3380 5350 lacerari.

2094 5336 2115 5419 ξ
2144 5336 2317 5419 Εμίιρ,
2338 5339 2422 5419 ,ίια
2462 5336 2838 5419 μεσογαίᾳἶ
2875 5343 2982 5397 duo
3010 5336 3162 5419 mss.,
3192 5348 3593 5419 ipsgpccorunt.

2049 5415 2115 5531 Ob“
2144 5406 2276 5461 lllud
2305 5409 2417 5460 sine
2444 5406 2602 5463 eausa
2629 5409 2926 5468 addidimus
2944 5428 3012 5469 ex
3032 5406 3239 5469 duobus
3270 5406 3417 5468 libris
3445 5422 3596 5469 vete-

2049 5494 2062 5531 ι
2105 5494 2186 5531 us.

2019 5492 2307 5630 ηδ’ῗῖέάίιίο
2326 5546 2743 5630 parcere-Pilia
2763 5551 2987 5630 εηιίςιυεν
3013 5552 3248 5630 Pariet-
3282 5551 3446 5609 Ρπυ¹ο
3472 5562 3597 5630 Im.“

2266 5563 2743 5671 wercepuntnnn
2763 5563 2987 5619 antiqui,
3013 5563 3248 5631 percipit.
3283 5563 3446 5609 Paulo
3472 5563 3594 5626 post

2369 5632 2442 5672 ns
2468 5618 2829 5688 subnotarent.
2859 5620 2928 5676 At
2954 5630 3123 5675 nostri
3155 5631 3261 5685 tres
3286 5639 3438 5687 mss.,
3470 5623 3594 5678 sub-

2097 5758 2107 5792 ί
2144 5755 2294 5811 Colb.
2326 5756 2613 5825 secundus,
2646 5761 2815 5831 [enim
2841 5765 3027 5814 mrtem
