3964 6198
360 379 464 440 965

1433 358 1794 420 EUSTATIHI
1831 358 2228 417 llEXAElIERl
2268 358 2473 416 LIBER
2508 358 2598 416 ιχ.

3549 349 3645 406 of".

361 496 537 552 cibum
567 491 803 561 sibimet,
836 499 893 545 ut
921 488 1170 553 diximus,
1197 486 1514 551 admovere;
1540 486 1630 554 qui
1661 490 1808 540 velut
1838 498 1953 538 ser-
1983 486 2023 543 Α
2054 482 2180 538 lieta
2211 484 2601 554 contemplans,
2633 483 2837 538 tardior
2865 491 2948 537 est
2975 495 3096 552 erga
3123 497 3348 538 suorum
3380 482 3651 550 cognitio-

363 603 498 659 pens
524 586 738 655 quidam
769 586 1019 640 sinuosos
1049 589 1104 636 et
1144 581 1407 644 lubricus,
1459 579 1566 633 huc
1611 585 1777 645 atque
1826 576 1952 631 illuc

365 680 612 734 flectitur.
646 678 722 731 lta
747 690 907 731 verus
940 683 1022 729 est
1049 690 1226 729 sermo
1249 673 1342 743 qui
1375 671 1565 726 asserit
1598 669 1729 722 nihil
1758 668 1952 729 minus,

367 771 497 825 nihil
525 767 849 839 superfluum
880 767 932 820 in
967 775 992 802 ⁸
1034 779 1213 819 rerum
1243 769 1488 817 creatura
1530 756 1774 828 reperiri.
1807 756 1960 811 Hauc

370 869 546 914 tamen
578 861 746 929 ipsam
778 858 1011 913 belluam
1043 864 1149 909 tam
1181 855 1452 920 ingentem
1495 852 1635 905 Deus
1662 848 1958 917 subiectam

371 952 524 1005 nobis
553 965 671 1004 esse
701 948 981 1018 pnecepit,
1028 956 1091 1001 ut
1118 945 1338 1013 etquod
1363 944 1650 998 doceretur
1678 940 1958 1009 intelligat,

372 1054 426 1094 et
455 1042 579 1095 dum
617 1040 838 1094 caeditur
866 1038 1121 1108 patiatur,
1152 1033 1434 1089 manifeste
1463 1033 1743 1088 declarans
1770 1036 1964 1085 cuncta

378 1134 530 1187 nobis
575 1132 695 1185 ideo
724 1130 884 1184 fuisse
931 1128 1237 1197 subjugata,
1287 1126 1410 1194 quia
1442 1140 1541 1179 nos
1584 1123 1651 1177 ad
1680 1123 1964 1190 imaginem

379 1223 471 1278 Dei
501 1223 626 1277 facti
652 1238 857 1288 sumus,
890 1232 943 1273 et
973 1236 1078 1273 non
1110 1219 1281 1273 solum
1307 1217 1358 1270 in
1386 1215 1630 1270 maximis
1650 1212 1967 1267 animalibus

378 1315 495 1382 ejus
514 1313 1011 1366 inmstimabilemsa
1021 1309 1272 1379 pientiam
1296 1322 1578 1378 possumus
1594 1303 1966 1372 contemplari,

380 1404 473 1459 sed
490 1403 541 1457 in
568 1402 801 1455 minimis
817 1415 1033 1469 quoque
1051 1398 1290 1453 bestiolis
1305 1395 1494 1452 eadem
1508 1394 1853 1450 considerare
1868 1391 1971 1445 mi-

381 1494 584 1548 racula.
614 1492 766 1547 Sicut
785 1492 926 1545 enim
951 1506 1058 1543 non
1083 1488 1215 1542 satis
1234 1488 1472 1541 admiror
1502 1499 1818 1553 magnorum
1849 1496 1971 1536 ver-

385 1585 518 1638 tices
544 1582 804 1636 montium
830 1581 979 1649 quia,
1003 1594 1133 1649 cum
1146 1578 1376 1648 proximi
1404 1576 1632 1630 nubibus
1654 1575 1968 1634 habeantur,

385 1672 616 1727 assiduis
646 1670 858 1725 ﬂatibus
905 1669 1251 1737 gravissimas
1295 1666 1570 1736 perierunt
1596 1669 1970 1731 tempestates,

384 1764 468 1818 vel
491 1779 521 1818 e
543 1771 729 1817 contra
759 1762 1130 1831 speluncarum
1152 1758 1480 1822 curationes,
1508 1754 1631 1823 quia
1663 1768 1770 1806 non
1800 1751 1973 1806 solum

2059 592 2181 631 nem
2210 576 2497 640 vitiorum,
2546 573 2687 628 unde
2736 574 2897 628 etiam
2945 588 3086 627 nunc
3127 586 3347 643 quoque
3391 572 3654 628 velociter

2059 669 2247 722 alienis
2274 667 2482 721 actibus
2520 665 2536 703 τ
2576 681 2756 722 sermo
2783 664 3043 731 decursis,
3072 664 3314 719 obtusior
3339 664 3575 718 habetur
3597 670 3654 719 et

2061 761 2262 831 pigrior
2304 760 2369 813 ad
2416 758 2771 813 examinanda
2820 773 2940 828 quae
2986 763 3148 812 sunt:
3190 763 3245 811 et
3286 772 3396 809 non
3446 764 3559 808 tam
3586 770 3651 811 ex

2062 851 2451 905 elementorum
2494 848 2885 917 compositione
2913 855 3164 916 reputare
3191 861 3477 915 possumus
3509 842 3650 898 Con-

2064 942 2317 1008 ditorem,
2340 955 2500 1010 quam
2522 941 2684 995 etiam
2715 954 2781 993 ex
2811 946 2993 992 nostra
3021 938 3259 1007 ipsorum
3289 936 3644 994 formatione:

2065 1034 2108 1088 si
2141 1042 2318 1087 tamen
2356 1047 2414 1086 se
2461 1032 2693 1101 quisque
2720 1029 2849 1084 velit
2875 1028 3173 1098 prudenter
3198 1026 3489 1094 inspicere,
3514 1024 3651 1079 sicut

2067 1125 2195 1180 dicit
2216 1124 2478 1194 propheta
2506 1141 2518 1176 :
2551 1122 2838 1194 Mhi/irata
2870 1129 2948 1176 est
2978 1121 3120 1175 notio
3150 1128 3239 1172 tua
3271 1136 3336 1173 ex
3364 1135 3446 1173 me
3479 1115 3653 1186 (Paul.

2069 1232 2322 1279 cxxxvm,
2347 1214 2431 1285 6);
2478 1215 2527 1268 id
2559 1222 2668 1280 est,
2712 1214 2837 1268 dum
2882 1229 2967 1267 me
2996 1214 3169 1283 ipsum
3200 1211 3433 1269 intuear,
3466 1206 3651 1263 ineffa-

2071 1306 2191 1362 bilis
2219 1315 2323 1360 tum
2370 1305 2645 1375 sapientia:
2687 1303 2837 1359 disco
2891 1304 3163 1357 virtutem.
3218 1298 3288 1353 Et
3331 1297 3654 1357 dixitDeus.

2074 1398 2327 1470 faciamus
2368 1397 2641 1450 hominem.
2697 1394 2798 1450 Ubi
2828 1403 2945 1449 sunt
2997 1410 3141 1448 nunc
3180 1391 3346 1446 Judmi
3372 1432 3387 1456 ,
3432 1390 3574 1461 qui!
3606 1388 3657 1443 in

2073 1488 2419 1557 sequentibus
2476 1488 2619 1542 velut
2671 1503 2769 1558 per
2814 1486 3073 1556 quasdam
3122 1499 3383 1540 cavernas
3435 1480 3661 1536 Deitatis

2075 1578 2194 1634 luce
2222 1578 2475 1646 fulgente,
2505 1578 2846 1649 secundaque
2883 1592 3117 1648 persona
3146 1592 3264 1646 qua:
3290 1574 3513 1646 mystice
3541 1571 3662 1641 qui-

2076 1671 2197 1725 dem
2221 1670 2544 1734 declaratur,
2597 1671 2825 1725 necdum
2873 1678 3050 1726 tamen
3082 1667 3362 1724 manifeste
3390 1664 3659 1736 conspicio

2079 1772 2185 1824 tur,
2212 1763 2583 1831 repugnabant
2605 1761 2848 1817 dicentes
2868 1761 3080 1817 sibimet
3103 1761 3277 1831 ipsum
3304 1758 3451 1827 loqui
3471 1757 3660 1820 Deum,

387 1862 671 1910 ventorum
700 1852 940 1906 fremitus
968 1850 1171 1904 evitare
1192 1849 1388 1914 solent,
1418 1847 1615 1915 quibus
1643 1843 1811 1897 ardua
1834 1857 1972 1911 qua-
2007 1855 2046 1914 Β
2077 1853 2328 1924 quoniam
2374 1853 2488 1923 ipse
2530 1851 2668 1907 dixit
2706 1861 2759 1908 ει
2807 1854 2918 1923 ipse
2968 1851 3128 1919 fecit,
3159 1850 3282 1904 [θέαι
3310 1850 3419 1913 (ur,
3452 1856 3501 1901 ει
3524 1850 3662 1919 [περ

388 1945 611 2009 tiuntur,
635 1942 729 1997 sed
751 1942 1076 2011 sempiterna
1098 1940 1258 1993 etiam
1280 1938 1306 1974 ιι
1334 1936 1591 2005 temperie
1611 1934 1973 1999 gratulantur:

389 2037 466 2091 sic
493 2044 548 2090 et
576 2035 628 2088 in
658 2033 966 2087 animalium
992 2031 1195 2093 forma,
1232 2045 1337 2084 non
1369 2038 1570 2082 tantam
1600 2026 1977 2080 vastitudinem

389 2125 658 2195 elephanti
686 2132 895 2190 stupeo,
933 2130 1193 2190 quantum
1217 2135 1446 2184 murem,
1477 2119 1566 2188 qui
1598 2117 1978 2174 formidolosus

390 2215 676 2285 elephanto
723 2223 836 2274 est,
886 2213 969 2266 vel
1016 2211 1259 2266 aculeum
1307 2209 1715 2264 subtilissimum
1756 2208 1974 2277 scorpii,

389 2321 546 2375 quem
580 2314 831 2375 tanquam
864 2302 1096 2357 fistulam
1125 2300 1413 2371 quamdam
1440 2300 1705 2370 sapientia
1733 2296 1977 2368 perfora-

398 2396 473 2449 vit
502 2410 550 2447 at
566 2392 739 2457 tiﬁris,
765 2402 821 2448 ut
846 2409 938 2462 per
959 2407 1077 2447 eam
1101 2392 1247 2446 virus
1266 2407 1294 2445 a
1317 2405 1378 2445 se
1394 2390 1692 2444 vulneratis
1715 2388 1977 2455 injiceret.

396 2484 502 2540 Sed
534 2484 705 2538 nullus
753 2483 824 2537 ob
871 2484 974 2537 hoc
1021 2481 1381 2552 reprehendat
1417 2477 1802 2534 Conditorem:
1834 2477 1978 2548 quod

399 2578 519 2631 vita:
566 2588 763 2631 nostra:
811 2576 1010 2630 bestias
1036 2589 1341 2630 venenosas
1387 2572 1648 2627 adhibuit.
1678 2571 1757 2626 lta
1783 2582 1805 2611 ο
1837 2571 1981 2626 enim

393 2669 513 2738 quis
541 2678 590 2721 et
623 2675 1013 2736 prmceptorem
1041 2665 1369 2721 insimulabit
1415 2664 1676 2718 infantum
1695 2702 1711 2728 ,
1741 2663 1833 2731 qui
1858 2660 1981 2717 offi-

395 2760 479 2813 cia
507 2774 601 2812 eos
629 2757 925 2826 disciplina:
952 2755 1223 2810 custodire
1248 2754 1603 2825 compellens,
1637 2752 1886 2807 lascivias
1926 2760 1984 2806 et

395 2849 775 2919 protervitates
803 2848 1013 2902 illorum
1043 2847 1205 2901 minis
1233 2846 1654 2914 verberibusque
1683 2846 1928 2912 castigat.

469 2940 521 2993 6.
562 2938 699 3005 Quin
729 2940 910 3007 potius
944 2936 1337 2993 confessionem
1366 2934 1495 2990 fidei
1539 2935 1695 2989 nobis
1726 2934 1980 3003 intelligi-

399 3043 518 3083 mus
555 3042 646 3082 res
683 3027 874 3081 noxias
902 3025 1159 3081 indicare.
1203 3025 1260 3080 Si
1289 3026 1434 3080 enim
1461 3024 1691 3080 conﬁdis
1718 3025 1771 3079 in
1801 3023 1985 3079 Domi-

401 3133 548 3183 num,
579 3132 731 3186 super
765 3116 995 3186 aspidem
1032 3124 1081 3169 et
1106 3114 1405 3170 basiliscum
1434 3115 1744 3181 ambulabis,
1776 3124 1826 3169 et
1853 3131 1980 3170 con-

2081 1953 2159 1998 est
2194 1944 2320 1997 lux?
2357 1942 2525 1997 Erant
2577 1942 2791 2011 quidem
2842 1943 2895 1996 in
2943 1948 3195 2011 promptu
3219 1981 3234 2005 ,
3266 1947 3321 1995 et
3364 1952 3503 1992 nunc
3544 1948 3661 2004 qua:

2081 2034 2241 2090 modo
2291 2031 2636 2104 proferuntur
2684 2033 2752 2086 ab
2803 2032 2882 2086 eis
2923 2031 3155 2101 ineptias.
3189 2028 3318 2096 Quis
3344 2027 3485 2082 enim
3516 2024 3662 2080 faber

2080 2124 2330 2179 ferrarius
2353 2165 2368 2189 ,
2400 2132 2492 2179 aut
2521 2123 2893 2193 carpentarius
2914 2164 2928 2187 ,
2960 2130 3051 2176 aut
3095 2121 3369 2175 coriorum
3390 2115 3664 2172 confector

2079 2217 2225 2271 solus
2253 2216 2306 2271 in
2334 2231 2433 2271 suo
2476 2215 2777 2270 consistens
2823 2213 3125 2282 ergastulo,
3154 2212 3243 2266 eui
3273 2211 3297 2247 ιι
3328 2208 3508 2263 nullus
3536 2205 3662 2260 artis

2078 2310 2259 2364 socius
2304 2317 2502 2379 praesto
2532 2317 2640 2369 est,
2686 2307 2901 2363 sibimet
2937 2307 3055 2375 ipse
3088 2305 3236 2371 dicit,
3268 2301 3528 2358 faciamus
3555 2298 3661 2368 gla-

2080 2400 2265 2466 dium,
2316 2400 2402 2455 vel
2451 2408 2690 2454 aratrum
2734 2399 3204 2470 compaginemus,
3257 2402 3351 2451 aut
3376 2395 3661 2449 formemus

2081 2490 2351 2555 calceum;
2382 2494 2436 2545 et
2473 2505 2582 2543 non
2613 2489 2782 2557 magis
2808 2489 3006 2542 tacitus
3032 2486 3267 2556 speciem
3294 2497 3459 2553 quam
3489 2489 3662 2536 mente

2081 2582 2369 2638 destinavit
2399 2581 2675 2651 inceptat?
2704 2580 2915 2635 Etenim
2940 2594 3075 2633 vana
3105 2575 3392 2647 garrulitas
3417 2582 3520 2639 est,
3565 2574 3660 2627 ho-

2082 2674 2283 2730 minum
2311 2674 2615 2743 quempiam
2641 2711 2656 2735 ,
2701 2672 2847 2726 velut
2893 2671 3125 2741 judieem
3162 2676 3255 2722 aut
3282 2680 3560 2723 censorem
3586 2662 3659 2718 di.

2091 2765 2275 2819 stricte
2304 2763 2517 2818 sibimet
2546 2762 2743 2831 aliquid
2784 2761 3068 2832 imperare.
3115 2757 3431 2827 Quanquam
3458 2755 3512 2809 bi
3530 2768 3661 2825 qum

2081 2870 2188 2924 que
2233 2853 2325 2922 qui
2371 2851 2656 2906 Dominum
2707 2847 3084 2905 crucifixerunt
3112 2887 3126 2911 ,
3178 2847 3305 2919 quid
3343 2861 3450 2901 non
3475 2843 3663 2899 dicturi

2081 2948 2228 3012 sint,
2276 2944 2599 3000 escrcitatas
2647 2944 2715 2997 ad
2761 2942 3097 2998 mendacium
3145 2940 3358 3007 linguas
3386 2938 3664 3001 habentes,

2081 3037 2208 3093 licet
2254 3048 2491 3107 praesens
2531 3048 2639 3089 vox
2679 3048 2867 3089 eorum
2916 3032 3130 3104 penitus
3169 3046 3267 3086 ora
3297 3026 3664 3101 przecluserit?

2083 3127 2152 3183 Et
2178 3129 2311 3182 dixit
2334 3128 2494 3191 Deus,
2528 3108 2812 3180 Faciemus
2843 3123 3121 3179 hominem.
3162 3120 3348 3176 Donec
3374 3119 3541 3188 igitur
3568 3117 3665 3171 mi-

399 3208 623 3264 culcabis
654 3211 853 3264 leonem
892 3219 941 3262 et
968 3209 1246 3263 draconem
1277 3208 1452 3280 (Psal.
1481 3225 1569 3275 xc,
1599 3208 1710 3278 i5).
1745 3208 1978 3264 nemini-

2089 3221 2230 3274 nime
2258 3218 2351 3288 qui
2379 3218 2667 3273 doceretur
2695 3216 2973 3282 existeret,
3006 3214 3057 3268 in
3078 3211 3347 3283 profundo
3369 3210 3470 3265 fuit
3492 3207 3666 3265 abdita

399 3315 552 3356 scere
583 3314 813 3369 namque
841 3298 1112 3370 quomodo
1141 3297 1340 3354 Paulus
1369 3316 1491 3355 cum
1524 3301 1663 3368 ligna
1686 3301 1972 3368 colligeret

402 3408 583 3449 morsu
625 3393 826 3463 vipera:
871 3394 1142 3447 sauciatus
1164 3432 1180 3456 ,
1214 3391 1345 3446 nihil
1374 3392 1609 3447 lresionis
1637 3393 1880 3463 accepit:
1911 3391 1982 3447 ob

336 3524 339 3525 ν
404 3487 509 3540 hoc
536 3486 772 3549 scilicet,
804 3485 947 3555 quod
974 3483 1096 3540 fidei
1126 3485 1321 3554 plenus
1360 3485 1442 3539 vir
1489 3485 1579 3540 ille
1617 3486 1984 3541 sanctissimus

404 3576 428 3615 ἀ
449 3578 763 3633 habebatur.
795 3576 887 3632 Sin
918 3586 1098 3632 autem
1128 3575 1294 3632 fueris
1316 3575 1569 3640 inﬁdelis,
1591 3591 1699 3631 non
1729 3584 1840 3633 tam
1864 3591 1982 3632 ser-

403 3677 617 3739 pentem
640 3677 884 3725 metuere
905 3667 1147 3734 debebis,
1168 3666 1264 3722 sed
1293 3665 1663 3723 inﬁdelitatem
1688 3668 1984 3740 prOpriam,

405 3774 505 3828 per
533 3774 692 3828 quam
729 3767 785 3813 tu
819 3769 871 3813 te
900 3758 1014 3826 ipse
1039 3757 1332 3828 perditioni
1372 3758 1666 3814 obnoxium
1693 3759 1984 3829 perfecisti.

412 3860 435 3887 ε
458 3850 560 3904 Sed
578 3852 686 3921 jam
712 3849 885 3903 sentio
906 3864 994 3903 me
1032 3848 1279 3902 humanas
1308 3849 1601 3903 nativitatis
1629 3848 1812 3904 debito
1839 3848 1989 3920 flagi—

408 3941 549 4007 tari,
599 3948 654 3994 et
701 3939 1004 3994 auditorum
1052 3952 1214 3993 voces
1241 3938 1295 3992 in
1324 3938 1578 3993 cordibus
1605 3940 1765 3995 audio
1794 3941 1988 3995 mussi-

406 4038 600 4096 tantes,
633 4030 859 4100 ecquod
880 4036 1066 4085 nostra
1093 4029 1310 4098 quidem
1339 4030 1516 4100 qualia
1546 4031 1654 4085 sint
1679 4031 1986 4095 doceamus,

408 4132 619 4178 nosmet
646 4137 776 4178 vero
799 4122 946 4192 ipsos
974 4122 1303 4191 ignoremus.
1335 4120 1705 4177 Necessarium
1735 4132 1818 4178 est
1837 4137 1988 4191 ergo.

405 4216 599 4269 nubem
629 4214 773 4269 illam
822 4231 942 4285 qua:
996 4217 1273 4271 hominum
1300 4232 1490 4273 sensus
1513 4217 1708 4287 caligat
1736 4219 1947 4288 eripere
1976 4235 1987 4269 :

407 4323 530 4361 nam
577 4324 764 4362 revera
803 4310 1041 4364 omnium
1083 4324 1367 4365 causarum
1412 4310 1783 4366 diﬂicillimum
1829 4320 1911 4367 est
1935 4325 1994 4364 se

409 4399 582 4469 ipsum
613 4414 959 4468 cognoscere.
1014 4400 1130 4455 Non
1179 4402 1325 4455 enim
1365 4402 1513 4457 solus
1552 4403 1741 4458 oculus
1787 4417 1850 4457 ea
1873 4418 1993 4472 qua:

409 4492 746 4547 extrinsecus
783 4492 1046 4548 habentur
1081 4492 1401 4562 inspiciens,
1442 4495 1681 4564 seipsum
1714 4511 1819 4550 non
1849 4496 1997 4551 valet

2085 3310 2397 3382 prmdicatio
2428 3309 2671 3363 Deitatis.
2726 3305 2824 3363 Ubi
2867 3321 2996 3361 vero
3035 3302 3201 3375 cmpit
3226 3303 3461 3361 hominis
3490 3313 3668 3370 exspe-

2085 3402 2222 3457 ctari
2250 3401 2488 3466 creatio,
2518 3399 2757 3454 revelata
2787 3402 2870 3453 est
2901 3396 3053 3459 fides.
3086 3404 3142 3451 et
3170 3395 3449 3450 evidenter
3477 3392 3667 3461 dogma

2089 3492 2327 3547 veritatis
2355 3491 2591 3547 emicuit.
2648 3488 2903 3547 Ausculta
2922 3532 2936 3553 ,
2968 3485 3152 3542 Judase
3180 3484 3379 3543 Christi
3411 3483 3667 3555 repugna-

2090 3592 2196 3652 tor,
2225 3584 2501 3656 quomodo
2530 3583 2731 3639 socium
2763 3578 3216 3635 mundiﬁcationis
3238 3577 3548 3648 alloquitur,
3575 3588 3667 3645 per

2088 3690 2249 3746 quem
2291 3675 2485 3734 saecula
2536 3674 2693 3741 fecit,
2732 3672 2822 3743 qui
2865 3671 2975 3739 agit
3014 3670 3193 3727 omnia
3219 3669 3388 3725 verbo
3415 3665 3669 3740 potentiae

2088 3783 2231 3823 sum:
2264 3765 2359 3822 sed
2386 3773 2511 3823 tuus
2538 3766 2749 3820 animus
2772 3762 2935 3820 verba
2966 3776 3074 3819 non
3108 3759 3299 3832 recipit
3326 3758 3561 3829 pietatis.
3590 3755 3668 3814 Si-

2091 3864 2181 3911 cut
2225 3856 2370 3912 enim
2416 3854 2545 3911 ferte
2587 3870 2709 3911 cum
2758 3852 3106 3908 includuntur
3152 3851 3209 3907 in
3255 3851 3456 3914 caveis,
3488 3848 3667 3904 vulvas

2091 3966 2276 4006 earum
2321 3948 2576 4004 dentibus
2623 3945 2895 4015 exedunt,
2948 3941 3360 3999 amaritudinem
3402 3941 3668 4012 propriam

2092 4041 2524 4095 demonstrantes
2549 4079 2563 4103 ,
2595 4035 2831 4091 furorem
2875 4042 3054 4091 tamen
3093 4047 3249 4087 suum
3279 4040 3551 4101 nequeunt
3577 4044 3669 4084 ex-

2092 4132 2279 4202 plere:
2330 4131 2409 4184 sic
2452 4126 2668 4183 Iudaeus
2718 4125 3058 4181 adversarius
3107 4123 3375 4191 veritatis,
3407 4121 3666 4192 alligatio-

2098 4241 2219 4278 num
2250 4229 2556 4278 coarctatus
2580 4217 2872 4287 angustiis,
2904 4216 3100 4270 multas
3125 4216 3319 4270 asserit
3347 4229 3466 4269 esse
3494 4228 3667 4284 perso-

2096 4330 2222 4373 nas,
2256 4314 2318 4367 ad
2348 4326 2479 4382 quas
2509 4309 2742 4364 Verbum
2770 4306 2866 4361 Dei
2896 4307 3221 4377 processisse
3252 4299 3528 4359 mentitur.
3575 4301 3667 4357 Fe‘

2097 4410 2220 4458 runt
2250 4403 2413 4466 enim,
2441 4399 2583 4469 quod
2610 4398 2813 4467 angelis
2837 4398 3035 4451 dixerit
3058 4414 3071 4450 :
3103 4396 3151 4448 F
3154 4398 3387 4450 aciamas
3402 4395 3666 4449 hominem.

2097 4493 2318 4549 Judaica
2360 4497 2486 4547 vere
2529 4489 2708 4555 fictio,
2741 4503 2958 4557 suaeque
2986 4488 3142 4556 digna
3164 4484 3399 4556 perfidiae
3429 4483 3666 4540 fabulosi-

410 4583 603 4638 intueri
631 4601 643 4637 :
694 4582 790 4638 sed
831 4583 994 4636 etiam
1022 4597 1174 4637 mens
1215 4583 1329 4652 ipsa
1359 4584 1489 4637 satis
1518 4592 1672 4639 acute
1695 4585 1870 4639 aliena
1894 4586 1990 4639 de-
2019 4583 2074 4643 D
2100 4588 2208 4642 tas!
2248 4584 2316 4640 Ut
2354 4600 2521 4638 unum
2562 4598 2668 4638 non
2698 4580 2990 4650 recipiant,
3041 4578 3301 4647 plurimos
3337 4578 3665 4639 conﬁtentur,

482 4818 505 4841 ⁸·
535 4806 678 4862 idem
705 4807 892 4871 codex,
918 4806 974 4859 in
1001 4821 1172 4860 rerum
1200 4814 1431 4877 natura;
1455 4806 1548 4859 sed
1574 4813 1751 4862 tamen
1780 4808 1995 4877 vulgata

411 4876 570 4930 lectio
601 4877 653 4929 in
681 4892 773 4930 ora
804 4877 925 4931 libri
956 4885 1191 4931 notatur.
1224 4875 1349 4929 Mox
1378 4875 1467 4930 ille
1496 4879 1610 4945 ipse
1635 4877 1828 4947 codex,
1857 4875 1995 4933 idem

411 4944 544 4997 auod
563 4946 790 4997 docetur.

410 4956 790 5018 quod_docetur.

481 5015 507 5053 δ
539 5014 697 5085 Editi,
732 5025 970 5085 tempore.
1004 5015 1147 5071 Libri
1178 5023 1407 5082 veteres,
1442 5017 1701 5085 temperie.

484 5096 515 5158 9
539 5084 682 5158 Libri
712 5086 1068 5158 impressi,_ita
1089 5088 1223 5138 enim
1245 5093 1294 5139 et
1318 5089 1431 5158 quis
1460 5096 1825 5158 prmceptorem
1864 5087 1994 5141 insi-

410 5156 625 5209 mulabit
645 5155 932 5226 infantem}
948 5156 1107 5226 Vetus
1127 5164 1311 5209 noster
1331 5155 1505 5210 codex
1527 5163 1582 5210 et
1608 5155 1760 5210 Colb.
1788 5157 1991 5226 primus

413 5234 471 5279 ut
499 5227 549 5279 in
579 5224 853 5279 contextu.
886 5224 1076 5277 Statim
1106 5226 1232 5277 eliti
1263 5236 1317 5279 et
1344 5226 1496 5280 Colb.
1524 5228 1745 5293 primus,
1775 5224 1825 5279 et
1846 5228 1993 5281 vani-

413 5304 561 5349 tates.
595 5295 695 5349 Alii
716 5294 823 5349 duo
847 5308 997 5351 mss..
1023 5302 1071 5345 et
1092 5298 1466 5364 protervitates.
1506 5295 1708 5359 Gnece,
1735 5321 1790 5351 τι
1812 5302 1994 5351 ἀκόλα-

413 5387 553 5420 στον.
591 5366 791 5439 ibidem
814 5380 940 5439 mss.
972 5365 1102 5439 duo,
1127 5365 1491 5436 intelligamus.
1510 5364 1677 5421 Paulo
1694 5376 1817 5439 post
1835 5367 1987 5422 Colb.

412 5438 695 5499 secundus,
725 5435 945 5504 conﬁdis
965 5435 1020 5488 in
1050 5433 1231 5487 Deum.

485 5505 509 5542 ἀ
541 5506 699 5576 Ειὶίιί,
732 5503 999 5560 habeatur.
1031 5504 1247 5576 Antiqui
1277 5503 1383 5576 duo
1415 5506 1556 5570 libri,
1587 5505 1889 5563 habebatur.

489 5574 679 5647 'VEditi
708 5587 761 5631 et
786 5577 939 5632 Colb.
967 5574 1189 5647 primus,
1207 5575 1297 5627 sed
1311 5577 1427 5644 jam
1446 5593 1728 5647 sermonem
1752 5577 1991 5632 humanae

419 5646 719 5710 imtivitatis,
749 5657 852 5701 etc.
896 5646 995 5701 Alii
1021 5649 1126 5701 duo
1150 5661 1275 5700 mss.
1294 5686 1309 5707 ,
1336 5647 1426 5699 sed
1447 5646 1561 5717 jam
1590 5647 1755 5702 sentio
1782 5664 1862 5701 me
1891 5649 1988 5701 hu-

416 5729 608 5787 manis,
638 5725 767 5778 ctc.,
794 5719 939 5785 quod
977 5732 1160 5772 verum
1208 5730 1324 5770 esse
1365 5724 1422 5769 et
1459 5730 1769 5787 germanum
1799 5719 1990 5787 probat

417 5777 738 5836 Basilianum
769 5777 931 5851 illul,
984 5789 1107 5841 ἀλλὰ
1130 5789 1227 5859 γὰρ
1249 5777 1565 5857 αίσθανοραι.
1617 5777 1814 5839 sianm'
1854 5802 1981 5842 mss.

2100 4807 2236 4872 duo,
2280 4813 2462 4876 nostra
2491 4805 2715 4876 quidem.
2765 4805 2885 4864 Vox
2935 4808 3119 4863 ultima
3150 4807 3203 4862 in
3231 4805 3387 4862 editis
3414 4805 3669 4876 desidera

2101 4878 2277 4933 batur.
2327 4874 2436 4930 Nec
2482 4874 2559 4929 ita
2605 4877 2775 4933 multo
2802 4886 2925 4948 post
2956 4879 3111 4935 Colb.
3138 4878 3427 4938 secundus,
3458 4874 3671 4929 {mminit

2102 4965 2297 5002 sensus.

2177 5018 2195 5055 ί
2231 5019 2450 5090 Antiqui
2495 5022 2602 5077 duo
2644 5018 2765 5090 libri
2795 5027 2857 5090 et
2872 5017 3001 5072 editi
3015 5059 3057 5090 ,μ
3073 5018 3338 5090 decursus.
3370 5015 3560 5090 Codex
3583 5029 3670 5067 no-

2098 5095 2228 5151 ster,
2261 5084 2511 5147 decursis.
2545 5088 2751 5147 Ibidem
2780 5089 2908 5143 editi
2937 5096 2994 5143 et
3019 5084 3173 5143 Colb.
3206 5089 3431 5156 primus,
3472 5084 3671 5138 habetur

2097 5166 2145 5211 et
2172 5159 2435 5229 pinguior.
2465 5160 2619 5215 Colb.
2641 5196 2656 5223 ,
2702 5156 2918 5213 habetur
2944 5175 3049 5213 non
3071 5159 3272 5227 purior.
3305 5156 3473 5212 Vetus
3503 5163 3672 5229 noster

2100 5224 2310 5293 codex',
2363 5230 2575 5285 Imbetur
2613 5238 2662 5284 et
2694 5229 2918 5299 pigrior:
2948 5236 3005 5282 et
3032 5224 3104 5282 ita
3130 5231 3232 5297 legi
3259 5235 3517 5296 oportere
3556 5224 3681 5278 satis

2100 5300 2336 5371 ostendit
2360 5301 2489 5356 illud
2520 5298 2722 5363 Basilii,
2753 5298 2841 5354 neti
2864 5298 3004 5356 ὄκνου
3035 5301 3250 5371 πὶῄρηςτ

2174 5378 2195 5416 ὃ
2231 5368 2366 5442 lllud
2411 5372 2467 5427 in
2509 5365 3172 5442 sequentibus_respondet
3200 5368 3285 5423 his
3541 5365 3675 5442 voci

2105 5439 2201 5493 bus
2224 5479 2239 5505 ,
2270 5441 2320 5494 ἐν
2348 5450 2451 5503 τοῖς
2483 5436 2721 5502 κατόπιν;
2772 5439 2867 5494 sed
2916 5436 3096 5509 potius
3132 5439 3457 5509 vertendum
3485 5445 3605 5509 erat
3627 5436 3676 5488 in

2137 5509 2525 5567 accedentibus.
2577 5509 2699 5565 Mox
2729 5509 2886 5573 editi,
2917 5506 3136 5565 necdum
3162 5520 3288 5564 arm.
3336 5506 3555 5576 Antiqui
3576 5507 3675 5560 duo

2125 5580 2244 5647 ibri,
2274 5582 2490 5637 necdum
2518 5592 2708 5635 tamen.
2741 5579 2851 5635 Nec
2877 5581 2949 5634 ita
2974 5580 3145 5635 multo
3166 5578 3300 5633 inira
3324 5579 3480 5633 Colb.
3503 5591 3674 5631 secun-

2092 5650 2292 5722 du_s,__in
2312 5661 2589 5722 promptu,
2615 5661 2666 5706 et
2687 5660 2808 5705 tunc
2837 5666 2970 5722 quin.

2166 5717 2365 5790 'i’pEdi'ti
2413 5717 2667 5777 et'Colb.
2718 5717 2949 5790 primus,
3001 5719 3213 5773 nullius.
3254 5719 3356 5773 Alii
3383 5717 3501 5790 duo
3532 5728 3670 5775 mss.

2093 5789 2282 5843 nullus.
2319 5788 2433 5845 Hoc
2461 5791 2578 5863 ipso
2609 5791 2662 5844 in
2694 5788 2816 5844 loco
2845 5791 2952 5845 duo
2980 5804 3136 5855 mss.,
3166 5788 3496 5859 sibimetipsi.
