3964 6198
363 416 461 473 ςπἚῖ

1458 429 1748 486 ΡΟΙΕΜΕΙ
1791 429 2008 485 ΞΥΙᾹἩ
2050 423 2505 486 LATlillCULL’S

3520 427 3625 476 Ἷῆϐ

350 541 623 610 liliinnqno
658 541 866 596 lamulis
891 556 988 612 per
1014 538 1478 610 participationem
1508 537 1782 608 dignitatis
1812 538 1947 594 διδοί-
1972 552 2011 599 Α
2045 553 2397 607 pet-smtarum
2461 536 2800 591 multitudine
2843 536 3161 595 deelinares.
3234 541 3303 592 At!
3351 540 3633 611 imaginem

352 642 554 699 Sennt,
606 637 662 684 et
707 640 732 667 ⁸
762 631 1094 685 conlibertus
1139 638 1354 683 nostros
1402 639 1649 682 auctores
1695 630 1941 681 huiname

353 716 693 775 formationis
741 720 1021 785 efﬁciunt,
1072 720 1411 788 hominisque
1456 719 1814 789 perfectorem
1848 735 1943 772 vo-

355 806 474 867 lunt
495 812 699 880 angelis
728 826 1040 880 comquare,
1072 826 1194 865 cum
1233 812 1304 865 sit
1336 811 1625 865 absurdum
1666 818 1727 865 ut
1753 811 1940 879 quaali-

355 900 450 958 bet
486 901 693 957 factura
740 904 911 973 possit
951 903 1172 971 aequalis
1210 920 1329 959 esse
1358 905 1570 959 iactari.
1614 904 1941 959 Considere-

354 1007 473 1046 mus
500 1008 714 1062 quoque
753 996 1029 1062 sequentia
1057 1013 1069 1045 ;
1102 992 1383 1049 Faciamus
1421 996 1680 1049 hominem
1720 995 1790 1048 ad
1818 996 1944 1048 ima-

353 1083 523 1153 ginem
568 1093 819 1138 nostram.
870 1084 1004 1150 Quid
1054 1085 1382 1152 respondes?
1432 1084 1675 1153 Nunquid
1725 1085 1816 1137 Dei
1885 1092 1941 1137 et

354 1181 665 1240 angelorum
708 1190 810 1227 una
855 1176 1028 1243 imago
1079 1176 1193 1228 est?
1244 1175 1375 1228 Nam
1407 1175 1580 1229 Patris
1611 1191 1828 1230 necesse
1856 1184 1941 1230 est

353 1265 596 1317 eamdem
637 1280 755 1319 esse
795 1280 955 1333 quam
986 1264 1136 1330 Fili,
1169 1267 1245 1319 sic
1274 1272 1480 1328 tamen,
1516 1273 1571 1317 ut
1600 1264 1713 1319 Deo
1743 1266 1939 1320 decens

353 1352 680 1421 intelligatur
716 1370 837 1409 esse
868 1355 1064 1421 iigura,
1097 1353 1147 1407 id
1172 1362 1287 1418 est,
1318 1355 1345 1391 δ
1379 1371 1484 1408 non
1515 1356 1567 1408 in
1599 1355 1782 1407 habitu
1814 1372 1937 1408 cor-—

353 1458 540 1511 pereo,
565 1444 659 1499 sed
690 1445 741 1498 in
763 1444 943 1498 divina
973 1444 1303 1513 proprietate
1330 1446 1649 1499 consistens.
1684 1445 1937 1499 Ausculta

356 1543 412 1587 tu
444 1535 640 1600 etiam,
693 1537 786 1603 qui
833 1535 899 1589 de
946 1551 1082 1589 nova
1130 1536 1536 1590 circumcisione
1571 1537 1936 1607 progrederis,

355 1623 612 1677 Judaismi
644 1626 843 1679 cultum
874 1626 971 1678 sub
993 1624 1405 1679 Christianitatis
1429 1626 1769 1680 simulatione
1790 1642 1938 1680 eom-

360 1711 639 1765 nicnd'ms.
658 1710 762 1769 Cui
789 1712 946 1778 dicit,
974 1713 1056 1767 Ad
1090 1716 1374 1783 imaginem
1406 1726 1644 1770 nostram
1677 1720 1777 1772 nisi
1806 1719 1937 1773 illu-

361 1802 647 1859 niinatiOni
674 1805 879 1874 glori-r3,
905 1815 960 1861 et
984 1808 1144 1861 titulo
1170 1819 1414 1878 paterna:
1444 1811 1784 1872 Snlzstanlia‘,
1814 1825 1935 1878 qua

352 1906 442 1951 est
484 1897 663 1967 imago
723 1899 814 1954 Dei
864 1905 954 1954 δην
976 1901 1153 1956 sibilis
1192 1898 1384 1971 (Hebr.
1427 1916 1463 1966 t,
1494 1900 1599 1970 δη
1645 1902 1769 1958 Sua:
1804 1919 1933 1973 ergo

352 1980 589 2050 loquitur
617 1982 862 2052 imagini,
894 1999 1013 2052 qua:
1037 1984 1209 2039 dixit:
1249 1983 1362 2055 Ego
1390 1993 1442 2038 et
1475 1984 1635 2039 Pater
1655 2002 1814 2040 unum
1837 2003 1930 2040 su-

352 2090 463 2128 mus
494 2073 673 2145 (Joan.
707 2092 758 2140 χ,
791 2076 915 2142 ’50);
948 2083 1022 2139 et,
1057 2074 1157 2139 Qui
1183 2092 1264 2130 me
1286 2077 1418 2130 ridet
1444 2086 1493 2130 et
1523 2074 1735 2130 Patrem
1763 2093 1931 2131 meum

352 2162 486 2217 videt
522 2162 699 2232 (Joan.
731 2179 836 2225 xw,
870 2164 947 2231 9),
979 2163 1104 2219 huic
1144 2165 1307 2218 dicit:
1353 2163 1635 2219 Faciamus
1672 2166 1929 2219 hominem

352 2253 421 2306 ad
466 2254 740 2322 imaginem
791 2263 1043 2308 nostram.
1095 2253 1307 2308 Etenim
1347 2255 1437 2309 ubi
1475 2256 1650 2309 unitas
1688 2256 1932 2323 imaginis

352 2350 467 2408 est,
517 2343 652 2396 nihil
698 2351 876 2411 potest
916 2357 1036 2397 esse
1062 2343 1339 2398 diSSimile.
1388 2342 1504 2399 Non
1532 2344 1673 2399 enim
1702 2346 1837 2399 dixit
1865 2346 1930 2399 ad

353 2430 614 2498 imagines
641 2441 854 2487 nostras
876 2472 893 2497 ,
938 2434 1076 2488 sicut
1104 2442 1160 2488 et
1185 2432 1462 2501 Scriptura
1492 2442 1723 2489 testatur
1747 2453 1759 2487 :
1785 2434 1934 2488 Fecit

354 2517 512 2585 Deus,
545 2522 736 2589 inquit,
769 2522 1057 2577 hominem:
1092 2540 1199 2578 non
1229 2526 1478 2594 fecerunt.
1525 2522 1824 2580 Prudenter
1850 2527 1933 2579 vi-

354 2612 486 2664 tavit
513 2628 654 2667 nunc
688 2612 1085 2669 multitudinem
1127 2630 1476 2685 personarum
1509 2633 1521 2668 :
1554 2623 1615 2669 ut
1647 2627 1667 2655 ο
1698 2616 1785 2672 ubi
1815 2617 1934 2685 qui—

350 2699 471 2754 dem
495 2698 739 2756 Judarum
767 2702 1154 2772 confunderet,
1184 2705 1269 2760 hic
1297 2706 1457 2759 ritum
1491 2708 1809 2775 gentilitatis
1837 2723 1932 2762 es-

352 2788 611 2844 cluderet.
644 2790 769 2848 ldeo
796 2796 1235 2850 commemoravit
1260 2797 1552 2862 unitatem,
1583 2806 1640 2852 ut
1664 2808 1722 2853 et
1740 2798 1929 2853 Filium

349 2879 506 2935 simul
534 2898 653 2938 esse
677 2899 798 2939 cum
838 2884 998 2940 Patre
1025 2901 1377 2956 cognosceres
1402 2908 1413 2941 :
1440 2897 1496 2943 et
1524 2890 1822 2959 periculum
1864 2891 1932 2946 de

421 3028 446 3057 ι
475 3018 616 3094 Editi
639 3061 655 3085 ,
701 3031 752 3075 et
776 3037 890 3075 eum
915 3022 1102 3094 liberos
1125 3033 1348 3078 nostros.
1396 3024 1551 3079 Colb.
1590 3024 1827 3094 primus,
1875 3033 1925 3078 et
1954 3028 1999 3091 C

347 3104 463 3144 eum
490 3088 698 3144 libertos
722 3103 945 3147 nostros.
993 3093 1160 3149 Vetus
1195 3104 1380 3148 noster
1412 3088 1620 3157 codex",
1671 3104 1721 3148 et
1757 3088 1925 3152 canti-

346 3160 513 3233 θεείου
542 3171 763 3233 nostros.
805 3159 991 3233 Graece
1010 3203 1023 3225 ,
1067 3170 1153 3219 καί
1184 3168 1302 3223 τοὺς
1336 3164 1659 3233 ὁμοδούλους.
1714 3164 1840 3221 Haec
1869 3171 1924 3220 et

346 3228 550 3352 Eeliqga
596 3232 776 3284 omnia
818 3232 885 3287 ad
914 3228 1092 3287 linem
1135 3248 1304 3302 usque
1344 3228 1538 3290 desunt
1563 3234 1617 3288 in
1644 3233 1798 3290 Colb.
1830 3249 1920 3289 se-

378 3314 465 3352 um
525 3340 538 3352 .

344 3312 630 3443 cug‘igditi,
662 3370 717 3423 id
743 3381 838 3434 est,
867 3389 970 3425 non
1002 3372 1199 3443 habituri
1225 3389 1491 3443 corporeo.
1518 3372 1588 3427 At
1616 3374 1788 3429 nostri
1812 3372 1918 3439 duo

343 3452 495 3502 mss.,
524 3438 582 3493 id
604 3448 701 3502 est,
729 3457 831 3495 non
854 3444 906 3494 in
929 3440 1107 3495 habitu
1135 3438 1401 3512 corporeo.

2048 626 2144 681 Dei
2189 629 2309 698 [erit
2357 628 2633 680 hominem.
2690 627 2919 681 Rursum
2969 627 3313 697 cooperantis
3341 644 3623 701 persona'n

2045 716 2268 770 inducit.
2318 717 2433 771 Neo
2465 718 2608 771 cnim
2649 718 2783 771 dixit
2812 735 2823 769 :
2852 717 2998 771 Fecit
3038 720 3107 770 ad
3144 718 3422 789 imaginem
3457 735 3626 778 snam.

2042 808 2136 865 sed
2167 809 2235 860 ad
2269 811 2464 879 imagin
2488 826 2546 862 'm
2578 808 2694 867 Dei.
2743 809 2811 862 Et
2843 809 2894 862 in
2923 825 3031 877 quo
3059 810 3273 879 quidem
3306 811 3626 878 dispositum

2044 907 2125 953 est
2154 899 2352 953 hahere
2401 900 2672 955 hominem
2721 900 3000 964 imaginem
3035 899 3157 958 Dei.
3214 901 3295 953 vel
3349 901 3623 968 quomodo

2043 986 2069 1023 ἀ
2087 987 2275 1056 recipit
2295 988 2694 1041 similitudinem
2716 988 3030 1049 Dit'initz-tis,
3049 987 3100 1040 in
3119 989 3462 1056 sequentibus
3480 987 3634 1043 Chri-

2041 1087 2365 1131 stoscnsum
2413 1078 2673 1144 largiente
2720 1079 3041 1139 narrabitur,
3089 1093 3226 1131 nunc
3256 1094 3383 1131 vero
3418 1087 3622 1132 tantum

2042 1166 2241 1220 dixisse
2270 1166 2499 1220 suﬂiciet
2522 1207 2536 1229 ,
2586 1166 2710 1235 quia
2740 1182 2843 1219 una
2876 1167 3048 1233 imago
3078 1175 3178 1218 est.
3225 1167 3339 1219 Tibi
3374 1183 3499 1221 vero
3527 1184 3625 1222 Clll'

2045 1258 2229 1311 incidit
2259 1258 2310 1310 in
2356 1266 2594 1311 mentem
2625 1296 2640 1321 ,
2691 1266 2798 1310 tam
2848 1258 3107 1324 sacrilege
3144 1257 3534 1326 blasphemare,
3566 1267 3629 1311 ut

2041 1349 2248 1402 diceres
2284 1347 2476 1401 Filium
2509 1347 2654 1401 Patri
2685 1363 2804 1402 esse
2831 1348 3181 1401 dissimilem?
3209 1347 3252 1400 Ο
3274 1349 3506 1402 animum
3545 1350 3631 1402 in-

2039 1440 2283 1508 gratum!
2330 1439 2730 1493 similitudinem
2781 1439 2877 1493 Dei
2916 1454 3074 1507 quam
3107 1447 3162 1491 tu
3186 1438 3299 1507 ipse
3327 1439 3629 1508 sumpsisti,

2039 1531 2438 1586 benefactorem
2472 1539 2618 1583 tuum
2650 1529 2849 1584 habere
2873 1545 2980 1583 non
3012 1531 3231 1597 pateris.
3276 1527 3341 1580 Et
3377 1530 3470 1582 tibi
3501 1530 3619 1597 qui-

2038 1621 2159 1676 dem
2208 1622 2483 1690 proprium
2524 1622 2605 1674 vis
2647 1636 2765 1673 esse
2804 1619 2946 1688 quod
2977 1619 3044 1673 de
3072 1618 3273 1673 cmlesti
3299 1621 3469 1685 gratia
3497 1635 3620 1688 per.

2037 1713 2267 1783 cepisti,
2313 1713 2421 1766 lilio
2466 1722 2647 1766 autem
2694 1711 3096 1765 similitudinem
3147 1719 3333 1764 natura
3386 1711 3619 1774 insitam,

2036 1817 2158 1858 cum
2205 1802 2449 1870 genitore
2497 1817 2602 1855 non
2650 1801 2779 1856 sinis
2821 1816 2937 1855 esse
2980 1815 3340 1854 communem.
3386 1799 3488 1853 Sed
3508 1799 3621 1866 jam

2037 1892 2195 1946 nobis
2231 1891 2504 1946 silentium
2542 1905 2769 1959 vespere
2809 1901 3019 1959 tempus
3062 1890 3252 1943 indicit
3281 1907 3293 1940 :
3323 1891 3523 1943 dudum
3555 1891 3620 1945 ad

2037 1999 2288 2039 occasum
2329 1983 2444 2037 sole
2492 1982 2736 2052 delapso.
2797 1979 3138 2050 Quapropter
3182 1982 3269 2036 hie
3316 1997 3411 2035 nos
3456 1984 3619 2036 etiam

2036 2075 2300 2130 sermonis
2326 2073 2641 2128 °curricula
2691 2072 3069 2139 terminemus,
3112 2072 3195 2126 his
3243 2073 3479 2126 contenti
3503 2087 3621 2141 qum

2033 2166 2175 2219 dicta
2207 2173 2352 2221 sunt.
2404 2164 2634 2216 Tantum
2667 2163 2807 2216 enim
2846 2163 2899 2215 in
2929 2162 3210 2230 prtescn‘tia
3248 2162 3621 2229 disseruimus,

2034 2265 2294 2323 quantum
2319 2255 2673 2308 intentionem
2696 2264 2926 2307 vestram
2950 2268 3234 2321 possumus
3260 2268 3472 2307 acuere.
3508 2251 3619 2307 Ple-

2034 2347 2239 2399 nim-em
2288 2362 2417 2398 vero
2463 2345 2533 2400 de
2575 2346 2864 2414 propositis
2891 2347 3240 2413 qumstionem
3269 2345 3400 2397 alias
3418 2344 3574 2398 vobis
3598 2384 3614 2407 ,

2031 2444 2218 2490 sancto
2245 2435 2442 2505 Spiritu
2468 2437 2487 2473 τ
2515 2435 2867 2505 astipulante,
2903 2434 3201 2489 reddemus.
3240 2434 3313 2488 Ite
3344 2451 3483 2489 nunc
3511 2450 3610 2487 ex-

2032 2527 2315 2594 sultantes,
2345 2537 2400 2580 et
2425 2540 2524 2596 pro
2545 2525 2774 2595 dapibus
2804 2527 3037 2595 cepiosis
3063 2525 3342 2594 pomisque
3368 2524 3611 2587 diversis,

2034 2619 2296 2672 memoria
2342 2619 2635 2671 relaturum
2667 2632 2884 2672 mensas
2912 2625 3120 2670 vestras
3150 2616 3417 2670 iusti-uite.
3467 2614 3613 2670 Con-

2037 2710 2289 2765 fundatur
2317 2709 2538 2778 impius,
2590 2709 2875 2763 erubescat
2909 2707 3150 2770 ludatus,
3190 2707 3419 2761 exsultet
3440 2704 3613 2774 justus

2037 2800 2506 2870 prmdicationibus
2529 2801 2768 2854 veritatis
2792 2817 2805 2853 :
2829 2800 3158 2867 gloriﬁcetur
3178 2799 3449 2862 Dominus,
3472 2815 3611 2853 nunc

2037 2899 2094 2946 et
2117 2904 2331 2959 semper
2354 2896 2410 2943 et
2438 2890 2490 2943 in
2519 2891 2714 2945 sarcula
2743 2889 3080 2944 seculorum.
3112 2887 3302 2942 Amen.

2104 3035 2125 3060 ο
2157 3022 2301 3076 Editi
2330 3031 2386 3077 et
2406 3022 2585 3089 Colh.,
2617 3034 2673 3076 ut
2692 3022 2782 3077 ibi.
2808 3022 2975 3077 Vetus
3005 3032 3186 3077 noster
3213 3021 3403 3085 codex,
3431 3028 3488 3073 nt
3506 3018 3613 3075 ubi.

2100 3093 2123 3130 ἀ
2156 3092 2339 3149 Codex
2370 3104 2570 3153 noster,
2604 3095 2811 3161 recepit.
2900 3140 2907 3146 .

2101 3172 2126 3202 θ
2158 3162 2299 3215 Editi
2318 3203 2333 3226 ,
2366 3180 2571 3217 cursum
2597 3164 2948 3218 terminemus.
2994 3161 3137 3217 Libri
3167 3168 3373 3218 veteres
3392 3202 3412 3230 ,
3443 3161 3606 3215 curri-

2026 3233 2146 3287 cula
2173 3234 2528 3286 terminemus.

2104 3302 2123 3341 ί
2158 3301 2321 3356 Editi.
2361 3303 2662 3371 stipulante.
2718 3302 2785 3356 At
2826 3303 2995 3356 uestri
3037 3302 3145 3356 duo
3173 3317 3327 3362 mss.,
3373 3299 3608 3373 adstipu—

2024 3373 2184 3427 (astte.

2713 3568 3607 3602 ,επ-’.Ἡ

1672 3681 1891 3726 EODEM
1936 3680 2236 3729 ΤΕΜΡΟΙΒ

598 3846 607 3861 ’
665 3825 3240 4130 POLEMEgssYLVIUS.

1433 4211 1898 4284 ΝΟΤΙΤΙΑ
1952 4216 2102 4285 ΕΧ
2158 4215 2476 4285 CAVE.

398 4487 681 4544 Polemeus
708 4487 822 4543 sive
853 4484 913 4539 P.
947 4486 1180 4545 Annaeus
1203 4485 1443 4559 Sylvius,
1474 4488 1615 4544 unde
1643 4489 1903 4546 oriundus
1934 4494 1984 4553 ι)
2011 4490 2067 4546 id
2094 4498 2177 4546 est
2201 4504 2345 4545 anno
2371 4486 2571 4545 Christi
2598 4487 2704 4542 με
2725 4496 2779 4543 et
2803 4489 3079 4559 sequentis
3102 4489 3271 4554 initio,
3304 4505 3425 4544 cum
3446 4490 3599 4547 Aste-

326 4580 537 4650 quodve
583 4579 705 4632 vita:
751 4592 920 4647 genus
956 4585 1190 4633 sectatus
1232 4578 1471 4633 nondum
1495 4579 1694 4634 didici:
1726 4580 1909 4637 Romae

326 4671 522 4725 vixisse
552 4668 779 4733 videtur,
819 4668 1118 4737 claruitque
1154 4683 1296 4724 anno
1325 4668 1450 4725 M8.
1500 4670 1723 4740 Scripsit
1763 4673 1906 4727 enim

322 4760 422 4813 sub
454 4759 759 4815 Theodosio
786 4756 1006 4814 Juniore
1033 4767 1087 4812 et
1115 4759 1486 4815 Valentiniano
1516 4760 1790 4829 Augustis,
1822 4778 1911 4817 ex-

322 4852 523 4904 stincto
565 4851 676 4918 jam
724 4850 930 4905 Joanne
976 4849 1258 4920 Tyranno,
1309 4860 1363 4905 et
1404 4862 1459 4906 ut
1482 4854 1710 4922 ipsemet
1737 4857 1910 4911 adhuc

321 4941 518 4994 clarius
541 4939 972 5007 testatttr,Flavio
1001 4940 1217 4995 Zenone
1246 4949 1294 4994 et
1325 4941 1706 4998 Posthumiano
1741 4961 1904 5007 coss.,

346 5058 704 5074 ψ

2013 4583 2125 4638 rius
2161 4581 2496 4638 consulatum
2535 4582 2714 4636 iniret.
2744 4582 2998 4637 Condidit
3042 4582 3368 4638 Lalercnlnm
3410 4587 3599 4655 quovis

2012 4675 2138 4728 anni
2186 4689 2372 4729 mense
2412 4672 2834 4729 Christianorum
2868 4684 2922 4728 et
2962 4676 3235 4743 gentilium
3280 4676 3410 4732 festa
3441 4694 3591 4732 eom-

2011 4764 2335 4832 plectentem
2353 4803 2370 4829 ,
2400 4779 2560 4833 quem
2588 4763 2807 4819 domino
2846 4764 3157 4819 beatissimo
3188 4764 3450 4821 Eucherio
3480 4769 3598 4829 epi-

2013 4873 2180 4926 scopo
2203 4858 2552 4927 nuncupavit.

1206 5138 2701 5255 ΙηΜΒΕΜΙΕῙΞΠῐιἭΠΠ

1514 5332 2424 5564 LATERCULUS

1897 5509 1977 5565 π

952 5632 1400 5715 INDEX
1476 5632 2042 5716 DIERUM
2118 5634 2933 5721 FESTORUM.

740 5834 911 5912 {llunc
941 5833 1278 5890 Laterculum
1307 5836 1569 5895 edidimus
1594 5838 1909 5910 Patrologim
1938 5848 2137 5894 nostne
2167 5849 2313 5894 torno
2342 5835 2478 5907 XIII,
2510 5839 2614 5893 col.
2649 5835 2774 5905 676,
2804 5837 2894 5892 uhi
2920 5836 3132 5895 videsis.
