3964 6198
321 380 426 436 969

396 488 661 541 νειιιικιιε.
711 484 847 553 Quid
871 491 955 538 est
979 496 1108 551 ergo
1137 482 1343 539 discere
1371 482 1724 552 sapientiam?

389 574 665 633 SALONIUS.
697 573 845 629 Scire
890 581 945 629 et
973 572 1269 641 intelligere
1295 571 1566 643 quomodo
1597 579 1745 628 recte
1775 582 1897 627 cre—

317 665 446 719 dere
475 664 693 719 debeas.
1030 733 1051 749 ’

390 758 654 815 VERANUS.
704 756 841 824 Quid
869 765 949 812 est
972 756 1179 812 discere
1201 754 1585 825 disciplinam?

390 845 667 903 SALONIUS.
755 845 1093 915 Cognoscere
1162 845 1393 915 qualiter
1452 856 1896 913 unumquemque

321 945 568 1007 Oporteat
594 937 805 1003 vivere,
855 943 910 989 et
934 933 1062 1006 quid
1087 933 1361 1004 operando
1386 932 1676 989 conveniat
1702 945 1892 1001 agere,

321 1036 375 1080 et
400 1042 505 1095 quo
526 1026 719 1080 debeat
739 1013 1086 1081 intentionem
1113 1022 1295 1079 cordis
1317 1023 1568 1092 dirigere.
1583 1020 1840 1093 Sequitur
1868 1037 1883 1077 :

321 1116 494 1171 Timor
520 1116 729 1171 Domini
756 1118 1065 1189 principium
1091 1118 1381 1188 sapientia.

391 1207 654 1263 Vesanus.
702 1207 844 1274 Quot
872 1217 1001 1264 sunt
1026 1209 1246 1265 timores
1272 1198 1525 1262 Domini?

390 1297 667 1354 Summus.
700 1299 837 1365 Duo,
867 1300 971 1353 hoc
999 1307 1102 1363 est,
1123 1298 1330 1353 servilis
1358 1303 1414 1353 et
1439 1304 1679 1353 sanctus.

389 1387 656 1444 VEBANUS.
698 1386 918 1443 Servilis
943 1402 1112 1457 quare
1135 1386 1362 1441 dicitur?

390 1479 668 1537 SALO‘NIUS.
701 1478 837 1547 Quia
881 1481 1043 1537 veluti
1082 1479 1223 1534 servi
1262 1478 1490 1534 Domino
1528 1476 1789 1532 servimus
1817 1475 1889 1532 ti-

323 1587 474 1627 more
496 1573 782 1638 gehennm,
811 1587 880 1626 ne
908 1573 976 1626 ad
1005 1579 1271 1626 tormenta
1295 1570 1573 1626 ducamur.

392 1662 660 1718 VERANUS.
711 1661 939 1718 Sanetus
965 1664 1125 1718 timor
1151 1676 1319 1731 quare
1346 1661 1584 1718 dicitur?

302 1760 308 1769 ‘
387 1754 665 1809 SALONIUS.
698 1752 835 1820 Quia
876 1754 1014 1808 sicut
1042 1753 1215 1807 bonus
1243 1752 1383 1806 filius
1410 1751 1596 1814 timet,
1627 1765 1696 1805 ne
1722 1748 1810 1805 vel
1839 1749 1895 1804 in

1099 374 1165 428 lN
1201 372 1601 428 rsnscoms
1638 370 2018 429 SALOMONIS
2058 370 2407 427 mnosmo
2455 349 2762 427 tlYSTlCA.

1922 494 1968 551 Α
1998 483 2278 537 inanileste
2314 482 2567 552 prmdicat
2614 497 2712 551 per
2758 479 3062 551 apostolos,
3090 477 3244 547 juxta
3284 479 3387 533 hoc
3427 479 3571 546 quin]

3473 367 3572 422 970

2001 578 2080 633 eis
2108 575 2398 646 praecepit,
2427 573 2608 628 dicens
2634 592 2645 626 :
2678 571 2806 637 Quae
2836 572 2951 625 dico
2978 572 3116 625 vobis
3136 573 3188 624 in
3211 569 3460 635 tenebris,
3493 570 3574 630 di~

1998 670 2097 724 cite
2138 668 2195 722 in
2238 666 2455 731 lumine,
2504 665 2606 719 hoc
2650 672 2733 719 est
2776 661 3090 727 manifesto;
3135 670 3185 715 et
3219 677 3332 732 qua:
3354 661 3411 719 in
3448 676 3573 714 aure

2001 758 2209 820 auditis,
2239 754 2520 823 pradicant
2538 770 2692 826 super
2716 761 2872 819 tecta,
2905 753 2957 808 id
2980 762 3063 808 est
3091 761 3279 828 aperte
3302 760 3356 807 et
3384 768 3571 809 coram

1998 846 2267 902 omnibus.

2066 934 2341 993 VERANUB.
2387 933 2526 1002 Quid
2567 943 2653 991 est
2685 936 2831 1004 quod
2871 934 2978 990 ait:
3026 931 3091 988 In
3112 934 3281 1004 capite
3309 940 3571 987 turbarum

1995 1026 2226 1083 clamitat
2241 1028 2267 1082 ?
3526 1022 3531 1035 '

2064 1116 2341 1176 SALONIUS.
2372 1118 2478 1176 Per
2503 1127 2666 1190 caput
2692 1118 3037 1186 designantur
3064 1117 3333 1186 principes
3358 1114 3571 1169 Judaco~

1951 1213 1957 1221 ’
1996 1222 2134 1263 rum.
2181 1206 2241 1262 In
2283 1208 2461 1279 capite
2489 1209 2767 1265 turbarum
2795 1207 3135 1272 clamitabat,
3166 1206 3290 1274 quia
3321 1204 3574 1276 principi-

1995 1299 2097 1355 bus
2120 1297 2464 1377 Judmorum‘,
2510 1299 2863 1357 homicidium
2907 1296 3051 1369 (ιιιοά
3090 1300 3143 1353 in
3182 1314 3304 1353 eum
3333 1305 3576 1367 patrave—

1995 1397 2138 1455 rant,
2169 1391 2345 1461 palam
2367 1406 2465 1464 per
2489 1390 2764 1461 apostolos
2801 1390 2868 1445 ad
2908 1390 3222 1445 memoriam
3257 1386 3569 1447 reducebat,

1997 1490 2054 1537 et
2083 1482 2303 1541 eosdem
2330 1481 2399 1536 ad
2428 1481 2754 1552 pmnitentim
2783 1479 3082 1535 remedium
3110 1466 3356 1533 vocabat.

2068 1571 2334 1629 VERANUS.
2382 1571 2661 1639 Quomodo
2711 1572 3113 1638 intelligendum
3160 1577 3243 1624 est
3286 1568 3429 1637 quod
3484 1583 3572 1622 se-

1998 1663 2214 1734 quitur:
2246 1663 2312 1717 ]n
2342 1662 2536 1735 foribus
2565 1672 2829 1734 portarum
2867 1662 3006 1716 urbis
3043 1662 3239 1732 profert
3274 1659 3420 1715 verba
3439 1662 3575 1714 sua?

2068 1750 2346 1808 SALOMUS.
2379 1750 2482 1807 Per
2512 1752 2697 1806 urbem
2738 1758 2923 1807 sancta
2952 1750 3260 1817 designatur
3303 1748 3571 1811 Ecclesia,

320 1842 535 1897 modico
581 1841 818 1898 oll‘endat
864 1843 1048 1917 oculos
1095 1842 1457 1897 amantissimi
1493 1841 1701 1911 patris;
1730 1841 1809 1897 sic
1837 1848 1893 1895 et
1922 1851 1969 1910 Β
1996 1850 2317 1912 congregata
2358 1842 2425 1896 de
2467 1849 2696 1909 utroque
2740 1840 2957 1910 populo,
2997 1838 3300 1899 Iudaeorum
3331 1837 3577 1892 videlicet

320 1935 410 2005 qui
454 1932 674 2002 perfecti
719 1941 843 1987 sunt
884 1934 937 1987 in
976 1932 1214 1989 Ecclesia
1257 1933 1447 1988 timent
1501 1946 1572 1989 ne
1620 1930 1895 2002 peccando

321 2027 591 2085 oﬂendant
619 2024 803 2079 oculos
824 2024 939 2077 Dei.

393 2117 662 2172 VERANUS.
715 2115 846 2181 Quis
873 2128 940 2167 ex
966 2113 1069 2167 illis
1098 2111 1306 2168 duobus
1335 2113 1666 2184 sapientior?

392 2207 671 2262 SALONIUS.
701 2205 944 2266 Servilis,
987 2204 1110 2272 quia
1138 2204 1444 2275 quicunque
1470 2218 1664 2273 sapere
1689 2203 1896 2272 incipit,

322 2299 426 2357 hoc
454 2303 558 2362 est,
600 2301 724 2363 post
760 2302 982 2365 peccata
1023 2307 1082 2346 se
1128 2292 1405 2359 cognoscit
1446 2307 1657 2346 errasse
1679 2330 1694 2355 ,
1724 2293 1901 2363 primo

323 2389 507 2443 divino
541 2387 734 2441 timore
762 2384 1071 2453 corripitur,
1101 2398 1171 2439 ne
1197 2382 1264 2436 ad
1293 2391 1559 2439 tormenta
1584 2384 1845 2439 trahatur.

397 2479 667 2533 Vesanus.
700 2475 906 2530 'Timor
927 2490 1061 2532 vero
1086 2481 1304 2530 sanctus
1326 2475 1452 2544 quid
1472 2476 1761 2545 operatur?

393 2565 677 2620 SALO‘NIUS.
727 2563 901 2632 Auget
964 2563 1324 2634 sapientiam,
1369 2564 1626 2632 quoniam
1673 2564 1904 2636 perfecta

325 2659 516 2712 caritas
548 2659 695 2728 foras
747 2656 907 2708 mittit
949 2656 1182 2709 timorem
1211 2654 1278 2724 (1
1300 2653 1458 2711 Joau.
1490 2655 1575 2726 IV)
1607 2654 1756 2709 illum
1782 2669 1903 2710 ser-

325 2744 504 2800 vilem.
553 2744 729 2800 Timor
766 2759 896 2798 vero
924 2752 1132 2797 sanctus
1159 2750 1423 2815 permanet
1453 2745 1507 2798 in
1534 2743 1777 2798 circulum
1804 2759 1905 2798 sa:—

325 2836 424 2890 culi
448 2835 617 2905 (Psal.
652 2834 825 2904 xvm).

395 2927 658 2981 VERANUS.
710 2925 847 2993 Quid
894 2936 976 2981 est
1013 2926 1155 2999 quod
1195 2927 1450 2984 Salomon
1478 2928 1636 2984 dicit:
1677 2928 1903 2984 Frustra

323 3016 512 3087 iacitur
551 3025 656 3070 rete
693 3024 813 3068 ante
854 3017 1029 3070 oculos
1069 3027 1408 3087 pennatorum
1437 3017 1624 3089 (Prov.
1657 3018 1727 3089 1)?
1756 3017 1903 3074 Nun-

326 3107 449 3177 quid
481 3122 585 3162 non
613 3106 789 3161 solent
815 3121 942 3162 aves
970 3121 1112 3176 saepe
1134 3106 1339 3165 retibus
1368 3109 1524 3178 capi?

396 3199 676 3254 SALONIUS.
708 3197 897 3252 Solent
922 3198 1128 3267 utique.

395 3289 658 3344 VEBANUS.
711 3286 813 3358 Qui
843 3301 973 3355 ergo
1000 3295 1125 3342 sunt
1150 3287 1238 3343 isti
1267 3288 1527 3358 pennati?

393 3379 672 3435 SALONIUS.
705 3378 891 3456 Sancti
920 3385 974 3431 et
1010 3377 1165 3433 electi
1198 3378 1320 3443 viri,
1350 3378 1443 3446 qui
1471 3378 1671 3433 habent
1697 3393 1903 3448 pennas

323 3469 446 3524 ﬁdei
475 3507 490 3531 ,
537 3469 688 3537 spei,
738 3474 793 3521 et
846 3467 1117 3532 caritatis,
1164 3475 1588 3537 ceterarumque
1640 3467 1900 3527 virtutum

324 3558 513 3628 quibus
542 3556 606 3612 ad
646 3555 880 3613 cmlestia
921 3555 1328 3625 contemplanda
1368 3557 1589 3613 volant:
1620 3557 1820 3614 habent
1847 3565 1904 3613 et

323 3647 592 3718 spiritales
637 3646 825 3700 oculos
849 3690 862 3713 ,
915 3646 1106 3714 quibus
1150 3654 1207 3700 et
1249 3644 1470 3700 insidias
1497 3646 1669 3701 hostis
1696 3647 1901 3716 antiqui

322 3724 645 3812 pmvident,
694 3748 748 3792 et
781 3746 1000 3808 peccata
1037 3746 1362 3807 prmcavent.
1420 3737 1638 3794 Frustra
1666 3752 1813 3806 ergo,
1848 3738 1900 3791 id

321 3839 424 3897 est,
459 3833 511 3885 in
537 3846 732 3886 vanum
777 3830 972 3901 jacitur
1007 3839 1121 3886 rete
1150 3840 1273 3885 ante
1302 3831 1487 3887 oculos
1508 3840 1899 3902 pennatorum;

321 3921 374 3981 id
405 3930 484 3976 est
507 3962 523 3987 ,
573 3922 796 3990 laqueus
841 3919 1155 3975 insidiarum
1195 3921 1394 3976 diaboli
1423 3920 1675 3990 objicitur
1700 3922 1898 3976 sanctis

322 4020 379 4064 et
407 4012 591 4065 electis
618 4011 773 4077 viris,
799 4012 924 4079 quia
954 4011 1108 4066 facile
1134 4012 1189 4065 in
1220 4020 1361 4066 terra
1390 4027 1645 4087 superare
1678 4022 1899 4081 possunt

321 4100 542 4156 insidias
569 4100 799 4163 diaboli,
830 4100 921 4172 qui
946 4117 1097 4157 suam
1124 4104 1587 4159 conversationem
1614 4104 1814 4161 habent
1842 4107 1896 4164 in

319 4190 492 4246 cmlis.

391 4282 658 4352 venimus.
709 4278 837 4349 Quae
884 4289 969 4336 est
1014 4282 1274 4353 sapientia
1324 4282 1391 4338 de
1435 4299 1541 4354 qua
1579 4283 1711 4340 dicit
1744 4283 1898 4340 Salo-

316 4388 478 4427 mon:
512 4372 783 4444 Sapientia
810 4373 942 4445 foris
969 4374 1240 4443 praedicat,
1274 4374 1329 4427 in
1351 4374 1534 4445 plateis
1564 4375 1703 4431 dedit
1729 4393 1895 4436 vocem

315 4480 465 4518 suam
479 4463 504 4515 ?

2001 1943 2057 1989 et
2094 1935 2351 2004 gentium.
2404 1931 2569 1988 Fores
2608 1939 2884 2004 portarum
2912 1930 3070 2000 hujus
3099 1929 3244 1984 urbis
3280 1929 3448 1984 sancti
3475 1927 3576 1982 do-

1999 2034 2179 2080 ctores
2226 2022 2475 2089 fuerunt,
2504 2022 2597 2092 qui
2633 2021 2856 2076 verbum
2899 2018 3173 2088 Evangelii
3216 2016 3578 2088 prmdicando,

2000 2113 2283 2169 credentes
2327 2111 2382 2166 in
2435 2126 2553 2165 eam
2583 2108 3018 2164 introduxerunt.
3069 2107 3341 2176 Sapientia
3368 2120 3496 2174 ergo
3524 2105 3577 2159 in

2002 2203 2205 2257 foribus
2232 2210 2508 2271 portarum
2535 2200 2684 2254 urbis
2705 2199 2868 2253 verba
2898 2213 2994 2252 sua
3015 2196 3338 2267 proferebat,
3362 2192 3579 2265 quando

2002 2294 2247 2349 Christus
2276 2293 2329 2349 in
2357 2290 2616 2361 apostolis
2645 2291 2755 2345 suis
2779 2288 3118 2358 loquebatur.

2074 2382 2341 2437 Vesanus.
2374 2380 2510 2446 Quid
2540 2388 2624 2434 est
2652 2378 2797 2448 quod
2835 2379 2910 2432 ait
2935 2395 2946 2430 :
2981 2376 3188 2437 Inclina
3226 2394 3314 2434 cor
3344 2388 3479 2435 tuum
3510 2375 3579 2428 ad

2002 2471 2391 2542 intelligendam
2439 2470 2767 2541 prudentiam
2812 2468 2989 2540 (Prov.
3021 2468 3118 2536 n)?
3168 2466 3450 2534 Quomodo
3479 2482 3568 2537 [ιον

2004 2570 2109 2618 test
2134 2563 2296 2615 homo
2323 2561 2581 2616 inclinare
2603 2560 2735 2615 cor?

2073 2653 2353 2709 SALONIUS.
2385 2652 2480 2708 ille
2516 2652 2735 2731 inclinat
2762 2665 2858 2707 cor
2884 2665 3038 2706 suum
3067 2649 3133 2703 ad
3156 2647 3578 2717 cognoscendam

2003 2744 2380 2819 prudentiam,
2424 2743 2519 2813 qui
2556 2741 2801 2797 humiliat
2845 2755 2905 2795 se
2952 2748 3008 2795 et
3051 2738 3305 2794 emunth
3345 2739 3578 2795 animum

2002 2852 2157 2892 suum
2186 2852 2217 2890 a
2243 2836 2478 2906 peccatis
2500 2875 2515 2901 ,
2547 2842 2606 2889 ut
2645 2833 2835 2901 dignus
2878 2830 2972 2886 ﬁat
3007 2832 3071 2886 ad
3100 2829 3439 2903 percipienda
3467 2846 3577 2901 myv

2002 2929 2166 2985 steria
2190 2926 2512 2985 DivinitatiS.

2076 3020 2342 3077 Venmcs.
2376 3016 2512 3083 Quid
2539 3016 2783 3085 estquod
2806 3013 2935 3071 dicit
2961 3032 2973 3069 :
3008 3010 3091 3069 Ne
3110 3012 3353 3071 innitaris
3381 3011 3577 3083 sapieuo

2003 3115 2088 3167 tia:
2116 3110 2252 3167 tute?
2277 3109 2409 3176 Quis
2439 3110 2581 3165 enim
2610 3108 2854 3166 innititur
2880 3107 3195 3177 sapientiae?

1929 3206 1973 3263 Β
2075 3201 2350 3260 Satomus.
2396 3198 2489 3251 llic
2526 3197 2618 3266 qui
2653 3211 2749 3253 sua
2797 3197 3057 3267 sapientia
3080 3237 3094 3262 ,
3125 3203 3219 3250 aut
3244 3196 3355 3251 suis
3382 3193 3580 3252 viribus

2005 3288 2225 3345 conlidit
2251 3303 2311 3342 sc
2339 3301 2494 3357 posse
2522 3286 2746 3355 implere
2771 3286 2951 3341 divina
2979 3286 3250 3344 mandata.

2074 3379 2341 3435 VEBANUS.
2380 3375 2521 3431 Ecce
2555 3376 2749 3439 iterum
2779 3375 2944 3431 dicit:
2984 3374 3071 3431 Ne
3102 3378 3174 3430 ris
3207 3378 3410 3446 sapiens
3444 3373 3579 3444 apud

2003 3471 2324 3539 temetipsum
2363 3466 2545 3536 (Prov.
2570 3465 2672 3537 ιιι).
2733 3464 2865 3541 Quis
2908 3466 3052 3524 enim
3093 3476 3177 3522 est
3199 3468 3411 3541 sapiens
3440 3465 3578 3535 apud

2001 3563 2345 3630 semetipsum
2360 3561 2384 3615 ἲ

2073 3653 2352 3707 διιοκιιιε.
2400 3651 2494 3712 Ille
2532 3659 2681 3707 certe
2711 3651 2802 3721 qui
2842 3665 2903 3705 se
2932 3665 3039 3719 pra:
3067 3649 3276 3704 caeteris
3300 3649 3452 3718 quasi
3476 3650 3575 3704 do.

2002 3755 2120 3800 ctor
2147 3742 2395 3808 extollit,
2443 3750 2498 3796 et
2521 3741 2688 3811 jactat
2722 3740 2791 3797 de
2817 3741 2901 3795 his
2928 3754 3047 3808 qua:
3076 3754 3143 3794 ex
3171 3738 3327 3794 dictis
3356 3738 3573 3801 Patrum

2008 3843 2151 3890 recte
2176 3846 2504 3901 cognoscere
2530 3845 2594 3886 ac
2622 3830 2921 3899 intelligere
2947 3830 3143 3901 potuit.

2073 3925 2341 3981 Vsmus.
2371 3924 2501 3990 Quae
2528 3929 2612 3977 est
2636 3923 2897 3993 sapientia
2924 3938 3053 3979 vera
3079 3922 3346 3977 hominis?

2070 4015 2347 4071 Summus.
2380 4013 2592 4069 Timere
2637 4013 2919 4067 Dominum
2965 4020 3021 4069 et
3060 4013 3313 4071 recedere
3338 4028 3368 4066 a
3399 4012 3569 4077 malo;

1999 4114 2054 4161 et
2082 4106 2188 4161 hoc
2215 4113 2296 4160 est
2322 4105 2465 4174 quod
2504 4119 2631 4163 mox
2673 4104 2912 4174 sequitur
2948 4121 2961 4158 :
2997 4103 3139 4161 Time
3173 4102 3451 4158 Dominum
3474 4145 3486 4169 ,
3518 4111 3569 4160 et

1998 4196 2178 4251 recede
2198 4213 2227 4248 α
2249 4195 2406 4249 malo.

2070 4286 2335 4343 Vesanus.
2371 4282 2523 4342 Unde
2561 4283 2666 4340 scis
2703 4284 2850 4355 quod
2887 4284 3000 4339 lucc
3027 4298 3152 4338 vera
3179 4284 3438 4355 sapientia
3466 4285 3568 4342 lio.-

1998 4363 2195 4435 minis?

2069 4466 2349 4522 SALONIUS.
2379 4462 2512 4532 Quia
2534 4465 2588 4519 in
2615 4464 2752 4520 libro
2777 4464 2876 4519 Job
2905 4465 3164 4534 scriptum
3192 4473 3309 4520 est:
3344 4465 3480 4526 Ecce
3503 4468 3569 4520 tio

386 4553 664 4609 SALONIUS.
714 4551 912 4610 Christi
956 4553 1085 4611 Jesu
1126 4556 1332 4626 quiest
1374 4556 1472 4613 Dei
1517 4534 1687 4615 virtus
1718 4567 1774 4616 et
1799 4560 1893 4618 Dei
1924 4555 1969 4615 D
1999 4576 2108 4619 mor
2150 4557 2359 4612 Domini
2398 4560 2506 4629 ipse
2543 4568 2621 4613 est
2664 4559 2949 4629 sapientia;
2997 4566 3044 4617 et
3073 4558 3305 4615 recedere
3339 4576 3372 4613 a
3407 4562 3568 4626 malo,

312 4643 597 4712 sapientia,
629 4645 765 4699 sicut
791 4645 918 4701 dicit
939 4644 1254 4715 Apostolus.

386 4730 653 4787 VERANUS.
701 4731 828 4789 Haec
853 4747 981 4802 ergo
1010 4735 1272 4807 sapientia
1298 4738 1571 4806 quomodo
1599 4738 1729 4798 foris
1751 4757 1892 4813 prte-

311 4821 488 4876 dicat?

381 4909 658 4966 Suom»...
692 4911 839 4971 Intus
868 4915 1206 4986 praedicavit,
1235 4917 1289 4972 id
1317 4924 1400 4972 est
1428 4918 1482 4973 in
1509 4928 1720 4975 secreto
1740 4960 1756 4985 ,
1788 4937 1887 4976 an-

308 5005 526 5068 tequam
556 5006 848 5069 pateretur,
877 5003 1002 5070 quia
1023 5003 1205 5072 paucis
1230 5004 1306 5074 (id
1329 5014 1411 5060 est
1435 5007 1561 5061 solis
1589 5007 1882 5079 discipulis)

308 5094 565 5163 mysteria
599 5108 707 5147 sua:
735 5093 1028 5149 divinitatis
1056 5096 1317 5161 ostendit;
1363 5105 1488 5168 post
1532 5100 1884 5157 resurrectio~

306 5197 432 5235 nem
464 5197 591 5236 vero
619 5198 769 5237 suam
796 5183 924 5238 foris
951 5184 1279 5258 praedicavit,
1311 5188 1435 5255 quia
1464 5188 1626 5244 misso
1655 5190 1887 5260 desuper

304 5268 505 5339 Spiritu
535 5279 741 5332 sancto,
775 5281 960 5340 aperte
987 5288 1045 5327 se
1072 5288 1168 5342 per
1187 5275 1477 5346 apostolos,
1509 5278 1652 5348 quod
1681 5280 1775 5336 Dei
1798 5280 1886 5336 Fi—

305 5359 409 5414 lius
439 5368 598 5422 esset,
632 5361 830 5415 mundo
856 5363 1169 5421 declaravit.

286 5486 289 5489 -
380 5448 644 5505 νειυλκυε.
697 5448 980 5516 Quomodo
1009 5455 1062 5507 in
1086 5455 1276 5524 plateis
1307 5456 1451 5512 dedit
1480 5472 1665 5512 vocem
1695 5460 1885 5514 suam?

375 5536 651 5594 SALONIUS.
684 5539 816 5606 Quia
844 5557 963 5613 qua:
999 5553 1125 5600 ante
1161 5546 1215 5601 in
1253 5556 1465 5603 secreto
1488 5557 1543 5603 et
1571 5549 1623 5604 in
1647 5551 1880 5617 occulto,

304 5637 360 5683 et
389 5630 440 5682 in
472 5646 577 5683 uno
606 5638 808 5685 tantum
836 5629 1139 5691 Judzcorum
1161 5637 1358 5707 populo
1380 5638 1656 5703 docuerat,
1692 5651 1881 5710 postea

305 5719 358 5775 in
387 5719 665 5778 latitudine
693 5722 988 5790 plebeium,
1037 5733 1092 5779 et
1125 5741 1305 5783 coram
1344 5730 1591 5785 euntibus
1626 5731 1882 5798 gentibus

624 5812 889 5871 Ιίτιιυι..
938 5814 1087 5876 Llli.

1997 4648 2360 4718 intelligentia.

2064 4737 2332 4792 ὶέιιλιςυε.
2379 4735 2510 4803 Quis
2554 4738 2645 4794 ille
2688 4739 2852 4794 homo
2881 4738 2947 4793 de
2977 4754 3083 4819 quo
3113 4738 3367 4795 Salomon
3397 4740 3563 4796 dicit:

1995 4826 2185 4882 Beatus
2207 4828 2355 4881 homo
2376 4828 2461 4898 qui
2487 4827 2681 4882 invenit
2700 4830 3005 4899 sapientiam
3018 4829 3044 4882 Ρ

2062 4917 2342 4973 διιοκιυε.
2372 4918 2704 4978 Christianus
2733 4918 2903 4975 ﬁdelis
2930 4930 2983 4975 et
3010 4921 3323 4984 catholicus.

2060 5009 2329 5066 VERANUS.
2359 5008 2585 5077 Quando
2614 5010 2715 5065 iste
2742 5012 2945 5066 invenit
2968 5013 3327 5087 sapientiam?

2060 5098 2338 5155 SALONIUS.
2352 5096 2483 5153 Cum
2506 5098 2802 5154 doctrinam
2818 5102 3073 5165 veritatis,
3099 5102 3150 5156 id
3170 5112 3253 5158 est
3270 5102 3563 5174 Evangelii.

1990 5203 2218 5259 corpore
2243 5188 2400 5243 simul
2420 5197 2477 5243 et
2497 5189 2658 5244 corde
2685 5190 2929 5265 percipit,
2959 5200 3013 5247 et
3044 5192 3096 5248 in
3124 5193 3413 5265 Scripturis
3437 5211 3561 5249 sau-

1990 5281 2110 5345 ctis,
2139 5280 2350 5335 Domini
2377 5280 2707 5337 voluntatem
2731 5271 2918 5344 studet.
2937 5298 3281 5354 cognoscere.

2068 5371 2331 5425 VEBANUS.
2364 5368 2591 5437 Quando
2619 5370 2788 5429 aﬂluit
2814 5375 3131 5444 prudentia?

2063 5461 2345 5517 SALONIUS.
2392 5460 2619 5527 Quando
2648 5477 2770 5517 cum
2811 5479 3004 5533 magno
3028 5480 3211 5520 amore
3239 5474 3294 5520 et
3323 5467 3401 5519 sui
3431 5483 3555 5522 con-

1986 5553 2177 5608 ditoris
2219 5551 2506 5609 dilectione
2549 5552 2696 5607 audit
2736 5562 3002 5627 praecepta
3049 5554 3257 5620 divina,
3300 5565 3354 5610 et
3399 5574 3561 5626 0pch

1985 5644 2163 5699 studet
2191 5643 2432 5713 implere.

2057 5734 2325 5789 VEBANUS.
2366 5732 2504 5802 Quid
2534 5742 2618 5789 est
2644 5735 2785 5808 quod
2813 5737 2917 5793 ait:
2961 5736 3071 5797 Vite
3095 5738 3206 5815 ejus
3234 5740 3479 5805 metrica.

3212 5828 3285 5891 3i
