3964 6178
426 274 524 330 an
1702 272 1977 329 saeonu
2016 274 2410 355 \thNNENSts
3268 281 3273 286 ’
3592 282 3705 343 s73

426 402 599 444 oi‘n'nes
645 386 842 443 semita:
887 400 998 453 ejus
1036 386 1313 455 paciﬁcw?
1349 384 1477 451 Quae
1506 394 1631 440 sunt
1656 386 1771 441 ista:
1800 387 1896 442 vize
1924 402 2010 441 sa-
2039 396 2080 449 Α
2183 388 2464 442 Summus.
2504 386 2606 443 Per
2644 388 2759 445 vias
2804 405 2923 461 qua:
2951 407 2983 445 a
3010 392 3389 461 deitris'sunt,
3419 393 3714 464 designan-

427 479 660 548 pientiae,
693 486 926 547 aut'qua:
954 485 1076 529 sunt
1095 476 1309 530 semita:
1328 476 1481 545 ejus?
2123 492 2207 536 tur
2236 491 2433 542 sancite
2461 484 2702 538 actiones
2735 493 2790 539 et
2822 500 2985 554 opera
3030 486 3205 540 bona:
3229 482 3367 541 ‘lnec
3393 488 3537 542 enim
3561 490 3716 545 novit

500 570 782 624 Ssnomus.
846 567 954 620 Viae
1006 567 1283 636 sapientia:
1329 575 1457 622 sunt
1514 569 1756 624 actiones
1805 568 2014 624 Domini
2104 571 2422 636 ’Dominus,
2472 572 2525 627 id
2571 582 2690 640 est,
2740 573 2960 642 dirigit,
3015 585 3072 630 et
3099 576 3312 645 placent
3341 576 3629 633 itli.'Uude
3658 590 3718 635 et

429 678 562 732 quas
589 661 753 729 gessit
782 661 833 712 in
861 674 1045 726 carne,
1070 661 1184 714 sive
1208 658 1472 713 doctrinae
1499 660 1665 728 ipsius
1684 675 1813 729 qua:
1839 659 2015 713 couti-
2120 673 2341 718 econtra
2388 664 2440 717 in
2478 664 2681 733 judicio
2729 666 2970 722 dicturus
2999 678 3081 722 est
3111 670 3352 740 reprobis
3377 688 3392 725 :
3437 670 3563 725 Non
3592 674 3716 727 nari

431 760 627 807 nentur
675 751 729 804 in
769 750 919 805 libris
959 748 1236 819 Evangelii
1266 767 1280 815 ;
1320 764 1439 818 qua:
1468 750 1566 804 via:
1592 750 1838 818 pulchra:
1868 756 2010 813 sunt,
2120 770 2208 807 vos
2231 770 2249 807 :
2280 754 2385 809 hoc
2408 762 2511 819 est,
2547 770 2657 809 non
2683 771 2778 811 \os
2798 757 2956 825 elegi,
2991 774 3098 812 non
3126 760 3271 813 enim
3299 761 3431 815 mihi
3448 762 3718 831 placetis,

431 842 554 910 quia
598 841 813 896 divinte.
894 840 1112 895 Semita:
1158 840 1433 909 sapientia:
1479 849 1605 894 sunt
1648 851 1920 909 praecepta
1965 850 2019 896 ct
2114 846 2247 915 quia
2301 861 2409 900 non
2458 861 2554 901 vos
2597 847 2756 903 video
2797 848 2850 903 in
2880 849 2999 905 luce
3033 865 3325 918 mea,'non
3345 868 3445 907 vos
3468 853 3631 909 video
3658 856 3718 911 in

432 934 683 989 mandata
710 931 951 996 Domini,
982 945 1099 998 qua:
1125 928 1190 983 ad
1219 944 1404 998 pacem
1432 936 1687 983 azternam
1715 947 1728 981 :
1761 927 2015 999 pacilicze,

432 1025 557 1094 quia
604 1023 786 1079 omnia
840 1028 1107 1092 praecepta
1157 1019 1366 1073 Domini
1413 1019 1482 1073 ad
1529 1035 1717 1089 pacem
1762 1028 2019 1074 :eternam

434 1114 752 1186 perducunt.

505 1205 777 1259 Vensnus.
829 1203 904 1258 De
932 1217 1036 1271 qua
1084 1204 1203 1274 lege
1244 1212 1342 1255 aut
1367 1202 1434 1255 de
1469 1217 1576 1271 quo
1622 1201 1848 1256 consilio
1894 1200 2024 1255 dicit

437 1294 715 1361 Salomon,
746 1309 869 1349 cum
898 1295 973 1346 ait
999 1311 1011 1345 :
1056 1292 1268 1348 Custodi
1298 1295 1459 1363 legem
1486 1302 1635 1362 atque
1653 1292 1962 1346 consilium?

505 1387 788 1442 SALONIUS.
836 1385 912 1440 De
955 1385 1071 1453 lege
1121 1385 1367 1439 videlicet
1406 1400 1469 1439 ac
1491 1383 1715 1439 consilio
1735 1383 2021 1453 sapientia:

439 1482 650 1536 Domini
677 1479 805 1535 Jesu
860 1479 1079 1534 Christi.

504 1570 778 1625 ‘Vsnauus.
806 1568 938 1635 Qua:
965 1577 1047 1624 est
1074 1570 1161 1623 lex
1191 1568 1505 1637 sapientiae?

510 1662 792 1716 SALONIUS.
825 1659 935 1716 Lex
959 1661 1234 1730 sapientia:
1262 1669 1371 1724 est,
1396 1674 1516 1727 qua:
1544 1659 1671 1713 dicit
1696 1677 1709 1711 :
1743 1659 1804 1712 Si
1832 1659 1907 1713 vis
1934 1659 2020 1713 in-

2112 935 2323 1004 justitia
2353 952 2494 993 mea.

2192 1028 2461 1085 Vesanus.
2493 1029 2629 1097 Quid
2657 1041 2740 1088 est
2779 1034 2922 1104 quod
2960 1034 3126 1091 dicit:
3158 1035 3244 1091 Ne
3275 1039 3365 1094 des
3398 1042 3586 1096 alienis
3616 1043 3717 1097 lio-

2122 1134 2300 1171 norem
2321 1126 2465 1173 tuum
2489 1161 2505 1187 ,
2535 1129 2584 1174 et
2618 1138 2784 1176 annos
2822 1133 2933 1179 tuos
2954 1126 3150 1180 crudeli
3172 1126 3351 1198 (Prov.
3385 1130 3473 1201 v)?
3496 1132 3572 1187 De
3600 1148 3715 1201 quo

2121 1208 2329 1264 honore
2359 1210 2507 1275 dicit,
2539 1220 2633 1267 aut
2658 1228 2795 1283 quos
2824 1229 2980 1271 vocat
3008 1218 3252 1274 alienos?

2195 1300 2475 1357 SALONIUS.
2510 1302 2598 1357 De
2628 1304 2832 1362 honore
2860 1307 3020 1373 dicit,
3062 1312 3207 1378 quod
3236 1311 3406 1367 factus
3433 1322 3517 1368 est
3546 1314 3720 1369 homo

2121 1389 2191 1443 ad
2224 1391 2507 1460 imaginem
2540 1393 2631 1449 Dei
2660 1412 2672 1446 :
2705 1394 2931 1462 alienos,
2959 1398 3232 1455 dannones
3261 1403 3516 1471 appellat,
3549 1413 3607 1458 et
3628 1415 3718 1458 est

2120 1496 2314 1538 sensus
2339 1502 2351 1537 :
2392 1484 2470 1539 Ne
2507 1486 2768 1541 honorem
2799 1495 2983 1554 tuum,
3025 1491 3170 1559 quod
3197 1492 3263 1546 ad
3294 1494 3583 1562 imaginem
3614 1495 3713 1550 Dei

2126 1583 2336 1629 creatus
2360 1590 2439 1641 es,
2463 1577 2601 1631 male
2628 1576 2857 1633 vivendo
2878 1580 3074 1634 subdas
3103 1582 3390 1637 immundis
3409 1584 3715 1654 spiritibus.

2193 1666 2458 1722 VEMNUS.
2491 1666 2661 1735 Quem
2689 1669 2923 1739 appellat
2951 1665 3254 1737 crudelem;
3293 1682 3387 1727 aut
3422 1675 3491 1729 de
3520 1675 3719 1745 quibus

440 1752 585 1823 gredi
614 1751 684 1805 ad
713 1751 885 1816 vitam,
914 1766 1063 1803 serva
1084 1750 1354 1813 inundata,
1387 1748 1439 1800 id
1463 1758 1677 1815 est,non
1694 1748 2031 1812 occides,non
2065 1758 2110 1816 Β
2136 1757 2290 1812 annis
2313 1756 2477 1812 dicit?

439 1843 790 1909 mwchaberis,
816 1858 919 1896 non
951 1844 1145 1913 furtum
1184 1842 1341 1913 {acies
1371 1839 1583 1910 (Matth.
1612 1853 1731 1905 nx;
1760 1839 1929 1895 Marc.
1963 1858 2027 1908 ις

440 1937 566 1992 Luc.
601 1937 771 2006 xvm).

508 2027 780 2082 Vensnus.
809 2026 962 2093 Quod
986 2026 1374 2089 estconsilinm
1404 2024 1719 2094 sapientia)?

511 2119 792 2173 SALomus.
826 2119 887 2173 Si
914 2119 1005 2171 “vis
1048 2119 1304 2187 perfectas
1342 2131 1492 2179 esse,
1529 2114 1695 2169 vende
1722 2116 1895 2169 omnia
1920 2131 2034 2186 qua:

442 2209 616 2272 trabes,
646 2216 697 2262 et
723 2206 792 2261 da
804 2207 1165 2279 pauperibus;

509 2296 953 2364 VSMNUSuQuid
988 2305 1085 2352 est
1132 2297 1277 2366 quod
1316 2298 1430 2349 ait:
1464 2295 1792 2351 Atiominatio
1823 2294 2032 2349 Domini

443 2397 520 2444 est
549 2388 717 2443 omnis
742 2387 961 2441 illusor?
990 2386 1230 2452 Quiscsl
1256 2386 1475 2439 illusor?

514 2478 796 2533 Saeost.
829 2477 1021 2532 lllusor
1058 2484 1141 2531 est
1164 2476 1264 2544 qui
1288 2476 1451 2529 verba
1481 2474 1576 2529 Dei
1605 2489 1857 2544 perverse
1886 2471 2038 2526 intel-

443 2567 659 2638 ligendo
705 2576 761 2622 et
803 2566 1050 2622 docendo
1096 2565 1411 2635 corrumpit.
1467 2563 1657 2619 lllusor
1684 2563 1879 2632 estqui
1908 2577 2035 2617 suos

444 2660 724 2731 proximos
762 2657 1411 2728 simplices-et-paupcres
1451 2652 1759 2708 insultando
1789 2662 2033 2707 contem-

445 2748 544 2805 nit.
574 2747 766 2801 lllusor
793 2754 877 2801 est
911 2747 1004 2815 qui
1033 2755 1225 2814 magna
1268 2744 1364 2799 Dei
1392 2744 1654 2813 promissa
1687 2743 1839 2812 quasi
1870 2757 2034 2813 parva

445 2840 709 2910 despicit,
752 2848 808 2894 et
846 2852 1062 2908 pmnam
1088 2844 1303 2891 aeterna:
1332 2835 1695 2890 damnationis
1722 2834 1871 2903 quasi
1899 2833 2035 2888 tole-

452 2932 670 2987 rabilem
699 2931 921 2998 spernit.
954 2928 1151 2981 Omnes
1179 2927 1281 2980 bos
1318 2926 1453 2979 tales
1480 2925 1822 2979 abominatur
1849 2922 2035 2976 Domi-

452 3037 575 3090 nus,
604 3029 659 3075 et
680 3034 804 3074 eum
833 3016 1166 3086 simplicibus
1195 3022 1279 3068 est
1305 3014 1686 3069 sermocinatio
1726 3013 1869 3081 ejus,
1906 3013 2033 3080 quia

2203 1849 2481 1906 Summus.
2512 1852 2697 1907 Annos
2722 1861 2883 1908 vocat
2910 1854 3080 1923 spatia
3111 1853 3265 1923 vine;
3294 1858 3569 1913 crudelem
3597 1859 3719 1913 dia-

2120 1942 2315 1998 bolum
2336 1982 2353 2008 ,
2407 1949 2463 1997 et
2509 1951 2591 1998 est
2635 1959 2861 1999 sensus:
2912 1944 3099 2014 Spatia
3127 1948 3265 2010 vine,
3297 1962 3417 2018 quae
3446 1950 3540 2004 tibi
3569 1951 3721 2006 dedit

2134 2031 2440 2095 Deus,male
2468 2032 2695 2089 vivendo
2724 2048 2791 2088 ne
2819 2034 2999 2088 tradas
3027 2034 3260 2090 diabolo.

2205 2123 2477 2179 Vesanus.
2506 2123 2585 2179 De
2610 2141 2714 2194 qua
2740 2126 2989 2180 cisterna
3029 2127 3190 2182 docet
3230 2127 3490 2183 Salomon
3531 2130 3720 2186 bibere

2135 2228 2328 2296 aquam
2351 2254 2366 2280 ,
2397 2222 2490 2269 aut
2532 2215 2600 2270 de
2642 2228 2750 2284 quo
2788 2224 2949 2285 pater)
2978 2216 3216 2282 lluenta,
3247 2234 3371 2275 eum
3393 2220 3559 2275 dicit:
3596 2220 3720 2275 Bibe

2135 2321 2319 2377 aquam
2349 2306 2412 2360 de
2435 2308 2659 2361 cisterna
2678 2318 2787 2370 tua,
2812 2317 2862 2361 et
2885 2309 3082 2377 ﬂuenta
3109 2311 3246 2378 putei
3269 2312 3380 2364 tui?

2206 2394 2483 2451 SALONIUS.
2515 2395 2815 2452 Cisternam
2841 2407 2998 2453 vocat
3038 2400 3356 2463 cathoEieani
3377 2443 3392 2467 ,
3424 2402 3478 2456 id
3502 2412 3586 2458 est
3610 2403 3719 2458 Ye—

2140 2484 2269 2538 teris
2298 2491 2354 2538 et
2388 2483 2523 2540 Novi
2570 2484 2901 2541 Testamenti
2945 2487 3278 2556 doctrinam;
3323 2500 3547 2561 puteum
3586 2508 3718 2548 vero

2138 2575 2557 2645 profunditatem
2594 2585 2649 2632 et
2676 2578 3011 2636 altitudinem
3046 2579 3593 2650 ejusdemwalliolica:
3618 2584 3729 2639 doc

2137 2669 2361 2722 etrime:
2393 2684 2618 2740 aquam,
2646 2670 2960 2726 scientiam:
2993 2670 3194 2727 ﬂuenta
3229 2675 3522 2744 eopiamet
3545 2677 3716 2731 abun-

2141 2755 2381 2811 dantiam
2409 2757 2677 2824 scientize,
2722 2758 2777 2813 id
2804 2768 2889 2816 est
2913 2763 3092 2818 varios
3117 2778 3283 2818 saerze
3310 2764 3597 2834 Scriptura.-
3618 2781 3716 2837 ap-

2139 2847 2307 2917 pellat
2332 2846 2653 2903 intellectus.
2703 2846 2875 2904 Docet
2919 2850 3062 2905 enim
3108 2850 3191 2905 his
3220 2853 3430 2916 verbis.
3452 2870 3652 2910 cavere
3682 2870 3717 2909 a

2138 2936 2379 2990 doctrina
2422 2936 2808 2993 haereticorum
2850 2947 2906 2993 et
2950 2941 3225 2996 attendere
3277 2942 3598 2998 lectionibus
3624 2959 3718 2998 sa-

2139 3041 2352 3081 crarum
2394 3024 2827 3097 Scripturarum,
2854 3036 2928 3084 et
2968 3038 3052 3085 est
3092 3046 3322 3087 sensus:
3362 3032 3492 3087 Bibe
3530 3046 3719 3106 quam

449 3114 573 3169 illos
601 3111 771 3178 gratia
792 3108 1028 3164 ccelestis
1055 3106 1330 3175 sapientiae
1353 3105 1634 3169 illuminat,
1666 3105 1789 3173 quia
1814 3104 1946 3158 nihil
1980 3105 2034 3158 in
2062 3114 2105 3174 ρ
2137 3117 2201 3172 de
2220 3117 2444 3171 cisterna
2470 3126 2557 3171 ηια
2581 3159 2596 3183 ,
2640 3117 2690 3171 id
2720 3127 2805 3173 es;
2850 3135 3005 3175 εει-να
3030 3131 3087 3176 ει
3129 3137 3292 3191 opere
3314 3124 3490 3193 jum
3517 3104 3720 3179 ἀδωνὶ-

449 3221 509 3261 se
537 3202 865 3273 duplicatum
895 3199 1114 3253 habent.

524 3294 794 3349 νειιριιιίυε.
826 3289 1004 3357 Quare
1028 3287 1305 3345 [Salomon
1346 3288 1511 3343 dicit:
1552 3287 1622 3342 Et
1661 3304 1755 3360 ego
1794 3288 1936 3358 [ilius
1960 3288 2037 3358 {ui

453 3385 617 3461 patris
660 3383 786 3447 mei,
835 3381 1046 3435 tenellus
1092 3390 1140 3434 et
1193 3381 1488 3449 unigenitus
1528 3396 1701 3433 coram
1734 3389 1900 3432 matre
1923 3394 2037 3431 mea

456 3478 638 3547 (Prov.
685 3473 797 3545 iv)?
851 3471 1133 3539 Quomodo
1188 3471 1490 3541 unigenitus
1543 3468 1642 3524 fuit
1694 3484 1879 3524 coram
1919 3483 2037 3523 ma-

458 3579 543 3621 tre
570 3580 698 3628 sua,
737 3580 857 3619 eum
889 3563 1224 3633 prmcesserit
1244 3578 1366 3617 eum
1390 3561 1556 3616 frater
1582 3561 1851 3625 uterinus,
1897 3560 2039 3614 sicut

455 3658 735 3728 Scriptura
760 3661 946 3709 sancta
975 3654 1098 3708 libri
1127 3653 1330 3722 Regum
1359 3646 1568 3725 (llReg.
1601 3653 1700 3722 xu)
1734 3654 1998 3708 testatur?

527 3751 805 3805 SALO‘NIUS.
855 3746 1054 3802 Verum
1097 3754 1180 3800 est
1215 3747 1342 3816 quia
1383 3745 1661 3815 praecessit
1703 3759 1824 3799 eum
1873 3744 2040 3798 frater

457 3841 722 3904 uterinus,
753 3837 849 3892 sed
878 3835 967 3890 ille
996 3850 1120 3890 mox
1150 3844 1392 3889 mortuus
1420 3842 1502 3888 est
1528 3851 1541 3886 :
1573 3835 1727 3904 quasi
1755 3849 2029 3903 nunquam

458 3931 679 3996 fuisset,
707 3929 823 3983 sine
854 3927 1072 3982 nomine
1101 3927 1167 3981 ab
1197 3927 1299 3981 hac
1326 3926 1436 3981 vita
1462 3925 1724 3992 discessit,
1750 3935 2039 3997 prepterea

396 4038 399 4041 ‘
457 4039 517 4077 se
547 4021 876 4090 unigenitum
908 4018 1163 4088 appellat.

530 4113 799 4166 νεικεῦς.
843 4109 1021 4176 Quare
1050 4108 1210 4163 dicit:
1246 4106 1371 4162 Non
1401 4108 1625 4163 declines
1653 4109 1723 4162 ad
1752 4109 2038 4176 dexteram,

458 4222 618 4278 neque
647 4204 717 4259 ad
745 4202 1052 4258 sinistram?
1079 4201 1209 4268 Quis
1237 4201 1381 4256 enim
1408 4215 1467 4256 se
1493 4202 1567 4255 ita
1590 4202 1870 4256 continere
1894 4208 2044 4272 pote-

457 4298 552 4366 rit,
586 4304 878 4364 ut,eorpus
893 4308 1059 4347 suum
1090 4292 1144 4345 in
1171 4291 1449 4346 dexteram
1478 4298 1685 4361 partem
1715 4299 1808 4346 aut
1834 4292 1888 4345 in
1913 4291 2064 4356 sini:

461 4399 629 4445 stram
660 4404 766 4443 non
796 4387 1065 4442 declinet?

2138 3224 2262 3262 nam
2290 3222 2450 3276 quam
2494 3208 2612 3261 aliis
2652 3208 2975 3277 prazdiearis.
3023 3209 3094 3265 Et
3118 3212 3329 3281 ﬂuenta
3357 3214 3498 3283 pulei
3518 3215 3592 3267 tui
3622 3231 3638 3267 :
3669 3214 3719 3268 id

2137 3309 2221 3354 cst
2248 3298 2576 3354 abundantia
2605 3302 2869 3357 sermonis
2898 3303 3002 3368 tui,
3033 3318 3126 3358 seu
3162 3304 3408 3359 scientia:
3436 3304 3719 3360 inﬂuente!

2137 3390 2190 3444 in
2223 3399 2274 3444 te
2304 3388 2569 3444 redundet
2590 3390 2839 3460 operibus
2866 3391 3041 3446 bonis.

2210 3479 2481 3535 Vesanus.
2515 3480 2691 3547 Quare
2723 3481 2852 3537 dicit
2885 3481 3182 3538 Salomon:
3225 3483 3532 3540 Deriventur
3555 3488 3719 3558 {antes

2129 3574 2212 3626 ‘tni
2257 3574 2419 3643 foras,
2466 3583 2513 3626 et
2554 3574 2608 3626 in
2636 3573 2820 3643 plateis
2842 3591 3000 3644 aquas
3027 3584 3144 3630 tuas
3168 3576 3368 3642 divide,
3392 3592 3518 3631 cum
3543 3579 3716 3632 statim

2138 3650 2426 3731 subjimgat
2451 3680 2463 3714 :
2499 3661 2700 3716 Habeto
2724 3680 2814 3716 eas
2841 3663 2980 3718 solas
3000 3704 3015 3728 ,
3051 3681 3115 3718 ne
3142 3665 3245 3717 sint
3267 3664 3425 3719 alieni
3440 3667 3718 3736 participes

2140 3753 2250 3806 tui?
2275 3752 2333 3807 Si
2361 3751 2538 3807 fontes
2565 3761 2780 3808 nostros
2808 3752 2949 3809 foras
2974 3754 3306 3821 derivamus,
3350 3763 3407 3810 et
3448 3758 3504 3811 in
3534 3757 3718 3826 plateis

2138 3855 2307 3911 aquas
2352 3841 2663 3909 dividimus;
2703 3843 2975 3911 quomodo
3020 3844 3122 3899 soli
3170 3860 3259 3899 eas
3302 3845 3504 3901 habere
3528 3860 3716 3915 possu-

2138 3934 2292 3988 mus?

2209 4024 2487 4081 Saeomus.
2523 4024 2775 4092 Quamvis
2806 4026 2859 4081 in
2890 4027 3063 4083 verbis
3107 4043 3302 4083 sonare
3330 4025 3600 4094 videatur,
3640 4039 3719 4082 ta-

2141 4131 2263 4171 men
2293 4115 2437 4170 nulla
2464 4125 2546 4170 est
2565 4118 2939 4181 contrarietas,
2996 4118 3122 4187 quia
3161 4117 3246 4172 lue
3291 4124 3569 4173 sententias
3614 4136 3716 4174 non

2139 4204 2367 4277 possunt
2384 4205 2484 4260 nisi
2505 4205 2853 4277 spiritualiter
2874 4207 3118 4274 intelligi.
3136 4206 3336 4263 Fontes
3354 4222 3486 4277 ergo
3506 4217 3718 4263 nostros

2142 4298 2286 4355 foras
2312 4297 2636 4362 derivamus,
2657 4313 2777 4353 cum
2805 4298 2924 4351 aliis
2953 4299 3058 4350 vim
3086 4296 3478 4367 praedicationis
3501 4298 3719 4353 infundi-

2144 4404 2282 4453 mus,
2328 4403 2451 4443 eum
2477 4388 2639 4443 verba
2680 4402 2844 4443 sactae
2866 4386 3155 4457 Scriptura:
3183 4387 3301 4440 aliis
3324 4388 3714 4441 anuuntiamus.

531 4478 812 4534 SALONlUS.
838 4477 1040 4541 Nemo;
1070 4477 1164 4531 sed
1191 4491 1290 4548 per
1316 4475 1591 4531 dexteram
1619 4475 1927 4544 designatur
1952 4474 2038 4530 via
2069 4477 2119 4538 D
2142 4479 2199 4533 In
2227 4479 2418 4549 plateis
2445 4494 2611 4548 aquas
2637 4478 2939 4542 dividimus,
2970 4493 3090 4532 eum
3114 4477 3326 4547 populis
3350 4477 3717 4546 przedicamus.

463 4570 626 4636 bona,
658 4584 757 4639 per
779 4568 1050 4623 sinistram
1076 4568 1163 4621 via
1191 4567 1331 4620 mala
1360 4574 1416 4621 et
1445 4567 1693 4635 reproba.
1724 4564 1840 4619 Non
1863 4566 2045 4635 prohi-

462 4660 554 4713 bet
591 4658 868 4712 ambulare
907 4657 960 4710 in
988 4655 1211 4710 dextera
1241 4656 1322 4709 via
1342 4694 1358 4714 .
1389 4653 1483 4709 sed
1510 4654 1780 4709 declinare
1816 4654 1883 4707 ad
1909 4653 2042 4708 dex-

463 4758 657 4804 teram.

538 4840 802 4895 Vsnanus.
836 4839 968 4905 Quis
1014 4850 1143 4907 ergo
1183 4836 1417 4893 declinat
1456 4837 1522 4891 ad
1558 4836 1836 4892 dexteram
1863 4837 1948 4891 vel
1975 4836 2040 4891 ad

459 4932 732 4987 sinistram
746 4933 770 4984 ἲ

533 5020 813 5075 Sawutus.
845 5019 1027 5077 Justus
1054 5019 1285 5075 declinat
1312 5017 1381 5072 ad
1407 5018 1702 5083 dexteram,
1722 5017 1821 5087 qui
1848 5016 1915 5070 de
1941 5030 2038 5072 sua

461 5113 722 5184 injustitia
746 5120 803 5167 et
837 5112 946 5167 suis
973 5112 1177 5167 viribus
1202 5112 1509 5183 praisumit;
1541 5110 1768 5179 injustas
1807 5109 2040 5164 declinat

460 5206 527 5258 ad
557 5203 860 5264 sinistram,
909 5203 997 5270 qui
1027 5212 1248 5272 propter
1274 5202 1451 5258 carnis
1475 5201 1814 5270 fragilitatem
1842 5201 2037 5256 salvari

461 5310 521 5349 se
565 5308 729 5365 posse
774 5292 1045 5363 desperat.
1090 5291 1332 5348 Declinat
1368 5293 1435 5347 ad
1462 5292 1735 5347 dexteram
1758 5333 1773 5357 ,
1803 5292 1895 5363 qui
1923 5291 2038 5345 vult

461 5386 575 5458 plus
597 5402 777 5455 sapere
801 5400 955 5457 quam
984 5390 1183 5452 oportet
1212 5400 1394 5454 sapere
1430 5383 1608 5456 (Rom.
1641 5386 1770 5445 xui;
1803 5382 2035 5438 declinat

462 5478 531 5533 ad
558 5479 846 5545 sinistram,
878 5477 970 5548 qui
998 5476 1165 5532 servit
1186 5476 1445 5531 stultitiae.

535 5566 799 5623 νεηλκυδ.
831 5566 940 5622 Cur
975 5579 1104 5635 ergo
1142 5564 1273 5619 dicit
1300 5565 1458 5634 paulo
1487 5564 1734 5620 inferius:
1775 5564 1898 5620 l’ias
1926 5580 2039 5637 qua:

464 5672 495 5708 a
517 5657 709 5711 dextris
738 5667 873 5720 sunt,
898 5657 1037 5713 novit
1064 5654 1352 5711 Dominus?

2143 4569 2327 4625 Platea
2350 4583 2581 4638 namque
2612 4569 2755 4624 dicta
2782 4577 2866 4624 est
2893 4584 2923 4621 a
2951 4569 3265 4632 latitudine;
3291 4576 3374 4621 est
3401 4569 3543 4622 enim
3573 4564 3719 4620 Gne-

2141 4676 2236 4715 cus
2261 4675 2455 4715 sermo.
2489 4659 2545 4712 In
2592 4660 2783 4729 plateis
2812 4672 2940 4726 ergo
2968 4673 3137 4727 aquas
3183 4657 3490 4724 dividimus,
3512 4658 3719 4726 quando

2143 4751 2195 4805 in
2242 4749 2582 4804 multitudine
2618 4749 2921 4802 auditorum
2960 4748 3122 4801 verba
3152 4747 3389 4801 scientia:
3417 4746 3719 4810 dilatamus,

2140 4848 2195 4897 et
2213 4840 2366 4911 juxta
2395 4839 2813 4909 uniuscujusque
2841 4840 3157 4908 qualitatem
3197 4839 3376 4892 divina
3406 4838 3622 4910 eloquia
3643 4838 3721 4894 di-

2144 4948 2479 5005 spensainus.
3671 4942 3683 4951 ’

2215 5024 2484 5079 VERANUS.
2527 5022 2584 5078 Si
2628 5038 2796 5093 aquas
2841 5022 2891 5076 in
2943 5021 3134 5091 plateis
3158 5020 3399 5076 dividere
3444 5020 3721 5088 debemus,

2147 5115 2419 5187 quomodo
2448 5128 2578 5183 ergo
2599 5127 2691 5167 eas
2713 5112 2812 5166 soli
2835 5111 3033 5166 habere
3052 5111 3373 5180 possumus?

2209 5206 2490 5262 Summus.
2533 5205 2712 5276 Aquas
2742 5205 2792 5257 in
2821 5203 3012 5273 plateis
3033 5203 3338 5270 dividimus,
3358 5201 3580 5271 quando
3607 5200 3720 5255 aliis

2140 5297 2305 5351 verba
2333 5296 2511 5352 divina
2538 5297 2649 5352 late
2694 5294 3061 5365 praedicamus,
3105 5301 3161 5347 et
3214 5301 3397 5348 tamen
3433 5292 3535 5348 soli
3560 5306 3720 5360 aquas

2140 5388 2419 5452 habemus,
2442 5388 2568 5457 quia
2597 5386 2664 5442 de
2695 5388 2809 5457 ipsa
2838 5385 3218 5456 praidieatione
3245 5383 3513 5439 humanas
3543 5382 3715 5437 laudes

2140 5493 2251 5532 non
2279 5479 2585 5550 qurerimus.

2214 5555 2478 5623 vesanus.
2520 5566 2657 5634 Quid
2687 5576 2769 5623 est
2795 5566 2939 5638 quod
2967 5566 3095 5623 dicit
3120 5585 3133 5620 :
3163 5564 3246 5620 Ne
3270 5568 3379 5622 sint
3399 5566 3554 5621 alieni
3590 5578 3709 5633 paro

2141 5659 2318 5717 ticipes
2349 5658 2419 5711 tui
2448 5657 2625 5728 (Prov.
2658 5673 2710 5723 v,
2743 5656 2861 5725 l7)?
