3964 6178
314 327 426 386 975

1111 324 1179 382 IN
1216 323 1617 381 PARABOLAS
1655 323 2039 381 SALOMONIS
2080 324 2435 382 EXPOSITIO
2473 324 2789 383 MYSTICA.

3471 322 3581 391 9N

383 442 666 498 SALONIUS.
707 441 925 495 Alienus
949 448 1109 496 vocat
1129 418 1418 503 mentiones,
1453 438 1521 493 de
1554 438 1748 507 quibus
1769 438 1905 492 dixit
1933 442 1979 501 Α
2005 446 2148 493 stum
2178 449 2521 510 acceperunt,
2574 448 2633 495 ut
2679 440 2879 508 aliquid
2915 438 3041 494 boni
3071 448 3270 507 essent,
3301 439 3441 497 unde
3466 441 3579 514 ipsc

315 532 596 590 Psalmista
630 551 643 586 :
675 533 842 586 Alieni
870 533 1258 586 insurrexerunt
1304 548 1456 601 super
1502 547 1601 593 me,
1651 539 1698 583 et
1740 534 1898 601 fortes

314 625 631 696 quaesierunt
673 623 1092 677 animauinteam
1122 621 1289 692 (Psal.
1321 638 1431 682 un.
1463 619 1537 691 '3),
1588 629 1692 675 etc.
1749 619 1901 674 Tunc

313 717 461 770 enim
490 714 772 782 malignos,
804 714 857 767 id
879 722 960 767 est
982 712 1287 767 immundos
1306 713 1527 782 spiritus
1560 712 1614 768 in
1644 711 1902 783 prmdica-

316 808 465 861 tione
493 807 781 876 participes
809 814 863 860 et
883 806 1059 859 socios
1086 805 1242 860 nobis
1266 804 1512 870 facimus,
1563 804 1778 876 quando
1807 820 1902 874 per

314 898 624 966 superbiam
672 896 1093 961 intumescimus,
1125 895 1266 951 etde
1296 895 1673 964 pnedicatione
1719 905 1899 951 nostra

316 985 535 1039 inanem
558 985 782 1053 gloriam
809 984 1191 1040 desideramus.

395 1077 662 1131 Venssus.
705 1076 778 1131 De
824 1092 934 1144 quo
990 1077 1206 1132 homine
1256 1077 1385 1131 dicit
1428 1077 1723 1145 Salomon:
1762 1077 1901 1133 Nam

316 1177 561 1241 apostata
602 1171 676 1221 uir
720 1168 918 1221 inutilis
940 1169 1176 1239 graditur
1202 1186 1290 1223 ore
1310 1187 1546 1240 perverso
1578 1168 1755 1240 (Prov.
1787 1172 1902 1233 vn?

391 1260 668 1315 SALONIUS.
712 1260 1024 1330 Apostatam
1046 1262 1316 1316 hominem
1341 1263 1574 1331 appellat
1600 1264 1901 1319 sehismati-

317 1367 464 1415 cum,
493 1352 584 1419 qui
613 1350 819 1405 laborat
843 1350 1087 1407 scindere
1113 1351 1368 1406 unitatem
1398 1350 1671 1407 Ecclesize.

393 1440 659 1495 Vsasxus.
685 1438 796 1507 Qua
822 1440 996 1509 lingua
1020 1440 1217 1495 dicitur
1241 1443 1523 1510 apostata?

390 1531 666 1586 SALOMUS.
709 1530 925 1596 Gneca;
965 1532 1108 1599 quod
1164 1530 1548 1602 interpretatur
1601 1533 1653 1586 in
1710 1532 1899 1588 Latino

319 1637 592 1687 sermone,
624 1620 807 1688 refuga
837 1630 891 1675 et
914 1622 1169 1677 recedens
1200 1639 1232 1677 a
1259 1624 1508 1679 veritate.
1716 1614 1723 1619 ’

395 1712 663 1767 Vesanus.
709 1711 888 1779 Quare
928 1726 1057 1780 ergo
1105 1712 1481 1769 schismatieus
1525 1713 1717 1770 dicitur
1767 1729 1899 1789 apo-

318 1809 463 1857 stata
487 1802 511 1855 ?

390 1891 673 1948 SALONIUS.
714 1888 850 1959 Quia
904 1906 1055 1946 more
1100 1891 1460 1962 superbientis
1509 1894 1715 1963 angeli,
1764 1894 1906 1950 intus

318 1984 470 2055 prius
500 1981 807 2037 intumescit
830 1991 884 2036 et
910 1981 1053 2035 cadit
1073 1998 1103 2035 a
1134 1983 1329 2036 mentis
1353 1998 1461 2037 sua:
1488 1993 1650 2049 statu,
1683 1984 1807 2051 quia
1829 1985 1906 2039 sic

320 2074 390 2128 ab
414 2089 598 2128 amore
626 2073 708 2128 sui
737 2071 1044 2128 Conditoris
1072 2081 1129 2128 et
1170 2089 1201 2127 a
1249 2073 1478 2129 veritate
1524 2074 1726 2129 recedit
1759 2092 1771 2127 :
1806 2076 1906 2129 nisi

322 2165 468 2220 enim
510 2163 658 2233 prius
707 2178 739 2218 a
761 2164 989 2218 veritate
1035 2162 1330 2229 recederet,
1356 2163 1407 2218 in
1432 2162 1668 2218 Ecclesia
1692 2163 1904 2232 injusti-

326 2256 458 2312 tiam
488 2270 592 2311 non
619 2255 1013 2312 disseminaret.

360 2346 366 2353 ’
400 2346 663 2402 νεηλκυε.
705 2346 815 2401 Cur
841 2361 969 2415 ergo
998 2346 1064 2401 de
1095 2346 1186 2402 illo
1212 2345 1404 2402 dicitur
1438 2365 1449 2398 :
1485 2349 1677 2402 Annuit
1723 2343 1902 2416 oculis,

326 2441 447 2494 terit
463 2439 612 2508 pede,
636 2440 796 2510 digito
818 2439 1081 2510 loquitur?

394 2529 673 2585 SALONIUS.
713 2528 942 2584 laterior
981 2531 1178 2585 mentis
1225 2529 1489 2596 custodia,
1520 2545 1638 2600 qua:
1666 2530 1904 2586 membra

323 2620 562 2676 exterius
582 2628 759 2675 servat
785 2620 1029 2675 ordinata
1053 2640 1067 2675 :
1096 2621 1184 2676 hic
1211 2635 1339 2690 ergo
1364 2630 1629 2692 apostata,
1654 2623 1778 2691 quia
1796 2630 1907 2678 sta-

322 2722 438 2767 tum
459 2720 515 2768 et
542 2711 841 2768 custodiam
862 2711 1115 2782 perdidit,
1147 2712 1345 2768 idcirco
1369 2713 1641 2769 dominica
1666 2713 1906 2769 membra

322 2803 598 2858 exteriora
626 2802 790 2857 habet
818 2817 886 2857 ex
917 2810 1113 2870 morte,
1143 2810 1199 2857 et
1228 2802 1348 2857 tulit
1374 2803 1698 2858 inordinata.

396 2893 664 2949 Vesanus.
705 2893 845 2963 Quid
875 2902 960 2949 est
987 2895 1131 2966 quod
1175 2895 1242 2949 de
1294 2895 1409 2963 lege
1455 2910 1549 2949 sua
1571 2894 1701 2951 dicit
1732 2915 1745 2948 :
1776 2894 1910 2968 Liga

322 3002 439 3041 eam
466 2987 520 3039 in
567 2985 743 3057 digitis
774 2986 894 3052 tuis,
934 2984 1101 3041 scribe
1150 3003 1265 3041 eam
1317 2987 1371 3041 in
1411 2987 1597 3042 tabulis
1643 2988 1813 3043 cordis
1834 2990 1910 3046 tui

325 3075 506 3148 (Prov.
542 3093 610 3131 vn
638 3078 654 3144 )
682 3077 706 3131 ?
734 3075 862 3143 Quis
884 3076 1025 3131 enim
1046 3076 1217 3145 legem
1241 3077 1294 3131 in
1316 3077 1492 3146 digitis
1513 3079 1677 3148 ligare
1697 3087 1905 3150 potest,

322 3175 418 3220 aut
445 3166 491 3221 si
520 3165 725 3231 fecerit,
755 3181 874 3236 qua:
903 3165 1104 3219 utilitas
1130 3166 1268 3220 erit?

392 3256 673 3310 Summus.
714 3254 769 3309 ln
793 3254 972 3322 digitis
992 3255 1139 3321 dicit,
1165 3255 1217 3308 id
1246 3263 1349 3322 est,
1380 3254 1430 3309 in
1461 3256 1702 3311 actibus:
1736 3257 1906 3324 legem

322 3347 468 3401 enim
499 3346 550 3399 in
590 3345 769 3413 digitis
814 3346 943 3414 ligat
992 3346 1297 3415 quicunque
1344 3346 1395 3399 in
1453 3345 1609 3402 bonis
1654 3348 1912 3418 operibus

322 3453 445 3493 eam
475 3438 655 3492 studet
702 3438 925 3508 implere
953 3446 1008 3492 et
1036 3453 1320 3493 exornare.
1376 3436 1433 3493 ln
1465 3439 1660 3495 tabulis
1707 3440 1905 3507 cordis,

324 3529 483 3592 dicit;
527 3528 579 3582 id
623 3536 725 3592 est,
777 3528 828 3582 iu
853 3527 1133 3582 latitudine
1161 3527 1523 3596 cogitationis.
1556 3527 1753 3584 Scribit
1779 3542 1908 3597 ergo

325 3619 502 3689 legem
535 3619 589 3673 in
620 3619 814 3675 tabulis
854 3620 1028 3674 cordis
1056 3620 1159 3685 sui,
1190 3620 1283 3689 qui
1309 3634 1429 3675 eam
1457 3635 1577 3675 cum
1607 3618 1804 3688 gaudio
1825 3636 1909 3674 su-

333 3710 495 3779 scipit
522 3717 577 3764 et
604 3711 876 3765 memoria:
905 3710 1265 3766 commendat.

399 3800 666 3857 VERANUS.
709 3801 845 3869 Quid
874 3810 957 3856 est
1005 3802 1147 3870 quod
1176 3801 1449 3874 Sapientia
1479 3802 1609 3859 dicit
1637 3822 1649 3856 :
1681 3803 1787 3859 Per
1828 3820 1908 3859 me

326 3907 469 3962 reges
490 3902 728 3963 regnant,
749 3902 798 3946 et
818 3892 1108 3947 conditores
1134 3893 1263 3965 legis
1302 3895 1449 3966 justa
1475 3896 1787 3961 decernunt;
1818 3914 1909 3966 per

326 3998 406 4035 me
451 3983 703 4052 principes
744 3983 1019 4053 imperant,
1064 3991 1111 4035 et
1156 3993 1386 4053 potentes
1432 3985 1710 4041 decernunt
1750 3988 1909 4058 justi-

326 4071 451 4125 tiam
468 4072 490 4124 ?

398 4161 676 4217 Ssuostus.
718 4160 960 4219 Christus
987 4163 1081 4220 Dei
1110 4165 1277 4220 virtus
1300 4174 1356 4222 et
1378 4167 1784 4240 Dei‘sapientia.

398 4251 667 4308 Venssus.
709 4253 956 4323 Nunquid
978 4254 1220 4311 Christus
1249 4258 1496 4314 omnibus
1532 4261 1775 4331 tyrannis
1804 4261 1896 4315 im-

328 4342 431 4415 piis
457 4352 512 4397 et
538 4344 865 4413 principibus
885 4345 978 4400 dat
1006 4360 1229 4416 regnum
1256 4356 1312 4402 et
1340 4348 1660 4419 imperium?

398 4433 676 4489 SALONIUS.
717 4434 831 4489 Non
856 4436 1061 4508 utique,
1104 4447 1490 4505 verumtamen,
1514 4441 1629 4511 ipso
1680 4443 1905 4513 permit-

2002 528 2131 583 dicit
2155 548 2168 582 :
2205 530 2331 585 Sine
2356 547 2436 583 me
2465 531 2595 585 nihil
2617 533 2829 599 potestis
2850 533 3019 602 facere
3047 531 3233 595 (Joun.
3261 536 3375 609 xv).

2076 619 2342 675 Venulus.
2383 619 2519 686 Quid
2540 620 2783 688 estquod
2803 619 3074 691 Sapientia
3089 621 3216 675 dicit
3238 640 3249 673 :
3278 621 3587 681 Delectabcr

2002 726 2095 778 per
2120 710 2348 780 singulos
2376 711 2484 765 dies
2508 711 2691 764 ludens
2715 728 2887 765 coram
2907 714 3007 767 eo?

2076 797 2354 855 Summus.
2378 799 2435 853 ld
2455 808 2554 865 est,
2579 815 2759 855 coram
2782 800 2940 857 Patre
2962 804 3106 858 omni
3129 812 3371 876 tempore
3396 807 3585 864 ludens

1956 928 1961 932 -
2005 890 2058 945 in
2082 891 2212 945 orbe
2231 901 2514 947 terrarum.

2077 982 2345 1039 Vesanus.
2388 982 2632 1052 Nunquid
2686 982 2981 1054 Sapientia,
3040 987 3095 1042 id
3139 998 3242 1057 est,
3275 990 3366 1046 Dei
3396 991 3580 1062 Filius,

2005 1073 2284 1141 pueriliter
2311 1072 2527 1129 ludebat
2547 1087 2727 1129 coram
2757 1072 2956 1128 Patre?

2076 1163 2353 1219 SsLosws.
2396 1163 2594 1218 Absit:
2651 1163 2744 1219 sed
2785 1164 2930 1234 quod
2976 1164 3120 1231 dicit,
3152 1166 3355 1236 ludens,
3387 1169 3584 1226 intelli-

2004 1253 2235 1319 gendum
2264 1262 2366 1319 est,
2418 1254 2675 1322 gaudens.
2716 1253 2961 1311 Ludebat
3014 1258 3156 1312 enim
3203 1273 3300 1329 per
3349 1260 3587 1329 singulos

2005 1345 2139 1412 dies,
2184 1345 2236 1399 id
2284 1353 2386 1409 est,
2445 1346 2711 1414 gaudebat
2755 1362 2815 1402 se
2843 1363 2961 1403 esse
2990 1365 3187 1416 unum;
3219 1352 3268 1405 id
3299 1362 3401 1422 est,
3434 1355 3587 1411 unius

2005 1438 2313 1492 substantia:
2342 1453 2462 1494 cum
2490 1437 2669 1506 Patre,
2700 1455 2728 1492 a
2755 1440 3041 1511 principio,
3071 1458 3136 1497 ex
3160 1442 3347 1500 diebus
3373 1448 3585 1503 :uterni-

2007 1530 2149 1582 tatis.

2078 1620 2343 1677 VERANUS.
2385 1622 2667 1693 Quomodo
2694 1622 2911 1681 ludebat
2928 1625 3076 1683 omni
3102 1634 3346 1697 tempore
3375 1627 3428 1687 in
3452 1628 3587 1683 orbe

2008 1720 2268 1770 terrarum
2285 1714 2307 1766 ?
3274 1730 3285 1741 ‘

1939 1809 1981 1864 Β
2077 1801 2355 1858 SALoxtus.
2395 1803 2531 1869 Quia
2579 1820 2699 1859 cum
2749 1815 2991 1875 tempora
3042 1808 3189 1863 orbis
3229 1817 3286 1865 et
3327 1818 3588 1868 creatura!

2007 1906 2125 1945 esse
2152 1892 2458 1961 ett-pissent,
2493 1895 2607 1962 ipse
2635 1894 2800 1950 Filius
2824 1897 3108 1964 gaudebat,
3135 1898 3258 1969 quia
3295 1900 3412 1969 ipse
3446 1902 3589 1970 quod

2007 1989 2142 2047 erat,
2165 1996 2378 2052 semper
2406 1983 2457 2036 in
2488 1984 2647 2039 Patre
2676 1987 2947 2042 manebat.

2080 2071 2344 2126 Venimus.
2376 2072 2512 2138 Quid
2539 2085 2621 2129 est
2670 2077 2814 2144 quod
2851 2079 2964 2133 ait:
2998 2080 3273 2152 Sapientia
3317 2085 3591 2155 wdiﬂcarit

2004 2159 2101 2213 sibi
2141 2162 2345 2215 (tantum
2376 2162 2555 2229 (Prov.
2592 2165 2691 2235 tr),
2723 2174 2777 2220 ct
2825 2181 2987 2236 quant
3033 2169 3252 2229 domum
3303 2174 3592 2232 :ndilicavit

2005 2250 2101 2304 sibi
2127 2252 2149 2309 ?
3304 2256 3309 2259 ’

2078 2341 2355 2401 δλιοκίυε.
2399 2344 2695 2416 Sapientia,
2727 2347 2780 2402 id
2817 2355 2901 2403 est
2940 2348 3036 2403 Dei
3086 2350 3269 2416 Filius,
3308 2352 3589 2412 :rdilicavit

2006 2433 2107 2487 sibi
2132 2433 2374 2500 domum,
2402 2437 2493 2505 qui
2523 2438 2639 2508 ipse
2672 2439 2877 2493 creavit
2899 2439 3171 2495 hominem
3204 2442 3254 2495 in
3288 2450 3443 2501 utero
3472 2444 3589 2500 Vir.-

2005 2523 2162 2592 ginis,
2186 2540 2345 2595 quem
2370 2528 2422 2581 in
2448 2527 2653 2583 unitate
2679 2544 2790 2583 sua:
2815 2528 3057 2597 persdnzu
3077 2533 3383 2601 assumpsit.

2081 2616 2346 2673 Vesanus.
2388 2616 2675 2684 Quomodo
2697 2621 2894 2676 excidit
2921 2621 3201 2677 columnas
3226 2628 3471 2695 septem?

2078 2707 2354 2789 SsLoa'lus.
2396 2708 2614 2780 Septem
2635 2712 2912 2767 columnas
2933 2713 3288 2783 excidit,quia
3310 2732 3407 2785 per
3425 2720 3590 2789 septi.

2007 2788 2241 2856 formem‘
2258 2802 2483 2870 gratiam
2511 2800 2741 2873 Spiritus
2780 2804 2952 2859 sancti
2978 2806 3151 2859 erexit
3180 2804 3442 2863 Ecclesias
3492 2788 3591 2879 per

2008 2890 2197 2947 orbem
2248 2901 2535 2955 terrarum,
2580 2904 2701 2962 qua:
2744 2893 2882 2948 sicut
2932 2894 3194 2950 columna:
3239 2899 3591 2955 sustentando

2009 2982 2288 3039 continent
2334 2983 2650 3040 memoriam
2692 2983 2838 3054 ejus;
2867 2985 2919 3043 id
2943 2994 3045 3054 est,
3072 2987 3384 3058 mysterium
3408 2988 3593 3049 lucar—

2010 3075 2245 3130 nationis
2266 3076 2452 3146 ipsius.

1934 3163 1981 3224 C
2083 3165 2353 3221 VEBANUS.
2397 3166 2586 3225 Potest
2606 3170 2765 3225 aliter
2785 3171 3044 3242 intelligi?

2078 3255 2357 3312 SALONIUS.
2402 3257 2541 3313 Vere
2563 3267 2741 3328 potest
2766 3248 3101 3332 :Sapientia:
3127 3263 3319 3321 domus
3353 3263 3594 3322 Ecclesia

2010 3345 2209 3401 Christi
2238 3355 2349 3407 est:
2399 3348 2664 3406 columna:
2719 3356 2901 3404 autem
2954 3351 3146 3407 domus
3190 3354 3370 3423 hujus,
3421 3357 3594 3413 sancti

2008 3433 2292 3503 doctores;
2324 3452 2443 3507 quae
2472 3436 2733 3492 columna:
2759 3436 2900 3495 bene
2942 3453 3062 3494 esse
3082 3448 3288 3510 septem
3319 3442 3592 3512 dicuntur,

2008 3526 2133 3595 quia
2180 3527 2350 3582 sancti
2402 3527 2655 3584 doctores
2710 3528 2903 3597 repleti
2939 3537 3067 3584 sunt
3093 3529 3391 3601 septiformi
3418 3535 3594 3601 gratia

2010 3617 2183 3672 sancti
2204 3616 2453 3687 Spiritus.

2085 3705 2348 3762 Vsnssus.
2389 3706 2671 3773 Quomodo
2700 3723 2829 3777 ergo
2849 3710 3048 3765 excidit
3075 3710 3348 3781 Sapientia
3386 3713 3482 3768 bas
3500 3728 3595 3771 co-

2010 3798 2259 3854 lumnas?

2080 3890 2359 3947 SALost.
2402 3890 2613 3947 Excidit
2632 3892 2934 3962 columnas,
2963 3895 3088 3964 quia
3109 3903 3318 3951 mentes
3339 3898 3596 3967 pnedica.

2010 3990 2185 4039 torum
2212 3984 2279 4039 ab
2307 3980 2491 4040 amore
2521 3987 2797 4055 praesentis
2821 3988 3003 4043 saeculi
3024 3989 3312 4057 separavit,
3335 3998 3392 4046 et
3420 3992 3595 4050 erexit

2009 4090 2108 4129 eos
2136 4074 2201 4129 ad
2229 4075 2546 4145 portandam
2572 4076 2812 4146 ejusdem
2841 4076 3092 4136 Ecclesia:
3114 4077 3391 4135 fabricam.

2082 4167 2349 4224 Venssus.
2390 4168 2466 4225 De
2501 4169 2695 4239 quibus
2739 4170 2946 4226 ancillis
2975 4170 3107 4227 dicit
3131 4172 3292 4241 paulo
3320 4171 3542 4230 inferius
3575 4192 3590 4229 :

2010 4260 2156 4316 Misit
2175 4260 2393 4315 ancillas
2421 4278 2545 4316 suas
2571 4270 2627 4315 ut
2654 4272 2893 4320 vocarent
2912 4263 2983 4320 ad
3001 4279 3192 4326 arcem,
3215 4275 3264 4319 et
3293 4267 3362 4319 ad
3402 4268 3591 4323 nimia

2010 4355 2230 4408 civitatis
2258 4354 2558 4425 (Prov.tx)?

2082 4444 2362 4500 SALostus.
2403 4445 2637 4499 Ancillas
2667 4453 2825 4501 vocat
2845 4455 3062 4503 sanctos
3086 4449 3380 4518 apostolos.

330 4532 499 4588 tente,
534 4524 681 4595 impii
728 4538 880 4593 reges
921 4534 975 4581 et
1020 4528 1289 4599 principes
1316 4531 1613 4601 suscipiunt
1638 4548 1802 4602 regna
1825 4534 1910 4589 vel
1938 4529 1991 4589 D
2085 4536 2353 4592 Venimus.
2396 4535 2576 4602 Quare
2600 4544 2761 4595 vocat
2787 4552 2882 4592 eos
2911 4538 3164 4593 ancillas?

331 4615 575 4682 imperia,
624 4616 748 4683 quia
792 4616 1049 4686 scriptum
1098 4628 1181 4673 est
1223 4619 1275 4673 in
1306 4620 1442 4675 libro
1481 4619 1619 4676 Job:
1650 4621 1912 4677 Permittit

331 4721 547 4776 regnare
568 4704 885 4776 hypocriten:
905 4717 1333 4777 prapterpeccata
1346 4712 1522 4781 populi
1545 4711 1681 4783 (Job.
1703 4714 1906 4782 xxxrv).

330 4796 439 4851 Sed
494 4797 547 4849 in
598 4788 851 4851 hoc'loco
883 4813 1035 4867 reges
1072 4809 1289 4855 sanctos
1316 4801 1447 4856 dicit
1486 4803 1780 4872 apo~tolos,
1819 4804 1911 4873 qui

330 4890 561 4958 primum
592 4888 929 4958 semetipsos,
958 4890 1151 4946 deinde
1180 4890 1474 4947 Ecclesiam
1507 4893 1606 4946 sibi
1654 4894 1907 4948 commis-

332 4995 445 5032 sam
477 4979 707 5034 lldeliter
730 4993 916 5047 regere
957 4990 1239 5047 noverunt.
1289 4981 1414 5037 Sive
1464 4997 1618 5052 reges
1673 4984 1908 5053 appellat

328 5087 522 5126 omnes
567 5083 801 5139 sanctos,
859 5061 951 5144 qui
998 5074 1204 5144 seipsos
1249 5083 1306 5129 et
1357 5076 1492 5130 alios
1539 5077 1676 5130 bene
1722 5091 1909 5143 regere

323 5172 525 5220 St‘llﬂll.
1202 5156 1211 5163 ﬁ

411 5253 675 5311 Vesanus.
716 5252 860 5318 Quos
889 5254 1117 5323 appellat
1145 5256 1452 5311 conditores
1480 5257 1698 5325 legum?

405 5342 682 5396 SsLosms.
728 5339 1014 5413 Utriusque
1041 5342 1374 5403 Testamenti
1393 5348 1701 5417 scriptores.

405 5432 673 5488 Vunssus.
715 5433 860 5503 Quos
888 5442 1046 5488 vocat
1069 5436 1337 5507 principes
1357 5444 1410 5490 et
1438 5438 1720 5507 potentes?

405 5525 686 5581 Summus.
726 5524 960 5580 Czeteros
987 5524 1237 5583 doctores
1274 5534 1329 5581 et
1358 5536 1594 5583 rectores
1624 5525 1860 5583 lidelium
1893 5545 1905 5579 :

336 5633 525 5673 mnnes
551 5616 695 5672 enim
726 5617 809 5671 isti
831 5631 926 5687 per
943 5618 1260 5688 sapientiam
1288 5617 1381 5672 Dei
1406 5616 1577 5674 Patris
1603 5620 1908 5674 habuerunt

341 5721 579 5775 regnum.
621 5709 969 5778 principatum
997 5717 1051 5764 et
1081 5709 1394 5790 imperium;
1429 5709 1477 5765 id
1509 5720 1609 5771 est,
1640 5722 1736 5778 per
1756 5709 1913 5771 Chri-

2082 4625 2363 4683 SsLomus.
2408 4625 2635 4696 Propter
2680 4627 3075 4696 insipientiam,
3135 4628 3497 4685 inﬁrmitatem
3536 4639 3596 4688 et

2012 4725 2416 4787 paupertatem;
2475 4717 2672 4775 idiotas
2708 4721 2882 4784 enim,
2934 4720 3192 4785 inlirmos,
3231 4737 3495 4792 pauperes
3539 4732 3597 4780 et

2013 4807 2298 4876 despectos
2324 4807 2486 4875 elegit
2510 4808 2788 4877 apostolos
2811 4824 2948 4878 quos
2977 4809 3044 4863 ad
3071 4809 3467 4879 praedicandum
3495 4815 3596 4869 mi-

2015 4897 2084 4951 sit
2104 4898 2155 4951 in
2180 4897 2454 4965 mundum,
2483 4907 2542 4952 ut
2569 4898 2753 4954 ﬁdeles
2776 4898 3004 4968 populos
3023 4907 3282 4957 vocarent
3301 4901 3369 4957 ad
3415 4920 3596 4960 arcem

2013 4997 2229 5044 aeternae
2256 4988 2621 5053 beatitudinis,
2645 4997 2701 5044 et
2721 4989 2789 5043 ad
2816 4990 3011 5046 moenia
3028 4990 3264 5048 cmlestis
3276 4989 3591 5050 Jerusalem.

2084 5079 2352 5135 Vesanus.
2395 5079 2525 5146 Quis
2554 5087 2637 5135 est
2664 5081 2803 5150 ﬁlius
2840 5083 3046 5150 sapiens
3091 5083 3183 5152 qui
3230 5084 3463 5157 laetiﬁcat
3503 5103 3598 5156 ραι.

2018 5181 2176 5236 trem;
2199 5180 2291 5227 aut
2317 5171 2438 5241 quis
2466 5180 2549 5227 est
2566 5172 2708 5241 ﬁlius
2727 5173 2914 5227 stultus
2942 5174 3033 5243 qui
3059 5178 3301 5232 iniustitia
3330 5186 3406 5231 est
3442 5180 3600 5242 matri

2018 5278 2126 5316 suae
2140 5262 2163 5314 ?

2088 5352 2365 5408 S.\LONIUS.
2407 5351 2501 5407 Ille
2519 5351 2610 5421 qui
2639 5360 2858 5421 accepta
2878 5354 3001 5410 ﬁdei
3025 5368 3089 5409 ac
3113 5354 3450 5424 baptismatis
3477 5371 3597 5428 my-

2019 5443 2179 5498 steria
2206 5443 2346 5499 bene
2372 5451 2552 5497 servat
2577 5450 2632 5496 et
2657 5456 2823 5513 opere
2845 5443 3049 5514 implet,
3080 5441 3217 5501 illius
3238 5443 3455 5513 sapiens
3481 5456 3597 5510 est;

2020 5534 2108 5588 ille
2132 5534 2317 5603 procul
2342 5533 2505 5588 dubio
2534 5532 2767 5590 lzetilicat
2779 5533 2949 5589 Deum
2973 5533 3183 5587 Patrem
3210 5535 3333 5604 :qui
3351 5547 3482 5589 vero
3502 5550 3598 5591 ace

2018 5634 2172 5695 cepta
2205 5623 2325 5679 lidei
2372 5640 2437 5680 ac
2466 5625 2801 5697 baptismatis
2825 5631 3178 5690 sacramenta,
3208 5625 3363 5680 malis
3415 5626 3599 5695 operi.

2019 5715 2117 5771 bus
2170 5716 2252 5772 vel
2300 5715 2581 5783 haeretica,
2599 5716 2861 5785 pravitate
2886 5715 3202 5784 corrumpit,
3243 5713 3379 5775 ﬁlius
3407 5718 3600 5773 stultus
