3964 6178
339 291 346 298 -
374 256 481 313 ὶῖῗῖὗ

1663 258 1926 316 SALONll
1965 260 2352 322 WENNENSIS

3540 270 3648 328 976

334 392 343 405 ι
376 377 490 432 est;
522 367 608 422 hic
637 366 885 420 ninurum
914 374 995 419 est
1033 364 1285 420 iiiwsﬁtia
1339 366 1496 419 matri
1537 381 1664 430 suae,
1692 366 1945 421 videlicet
1978 381 2022 435 Α
2054 374 2106 427 in
2137 375 2353 429 naribus
2374 373 2505 442 suis,
2536 374 2588 429 id
2619 375 2779 429 estin
2805 375 3028 430 naribus
3044 378 3226 447 porci,
3251 378 3341 431 ille
3363 377 3491 434 dum
3520 397 3658 449 per.

381 455 649 521 Ecclesize,
680 456 806 524 quia
833 456 1114 510 contristat
1134 470 1275 509 eam.

448 549 717 604 VEBANUS.
751 547 885 613 Quid
912 558 994 601 est
1021 547 1165 615 quod
1194 549 1269 601 ait
1297 565 1310 599 :
1357 546 1557 601 Stultus
1588 549 1739 603 labiis
1787 548 1957 604 verbe-

379 640 619 695 rabitur?
650 638 929 705 Quomodo
977 647 1155 707 potest
1178 638 1344 692 homo
1370 638 1564 693 stultus
1590 639 1741 693 labiis
1771 639 1959 694 verbe-

382 731 492 787 rari
508 733 530 785 ?

453 824 730 879 SALONIUS.
797 812 1110 877 verberatio
1159 822 1212 875 in
1265 822 1369 877 hoc
1397 824 1519 878 loco
1557 822 1961 878 damnationem

382 917 663 985 signiﬁcat.
696 915 902 970 Stultus
927 927 1055 981 ergo
1085 914 1240 968 labiis
1261 915 1651 977 verberabitur,
1678 914 1802 983 quia
1833 928 1963 983 pro-

383 1017 504 1077 pter
526 1007 686 1059 verba
716 1006 894 1073 iniqua
916 1014 974 1058 et
1019 1004 1158 1057 mala
1186 1018 1307 1071 qua:
1357 1004 1566 1057 locutus
1590 1012 1689 1066 est,
1713 1002 1963 1056 condem-

385 1097 616 1151 nabitur.
644 1093 798 1150 Unde
826 1103 881 1149 et
903 1095 1026 1148 alibi
1054 1094 1183 1148 dicit
1211 1093 1386 1147 Moses
1418 1093 1619 1163 (melius
1648 1092 1958 1162 Salomon):

386 1188 454 1241 Et
479 1190 580 1241 vita
602 1188 655 1240 in
671 1187 907 1239 manibus
936 1186 1124 1256 lingua:
1146 1183 1327 1255 (Prov.
1352 1184 1523 1252 xvut),
1547 1184 1792 1251 quoniam
1812 1198 1968 1235 unus-

383 1280 595 1350 quisque
638 1287 727 1331 aut
756 1295 821 1331 ea:
840 1278 1004 1331 verbis
1033 1278 1140 1331 suis
1169 1276 1610 1338 condemnabitur,
1651 1283 1741 1327 aut
1766 1288 1831 1328 ex
1859 1288 1967 1327 uer-

385 1374 462 1427 bis
491 1373 596 1425 suis
618 1368 988 1441 justi/imbitur
1022 1367 1234 1439 (Matth.
1261 1366 1381 1436 xu).

460 1463 723 1517 VEMNUS.
766 1459 873 1515 Cur
896 1460 1090 1513 dicitur
1132 1458 1333 1512 habere
1362 1473 1553 1512 manus
1596 1456 1794 1525 lingua,
1841 1469 1965 1510 cum

386 1569 576 1610 manus
605 1554 804 1607 habere
832 1568 938 1606 non
964 1552 1172 1620 possit?

457 1647 735 1700 SALONlUS.
779 1641 1142 1711 Metaphorice
1180 1639 1388 1694 dictum
1444 1646 1556 1703 est,
1612 1637 1667 1691 id
1712 1643 1816 1701 est,
1868 1651 1968 1706 per

2057 465 2135 534 git
2166 472 2365 519 terram
2386 473 2597 519 vertere
2620 480 2686 519 ac
2707 464 2892 519 fodere
2918 482 3071 534 naso,
3097 466 3368 534 innuergit
3388 469 3655 525 circulum

2060 571 2282 611 aureum
2312 556 2367 610 in
2396 555 2735 611 volutabrum
2765 556 2881 622 luti,
2916 564 2971 609 et
3016 562 3141 611 tunc
3188 555 3370 625 perdit
3414 558 3660 616 circulus

2060 662 2255 701 aureus
2275 646 2525 701 decorem
2555 661 2718 714 quem
2740 646 2950 700 habuit.
2976 645 3236 701 Similiter
3256 648 3455 702 mulier
3478 647 3656 721 fatua,

2061 738 2107 792 si
2129 738 2289 792 habet
2316 737 2769 809 pulchritudinem
2798 737 2996 801 vultus,
3029 737 3115 790 vel
3138 738 3185 792 si
3227 740 3457 808 accipiat
3486 757 3658 796 orna-

2062 835 2243 883 menta
2268 826 2869 895 inaurium,monilium,
2912 826 3070 881 simul
3099 836 3154 881 et
3181 829 3655 897 vestimentorum,

2063 917 2302 972 sordidat
2333 916 2781 987 pulchritudinem
2813 910 3076 981 suam,'et
3128 919 3329 972 amittit
3376 918 3655 987 decorem,

2064 1014 2109 1068 si
2137 1028 2197 1068 se
2242 1028 2400 1069 emno
2440 1011 2673 1067 libidinis
2700 1010 3053 1079 coinquinare
3072 1010 3261 1080 diligit,
3286 1020 3347 1067 et
3376 1013 3658 1068 adulteriis

2064 1104 2379 1174 corrumpit.

2136 1193 2421 1255 Vesanus,
2445 1191 2807 1263 Spiritualiter
2820 1201 3001 1248 autem
3018 1193 3291 1262 quomodo
3307 1192 3653 1262 intelligenda

2006 1348 2019 1359 _
2066 1292 2148 1339 est
2172 1284 2287 1339 haec
2304 1283 2605 1338 sententia?

2136 1373 2419 1429 Sstosws.
2459 1371 2776 1442 Quicunque
2843 1388 3026 1428 sacras
3086 1373 3394 1442 Scripturas
3448 1373 3657 1427 intente

2066 1465 2376 1530 meditatur,
2411 1472 2467 1518 ει
2484 1463 2685 1533 jugiter
2713 1471 3079 1533 perscrutatur
3100 1464 3283 1518 divina
3311 1465 3548 1534 eloquia,
3574 1480 3656 1519 ac-

2066 1555 2198 1624 cipit
2225 1562 2542 1611 ornamenta
2565 1555 2821 1608 scientias.
2846 1553 2999 1621 Quod
3021 1554 3068 1609 si
3096 1555 3239 1609 male
3270 1557 3501 1610 vivendo
3527 1572 3655 1611 cor-

2068 1644 2268 1713 rumpit
2292 1652 2347 1698 et
2373 1642 2601 1698 destruit
2625 1642 2770 1711 quod
2796 1644 2936 1697 bene
2957 1643 3224 1712 intelligit,
3258 1644 3519 1699 circulum
3561 1660 3654 1697 au-

384 1736 815 1799 translationem,
841 1730 1290 1799 quemadmodum
1321 1731 1466 1783 venti
1488 1728 1738 1782 dicuntur
1762 1726 1962 1780 habere
1996 1727 2038 1786 Β
2066 1751 2217 1791 reum
2246 1736 2407 1790 habet
2427 1735 2483 1789 in
2509 1735 2754 1800 naribus;
2785 1733 2880 1789 sed
2908 1749 3059 1788 more
3080 1735 3250 1803 porci,
3275 1742 3478 1789 ιεη-οω
3499 1733 3653 1799 fodit.

385 1840 591 1898 pennas
633 1822 803 1895 (Psal.
835 1836 966 1887 xvu,
1011 1834 1132 1886 cut,
1158 1816 1283 1888 etc.)
1317 1834 1330 1869 :
1363 1832 1551 1870 manus
1579 1816 1721 1870 enim
1750 1814 1961 1881 lingme,

388 1921 504 1991 ipsa
551 1917 711 1972 verba
739 1921 868 1969 sunt
894 1912 1087 1980 quibus
1132 1917 1225 1964 aut
1264 1910 1407 1964 bona
1433 1907 1701 1977 loquendo
1731 1913 1969 1960 meretur

387 2012 574 2073 vitam,
616 2012 708 2058 aut
751 2002 890 2055 mala
934 1998 1209 2069 loquendo
1259 2005 1494 2052 meretur
1520 2002 1786 2049 mortem:
1814 1992 1969 2046 aliter

386 2114 484 2170 per
510 2111 699 2151 manus
726 2107 868 2161 sarpe
889 2094 941 2146 in
969 2090 1257 2158 Scripturis
1283 2088 1450 2142 sacris
1492 2102 1653 2156 opera
1684 2085 1969 2152 designan-

386 2198 496 2252 tur,
533 2196 606 2241 .ut
637 2184 767 2239 illud
793 2202 805 2237 :
839 2182 1065 2237 Labores
1094 2197 1340 2234 manuum
1367 2188 1570 2236 tuarum
1596 2179 1717 2249 quia
1745 2178 1968 2231 ηιαηάιι-

387 2282 528 2335 cabis
565 2277 735 2350 (Psal.
768 2272 986 2343 cxxvn).
1025 2271 1081 2325 la
1111 2271 1355 2325 manibus
1390 2270 1583 2337 lingua:
1611 2269 1763 2350 dicit,
1798 2267 1848 2322 id
1888 2275 1971 2321 est

382 2374 443 2428 in
472 2344 742 2441 operibus.
774 2365 949 2436 Opera
978 2362 1123 2417 enim
1151 2363 1342 2429 lingua:
1367 2367 1493 2414 sunt
1519 2344 1786 2427 colloquia
1827 2358 1970 2413 bona

387 2462 474 2517 vel
498 2461 660 2528 mala,
691 2474 758 2513 ex
787 2455 980 2525 quibus
1007 2468 1153 2507 mors
1176 2452 1413 2505 nascitur
1438 2456 1530 2503 aut
1552 2451 1681 2504 vita.

460 2552 728 2607 νειωωε.
773 2547 903 2614 Quis
950 2545 1040 2599 ille
1080 2544 1234 2614 piger
1277 2542 1346 2597 de
1395 2556 1503 2609 quo
1550 2540 1785 2594 dicitur:
1822 2537 1971 2594 Sicut

390 2653 590 2699 acetum
618 2639 854 2695 dentibus
882 2647 931 2691 ct
961 2640 1131 2708 fumus
1160 2635 1340 2698 oculis,
1377 2633 1452 2687 sic
1478 2633 1624 2702 piger
1650 2632 1729 2685 his
1758 2631 1846 2702 qui
1870 2632 1969 2685 mi-

385 2743 564 2791 serunt
589 2748 703 2787 eum
734 2714 912 2801 (Prov:
944 2744 999 2795 ι,
1031 2727 1161 2795 26)?
1726 2775 1758 2801 .

457 2827 735 2883 SALONIUS.
782 2822 939 2892 Piger
984 2830 1067 2877 est
1116 2822 1254 2876 male
1306 2822 1488 2875 vivens
1532 2820 1829 2875 catholicus
1880 2817 1972 2886 qui

389 2933 499 2973 non
522 2917 730 2971 laborat
757 2930 859 2968 nec
888 2922 1161 2983 Operatur,
1192 2921 1251 2966 ut
1280 2911 1345 2965 ad
1391 2920 1646 2965 :eternam
1677 2907 1972 2965 beatitudi-

388 3023 511 3064 nem
537 3005 820 3076 pervenire
841 3012 1129 3057 mereatur.
1166 3002 1269 3055 Per
1288 3008 1499 3056 acetum
1526 3010 1582 3055 et
1627 3000 1827 3055 furnum
1858 3000 1970 3053 ba:-

386 3098 676 3155 reticorum
704 3094 1012 3158 designatur
1040 3091 1281 3161 perﬁdia.
1315 3090 1417 3145 Per
1443 3091 1628 3146 oculos
1655 3100 1710 3145 et
1752 3091 1964 3157 dentes,

387 3186 767 3259 pmdicatores
805 3190 1002 3243 sanctzn
1031 3180 1302 3246 Ecclesize,
1332 3182 1421 3250 qui
1444 3182 1581 3237 bene
1610 3181 1753 3237 oculi
1777 3181 1964 3235 dicun-

387 3289 491 3342 tur,
510 3275 633 3346 quia
660 3282 808 3330 recta
838 3273 1027 3327 itinera
1060 3272 1371 3341 prtevident.
1405 3272 1630 3327 Pulchre
1650 3272 1813 3326 etiam
1833 3272 1964 3325 den-

374 3379 486 3433 tes,
509 3366 761 3436 quoniam
788 3363 1084 3433 Spiritualia
1107 3364 1359 3418 alimenta
1384 3363 1629 3418 lidelibus
1657 3363 1963 3416 ministrare

385 3460 576 3515 solent.
610 3454 752 3525 Ergo
780 3457 918 3510 sicut
942 3463 1155 3510 acetum
1174 3454 1442 3518 dentibus,
1475 3461 1530 3506 et
1570 3451 1743 3507 fumus
1770 3451 1961 3517 oculis,

376 3550 436 3604 id
465 3555 550 3603 est
575 3548 715 3603 sicut
740 3546 961 3617 perﬁdia
1000 3546 1372 3599 lucreticorum
1402 3551 1484 3597 est
1509 3543 1778 3598 contraria
1806 3542 1964 3596 bonis

301 3704 305 3709 .
370 3638 711 3702 doctoribus,
735 3637 857 3705 quia
879 3636 1163 3690 contristat
1187 3650 1303 3702 eos,
1335 3641 1391 3687 et
1420 3632 1720 3687 molestiam
1760 3633 1862 3686 illis
1883 3632 1964 3699 gi-

381 3728 499 3794 gnit
525 3728 901 3797 etlacrymas;
932 3727 1011 3779 sic
1039 3726 1205 3794 piger,
1238 3724 1291 3778 id
1318 3734 1399 3777 est
1428 3723 1724 3777 catholicus
1770 3723 1959 3787 malus,

382 3820 560 3889 gravis
589 3828 670 3873 est
689 3818 891 3872 eisdem
918 3812 1071 3870 bonis
1096 3815 1405 3869 doctoribus
1417 3813 1509 3884 qui
1530 3813 1789 3867 miserunt
1813 3828 1959 3878 eum,

384 3912 489 3965 hoc
536 3916 638 3974 est,
680 3907 771 3977 qui
794 3907 1068 3975 jusserunt
1113 3913 1171 3959 ut
1200 3905 1358 3959 tidem
1406 3919 1558 3958 suam
1586 3903 1836 3973 operibus
1866 3904 1964 3978 im-

383 4002 572 4071 pleret.
607 4000 731 4054 Ideo
757 4000 920 4053 etiam
941 3998 1156 4065 gravius
1175 4006 1275 4061 est,
1306 3997 1432 4067 quia
1461 3995 1623 4050 tidem
1669 4010 1823 4049 suam
1846 4009 1965 4065 pra-

384 4097 464 4148 vis
491 4094 741 4163 operibus
767 4089 1009 4145 destruit.

454 4187 721 4240 Vsnsnus.
764 4181 902 4249 Quid
931 4190 1011 4235 est
1035 4187 1176 4250 quod
1198 4180 1273 4235 ait
1297 4199 1310 4235 :
1337 4178 1528 4234 Manus
1557 4180 1611 4233 in
1637 4195 1814 4246 manu,
1856 4194 1962 4231 non

383 4280 479 4333 erit
505 4279 753 4331 innocens
781 4274 946 4328 malus
977 4270 1157 4343 (Prov.
1187 4288 1261 4339 xi,
1285 4270 1417 4340 2!)?
1462 4268 1744 4336 Quomodo
1791 4267 1962 4322 malus

383 4372 544 4424 homo
599 4383 788 4422 manus
833 4375 915 4421 est
955 4367 1010 4420 in
1066 4380 1247 4431 manu,
1293 4373 1347 4419 et
1378 4364 1498 4418 ideo
1527 4379 1635 4418 non
1680 4364 1784 4417 erit
1810 4365 1962 4416 inno-

384 4479 512 4517 cens
537 4464 559 4518 ἲ

455 4553 733 4608 δλιοκιυε.
776 4550 877 4616 Qui
905 4563 1121 4603 manum
1146 4547 1321 4616 jungit
1344 4547 1411 4601 ad
1439 4562 1676 4611 manum,
1703 4545 1834 4599 nihil
1859 4546 1961 4599 uti-

384 4658 491 4711 que
515 4650 761 4711 operatur
802 4658 814 4692 :
848 4640 1020 4692 malus
1064 4650 1193 4704 ergo
1221 4637 1455 4705 quandiu
1502 4634 1665 4690 fuerit
1690 4649 1878 4688 manus
1907 4635 1960 4688 in

386 4750 565 4796 manu,
598 4749 705 4787 non
726 4731 829 4785 erit
850 4731 1130 4791 innocens,
1154 4728 1278 4797 quia
1302 4728 1403 4781 etsi
1431 4726 1499 4781 ad
1527 4735 1736 4794 tempus
1757 4711 1963 4778 subtraé

385 4826 468 4879 bit
494 4840 683 4879 manus
710 4824 777 4878 ab
806 4837 969 4892 opere
990 4822 1151 4885 malo,
1187 4828 1365 4874 tamen
1393 4819 1628 4888 quandiu
1658 4817 1827 4870 malus
1854 4824 1955 4881 est,

387 4914 746 4969 innocentiam
775 4913 954 4968 cordis
981 4912 1181 4969 habere
1209 4926 1318 4964 non
1361 4917 1561 4979 potest,
1609 4908 1750 4961 unde
1800 4921 1962 4976 supe-

387 5006 499 5059 rius
519 5003 648 5057 dicit
672 5021 684 5055 :
715 5000 1069 5058 Abomiuabile
1092 5011 1168 5056 est
1197 4999 1418 5055 Domino
1439 5016 1525 5054 cor
1545 5016 1757 5069 prauum
1779 4998 1958 5066 (Prov.

387 5115 463 5163 nu,
494 5095 608 5165 20).

462 5189 725 5244 Vesanus.
768 5183 907 5251 Quid
926 5194 1009 5239 est
1027 5200 1157 5255 ergo
1178 5201 1369 5239 manus
1397 5187 1450 5237 in
1481 5193 1676 5243 manu?

458 5280 734 5335 S.\Lo.vws.
776 5277 1120 5331 Conscientia
1148 5293 1307 5345 prava
1330 5277 1382 5329 in
1404 5291 1567 5344 Opere
1594 5278 1758 5330 malo.

462 5372 724 5424 VEMNUS.
766 5365 1049 5433 Quomodo
1102 5364 1499 5433 intelligenlmn
1549 5378 1631 5419 est
1658 5366 1799 5434 quod
1844 5367 1961 5420 ait:

390 5462 621 5515 Cirmlus
664 5473 848 5513 aureus
890 5456 944 5511 in
995 5454 1204 5509 naribus
1249 5458 1355 5509 suis
1412 5457 1598 5509 mulier
1645 5456 1860 5526 pulchra
1914 5466 1961 5510 et

393 5557 538 5622 [ama
569 5556 590 5602 ἶ)

461 5642 736 5696 διιεκιυε.
776 5639 1060 5709 Quomodo
1102 5638 1360 5695 circulum
1389 5653 1608 5693 aureum
1652 5642 1695 5694 si
1728 5640 1962 5695 inﬁxus-is

2067 1826 2381 1896 coinquinat
2402 1833 2458 1880 et
2478 1826 2591 1879 luto
2618 1824 2903 1892 immergit,
2934 1824 3059 1894 quia
3086 1832 3465 1878 ornamentum
3513 1823 3654 1894 quod

2066 1936 2164 1992 per
2213 1919 2458 1974 notitiam
2489 1916 2886 1986 Scripturarum
2914 1916 3138 1984 adeptus
3189 1924 3326 1978 erat,
3381 1913 3653 1968 immunda

2068 2008 2280 2063 actione
2304 2005 2615 2060 sordidavit.
2638 2004 2782 2057 Talis
2802 2005 2979 2057 anima
3010 2013 3093 2058 est
3123 2004 3318 2058 mulier
3348 2004 3571 2072 pulcbra
3599 2013 3653 2056 ει

2066 2099 2212 2153 fatua
2239 2116 2250 2151 :
2286 2097 2502 2166 pulchra
2532 2112 2631 2166 per
2657 2095 2958 2159 scientiam,
2993 2093 3088 2149 sed
3111 2093 3298 2148 dedita
3348 2093 3654 2148 carnalibus

2068 2187 2536 2253 delectationibus,
2569 2184 2714 2239 fatua
2742 2194 2826 2239 est
2853 2199 2949 2254 per
2973 2184 3266 2238 actionem.

2139 2275 2408 2329 Vtunus.
2435 2273 2574 2340 Quid
2601 2281 2686 2328 est
2714 2272 2858 2342 quod
2878 2272 3037 2327 dicit:
3069 2272 3260 2326 Anima
3297 2288 3413 2342 quae
3456 2272 3656 2328 benedi-

2069 2366 2158 2429 cit,
2188 2362 2633 2434 impinguabitur:
2673 2371 2723 2416 et
2750 2362 2838 2433 qui
2882 2361 3126 2430 inebriat,
3166 2362 3275 2431 ipse
3311 2378 3508 2433 quoque
3543 2365 3656 2417 inc-

2071 2457 2355 2510 briabitur?
2378 2454 2561 2509 Plures
2586 2468 2818 2523 namque
2838 2460 2963 2508 sunt
2981 2453 3072 2522 qui
3095 2453 3230 2507 alios
3258 2454 3545 2522 inebriant,
3560 2453 3655 2512 sed

2072 2548 2172 2618 ipsi
2202 2563 2309 2602 non
2339 2547 2693 2601 inebriantur.

2143 2638 2419 2694 SALONIL’S.
2461 2636 2578 2692 Non
2610 2638 2739 2693 dicit
2758 2637 2865 2693 hoc
2883 2636 2948 2692 de
2971 2637 3242 2707 corporali
3263 2637 3543 2698 ebrietate,
3557 2633 3651 2689 sed

2072 2731 2139 2786 de
2159 2730 2419 2801 spirituali
2439 2730 2637 2794 anima,
2668 2743 2809 2797 qum,
2840 2729 2885 2783 si
2906 2728 3192 2793 benedicit,
3218 2728 3650 2797 itnpinguabitur,

2072 2825 2196 2894 quia
2223 2837 2554 2892 quascunque
2600 2822 2837 2875 exterius
2865 2818 3209 2890 praedicando
3229 2819 3514 2881 benedicit.
3536 2817 3652 2886 spi-

2071 2915 2316 2970 ritualem
2362 2912 2790 2967 benedictionem
2832 2911 3051 2979 accipit,
3086 2909 3139 2963 id
3168 2916 3268 2973 est,
3297 2910 3468 2976 gratia
3495 2908 3653 2978 spiri-

2072 3005 2202 3058 tuali
2245 3012 2468 3070 augetur
2509 3011 2563 3056 et
2608 3003 2820 3055 crescit.
2852 3000 3110 3054 Similiter
3137 2998 3229 3067 qui
3257 3013 3413 3053 sacro
3438 2997 3655 3066 eloquio

1994 3075 2038 3140 (ἶ
2070 3102 2277 3150 mentes
2300 3094 2601 3147 auditorum
2624 3092 2805 3145 studet
2822 3091 3109 3154 inebriare,
3125 3089 3421 3143 inebriatur
3436 3097 3493 3144 et
3515 3090 3652 3159 ipse,

2065 3188 2344 3256 sanctique
2369 3184 2599 3254 Spiritus
2628 3167 2896 3237 inlusione
2925 3181 3182 3249 repletur.

2140 3278 2403 3332 Vesanus.
2447 3276 2625 3342 Quare
2646 3289 2751 3328 non
2774 3273 2911 3327 dixit
2936 3292 2947 3326 :
2980 3272 3173 3340 Homo,
3202 3270 3301 3328 sed
3321 3272 3512 3325 Anima
3539 3288 3654 3341 qua

2062 3371 2319 3426 benedicit
2347 3365 2795 3439 impinguabitur?

2136 3462 2415 3517 Summus.
2455 3460 2514 3513 ιιι
2542 3458 2832 3528 Scripturis
2854 3458 3047 3512 divinis
3096 3458 3288 3528 stepius
3339 3459 3471 3528 poni
3515 3458 3654 3512 solet

2065 3568 2188 3623 pars
2214 3567 2312 3621 pro
2344 3560 2481 3618 toto,
2513 3561 2603 3603 aut
2630 3557 2803 3603 totum
2853 3564 2950 3618 pro
2998 3557 3173 3618 parte,
3213 3549 3504 3604 secundum
3530 3563 3653 3618 spe}
3710 3587 3729 3601 .

2065 3646 2201 3698 ciem
2230 3642 2590 3710 grammaticae
2618 3640 2767 3707 artis,
2816 3655 2934 3709 qua:
2984 3639 3182 3694 dicitur
3227 3638 3648 3710 synecltdocbe:

2066 3739 2143 3791 sic
2170 3749 2299 3802 ergo
2322 3735 2372 3788 in
2400 3736 2501 3789 hoc
2531 3733 2649 3787 loco
2680 3746 2803 3802 pars
2831 3731 3001 3801 posita
3028 3740 3109 3784 est
3134 3746 3233 3801 pro
3262 3741 3381 3787 toto
3412 3732 3646 3785 homine.

2067 3825 2262 3899 Totum
2294 3839 2422 3877 vero
2453 3823 2673 3892 ponitur
2717 3837 2815 3890 pro
2853 3831 3028 3891 parte,
3089 3832 3147 3876 ut
3202 3822 3369 3876 illud:
3406 3821 3650 3875 Tulcrunt

2066 3915 2347 3970 Dominum
2374 3914 2437 3966 de
2460 3920 2791 3967 monumento
2825 3911 3002 3982 (Joau.
3036 3911 3153 3985 xx).
3188 3912 3470 3966 Dominum
3502 3911 3644 3975 dicit,

2065 4023 2163 4080 pro
2184 4019 2414 4076 corpore
2436 4004 2671 4059 Domini.

2136 4098 2405 4152 Venimus.
2447 4094 2577 4162 Quis
2605 4102 2688 4149 est
2714 4094 2803 4148 ille
2831 4093 2901 4148 de
2938 4108 3047 4161 quo
3067 4092 3197 4147 dicit
3221 4109 3237 4145 :
3261 4088 3361 4155 Qui
3383 4089 3645 4144 abscondit

2067 4191 2345 4262 frumenta,
2368 4187 2701 4241 maledicetur
2720 4187 2773 4239 in
2812 4184 3015 4256 populis
3047 4182 3226 4250 (Prov.
3263 4181 3380 4250 XI)?
3405 4181 3646 4249 Nunquid

2067 4288 2353 4349 propterea
2383 4275 2780 4331 maledicendus
2810 4281 2893 4328 est
2919 4273 3129 4342 aliquis,
3162 4272 3288 4341 quia
3317 4286 3425 4326 non
3450 4271 3507 4325 in
3532 4284 3643 4324 om-

2068 4372 2224 4441 uibus
2250 4367 2513 4421 frumenta
2542 4381 2637 4420 sua
2666 4365 2966 4420 ministrat?

1990 4443 2044 4503 ι)
2074 4458 2079 4463 ’
2139 4458 2416 4515 Sanomus.
2458 4456 2769 4517 Frumenla,
2820 4455 2985 4509 verba
3014 4460 3141 4508 sunt
3169 4460 3367 4506 sanctte
3389 4450 3641 4520 praedica-

2067 4556 2227 4609 tionis
2256 4572 2268 4605 :
2299 4565 2426 4619 ergo
2448 4550 2749 4618 quicunque
2777 4546 3059 4601 abscondit
3100 4545 3213 4599 base
3255 4541 3544 4609 frumenta,
3592 4541 3642 4595 id

2064 4651 2149 4700 est
2193 4643 2354 4697 verba
2402 4648 2600 4694 sancta:
2629 4635 3020 4707 pmdicationis
3067 4635 3208 4705 apud
3232 4649 3291 4689 se
3321 4634 3535 4697 retinet,
3589 4640 3643 4687 et

2066 4750 2173 4789 non
2203 4734 2315 4787 vult
2339 4731 2657 4786 annuntiare
2682 4728 2800 4782 aliis
2826 4727 3067 4794 eloquia;
3093 4728 3192 4781 iste
3220 4725 3555 4780 maledicatur
3588 4724 3638 4776 in

2061 4826 2286 4897 populis,
2310 4823 2433 4891 quia
2465 4837 2563 4891 pro
2591 4820 2747 4889 culpa
2786 4817 2985 4872 silentii
3011 4817 3474 4881 eoudemnabitur,
3505 4831 3635 4883 quo-

2071 4919 2213 4972 niam
2243 4915 2420 4969 multis
2449 4913 2704 4986 prodesse
2733 4912 2936 4981 potuit;
2990 4910 3087 4966 sed
3132 4912 3255 4982 quia
3311 4911 3503 4974 noluit,
3527 4910 3639 4963 ideo

2069 5026 2168 5080 pro
2192 5009 2476 5063 multorum
2508 5020 2664 5075 pruna
2692 5004 2836 5073 juste
2860 5003 3131 5072 punietur.

2141 5101 2411 5156 Vesanus.
2454 5099 2555 5165 Qui
2605 5104 2731 5151 sunt
2776 5095 2849 5148 illi
2875 5096 2966 5162 qui
2991 5093 3231 5148 vendunt
3262 5091 3543 5156 frumenta,
3574 5087 3638 5142 de

2067 5194 2261 5265 quibus
2283 5208 2407 5245 mox
2428 5191 2668 5259 sequitur
2697 5206 2709 5241 :
2744 5185 3037 5241 Benedictio
3074 5196 3242 5238 autem
3281 5199 3436 5253 super
3476 5180 3637 5250 capita

2068 5285 2432 5340 vendentium?

2138 5376 2416 5431 SALOSIUS.
2458 5373 2533 5426 Illi
2564 5371 2800 5449 vendunt
2827 5369 3112 5432 frumenta,
3134 5366 3226 5435 qui
3256 5364 3419 5420 verba
3450 5362 3568 5417 vita:
3585 5367 3636 5414 et

2067 5476 2268 5521 sancta:
2296 5464 2686 5535 prmdit'ationis
2708 5463 2817 5514 suis
2843 5459 3179 5512 auditoribus
3200 5457 3536 5511 annuntiant.

2143 5558 2404 5611 Υιειιλλυε.
2448 5553 2599 5620 Quod
2621 5554 2848 5621 pretium
2872 5549 3139 5619 accipiunt
3168 5547 3235 5600 ab
3255 5546 3369 5600 eis?

2138 5650 2365 5705 Summo
2384 5665 2417 5699 ;.
2463 5644 2696 5698 Pretium
2724 5642 2842 5694 lilei
2874 5650 2925 5693 et
2948 5634 3299 5692 confessionis
3327 5645 3547 5691 sancttc.
