3964 6178
275 413 377 467 977

1083 406 1148 463 ΙΝ
1185 399 1587 461 PARABOLAS
1626 404 2005 462 SALOMONIS
2041 405 2395 462 EXPOSITIO
2436 406 2747 464 MYSTICA.

3432 410 3535 465 978

349 523 616 579 Vesanus.
656 518 938 588 Quomodo
961 519 1141 573 veniet
1161 517 1465 573 benedictio
1486 532 1648 586 super
1673 531 1857 570 eorum
1886 524 1934 578 Α
2033 518 2297 575 Vesanus.
2340 519 2415 573 De
2441 519 2637 588 quibus
2659 519 2910 589 operibus
2930 520 3057 577 dicit
3090 540 3103 575 :
3139 521 3327 575 Anima
3371 533 3541 578 autent

277 617 493 673 mmm?

380 631 493 671 lla?

343 631 624 767 gALONlUS.
666 706 799 773 Quia
844 703 1066 774 singulis
1111 717 1295 757 eorum
1335 686 1573 756 dicturus
1615 708 1699 755 est
1758 700 1863 754 Do-

279 804 452 857 minus
495 819 507 852 :
565 798 740 868 Euge,
786 811 926 849 serve
964 794 1093 848 bone
1133 802 1181 847 et
1226 792 1427 863 ﬁdelis,
1470 792 1591 864 quia
1632 789 1858 862 (Matth.

279 894 429 961 xxv),
459 900 562 945 cte.

350 980 617 1036 Vesanus.
657 976 794 1043 Quid
818 982 899 1029 est
919 972 1064 1044 quod
1090 972 1164 1027 ait
1189 989 1202 1026 :
1237 969 1337 1036 Qui
1365 970 1636 1026 conturbat
1654 971 1861 1026 domum

277 1091 448 1140 suam,
479 1068 754 1141 possidebit
776 1068 988 1121 ventos?
1015 1063 1295 1131 Quomodo
1316 1070 1495 1134 potest
1514 1061 1707 1132 aliquis
1734 1078 1862 1132 pos-

278 1164 459 1219 sidere
482 1160 705 1216 ventos?

350 1254 629 1309 SALONIUS.
672 1250 923 1317 Domum,
958 1248 1011 1302 in
1036 1248 1142 1303 hoc
1168 1248 1307 1310 loco,
1338 1252 1571 1301 mentem
1600 1246 1855 1316 appellat,

279 1346 334 1398 in
363 1358 467 1413 qua
500 1340 858 1409 unusquisque
883 1332 1046 1393 veluti
1069 1339 1121 1392 in
1151 1337 1312 1392 domo
1336 1334 1544 1391 habitat
1571 1351 1669 1407 per
1712 1336 1860 1405 cogi-

277 1428 511 1488 taliones
545 1450 557 1485 :
607 1437 817 1496 ventos,
867 1428 1170 1484 immundos
1215 1426 1432 1497 spiritus
1474 1424 1723 1496 appellat.
1756 1420 1858 1492 Qui

279 1541 409 1598 ergo
451 1521 695 1592 domum,
744 1518 799 1577 id
828 1531 910 1577 cSt
950 1525 1184 1575 mentem
1212 1534 1386 1586 suam,
1419 1518 1574 1573 malis
1601 1526 1656 1572 et
1683 1518 1859 1572 noxiis

280 1616 693 1689 cogitationibus
722 1613 1034 1686 perturbare
1076 1627 1182 1665 non
1226 1610 1399 1675 timet,
1454 1609 1554 1665 iste
1604 1610 1856 1665 nimirum

279 1710 578 1786 possidebit
616 1716 824 1770 ventos,
857 1706 981 1777 quia
1008 1719 1107 1775 per
1132 1703 1302 1759 malas
1331 1703 1687 1772 cogitationes
1712 1703 1855 1759 viam

280 1802 407 1857 fecit
426 1798 776 1863 daemonibus,
807 1804 865 1850 ut
892 1793 1261 1863 ingrediantur
1284 1800 1340 1849 et
1366 1793 1609 1849 habitent
1633 1793 1685 1847 in
1713 1794 1848 1863 ipso.

1964 610 2283 676 operantium
2303 609 2701 680 impinguabitur
2724 611 2904 680 (l’rov.
2938 612 3087 683 xm)?

2033 696 2310 752 SALONIUS.
2355 697 2430 752 De
2477 698 2583 753 illis
2630 699 2779 763 dicit,
2819 700 2909 767 qui
2931 700 3070 755 bona
3100 709 3413 771 operantur,
3449 700 3540 772 qui

1962 786 2172 842 Domini
2195 788 2414 842 student
2442 789 2664 858 implere
2688 799 2985 860 praecepta;
3016 791 3227 845 illorum
3257 790 3543 843 animaim—

1965 878 2306 950 pinguahitur
2333 880 2506 948 gratia
2528 880 2810 950 spirituali,
2834 890 2889 936 et
2908 881 3187 937 dulcedine
3233 882 3385 951 regni
3429 897 3543 937 cm-

1961 969 2130 1025 lestis.

2034 1061 2303 1119 Vensnus.
2345 1061 2523 1130 Quare
2552 1063 2973 1134 impinguabitur
3008 1067 3184 1120 anima
3213 1065 3421 1121 illorum
3448 1066 3547 1136 qui

1961 1153 2103 1207 bona
2132 1154 2460 1223 operantur?

2030 1242 2309 1298 ὃλιοκιυθ.
2350 1244 2483 1311 Quia
2525 1253 2648 1313 post
2674 1245 2887 1302 labores
2932 1248 3055 1302 vita:
3082 1248 3393 1318 praesentis,
3441 1248 3540 1303 im-

1958 1334 2310 1389 marcescibili
2335 1333 2585 1390 mercede
2609 1337 3056 1392 remunerabitur.

2030 1420 2295 1479 Vesanus.
2338 1425 2467 1491 Quis
2512 1433 2595 1481 est
2649 1428 2866 1484 nuntius
2910 1428 3060 1499 impii
3114 1429 3182 1484 de
3226 1443 3334 1499 quo
3359 1428 3534 1485 dicit:

1958 1511 2187 1569 Nuntius
2207 1515 2352 1585 impii
2374 1516 2511 1570 cadit
2537 1518 2591 1570 in
2621 1517 2847 1572 malum?

2027 1604 2307 1661 Summus.
2348 1605 2576 1661 Nuntius
2632 1606 2800 1676 impii,
2832 1607 2887 1662 id
2939 1616 3021 1664 est
3060 1609 3280 1678 angelus
3306 1609 3533 1676 diaboli;

1957 1696 2117 1755 Arius
2155 1696 2252 1754 fuit
2275 1706 2329 1755 et
2349 1696 2631 1762 Sabellius,
2657 1700 2945 1770 ceterique
2970 1702 3204 1757 haeretici
3238 1703 3412 1773 angeli
3438 1702 3536 1758 Sa-

1956 1798 2098 1847 tanae
2124 1810 2135 1845 :
2170 1792 2255 1847 isti
2279 1792 2528 1847 nimirum
2547 1790 2856 1848 ceciderunt
2875 1792 2928 1847 in
2954 1792 3174 1861 malum,
3204 1793 3257 1849 id
3280 1801 3364 1849 est
3380 1801 3536 1850 aeter-

281 1890 584 1945 Possidebit
610 1896 818 1952 ventos,
852 1884 908 1940 id
941 1893 1025 1940 est
1053 1883 1325 1940 dmmones
1359 1883 1426 1939 ad
1453 1883 1856 1940 condemnatio—
1886 1885 1931 1945 B
1960 1897 2041 1936 na:
2063 1882 2319 1951 gehennae
2343 1890 2684 1937 tormentum.

279 1999 400 2037 nem
440 1997 539 2035 Sili.

348 2073 618 2127 VERANUS.
659 2068 943 2136 Quomodo
970 2069 1155 2123 mulier
1175 2068 1393 2139 diligens
1415 2084 1607 2123 corona
1637 2076 1715 2123 est
1748 2069 1857 2123 viro

279 2150 395 2228 suo,
441 2168 490 2213 et
510 2159 722 2227 putredo
744 2160 798 2212 in
824 2158 1019 2212 ossibus
1049 2157 1158 2228 ejus
1195 2174 1308 2230 qua
1335 2160 1635 2230 confusione
1668 2176 1749 2213 res
1774 2159 1856 2212 di-

282 2268 417 2323 gnas
444 2250 571 2321 gerit
594 2247 770 2317 (Prov.
798 2248 938 2315 xu)?

356 2341 632 2396 SALONIUS.
672 2340 860 2394 Mulier
877 2340 1020 2393 bona
1048 2348 1103 2395 ct
1130 2349 1277 2396 casta
1306 2341 1570 2396 honorem
1615 2340 1731 2395 viro
1759 2356 1858 2396 suo

285 2431 489 2500 prmbet
510 2430 559 2482 in
590 2428 869 2494 omnibus;
897 2437 952 2483 et
979 2430 1102 2497 quia
1132 2429 1305 2499 diligit
1333 2446 1453 2485 eum
1483 2439 1537 2485 et
1558 2432 1694 2486 bene
1723 2432 1861 2500 regit

282 2519 500 2580 domum
540 2519 726 2589 ipsius,
779 2533 979 2573 corona
1009 2520 1083 2573 illi
1112 2529 1213 2585 est,
1244 2522 1367 2591 quia
1421 2521 1535 2589 ejus
1575 2522 1859 2577 virtutibus

283 2611 434 2666 addit
478 2613 723 2681 gratiam,
780 2614 920 2669 unde
948 2622 1238 2668 coronatur
1260 2630 1289 2667 a
1317 2614 1541 2670 Domino
1574 2634 1586 2668 :
1620 2614 1859 2670 adultera

279 2717 412 2757 vero
436 2704 645 2770 mulier,
668 2704 911 2771 quamvis
939 2702 1067 2757 loris
1088 2703 1329 2757 videatur
1349 2706 1612 2774 speciosa,
1635 2704 1860 2775 putredo

280 2806 465 2846 tamen
510 2799 592 2847 est
644 2794 696 2846 in
725 2794 955 2860 ossibus,
993 2792 1117 2861 quia
1147 2793 1289 2847 intus
1315 2792 1483 2849 fetore
1511 2794 1730 2849 luxuria:
1752 2809 1861 2849 suae

285 2886 523 2940 membra
556 2886 888 2953 coinquinat.

355 2974 627 3029 Van/mus.
667 2975 948 3040 Quomodo
990 2974 1388 3044 intelligendum
1444 2983 1527 3031 est
1571 2977 1713 3044 quod
1742 2977 1857 3030 ait:

282 3065 473 3122 Melior
508 3084 704 3138 pauper
746 3074 822 3120 est
868 3075 916 3121 et
936 3067 1189 3137 sufﬁciens
1218 3064 1332 3135 sibi,
1363 3085 1513 3141 quant
1535 3067 1786 3139 gloriosus
1814 3075 1863 3121 et

282 3159 489 3228 indigus
520 3157 690 3226 pane?
1654 3158 1655 3161 “

2030 1971 2295 2027 Vsussus.
2335 1972 2466 2040 Quis
2490 1983 2571 2031 est
2596 1976 2803 2043 legatus
2825 1978 3017 2046 tidelis,
3042 1977 3112 2035 de
3132 1993 3241 2050 quo
3262 1978 3534 2049 sequitur:

1958 2062 2186 2136 Legatus
2205 2065 2376 2135 ﬁdelis
2395 2067 2598 2120 sanitas
2621 2067 2798 2136 (Prov.
2827 2070 2975 2131 xm)?

2029 2156 2305 2211 SALONIUS.
2350 2156 2581 2226 Legatus
2609 2157 2780 2213 lidelis
2800 2165 2882 2213 est
2911 2160 3277 2230 unusquisque
3305 2160 3535 2215 catholi-

1956 2262 2050 2305 cus
2093 2248 2412 2317 praedicator
2440 2258 2493 2302 et
2519 2248 2709 2303 doctor
2736 2248 2827 2318 qui
2876 2250 2977 2303 sibi
3009 2252 3226 2318 suisque
3267 2248 3536 2304 auditori—

1957 2342 2057 2395 bus
2076 2342 2360 2394 sanitatem
2387 2350 2439 2394 et
2464 2341 2690 2395 salutem
2720 2341 2948 2409 acquirit
2974 2348 3265 2396 atternama

2028 2431 2293 2485 Vunast's.
2337 2428 2512 2495 Quare
2552 2430 2684 2485 dicit
2713 2449 2725 2484 ε
2754 2430 3010 2486 Latebunt
3039 2432 3161 2485 mali
3199 2440 3319 2485 ante
3354 2432 3533 2493 bonos,

1958 2532 2006 2577 et
2035 2522 2182 2592 impii
2199 2533 2319 2575 ante
2344 2533 2520 2594 portas
2537 2524 2812 2594 justorum,
2851 2539 2972 2579 cum
3020 2525 3072 2578 in
3115 2523 3215 2579 hac
3235 2524 3343 2577 vita
3369 2523 3565 2591 magis,

1959 2612 2087 2669 boui
2132 2613 2342 2667 soleant
2384 2612 2567 2683 jacere
2595 2621 2721 2669 ante
2749 2614 2942 2681 malos,
2971 2621 3028 2669 et
3049 2611 3180 2683 justi
3209 2621 3334 2669 ante
3355 2620 3537 2683 portas

1957 2700 2303 2771 iniquorum?

2031 2791 2309 2846 SALONIUS.
2348 2791 2408 2847 In
2457 2794 2752 2850 novissimo
2788 2794 2991 2864 judicio
3043 2795 3315 2851 coronatis
3356 2790 3569 2864 justisp

1961 2881 2109 2951 impii
2131 2882 2653 2952 condemnabuntur,
2675 2886 2768 2953 qui
2797 2901 2891 2941 eos
2912 2887 2965 2940 in
2994 2886 3244 2956 praesenti
3267 2886 3377 2939 vita
3403 2882 3538 2938 aflli~

1959 2974 2178 3042 gebant,
2204 2980 2260 3029 et
2279 2974 2480 3030 idcirco
2500 2976 2628 3032 dicit
2659 2995 2671 3030 :
2704 2976 2962 3032 Iacebant
2996 2978 3119 3032 mali
3140 2976 3457 3045 antebonos,
3491 2985 3541 3030 et

1961 3064 2105 3135 impii
2127 3074 2248 3118 ante
2273 3074 2449 3135 portas
2470 3069 2751 3137 juslorum.
2776 3068 3027 3123 Attamen
3053 3068 3197 3138 quod
3217 3067 3348 3123 dicit
3372 3086 3389 3121 :
3410 3067 3540 3120 Ante
3570 3096 3579 3103 ι

1964 3156 2141 3221 bonos,
2167 3167 2217 3209 et
2234 3168 2353 3211 ante
2370 3166 2545 3229 portas
2560 3160 2841 3230 justorum,
2868 3177 2973 3215 non
2996 3160 3062 3215 ad
3085 3161 3408 3216 vicinitatem
3436 3159 3563 3214 loci'

354 3248 634 3302 SALONIUS.
674 3247 813 3302 Vere
860 3249 1051 3303 melior
1070 3255 1152 3302 est
1180 3248 1344 3304 frater
1369 3249 1531 3303 idiota
1555 3258 1609 3304 et
1636 3250 1863 3319 simplex
1890 3250 1933 3312 C
1963 3249 2212 3316 pertinet,
2244 3249 2498 3315 quoniam
2543 3251 2670 3303 mali
2709 3258 2765 3305 et
2791 3252 2919 3305 boni
2962 3267 3070 3307 non
3099 3252 3201 3307 sibi
3229 3258 3387 3306 erunt
3415 3257 3542 3306 tunc

283 3338 375 3406 qui
416 3345 670 3405 operatur
713 3338 854 3392 bona
896 3354 1013 3408 qua:
1060 3341 1228 3406 novit,
1255 3340 1396 3393 unde
1418 3342 1578 3393 vitam
1600 3350 1855 3395 aeternam

284 3436 556 3482 mereatur
585 3428 785 3483 habere
816 3430 869 3483 in
910 3416 1102 3499 oculis;
1136 3448 1294 3500 quam
1334 3432 1616 3500 gloriosus,
1667 3433 1721 3488 id
1775 3442 1859 3489 est

278 3519 459 3573 clarus
480 3517 722 3572 doctrina
751 3527 806 3573 et
827 3519 1127 3574 eruditione
1150 3521 1562 3590 Scripturarum,
1595 3524 1677 3576 vel
1706 3540 1853 3578 com-

284 3618 410 3680 ptus
459 3607 695 3679 doctoris
748 3608 945 3673 officio,
990 3610 1081 3680 qui
1129 3611 1332 3679 indiget
1361 3628 1495 3682 pane
1538 3613 1855 3679 dilectionis,

282 3700 408 3769 quia
462 3715 634 3768 neque
674 3700 956 3753 Dominum
1003 3700 1196 3769 diligit,
1222 3718 1395 3770 neque
1416 3705 1735 3772 proximum.
1760 3705 1860 3760 Vel

283 3799 431 3845 certe
453 3791 571 3844 ideo
596 3805 732 3859 pane
761 3790 978 3857 indiget,
1009 3791 1133 3858 quia
1157 3807 1262 3845 non
1288 3802 1539 3862 operatur
1560 3810 1677 3863 qua:
1705 3796 1862 3850 intelc

286 3882 405 3949 ligit
434 3889 525 3935 aut
546 3876 729 3935 ‘dot'et.

355 3971 624 4025 Vesanus.
665 3970 796 4037 Quis
819 3979 899 4024 est
923 3970 1087 4026 homo
1116 3982 1362 4028 versutus
1381 3977 1471 4043 qui
1500 3977 1639 4031 celat
1680 3978 1857 4032 scien-

283 4062 453 4115 tiam?
480 4062 569 4115 Sic
598 4062 737 4115 enim
761 4059 894 4114 dicit
920 4080 932 4113 :
967 4061 1134 4116 llomo
1164 4075 1390 4118 versutus
1412 4069 1543 4119 celat
1569 4068 1855 4122 scientiam.

353 4148 629 4204 SALONIUS.
676 4149 929 4205 Versutus
955 4150 1059 4205 hoc
1087 4151 1207 4206 loco
1236 4152 1287 4206 in
1312 4154 1450 4207 bona
1473 4155 1860 4222 signiﬁcatione

281 4242 518 4311 ponitur,
552 4240 602 4294 id
634 4248 715 4295 est
743 4241 956 4310 sapiens
983 4248 1037 4295 et
1065 4241 1337 4310 prudens:
1376 4244 1458 4298 vir
1504 4258 1632 4313 ergo
1672 4263 1857 4303 versu-

281 4340 368 4385 tus
392 4374 405 4396 ,
432 4331 483 4385 id
512 4338 592 4385 est
612 4332 823 4400 sapiens
846 4339 899 4386 et
928 4333 1163 4401 prudens
1194 4334 1483 4403 aliquando
1506 4336 1572 4391 de
1600 4337 1857 4394 industria

280 4424 422 4477 celat
450 4423 746 4487 scientiam,
773 4423 977 4478 duabus
998 4424 1254 4479 videlicet
1273 4426 1342 4480 de
1363 4428 1537 4483 causis
1564 4447 1575 4481 :
1600 4445 1702 4483 una
1732 4432 1855 4498 quia

281 4515 508 4568 iniit-mis
529 4514 859 4569 auditoribus
879 4532 988 4569 non
1010 4522 1187 4585 potest
1205 4518 1343 4587 loqui
1388 4520 1536 4589 quasi
1579 4522 1860 4589 spirituali-

1957 3338 2150 3404 vicini;
2173 3338 2267 3393 sed
2294 3339 2531 3408 pertinet
2559 3339 2628 3393 ad
2673 3341 2936 3395 visionem
2973 3343 3258 3404 bonorum,
3287 3344 3543 3408 quoniam

1958 3427 2087 3482 boni
2109 3443 2323 3497 semper
2350 3428 2605 3483 videbunt
2639 3437 2905 3484 tormenta
2933 3432 3220 3498 malorum,
3248 3431 3390 3485 unde
3434 3432 3543 3486 Deo

1959 3520 2236 3575 liberatori
2268 3536 2367 3575 suo
2395 3520 2631 3589 majores
2661 3522 2777 3577 sine
2803 3520 2909 3577 line
2931 3520 3166 3576 referant
3193 3523 3407 3607 gratias.

2031 3611 2298 3665 VERANUS.
2316 3611 2453 3676 Quid
2474 3620 2557 3666 cst
2574 3612 2719 3681 quod
2740 3614 2814 3667 ait
2841 3630 2854 3666 :
2889 3613 3102 3668 Pondus
3123 3622 3173 3667 et
3198 3622 3392 3667 statera
3405 3612 3543 3683 judi-

1960 3701 2043 3754 cia
2084 3708 2202 3754 sunt
2257 3698 2486 3767 Domini,
2535 3711 2586 3756 et
2605 3719 2762 3773 opera
2800 3704 2910 3773 ejus
2932 3721 3106 3759 omnes
3138 3703 3336 3774 lapides
3364 3705 3543 3759 δινευίὶ

1962 3788 2140 3855 (Prov.
2167 3790 2317 3859 xvi)?
2342 3788 2627 3856 Quomodo
2660 3792 2869 3863 pondus
2889 3801 2946 3849 et
2972 3801 3175 3848 statera
3194 3792 3395 3863 judicia
3420 3801 3544 3848 sunt

1962 3878 2212 3934 Domini?
2886 3928 2903 3945 ,

2031 3970 2309 4027 ὃλιοκιυε.
2351 3972 2485 4040 Quia
2507 3975 2763 4031 Dominus
2792 3978 2967 4032 omnia
2994 3979 3048 4032 in
3076 3977 3300 4049 pondere
3325 3987 3375 4033 et
3395 3992 3541 4031 men-

1962 4079 2104 4127 sura,
2119 4074 2169 4117 et
2190 4081 2401 4119 numero
2425 4064 2580 4136 (Sap.
2605 4067 2681 4132 ιι)
2704 4068 2998 4123 constituit.
3027 4068 3240 4124 Pondus
3260 4076 3316 4124 et
3342 4056 3545 4123 statera

1956 4150 2154 4219 judicia
2177 4152 2384 4208 Domini
2411 4163 2558 4223 sunt,
2584 4158 2708 4225 quia
2742 4158 2880 4213 sicut
2903 4159 3017 4227 ipse
3036 4158 3226 4221 voluit,
3257 4159 3545 4227 unicuique

1962 4260 2265 4300 mensuram
2308 4244 2429 4301 fidei
2458 4255 2512 4301 et
2540 4249 2764 4315 gratiam
2800 4250 3031 4319 Spiritus
3060 4251 3231 4306 sancti
3254 4250 3542 4307 distribuit.

2034 4336 2299 4391 VERANUS.
2342 4337 2488 4403 Quos
2515 4338 2748 4408 appellat
2772 4340 2976 4409 lapides
2994 4342 3207 4397 saeculi?

2033 4426 2309 4482 SALONIL'S.
2350 4427 2531 4485 Justos
2558 4437 2615 4484 et
2635 4430 2801 4487 fortes
2828 4432 2882 4486 in
2912 4430 3013 4487 [ide
3039 4452 3052 4489 :
3084 4449 3274 4490 omnes
3296 4434 3437 4489 enim
3469 4434 3546 4493 la-

1961 4519 2111 4588 pides
2139 4521 2338 4587 seculi,
2371 4520 2425 4575 id
2451 4530 2536 4578 est
2572 4523 2749 4578 sancti
2793 4532 2849 4579 et
2896 4524 3053 4580 electi
3081 4526 3200 4591 viri,
3229 4541 3390 4597 opera
3420 4536 3545 4582 sunt

280 4605 391 4667 bus,
424 4604 517 4657 sed
540 4607 684 4675 quasi
704 4605 997 4660 carnalibus
1028 4606 1082 4678 (Ι
1102 4605 1219 4661 Cor.
1253 4609 1350 4677 Ill),
1380 4608 1538 4681 idest
1559 4625 1748 4680 magna
1775 4627 1861 4665 sa-
1890 4612 1938 4671 D
1964 4610 2194 4676 Domini,
2251 4615 2374 4680 quia
2421 4630 2577 4670 nemo
2626 4631 2723 4670 sua
2771 4617 2990 4685 virtute,
3038 4634 3198 4673 nemo
3225 4634 3324 4674 suo
3352 4621 3544 4673 merito

280 4709 495 4746 rrarum
518 4693 912 4764 Scripturarum
941 4698 1191 4765 mysteria
1214 4713 1333 4766 qua:
1358 4701 1526 4766 novit,
1559 4716 1663 4754 non
1694 4702 1857 4757 audet
1954 4703 2158 4757 electus
2208 4712 2294 4759 cst
2338 4721 2367 4758 a
2425 4705 2674 4771 Domino,
2724 4715 2785 4761 ut
2812 4709 3017 4762 cmlesti
3043 4709 3382 4765 mdilicationi
3402 4719 3547 4765 esset

281 4783 382 4835 illis
406 4783 765 4847 manifestare,
790 4799 855 4838 ne
877 4782 1012 4839 forte
1034 4787 1494 4853 scandalizentur;
1520 4789 1707 4859 altera,
1730 4792 1853 4861 quia

282 4891 387 4928 non
417 4875 529 4928 vult
550 4886 783 4928 sanctum
804 4877 929 4929 dare
954 4875 1185 4941 canibus,
1210 4894 1368 4951 neque
1389 4881 1588 4950 mittere
1609 4886 1861 4954 margari-

283 4973 360 5016 tas
381 4974 500 5016 ante
523 4981 701 5032 porcos
734 4964 945 5034 (Matth.
976 4968 1091 5035 vn).

352 5054 617 5109 Vnnssvs.
658 5055 791 5121 Quid
818 5065 899 5111 est
926 5058 1069 5126 quod
1097 5058 1203 5112 ait:
1241 5058 1364 5115 Vult
1396 5073 1444 5115 et
1470 5079 1572 5117 non
1592 5063 1697 5118 vult
1714 5066 1857 5137 piger

283 5144 461 5215 (Prov.
492 5148 645 5213 XIII)?
674 5145 728 5199 Si
751 5148 881 5205 vult.
909 5149 1179 5218 quomodo
1203 5165 1331 5219 ergo
1356 5170 1459 5207 non
1480 5153 1635 5209 vult?

350 5233 627 5289 SALONIUS.
671 5232 775 5289 Per
818 5237 1049 5305 pigrum,
1078 5240 1169 5293 ille
1196 5239 1505 5309 designatur
1546 5245 1636 5314 qui
1664 5259 1722 5300 se
1749 5258 1856 5301 non

280 5325 393 5378 vult
421 5339 676 5380 exercere
722 5326 774 5380 in
820 5327 976 5383 bonis
1013 5330 1282 5398 operibus.
1329 5329 1456 5385 Vult
1484 5347 1613 5400 ergo
1633 5349 1859 5403 regnare

280 5414 432 5484 piger
460 5429 580 5468 cum
602 5415 733 5474 Deo.
765 5424 953 5470 etnon
999 5419 1114 5471 vult
1145 5420 1393 5476 laborare
1422 5437 1521 5492 pro
1558 5421 1691 5480 Deo.
1732 5424 1862 5479 Vult

281 5505 559 5575 pervenire
606 5506 673 5560 ad
724 5506 1107 5563 beatitudinem
1156 5518 1210 5564 et
1239 5518 1416 5566 tamen
1446 5529 1552 5568 non
1578 5516 1691 5569 vult
1719 5530 1858 5586 pra:-

285 5603 443 5664 cepta
491 5594 687 5651 Christi
717 5597 962 5668 implere,
982 5608 1041 5653 ut
1063 5601 1448 5658 beatitudinem
1471 5615 1742 5662 mereatur
1767 5611 1863 5663 ob-

281 5686 566 5768 tinere.De
590 5688 691 5742 hoc
711 5690 852 5743 enim
874 5688 1109 5747 Iacobus
1128 5692 1255 5747 dicit
1284 5712 1295 5747 :
1335 5694 1428 5750 Vir
1452 5697 1641 5768 duplex
1664 5701 1855 5765 animo,

280 5760 583 5832 inconstans
600 5789 678 5832 est
702 5781 755 5833 in
782 5780 1018 5835 omnibus
1046 5783 1138 5839 viis
1169 5784 1275 5839 suis
1306 5784 1444 5853 (Jac.
1476 5760 1534 5854 1):

1957 4802 2134 4860 aptus,
2162 4794 2257 4848 sed
2291 4795 2402 4849 sola
2433 4797 2603 4862 gzulia
2633 4805 2689 4850 et
2716 4798 3085 4854 misericordia
3108 4800 3293 4870 ipsius.

2033 4883 2300 4941 νεκυίας.
2342 4885 2478 4953 Quid
2503 4888 2749 4959 estquod
2782 4888 2946 4944 dicit:
2988 4889 3191 4946 Corona
3219 4910 3417 4960 senum,
3447 4897 3574 4966 ﬁlii’

1957 4975 2207 5044 ﬁliorum,
2225 4986 2274 5029 et
2300 4976 2472 5045 gloria
2499 4978 2725 5047 ﬁliorum
2746 4989 2917 5049 patres
2946 4999 3122 5037 eorum
3166 4983 3343 5053 (Prov.
3375 4991 3545 5055 xvn)?

1959 5064 2015 5117 Si
2038 5065 2161 5119 mali
2190 5073 2313 5119 sunt
2336 5065 2429 5122 lilii
2452 5067 2702 5137 liliorum,
2728 5070 3006 5139 quomodo
3026 5081 3152 5130 sunt
3174 5076 3344 5145 gloria
3369 5078 3417 5132 in
3441 5078 3543 5133 hoc

1958 5153 2077 5208 loco
2098 5155 2121 5207 ?

2031 5246 2311 5303 Summus.
2354 5247 2699 5309 Patriarchas
2724 5262 2880 5310 vocat
2900 5264 2956 5311 et
2980 5258 3296 5327 prophetas,
3316 5274 3540 5328 quorum

1961 5335 2055 5390 lilii
2084 5344 2211 5392 sunt
2249 5340 2422 5411 sancti
2451 5344 2706 5411 apostoli,
2741 5354 2795 5400 et
2826 5347 2918 5401 lilii
2950 5347 3178 5404 filiorum
3206 5365 3545 5405 successores

1962 5432 2352 5500 apostolorum,
2395 5435 2650 5491 videlicet
2697 5440 2869 5495 sancti
2917 5442 3314 5511 praedicatores.
3344 5441 3544 5499 Omnes

1962 5521 2103 5576 enim
2126 5522 2211 5578 isti
2242 5539 2440 5579 corona
2466 5542 2655 5584 senum
2688 5540 2833 5597 sunt,
2858 5532 2912 5589 id
2940 5541 3022 5588 est
3043 5534 3465 5603 patriarcharum
3489 5548 3543 5593 rt

1961 5614 2376 5682 prephetarum;
2426 5620 2551 5688 quia
2599 5621 2757 5691 digna
2808 5624 2965 5678 laude
2989 5625 3262 5685 celebrant
3295 5643 3408 5694 eos,
3446 5646 3543 5699 per

1959 5721 2188 5773 quorum
2219 5711 2467 5774 exempla
2498 5720 2559 5767 et.
2580 5714 2827 5768 vaticinia
2858 5714 2924 5769 ad
2953 5716 3309 5785 cognitionem
3358 5724 3541 5790 gratia

1958 5810 2331 5862 pervenerunt.
3242 5804 3245 5807 ν
