3964 6198
460 353 565 413 979

531 470 798 526 Vunxxus.
838 467 1122 534 Quomodo
1148 476 1329 537 patres
1354 474 1479 521 sunt
1510 467 1778 521 filiorum?

387 626 392 637 ο
528 562 811 617 Sxtouws.
852 558 1044 629 Magna
1072 560 1272 630 quippe
1301 567 1384 614 est
1409 559 1579 627 gloria
1606 557 2049 628 praedicatoribus

386 686 421 729 -λ
458 654 595 709 Novi
625 651 979 717 Testamenti,
1009 651 1153 722 quod
1185 650 1281 705 lilii
1302 658 1547 705 veterum
1597 659 1835 720 patrum,
1863 649 1919 704 id
1965 658 2052 705 est

458 739 885 815 patriarcharum
909 749 965 798 et
984 742 1370 813 prophetarum
1400 757 1518 796 esse
1547 749 1879 796 meruerunt.

530 834 801 890 Vertimus.
843 831 1021 901 Quare
1074 834 1244 889 dicit:
1278 832 1378 896 Qui
1427 832 1636 886 dimittit
1680 850 1868 904 aquam
1894 841 2049 904 caput

456 937 533 981 est
550 927 866 998 jurgiorum.
894 924 1145 995 Nunquid
1168 924 1256 979 ille
1278 926 1370 995 qui
1392 926 1628 981 clausam
1651 937 1843 991 aquam
1867 923 2052 979 decur-

457 1030 580 1072 rere
607 1016 853 1084 dimittit,
875 1014 1050 1085 jurgia
1071 1015 1346 1070 concitat?
1365 1023 1457 1069 aut
1485 1012 1725 1083 nunquid
1752 1029 1859 1068 non
1882 1013 2050 1083 magis

459 1103 643 1161 vinum
671 1120 834 1175 quam
863 1104 1192 1176 aquajurgia
1221 1105 1495 1160 concitare
1522 1104 1704 1159 solet?

530 1221 811 1278 SALONIUS.
836 1220 1087 1291 Figurate
1106 1221 1210 1277 boc
1228 1220 1429 1275 dictum
1448 1228 1534 1276 est
1556 1237 1570 1274 :
1594 1235 1717 1274 nam
1741 1234 1837 1289 per
1856 1234 2049 1289 aquam

460 1311 773 1382 designatur
799 1313 979 1382 lingua
1007 1311 1143 1367 levis
1170 1319 1225 1367 et
1252 1310 1447 1377 fluxa;
1507 1319 1565 1365 et
1616 1310 1708 1380 qui
1764 1309 2051 1365 immodice

460 1403 698 1473 linguam
726 1420 881 1461 suam
905 1404 1136 1471 relaxat,
1163 1409 1326 1473 caput
1345 1410 1429 1457 est
1446 1401 1748 1472 jurgiorum
1772 1418 1785 1453 :
1812 1401 1938 1470 quia
1956 1401 2051 1470 qui

461 1490 699 1564 linguam
730 1511 885 1550 suam
913 1510 1021 1550 non
1051 1496 1310 1563 refrenat,
1335 1493 1511 1564 jurgia
1539 1500 1597 1548 et
1637 1492 1760 1548 lites
1788 1493 2048 1561 concitat,

420 1586 425 1589 ’
462 1594 520 1642 et
546 1587 895 1644 concordiam
921 1587 1163 1657 dissipat.

530 1678 802 1735 Vamnus.
842 1678 938 1733 Dic
966 1677 1122 1745 mibi,
1152 1691 1357 1748 quaeso,
1379 1673 1653 1747 quomodo
1690 1674 1744 1729 in
1767 1675 1902 1745 [acie
1928 1690 2050 1745 prn-

463 1770 630 1825 dentis
660 1771 793 1825 lucet
822 1770 1101 1840 sapientia,
1124 1769 1262 1824 sicut
1280 1768 1358 1823 ait
1388 1766 1673 1824 Salomon:
1700 1765 1851 1821 Oculi
1882 1776 2051 1821 autem

464 1862 736 1917 stultorum
757 1870 875 1916 sunt
896 1863 949 1916 in
979 1860 1166 1933 ﬁnibus
1183 1868 1341 1915 terra:
1354 1863 1379 1915 ?

470 2028 473 2031 Ἴ
534 1950 815 2007 Saeomus.
848 1949 1090 2005 Prudens
1116 1950 1279 2005 homo
1318 1965 1461 2021 saepe
1491 1951 1544 2005 in
1573 1950 1689 2021 ipsa
1719 1949 1896 2005 vultus
1935 1949 2050 2005 cla-

465 2041 627 2098 ritate
668 2041 827 2098 faciei
868 2056 978 2098 sute
1004 2042 1144 2097 solet
1172 2050 1587 2112 prmmonstrare
1615 2042 1932 2111 gravitatem
1970 2043 2054 2097 sui

467 2146 679 2199 sensus,
708 2139 765 2188 et
788 2130 1085 2187 claritatem
1104 2132 1443 2191 intellectus.
1475 2132 1640 2187 Stulti
1671 2148 1799 2188 vero
1826 2132 1893 2187 ad
1915 2133 2055 2188 bane

467 2225 781 2282 imitandam
805 2234 861 2280 et
887 2224 1197 2280 sectandam
1216 2266 1230 2291 ,
1256 2225 1506 2280 videlicet
1543 2225 1862 2294 gravitatem
1881 2263 1897 2289 ,
1928 2240 2056 2281 ocu-

466 2314 551 2372 los
578 2317 774 2372 mentis
819 2332 928 2371 non
964 2324 1192 2387 possunt
1237 2316 1504 2381 attollere,
1536 2315 1632 2371 sed
1668 2323 1780 2371 tota
1825 2314 2057 2371 admira-

468 2407 619 2463 tione
641 2406 980 2478 perquirunt,
1012 2405 1245 2476 qualiter
1272 2405 1338 2460 ad
1370 2404 1529 2460 finem
1555 2406 1573 2477 (
1596 2406 1698 2461 hoc
1726 2414 1831 2473 est,
1861 2406 1930 2461 ad
1957 2407 2059 2461 im-

468 2499 762 2570 pletionem
790 2497 1089 2555 carnalium
1112 2495 1469 2568 voluptatum)
1497 2497 1806 2567 pertingere
1822 2497 2055 2552 valeant.

540 2589 813 2646 VERANUS.
853 2588 1104 2660 Nunquid
1147 2589 1221 2644 ita
1260 2588 1601 2645 solummodo
1638 2588 1939 2659 intelligere
1964 2588 2061 2647 de-

469 2680 699 2737 bemus?

540 2768 822 2826 Summus.
853 2768 1172 2841 Specialiter
1211 2769 1319 2824 hoc
1346 2769 1414 2824 de
1439 2766 1659 2825 Christo
1686 2767 1947 2824 debemus
1972 2767 2057 2824 di—

471 2870 619 2917 ctum
646 2861 964 2931 intelligere.
992 2861 1051 2916 In
1077 2859 1216 2916 facie
1244 2875 1475 2931 namque
1491 2860 1768 2931 prudentis
1790 2860 2062 2931 (videlicet

456 2953 791 3031 .Salvatoris)
823 2954 1038 3009 lucebat
1083 2954 1345 3024 sapientia
1380 2954 1707 3015 divinitatis.
1739 2970 1898 3024 quam
1946 2954 2061 3025 ipse

471 3047 529 3102 in
559 3061 723 3102 carne
752 3059 1048 3115 apparens,
1072 3044 1328 3098 virtutum
1370 3052 1426 3098 et
1464 3043 1724 3099 doctrinm
1751 3045 2059 3100 testimonio

471 3137 878 3196 demonstrabat
896 3143 952 3191 et
989 3134 1361 3191 confirmabat.
1409 3133 1564 3191 Oculi
1592 3149 1724 3190 vero
1773 3136 2059 3191 stultorum

474 3232 569 3305 (id
594 3242 676 3288 est
702 3231 1009 3289 Judteorum
1050 3247 1159 3287 non
1187 3229 1563 3298 credentium)
1592 3231 1763 3299 magis
1804 3230 2059 3287 incende-

472 3326 671 3382 bantur
691 3325 920 3381 terrenis
944 3323 1243 3392 desideriis,
1266 3338 1426 3393 quam
1451 3322 1772 3379 salutaribus
1800 3323 1915 3393 ejus
1936 3339 2053 3379 mo-

474 3417 601 3474 nitis
627 3427 789 3489 atque
815 3417 1093 3475 doctrinis.

550 3510 813 3567 VERANUS.
856 3505 995 3577 Quid
1022 3516 1108 3564 est
1133 3507 1239 3563 hoc
1266 3506 1409 3577 quod
1438 3509 1513 3562 ait
1546 3525 1559 3560 :
1595 3506 1799 3563 Donum
1837 3507 2057 3562 hominis

472 3603 659 3657 dilatat
695 3602 836 3660 viam.
875 3600 1010 3671 ejus,
1049 3608 1098 3654 et
1140 3608 1263 3654 ante
1291 3601 1552 3671 principes
1580 3602 1808 3671 spatium
1844 3601 1903 3669 ei,
1932 3601 2060 3671 facit

473 3693 655 3764 (Prov.
679 3692 870 3765 xvm)?
896 3691 1051 3759 Quod
1074 3700 1158 3748 est
1184 3692 1290 3747 hoc
1308 3691 1508 3748 donum
1533 3691 1678 3761 quod
1706 3691 1897 3747 dilatat
1916 3691 2056 3746 viam

472 3783 728 3852 hominis,
755 3794 811 3839 et
836 3783 983 3853 quod
1004 3791 1131 3838 ante
1157 3782 1430 3854 principes
1457 3781 1587 3838 facit
1615 3782 1689 3837 illi
1718 3782 1988 3852 spatium?

544 3894 824 3951 Sxtoxlus.
854 3893 1063 3950 Donum
1106 3894 1239 3957 hoc,
1270 3892 1468 3949 donum
1496 3901 1579 3948 est
1625 3892 1895 3955 caritatis,
1945 3893 2059 3948 sive

473 3985 702 4040 aliarum
728 3986 1008 4047 virtutum,
1038 3998 1173 4053 quas
1207 3998 1237 4036 a
1270 3982 1496 4037 Domino
1527 3982 1710 4038 fideles
1738 3982 2010 4053 accipiunt
2041 4000 2054 4036 :

472 4078 579 4133 hoc
614 4075 865 4149 videlicet
901 4074 1104 4131 donum
1149 4074 1382 4130 hominis
1426 4074 1613 4129 dilatat
1646 4074 1786 4128 viain
1822 4075 1971 4144 ejus,
2005 4075 2058 4129 id

471 4176 558 4225 est
584 4168 883 4234 actionem;
931 4167 1056 4239 quia
1096 4166 1462 4236 unusquisque
1496 4166 1667 4221 fidelis
1704 4173 1905 4238 quanto
1944 4183 2059 4221 am-

472 4258 612 4331 plius
637 4257 808 4327 gratia
836 4258 1010 4314 sancti
1037 4255 1269 4328 Spiritus
1303 4257 1445 4312 intus
1474 4258 1730 4328 repletur,
1764 4265 1914 4312 tanto
1941 4272 2058 4311 ma-

471 4351 554 4421 gis
581 4351 724 4405 viam
749 4365 900 4407 suam
940 4349 1069 4405 foris
1097 4349 1306 4415 dilatat,
1332 4348 1383 4403 id
1421 4356 1504 4405 est
1542 4349 1807 4405 bonorum
1836 4364 2059 4419 operum

471 4454 716 4509 gressum
743 4439 1081 4510 multiplicat,
1113 4440 1237 4511 quia
1266 4439 1509 4510 quotidie
1539 4438 1591 4493 in
1617 4438 1818 4494 sanctis
1850 4438 2060 4494 deside-

472 4533 569 4589 riis
597 4540 655 4588 et
680 4532 837 4588 bonis
862 4532 1116 4602 operibus
1144 4532 1342 4587 crescit
1370 4539 1425 4586 et
1453 4530 1699 4599 augetur.

548 4647 816 4703 Vsnxxus.
862 4644 979 4701 Hoc
1004 4644 1204 4700 donum
1233 4629 1505 4716 quomodo
1531 4640 1659 4698 facit
1683 4640 1886 4697 homini
1930 4636 2057 4712 spa-

474 4741 609 4795 tium
636 4747 763 4793 ante
784 4736 1097 4808 principes?

544 4830 823 4886 SALONIUS.
857 4827 993 4895 Quia
1039 4827 1180 4881 inter
1207 4839 1431 4894 magnos
1481 4823 1741 4880 Ecclesia:
1794 4831 2055 4886 rectores,

475 4923 530 4980 in
562 4922 679 4977 foro
702 4921 886 4987 tribuit
913 4920 987 4974 illi
1010 4919 1222 4975 culmen
1252 4917 1490 4982 honoris,
1508 4923 1563 4971 et
1590 4916 1815 4985 gloriam
1842 4926 2059 4970 internae

476 5010 839 5069 beatitudinis.

546 5104 819 5160 VBRANUS.
865 5098 1042 5169 Quare
1088 5100 1217 5155 dicit
1272 5118 1286 5152 :
1329 5097 1613 5153 Abscondit
1657 5098 1802 5168 piger
1850 5110 2062 5150 manum

478 5214 627 5253 suam
650 5194 741 5252 sub
770 5194 981 5258 ascella,
1014 5210 1105 5248 nec
1133 5193 1203 5246 ad
1225 5208 1282 5247 os
1311 5207 1459 5245 suum
1473 5188 1701 5259 applicat
1729 5203 1846 5241 eam
1868 5186 2058 5258 (Prov.

477 5303 567 5344 xix
594 5295 643 5342 et
668 5283 855 5356 xxvi)?
893 5283 1022 5350 Quis
1050 5283 1194 5337 enim
1240 5289 1324 5336 est
1365 5288 1474 5334 tam
1528 5278 1681 5349 piger
1708 5276 1830 5347 qui,
1874 5290 2059 5332 come-

477 5379 654 5434 dendo
669 5377 752 5433 vel
781 5372 1035 5439 bibendo,
1056 5386 1273 5426 manum
1294 5369 1362 5425 ad
1390 5385 1451 5426 os
1480 5365 1634 5425 Suum
1662 5382 1769 5423 non
1791 5365 2059 5437 applicet?

547 5493 826 5549 SALONIUS.
856 5488 958 5558 Qui
984 5484 1263 5542 abscondit
1291 5499 1506 5539 manum
1536 5497 1687 5537 suam
1717 5482 1817 5536 sub
1838 5479 2054 5544 ascella,

479 5600 585 5640 non
614 5583 728 5642 vult
757 5581 941 5650 utique
969 5577 1036 5632 ad
1066 5574 1280 5647 aliquod
1308 5589 1444 5644 opus
1468 5572 1552 5627 vel
1590 5571 1831 5627 laborem
1869 5578 2058 5626 exten-

480 5677 607 5731 dere
635 5675 779 5729 illam
813 5691 826 5724 :
859 5684 989 5741 ergo
1017 5685 1117 5741 per
1136 5668 1342 5739 pigrum
1364 5653 1675 5734 designatur
1698 5662 2061 5731 unusquisque

479 5767 656 5833 segnis
684 5774 737 5820 et
764 5763 1059 5819 desidiosus
1106 5759 1441 5829 prmdicator,
1486 5755 1576 5824 qui
1619 5771 1724 5810 nou
1753 5753 1867 5808 vult
1896 5769 2061 5824 opere

1738 351 2004 410 SALUNII
2047 356 2054 370 ‘

2175 345 2450 409 NNENSIS
2472 310 2483 319 .
3631 300 3755 403 ίιςῑε)ι

2076 474 2117 526 Λ
2154 466 2380 536 implere
2400 466 2545 536 quod
2573 468 2701 521 dicit
2733 486 2744 520 :
2773 482 2988 522 manum
3031 468 3228 538 quippe
3276 463 3342 522 ad
3382 482 3446 522 os
3490 466 3739 538 porrigit,

2152 558 2244 626 qui
2273 557 2453 613 studet
2481 574 2645 629 opere
2676 559 2900 628 implere
2928 559 3073 628 quod
3095 558 3270 615 docet.

2224 648 2496 706 VERANUS.
2540 650 2672 718 Quis
2706 660 2788 706 est
2818 652 2904 706 ille
2953 652 3102 720 piger
3146 651 3213 705 de
3253 667 3361 720 quo
3390 651 3525 706 dicit
3558 667 3572 702 :
3613 650 3741 703 Pro-

2151 746 2265 812 pter
2284 735 2453 813 frigus
2481 743 2630 813 piger
2649 754 2803 796 arare
2831 744 3019 807 noluit,
3046 742 3356 796 mendicabit
3382 760 3507 813 ergo
3536 750 3740 802 wstatc,

2149 834 2202 884 et
2229 847 2333 885 non
2355 826 2564 886 dabitur
2586 828 2634 887 ei
2663 824 2843 903 (Prov.
2879 832 3011 903 xx)?
3038 830 3193 899 Quod
3219 833 3264 887 si
3305 834 3456 902 piger
3489 838 3744 900 tempore

2150 918 2362 989 frigoris
2390 936 2550 977 arare
2583 922 2833 997 noluerit,
2864 922 3104 990 nunquid
3123 923 3324 977 aestatis
3355 931 3623 991 tempore,
3651 921 3742 989 qui

2151 1013 2251 1067 sibi
2282 1013 2481 1084 aliquid
2514 1010 2715 1069 tribuat
2743 1015 2986 1070 invenire
3015 1029 3121 1069 non
3159 1012 3398 1084 poterit?

2220 1104 2500 1161 Summus.
2531 1106 2685 1177 Smpe
2714 1121 2945 1176 namque
2974 1106 3133 1177 pigri.
3164 1115 3220 1161 et
3261 1104 3475 1175 frigoris
3495 1114 3551 1161 et
3576 1121 3623 1160 ac
3656 1113 3741 1159 ta-

2152 1194 2219 1248 tis
2250 1203 2492 1265 tempore
2522 1196 2802 1251 inveniunt
2822 1197 2911 1266 qui
2940 1196 3044 1251 sibi
3075 1196 3313 1251 tribuant
3339 1197 3742 1266 elecmosynam

2152 1283 2381 1340 ﬁdeles:
2422 1286 2518 1340 sed
2544 1286 2696 1355 piger
2738 1286 2789 1341 in
2821 1286 2925 1341 hoc
2970 1286 3089 1341 loco
3138 1286 3288 1339 illum
3331 1285 3600 1353 significat
3649 1286 3744 1355 qui

2152 1385 2378 1447 propter
2403 1376 2667 1431 desidiam
2696 1385 2751 1432 et
2779 1376 2937 1446 hujus
2964 1376 3150 1431 mundi
3179 1377 3562 1431 adversitatem
3592 1377 3610 1446 (
3626 1390 3746 1445 qtm

2152 1483 2252 1540 per
2278 1465 2443 1537 frigus
2462 1468 2795 1538 designatur)
2846 1470 2898 1523 in
2940 1469 3036 1524 Dei
3076 1469 3300 1525 servitio
3340 1468 3563 1537 negligit
3592 1462 3745 1521 labo-

2152 1573 2295 1628 rare,
2327 1568 2382 1616 et
2410 1557 2612 1616 ideirco
2635 1556 2689 1615 in
2719 1560 2898 1616 futuro
2914 1560 3001 1615 die
3026 1561 3214 1630 judicii
3243 1554 3586 1623 mendicabit,
3616 1554 3745 1628 quia

2153 1668 2260 1709 non
2281 1652 2501 1709 habebit
2528 1668 2695 1724 opera
2724 1653 2867 1708 bona
2895 1667 2996 1723 pro
3044 1652 3239 1722 quibus
3282 1658 3555 1706 mereatur
3595 1649 3746 1704 acci-

2152 1758 2283 1814 pere
2306 1743 2711 1809 beatitudinem,
2742 1743 2995 1812 quoniam
3023 1738 3269 1815 quidquid
3288 1741 3620 1795 seminaverit
3650 1739 3746 1794 Ito-

2082 1840 2131 1901 B
2156 1853 2261 1903 mo,
2288 1836 2383 1890 hoc
2412 1846 2462 1890 et
2482 1844 2634 1890 metet
2665 1834 2808 1907 (Gal.
2840 1836 2939 1905 vi).

2225 1926 2497 1981 Vaaaxus.
2549 1924 2659 1981 Cur
2699 1940 2829 1995 ergo
2877 1926 2993 1981 dies
3030 1923 3218 1995 judicii
3258 1932 3315 1979 et
3358 1933 3585 1991 regnum
3628 1918 3744 1985 Dei,

2152 2017 2324 2073 testati
2353 2017 2726 2087 comparatur?

2232 2106 2515 2164 Sxiomus.
2547 2105 2684 2174 Quia
2711 2114 2840 2161 tunc
2869 2106 3049 2161 omnia
3076 2115 3276 2161 nostra:
3305 2105 3533 2159 tristitim
3565 2101 3745 2157 nubila

2158 2199 2483 2268 transibunt,
2513 2207 2569 2255 et
2595 2199 2717 2255 vita:
2757 2198 2901 2254 illius
2927 2199 3060 2264 dies,
3094 2198 3283 2253 :eterni
3327 2197 3457 2252 solis
3492 2195 3744 2250 claritate

2158 2293 2399 2361 fulgebit.

2228 2384 2501 2440 Venxxus.
2526 2382 2602 2438 De
2629 2395 2739 2452 quo
2764 2394 2890 2452 rege
2918 2377 3083 2436 dicit:
3116 2379 3231 2433 Rex
3254 2378 3341 2450 qui
3366 2379 3510 2433 sedet
3538 2377 3591 2429 in
3614 2375 3744 2430 solio

2152 2474 2360 2544 judicii,
2393 2474 2613 2541 dissipat
2637 2489 2787 2528 omne
2825 2470 3019 2526 malum
3051 2467 3239 2525 intuitu
3262 2468 3392 2523 suo?

2231 2562 2513 2619 Summus.
2544 2562 2620 2617 De
2650 2561 2743 2615 illo
2765 2560 2859 2630 qui
2884 2567 2967 2615 est
2995 2558 3111 2613 Rex
3151 2571 3356 2627 regum,
3381 2564 3437 2611 et
3485 2553 3743 2608 Dominus

2159 2656 2569 2720 dominantium,
2607 2652 2862 2709 videlicet
2907 2650 3138 2707 Domino
3183 2645 3313 2705 Jesu
3355 2647 3602 2709 Christo,
3648 2644 3738 2712 qni
3806 2657 3814 2666 '

2160 2749 2314 2807 sedet
2340 2748 2394 2803 in
2422 2748 2560 2803 solio
2602 2743 2813 2817 judicii,
2861 2744 2987 2814 quia
3019 2743 3180 2797 Pater
3208 2759 3313 2797 non
3335 2738 3539 2811 judicat
3565 2754 3739 2809 quem-

2160 2857 2334 2913 quam,
2365 2837 2457 2893 sed
2483 2853 2633 2893 omne
2666 2834 2921 2908 judicium
2944 2832 3084 2889 dedit
3122 2830 3265 2887 Filio
3310 2830 3492 2903 (Joan.
3523 2829 3596 2898 v).
3622 2828 3739 2896 Ipse

2159 2932 2411 2987 nimirum
2435 2929 2660 2999 dissipat
2685 2942 2849 2983 onme
2889 2926 3086 2981 malum
3116 2922 3313 2979 intuitu
3351 2938 3469 2985 suo,
3499 2921 3622 2989 quia
3652 2935 3739 2973 re-

2159 3030 2345 3093 spectu
2392 3021 2670 3093 potentize,
2716 3033 2878 3074 omne
2924 3017 3154 3077 malum,
3203 3012 3368 3070 etiam
3412 3020 3737 3068 secretarum

2161 3113 2544 3183 cogitationum
2572 3108 2899 3180 penetrabit,
2930 3115 2989 3162 ut
3014 3105 3204 3161 reddat
3232 3100 3519 3174 unicuique
3553 3116 3738 3156 secun-

2084 3206 2129 3269 C
2160 3202 2289 3258 dum
2316 3200 2462 3271 quod
2507 3200 2648 3268 egit;
2681 3198 2823 3254 unde
2852 3198 2905 3252 in
2944 3195 3234 3265 Evangelio
3259 3193 3389 3249 dicit
3434 3211 3446 3245 :
3481 3185 3636 3258 Nihil
3668 3200 3738 3244 est

2162 3303 2269 3348 tam
2296 3301 2527 3361 apertum
2554 3289 2690 3363 quod
2716 3306 2820 3344 non
2839 3286 3106 3351 reveletur,
3129 3295 3178 3340 et
3202 3287 3455 3338 occultum
3477 3282 3614 3355 quod
3642 3297 3738 3334 non

2158 3385 2354 3438 sciatur
2383 3380 2533 3451 (Luc.
2564 3379 2678 3452 xu).
2709 3377 2861 3433 Tunc
2875 3377 3033 3447 justis
3053 3390 3174 3430 cum
3197 3374 3426 3429 Domino
3451 3371 3737 3432 coronatis,

2157 3476 2259 3530 soli
2279 3473 2493 3544 reprobi
2515 3486 2703 3543 poenas
2723 3469 2976 3525 subibunt
2995 3475 3243 3522 aeternas.

2231 3564 2498 3620 Vanxnus.
2529 3560 2667 3628 Quid
2712 3567 2797 3615 est
2840 3557 2980 3628 quod
3011 3557 3129 3610 ait:
3163 3554 3377 3609 Pondus
3416 3565 3467 3608 et
3508 3550 3735 3622 pandas,

2160 3673 2400 3712 mensura
2422 3664 2472 3708 et
2492 3670 2751 3718 mensura,
2776 3644 3043 3722 utrumque
3060 3648 3406 3704 abominabile
3426 3646 3569 3718 apud
3587 3645 3735 3699 Deum

2162 3745 2346 3816 (Prov.
2381 3761 2451 3800 xx
2479 3754 2529 3798 et
2556 3744 2707 3814 xxi)?

2230 3837 2510 3893 Sxtosws.
2539 3834 2756 3890 Pondus
2782 3842 2839 3889 et
2866 3831 3094 3904 pondus,
3119 3844 3424 3886 mensuram
3454 3836 3510 3883 et
3529 3842 3733 3882 mensu-

2161 3944 2275 3983 ram
2303 3928 2433 3984 dicit
2476 3928 2522 3983 is
2561 3926 2832 3982 diversum
2874 3922 3083 3995 pondus
3119 3931 3176 3978 et
3211 3921 3483 3977 diversam
3530 3934 3735 3973 mensu-

2158 4036 2293 4075 ram.
2327 4020 2595 4086 Quantum
2624 4030 2752 4084 ergo
2778 4015 2845 4070 ad
2867 4014 3101 4070 litteram
3121 4055 3135 4075 ,
3160 4012 3472 4083 quicunque
3502 4008 3558 4063 in
3584 4008 3735 4062 domo

2159 4126 2257 4166 sua
2305 4109 2513 4165 varium
2559 4107 2724 4163 habet
2763 4105 2975 4177 pondus
3027 4104 3339 4171 variamque
3393 4114 3694 4156 mensuram
3718 4138 3733 4162 ,

2160 4208 2383 4271 propter
2409 4200 2515 4256 hoc
2538 4197 2723 4267 utique
2750 4196 2913 4252 habet
2934 4203 2996 4250 ut
3015 4195 3173 4249 aliter
3200 4192 3362 4248 librat
3389 4190 3736 4257 metiaturque

2160 4292 2285 4358 sibi,
2316 4302 2478 4360 atque
2507 4289 2665 4345 aliter
2685 4287 2955 4359 proximo,
2980 4285 3126 4355 quod
3154 4290 3238 4340 est
3265 4284 3452 4351 utique
3479 4281 3735 4336 abomina-

2160 4381 2269 4436 bile
2289 4380 2549 4445 Domino;
2576 4379 2719 4434 unde
2747 4376 2801 4431 in
2822 4377 2940 4447 lege
2968 4374 3166 4446 Moysis
3191 4372 3449 4428 Dominus
3473 4368 3733 4441 pnecepit,

2163 4474 2348 4531 dicens
2398 4490 2410 4526 :
2453 4471 2535 4527 Sit
2570 4468 2661 4525 tibi
2689 4485 2864 4541 atquus
2910 4467 3134 4531 modius,
3177 4464 3450 4536 justusque
3493 4460 3736 4517 sextarius

2088 4582 2142 4643 ι)
2168 4562 2355 4638 (Leuit.
2388 4562 2520 4634 xxx).

2238 4654 2512 4710 VERANUS.
2562 4648 2849 4719 Quomodo
2892 4655 3074 4704 autem
3125 4642 3477 4717 spiritualiter
3527 4636 3736 4707 intelligi

2164 4745 2518 4892 (legitimus.
2548 4833 2643 4891 Ille
2685 4833 2741 4889 in
2785 4832 2951 4889 domo
2988 4845 3083 4887 sua
3112 4829 3382 4884 diversum
3408 4824 3575 4879 habet
3609 4837 3735 4892 pon-

2166 4927 2285 4993 dus,
2316 4935 2373 4982 et
2396 4926 2663 4981 diversam
2693 4938 3023 4990 mensuram,
3043 4921 3135 4992 qui
3154 4933 3367 4988 semper
3395 4917 3445 4971 in
3475 4916 3586 4971 suis
3613 4911 3735 4967 arti-

2164 5020 2265 5078 bus
2290 5021 2482 5091 quzerit
2509 5020 2651 5076 unde
2672 5020 2787 5090 ipse
2810 5018 3074 5082 laudetur,
3105 5024 3162 5071 et
3202 5016 3257 5069 in
3283 5013 3512 5068 aliorum
3540 5008 3736 5063 actibus

2164 5119 2532 5183 perscrutatur
2568 5109 2710 5166 unde
2739 5109 2840 5180 ipsi
2870 5109 3261 5178 vituperemur.
3284 5102 3392 5158 Iste
3420 5102 3604 5169 utique
3632 5097 3735 5152 talis

2165 5203 2540 5261 abominabilis
2567 5209 2651 5258 est
2674 5200 2788 5257 Deo
2812 5201 2906 5270 qui
2934 5197 3185 5254 nimirum
3210 5202 3472 5265 quantum
3498 5189 3599 5246 sibi
3629 5188 3734 5258 pla-

2164 5312 2290 5355 cere
2307 5296 2599 5364 desiderat,
2621 5300 2830 5350 tantum
2854 5290 3106 5362 displicet
3136 5287 3269 5351 Deo,
3302 5284 3396 5357 qui
3423 5282 3602 5338 omnia
3633 5294 3732 5335 eoa

2166 5389 2249 5445 dis
2276 5393 2481 5444 secreta
2508 5386 2753 5440 rimatur.

2239 5455 2509 5533 Venimus.
2559 5473 2842 5543 Quomodo
2884 5468 3287 5539 intelligendum
3334 5473 3420 5522 est
3445 5462 3586 5534 quod
3624 5461 3730 5514 ait:

2169 5569 2368 5625 Malunt
2388 5577 2483 5633 est,
2509 5566 2704 5622 malum
2729 5572 2826 5626 est,
2859 5563 2986 5617 dicit
3014 5561 3184 5617 omnis
3210 5565 3429 5628 emptor,
3454 5564 3503 5608 et
3531 5568 3637 5607 cum
3659 5565 3729 5602 reo

2171 5661 2396 5724 cesserit,
2430 5669 2549 5713 tunc
2578 5654 2885 5729 gloriabitur
2914 5652 3097 5724 (Prov.
3120 5649 3264 5721 xx)?

2241 5744 2516 5808 ὃλιζοκιυς.
2564 5746 2870 5804 Secundum
2900 5745 3159 5810 litteram,
3204 5741 3343 5799 solet
3371 5745 3578 5807 emptor
3604 5734 3726 5788 vitu-
