3964 6198
310 375 413 432 981.

1102 366 1169 423 IN
1205 366 1610 423 PARABOLAS
1650 365 2032 423 SALOMONIS
2070 364 2429 423 EXI’OSITIO
2466 367 2805 426 MYSTlC-A..

3471 368 3575 424 98?.

308 502 506 561 perare
525 487 671 559 quod
697 499 876 541 emere
897 481 1190 550 desiderat,
1220 490 1289 537 et
1312 482 1531 537 dicere:
1566 481 1765 535 Malunt
1788 491 1891 547 est;
1916 483 1968 542 A
1993 483 2167 539 delem
2206 493 2368 554 atque
2409 485 2719 554 religiosum
2764 472 3149 553 Christianum,
3189 485 3341 553 cujus
3383 486 3580 543 milites

310 581 508 635 malum
534 588 651 642 est;
690 582 1055 631 verumtamen
1101 573 1146 627 si
1174 574 1312 628 bene
1340 575 1550 640 emerit,
1578 574 1897 643 gloriabitur

309 687 431 727 cum
460 670 760 726 recesserit.

380 762 649 816 VERANUS.
682 759 1050 830 Spiritualiter
1076 764 1255 813 autem
1282 755 1554 826 quomodo
1601 756 1897 824 intelligis?

377 852 659 909 Summus.
690 851 785 905 Ille
798 851 1064 905 veraciter
1088 857 1173 903 est
1194 857 1428 919 emptor,
1456 848 1547 917 qui
1573 847 1673 902 sibi
1694 856 1898 903 aeterna

312 943 366 998 in
394 942 546 998 caelis
582 941 801 1012 pnemia
829 954 1143 1011 comparare
1188 939 1475 993 desiderat.
1504 938 1622 1008 Ipse
1647 936 1897 994 nimirum

312 1050 495 1090 emere
541 1033 721 1089 studet
768 1033 993 1088 terrenis
1029 1031 1266 1087 cmlestia
1292 1073 1310 1100 ,
1362 1030 1581 1086 caducis
1628 1046 1899 1096 mansura,

314 1124 702 1195 temporalibus
747 1130 970 1178 aeterna.
1020 1121 1165 1177 Talis
1213 1136 1343 1190 ergo
1389 1130 1601 1192 emptor
1643 1121 1905 1191 quidquid

313 1217 515 1287 patitur
532 1215 584 1269 in
609 1213 860 1285 pnesenti
882 1213 1080 1268 malum
1102 1228 1221 1269 esse
1248 1212 1397 1277 dicit,
1424 1212 1548 1281 quia
1569 1211 1768 1266 malum
1787 1227 1905 1267 esse

315 1308 584 1378 intelligit.
618 1307 868 1361 Attamen
913 1306 1039 1375 quia
1063 1305 1244 1359 omnia
1275 1303 1502 1359 adversa
1534 1319 1636 1374 pro
1667 1303 1779 1359 Deo
1817 1288 1907 1373 pa-

316 1400 514 1456 tienter
541 1399 797 1466 sustinet,
819 1414 939 1454 cum
964 1398 1248 1454 secesserit
1275 1397 1342 1452 de
1371 1396 1600 1464 mundo,
1633 1404 1760 1452 tunc
1786 1396 1905 1465 glo-

315 1493 566 1559 riabitur,
595 1492 721 1561 quia
741 1491 1019 1561 perveniet
1047 1491 1112 1545 ad
1138 1487 1546 1545 beatitudinem.

311 1638 315 1642 .
390 1582 663 1637 Venimus.
696 1580 860 1647 Item,
902 1579 1175 1649 quomodo
1213 1578 1616 1648 intelligendum
1653 1585 1735 1635 est
1763 1578 1907 1648 quod

314 1675 477 1746 paulo
504 1682 629 1744 post
655 1672 826 1727 dicit:
870 1671 1170 1728 llwreditas
1214 1670 1285 1724 ad
1325 1687 1480 1742 quant
1517 1672 1813 1742 festinatur,
1853 1671 1907 1723 in

314 1765 590 1836 principio,
614 1764 669 1817 in
690 1763 964 1817 novissimo
986 1761 1336 1816 benedictione
1355 1760 1588 1815 carebit?

1998 587 2123 634 sunt
2146 594 2312 633 saeta:
2340 577 2585 641 virtutes,
2616 584 2671 631 et
2692 577 2805 647 ipse
2827 577 3078 631 vitiorum
3106 576 3243 630 bella
3274 575 3327 629 in
3357 590 3415 629 se
3444 575 3581 628 bene

1997 670 2217 724 vincere
2262 670 2433 724 novit.
2482 667 2635 723 Sicut
2682 682 2811 736 ergo
2853 666 2993 721 Deus
3021 664 3321 721 multifariis
3365 663 3583 717 divisio-

1999 761 2160 816 nibus
2186 761 2611 832 aquarum,late
2641 759 2775 816 lines
2812 770 3075 813 terrarum
3104 766 3160 813 et
3190 757 3330 812 acris
3374 756 3579 823 implet.

2002 853 2074 906 ita
2105 868 2202 908 cor
2238 854 2380 921 regis
2418 866 2743 921 quocunque
2781 850 3031 911 voluerit,
3083 847 3399 911 iucliuabit,.
3422 846 3472 900 id
3503 854 3585 900 cst

2003 942 2068 996 ad
2091 941 2449 1013 quodcunque
2476 943 2675 997 bonum
2699 940 2951 1003 voluerit.
2978 945 3256 994 convertet
3289 954 3300 988 :
3329 936 3586 1005 quoniam

2002 1034 2143 1089 sicut
2163 1033 2452 1091 divisiones
2472 1034 2765 1103 gratiarum
2793 1033 2996 1102 angelis
3024 1039 3079 1086 et
3107 1030 3412 1085 hominibus
3434 1029 3587 1098 juxta

2004 1124 2334 1179 voluntatem
2365 1138 2515 1178 suam
2563 1122 2789 1190 tribuit,
2820 1122 2892 1176 ita
2931 1122 3097 1177 corda
3140 1134 3331 1189 regum
3381 1119 3466 1190 (id
3506 1128 3590 1172 est

2005 1217 2339 1286 sanctorum)
2369 1217 2531 1271 variis
2559 1215 2716 1273 donis
2742 1215 2936 1285 replet,
2963 1222 3018 1270 et
3042 1212 3268 1269 diversis
3288 1219 3445 1266 ornat
3474 1225 3590 1263 mu-

2008 1306 2245 1363 neribus.

2083 1396 2351 1453 νείκεσε.
2395 1398 2533 1465 Quid
2560 1407 2642 1454 est
2671 1396 2814 1467 quod
2852 1396 2927 1451 ait
2972 1414 2985 1449 :
3044 1394 3137 1449 Vir
3164 1395 3263 1467 qui.
3286 1392 3533 1448 erraverit
3558 1408 3593 1443 a

2010 1491 2094 1544 ria
2131 1491 2381 1546 doctrina:
2417 1493 2470 1544 in
2495 1500 2623 1545 (ωερε
2664 1491 2930 1561 gigantum
2958 1485 3357 1543 commorabitur
3390 1471 3619 1556 (Prata.

2011 1581 2166 1652 xxx)?
2193 1578 2294 1649 Qui
2317 1591 2442 1639 sunt
2473 1583 2559 1637 isti
2589 1584 2853 1650 gigantes,
2899 1582 2955 1635 in
2982 1595 3213 1650 quorum
3244 1586 3387 1635 coetu
3414 1592 3594 1632 mora-

2012 1674 2159 1729 bitur
2176 1675 2268 1744 qui
2299 1675 2564 1729 erraverit
2592 1690 2620 1727 a
2649 1674 2734 1727 via
2764 1672 3061 1727 doctrina)?

2084 1766 2369 1822 SALONWS.
2394 1767 2651 1836 Gigantes
2691 1765 2983 1835 appellavit
3025 1761 3328 1817 immundos
3354 1760 3594 1831 spiritus,

389 1856 675 1913 SALOSIUS.
702 1853 996 1910 llaereditas
1017 1854 1131 1908 lucc
1152 1852 1438 1922 acquisitio
1465 1851 1704 1907 avaritia:
1729 1858 1910 1922 potest
1941 1860 1984 1918 Β
2016 1859 2066 1915 id
2091 1868 2174 1915 est
2194 1860 2498 1925 dmmones,
2540 1858 2609 1913 de
2647 1857 2841 1927 quibus
2881 1857 3074 1910 beatus
3111 1853 3212 1908 Job
3248 1853 3379 1907 dicit
3411 1871 3423 1905 :
3465 1851 3597 1905 Ecce

319 1947 542 2017 intelligi
574 1966 586 2000 :
619 1960 748 2015 ergo
789 1946 1095 2015 quicunque
1130 1959 1228 2015 per
1256 1943 1494 1997 avaritia:
1535 1943 1828 2012 nequitiam
1858 1943 1911 1996 in

316 2042 422 2097 hac
447 2040 556 2095 vita
585 2039 686 2094 sibi
715 2038 927 2093 divitias
954 2036 1312 2107 multiplicare
1327 2036 1657 2100 desiderant,
1690 2049 1913 2091 necesse

316 2138 403 2186 est
450 2138 521 2184 ut.
561 2130 614 2183 in
659 2127 838 2184 futuro
880 2135 1099 2205 acterna:
1146 2126 1476 2181 lunreditatis
1518 2126 1910 2180 beatitudinem

318 2221 591 2276 amittant.
619 2219 790 2273 Aliter
819 2236 831 2270 :
862 2217 1178 2285 Quicunque
1219 2232 1318 2286 pro
1347 2216 1503 2271 bonis
1532 2217 1787 2284 operibus
1812 2216 1913 2269 hu-

319 2326 537 2366 manant
588 2307 804 2363 laudem
849 2321 1092 2376 quaerere
1143 2305 1493 2370 desiderant,
1546 2305 1599 2359 in
1647 2304 1912 2376 principio

320 2398 573 2471 mmsiad
602 2396 971 2453 haereditatem
1018 2394 1273 2451 festinant
1304 2412 1319 2448 :
1365 2394 1615 2463 ideoque,
1649 2395 1701 2448 in
1730 2393 1913 2450 novis-

321 2492 460 2547 simo
488 2487 866 2546 benedictione
893 2488 1184 2553 carebunt,
1212 2486 1339 2556 quia
1368 2486 1579 2541 nullam,
1596 2500 1913 2540 remunera-

324 2582 527 2637 tionem
552 2579 854 2651 percipient
878 2593 910 2632 a
939 2577 1051 2632 Deo
1079 2595 1094 2631 :
1119 2577 1187 2631 de
1233 2576 1428 2631 talibus
1468 2575 1611 2631 enim
1653 2576 1909 2646 scriptum

321 2680 437 2727 est:
469 2672 633 2724 Amen
655 2669 772 2724 dico
800 2666 1103 2739 uobis,_quia
1122 2675 1424 2739 receperunt
1453 2666 1741 2721 mercedem
1763 2682 1913 2723 suam

322 2761 539 2832 (Matth.
571 2778 647 2827 v1,
677 2762 734 2825 Ξ,
765 2760 841 2823 5).

391 2855 662 2910 Vzuauus.
695 2853 831 2920 Quid
851 2861 942 2909 est.
958 2854 1105 2923 quod
1132 2853 1201 2908 ait
1226 2871 1238 2907 :
1259 2851 1434 2913 Ruina
1464 2853 1687 2908 hominis
1711 2862 1789 2917 est
1819 2854 1906 2908 de-

322 2961 507 3000 uorare
543 2955 776 3013 sanctos,
824 2951 874 2997 et
919 2953 1036 3014 post
1074 2952 1193 2998 rota
1226 2932 1672 3011 tractarelﬂ’rav.
1721 2942 1913 3011 xx“)!

321 3034 460 3104 Quid
489 3041 572 3091 est
599 3034 723 3099 hoc,
747 3034 997 3088 devorare
1022 3034 1267 3089 sanctos?

394 3125 675 3180 SALONIUS.
708 3124 981 3179 Devorare
1023 3131 1244 3178 sanctos
1270 3130 1356 3177 est
1387 3129 1516 3179 voto
1543 3137 1605 3176 se
1649 3121 1910 3190 obligare.

2015 1953 2252 2023 gigantes
2292 1958 2500 2021 gemunt
2543 1947 2636 2002 sub
2675 1948 2842 2019 aquis,
2872 1955 2921 2000 et
2959 1946 3047 2018 qui
3097 1945 3334 2024 habitant
3371 1960 3486 2019 cunt
3523 1946 3598 1996 eis

2015 2040 2134 2114 (Job
2185 2039 2355 2109 xxvr),
2394 2038 2448 2093 id
2485 2046 2568 2092 est
2595 2037 2866 2091 daemones
2894 2046 2950 2090 et
2987 2050 3177 2090 omnes
3205 2049 3342 2103 quos
3371 2034 3470 2103 ipsi
3500 2034 3598 2088 de-

2011 2140 2291 2202 ccperunt,
2326 2137 2381 2185 et
2415 2130 2506 2199 qui
2548 2129 2651 2185 illis
2692 2134 3103 2190 consenserunt,
3135 2126 3236 2181 sub
3266 2125 3441 2195 poenis
3486 2132 3588 2178 tor-

2012 2230 2265 2292 queritur.

2082 2310 2356 2366 Venoxus.
2387 2308 2566 2376 Quare
2590 2300 2863 2367 diemones
2885 2306 3226 2377 appellantur
3249 2306 3555 2375 gigantes?

2083 2400 2364 2456 ὃλιοηιυε.
2398 2399 2534 2466 Quia
2565 2399 2843 2457 daemones
2864 2398 3081 2469 superbi
3107 2406 3171 2453 et
3203 2397 3501 2458 elati—sunt,
3544 2407 3635 2453 ct~

2013 2493 2141 2548 mali
2170 2507 2235 2548 ac
2261 2491 2448 2557 fortes,
2479 2492 2620 2548 sicut
2660 2491 2787 2547 olim
2830 2490 3048 2545 fuerunt
3072 2490 3337 2562 gigantes.
3369 2490 3427 2544 In
3457 2500 3599 2545 cmtu

2013 2600 2143 2655 ergo
2171 2586 2398 2642 istorum
2425 2583 2793 2654 gigantum,.id
2823 2590 2914 2638 est
2947 2582 3272 2648 dmmonum,
3294 2598 3600 2638 commora-

2012 2677 2213 2734 buntur
2236 2693 2425 2734 omnes
2454 2678 2545 2746 qui
2572 2671 2941 2732 erraverun‘t'a
2967 2676 3056 2730 via
3082 2674 3360 2740 doctrinm,
3392 2675 3443 2730 id
3466 2685 3547 2729 est
3566 2692 3599 2731 a
3636 2714 3639 2715 ν

2012 2768 2100 2824 via
2127 2768 2402 2833 veritatis;
2427 2769 2553 2837 quia
2580 2767 2737 2822 simul
2764 2781 2887 2822 cum
2912 2765 3244 2822 diemonibus
3272 2766 3600 2836 torquebitu-

2014 2870 2104 2917 tur
2142 2862 2193 2915 in
2223 2875 2382 2931 poma
2410 2869 2625 2914 interna:
2646 2858 3024 2914 damnationis.

2085 2953 2357 3007 Vesanus.
2389 2950 2520 3017 Quae
2565 2957 2648 3003 est
2675 2949 2866 3006 civitas
2891 2949 3132 3015 fortium,
3162 2949 3247 3004 vel
3275 2948 3395 3018 quis
3413 2956 3498 3004 est
3516 2964 3603 3005 sa-

2014 3043 2170 3113 piens
2215 3043 2283 3098 de
2329 3057 2438 3111 quo
2483 3040 2613 3096 dicit
2644 3059 2658 3093 :
2691 3039 2959 3095 Civitatem
3006 3043 3218 3113 fortium
3257 3042 3489 3097 ascendit
3515 3060 3602 3098 sa-

2014 3134 2183 3203 piens,
2210 3140 2259 3186 et
2290 3133 2515 3186 detraxit
2543 3131 2700 3185 robur
2724 3131 2934 3201 ﬁducia:
2953 3131 3065 3202 ejus
3097 3131 3278 3202 (Prov.
3313 3134 3460 3201 XXI)?

323 3213 478 3285 lmpii
527 3224 709 3270 autem
752 3214 1084 3269 devorabant
1141 3222 1386 3278 sanctos,
1440 3212 1656 3281 quando
1687 3221 1814 3266 voto
1854 3228 1909 3266 se

2087 3223 2370 3278 SALOSIUS.
2393 3222 2681 3299 Civitatem
2707 3223 2945 3293 appellat
2972 3223 3258 3292 mundum;
3290 3224 3477 3291 fortes,
3501 3226 3603 3280 dar-

324 3306 635 3378 obligabant
656 3305 745 3360 ubi
776 3311 1231 3375 persequerentur
1253 3310 1489 3364 sanctos,
1522 3311 1577 3357 et
1605 3302 1917 3357 occiderent

325 3412 441 3463 eos,
472 3396 921 3466 quemadmodum
944 3393 1296 3465 quadraginta
1327 3394 1426 3448 viri
1463 3392 1653 3459 Judaei,
1694 3393 1830 3448 sicut
1860 3393 1913 3447 in

326 3489 551 3545 Actibus
605 3488 970 3558 apostolorum
1030 3487 1309 3556 loquitur:
1340 3485 1662 3541 Devorerunt
1705 3502 1762 3539 se
1811 3501 1914 3539 non

326 3580 750 3644 manducaturos,
774 3595 935 3650 neque
961 3577 1230 3643 bibituros,
1261 3578 1421 3632 donec
1449 3576 1738 3631 occiderent
1765 3575 1915 3630 Pau-

326 3673 433 3725 lum
458 3672 595 3741 (Act.
628 3671 799 3740 xxiii).
825 3669 893 3724 Et
918 3670 1131 3740 pagani,
1158 3677 1216 3723 ut
1244 3684 1386 3739 szepe
1411 3670 1654 3738 legimus,
1685 3667 1917 3725 diissuis

327 3762 661 3818 devoverant
697 3762 1010 3831 sanguinem
1040 3761 1486 3816 Christianorum.

404 3853 664 3908 VERANUS.
686 3848 827 3916 Quid
854 3859 938 3904 cst
967 3849 1116 3919 quod
1146 3848 1223 3904 ait
1247 3865 1263 3905 :
1287 3847 1352 3902 Et
1377 3860 1490 3918 post
1524 3861 1639 3901 τοία
1671 3857 1910 3903 tractare

332 3943 513 4015 (l’rou.
550 3943 643 4014 ss)
665 3941 689 3994 l

399 4034 813 4090 SttomusPost
833 4045 955 4089 vota
976 4033 1246 4106 promissa
1266 4043 1666 4092 retractareeu
1688 4043 1909 4090 sanctos

326 4120 581 4190 persequi
609 4128 665 4175 et
684 4121 1005 4189 distrahere,
1034 4132 1090 4178 et
1115 4124 1268 4193 quasi
1295 4124 1400 4178 vile
1427 4125 1754 4197 mancipium
1779 4143 1913 4184 eon-

328 4218 587 4266 temnere.

334 4340 340 4347 -
404 4305 669 4362 VERANUS.
712 4305 995 4374 Quomodo
1025 4320 1153 4376 ergo
1174 4308 1328 4361 ruina
1365 4315 1444 4361 est
1481 4307 1726 4377 hominis,
1764 4310 1918 4365 dero-

326 4413 446 4450 rare
474 4408 704 4466 sanctos,
724 4406 774 4451 et
793 4405 908 4467 post
923 4387 1052 4451 (vota
1089 4398 1356 4452 tractare?

399 4486 680 4543 SALONIL’S.
709 4487 764 4542 Si
795 4488 938 4542 enim
967 4496 1249 4558 peccatum
1279 4496 1362 4542 est
1387 4488 1556 4544 alicui.
1588 4489 1790 4544 homini
1817 4506 1915 4544 no-

2016 3327 2227 3368 mones.
2257 3311 2484 3366 Mundus
2514 3312 2614 3366 iste
2642 3313 2929 3380 quondam.
2959 3314 3150 3369 civitas
3197 3314 3415 3371 fortium
3457 3326 3598 3380 erat,

2015 3403 2141 3474 quia
2189 3402 2455 3458 idolorum
2482 3403 2649 3457 cultui
2685 3402 3282 3471 deditus,,d:emonibus
3309 3408 3598 3468 serviebat.

2016 3504 2075 3550 et
2117 3491 2365 3550 ﬁduciam
2407 3496 2533 3550 vita:
2564 3494 2800 3550 habebat
2845 3496 2899 3550 in
2937 3496 3085 3556 cultu
3121 3506 3310 3557 eorum
3359 3500 3449 3569 qui
3492 3516 3600 3557 non

2018 3591 2145 3639 sunt
2170 3585 2263 3651 dii,
2292 3584 2385 3641 sed
2415 3601 2578 3656 opera
2609 3600 2865 3640 manuum
2890 3586 3186 3641 hominum.

2089 3672 2360 3731 VEBANUS.
2390 3674 2522 3744 Quis
2563 3684 2801 3745 estergo
2829 3677 2918 3733 ille
2944 3677 3160 3747 sapiens
3188 3678 3279 3749 qui
3305 3677 3445 3735 hanc
3471 3680 3603 3738 civi-

2020 3769 2184 3819 tatem
2212 3763 2429 3820 fortium
2458 3766 2736 3821 ascendit?

2089 3854 2369 3912 SALost.
2413 3857 2508 3912 Ille
2553 3857 2719 3913 Filius
2764 3858 3025 3929 Virginis,
3048 3858 3144 3916 Dei
3174 3862 3366 3931 virtus,
3412 3873 3467 3918 et
3508 3864 3603 3920 Dei

2018 3951 2303 4020 sapientia,
2338 3951 2427 4020 qui
2463 3951 2893 4009 tunceivitateni
2929 3952 3069 4008 hanc
3097 3954 3357 4021 ascendit,
3388 3956 3603 4024 quando

2019 4046 2179 4096 natus
2208 4041 2259 4094 in
2289 4056 2498 4108 carne,_
2523 4040 2746 4095 visibilis
2772 4041 2972 4097 mundo
3000 4045 3269 4113 apparuit.
3296 4044 3414 4113 Ipse
3446 4046 3602 4099 nimi-

2019 4146 2137 4187 rum
2175 4131 2440 4186 destrurit
2478 4133 2643 4186 robur
2686 4131 2890 4189 lidueia:
2931 4133 3064 4199 ejus,
3106 4136 3230 4202 quia
3260 4136 3520 4189 subvertit
3549 4145 3604 4191 et

2020 4223 2242 4278 abstulit
2276 4222 2342 4278 de
2373 4222 2571 4277 mundo
2600 4223 2799 4277 cultum
2830 4224 3077 4289 deorum,
3122 4225 3173 4283 in
3213 4226 3407 4294 quibus
3434 4229 3604 4284 conli-

2019 4318 2219 4373 debant
2240 4317 2487 4387 gentiles.

2091 4411 2360 4468 VERANUS.
2402 4411 2537 4477 Quid
2574 4418 2657 4465 est
2685 4410 2829 4480 quod
2870 4411 2945 4466 ait
2978 4412 3318 4481 proverbium
3358 4433 3371 4466 :
3414 4413 3606 4473 Attale.-

2019 4520 2166 4558 scens
2188 4504 2343 4574 juxta
2368 4503 2701 4565 riantsuant,
2733 4503 2888 4556 etiam
2916 4519 3028 4555 cum
3058 4507 3283 4557 senuerit
3315 4520 3420 4558 non
3466 4522 3606 4561 rece-

324 4594 473 4645 εενθ,
503 4579 672 4632 miluo
697 4579 867 4647 magis
889 4587 1171 4648 Peccatum
1201 4586 1302 4643 δεῖν
1332 4593 1451 4633 Cum
1472 4579 1664 4649 aliquis
1692 4588 1911 4636 sanctos
1939 4585 1989 4641 D
2019 4596 2105 4649 det
2133 4594 2289 4651 ab-ea
2335 4593 2518 4664 (Brov.
2548 4593 2716 4662 xxii)?
2740 4593 2989 4661 Nunquid
3024 4609 3131 4648 non
3164 4595 3315 4649 multi
3346 4596 3606 4652 recedunt

326 4671 421 4725 Dei
450 4671 807 4741 persequitur,
839 4678 933 4724 aut
974 4670 1215 4736 offendit,
1248 4678 1340 4724 aut
1389 4670 1567 4736 laedit;
1611 4679 1668 4725 et
1712 4672 1911 4729 ideirco

325 4761 480 4815 ruina
509 4771 590 4818 est
619 4763 694 4816 illi
729 4763 821 4831 qui
851 4760 1226 4835 persequendo
1251 4769 1486 4827 sanctos,
1517 4770 1735 4817 ceteram
1760 4763 1914 4818 dam-

323 4854 564 4909 nationis
588 4855 687 4911 sibi
714 4860 982 4924 praiparat
1004 4854 1296 4908 interitum.

400 4945 669 5000 VERANUS.
695 4945 975 5011 Quomodo
1012 4944 1414 5013 intelligendum
1464 4954 1548 5000 est
1593 4946 1739 5015 quod
1785 4947 1861 5001 ait
1893 4965 1906 5001 :

324 5038 473 5092 Sicut
502 5039 777 5093 divisiones
807 5053 1088 5105 aquarum,
1108 5037 1182 5089 ita
1215 5053 1306 5091 cor
1333 5038 1470 5108 regis
1497 5039 1551 5092 in
1585 5055 1743 5093 manu
1776 5038 1913 5095 Dei?

324 5127 503 5194 Quare
532 5127 666 5181 dixit
706 5142 800 5182 cor
826 5128 967 5195 regis
996 5134 1202 5181 tantum
1248 5142 1368 5182 esse
1417 5128 1471 5182 in
1502 5144 1661 5183 manu
1691 5129 1786 5185 Dei
1812 5171 1830 5197 ,
1860 5138 1915 5185 et

324 5232 432 5272 non
468 5218 706 5272 omnium
738 5217 1039 5284 hominum,
1079 5232 1201 5272 cum
1236 5217 1363 5272 alibi
1408 5219 1666 5288 scriptum
1704 5221 1812 5274 sit:
1847 5221 1912 5274 In

324 5326 485 5364 manu
503 5310 616 5381 ejus
645 5319 764 5366 sunt
783 5320 959 5365 omnes
988 5311 1123 5380 fines
1149 5320 1303 5366 terra:
1336 5310 1508 5383 (Psat.
1537 5314 1702 5383 xcrv)‘,
1723 5313 1765 5368 si
1796 5328 1912 5367 om-

326 5416 424 5457 nes
454 5400 585 5457 ﬁnes
613 5410 769 5456 teme
798 5403 851 5456 in
893 5410 1160 5471 potestate
1189 5402 1282 5456 Dei
1322 5410 1468 5466 sunt,
1497 5411 1553 5457 et
1595 5403 1759 5458 corda
1788 5419 1908 5458 om-

325 5492 475 5545 nium
515 5492 789 5546 hominum
818 5500 943 5546 sunt
973 5492 1026 5546 in
1058 5508 1216 5547 manu
1247 5493 1408 5561 ejus?
1627 5483 1635 5489 ⁷

395 5582 674 5639 Summus.
710 5583 908 5653 Regem
942 5585 995 5639 in
1027 5586 1131 5639 hoc
1157 5586 1278 5640 loco
1309 5602 1415 5640 non
1460 5584 1605 5641 illum
1652 5587 1911 5641 debemus

326 5675 647 5744 intelligere,
675 5677 766 5746 qui
796 5692 889 5732 rex
922 5686 999 5733 est
1025 5678 1144 5733 solo
1173 5679 1412 5744 nomine,
1456 5686 1513 5733 et
1542 5681 1911 5750 temporaliter

327 5769 445 5825 aliis
476 5770 720 5841 imperat.
753 5770 846 5827 scd
881 5787 1313 5842 unumquemque
1344 5773 1514 5827 virum
1538 5757 1803 5837 sanctum,
1842 5774 1903 5825 li-

2020 4700 2053 4739 a
2091 4684 2178 4739 via
2207 4700 2305 4740 sua
2351 4684 2512 4749 mala,
2555 4698 2717 4753 quam
2764 4684 3177 4740 ambulaverunt
3204 4685 3259 4740 in
3288 4686 3606 4743 adolescent:-

2022 4776 2129 4831 tia?

2089 4867 2370 4922 SALomns.
2400 4865 2539 4921 Vere
2579 4866 2815 4936 plurimi,
2846 4867 3163 4937 inspirante-
3185 4869 3363 4925 divina
3406 4874 3605 4940 gratia,

2018 4960 2070 5013 in
2092 4965 2374 5014 senectute
2400 4965 2792 5013 convertuntur
2820 4959 3025 5013 a-vitiis
3057 4974 3181 5028 qua:
3210 4960 3515 5017 habuerunt
3547 4966 3596 5016 in

2019 5048 2409 5112 adolescentia;
2432 5062 2532 5101 nec
2553 5047 2939 5106 Salomonhoc
2962 5047 3074 5104 ﬁeri
3097 5065 3256 5119 posse
3286 5062 3446 5118 negat
3474 5072 3485 5106 :
3512 5056 3603 5108 sed

2018 5138 2351 5209 frequentius
2381 5140 2484 5194 hoc
2512 5139 2826 5207 contingere
2848 5139 3010 5205 solet,
3041 5150 3104 5195 ut
3128 5158 3309 5198 mores
3334 5159 3473 5212 quos
3503 5144 3603 5197 ho-

2016 5247 2105 5285 mo
2134 5231 2293 5286 discit
2322 5229 2933 5298 in~adolescentia,,uon
2964 5247 3065 5287 eos
3085 5242 3257 5289 mutet
3287 5235 3339 5287 in
3361 5245 3605 5289 senectu-

2020 5329 2359 5385 te;attameu
2405 5335 2512 5375 non
2560 5335 2776 5391 semper
2814 5322 2887 5377 ita
2930 5323 3151 5379 evenire
3194 5316 3510 5386 confirmat.
3552 5334 3605 5378 et

2019 5410 2218 5465 idcirco
2265 5410 2425 5480 ponit
2465 5410 2837 5479 hujuscemodi
2890 5413 3257 5483 proverbium,
3306 5420 3364 5465 nt
3416 5428 3606 5467 onmos

2018 5500 2624 5569 admoneat,-quatcnus
2653 5516 2682 5555 a
2714 5503 2882 5572 prima
2912 5512 3073 5559 tctate
3124 5502 3410 5573 virtqtibus
3430 5512 3485 5555 et
3511 5505 3604 5557 bn-

2021 5592 2104 5646 nis
2133 5593 2386 5662 cperibus
2408 5594 2659 5647 studeant
2687 5595 2956 5660 insudare,
2988 5609 3056 5648 ne
3083 5593 3218 5648 forte
3246 5594 3297 5648 in
3327 5604 3604 5651 senectute

2021 5701 2127 5738 non
2158 5685 2365 5754 possint
2392 5686 2566 5740 studia
2598 5687 2859 5741 honorum
2884 5702 3105 5759 operum
3135 5687 3343 5743 discere
3367 5703 3485 5757 qua:
3511 5706 3604 5743 ne-

2018 5774 2277 5844 glexerint
2306 5776 2357 5830 in
2390 5786 2573 5830 tenera
2606 5784 2783 5831 :etate.
