3964 6198
468 241 570 305 9:3

1741 250 2004 310 SALONll
2046 247 2440 316 VlENNENSlS

3618 267 3731 329 ρει

538 361 806 418 γελικυε.
842 363 976 430 Quid
1007 371 1090 419 est
1129 366 1270 434 quod
1301 367 1431 422 dicit
1466 387 1478 421 :
1506 367 1676 423 Fat-ea
1704 372 1962 441 profunda
1989 391 2048 428 os
2074 383 2121 442 Α
2151 378 2307 432 cadet
2332 377 2529 448 justus,
2560 387 2612 435 et
2639 394 2781 451 same
2810 380 3093 448 resurget:
3123 381 3216 438 aut
3242 393 3391 439 certe
3417 384 3569 439 omni
3595 395 3730 442 tem-

463 453 650 508 alience
681 452 859 523 (Prov.
880 466 1047 509 xxuet
1066 454 1247 526 xxut)?
1283 455 1412 524 Qua:
1434 466 1515 512 est
1536 458 1650 514 hmo
1673 460 1866 530 aliena,
1891 461 2041 530 cujus

466 556 528 599 os
556 553 639 599 est
666 558 856 612 magna
888 543 1083 600 fovea?

530 634 808 690 SALONIUS.
838 633 910 690 Os
939 635 1129 692 aliena:
1155 639 1283 695 dicit
1320 656 1382 697 os
1412 645 1709 700 meretricis
1743 664 1755 698 :
1781 647 1874 715 qui
1903 662 2034 717 ergo

460 727 619 780 verba
648 726 946 782 meretricis
982 727 1212 784 libenter
1239 732 1408 801 audit,
1437 741 1491 787 et
1518 736 1699 790 oscula
1742 735 1858 803 ejus
1887 736 2036 793 dele-

455 816 725 895 ctabiliter
750 818 994 887 suscipit,
1024 822 1173 890 quasi
1191 820 1410 890 januam
1432 825 1610 893 pulsat
1640 827 1917 896 profundm
1956 828 2038 884 Γο-

454 918 590 972 vem,
622 905 673 959 id
697 914 780 960 est
809 907 1019 974 interni,
1054 918 1109 963 et
1139 911 1238 964 nisi
1281 913 1389 967 cito
1426 930 1485 968 sc
1514 915 1582 968 ab
1619 916 1735 984 ejus
1764 918 2036 988 colloquio

453 995 539 1049 vel
564 996 750 1050 osculo
791 997 1089 1065 subtrahat,
1115 1000 1398 1057 deserente
1426 1018 1484 1057 se
1508 1003 1640 1070 Deo,
1666 1005 1809 1061 illico
1833 1008 2033 1075 mergi—

452 1092 540 1138 tur
567 1085 619 1138 in
650 1084 858 1141 foveam
886 1089 1075 1142 mortis
1116 1107 1135 1142 ~:
1184 1099 1240 1144 et
1286 1092 1389 1147 hoc
1434 1101 1519 1147 est
1564 1094 1706 1164 quod
1735 1096 1901 1152 dicit:
1941 1095 2034 1152 Cui

448 1175 615 1228 iratus
643 1182 721 1229 est
744 1175 1019 1244 Dominus,
1051 1180 1245 1234 incidet
1276 1183 1332 1235 in
1363 1184 1545 1239 illam?

522 1259 788 1319 Venimus.
818 1266 954 1333 Quid
980 1276 1063 1322 est
1089 1271 1230 1341 quod
1253 1272 1363 1325 ait:
1396 1274 1611 1344 Appone
1638 1293 1727 1330 cor
1753 1278 1823 1331 ad
1850 1279 2037 1334 doctri-

445 1368 569 1407 nam
609 1358 815 1409 meam?
840 1355 908 1409 Et
930 1358 1091 1426 paulo
1117 1367 1239 1428 post
1263 1361 1535 1431 subjungit
1569 1382 1581 1416 :
1622 1363 1758 1419 Ecce
1785 1367 2033 1439 descripsi

442 1460 559 1498 eam
586 1444 678 1499 tibi
702 1446 976 1515 tripliciter
1001 1449 1056 1501 in
1097 1451 1493 1521 cogitationibus
1522 1464 1571 1507 et
1599 1457 1835 1522 scientia,
1860 1466 1915 1510 ut
1944 1476 2031 1513 os-

443 1536 704 1590 tenderem
722 1537 808 1591 tibi
823 1539 1121 1608 ﬁrmitatem
1135 1551 1184 1594 et
1197 1543 1399 1614 eloquia
1419 1546 1648 1599 veritatis
1671 1545 1851 1617 (Prov.
1871 1547 2022 1620 xm).

443 1626 727 1692 Quomodo
767 1631 1053 1700 tripliciter
1091 1632 1374 1703 descripsit
1420 1636 1720 1691 doctrinam
1767 1654 1918 1693 suam
1971 1648 2028 1694 et

2144 483 2277 536 pore
2305 469 2447 523 cadit
2488 477 2544 524 et
2566 472 2816 538 resurgit,
2849 471 3056 526 scilicet
3083 474 3248 540 gratia
3288 473 3491 539 divina,
3540 488 3733 531 secun-

2141 558 2267 613 dum
2295 561 2437 628 quod
2464 577 2621 630 supra
2651 562 2852 645 dictum
2881 571 2982 617 est.

2212 648 2479 705 VEBANUS.
2512 650 2797 717 Quomodo
2843 653 3243 722 intelligendum
3286 664 3369 711 est
3412 675 3425 708 ε
3470 656 3727 729 Purpura

2140 754 2266 810 Opus
2306 749 2445 794 tuum
2486 742 2638 812 faris,
2669 753 2720 798 et
2746 745 3020 817 diligenter
3045 764 3224 801 exerce
3265 767 3447 820 agrum
3478 760 3650 814 tuum.
3671 761 3726 808 nt

2139 839 2314 900 postea
2361 832 2586 903 wdiﬁces
2625 834 2830 889 domum
2877 839 3050 891 tuam?
3078 838 3230 906 Quod
3277 851 3357 895 est
3397 843 3566 896 homo
3598 844 3724 899 foris

2138 917 2228 991 [F.
2260 922 2361 992 leg.
2392 923 2517 991 quid
2547 931 2631 979 est
2657 926 2803 993 quod
2830 924 2983 1001 foris]
3016 945 3315 998 praeparare
3344 932 3656 988 debemus?

2196 1010 2488 1068 SALONIUS.
2535 1012 2681 1084 Opus
2721 1025 2879 1071 vocat
2904 1019 3115 1081 bonam
3161 1022 3458 1085 actionem,
3493 1024 3722 1091 ideoque

2136 1099 2356 1168 addidit,
2392 1112 2561 1167 tuum;
2607 1104 2712 1160 hoc
2755 1114 2837 1160 est
2889 1107 2982 1173 tibi
3033 1109 3163 1162 utile
3208 1118 3263 1163 et
3307 1114 3717 1165 necessarium:

2134 1188 2279 1262 Opus
2299 1207 2428 1262 ergo
2457 1205 2696 1251 nostrum
2726 1196 2857 1253 foris
2886 1215 3264 1269 praeparemus,
3297 1218 3416 1256 cum
3449 1205 3720 1258 actionem

2134 1290 2372 1337 nostram
2401 1285 2539 1339 bene
2568 1287 2805 1343 exterius
2833 1290 3207 1359 componimus
3244 1310 3256 1344 τ
3288 1300 3343 1346 et
3372 1300 3431 1346 ut
3460 1292 3573 1347 Deo
3603 1295 3721 1364 pla-

2133 1380 2281 1438 ceat,
2314 1376 2648 1433 ordinamus.

2200 1463 2470 1519 Vesanus.
2496 1463 2779 1532 Quomodo
2800 1481 2985 1538 agrum
3000 1476 3239 1524 nostrum
3261 1466 3550 1540 diligenter
3570 1488 3719 1527 exer-

2129 1555 2345 1609 camus?

2197 1643 2477 1700 SALONIUS.
2508 1645 2704 1714 Agrum
2731 1647 3015 1716 diligenter
3034 1661 3371 1712 exercemus,
3408 1651 3455 1706 si
3482 1667 3511 1704 a
3535 1650 3707 1720 spinis

440 1717 720 1773 scientiam
744 1722 769 1774 ?
809 1730 901 1775 aut
928 1722 1057 1790 quid
1086 1731 1168 1778 est
1196 1738 1468 1794 apponere
1510 1734 1565 1781 et
1600 1726 1899 1797 intelligere
1927 1728 2022 1784 do-
2054 1747 2101 1807 Β
2127 1733 2375 1789 vitiorum
2397 1752 2595 1806 corpus
2626 1746 2870 1793 nostrum
2896 1754 3205 1808 purgamus.

440 1807 670 1862 ctrinam
695 1809 719 1862 ’ἓ

509 1898 791 1955 Summus.
823 1900 1125 1972 Tripliciter
1153 1920 1279 1960 vero
1300 1906 1598 1963 doctrinam
1628 1924 1779 1965 suam
1807 1911 2013 1966 descri-

436 1985 545 2051 bit,
577 1989 670 2058 qui
704 1990 991 2059 unicuique
1038 1994 1279 2063 praecipit
1320 2010 1441 2050 eam
1470 2004 1528 2051 ut
1556 1997 1767 2053 studeat
1794 1999 2021 2069 implere

436 2079 782 2145 cogitatione,
815 2080 1089 2138 locutione
1118 2092 1173 2139 et
1201 2100 1385 2154 opere.

512 2167 778 2227 Vsaaxcs.
819 2173 896 2228 De
925 2175 1118 2243 quibus
1150 2178 1392 2233 terminis
1436 2179 1565 2235 dicit
1602 2181 1726 2238 :Ne
1758 2192 2024 2258 transgre—

433 2256 598 2316 diaria
642 2265 885 2319 terminos
925 2268 1196 2337 antiquos,
1246 2285 1371 2339 quos
1415 2283 1693 2344 posuerunt
1734 2256 1921 2345 patres
1946 2279 2021 2332 tui

439 2358 455 2421 ε
471 2352 622 2407 Prov.
656 2370 806 2416 χχιιι,
833 2354 963 2425 28)?

499 2442 782 2501 Sssouws.
815 2445 1096 2504 Terminos
1130 2449 1382 2520 antiquos
1410 2451 1545 2507 dicit
1582 2455 1845 2511 terminos
1872 2459 2017 2513 veri-

430 2534 554 2588 tatis
580 2542 635 2589 et
665 2533 804 2602 ﬁdei,
836 2551 973 2606 quos
1007 2544 1321 2595 statuerunt
1350 2542 1418 2598 ab
1457 2543 1610 2600 initio
1637 2546 1887 2603 catholici
1915 2549 2016 2604 do-

430 2632 631 2681 t'lOl‘CS.
666 2625 782 2682 Hoc
806 2643 937 2697 ergo
968 2632 1256 2701 praecepit,
1301 2641 1361 2687 ut
1383 2635 1667 2690 veritatem
1695 2652 1861 2693 sacrae
1890 2638 2016 2696 ﬁdei

427 2725 485 2771 et
510 2718 833 2787 evangelicae
861 2719 1120 2775 doctrinae
1140 2736 1300 2778 nemo
1329 2725 1485 2779 aliter
1512 2727 1766 2797 suscipiat
1791 2743 1952 2798 quam
1980 2745 2010 2784 a

425 2801 630 2865 sanctis
659 2809 909 2867 Patribus
957 2820 1038 2867 est
1081 2812 1297 2868 tradita.
1347 2814 1472 2871 Sive
1514 2816 1621 2872 hoc
1649 2821 1922 2890 praecepit,
1953 2831 2012 2876 ut

423 2898 637 2971 eloquia
676 2912 983 2958 sanctarum
1027 2904 1425 2973 Scripturarum
1458 2924 1616 2964 nemo
1656 2911 1814 2965 aliter
1842 2912 2011 2967 inter-

422 2996 683 3062 pretetur,
727 2992 829 3048 nisi
864 2993 1016 3063 juxta
1057 2994 1477 3065 uniuscujusque
1506 3000 1791 3056 scribentis
1832 3002 2007 3058 inten-

421 3086 647 3138 tionem.
1668 3100 1674 3106 '

478 3164 759 3231 ‘Vsnssus.
793 3175 922 3242 Quae
949 3182 1077 3232 sunt
1104 3192 1235 3247 opes
1277 3174 1378 3233 illae
1413 3179 1484 3236 de
1501 3179 1695 3250 quibus
1719 3181 1809 3237 illc
1832 3183 1959 3239 dicit
1987 3202 1998 3238 :

419 3257 505 3321 Ne
533 3262 702 3337 erigas
730 3267 903 3320 oculos
934 3276 1043 3322 tuos
1072 3268 1142 3321 ad
1175 3286 1296 3339 opes
1335 3286 1463 3340 quas
1490 3270 1678 3325 [tubere
1703 3288 1806 3326 non
1836 3282 1998 3343 potes,

417 3359 538 3427 quia
568 3357 763 3427 facient
788 3355 884 3410 sibi
912 3374 1106 3427 pennas
1124 3397 1140 3423 ,
1170 3368 1220 3412 et
1248 3358 1489 3413 volabunt
1527 3362 1580 3414 in
1610 3362 1829 3416 caelum?
1858 3362 2002 3429 Quas

419 3463 625 3518 pennas
654 3448 752 3504 sibi
800 3463 953 3519 opes,
1000 3447 1052 3503 id
1098 3457 1181 3504 est
1220 3449 1420 3505 divitiae
1449 3466 1542 3505 seu
1573 3453 1772 3523 copim,
1821 3455 1996 3511 facere

400 3543 675 3619 possunt?

483 3627 763 3688 SALONIL'S.
805 3627 947 3703 Opes
992 3633 1108 3688 istae
1153 3640 1277 3689 sunt
1325 3647 1518 3691 arcana
1570 3634 1893 3704 Divinitatis,
1942 3646 1999 3692 et

412 3732 619 3779 secreta
646 3724 946 3779 caelestium
990 3725 1388 3795 mysteriorum,
1439 3735 1494 3781 et
1541 3736 1624 3783 est
1663 3744 1887 3784 sensus:
1919 3728 1996 3784 Ne

411 3812 587 3881 erigas
607 3813 793 3869 oculos
823 3823 925 3868 tum
953 3816 1151 3870 mentis
1177 3815 1244 3870 ad
1272 3817 1660 3885 perscrutanda
1691 3818 1995 3875 Divinitatis

412 3919 609 3959 arcana
630 3911 685 3958 et
711 3905 1083 3975 mysteriorum
1105 3906 1402 3961 ccelestium
1430 3916 1658 3976 secreta,
1681 3924 1800 3978 quas
1825 3925 1993 3979 pene-

413 4001 555 4048 trare
584 4009 691 4048 non
731 4002 908 4064 potes,
935 4009 1036 4050 nec
1063 3995 1360 4065 intelligere
1387 3997 1553 4064 vales,
1579 4000 1829 4067 quoniam
1862 4002 1994 4056 solis

412 4085 605 4153 aquilis
630 4085 747 4141 haec
775 4094 979 4157 patent,
1010 4086 1066 4141 id
1112 4096 1193 4142 est
1235 4089 1482 4158 supernis
1528 4090 1734 4145 civibus
1782 4100 1987 4147 tantum

411 4178 695 4233 manifesta
723 4187 865 4235 sunt.

485 4270 751 4327 Vsaans.
784 4270 912 4338 Qua:
953 4280 1079 4327 sunt
1119 4273 1334 4328 cellaria
1389 4272 1457 4328 de
1486 4274 1680 4344 quibus
1726 4276 1854 4332 dicit
1883 4296 1895 4330 :
1926 4274 1988 4331 In

410 4362 647 4417 doctrina
690 4362 1017 4432 replebantnr
1065 4356 1307 4431 cellaria,
1347 4365 1585 4419 universa
1626 4367 1913 4421 substantia
1941 4379 1990 4421 et

408 4454 654 4522 pretiosa,
678 4459 727 4505 et
747 4442 1100 4521 pulcherrima
1116 4450 1294 4521 (Prov.
1323 4451 1488 4521 sxw).

479 4543 758 4598 SALONIUS.
792 4542 1022 4596 Cellaria
1068 4549 1194 4595 sunt
1240 4542 1404 4596 corda
1445 4542 1744 4611 iustorum,
1774 4546 1863 4615 qui
1894 4560 1991 4615 per

406 4636 707 4692 doctrinam
735 4634 1011 4704 sapientia:
1039 4632 1315 4702 replentur
1341 4633 1636 4687 substantia
1667 4635 1901 4703 pretiosa
1936 4644 1993 4691 et

405 4724 766 4795 pulcherrima
788 4763 803 4791 ,
845 4723 900 4778 id
929 4732 1011 4779 est
1039 4723 1194 4778 donis
1237 4724 1490 4778 virtutum
1521 4732 1682 4792 atque
1722 4724 1987 4781 bonorum

406 4831 655 4886 operum.

474 4906 747 4960 Vsasuus.
777 4904 914 4972 Quid
936 4913 1023 4961 est
1052 4905 1194 4974 quod
1221 4903 1350 4960 dicit
1378 4922 1390 4959 :
1425 4904 1625 4975 Septies
1665 4908 1801 4961 enim
1839 4909 1988 4962 cadet

402 4998 591 5071 justus,
615 5003 663 5050 et
685 4999 955 5067 resurget?
981 4996 1026 5051 si
1062 4996 1238 5066 justus
1265 5004 1371 5065 est,
1395 4996 1672 5066 quomodo
1693 4997 1907 5065 cadere,
1934 4999 1985 5053 id

402 5098 485 5146 est
516 5103 762 5160 peccare,
796 5088 1024 5144 dicitur?

474 5185 755 5239 SALONIUS.
788 5180 1051 5252 Loquitur
1075 5184 1163 5239 hic
1182 5183 1438 5240 Salomon
1461 5183 1527 5237 de
1558 5183 1765 5239 levibus
1786 5192 1839 5237 et
1856 5198 1986 5251 quu-

401 5277 618 5332 tidianis
645 5277 900 5347 peccatis,
933 5276 1050 5330 sine
1070 5276 1264 5344 quibus
1294 5277 1470 5331 nullus
1493 5274 1760 5344 justorum
1792 5277 1843 5330 in
1884 5277 1985 5329 hac

401 5368 521 5425 vita
534 5385 652 5425 esse
674 5371 867 5438 potuit,
891 5384 993 5422 nec
1013 5383 1129 5422 csse
1155 5376 1362 5437 potest;
1395 5376 1455 5424 ut
1476 5368 1601 5423 alibi
1630 5368 1759 5423 dicit
1783 5385 1795 5420 :
1823 5367 1985 5422 Bene-

403 5464 570 5515 dicam
594 5460 868 5514 Dominum
890 5460 941 5514 in
962 5461 1101 5514 omni
1125 5467 1347 5528 tempore
1366 5461 1548 5529 septies
1571 5458 1738 5527 (Psal.
1761 5457 1946 5524 xxxiii)
1969 5477 1978 5508 :

401 5554 563 5607 etiam
590 5550 855 5622 signiﬁcat
882 5550 1198 5619 aliquando,
1238 5564 1379 5618 scepe
1417 5558 1471 5602 et
1501 5548 1982 5618 frequenter.quod

402 5645 674 5715 aptissime
710 5644 797 5698 hic
841 5643 1061 5709 intelligi
1084 5650 1296 5710 potest:
1331 5643 1532 5707 septies,
1562 5640 1669 5695 hoc
1705 5649 1805 5703 est,
1842 5651 1981 5708 δεῦρο

2196 1821 2467 1882 νειιλιιιιε.
2513 1825 2643 1881 Post
2666 1829 2778 1896 agri
2810 1829 3155 1895 exercitium,
3208 1829 3425 1884 domum
3464 1841 3705 1887 nostram

2127 1916 2397 1983 quomodo
2422 1916 2840 1973 :ediﬁcabimus?

2194 2005 2474 2063 SALONIL'S.
2517 2007 2575 2062 Si
2613 2010 2787 2078 primo
2825 2010 3065 2065 exterius
3114 2019 3266 2066 actus
3310 2022 3528 2068 nostros
3565 2012 3704 2071 bene

2121 2098 2519 2166 componimus,
2570 2097 2785 2152 domum
2825 2100 2983 2153 nobis
3012 2101 3149 2155 bene
3178 2102 3531 2171 :editicamus,
3580 2120 3701 2160 cum

2119 2188 2407 2255 puritatem
2451 2189 2575 2242 vita:
2622 2196 2679 2243 et
2729 2188 3043 2243 munditiam
3092 2192 3252 2245 etiam
3304 2195 3691 2261 cogitationum

2118 2293 2424 2342 servamus,
2457 2288 2511 2333 et
2538 2278 2898 2334 habitaculum
2921 2289 3121 2336 nostra:
3150 2284 3344 2338 mentis
3366 2285 3467 2354 piis
3493 2287 3696 2355 cogita-

2118 2369 2354 2423 tionibus
2381 2384 2722 2426 exornamus.

2188 2458 2458 2515 Vensxus.
2491 2459 2623 2526 Quis
2647 2471 2729 2516 est
2750 2461 3005 2518 Dominus
3023 2505 3038 2535 ,
3063 2473 3157 2520 aut
3183 2466 3273 2535 qui
3299 2476 3424 2522 sunt
3443 2483 3599 2538 reges
3624 2470 3688 2526 de

2114 2549 2310 2618 quibus
2338 2550 2497 2604 dicit:
2527 2548 2703 2605 Gloria
2725 2549 2933 2609 Domini
2953 2566 3051 2619 est,
3076 2560 3246 2610 celare
3263 2558 3500 2622 verbum;
3521 2562 3686 2629 gloria

2115 2656 2313 2711 regam,
2337 2641 2643 2711 investigare
2668 2658 2960 2697 sermonem
2987 2643 3167 2715 (Prov.
3194 2661 3320 2712 xxv,
3338 2652 3393 2719 ‘2)
3418 2649 3442 2702 ?
3774 2632 3777 2639 ’

2183 2731 2465 2788 SALONIUS.
2508 2732 2765 2788 Dominus
2786 2735 2916 2803 iste,
2965 2735 3061 2790 Dei
3092 2733 3255 2790 Filius
3281 2749 3391 2801 est,
3442 2738 3679 2793 videlicet

2112 2819 2371 2877 Dominus
2393 2821 2575 2888 Jesus,
2622 2823 2777 2892 cujus
2802 2825 2971 2893 gloria
3003 2825 3099 2880 fuit
3125 2826 3303 2881 celare
3334 2828 3577 2888 verbum.
3627 2830 3678 2885 id

2110 2922 2193 2968 cst
2220 2929 2278 2969 se
2307 2929 2425 2969 esse
2452 2914 2545 2970 Dei
2572 2914 2766 2970 Filium
2791 2934 2804 2969 :
2835 2918 2958 2985 quia
2987 2918 3114 2972 dum
3142 2918 3193 2972 in
3225 2934 3389 2973 carne
3417 2922 3677 2989 apparuit.

2110 3005 2276 3072 magis
2298 3020 2357 3059 se
2381 3006 2653 3061 hominem
2678 3022 2835 3076 quam
2860 3007 2953 3062 Dei
2976 3006 3165 3062 Filium
3195 3010 3439 3063 conliteri
3468 3011 3633 3064 voluit
3661 3023 3675 3062 :'

2028 3111 2074 3172 ο
2108 3104 2166 3150 ιιι
2190 3095 2437 3151 diabolus
2458 3110 2579 3152 eum
2605 3114 2709 3153 non
2736 3108 3102 3167 cognosceret,
3133 3107 3187 3155 et
3210 3101 3282 3155 ita
3306 3102 3557 3170 passione
3583 3110 3675 3156 sua

2107 3202 2276 3255 genus
2297 3188 2590 3243 humanum
2617 3188 2905 3245 redimeret
2930 3208 2943 3243 :
2987 3191 3242 3260 quoniam
3266 3192 3311 3246 si
3335 3208 3458 3246 eum
3487 3194 3673 3247 diabo-

2107 3280 2199 3343 lus
2226 3280 2566 3348 cognovisset
2610 3278 2704 3336 Dei
2743 3281 2938 3337 Filiutn
2988 3297 3132 3348 esse,
3188 3297 3456 3352 nunquam
3506 3286 3673 3339 cruci-

2104 3371 2324 3426 llxisset.
2354 3370 2537 3426 Gloria
2568 3373 2747 3442 ﬂaque
2771 3372 2982 3428 Domini
3012 3373 3110 3428 fuit
3137 3375 3311 3429 celare
3339 3376 3591 3441 verbum,
3622 3376 3672 3430 id

2101 3470 2183 3519 est
2206 3465 2260 3518 iu
2288 3463 2457 3519 forma
2498 3466 2758 3532 hominis,
2808 3465 3104 3522 divinitatis
3150 3482 3259 3521 sua:
3289 3467 3563 3521 occultare
3585 3483 3671 3534 po-

2106 3555 2340 3621 tentiam,
2375 3563 2434 3609 ut
2461 3554 2587 3609 dum
2613 3555 2975 3609 inﬁrmitatem
3004 3555 3181 3611 carnis
3207 3557 3535 3618 ostenderet,
3566 3556 3669 3611 dia-

2098 3647 2253 3703 bolus
2276 3662 2398 3702 cum
2427 3661 2456 3699 a
2486 3645 2736 3716 passione
2762 3647 3037 3702 retrahere
3067 3662 3174 3701 non
3198 3647 3499 3708 festinaret.
3539 3662 3665 3717 qua—

2101 3744 2257 3793 tenus
2283 3753 2381 3807 per
2416 3736 2771 3805 ignorantiam
2815 3736 3079 3806 passionis
3125 3737 3431 3807 perveniret
3458 3734 3526 3790 ad
3554 3736 3664 3804 εἰο-

2098 3826 2234 3881 riam
2261 3825 2692 3881 resurrectionis.
2962 3884 2969 3889 V

2166 3918 2439 3972 Venimus.
2466 3915 2568 3983 Qui
2606 3923 2733 3971 sunt
2773 3929 2904 3986 ergo
2928 3929 3104 3985 reges,
3133 3930 3362 3985 quorum
3390 3916 3558 3984 gloria
3587 3923 3662 3972 est

2097 4007 2422 4076 investigare
2445 4007 2787 4063 sermonem?

2163 4096 2444 4154 SALONI'US.
2478 4097 2652 4164 Reges
2694 4097 2782 4152 isti
2816 4098 2986 4153 sancti
3029 4096 3245 4152 fuerunt
3285 4096 3546 4167 apostoli,
3574 4096 3657 4165 qui

2094 4186 2380 4259 diligenter
2412 4203 2717 4243 sermonem
2755 4187 2967 4241 Domini
3007 4187 3329 4255 investigare
3360 4187 3657 4254 studebant,

2092 4294 2199 4348 quo
2222 4294 2281 4334 se
2300 4278 2509 4333 Domini
2532 4276 2648 4332 fore
2666 4276 3056 4344 signiﬁcabant.
3090 4276 3222 4330 Nam
3244 4277 3339 4330 ubi
3354 4291 3462 4329 non
3484 4284 3658 4343 aperte

2091 4386 2152 4425 se
2175 4369 2459 4423 Dominum
2499 4382 2619 4423 esse
2654 4367 3020 4430 monstrabat,
3072 4365 3167 4420 sed
3196 4366 3419 4437 mystice
3451 4365 3659 4419 volebat

2019 4480 2069 4539 ι)
2094 4458 2335 4526 intelligi,
2369 4456 2485 4525 ejus
2513 4471 2816 4512 sermonem
2837 4471 3042 4511 summa
3063 4456 3538 4524 perscrutabantur
3553 4454 3658 4507 dili-

2092 4551 2307 4620 gentia,
2355 4548 2514 4617 quale
2543 4556 2624 4602 est
2669 4546 2823 4611 illud,
2853 4554 2956 4601 etc.
3002 4562 3015 4598 :
3070 4543 3183 4616 Ego
3219 4555 3271 4599 et
3314 4544 3470 4598 Pater
3505 4560 3656 4597 unum

2091 4655 2265 4694 sumus
2289 4636 2464 4709 (Joan.
2492 4636 2570 4705 ι).
2595 4635 2727 4690 Nam
2752 4651 2873 4690 cum
2902 4635 3103 4690 celaret
3118 4632 3279 4689 verbi
3305 4634 3651 4693 divinitatem,

2089 4741 2144 4786 et
2172 4728 2481 4785 ostenderet
2518 4727 2694 4783 carnis
2728 4723 3121 4785 inﬁrmitatem,
3173 4724 3521 4789 interrogavit
3559 4724 3650 4775 hos

2089 4834 2244 4889 reges
2265 4819 2450 4874 dicens
2475 4832 2487 4870 :
2524 4815 2685 4880 Quem
2716 4815 2892 4869 dicunt
2913 4815 3145 4868 homines
3174 4827 3285 4867 esse
3315 4813 3480 4882 litium
3510 4810 3668 4865 homi-

2094 4911 2219 4964 nis?
2245 4907 2345 4964 Cui
2372 4920 2559 4976 regum
2584 4905 2834 4972 eximius,
2874 4904 3120 4959 videlicet
3147 4901 3206 4956 Β.
3236 4902 3426 4957 Petrus
3445 4910 3655 4972 aposto-

2090 4999 2197 5066 lus,
2238 5000 2562 5068 investigans
2597 5012 2901 5053 sermonem
2930 4996 3102 5061 illius,
3138 5009 3299 5064 quem
3324 5002 3481 5049 antea
3511 5006 3647 5059 sepe

2089 5093 2321 5159 audivit,
2367 5092 2622 5147 continuo
2656 5085 2934 5159 rcSpondit
2966 5105 2979 5140 :
3032 5086 3106 5141 Tu
3138 5104 3192 5140 es
3223 5084 3460 5141 Christus
3497 5083 3657 5137 Filius

2089 5182 2187 5237 Dei
2216 5185 2329 5238 viri.

2166 5268 2435 5328 Venalis.
2492 5269 2630 5337 Quid
2671 5277 2754 5324 est
2791 5267 2936 5337 quod
2977 5269 3221 5337 sequitur
3258 5285 3270 5320 :
3317 5264 3510 5320 Cclum
3551 5276 3653 5315 sur-

2091 5382 2234 5428 sum,
2280 5374 2328 5417 et
2358 5373 2496 5417 terra
2524 5362 2790 5422 deorsum,
2824 5369 2871 5413 et
2894 5376 2983 5412 cor
3008 5377 3185 5427 regum
3207 5355 3537 5414 inscrutabile
3549 5363 3662 5403 esse

2087 5450 2276 5505 dicunt
2292 5453 2468 5525 (Prov.
2502 5450 2666 5534 xxv)?
2993 5539 2997 5540 ί
3445 5537 3457 5540 _
3638 5529 3647 5540 ,

2158 5546 2438 5599 διιοκιιτει.
2471 5543 2645 5610 Reges
2671 5546 2831 5593 vocat
2852 5539 3142 5607 prophetas
3168 5546 3224 5592 et
3252 5537 3545 5608 apostolos,
3567 5537 3650 5599 qui

2088 5637 2361 5690 revelante
2377 5640 2561 5688 sancto
2581 5628 2783 5698 Spiritu
2805 5640 2998 5682 arcana
3018 5628 3310 5684 divinitatis
3338 5631 3649 5695 cognoscere
