3964 6178
247 301 359 359 985

1042 283 1121 349 ΙΝ
1147 292 1552 348 ΡΑΒΑΒΟΙΛΞ
1589 278 1973 345 SALOMONIS
2010 282 2368 342 EXPOSlTlO
2408 284 2724 342 MYSTICA.

3422 287 3530 353 986

244 415 584 471 meruerunt.
643 405 748 463 Per
786 419 882 460 cor
907 417 1093 473 regum
1123 403 1436 472 designatur
1475 399 1701 457 scientia
1724 439 1738 464 ,
1785 405 1843 452 et
1869 401 1914 461 Α
1945 395 2001 450 in
2028 396 2281 465 praesenti
2313 395 2421 451 vita
2451 394 2654 450 habent
2698 394 3125 452 consolationem
3172 414 3347 467 suam,
3390 418 3532 471 quo-

246 503 554 561 intcllcctus
578 497 969 569 prophetarum
998 502 1054 548 et
1080 493 1471 563 apostolorum.

317 592 592 648 Vesanus.
639 584 923 652 Quomodo
963 596 1093 651 ergo
1133 580 1535 649 intelligendum
1589 585 1675 635 est
1691 576 1837 646 quod

245 685 348 735 ait:
376 678 568 733 Cirtam
591 691 812 738 sursum,
835 682 885 727 et
904 680 1046 727 terra
1083 672 1340 736 deorsum,
1373 679 1422 726 et
1442 686 1532 753 cor
1559 684 1734 740 regunt
1754 668 1832 722 iu-

248 768 522 825 scrntabt’le
540 771 564 823 ?

317 862 600 913 StLONiUS.
635 854 787 910 Sicut
822 849 1048 907 altitudo
1079 851 1200 908 coeli
1228 854 1283 905 et
1304 847 1641 919 profunditas
1670 854 1832 902 teme

249 971 345 999 ms:
373 946 633 1018 prehendi
671 962 778 999 non
812 951 993 1013 potest
1028 943 1095 997 ab
1133 942 1469 1004 hominibus,
1517 940 1591 993 ita
1632 946 1835 993 nostra:

248 1038 551 1105 ivnngitatis
580 1034 856 1104 capacitas
887 1048 994 1087 non
1027 1029 1170 1085 valet
1191 1028 1648 1098 comprehendere
1667 1067 1682 1091 ,
1734 1040 1833 1080 ne-

246 1145 353 1197 qui!
415 1135 699 1195 penetrare
755 1122 1093 1176 altitudinem
1135 1119 1375 1175 scientiae
1425 1124 1481 1173 et
1527 1116 1834 1171 intellectus

246 1219 631 1288 prophetarum
662 1222 717 1266 et
743 1212 1135 1281 apostolorum.

318 1308 588 1363 Vesanus.
624 1302 906 1370 Quomodo
935 1301 1038 1356 sibi
1067 1301 1417 1363 concordant,
1437 1302 1531 1353 aut
1549 1295 1825 1366 quomodo

248 1398 349 1452 sibi
373 1394 664 1450 conivenire
678 1400 917 1460 possunt
945 1406 1009 1449 ea
1033 1405 1153 1461 qua:
1179 1388 1308 1446 dicit
1336 1402 1349 1443 :
1404 1384 1485 1441 Ne
1519 1386 1831 1457 respondeas

245 1489 403 1542 stulto
429 1487 587 1556 juxta
625 1482 897 1553 stultitiam
934 1498 1110 1544 suam,
1158 1497 1223 1535 ne
1259 1481 1500 1550 eﬁician’s
1540 1479 1587 1531 ei
1619 1476 1828 1541 similis,

244 1587 323 1645 et,
348 1575 617 1646 Responde
641 1572 796 1627 stulto
817 1573 973 1642 juxta
997 1571 1272 1625 stultitiam
1303 1587 1483 1636 suam,
1511 1584 1575 1623 ne
1618 1567 1715 1622 sibi
1742 1582 1830 1621 sa-

245 1670 392 1737 piens
422 1681 531 1719 esse
560 1663 790 1717 videatur
820 1660 1000 1730 (Prov.
1030 1660 1221 1728 xxvr)?
1266 1659 1386 1714 Ista:
1417 1657 1669 1712 nimirum
1702 1670 1828 1709 sen-

243 1757 426 1812 tentize
450 1754 602 1808 valde
625 1753 724 1807 sibi
754 1752 1003 1805 Vldﬁulﬂl‘
1031 1765 1150 1805 esse
1186 1748 1491 1804 contrariae.

314 1846 593 1909 SsLontus.
651 1841 793 1896 Vere
821 1841 958 1894 bene
987 1840 1088 1894 sibi
1112 1838 1473 1904 concordant,
1515 1837 1677 1891 sicas
1703 1833 1826 1889 dili-

243 1944 430 2006 genter
465 1930 884 1987 consideremus.
947 1928 1048 1983 Per
1087 1929 1190 1985 hoc
1220 1928 1361 1982 enim
1400 1926 1544 1995 quod
1584 1926 1697 1980 ait:
1742 1923 1828 1979 Ne

243 2027 556 2096 respondeas
577 2024 731 2078 stulto
744 2024 899 2095 juxta
921 2021 1195 2075 stultitiam
1217 2036 1365 2073 suam
1380 2056 1395 2081 ,
1424 2035 1522 2073 nos
1549 2019 1825 2085 admonet,

243 2125 303 2172 ut
339 2116 466 2184 quia
502 2115 698 2168 stultus
745 2110 1068 2180 sapientiam
1119 2125 1228 2163 non
1266 2109 1524 2179 percipit,
1573 2124 1675 2163 nos
1710 2106 1827 2176 ejus

243 2206 530 2262 stultitiam
558 2221 661 2259 non
690 2205 979 2268 imitemur,
1004 2203 1099 2257 sed
1129 2203 1308 2273 potius
1337 2210 1745 2258 contemnamus
1766 2207 1825 2255 et

246 2302 638 2371 despiciemus;
685 2306 738 2354 et
760 2299 973 2367 quoties
1000 2298 1051 2352 ei
1081 2297 1378 2365 loquimur,
1438 2312 1545 2350 non
1574 2295 1824 2365 turpiter,

248 2409 360 2448 non
396 2393 618 2460 furiose,
667 2407 774 2444 non
803 2390 1064 2459 superbe,
1116 2388 1212 2442 sed
1236 2388 1464 2442 honeste
1487 2427 1502 2453 ,
1559 2388 1828 2456 patienter

244 2493 410 2552 atque
451 2482 721 2537 humiliter
749 2482 852 2535 hoc
892 2480 1175 2549 loquamur
1201 2487 1256 2532 et
1292 2479 1594 2547 sapienter,
1643 2491 1712 2530 ne
1748 2476 1826 2530 illi

242 2574 444 2628 similes
472 2571 785 2627 efﬁciamur.
820 2569 923 2624 Per
952 2570 1054 2623 hoc
1083 2584 1212 2623 vero
1248 2568 1394 2637 quod
1436 2568 1703 2637 sequitur,
1730 2565 1828 2619 Re-

243 2663 439 2735 sponde
472 2664 625 2717 stulto
657 2663 813 2732 juxta
833 2660 1106 2714 stultitiam
1144 2675 1310 2723 suam,
1353 2674 1451 2712 nos
1480 2658 1737 2711 admonet
1761 2663 1823 2710 ut

242 2758 515 2827 sapienter
560 2756 896 2824 increpemus
951 2760 1007 2807 et
1044 2751 1431 2821 redarguamus
1474 2749 1716 2813 stultum,
1767 2755 1824 2802 et

242 2847 524 2901 manifeste
559 2845 981 2899 demonstremus
1008 2850 1207 2910 quanta
1246 2840 1316 2894 sit
1360 2840 1415 2893 in
1455 2854 1522 2893 eo
1566 2838 1816 2902 stultitia,

232 2944 313 2992 'ne
341 2934 478 2989 forte
497 2936 549 2990 si
563 2952 670 2990 non
690 2945 946 3006 agnoscat
967 2933 1251 2988 stultitiam
1272 2947 1422 2988 suam
1444 2947 1503 2987 se
1530 2937 1684 3003 putet
1702 2944 1823 2986 esse

243 3027 562 3096 sapientem.

1941 485 2085 541 niam
2113 501 2292 542 rerum
2322 484 2700 555 temporalium
2723 485 2892 556 copiis
2913 486 3208 543 abundant.
3237 488 3386 546 Unde
3416 492 3528 550 Doa

1940 576 2116 631 minus
2156 577 2208 630 in
2241 573 2531 644 Evangelio
2563 575 2639 628 ait
2670 591 2684 628 :
2726 573 2818 629 Vte
2842 575 2983 632 vobis
3014 579 3103 651 qui
3131 582 3356 636 saturati
3380 583 3529 653 estis,

1937 669 2058 740 quia
2084 667 2319 722 esurietis
2351 665 2501 737 (Luc.
2546 665 2643 736 γι).
2687 666 2878 727 Anima
2915 683 3045 737 ergo
3086 669 3308 731 divitum
3352 674 3528 729 calcat

1936 758 2136 823 favum,
2166 757 2290 825 quia
2331 773 2429 827 pro
2470 757 2699 812 terrenis
2741 758 2900 813 bonis
2942 760 3146 827 spernit
3186 760 3526 819 dulcedinem
3608 742 3611 749 Γ

1935 847 2095 915 regni
2120 846 2377 903 cmlestis.
2408 843 2600 900 Anima
2626 861 2757 901 vero
2804 849 3048 903 esuriens
3087 849 3248 904 etiam
3279 866 3523 905 amarum

1934 954 2035 1009 pro
2060 938 2203 993 dulci
2230 945 2429 1003 sumet,
2465 938 2718 1006 quoniam
2752 941 2837 1009 qui
2869 941 3027 993 esurit
3054 950 3106 994 et
3134 942 3245 996 sitit
3262 942 3523 1012 justitiam

1936 1030 2153 1102 (Matth.
2184 1029 2260 1099 v),
2292 1043 2507 1083 omnem
2538 1029 2949 1084 amaritudinem
2987 1045 3085 1099 pro
3117 1030 3400 1086 dulcedine
3427 1048 3521 1086 su-

1934 1122 2051 1185 mit,
2089 1120 2215 1189 quia
2254 1118 2529 1188 patienter
2572 1118 2803 1172 sustinet
2831 1134 3046 1175 omnem
3095 1121 3374 1189 prmsentis
3400 1122 3523 1175 vine

1936 1210 2316 1265 adversitatem
2357 1195 2458 1276 pro
2504 1222 2689 1262 amore
2724 1222 2977 1278 superate
3010 1209 3327 1274 dulcedinis,
3360 1210 3413 1266 id
3440 1219 3524 1266 est

1931 1290 2146 1357 teternae
2183 1298 2552 1361 beatitudinis.

2002 1392 2273 1447 Vesanus.
2314 1388 2413 1444 Cui
2441 1388 2680 1457 loquitur
2708 1388 2984 1457 Salomon,
3016 1407 3138 1447 cum
3170 1392 3297 1447 dicit
3332 1410 3345 1445 :
3388 1392 3522 1446 Dili-

1930 1491 2107 1553 genter
2133 1496 2357 1553 agnosce
2384 1478 2574 1534 uultum
2604 1481 2806 1549 pecoris
2835 1482 2931 1543 tui,
2959 1490 3170 1553 tuosque
3186 1499 3369 1553 greges
3397 1499 3523 1537 con-

1932 1574 2107 1628 sidera
2137 1571 2318 1642 (Prov.
2347 1569 2561 1640 xxvu)?
2597 1569 2848 1641 Nunquid
2893 1572 3159 1641 lanigeros
3202 1572 3361 1629 ducet
3389 1589 3521 1629 con-

1928 1665 2166 1720 siderare
2192 1662 2422 1732 greges?

1998 1753 2275 1810 SALOMUS.
2310 1754 2426 1808 Non
2452 1772 2465 1807 :
2494 1752 2732 1822 loquitur
2759 1754 2901 1809 enim
2928 1754 3133 1825 pastori
3164 1753 3432 1819 Ecclesim,
3464 1760 3521 1809 et

1931 1857 2014 1902 cst
2058 1863 2247 1903 sensus
2289 1866 2303 1901 :
2355 1848 2650 1918 Diligenter
2689 1862 2871 1903 curam
2922 1845 3170 1914 impende
3217 1844 3283 1898 iis
3326 1845 3520 1913 quibus

1928 1941 2247 2011 prtepositus
2274 1956 2355 2003 es,
2383 1949 2439 1997 et
2465 1955 2699 2011 agnosce
2739 1940 2948 1994 animos
2993 1948 3048 1993 et
3087 1946 3239 1993 actus
3279 1939 3520 2007 singulo~

1930 2045 2089 2095 rum;
2121 2037 2176 2084 et
2202 2031 2247 2085 si
2288 2031 2521 2099 aliquam
2568 2030 2880 2085 sorditatem
2929 2029 3182 2084 vitiormu
3230 2029 3516 2092 inveneris,

1928 2122 2084 2177 citius
2112 2122 2375 2188 castigare
2404 2128 2460 2175 et
2479 2120 2772 2174 emundare
2801 2118 2977 2174 stude.

1998 2210 2266 2266 Vesanus.
2306 2211 2483 2276 Quare
2511 2225 2639 2265 mox
2656 2208 2960 2277 subiungit:
2995 2207 3117 2265 Non
3149 2211 3288 2264 enim
3307 2209 3523 2264 habebis

1919 2304 2116 2375 jugiter
2139 2300 2465 2373 potestatem,
2498 2301 2590 2355 sed
2618 2317 2814 2355 corona
2852 2300 3100 2375 trjbuetur
3127 2302 3182 2354 in
3230 2301 3518 2372 generatio-

1928 2412 2047 2450 nem
2076 2394 2507 2465 generationum.’
2869 2367 2913 2399 ν

1996 2486 2278 2540 SALONIUS.
2326 2482 2394 2539 Ut
2427 2491 2613 2554 pastor
2643 2479 2891 2539 Ecclesia:
2918 2481 3108 2538 ovibus
3133 2478 3235 2538 sibi
3260 2484 3515 2539 commis-

1924 2577 2000 2630 sis
2028 2576 2362 2630 incessanter
2388 2589 2574 2629 curam
2616 2573 2908 2638 adhibeat;
2937 2582 2992 2629 et
3019 2580 3103 2628 est
3138 2588 3328 2629 sensus
3356 2592 3368 2626 :
3399 2573 3515 2631 Non

1925 2666 2066 2720 enim
2096 2672 2153 2719 tu
2197 2679 2410 2734 semper
2455 2664 2679 2719 habebis
2716 2672 3038 2734 potestatem
3086 2664 3337 2735 pascendi
3386 2679 3516 2721 oves

1924 2755 2243 2822 dominicas,
2272 2754 2366 2810 sed
2389 2770 2590 2810 corona
2614 2757 2876 2811 tribuetur
2903 2758 2959 2811 in
2977 2758 3324 2825 generatione
3350 2770 3516 2824 gene-

1925 2845 2219 2905 rationum,
2253 2844 2304 2897 id
2333 2852 2417 2899 est
2437 2852 2638 2901 :eterna
2668 2852 2968 2913 prteparata
2991 2854 3076 2900 est
3101 2860 3330 2910 corona,
3357 2860 3517 2915 (μυοίη

1925 2945 1980 2991 et
2008 2944 2064 2990 tu
2088 2936 2352 3005 percipies
2376 2937 2421 2989 si
2449 2936 2591 2991 bene
2612 2935 2827 3005 paveris
2859 2935 3159 2992 dominicas
3187 2950 3336 2991 oves.

2000 3027 2263 3083 Vesanus.
2287 3026 2425 3093 Quid
2450 3041 2668 3083 necesse
2690 3027 2788 3081 fuit
2809 3025 3082 3082 Salomoni
3104 3026 3519 3096 dicereztlpcrttt

317 3116 583 3171 Vesanus.
617 3113 747 3180 Quis
774 3121 855 3168 est
876 3114 967 3168 ille
986 3130 1207 3170 susurro
1233 3114 1300 3170 de
1323 3130 1431 3183 quo
1451 3113 1581 3167 dicit
1606 3129 1619 3164 :
1650 3110 1823 3165 Verba

1948 3128 2044 3173 runt
2071 3110 2246 3190 prata,
2279 3128 2328 3171 et
2356 3129 2710 3188 apparuerunt
2738 3119 2906 3172 herba
2951 3119 3199 3181 virentes,
3227 3129 3277 3172 et
3304 3118 3518 3171 collecta

243 3209 541 3263 susurronis
568 3205 714 3277 quasi
746 3203 1020 3274 simplicia,
1045 3213 1093 3258 et
1122 3206 1233 3276 ipsa
1262 3205 1560 3274 perveniunt
1583 3202 1654 3255 ad
1687 3202 1823 3255 inte-

241 3302 387 3356 riora
412 3298 637 3353 ventris?
1775 3350 1786 3359 _

317 3389 597 3447 SALONIUS.
630 3386 985 3444 Snsurronem
1008 3387 1243 3459 appellat
1277 3387 1607 3443 incentorem
1638 3384 1745 3441 litis
1769 3393 1820 3438 et

242 3484 557 3553 bilinguem,
607 3480 698 3550 qui
746 3478 928 3535 laudes
973 3482 1259 3535 verborum
1306 3480 1549 3542 simulat,
1602 3486 1659 3532 et
1705 3477 1827 3531 ideo

242 3577 401 3647 quasi
423 3573 682 3642 simplicia
705 3587 823 3627 esse
842 3571 1091 3625 videntur
1115 3571 1275 3625 verba
1299 3571 1485 3639 ipsius.
1509 3567 1616 3622 Sed
1638 3583 1828 3637 perve-

245 3662 483 3719 niuntad
508 3663 758 3716 interiora
782 3662 1000 3724 ventris,
1020 3661 1143 3729 quia
1164 3676 1385 3714 susurro
1400 3675 1615 3728 semper
1636 3658 1830 3728 qumrit

245 3757 436 3811 audire
491 3754 629 3807 unde
686 3755 852 3823 possit
894 3754 1067 3822 jurgia
1122 3753 1419 3819 seminare,
1475 3752 1666 3822 quibus
1710 3758 1825 3805 sto-

246 3846 473 3900 machus
498 3843 818 3910 indignetur,
842 3850 896 3897 et
924 3842 1102 3896 omnia
1133 3842 1389 3896 interiora
1419 3840 1821 3909 perturbentur.

326 3934 590 3988 Vensnus.
620 3932 749 3998 Quis
788 3940 872 3987 est
911 3930 1000 3986 ille
1028 3947 1182 3985 amor
1211 3929 1578 3995 absconditus,
1609 3927 1679 3982 de
1719 3943 1827 3996 quo

243 4029 377 4083 dicit
402 4045 413 4079 :
440 4025 624 4079 Melior
648 4035 724 4079 est
752 4025 1031 4097 manifesta
1059 4026 1334 4095 correptio,
1364 4038 1517 4092 quam
1546 4037 1695 4074 amor
1731 4020 1826 4073 ab-

241 4119 512 4174 sconditus
536 4115 713 4186 (Prov.
746 4116 955 4183 xxvn)?

317 4206 598 4261 SALONIUS.
627 4205 878 4260 Amorem
905 4203 1276 4259 absconditum
1305 4204 1357 4259 in
1382 4204 1489 4259 hoc
1518 4204 1658 4267 loco,
1683 4219 1827 4257 amo-

240 4315 360 4355 rem
387 4306 546 4351 vocat
577 4297 841 4363 illicitum,
872 4296 923 4349 id
954 4303 1036 4350 est
1066 4295 1407 4350 libidinosum
1430 4337 1443 4361 ,
1475 4303 1535 4350 ut
1563 4304 1645 4352 est
1673 4312 1826 4351 amor

240 4388 598 4454 adulterinus,
627 4387 718 4455 qui
747 4402 844 4456 pro
872 4402 968 4440 sua
1004 4386 1333 4455 turpitudine
1361 4386 1723 4448 absconditur,
1756 4401 1825 4441 ne

1927 3220 2046 3265 sunt
2075 3211 2196 3282 [cna
2223 3210 2286 3264 de
2313 3208 2611 3264 montibus?
2636 3207 2765 3274 Quis
2793 3209 2934 3262 enim
2957 3209 3066 3264 hoc
3092 3209 3223 3265 dicit
3250 3216 3340 3264 aut
3363 3209 3517 3278 igno-

1931 3302 2050 3356 rat?
2538 3356 2555 3385 ι

1997 3393 2278 3448 ὃλιοδιιςε.
2316 3394 2460 3447 Vere
2502 3392 2702 3457 nullus,
2730 3393 2774 3448 si
2805 3392 2921 3447 hmo
2948 3390 3109 3447 verba
3136 3398 3340 3446 tantum
3365 3389 3514 3460 juxta

1929 3486 2163 3541 litteram
2188 3486 2496 3555 accipimus.

2005 3577 2279 3631 Vesanus.
2312 3573 2594 3641 Quomodo
2614 3588 2742 3643 ergo
2770 3573 3111 3643 intelligenda
3130 3575 3290 3629 sunt?

1999 3668 2279 3721 SALONIUS.
2305 3665 2448 3721 Vere
2479 3673 2683 3719 tantum
2709 3664 3078 3734 spiritualiter.

1999 3759 2275 3817 Vesanus.
2306 3755 2445 3823 Quid
2469 3770 2598 3824 ergo
2624 3764 2777 3826 prata
2804 3755 3148 3823 significant?

1998 3849 2276 3905 Sscoxtus.
2307 3845 2413 3902 Per
2432 3856 2585 3915 prata
2606 3838 2955 3915 designantur
2974 3847 3210 3903 caelestia
3239 3846 3513 3918 mysteria,

1927 3954 2046 4009 qua:
2074 3938 2192 3993 ideo
2220 3945 2374 4008 prata
2396 3936 2667 4005 dicuntur,
2688 3938 2815 4007 quia
2844 3953 3045 4006 pascua
3073 3945 3197 3994 sunt
3218 3937 3516 3993 animarum

1929 4027 2188 4083 fidelium.
2220 4025 2348 4082 ﬂmc
2376 4026 2519 4081 enim
2567 4034 2743 4096 prata,
2769 4028 2870 4083 hoc
2914 4036 2997 4083 est
3042 4029 3217 4084 divina
3259 4029 3516 4100 mysteria

1928 4121 2019 4176 diu
2036 4119 2221 4173 clausa
2237 4118 2453 4183 fuerunt
2472 4119 2571 4175 sub
2596 4120 2733 4191 typis
2757 4136 2821 4175 ac
2850 4120 3032 4189 figuris
3059 4122 3335 4190 legalibus.

1998 4211 2268 4267 Vesanus.
2325 4209 2616 4278 Quomodo
2650 4221 2706 4267 ct
2751 4212 2965 4281 quando
3013 4221 3197 4282 aperta
3237 4221 3363 4268 sunt
3402 4212 3519 4269 hare

1924 4306 2121 4377 pmmt

1996 4395 2277 4455 SALONIUS.
2314 4398 2511 4468 Aperta
2540 4397 2891 4485 quippexsuut
2915 4404 3084 4468 prata,
3109 4397 3233 4467 quia
3264 4412 3359 4465 per
3386 4408 3511 4463 gra-

242 4497 275 4535 a
312 4478 644 4547 sapientibus
673 4478 1041 4544 redarguatut'.
1066 4476 1254 4531 Melior
1276 4485 1360 4531 est
1386 4492 1515 4546 ergo
1542 4476 1823 4533 manifesta

1948 4490 2055 4543 iam
2082 4490 2293 4544 Domini
2321 4488 2617 4545 Salvatoris
2646 4476 2879 4544 revelata
2918 4496 3044 4545 sunt
3064 4489 3298 4545 caelestia
3326 4503 3510 4544 sacra-'-

238 4569 535 4638 correptio,
565 4584 724 4638 quam
763 4584 915 4623 amor
943 4569 1315 4631 absconditus,
1348 4567 1473 4638 quia
1502 4568 1686 4623 multo.
1716 4583 1826 4622 me-

240 4663 343 4718 lius
383 4669 468 4715 est
506 4661 735 4729 aliquem
777 4670 837 4713 ut
889 4662 1189 4729 corrigatur
1213 4662 1496 4717 manifeste
1521 4662 1818 4731 increpare,

236 4768 401 4825 quam
424 4752 600 4806 studio
629 4751 786 4807 simul
812 4752 1067 4822 peccandi
1089 4753 1298 4808 occulte
1326 4752 1566 4821 diligere.

310 4864 575 4919 Vesanus.
601 4864 739 4930 Quid
782 4873 864 4919 est
891 4865 1035 4934 quod
1064 4866 1141 4920 ait
1173 4884 1185 4918 :
1217 4866 1406 4919 Anima
1442 4872 1677 4922 saturata
1718 4864 1820 4919 cal-

232 4958 373 5012 cabit
403 4959 612 5026 fatum;
642 4957 817 5010 anima
854 4958 1105 5021 esuriens,
1151 4973 1386 5011 amarum
1424 4974 1518 5026 pro
1546 4955 1685 5010 dulci
1730 4973 1818 5011 su-

235 5051 375 5104 met?
400 5047 680 5114 Quomodo
710 5048 887 5101 anima
913 5056 1154 5102 saturata
1183 5046 1359 5103 favum
1386 5048 1602 5103 calcat?

301 5140 582 5194 Sstonws.
634 5135 794 5193 Juxta
832 5139 1085 5204 litteram,
1133 5139 1311 5194 anima
1351 5146 1594 5193 saturata
1636 5137 1813 5192 favum

232 5228 421 5293 calcat,
445 5230 570 5295 quia
590 5228 896 5297 quicunque
915 5229 1049 5283 cibis
1072 5222 1307 5299 repletus
1329 5236 1429 5294 est,
1453 5228 1663 5283 dulcem
1691 5243 1818 5282 con-

230 5318 423 5373 temnit
447 5333 511 5373 ac
536 5318 762 5388 despicit
788 5335 967 5374 escam
1000 5336 1013 5371 :
1050 5319 1142 5388 qui
1170 5334 1302 5374 vero
1331 5320 1521 5382 esurit.
1548 5319 1675 5373 licet
1708 5319 1808 5372 ali-

231 5423 394 5480 quam
425 5409 477 5463 in
505 5408 637 5463 cibis
661 5410 1073 5464 amaritudinem
1099 5417 1294 5476 sumat,
1325 5409 1681 5479 parvipendit.

305 5497 567 5557 Vesanus.
626 5500 986 5570 Spiritualiter
1031 5508 1230 5565 autem,
1280 5499 1553 5568 quomodo
1605 5499 1806 5554 intelli—

228 5591 400 5661 genda
429 5600 511 5647 est
547 5592 662 5647 haec
688 5593 991 5649 sententia?

298 5684 579 5740 Samnitis.
616 5685 803 5739 Anima
833 5693 1069 5739 saturata
1112 5692 1193 5739 est
1225 5684 1400 5738 anima
1432 5682 1673 5741 divitum,
1710 5681 1803 5748 qui

1926 4590 2126 4647 menta,
2166 4582 2383 4652 quando
2411 4584 2611 4650 aperuit
2638 4581 2912 4651 discipulis
2939 4583 3050 4637 suis
3077 4598 3302 4647 sensum,
3330 4589 3386 4633 ut
3423 4583 3509 4635 in-

1926 4673 2211 4744 telligerent
2231 4672 2533 4745 Scripturas
2565 4671 2716 4744 (Luc.
2747 4672 2929 4742 xxxv).
2960 4670 3108 4726 Tunc
3146 4680 3509 4741 apparuerunt

1921 4773 1977 4818 et
2005 4764 2184 4818 herba:
2211 4764 2482 4831 virentes,
2512 4764 2616 4818 hoc
2644 4771 2727 4817 est
2765 4777 2917 4817 nova:
2961 4762 3242 4817 sententia:
3277 4776 3508 4832 evange-

1920 4856 2036 4915 lica:
2063 4857 2307 4913 veritatis
2334 4863 2388 4910 et
2414 4855 2616 4923 gloriae.

1990 4947 2265 5002 Vesanus.
2298 4946 2436 5013 Quid
2464 4947 2765 5016 signiﬁcant
2809 4945 2933 5002 lena
2959 4960 3078 5015 quae
3125 4944 3354 5001 collecta
3383 4952 3506 5000 sunt

1918 5042 1986 5097 de
2016 5040 2324 5097 montibus?

1986 5133 2273 5189 Ssnonrus.
2306 5130 2410 5189 Per
2455 5140 2667 5188 montes
2713 5133 3064 5202 designantur
3104 5134 3275 5189 sancti
3316 5130 3501 5184 Patres

1916 5225 2127 5281 Veteris
2155 5226 2484 5281 Testamenti
2524 5225 2843 5294 scriptores;
2866 5241 2964 5296 per
2990 5225 3133 5285 fena.
3174 5224 3371 5292 scripta
3401 5236 3499 5275 eo.

1918 5333 2056 5371 rum.
2099 5315 2337 5371 Collecta
2382 5322 2505 5370 sunt
2533 5315 2652 5370 feua
2696 5314 2765 5370 de
2801 5317 3104 5379 montibus,
3135 5315 3259 5383 quia
3302 5311 3498 5379 scripta

1916 5415 2226 5463 sanctorum
2250 5415 2491 5461 veterum
2512 5405 2729 5460 Patrum
2751 5407 2978 5463 collecta
2999 5412 3123 5460 sunt
3150 5403 3216 5456 ad
3243 5391 3497 5471 pabulum

1916 5508 1971 5554 et
1998 5499 2067 5553 ad
2096 5497 2440 5553 refectionem
2471 5498 2651 5551 ovium
2679 5498 3087 5560 dominicarum,
3113 5493 3166 5547 id
3180 5494 3263 5547 est
3286 5490 3495 5545 anima-

1915 5606 2031 5643 rum
2063 5587 2317 5644 ﬁdelium.
3356 5608 3359 5611 ν

1980 5680 2249 5736 Vesanus.
2275 5678 2411 5745 Quid
2436 5688 2516 5735 cst
2538 5679 2681 5749 quod
2711 5678 2785 5732 ait
2817 5696 2830 5728 :
2859 5676 3062 5743 Pauper
3082 5684 3128 5728 ct
3153 5674 3374 5729 creditor
3404 5673 3492 5728 ob-
