3964 6198
475 333 578 391 987
639 395 645 402 ,

1756 320 1836 376 SA
1845 316 2021 375 LONII
2058 312 2459 374 VIENNENSIS
2510 317 2523 332 '

3642 315 3755 372 938

472 448 739 501 eiecerunt
789 442 923 508 sibi,
976 435 1242 509 utriusque
1295 437 1620 491 illuminator
1673 445 1749 490 est
1812 436 2064 490 Dominus
2092 437 2141 497 Δ
2169 445 2277 502 gno
2301 433 2488 488 labore
2527 431 2596 487 ad
2624 429 2875 486 notitiam
2904 444 3177 486 sacrarum
3202 430 3605 502 Scripturamm
3640 448 3757 503 per-

475 536 676 610 (Ρτου.
710 536 878 593 xxix)?
906 532 1036 600 Quis
1062 539 1146 587 est
1174 531 1277 587 iste
1316 544 1526 600 pauper
1561 537 1618 585 et
1655 529 1759 583 iste
1786 527 2058 593 creditor,

474 626 569 696 qui
591 625 693 681 sibi
721 623 1073 679 obviaverunt
1087 622 1112 675 ?

546 714 827 770 Sitoxtus.
877 712 1090 782 Pauper
1135 719 1218 767 est
1270 709 1528 773 humilis,
1586 707 1736 762 verbi
1790 706 2002 761 auditor
2041 721 2060 761 :

473 805 710 861 creditor
736 812 913 858 autem
943 810 1027 858 est
1070 802 1162 871 qui
1207 800 1448 871 pauperi,
1500 798 1551 853 id
1597 805 1683 853 est
1729 797 1916 851 humili
1963 811 2063 851 au-

477 895 662 959 ditori,
692 894 976 965 pecuniam
1014 893 1160 947 verbi
1189 892 1285 946 Dei
1315 888 1655 960 praedicando
1683 888 1991 943 committit.

548 971 821 1040 Velinus.
867 982 1094 1049 Quando
1159 997 1363 1053 pauper
1424 988 1479 1035 et
1549 979 1783 1035 creditor
1844 978 2067 1033 obviant

473 1075 578 1130 sibi
592 1075 617 1129 t

545 1167 826 1223 StLost.
859 1164 1086 1232 Quando
1132 1164 1186 1219 in
1237 1178 1399 1218 unam
1448 1162 1799 1231 eamdemque
1851 1159 2066 1215 auditor

475 1257 719 1312 simul'et
746 1257 1068 1327 praedicator
1094 1254 1290 1310 divinae
1333 1253 1553 1323 pietatis
1593 1251 1820 1319 gratiam
1863 1263 2065 1305 conve-

474 1348 629 1401 niunt
660 1365 673 1400 :
705 1345 846 1401 unde
872 1345 1096 1417 pulchre
1116 1345 1359 1414 sequitur
1390 1362 1404 1397 :
1440 1342 1715 1414 Utriusque
1740 1341 2067 1395 illuminator

470 1448 548 1494 est
569 1437 825 1493 Dominus
857 1438 1045 1510 (Prov.
1074 1435 1271 1508 xxxx);
1302 1436 1429 1506 quia
1480 1435 1597 1489 sine
1652 1433 1824 1501 gratia
1873 1432 2066 1486 divina:

470 1530 707 1600 pietatis,
740 1544 842 1586 nec
868 1530 960 1585 ille
986 1529 1163 1600 potuit
1195 1528 1510 1599 prazdicare,
1541 1541 1643 1582 nec
1681 1526 1784 1580 iste
1820 1524 2062 1579 credere.

546 1621 815 1676 Veruuus.
849 1620 987 1688 Quid
1017 1629 1103 1676 est
1146 1620 1290 1690 quod
1319 1620 1395 1674 ait
1427 1637 1440 1673 :
1473 1618 1601 1674 Cant
1627 1617 1896 1689 prephetia
1924 1615 2068 1686 defee-

472 1713 619 1778 cerit,
651 1710 989 1782 dissipabitur
1014 1710 1268 1782 populus?
1301 1708 1432 1776 Qua:
1477 1715 1558 1764 est
1587 1707 1703 1762 btec
1745 1704 2061 1777 prophetia,

471 1813 576 1869 qua
605 1799 903 1865 deﬁciente,
922 1801 1153 1870 populus
1172 1799 1549 1869 dissipabitur?

544 1889 823 1947 SALONIUS.
852 1892 1143 1961 Prophetia
1164 1899 1249 1945 est
1270 1889 1623 1946 sacerdotalis
1640 1888 1874 1945 eruditio
1903 1898 2067 1957 atque

474 1980 720 2036 doctrina
750 1999 763 2034 :
792 1995 921 2050 ergo
948 1996 1070 2036 cum
1119 1980 1409 2036 cessaverit
1449 1978 1694 2035 doctrina
1736 1988 1791 2034 et
1834 1966 2067 2033 eruditio

474 2069 837 2137 sacerdotum,
865 2069 1095 2140 populus
1143 2068 1518 2139 dissipabitur;
1562 2069 1684 2139 quia
1740 2084 1861 2124 cum
1915 2068 2069 2123 deest

474 2161 772 2217 admonitio
792 2169 847 2217 et
866 2162 1162 2233 increpatio
1201 2160 1564 2226 sacerdotum,
1588 2176 1700 2216 sua:
1723 2161 1987 2216 voluntati
2010 2167 2069 2215 et

473 2251 700 2306 arbitrio
721 2251 1060 2321 relinquitur,
1087 2235 1146 2306 et
1162 2251 1420 2308 continuo
1441 2251 1606 2307 variis
1625 2251 1860 2321 peccatis
1890 2250 2066 2307 vitiis-

475 2356 583 2412 que
611 2341 991 2413 corrumpitur.
1112 2414 1121 2419 η

548 2434 817 2490 Venasus.
843 2433 1126 2501 Quomodo
1143 2434 1576 2505 ignitusclypeus
1590 2442 1674 2490 est
1689 2435 1866 2489 omnis
1885 2450 2068 2491 sermo

475 2522 571 2580 Dei
599 2543 612 2580 :
646 2526 723 2581 sic
740 2526 885 2582 enim
913 2526 1045 2582 dicit
1066 2525 1321 2582 Salomon
1344 2543 1357 2580 :
1386 2526 1570 2581 Omnis
1590 2543 1760 2601 sermo
1789 2525 1909 2595 Dei,
1931 2527 2069 2599 igni-

475 2625 558 2670 tus
584 2616 793 2687 clypeus
820 2624 898 2670 est
926 2614 1253 2687 sperantibus
1279 2616 1335 2670 in
1363 2631 1419 2669 se
1462 2614 1651 2687 (Prov.
1693 2616 1863 2684 xxx)?

546 2706 824 2779 Sanomus.
856 2703 1040 2760 Omnis
1063 2720 1242 2761 sermo
1262 2706 1457 2761 divina:
1485 2706 1838 2771 auctoritatis,
1870 2705 2069 2762 ideirco

477 2797 675 2866 ignitus
694 2797 914 2868 clypcus
933 2796 1146 2863 dicitur,
1164 2798 1287 2867 quia
1308 2797 1472 2853 corda
1487 2797 1782 2852 electorum
1804 2798 1895 2866 qui
1916 2812 2067 2867 spem

477 2902 631 2943 suam
658 2888 710 2941 in
760 2887 873 2942 Deo
920 2895 1144 2957 ponunt,
1176 2894 1233 2941 et
1259 2887 1385 2956 igne
1412 2878 1961 2953 claritatisacccndit,
2014 2895 2070 2943 et

477 2979 701 3034 scientia
729 2978 972 3033 veritatis
998 2977 1290 3043 illuminat,
1342 2986 1399 3033 et
1425 2977 1614 3033 sordes
1652 2978 1904 3032 vitiorum
1932 2992 2067 3047 quas

478 3074 531 3130 in
563 3076 641 3130 eis
668 3074 890 3144 reperit,
920 3072 1191 3129 consumit
1218 3080 1274 3128 et
1298 3080 1509 3142 purgat,
1555 3080 1611 3127 et
1636 3072 1703 3127 ab
1736 3073 1938 3128 insidiis
1962 3073 2063 3129 bo—

479 3166 664 3234 stium,
693 3166 1010 3235 cunctisque
1037 3164 1272 3219 defendit
1300 3164 1729 3220 adversitatihus.

554 3256 816 3312 Vnus-sus.
843 3255 973 3323 Quae
998 3261 1080 3310 est
1099 3245 1439 3325 sanguisuga,
1465 3254 1617 3324 cujus
1639 3255 1772 3309 duas
1800 3255 1930 3310 dicit
1948 3271 2067 3311 esse

481 3347 656 3402 ﬁlias?
684 3347 761 3401 sic
789 3346 932 3401 enim
972 3347 1048 3400 ait
1081 3364 1093 3399 :
1125 3345 1492 3419 Sanguisugce,
1522 3347 1639 3401 duw
1680 3356 1801 3400 sunt
1834 3347 1962 3417 ﬁlia:
1987 3346 2069 3402 di-

480 3445 650 3490 centes
665 3451 685 3490 :
712 3437 874 3505 Aﬂ‘er,
896 3444 945 3489 et
969 3451 1227 3507 nunquam
1249 3436 1527 3490 satiantur.

552 3525 830 3581 Sanos-ws.
861 3516 1193 3594 Sangdisuga
1215 3525 1460 3580 diabolus
1480 3534 1563 3579 est
1580 3524 1674 3593 qui
1701 3540 1917 3596 semper
1941 3541 2069 3580 san-

481 3616 694 3684 guinem
724 3617 855 3680 sitit,
877 3615 929 3671 id
957 3615 1121 3671 estad
1148 3622 1369 3685 peccata
1391 3615 1637 3671 homines
1659 3616 1873 3675 trahere
1898 3618 2069 3688 cupit,

483 3716 538 3762 et
567 3709 709 3762 sitim
735 3708 994 3779 peccandi
1022 3710 1358 3763 incessanter
1378 3708 1644 3764 accendit.

555 3797 824 3852 VERANUS.
858 3797 987 3864 Qute
1013 3806 1137 3852 sunt
1166 3798 1271 3877 illre
1296 3798 1415 3852 dum
1443 3796 1565 3853 ﬁlia:
1593 3799 1945 3869 sanguisugtr,
1985 3798 2069 3856 di-

484 3897 702 3945 centes:
734 3889 903 3959 A/fer,
928 3889 1083 3958 a/fer,’
1111 3897 1167 3944 et
1190 3903 1463 3958 nunquam
1485 3890 1788 3945 satiantur?

556 3978 838 4035 Summus.
880 3978 1113 4034 Luxuria
1142 3980 1391 4035 videlicet
1428 3988 1484 4036 et
1516 3982 1749 4047 (avaritia
1782 4001 1795 4036 :
1838 3983 1954 4038 isttc
1983 3984 2068 4037 ni-

486 4070 682 4125 mirum
710 4071 1062 4141 spiritualiter
1085 4071 1283 4127 diaboli
1312 4072 1454 4126 sitim
1484 4079 1539 4127 et
1563 4073 1811 4128 ardorem
1856 4074 2073 4129 imitan-

486 4170 595 4229 tur,
625 4162 753 4230 quia
796 4163 936 4217 sicut
961 4177 1232 4232 nunquam
1276 4164 1553 4233 peccando
1582 4165 1832 4234 satiatur,
1860 4165 1939 4221 sic
1972 4180 2073 4221 nec

485 4253 712 4307 avaritia
745 4268 844 4308 nec
871 4253 1101 4309 luxuria.
1130 4254 1263 4309 Nam
1291 4263 1494 4326 quanto
1522 4257 1748 4327 quisque
1788 4258 1958 4327 magis
1984 4258 2072 4311 lu-

488 4340 735 4395 xuriatur
760 4350 815 4396 et
842 4341 1165 4411 fornicatur,
1196 4352 1347 4400 tanto
1375 4346 1608 4416 amplius
1633 4346 1950 4402 delectatur.
1982 4346 2071 4402 Si-

488 4430 687 4487 militer
705 4441 910 4502 quanto
937 4436 1162 4505 quisque
1189 4436 1288 4492 sibi
1318 4436 1532 4493 divitias
1553 4439 1857 4494 accumulat
1879 4471 1895 4498 ν
1921 4447 2069 4496 tanto

487 4524 658 4593 magis
684 4540 778 4580 eas
804 4541 1017 4596 semper
1044 4538 1391 4596 augmentare
1420 4530 1707 4585 desiderat.

558 4613 829 4671 Vunauos.
854 4615 1032 4682 Quare
1053 4618 1232 4687 posuit
1260 4617 1512 4673 Salomon
1536 4620 1841 4689 exemplum
1870 4621 2072 4676 stellio-

492 4708 594 4775 nis,
625 4708 808 4764 dicens
841 4726 853 4761 :
887 4709 1072 4764 Stellio
1097 4712 1323 4765 nutritur
1350 4711 1616 4779 manibus,
1650 4722 1701 4767 et
1729 4722 2076 4769 commoratur

494 4801 552 4854 in
580 4800 776 4855 wdibus
805 4802 941 4871 regis
971 4799 1203 4872 (Ibid)?

564 4888 843 4945 Summus.
877 4889 944 4944 Ut
972 4891 1154 4961 pigros
1181 4900 1237 4947 et
1264 4892 1479 4960 ingenio
1512 4893 1716 4961 tardos,
1760 4892 1827 4947 ad
1853 4909 2078 4965 operan-

492 4982 621 5037 dnm
650 4989 706 5037 et
742 4983 1167 5039 benedicendum
1196 4992 1538 5054 provoearct.

561 5071 832 5126 VEBANUS.
863 5072 1019 5139 Quod
1040 5088 1210 5142 genus
1237 5075 1484 5130 animalis
1512 5084 1594 5131 est
1619 5077 1830 5131 stellio?

524 5170 527 5173 '
560 5161 838 5218 Sanosws.
866 5161 1047 5219 Genus
1074 5164 1305 5229 lacertze,
1357 5166 1512 5221 valde
1560 5168 1768 5236 pigrum
1799 5176 1855 5221 et
1892 5168 2077 5223 colore

489 5255 668 5321 vario;
691 5248 849 5309 unde
873 5271 1070 5311 nomen
1111 5257 1322 5327 accepit
1345 5258 1544 5323 stellio,
1572 5258 1702 5328 quia
1727 5259 1879 5328 quasi
1907 5259 2076 5314 stellis

490 5346 566 5419 (id
594 5354 676 5401 est
701 5344 884 5416 guttis)
908 5346 1191 5401 distinctus
1213 5356 1270 5402 et
1295 5348 1530 5404 variatus
1558 5358 1660 5403 est.

531 5432 537 5439 ’
561 5435 829 5494 νεηλκυε.
862 5436 1001 5502 Quid
1026 5451 1155 5506 ergo
1186 5438 1452 5507 signiﬁcat
1470 5440 1684 5495 stellio?

559 5524 844 5585 Samnitis.
875 5528 1000 5584 Illos
1025 5528 1292 5596 signiﬁcat
1314 5530 1406 5597 qui
1433 5531 1569 5584 tardi
1598 5538 1725 5585 sunt
1746 5531 1990 5598 ingenio;
2023 5538 2078 5587 ct

495 5631 672 5675 tamen
701 5605 1015 5688 quotidiano
1035 5618 1221 5675 studio
1249 5627 1304 5674 et
1324 5619 1619 5690 diligentia,
1656 5623 1902 5678 manibus
1922 5632 2080 5678 teter-

490 5724 617 5764 nam
648 5710 824 5765 aulam
854 5710 1251 5779 conscendunt;
1284 5710 1390 5769 hoc
1413 5722 1515 5775 cst.
1546 5715 1792 5781 quamvis
1820 5729 1942 5771 cum
1963 5730 2079 5770 ma~

2172 521 2418 588 veniunt,
2443 528 2499 576 et
2526 528 2815 590 penetrare
2855 521 3035 576 valent
3059 529 3269 577 secreta
3308 521 3612 577 omlestimn
3649 539 3758 596 my-

2164 613 2468 668 steriorum.
2488 612 2567 668 De
2593 612 2792 667 talibus
2820 612 3079 683 scriptum
3099 618 3185 667 cst
3209 611 3262 667 in
3292 609 3630 680 Evangelia:
3664 611 3762 677 Qui

2168 703 2319 757 habet
2359 702 2566 757 dabitur
2590 704 2659 766 ei,
2688 710 2737 756 et
2764 701 3047 756 abundabit
3066 701 3285 774 (Matth.
3319 702 3433 771 xm)
3459 720 3474 755 :
3505 704 3755 772 quoniam

2165 792 2257 861 qui
2285 792 2535 848 habuerit
2563 791 2799 847 studium
2827 792 3058 862 legendi,
3097 791 3317 847 dabitur
3340 808 3392 847 et
3418 792 3654 848 facultas
3680 795 3756 848 in-

2169 882 2462 951 telligendi.
2480 872 2495 879 ’ν
3342 893 3347 897 '

2236 971 2509 1029 VERANUS.
2545 973 2676 1040 Quae
2715 982 2845 1028 sunt
2888 973 2978 1028 illa
3027 974 3130 1028 tria
3176 973 3247 1028 de
3273 974 3467 1044 quibus
3500 972 3756 1029 Saicmou

2167 1062 2300 1118 dicit
2332 1080 2345 1116 :
2380 1058 2505 1117 Tria
2533 1073 2655 1118 sunt
2682 1081 2796 1136 quea
2828 1065 2956 1120 bene
2980 1064 3309 1137 gradiuntur,
3337 1072 3388 1118 et
3414 1073 3659 1136 quorum
3681 1068 3756 1119 in-

2168 1154 2303 1208 cedit
2331 1154 2584 1227 feliciter?

2237 1244 2517 1303 8Αιοκιυε.
2538 1246 2648 1304 Leo
2668 1248 2992 1305 fortissimus
3011 1249 3324 1315 bestiarum,
3352 1249 3445 1320 qui
3475 1248 3545 1303 ad
3571 1249 3756 1305 nullius

2167 1343 2331 1404 pavet
2365 1352 2647 1393 occursum
2682 1357 2695 1392 :
2724 1339 2898 1408 gallus
2920 1340 3225 1396 succinctus
3250 1340 3497 1395 lumbos:
3524 1348 3589 1394 et
3607 1341 3757 1409 aries,

2174 1441 2277 1482 nec
2303 1435 2387 1483 est
2428 1444 2528 1484 rex
2556 1430 2651 1501 qui
2678 1430 2896 1487 resistat
2922 1432 2991 1487 ei.
3032 1430 3141 1486 Ista
3168 1439 3292 1487 sunt
3316 1445 3438 1502 qua:
3465 1431 3617 1486 bene
3642 1445 3755 1500 gra-

2168 1518 2407 1575 diuntur.

2241 1609 2511 1668 VERANUS.
2540 1612 2712 1680 Quem
2741 1614 3007 1684 signiﬁcat
3027 1616 3131 1670 iste
3156 1614 3283 1670 leo?

2238 1699 2523 1759 SALost.
2552 1703 2704 1760 Illum
2733 1706 2801 1761 de
2828 1721 2937 1776 quo
2975 1707 3233 1777 scriptum
3264 1713 3347 1762 est
3375 1722 3389 1757 :
3428 1704 3576 1759 Vicit
3594 1705 3676 1759 (eo
3698 1706 3756 1760 de

2093 1806 2153 1870 BI
2168 1790 2303 1845 tribu
2332 1791 2497 1862 Iuda,
2527 1805 2631 1852 etc.
2663 1797 2848 1870 (Apoc.
2878 1797 2971 1869 v),
3017 1798 3301 1854 Dominum
3328 1798 3543 1854 scilicet
3583 1797 3754 1853 Iesum

2165 1880 2457 1952 Christum,
2478 1888 2570 1955 qui
2591 1886 2916 1945 fortissimus
2936 1891 3227 1946 bestiarum
3244 1890 3459 1954 dicitur,
3480 1891 3612 1959 quia
3635 1890 3757 1961 quod

2165 1969 2433 2043 inﬁrmum
2459 1985 2537 2030 est
2555 1977 2654 2033 Dei
2683 1982 2870 2052 fortius
2897 1992 2973 2036 est
3000 1981 3291 2036 hominibus
3321 1980 3377 2051 (Ι
3403 1981 3526 2036 Cor.
3559 1982 3627 2054 t).

2240 2063 2513 2124 Vesanus.
2544 2069 2699 2135 Quod
2726 2080 2810 2127 est
2836 2072 2965 2136 illud
2996 2073 3266 2127 in-lirmum
3297 2073 3392 2128 Dei
3412 2073 3441 2113 ν

2238 2153 2521 2215 Suosws.
2545 2159 2818 2218 Inﬁrmum
2849 2162 2948 2219 fuit
2982 2163 3101 2225 Dei,
3128 2177 3352 2218 carnem
3382 2171 3585 2218 nostra
3621 2179 3759 2219 mon

2169 2247 2391 2306 talitatis
2412 2242 2718 2310 assumere:
2741 2254 2835 2311 sed
2859 2256 2963 2311 lioc
2991 2253 3181 2311 fortius
3203 2262 3287 2308 est
3304 2254 3620 2309 hominibus
3640 2255 3755 2323 quia

2170 2338 2286 2410 ipse
2306 2341 2470 2399 homo
2516 2352 2675 2401 natus
2712 2361 2781 2400 ex
2800 2345 3042 2415 Virgine,
3063 2344 3333 2414 perfectus
3362 2345 3575 2399 exstitit
3601 2343 3755 2400 Deus.

2240 2429 2513 2489 VEnAb‘US.
2546 2434 2725 2503 Quare
2754 2435 2857 2491 iste
2902 2435 2989 2491 leo
3019 2435 3086 2490 ad
3125 2436 3322 2491 nullius
3366 2442 3530 2506 pavet
3576 2449 3758 2490 occur-

2169 2534 2287 2576 sum
2309 2525 2334 2578 ?

2238 2620 2519 2676 SALoxtus.
2542 2616 2676 2685 Quia
2701 2626 2967 2689 peccatum
2994 2634 3098 2674 non
3126 2620 3271 2692 fecit,
3298 2634 3392 2673 nec
3426 2626 3505 2672 est
3527 2620 3758 2672 inventus

2167 2710 2316 2767 dolus
2342 2712 2399 2764 in
2427 2726 2517 2764 ore
2536 2710 2646 2780 ejus
2680 2708 2735 2781 (Ι
2756 2709 2902 2765 Petr.
2930 2710 3014 2781 n);
3044 2708 3187 2765 unde
3215 2710 3330 2779 ipse
3350 2708 3483 2765 dicit
3509 2709 3561 2764 in
3587 2708 3753 2762 Evan-

2167 2804 2311 2874 gelio
2337 2821 2350 2855 :
2382 2800 2520 2855 Ecce
2540 2802 2677 2855 venit
2702 2803 2944 2873 princeps
2966 2802 3163 2869 numdi,
3187 2811 3235 2856 et
3264 2804 3317 2856 in
3336 2818 3419 2855 me
3441 2818 3543 2856 non
3570 2802 3759 2855 int-cuit

2167 2897 2466 2969 quidquam.

2236 2987 2507 3042 VERANUS.
2540 2984 2678 3052 Quid
2724 2981 2989 3055 signiﬁcat
3032 2985 3206 3056 gallus
3264 2986 3569 3042 succinctus
3623 2984 3755 3038 lum.

2164 3080 2301 3135 bos?

2091 3165 2138 3227 C
2244 3170 2530 3227 Summus.
2562 3168 2793 3225 Sanctus
2813 3169 3208 3240 praedicatores.

2240 3269 2512 3326 Venaxus.
2546 3268 2722 3337 Quare
2748 3269 2873 3338 galli
2904 3268 3282 3339 praedicatores
3313 3268 3597 3324 dicuntur?

2240 3360 2522 3417 SALONIUS.
2553 3360 2689 3427 Quia
2720 3359 2862 3414 inter
2900 3360 3180 3430 przesentis
3214 3360 3337 3413 vitae
3365 3358 3641 3424 tenebras,
3670 3371 3752 3411 ve-

2171 3462 2290 3504 rum
2312 3465 2493 3514 mane,
2524 3448 2628 3503 hoc
2656 3455 2737 3503 est
2756 3461 2939 3502 veram
2968 3447 3165 3516 lucem,
3195 3444 3536 3517 p'rardicando
3559 3460 3764 3499 annun-

2173 3541 2334 3608 tiant,
2354 3539 2580 3609 gloriam
2608 3537 2860 3593 videlicet
2877 3546 3092 3592 mterna:
3118 3536 3484 3591 beatitudinis.

2244 3651 2521 3707 Vesanus.
2555 3649 2735 3717 Quare
2764 3650 2851 3706 isti
2879 3650 3005 3719 galli
3043 3651 3305 3706 succincti
3334 3649 3549 3707 lumbos
3574 3649 3751 3704 dicun-

2176 3753 2265 3799 tur
2285 3746 2309 3798 ?
2617 3797 2621 3800 .

2248 3835 2530 3892 SALOSIUS.
2572 3836 2706 3903 Quia
2753 3836 2926 3892 sancti
2978 3834 3362 3905 pnudicatores
3408 3834 3462 3889 in
3512 3832 3756 3889 membris

2177 3928 2288 3983 suis
2314 3927 2578 3982 luxuriam
2607 3935 2663 3981 et
2688 3926 2960 3982 libidinem
2994 3925 3354 3995 restinguunt.

2250 4017 2522 4074 VEMNUS.
2551 4016 2690 4084 Quid
2718 4015 2983 4086 signiﬁcat
3002 4016 3164 4082 aries,
3196 4016 3282 4071 cui
3309 4030 3417 4070 non
3438 4023 3522 4071 est
3559 4029 3648 4069 rex
3670 4012 3756 4083 qui

2178 4112 2432 4168 resistat?

2246 4223 2524 4279 SALOSIUS.
2556 4221 2662 4277 Per
2699 4221 2946 4288 arietem,
2971 4221 3142 4276 sancti
3169 4219 3525 4288 designantur
3554 4216 3757 4273 confes-

2174 4329 2327 4370 sores
2353 4322 2409 4369 et
2426 4312 2757 4385 sacerdotes,
2780 4313 2871 4383 qui
2893 4311 3060 4368 veluti
3092 4310 3289 4367 arietes
3315 4324 3535 4379 gregem
3560 4323 3760 4380 prtere-

2175 4405 2328 4470 dunt,
2358 4404 2483 4474 quia
2510 4404 2769 4474 populum
2822 4402 3031 4458 lidelem
3080 4417 3181 4472 per
3206 4401 3450 4472 exempla
3500 4416 3595 4455 sua
3641 4412 3761 4466 gra-

2174 4494 2409 4550 dientem
2430 4494 2653 4549 ducunt.
2686 4492 2777 4549 Isti
2808 4493 3059 4548 nimirum
3089 4493 3290 4548 arietes
3310 4492 3378 4563 (si
3417 4491 3762 4562 spiritualiter

2180 4594 2236 4642 et
2256 4592 2403 4641 recte
2421 4585 2626 4656 vivant)
2652 4585 2829 4640 nullus
2848 4592 2933 4640 est
2959 4599 3058 4639 rex
3077 4584 3170 4653 qui
3189 4584 3270 4639 eis
3290 4584 3543 4638 resistere
3559 4582 3759 4643 valeat;

2181 4676 2306 4746 quia
2335 4675 2511 4731 nullus
2537 4685 2622 4730 est
2646 4682 2754 4729 tam
2776 4689 2950 4730 saevus
2977 4683 3319 4743 perseeutor,
3350 4672 3442 4741 qui
3469 4687 3646 4728 eorum
3676 4672 3763 4725 in-

2183 4767 2480 4823 tentionem
2510 4767 2688 4822 valeat
2711 4766 3006 4837 impedire,
3042 4766 3169 4837 quia
3192 4766 3295 4823 etsi
3319 4766 3398 4821 eis
3426 4766 3563 4820 mala
3610 4765 3760 4831 inge-

2182 4866 2390 4922 runtur,
2415 4858 2595 4914 omnia
2642 4858 2911 4928 patienter
2938 4858 3208 4913 sustinent
3234 4872 3333 4927 pro
3358 4855 3591 4912 Christo.

2248 4970 2518 5025 VBRANUS.
2548 4968 2686 5036 Quid
2715 4975 2798 5024 est
2823 4968 2952 5023 illud
2980 4975 3233 5037 quartum
3272 4966 3417 5036 quod
3465 4965 3654 5021 incedit
3682 4964 3760 5019 fe-

2176 5061 2396 5116 liciter?

2248 5152 2528 5208 Summus.
2559 5152 2653 5206 llle
2679 5150 2773 5220 qui
2805 5150 3003 5206 stultus
3038 5150 3288 5222 apparuit
3320 5156 3602 5220 postquam
3640 5162 3761 5203 cre-

2176 5248 2294 5296 ctus
2313 5249 2397 5295 est
2424 5241 2476 5295 in
2499 5240 2748 5295 sublime.

2246 5333 2523 5387 VERAKUS.
2548 5331 2679 5398 Quis
2726 5340 2808 5387 cst
2828 5332 2950 5388 ille?

2253 5446 2538 5501 Summus.
2568 5445 2934 5500 Antichristus
2953 5444 3043 5513 qui
3072 5444 3400 5500 revelabitur
3428 5445 3480 5499 in
3508 5441 3757 5505 sublime,

2182 5537 2286 5592 hoc
2313 5544 2396 5591 est
2424 5536 2476 5589 in
2498 5536 2772 5590 excelsum
2807 5554 2819 5588 :
2853 5536 2943 5604 qui
2975 5550 3097 5589 eum
3128 5534 3287 5591 fuerit
3314 5536 3477 5590 homo
3501 5532 3763 5601 amnissi-

2183 5641 2323 5693 mus,
2349 5624 2656 5694 dignabitur
2678 5641 2739 5681 se
2763 5625 2954 5681 Filium
3002 5625 3097 5681 Dei
3128 5626 3427 5691 nominare,
3459 5635 3511 5682 ct
3537 5623 3767 5680 mentie-

2184 5723 2272 5769 tur
2299 5730 2359 5770 se
2387 5730 2505 5771 esse
2537 5714 2722 5770 Deum.
