3964 6178
185 309 193 318 ’
229 337 323 392 959

1013 323 1079 378 ΙΝ
1118 315 1519 378 PARABOLAS
1557 315 1940 377 SALOMO‘NIS
1978 318 2336 379 EXPOSITIO
2374 320 2691 381 MYSTICA.

3389 328 3493 384 990

292 452 558 504 \‘t-znsxus.
583 446 836 501 Elevatus
864 444 918 499 in
938 438 1166 494 sublime
1192 432 1467 505 quomodo
1488 434 1680 487 stultus
1708 450 1799 504 ap-
1827 438 1870 497 Α
1971 435 2241 490 Υειυκυε.
2274 436 2450 503 Quare
2478 453 2605 491 mox
2649 435 2855 492 addidit
2882 454 2895 491 :
2925 437 3194 494 Proeulet'
3213 439 3276 494 de
3300 440 3495 496 ultimis

257 540 462 597 archit?

257 558 460 597 arcnnz

224 558 255 615 Ρ
288 631 565 686 δλιοκιυδ.
598 626 733 693 Quia
776 625 830 678 in
878 622 991 692 ipsa
1021 620 1255 691 elatione
1283 624 1339 672 et
1383 613 1634 686 superbia
1680 629 1800 683 sua,

224 724 395 778 subito
424 720 610 775 divino
631 716 808 786 gladio
835 728 1121 786 percussus
1150 710 1412 767 interibit.

285 812 558 866 VEBANUS.
603 806 782 874 Quare
810 804 879 860 de
908 803 1013 858 illis
1059 801 1446 872 superioribus,
1474 799 1602 855 dicit
1633 817 1646 851 :
1680 797 1806 852 Tria

223 910 331 955 sunt
357 916 472 973 qua:
501 899 626 952 bene
652 894 965 967 gradiuntur
993 892 1177 963 (Prov.
1210 892 1343 961 xxx)
1380 909 1392 942 :
1427 890 1493 945 de
1527 890 1631 944 isto
1651 904 1802 954 vero,

225 990 469 1054 Quartum
495 987 630 1060 quod
654 985 841 1039 incedit
863 983 1079 1055 feliciter
1095 983 1121 1036 2
1148 981 1328 1048 Quare
1348 981 1593 1035 similiter
1612 980 1680 1036 de
1698 978 1805 1036 isto

222 1096 321 1135 non
342 1080 512 1134 dixit:
544 1076 751 1132 incedit.
773 1075 940 1141 bene;
966 1072 1063 1129 sed
1090 1072 1237 1138 dicit,
1261 1072 1520 1144 feliciter?

288 1168 565 1223 SALONIUS.
599 1165 735 1232 Quia
782 1177 944 1218 omne
994 1162 1137 1232 quod
1183 1161 1412 1216 feliciter
1465 1161 1668 1217 incedit
1696 1176 1804 1216 non

222 1275 431 1330 semper
457 1259 596 1313 bene
624 1254 844 1318 incedit,
876 1269 1050 1313 neque
1076 1268 1238 1309 omne
1266 1253 1413 1322 quod
1438 1252 1639 1309 incedit
1664 1253 1807 1310 bene

225 1364 430 1419 semper
459 1346 708 1402 feliciter.

291 1442 556 1495 VERANUS.
592 1437 722 1505 Quae
747 1444 873 1492 sunt
898 1448 1030 1504 ergo
1072 1449 1192 1505 qua:
1221 1434 1476 1491 incedunt
1501 1434 1673 1503 bene,
1714 1442 1808 1491 aut

227 1546 339 1600 qua:
365 1530 626 1585 feliciter?

291 1622 567 1678 Summus.
596 1619 689 1674 Illa
716 1618 855 1673 bene
883 1616 1139 1672 incedunt
1165 1631 1285 1686 qua:
1314 1616 1592 1673 ambulant
1615 1622 1804 1673 sancte

229 1723 281 1770 ct
294 1715 464 1784 juste;
490 1714 578 1768 illa
604 1712 859 1768 incedunt
879 1703 1106 1789 feliciter
1124 1726 1242 1780 quze
1268 1712 1321 1766 in
1349 1710 1452 1767 hac
1470 1713 1576 1765 vita
1606 1709 1807 1765 habent

1903 526 2089 597 ﬁnibus
2119 529 2338 598 pretium
2365 530 2477 600 ejus
2505 531 2529 582 ?

1977 619 2257 675 SALONIUS.
2305 616 2376 673 Ut
2405 620 2717 677 ostenderet
2757 621 2882 691 quia
2922 637 3030 676 non
3077 636 3178 676 suo
3229 629 3493 691 tempore,

1905 710 1999 763 scd
2028 710 2184 778 longe
2212 719 2335 779 post
2382 726 2503 766 eum
2528 750 2544 775 ,
2596 727 2697 767 nec
2739 712 2929 767 similis
2960 713 3034 767 illi
3078 720 3334 769 venturus
3380 723 3497 767 erat

1906 802 2172 866 Christus,
2205 802 2254 857 id
2279 811 2363 857 est
2386 802 2547 858 homo
2576 819 2743 873 purus
2768 819 2798 857 a
2836 812 3177 874 peccatorum
3215 805 3495 865 sordilms;

1906 892 2000 947 sed
2025 893 2077 946 in
2102 892 2205 947 line
2234 894 2548 949 seculorum
2571 894 2927 951 descensurus
2948 903 3067 950 erat
3084 895 3150 950 de
3165 896 3315 950 caelis
3338 895 3494 958 ﬁlius,

1906 981 1997 1052 qui
2025 991 2181 1038 natus
2201 998 2268 1038 ex
2296 976 2537 1052 Virgine,
2561 985 2832 1055 perfectus
2872 994 3018 1041 esset
3045 986 3187 1041 Deus
3211 994 3268 1040 et
3294 987 3455 1040 homo
3481 1004 3494 1037 :

1908 1081 1965 1128 et
1990 1074 2090 1129 hoc
2118 1082 2204 1129 est
2226 1075 2369 1142 quod
2399 1075 2475 1129 ait
2495 1078 2693 1146 procul,
2728 1076 2780 1131 id
2820 1083 2904 1131 est
2928 1076 3088 1144 longe
3115 1084 3255 1146 post.
3284 1064 3498 1144 Signiﬁ—

1908 1172 1995 1219 cat
2016 1173 2197 1220 autem
2222 1175 2433 1234 tempus
2461 1165 2606 1233 quod
2634 1163 2734 1221 fuit
2752 1180 2784 1219 a
2801 1165 2990 1220 diebus
3008 1165 3313 1233 Salomonis
3329 1180 3500 1233 usque

1908 1254 1977 1309 ad
2006 1264 2216 1324 partum
2245 1255 2499 1323 Virginis.
2526 1251 2605 1310 De
2633 1257 2831 1310 ultimis
2854 1270 2981 1311 vero
3009 1253 3199 1326 ﬁnibus
3227 1255 3355 1311 dicit
3373 1255 3498 1324 quia

1907 1365 1941 1402 ιι
1968 1364 2165 1402 summa
2195 1350 2318 1404 caelo
2346 1349 2568 1418 egressio
2598 1348 2731 1418 ejus.

1984 1439 2251 1493 Vesanus.
2279 1437 2435 1505 Quod
2461 1438 2693 1508 pretium
2739 1436 2887 1492 dedit
2930 1436 3193 1493 Dominus
3242 1452 3343 1508 pro
3397 1438 3502 1492 hac

1908 1532 2133 1588 muliere
2147 1532 2170 1585 ?

1981 1622 2263 1678 SALONIUS.
2289 1621 2672 1692 Semetipsum,
2704 1622 2842 1676 sicut
2869 1621 3000 1677 dicit
3027 1619 3319 1690 Apostolus
3350 1637 3364 1672 :
3398 1616 3495 1682 Qui

1915 1715 2094 1769 dilexit
2114 1731 2227 1778 nos,
2255 1724 2302 1768 et
2324 1714 2537 1767 tradidit
2559 1714 2884 1783 semetipsum
2906 1730 3000 1781 pro
3022 1711 3169 1766 nobis
3190 1710 3498 1765 oblationem

232 1806 642 1878 prosperitatem
671 1817 843 1857 suamo
876 1800 1005 1866 [ιεον
1038 1802 1209 1869 Sanus
1237 1807 1292 1857 Cl
1319 1802 1459 1857 aries
1500 1803 1638 1856 bene
1683 1814 1807 1870 gra-
1841 1804 1884 1863 Β
1912 1815 1961 1861 et
1984 1805 2207 1860 hostiam
2231 1807 2285 1859 in
2315 1806 2524 1859 odorem
2553 1805 2820 1858 suavitatis
2852 1803 3066 1873 (Ep/tes.
3091 1802 3168 1871 v).

230 1897 462 1961 diuntur,
494 1893 591 1950 sed
619 1910 726 1948 non
751 1891 991 1957 feliciter,
1023 1892 1144 1961 quia
1170 1901 1225 1947 et
1249 1890 1494 1948 Christus
1512 1891 1608 1946 Dei
1634 1891 1811 1948 Patris

231 1990 553 2045 voluntatem
585 1988 637 2041 in
664 1986 911 2042 omnibus
931 1986 1241 2055 complevit,
1269 1986 1361 2041 sed
1388 1986 1554 2040 multa
1585 1987 1809 2043 adversa

235 2089 290 2136 ct
317 2090 541 2136 mortem
587 2066 841 2134 sustinuit
874 2098 886 2132 :
921 2080 1189 2134 'similiter
1212 2081 1383 2134 sancti
1431 2081 1814 2151 prmdicatores

236 2179 291 2227 et
308 2171 637 2225 confessores
654 2170 888 2223 divinam
909 2169 1124 2225 student
1144 2170 1437 2240 adimplere
1460 2172 1810 2241 voluntatem,

237 2261 329 2316 sed
350 2261 541 2316 multas
566 2261 616 2314 in
644 2260 742 2314 hac
768 2259 877 2313 vita
899 2260 1166 2313 sustinent
1188 2261 1617 2330 perseeutiones.
1651 2262 1810 2316 Anti-

240 2353 459 2411 christus
487 2372 609 2411 vero
632 2372 737 2411 non
764 2358 903 2412 bene
932 2356 1165 2425 incedet,
1182 2357 1307 2427 quia
1337 2357 1601 2427 superbus
1621 2366 1809 2413 contra

238 2442 329 2498 Dei
359 2446 673 2502 voluntatem
722 2448 905 2501 omnia
945 2445 1108 2503 faciet
1138 2465 1151 2501 :
1194 2447 1289 2503 sed
1320 2448 1533 2502 incedet
1560 2447 1811 2518 feliciter,

235 2535 353 2602 quia
383 2536 643 2605 (quamvis
671 2536 738 2591 ad
766 2537 929 2593 breve
959 2537 1191 2610 tempus)
1214 2538 1269 2592 in
1294 2539 1499 2606 magna‘
1513 2538 1615 2593 erit
1641 2539 1810 2608 gloria

234 2630 286 2678 et
312 2627 682 2696 prosperitate.

297 2714 562 2792 Vnnsrtus.
593 2716 723 2785 Quis
748 2727 832 2775 est
851 2719 940 2775 ille
968 2734 1065 2775 rex
1092 2718 1373 2786 Lamuhel,
1406 2720 1476 2775 de
1499 2735 1608 2790 quo
1638 2720 1804 2775 dicit:

238 2804 405 2862 Verba
432 2808 684 2866 Lamuhel
712 2813 870 2884 regis,
913 2812 1042 2868 cisio
1094 2830 1194 2886 qua
1231 2814 1450 2869 erudivit
1485 2832 1601 2869 eum
1646 2824 1811 2870 mater

230 2910 322 2950 sua
337 2900 360 2952 2

294 2990 572 3049 SALONIUS.
606 2992 885 3063 Lamuhel,
919 2995 1142 3052 Hebrtra
1166 2996 1342 3065 lingua
1371 2997 1591 3061 dicitur;
1623 2995 1811 3053 Latine

228 3080 611 3152 interpretatur
626 3080 697 3137 ἰη
722 3102 820 3156 φιο
841 3085 999 3140 Deus.
1028 3086 1147 3156 ipse
1175 3086 1423 3141 nimirum
1445 3093 1526 3142 est
1554 3084 1807 3141 Salomon

1902 1960 1909 1965 _
1990 1895 2259 1951 VERANUS.
2292 1895 2481 1949 Mulier
2532 1893 2690 1950 lortis
2733 1879 3007 1961 quomodo
3061 1891 3202 1948 facta
3241 1902 3324 1947 est
3353 1891 3503 1960 quasi

1915 1986 2071 2042 navis
2099 1985 2400 2040 institoris?
2423 1985 2503 2039 sic
2529 1984 2672 2039 enim
2702 1984 2831 2039 dicit
2881 1983 3137 2037 Salomon
3171 2000 3184 2035 :
3226 1981 3399 2035 Facta
3429 1990 3505 2034 est

1914 2079 2062 2150 quasi
2090 2079 2234 2131 navis
2256 2076 2533 2142 institoris,
2555 2075 2621 2129 de
2652 2075 2801 2145 longe
2842 2085 3057 2143 portans
3102 2089 3288 2143 panem
3333 2087 3500 2126 suum.

1988 2166 2274 2223 SALONIUS.
2328 2164 2547 2219 institor
2592 2164 2789 2218 dicitur
2835 2163 3159 2231 negotiator,
3216 2173 3504 2230 propterea

1912 2258 2055 2329 quod
2084 2272 2298 2327 semper
2317 2256 2483 2311 instat
2509 2261 2569 2309 ut
2597 2253 2842 2323 acquirat
2869 2262 2927 2307 et
2951 2253 3271 2322 multiplicet
3297 2267 3506 2307 meer

1912 2360 1969 2406 et
1995 2349 2143 2404 lucra
2188 2363 2302 2403 sua.
2353 2345 2517 2401 Navis
2545 2358 2675 2413 ergo
2727 2342 2993 2400 institoris
3036 2352 3230 2399 onusta
3277 2343 3505 2398 diversis

1913 2438 2298 2505 mercimoniis,
2327 2452 2448 2506 quin
2478 2436 2530 2490 in
2554 2451 2651 2490 sua
2673 2435 2846 2506 patria
2877 2434 3047 2503 magis
3073 2433 3379 2501 abundant,
3408 2450 3505 2504 per

1912 2548 2062 2590 mare
2086 2532 2263 2601 pergit
2290 2530 2358 2585 ad
2381 2531 2499 2586 loca
2520 2529 2824 2600 peregrina,
2845 2535 2906 2582 ut
2934 2528 3044 2583 illic
3069 2526 3300 2582 venditis
3328 2528 3505 2584 omni-

1912 2627 2014 2681 bus
2060 2625 2163 2679 illis
2206 2638 2325 2693 quae
2354 2622 2569 2687 attulit,
2612 2623 2821 2677 cariora
2869 2622 3085 2676 domum
3122 2628 3383 2691 reportet.
3413 2620 3505 2677 Sic

1910 2732 2040 2787 ergo
2065 2716 2260 2771 mulier
2289 2715 2476 2783 fortis,
2518 2714 2572 2769 id
2621 2722 2705 2769 est
2748 2720 2934 2769 sancta
2994 2711 3256 2778 Ecclesia,
3290 2728 3504 2783 semper

1910 2809 2180 2865 desiderat
2207 2808 2421 2865 onerari
2444 2808 2700 2861 virtutum
2723 2805 2940 2871 divitiis,
2966 2814 3022 2861 et
3049 2806 3323 2861 abundare
3348 2806 3505 2863 bonis

1911 2903 2163 2972 aperihus
2191 2901 2451 2969 navigans
2478 2914 2577 2970 per
2615 2914 2765 2955 mare
2790 2899 2969 2954 seculi
2996 2899 3175 2968 hujus,
3226 2906 3285 2952 ut
3308 2915 3407 2969 per
3432 2914 3496 2954 ea

1911 3000 2206 3056 mereatur,
2230 2991 2282 3046 id
2305 2998 2388 3047 est
2415 2991 2660 3059 acquirat
2697 2989 2927 3059 majora,
2957 2989 3009 3044 id
3042 2997 3124 3045 est
3164 2990 3356 3046 divina:
3380 3002 3503 3059 gra-

1911 3087 1999 3142 tite
2025 3086 2185 3141 dona.

227 3187 317 3227 rex
345 3174 539 3236 Israel,
574 3175 628 3228 in
675 3188 784 3243 quo
812 3175 911 3229 fuit
941 3176 1115 3242 Deus;
1152 3178 1276 3244 quia
1320 3177 1423 3234 nisi
1469 3177 1609 3231 Deus
1642 3177 1693 3231 in
1741 3194 1807 3233 eo
1834 3175 1879 3236 C
1982 3179 2253 3234 Vesanus.
2282 3176 2414 3242 Quis
2440 3183 2525 3231 est
2542 3174 2700 3243 hujus
2725 3176 2878 3231 navis
2897 3175 3219 3231 instructor?

226 3266 534 3328 mansisset,
556 3270 635 3318 tot
663 3270 885 3318 ettanta
914 3263 1091 3318 divina
1106 3264 1358 3337 mysteria
1384 3281 1485 3322 nec
1512 3265 1809 3336 intelligere

223 3365 319 3407 nec
343 3353 588 3408 scribere
617 3354 899 3424 potuisset.

287 3442 566 3498 Viximus.
599 3443 728 3511 Qua:
748 3442 848 3499 fuit
876 3452 1050 3500 mater
1076 3445 1192 3516 ejus
1217 3460 1336 3516 qua:
1364 3446 1593 3502 erudivit
1613 3462 1736 3503 eum
1755 3456 1813 3504 et

226 3532 409 3589 docuit
431 3535 737 3589 visionem?

296 3626 582 3683 SALONIUS.
614 3625 920 3682 Secundum
950 3628 1182 3683 litteram
1229 3636 1407 3698 potest
1434 3629 1657 3699 intelligi
1694 3647 1813 3687 car-

227 3718 364 3772 nalis
394 3717 514 3788 ejus
541 3724 715 3772 mater
744 3718 1013 3774 Bersabea
1040 3716 1222 3787 regina
1242 3760 1257 3785 ,
1286 3735 1405 3791 quae
1433 3717 1723 3791 prudenter
1752 3722 1815 3776 il-

228 3808 337 3863 lum
365 3809 591 3875 docuit;
623 3809 716 3863 sed
746 3819 920 3865 mater
948 3810 1002 3864 in
1047 3810 1152 3866 hoc
1179 3810 1301 3865 loco
1338 3811 1484 3865 nulla
1512 3811 1705 3867 melius
1735 3812 1815 3866 in-

230 3900 491 3969 telligitur
508 3916 667 3971 quam
698 3898 987 3971 spiritualis
1015 3906 1073 3957 et
1093 3901 1271 3974 divina
1301 3904 1491 3970 gratia,
1523 3920 1642 3973 qua:
1667 3904 1814 3958 illum

230 3989 284 4044 in
331 3991 500 4046 corde
528 3989 869 4047 invisibiliter
895 3990 1142 4057 erudivit,
1176 3998 1233 4047 et
1256 3992 1439 4047 docuit
1485 3993 1816 4048 intellectum

229 4083 512 4152 sapientiae
533 4124 548 4148 ,
580 4098 739 4153 quam
776 4084 890 4153 ipse
928 4080 1059 4137 foris
1094 4081 1402 4138 hominibus
1431 4090 1485 4137 et
1512 4082 1819 4153 praedicavit

229 4176 287 4225 et
313 4173 552 4244 scripsit.

303 4262 576 4319 Vesanus.
607 4262 734 4330 Quae
763 4272 847 4318 est
873 4263 1065 4318 mulier
1093 4261 1183 4317 illa
1231 4261 1385 4319 fortis
1414 4264 1483 4320 de
1508 4279 1613 4334 qua
1642 4263 1772 4320 dicit
1804 4282 1817 4317 :

232 4350 509 4407 Mulierem
535 4355 715 4424 fortem
743 4355 855 4424 quis
883 4354 1137 4408 inveniet?
1162 4356 1344 4424 procul
1364 4364 1413 4408 et
1441 4356 1504 4409 de
1536 4356 1730 4410 ultimis
1756 4358 1824 4428 ﬁ-

232 4443 385 4497 nibus
408 4445 629 4513 pretium
650 4444 759 4514 ejus
776 4447 801 4498 2

1982 3267 2263 3324 SALONIUS.
2288 3264 2545 3320 Dominus
2558 3262 2715 3318 Jesus
2734 3263 2981 3318 Christus
3000 3265 3092 3332 qui
3108 3263 3255 3319 dedit
3274 3263 3502 3333 pretium

1911 3361 2185 3431 sanguinis
2235 3359 2337 3420 sui,
2389 3364 2445 3412 et
2492 3354 2723 3411 redemit
2769 3353 3091 3410 Ecclesiam.
3146 3354 3341 3411 Sancta
3373 3371 3504 3425 ergo

1908 3454 2144 3513 Ecclesia
2173 3452 2239 3508 ad
2275 3449 2582 3521 exemplum
2628 3447 3002 3511 instructoris,
3027 3447 3133 3502 hoc
3155 3454 3256 3509 est.
3292 3448 3502 3503 Domini

1912 3561 1978 3602 ac
2006 3541 2383 3614 Redemptoris
2407 3542 2512 3607 sui,
2530 3555 2756 3610 semper
2780 3540 2883 3595 sibi
2903 3539 3264 3610 multiplicare
3293 3540 3503 3597 laborat

1912 3637 2169 3692 virtutum
2197 3642 2360 3703 atque
2379 3632 2644 3688 bonorum
2667 3645 2893 3701 operum
2916 3630 3085 3694 lucra,
3108 3639 3168 3685 ut
3194 3645 3292 3700 per
3314 3646 3377 3684 ea
3398 3646 3505 3687 me-

1914 3733 2095 3781 reatur
2115 3725 2321 3794 majora
2349 3722 2653 3792 acquirere,
2698 3719 2750 3775 id
2780 3728 2883 3788 est,
2913 3728 3130 3775 interna:
3160 3720 3507 3777 beatitudinis

1914 3815 2132 3887 prsentia
2154 3832 2166 3868 :
2196 3814 2368 3869 ethoc
2389 3821 2472 3869 est
2496 3811 2641 3882 quod
2671 3811 2749 3866 ait
2772 3829 2784 3864 :
2809 3809 2890 3866 De
2908 3811 3063 3883 longe
3081 3820 3296 3882 portans
3317 3828 3502 3882 panem

1916 3922 2103 3971 suum;
2140 3905 2268 3974 quia
2302 3904 2356 3959 in
2388 3905 2637 3959 omnibus
2661 3904 2818 3960 bouis
2849 3918 2969 3974 qua:
2999 3902 3368 3975 temporaliter
3395 3904 3506 3971 agit

1917 3997 2087 4052 solam
2131 4003 2337 4050 tantum
2383 3995 2495 4050 vini
2542 3995 2802 4065 panisque
2848 3994 3153 4048 satietatem
3203 3992 3505 4059 desiderat,

1919 4087 2042 4157 quia
2070 4093 2325 4140 aeternam
2356 4083 2695 4141 solummodo
2724 4083 3140 4138 retributionem
3169 4090 3469 4152 exspectat.

1992 4177 2260 4231 Venasus.
2282 4174 2421 4242 Quid
2450 4181 2536 4230 est
2554 4174 2764 4229 dicere:
2794 4172 3079 4229 Sindonem
3106 4174 3226 4245 [erit
3250 4183 3300 4226 et
3327 4174 3508 4227 vendi-

1922 4270 2021 4335 dit,
2038 4278 2086 4322 et
2105 4268 2365 4340 cingulum
2395 4266 2609 4321 tradidit
2629 4264 2929 4321 Chananato
2947 4264 3126 4337 (Prov.
3162 4267 3352 4332 xxxr)?

1995 4361 2275 4416 Summus.
2301 4359 2591 4416 Sindonem
2616 4357 2741 4413 fecit
2762 4356 2999 4412 Ecclesia
3024 4365 3081 4412 et
3105 4358 3361 4422 vendidit,
3387 4357 3509 4427 quia

1927 4451 2084 4507 ﬁdem
2130 4465 2290 4521 quam
2319 4448 2589 4505 credendo
2617 4455 2884 4510 texuerat,
2931 4448 3202 4518 loquendo
3248 4447 3424 4513 dedit;
3452 4462 3511 4503 ac

303 4535 589 4591 Sacomus.
623 4536 814 4591 Mulier
841 4536 994 4591 fortis
1016 4536 1321 4607 appellatur
1358 4516 1542 4594 sancta
1586 4538 1825 4596 Ecclesia
1852 4548 1906 4609 1)
1930 4543 1998 4598 ab
2042 4516 2348 4597 inﬁdelibus
2378 4540 2536 4596 ﬁdem
2587 4548 2751 4595 recta:
2797 4516 3223 4595 conversationis
3269 4540 3512 4610 accepit:

241 4629 544 4692 catholica;
576 4643 696 4698 quae
739 4628 861 4683 ideo
882 4628 1075 4684 mulier
1098 4629 1320 4694 dicitur,
1350 4631 1474 4699 quia
1504 4631 1617 4687 Deo
1663 4633 1824 4704 spiri-

234 4720 411 4774 tualcs
440 4726 667 4788 generat
694 4720 832 4775 ﬁlios
859 4736 927 4776 ex
947 4737 1083 4791 aqua
1112 4730 1168 4776 et
1190 4721 1395 4793 Spiritu
1415 4733 1623 4779 sancto.
1647 4723 1826 4783 Fortis

234 4808 357 4864 ideo
381 4809 601 4874 dicitur,
634 4811 755 4879 quia
800 4822 989 4866 cuncta
1015 4811 1192 4867 saeculi
1221 4813 1377 4884 hujus
1404 4814 1628 4871 adversa
1666 4817 1824 4873 simul

233 4907 288 4953 et
315 4916 600 4971 prospera,
633 4911 855 4973 propter
881 4901 1041 4957 ﬁdem
1063 4911 1120 4958 et
1146 4920 1387 4961 amorem
1408 4907 1492 4963 sui
1516 4906 1825 4966 Conditoris

233 5005 298 5046 ac
327 4992 710 5063 Redemptoris
737 4993 1035 5048 contemnit
1061 5002 1117 5049 et
1137 4994 1382 5065 despicit.

306 5082 581 5138 Vesanus.
617 5082 795 5150 Quare
823 5082 958 5137 dixit
1003 5082 1296 5141 Salomon:
1336 5086 1612 5143 Mulierem
1641 5090 1827 5161 fortem

234 5173 347 5240 quis
370 5174 638 5226 inveniet?

307 5261 592 5319 Summus.
650 5263 785 5332 Quia
829 5278 928 5334 per
978 5262 1233 5335 Spiritum
1290 5277 1533 5324 sanctum
1581 5273 1834 5340 cognovit

236 5355 515 5422 quomodo
537 5356 714 5413 nullus
741 5361 1146 5431 prophetarum,
1180 5360 1359 5417 nullus
1384 5361 1606 5417 omnino
1635 5363 1831 5419 electo-

238 5460 358 5499 rum
386 5446 659 5503 sul‘ﬁceret
678 5450 745 5504 ad
772 5452 1197 5524 redemptionem
1227 5452 1443 5508 humani
1466 5452 1699 5520 generis,
1726 5454 1826 5509 nisi

242 5537 394 5593 solus
420 5539 687 5596 mediator
708 5542 797 5598 Dei
819 5551 875 5599 et
891 5543 1167 5601 hominum
1196 5544 1359 5599 homo
1379 5544 1622 5600 Christus
1649 5543 1822 5610 Iesus,

239 5627 476 5699 ideoque
503 5631 578 5686 ait
609 5650 621 5685 :
655 5631 924 5691 Mulierem
952 5639 1136 5709 fortem
1175 5636 1288 5708 quis
1332 5636 1581 5691 inreniet.
1625 5635 1823 5691 subau-

240 5718 387 5777 ditur
417 5722 519 5778 nisi
547 5722 799 5781 Christus.

1929 4648 2099 4703 quare
2118 4640 2174 4687 et
2194 4632 2500 4688 Chanantco
2530 4631 2800 4700 cingulum
2825 4631 3061 4697 tradidit,
3093 4631 3217 4700 quia
3237 4646 3336 4701 per
3363 4631 3515 4699 vigo-

1928 4739 2045 4779 rem
2082 4723 2468 4779 demonsuatae
2513 4720 2755 4790 justitite,
2799 4717 2942 4774 ﬂuxa
2997 4735 3161 4790 opera
3207 4720 3516 4790 gentilitatis

1927 4815 2203 4882 astrinxit,
2250 4814 2392 4870 unde
2433 4813 2542 4869 hoc
2588 4812 2734 4882 quod
2785 4812 3096 4883 percipitur,
3154 4812 3384 4868 vivendo
3442 4820 3520 4868 te-

1927 4926 2028 4966 nea
2036 4918 2141 4966 tur.

2004 5001 2272 5056 VERANUS.
2309 4999 2448 5067 Quid
2490 5006 2576 5055 est
2599 4998 2744 5068 quod
2787 4998 2902 5052 ait:
2947 4996 3308 5066 Stragulatam
3336 5006 3517 5052 restem

1930 5093 2053 5164 fecit
2081 5091 2200 5156 sibi,
2237 5090 2420 5163 byssus
2469 5099 2519 5144 et
2546 5105 2781 5161 purpura
2825 5087 3178 5142 indumentum
3205 5088 3353 5159 ejus?
3393 5087 3518 5153 Quae

1931 5192 2017 5240 est
2039 5183 2334 5251 stragulata
2354 5183 2559 5238 vestis?

2006 5274 2287 5331 SALONIUS.
2314 5273 2620 5346 Stragulata
2643 5274 2808 5329 vestis
2829 5281 2914 5331 est
2938 5289 3058 5345 qum
3080 5273 3281 5328 variata
3308 5279 3518 5329 textura

1936 5365 2237 5421 ﬁrmissima
2271 5365 2384 5421 ﬁeri
2414 5365 2571 5421 solet.

2005 5455 2279 5512 Vensnus.
2322 5454 2462 5523 Quid
2492 5440 2623 5525 ergo
2668 5456 3003 5526 signiﬁcatur
3037 5468 3135 5525 per
3173 5452 3521 5521 stragulatam

1933 5557 2136 5605 vestem
2160 5549 2183 5602 ?

2003 5638 2284 5695 SALONIUS.
2317 5639 2499 5695 Fortia
2524 5656 2689 5711 opera
2718 5647 2916 5695 sancta:
2942 5637 3216 5705 Ecclesite,
3241 5646 3296 5693 et
3314 5636 3521 5712 diversa

1932 5729 2183 5786 virtutum
2206 5740 2523 5788 ornamenta
2543 5731 2610 5787 dc
2637 5730 2831 5799 quibus
2854 5728 3117 5798 propheta
3146 5728 3276 5785 dicit
3300 5747 3313 5782 :
3347 5726 3519 5783 Astitit
