3964 6178
527 373 626 433 995

1794 356 2059 411 SALONll
2100 352 2494 410 VIENNENSIS

3683 340 3798 397 996

590 486 870 544 Sstoutus.
901 481 1040 537 Vere
1062 479 1217 550 juxta
1260 474 1473 531 Domini
1519 470 1873 533 sententiam,
1906 470 2102 524 Ca-tum
2134 475 2180 533 Α
2206 479 2264 525 et
2284 481 2448 537 opere
2469 466 2612 535 quod
2635 462 2854 527 iaciunt,
2880 462 2947 518 ad
2969 463 3180 518 laudem
3203 461 3284 516 sui
3309 455 3581 515 Creatoris
3604 471 3798 511 recur-

519 588 569 634 ‘et
600 588 739 633 terra
766 575 1054 631 transibunt
1080 587 1179 643 per
1215 566 1666 632 meliorationem,
1709 562 1825 618 sed’
1848 577 1954 617 non
2000 576 2098 631 per

521 672 876 732 ablutionem;
908 666 1030 735 quia
1052 665 1174 732 igne
1197 660 1385 731 judicii
1412 664 1637 729 purgata
1655 653 2099 716 meliorabuntur,

522 761 774 831 quoniam
801 748 1337 817 renovabuntur,'sed
1364 748 1576 819 penitus
1603 760 1712 799 non
1736 744 2099 798 destruentur.

524 853 752 905 Tantum
780 848 979 917 quippe
999 843 1208 898 ardebit
1237 841 1434 896 coelum
1459 851 1673 892 sursum
1696 842 1751 889 et
1776 842 1918 888 terra
1946 832 2106 905 deor-

523 959 665 1008 sum,
696 947 952 1010 quantum
991 934 1192 990 malitia
1222 931 1503 986 hominum
1524 926 1684 983 simul
1713 934 1770 980 et
1796 924 2105 979 daemonum

526 1030 860 1101 coinquinari
883 1028 1077 1098 potuit.
1096 1024 1237 1091 Ergo
1256 1022 1407 1090 juxta
1429 1017 1752 1075 sententiam
1778 1012 2104 1076 Salomonis,

528 1133 666 1177 terra
693 1123 747 1172 in
778 1128 1023 1173 wternum
1044 1114 1197 1169 stabit
1229 1110 1425 1183 (Eccle.
1448 1112 1519 1177 ι),
1551 1106 1805 1176 quoniam
1834 1117 2105 1172 nunquam

528 1217 862 1275 destruetur;
884 1217 1256 1263 verumtamen
1278 1200 1623 1257 renovabitur
1642 1208 1695 1251 et
1715 1193 2103 1251 meliorabitur.

598 1305 869 1358 VERANUS.
900 1299 1037 1366 Quid
1081 1295 1385 1364 signiﬁcare
1429 1290 1601 1345 voluit
1644 1287 1896 1343 Salomon
1921 1324 1935 1347 ,
1984 1299 2107 1339 cum

528 1400 605 1452 ait
628 1416 640 1449 :
671 1395 853 1462 Oritur
870 1392 948 1446 sol
975 1399 1025 1443 et
1052 1389 1258 1449 occidit,
1290 1395 1339 1438 et
1367 1384 1433 1436 ad
1454 1382 1621 1436 locum
1648 1396 1795 1434 suum
1818 1377 2104 1439 rerertitur,

525 1488 697 1558 ibique
738 1458 1008 1538 renascens
1046 1486 1203 1550 gyrat
1248 1492 1339 1545 per
1384 1472 1677 1533 meridiem,
1707 1458 1756 1523 et
1784 1468 2005 1534 ﬂectimr
2041 1465 2109 1518 ad

532 1553 820 1648 aquilonem
846 1570 1070 1643 (Ibid)?
1099 1566 1229 1633 Quis
1272 1563 1415 1619 enim
1447 1560 1617 1615 nescit
1645 1557 1790 1628 quod
1831 1556 2002 1610 oritur
2030 1553 2111 1609 sol

534 1677 588 1723 et
616 1664 812 1721 occidit
829 1642 922 1728 ,et
947 1675 1044 1730 per
1070 1655 1369 1724 incognitas
1394 1651 1549 1707 nobis
1576 1650 1687 1703 vias
1716 1644 2017 1714 regreditur
2042 1642 2111 1696 ad

534 1757 712 1813 locum
736 1770 891 1809 suum
923 1751 1062 1806 unde
1090 1756 1239 1803 ortus
1261 1752 1362 1808 est,
1396 1752 1455 1796 ut
1485 1742 1675 1795 iterum
1698 1734 1944 1792 oriatur?

2201 568 2346 620 runt,
2378 566 2437 612 ut
2468 557 2692 611 Domino
2722 555 2931 609 auctori
2960 569 3058 608 suo
3087 553 3269 608 laudes
3310 560 3369 605 et
3413 548 3616 617 gratias
3642 545 3795 603 reie-

2200 655 2353 709 rant,
2383 662 2478 717 per
2502 660 2659 715 quem
2678 686 2693 711 ,
2720 653 2780 699 ut
2822 644 2945 698 talia
2994 643 3265 707 facerent,
3295 651 3351 696 et
3395 654 3559 695 omne
3584 640 3799 692 bonum

2201 750 2357 789 suum
2400 742 2743 803 acceperunt.
2789 731 3017 803 Semper
3060 732 3260 785 etenim
3307 730 3371 784 ad
3418 730 3627 783 fontem
3677 728 3801 782 veri

2205 827 2418 881 luminis
2449 834 2792 880 revertuntur
2819 840 2887 878 ne
2911 825 3049 880 forte
3068 830 3317 877 arescant
3344 830 3397 876 et
3424 821 3796 881 exsiccertur,

2202 926 2263 972 ut
2289 934 2359 972 ex
2384 933 2450 973 eo
2478 932 2670 988 aquam
2720 917 2958 971 scientizr.
3004 923 3061 970 et
3096 915 3323 983 gratiam
3353 920 3611 966 Virtutum
3654 912 3802 965 acci-

2206 1010 2373 1080 piant,
2407 1017 2466 1063 ut
2506 1009 2699 1063 iterum
2746 1006 2933 1072 ﬂuant,
2982 1006 3085 1061 hoc
3132 1014 3241 1072 est,
3291 1013 3433 1059 utet
3472 1004 3803 1072 semetipsos

2206 1099 2363 1153 bonis
2393 1097 2646 1168 operibus
2673 1096 2915 1166 repleant
2932 1138 2947 1164 ,
2978 1104 3034 1150 et
3061 1096 3288 1149 aliorum
3316 1093 3566 1149 cordibus
3594 1092 3800 1146 ﬂuenta

2207 1189 2467 1244 doctrina:
2505 1187 2800 1257 spiritualis
2842 1184 3141 1240 infundant.
3183 1185 3380 1238 Omnes
3408 1184 3569 1238 etiam
3608 1183 3804 1236 ﬁdeles

2208 1280 2425 1336 ﬂumina
2462 1289 2609 1348 sunt,
2636 1288 2692 1334 et
2712 1280 2830 1334 haec
2856 1277 3075 1333 ﬂumina
3105 1278 3171 1331 ad
3200 1277 3377 1331 locum
3400 1275 3541 1329 unde
3570 1284 3801 1339 exeunt,

2171 1366 2179 1372 ’
2209 1377 2571 1437 revertuntur,
2586 1369 2839 1438 quoniam
2861 1382 2958 1438 per
2976 1374 3160 1422 sancta
3181 1365 3446 1420 desideria
3466 1364 3534 1418 ad
3554 1378 3802 1418 amorem

2210 1462 2293 1516 sui
2321 1460 2632 1516 Conditoris
2669 1460 2922 1523 redeunt,
2965 1466 3021 1514 et
3048 1457 3118 1513 de
3159 1458 3405 1512 omnibus
3430 1456 3585 1510 bonis
3609 1453 3801 1509 laudes

2211 1562 2266 1610 et
2287 1554 2485 1622 gratias
2508 1553 2582 1607 illi
2606 1552 2847 1607 referunt
2873 1566 2903 1605 a
2929 1565 3039 1620 quo
3066 1565 3133 1605 ea
3161 1555 3537 1620 perceperunt.

2288 1646 2557 1700 Venimus.
2590 1644 2769 1711 Quare
2797 1642 2937 1697 dedit
2965 1641 3217 1697 Salomon
3240 1657 3331 1695 cor
3358 1655 3527 1703 suum,
3558 1637 3666 1692 hoc
3690 1646 3799 1705 ω,

2212 1737 2443 1793 sollicito
2474 1736 2640 1793 corde
2667 1734 2888 1801 studuit,
2919 1736 3051 1792 scire
3079 1731 3402 1804 prudentiam
3424 1738 3575 1801 atque
3598 1728 3807 1782 doctri-

606 1847 887 1901 SALONIUS.
926 1841 1040 1893 lloc
1069 1838 1189 1892 ideo
1216 1835 1470 1889 Salomon
1500 1829 1659 1896 dicit,
1696 1835 1754 1881 ut
1779 1822 2107 1886 ostenderet,
2140 1832 2188 1893 Β
2215 1845 2357 1895 nam,
2381 1843 2681 1897 erroresque
2698 1835 2748 1879 et
2768 1825 3041 1881 stultitiam
3058 1821 3252 1893 (Eccle.
3272 1820 3346 1891 i)?
3369 1820 3578 1875 Bonum
3596 1819 3809 1887 quippe

538 1940 661 2007 quia
690 1935 773 1989 sol
803 1935 915 2001 ipse
942 1930 1032 1998 qui
1055 1925 1362 1981 hominibus
1399 1922 1452 1975 in
1481 1921 1658 1974 lucem
1687 1916 1792 1971 diei
1821 1915 1977 1969 datus
2004 1919 2106 1976 est,

538 2001 633 2081 sua
663 2022 1048 2082 mutabilitate,
1075 2016 1131 2070 id
1155 2022 1238 2069 est
1260 2020 1381 2068 ortu
1404 2025 1504 2065 suo
1533 2017 1588 2064 et
1615 2021 1809 2062 occasu
1829 2047 1844 2073 ,
1872 2001 2113 2073 quotidie

537 2117 696 2186 hujus
718 2113 896 2170 saeculi
925 2100 1254 2165 monstraret
1279 2103 1572 2157 interitum.
1626 2096 1730 2152 Per
1756 2096 1855 2150 has
1880 2106 2112 2160 namque

539 2206 864 2264 mutationes
883 2210 1205 2269 temporum,
1230 2203 1285 2250 et
1304 2208 1403 2264 per
1426 2199 1603 2247 ortum
1624 2186 1859 2243 siderum
1881 2193 1936 2240 et
1955 2198 2114 2239 occa-

537 2314 685 2360 sum,
740 2294 901 2348 docet
923 2277 1183 2345 Salomon
1201 2327 1217 2354 ,
1265 2283 1411 2354 quod
1443 2282 1679 2336 humana
1709 2287 1841 2332 aetas
1869 2271 2114 2345 quotidie

539 2392 710 2445 oritur
739 2396 794 2441 et
816 2384 1032 2441 occidit.

609 2482 880 2535 VERANUS.
917 2473 1053 2542 Quid
1079 2471 1161 2528 sol
1192 2470 1247 2524 in
1276 2469 1382 2524 hoc
1410 2466 1529 2521 loco
1567 2460 1915 2533 spiritualitcr
1950 2455 2115 2525 signi.

540 2573 663 2627 licat
686 2574 708 2625 Ὺ

608 2661 888 2717 SALONIUS.
932 2656 1086 2710 Illum
1111 2665 1297 2707 verum
1327 2647 1499 2703 solem
1516 2685 1531 2709 ,
1556 2642 1843 2698 Dominum
1868 2637 2118 2693 videlicet

538 2753 722 2809 Jesum
750 2748 1053 2810 Christum,
1104 2742 1196 2811 qui
1238 2747 1323 2795 est
1355 2738 1437 2793 sol
1461 2735 1712 2805 justitiaa,
1764 2729 1832 2786 de
1858 2743 1966 2800 quo
1988 2726 2119 2782 dicit

538 2843 836 2914 propheta:
877 2836 1032 2892 Vobis
1071 2834 1156 2905 qui
1204 2829 1391 2883 timetis
1418 2825 1612 2885 Deum.
1657 2824 1848 2878 orietur
1867 2819 2118 2889 soljusti-

541 2911 800 3004 iiat(Mal.
825 2930 920 2998 tv).
964 2927 1068 2980 Iste
1091 2923 1172 2978 sol
1196 2918 1421 2990 justitia:
1447 2916 1688 2986 quotidie
1724 2914 1895 2982 oritur
1924 2911 2118 2965 timen-

542 2998 683 3078 tibus
700 3035 782 3086 se,
812 3017 866 3071 id
887 3026 972 3070 est
1002 3011 1246 3067 lidelibus
1274 3007 1402 3071 suis,
1434 3006 1634 3060 sanctis
1662 3002 1913 3058 videlicet
1940 3006 1996 3054 et
2015 2998 2119 3067 piis

543 3112 864 3168 hominibus.
904 3104 1109 3160 Occidit
1133 3104 1295 3158 etiam
1325 3098 1550 3156 meridie
1568 3137 1583 3161 ,
1608 3088 2114 3165 pseudOprOphetis,

2211 1928 2297 1974 est
2325 1919 2464 1973 scire
2492 1915 2843 1987 prudentiam
2889 1922 3052 1983 atque
3093 1912 3423 1979 doctrinam,
3454 1909 3584 1979 quid
3613 1916 3808 1963 autem

2210 2010 2338 2064 boni
2368 2016 2450 2063 est
2477 2009 2616 2063 scire
2644 2021 2857 2061 errores
2885 2014 3047 2074 atque
3073 2003 3387 2059 stultitiam?

2287 2100 2569 2156 SALOXIUS.
2600 2098 2751 2155 Sicut
2768 2098 2968 2153 bonum
2993 2104 3078 2152 est
3097 2096 3234 2151 scire
3254 2093 3592 2165 prudentiam
3617 2101 3682 2149 et
3708 2094 3808 2151 do-

2211 2191 2463 2260 ctrinam,
2488 2191 2562 2245 ita
2591 2205 2718 2246 vere
2743 2190 2941 2245 bonum
2970 2197 3072 2255 est,
3102 2202 3316 2243 errores
3342 2187 3481 2244 scire
3524 2195 3581 2240 et
3618 2188 3807 2245 stulti~

2214 2284 2363 2350 tiam,
2406 2282 2658 2352 quoniam
2686 2281 2859 2351 prima
2899 2279 3162 2349 sapientia
3191 2286 3274 2332 est
3299 2291 3485 2331 carere
3530 2276 3805 2331 stultitia:

2213 2387 2399 2428 carere
2418 2386 2546 2427 vero
2571 2371 2793 2425 stultitia
2821 2381 2980 2427 nemo
3007 2374 3202 2441 potest,
3227 2366 3326 2425 nisi
3352 2366 3444 2436 qui
3469 2366 3810 2421 intellexerit

2217 2484 2364 2524 eam.
2393 2466 2653 2522 Similiter
2682 2481 2842 2520 nemo
2868 2477 3080 2521 errores
3124 2462 3296 2521 vitare
3331 2467 3531 2531 potest,
3581 2458 3688 2513 nisi
3704 2441 3811 2528 ﬁni

2215 2572 2310 2612 eos
2352 2556 2635 2624 intelligit:
2662 2562 2948 2627 propterea
2994 2552 3047 2609 in
3089 2550 3251 2605 rebus
3300 2548 3528 2607 terrenis
3565 2549 3805 2618 plurima

2216 2656 2341 2703 sunt
2369 2648 2528 2703 noxia
2559 2654 2769 2713 creata,
2802 2653 2861 2701 ut
2890 2643 3016 2699 dum
3044 2658 3109 2698 ea
3133 2643 3365 2697 vitamus
3392 2639 3709 2699 erudiamur
3740 2642 3809 2697 ad

2218 2740 2558 2810 sapientiam.

2287 2831 2558 2886 Venimus.
2606 2828 2783 2896 Quare
2837 2826 2936 2882 fuit
2985 2824 3192 2895 aequale
3244 2822 3480 2879 studium
3525 2822 3807 2879 Salomoui

2217 2921 2356 2977 scire
2381 2920 2721 2990 prudentiam
2742 2925 2796 2973 et
2816 2916 3137 2979 doctrinam,
3155 2920 3211 2969 et
3236 2911 3560 2975 econtrario,
3586 2925 3810 2968 errores

2218 3025 2273 3072 et
2299 3015 2575 3071 stultitiam
2590 3016 2615 3067 ?
3718 3072 3723 3075 τ

2290 3104 2567 3159 Summus.
2605 3101 2672 3157 Ut
2691 3101 2816 3156 dum
2841 3106 3117 3171 appeteret
3141 3098 3267 3163 alia,
3289 3105 3345 3153 et
3365 3096 3468 3150 alia
3489 3095 3806 3162 declinaret,

543 3204 596 3259 id
618 3209 702 3256 est
727 3196 993 3253 hmreticis
1020 3202 1076 3248 et
1099 3194 1253 3247 malis
1273 3188 1571 3252 catholicis,
1602 3185 1725 3254 quia
1753 3191 1976 3253 propter
1995 3195 2116 3251 pec-

2232 3195 2277 3250 id
2307 3205 2392 3250 est
2427 3192 2856 3264 apprehenderct
2882 3192 3022 3247 bona
3042 3227 3058 3255 ,
3087 3197 3144 3245 et
3172 3188 3438 3243 devitaret
3474 3187 3639 3251 mala,
3679 3202 3806 3241 vera

542 3300 663 3349 cata
691 3305 817 3355 sua,
856 3288 1034 3341 lumen
1075 3283 1260 3352 gratia:
1314 3279 1480 3351 ipsius
1518 3275 1785 3331 amittunt.
1832 3270 2039 3327 Occidit
2066 3277 2121 3323 et

545 3384 873 3447 inﬁdelibus,
902 3381 1026 3449 quia
1055 3378 1174 3432 luce
1202 3374 1326 3430 ﬂdei
1352 3388 1461 3427 non
1481 3374 1756 3425 merentur
1785 3361 2056 3419 illustrari.

613 3479 884 3534 Venimus.
906 3470 1044 3539 Quid
1059 3476 1145 3525 est
1163 3465 1307 3538 quod
1326 3465 1432 3519 ait:
1454 3460 1647 3516 Omnia
1670 3457 1888 3528 [Iuntina
1911 3461 2122 3508 currunt

543 3574 597 3628 in
620 3585 784 3634 mare,
812 3575 859 3622 et
882 3580 1026 3619 mare
1044 3579 1147 3616 non
1167 3557 1457 3620 redundat;
1484 3553 1552 3607 ad
1574 3552 1736 3607 locum
1757 3548 1892 3602 unde
1911 3553 2120 3611 exeunt,

545 3667 864 3718 revertuntur
901 3666 958 3708 ut
999 3655 1185 3708 iterum
1228 3650 1394 3719 ﬂuant
1437 3643 1633 3717 (Eccle.
1663 3640 1753 3708 i)?
1802 3636 1933 3704 Quis
1978 3634 2123 3690 enim

545 3752 726 3815 novit,
771 3746 914 3818 quod
943 3743 1010 3798 ad
1036 3742 1214 3798 locum
1239 3752 1395 3793 suum
1421 3733 1640 3789 ﬂumina
1668 3733 2039 3788 revertuntur,
2064 3731 2126 3778 ut

546 3846 742 3901 iterum
769 3837 972 3893 ﬂuant?

530 3982 537 3988 .
617 3932 898 3988 Summus.
932 3924 1091 3980 Novit
1114 3920 1469 3977 Ecclesiastes
1490 3915 1599 3980 ille,
1621 3911 1828 3968 scilicet
1846 3908 2121 3971 Salomon,

547 4041 647 4098 per
666 4023 894 4092 gratiam
938 4016 1110 4072 sancti
1138 4013 1388 4083 Spiritus.
1439 4008 1544 4063 Sed
1576 4008 1678 4061 iste
1711 3997 2125 4058 noster‘Eccle-

549 4095 757 4179 siastes,
779 4105 1193 4167 videlicetJesus
1213 4102 1477 4162 Christus,
1494 4097 1583 4167 qui
1601 4103 1686 4150 est
1707 4095 1938 4163 ipsarum
1961 4103 2127 4158 aqua-

552 4223 670 4264 rum
699 4203 975 4267 conditor,
1006 4214 1103 4269 per
1131 4194 1430 4267 potentiam
1458 4188 1754 4245 divinitatis
1775 4200 1881 4255 qua
1907 4180 2127 4251 aequalis

553 4306 638 4354 est
665 4297 775 4351 Deo
797 4292 968 4355 Patri,
1009 4287 1318 4360 plenissime
1342 4282 1522 4344 novit,
1560 4294 1680 4349 qua:
1720 4275 1936 4330 ﬂumina
1980 4269 2127 4343 (quia

554 4392 608 4445 in
637 4402 783 4444 mare
810 4382 1052 4451 currunt)
1082 4382 1135 4434 in
1165 4379 1413 4448 abyssum
1440 4370 1708 4450 deﬂuunt,
1738 4376 1793 4422 et
1821 4382 1916 4437 per
1942 4362 2126 4419 occul-

555 4491 640 4537 tas
664 4495 827 4535 venas
855 4477 920 4530 ad
950 4473 1127 4542 capita
1158 4469 1385 4524 fontium
1417 4448 1794 4524 revertuntur,
1832 4466 1889 4513 et
1916 4457 1982 4512 de
2011 4468 2126 4508 ma-

558 4584 638 4627 tre
666 4550 857 4640 abysso
886 4567 1078 4620 iterum
1104 4558 1329 4615 ebullire
1358 4553 1639 4624 incipiunt.

628 4636 896 4715 Vsa‘suus.
931 4649 1296 4724 Spiritualitcr
1334 4654 1515 4701 autem
1542 4641 1667 4712 quid
1689 4639 1988 4708 signiticant
2016 4636 2129 4690 haec

556 4750 809 4806 ﬂumina?

629 4841 910 4896 SALONIUS.
943 4836 1044 4891 Per
1064 4835 1178 4889 haec
1199 4828 1416 4884 ﬂumina
1437 4826 1784 4894 designantur
1805 4820 1975 4876 sancti
1997 4833 2133 4892 prte-

560 4936 844 4997 dicatores,
874 4932 988 5001 qui,
1017 4944 1141 4985 cum
1182 4923 1469 4981 virtutibus
1505 4920 1738 4975 emicant
1783 4925 1837 4971 et
1878 4915 2135 4971 doctrinis

562 5030 866 5086 coruscant,
887 5035 1011 5075 vere
1031 5016 1247 5073 ﬂumina
1273 5020 1419 5080 sunt,
1439 5010 1691 5081 quoniam
1715 5008 1916 5062 aridam
1937 5013 2134 5060 terram

559 5115 855 5175 carnalium
882 5113 1142 5176 cordium,
1172 5116 1357 5164 sancta
1377 5120 1471 5159 sua
1494 5101 1876 5171 praedicatione
1904 5096 2056 5153 simul
2082 5104 2139 5152 et

464 5217 478 5231 '
562 5208 874 5281 operatione
916 5204 1173 5271 irrigant,
1224 5211 1282 5257 ut
1328 5198 1553 5253 afferant
1598 5196 1862 5249 bonorum
1912 5205 2135 5261 operum

562 5299 779 5356 fructus.

630 5391 898 5445 VERANUS.
917 5381 1198 5451 Quomodo
1218 5393 1346 5447 ergo
1373 5386 1429 5433 ut
1450 5376 1644 5431 iterum
1667 5368 2003 5428 revertantur
2024 5372 2136 5425 lucc

566 5483 780 5537 lliuuina
808 5480 875 5533 ad
902 5478 1077 5531 locum
1106 5470 1246 5525 unde
1267 5476 1487 5533 exeunt,
1513 5464 1779 5520 reﬂuunt?

633 5573 910 5628 SALOXIUS.
935 5566 1070 5633 Quia
1083 5560 1253 5620 sancti
1267 5556 1645 5629 pnedicatores
1662 5556 1714 5611 iu
1730 5548 1876 5611 omni
1892 5553 2134 5608 doctrina

637 5755 663 5782 ι
690 5746 910 5811 Vulgata
927 5784 941 5809 ,
962 5742 1045 5815 vix
1075 5742 1224 5791 tante
1251 5729 1456 5786 ridebit.

2221 3286 2337 3357 ejus
2356 3288 2675 3356 probaretur
2700 3284 2985 3354 sapientia.

2296 3377 2565 3432 VERANUS.
2599 3375 2735 3442 Quid
2786 3384 2869 3430 est
2909 3374 3050 3442 quod
3098 3371 3352 3427 Salomon
3382 3370 3548 3426 dicit:
3586 3370 3725 3435 Quia
3752 3375 3803 3427 in

2231 3472 2392 3521 multa
2411 3467 2667 3537 sapientia
2687 3465 2850 3519 multa
2870 3466 2935 3519 sit
2964 3464 3272 3535 indignatio,
3296 3471 3345 3515 et
3365 3463 3451 3535 qui
3474 3462 3623 3516 addit
3642 3464 3806 3517 scien-

2226 3559 2353 3612 tiam
2383 3557 2531 3612 addit
2550 3566 2598 3611 et
2619 3556 2846 3611 laborem
2870 3554 3096 3627 (Ibid)?
3123 3552 3402 3622 Quomodo
3424 3553 3596 3608 multa
3618 3562 3700 3609 est
3730 3554 3808 3608 in-

2224 3648 2462 3718 dignatio
2498 3648 2549 3702 in
2580 3648 2749 3703 multa
2778 3647 3079 3718 sapientia?

2296 3742 2579 3799 SALONIUS.
2596 3740 2723 3796 Ideo
2746 3741 2797 3795 in
2820 3741 2985 3795 multa
3004 3739 3265 3809 sapientia
3289 3746 3370 3792 est
3392 3737 3561 3792 multa
3577 3735 3809 3804 indigna-

2225 3836 2324 3904 tio,
2341 3836 2467 3906 quia
2483 3842 2685 3904 quanto
2706 3834 2931 3902 quisque
2951 3830 3211 3901 majorem
3228 3828 3546 3899 sapientiam
3563 3826 3808 3898 percipit,

2227 3934 2381 3982 tanto
2428 3925 2658 3996 amplius
2704 3922 2806 3979 sibi
2849 3922 3155 3991 indignatur
3200 3929 3254 3975 et
3299 3919 3446 3974 dolet
3490 3933 3551 3972 se
3586 3916 3733 3971 vitiis
3762 3927 3810 3970 et

2226 4017 2461 4088 peccatis
2476 4015 2754 4083 subjacerc
2772 4021 2827 4068 et
2849 4028 2953 4067 non
2975 4010 3172 4065 habere
3187 4008 3438 4063 virtutes.
3454 4006 3591 4061 Nam
3605 4015 3807 4075 quanto

2226 4108 2453 4177 quisque
2495 4106 2615 4176 plus
2645 4106 2698 4158 in
2744 4101 3008 4173 sapientia
3052 4097 3284 4171 prolicit,
3330 4104 3484 4151 tanto
3512 4097 3683 4164 magis
3711 4095 3812 4151 sibi

2228 4199 2477 4255 irascitur
2503 4198 2572 4253 de
2598 4196 2754 4251 malis
2797 4193 3052 4264 operibus
3078 4206 3199 4261 quae
3226 4189 3410 4258 gessit,
3439 4195 3496 4242 et
3523 4185 3811 4241 contrista-

2231 4299 2315 4346 tur
2342 4298 2398 4345 et
2441 4288 2589 4343 dolet
2635 4300 2798 4356 super
2841 4282 3077 4355 peccatis
3121 4280 3262 4346 suis,
3310 4278 3541 4346 ideoque
3588 4274 3739 4328 addit
3766 4282 3813 4329 et

2230 4382 2506 4447 laborem,
2554 4378 2678 4449 quia
2725 4384 2927 4450 quanto
2974 4373 3201 4444 amplius
3240 4369 3480 4426 caelestia
3526 4376 3581 4422 et
3613 4374 3813 4423 reterns

2230 4468 2526 4537 cognoscit,
2560 4475 2708 4521 tanto
2738 4463 2906 4532 magis
2935 4459 3167 4519 dolendo
3201 4467 3255 4513 et
3284 4456 3463 4512 ﬂendo
3506 4456 3718 4510 laborat
3762 4462 3815 4507 ut

2161 4560 2208 4620 D
2232 4576 2472 4615 errorum
2517 4559 2737 4628 laqueos
2786 4554 3014 4612 evadere
3065 4552 3267 4623 possit,
3306 4557 3362 4605 et
3397 4547 3615 4603 liberari
3643 4545 3815 4599 valeat

2234 4648 2300 4702 de
2330 4649 2486 4717 hujus
2510 4647 2685 4715 saeculi
2717 4644 2945 4700 miseria.

2305 4739 2573 4792 Vesanus.
2607 4735 2784 4802 Quare
2810 4733 2975 4788 dicit:
3010 4730 3194 4787 Risum
3220 4710 3457 4800 deputari
3486 4740 3737 4784 errorem,
3770 4731 3814 4774 et

2236 4830 2424 4902 g‘tudio
2445 4829 2555 4882 diri
2576 4844 2667 4881 cur
2688 4828 2713 4895 f
2712 4834 2879 4879 rustra
2900 4822 3152 4894 deciperis
3178 4819 3370 4892 (Eccle.
3397 4817 3476 4884 ιι),
3510 4831 3630 4870 cum
3650 4813 3815 4867 homi-

2237 4936 2362 4973 num
2396 4917 2637 4972 naturalc
2676 4916 2745 4971 sit
2790 4915 2984 4979 ridere,
3029 4921 3084 4966 et
3132 4909 3385 4965 Dominus
3427 4907 3479 4960 in
3524 4904 3815 4971 Evangelia

2236 5012 2416 5067 dicat:
2456 5007 2683 5065 Gaudete
2725 5015 2772 5059 et
2810 5004 3089 5068 ersultate,
3134 4999 3375 5073 quoniam
3411 5012 3609 5051 merces
3653 4978 3816 5051 uestra

2240 5117 2430 5173 magna
2458 5109 2531 5153 est
2558 5100 2611 5152 in
2642 5097 2763 5151 (celo
2786 5094 2865 5165 (Μ
2869 5095 2995 5148 att/1.
3029 5109 3087 5157 v;
3122 5091 3247 5144 Luc.
3268 5088 3379 5159 vr)?

2314 5192 2594 5268 Satosws.
2624 5188 2737 5241 Non
2769 5183 3112 5255 reprehendit
3138 5180 3393 5235 Salomon
3414 5180 3579 5234 risum
3609 5187 3815 5233 natura-

2241 5279 2441 5347 lem,id
2472 5267 2881 5333 estmodestum
2904 5285 2959 5329 et
2978 5273 3297 5337 honestum;
3323 5269 3465 5325 unde
3497 5267 3622 5322 alibi
3652 5269 3813 5320 uicit:

2251 5371 2342 5423 l'ir
2364 5370 2572 5440 sapiens
2602 5379 2626 5404 η
2660 5368 2842 5419 tacitus
2871 5362 3055 5417 ridebit
3090 5359 3286 5432 (Eccli.
3327 5360 3487 5429 xxr);
3521 5358 3615 5413 sed
3656 5357 3816 5411 risum

2239 5460 2555 5515 dissolutum
2579 5466 2633 5512 et
2656 5454 3065 5510 immoderatum
3085 5459 3246 5519 atque
3270 5457 3699 5519 perstrepentem
3727 5459 3816 5510 ap.

2241 5552 2405 5621 pellat
2432 5563 2690 5613 errorem,
2721 5547 2840 5601 talis
2867 5558 3060 5616 nempe
3087 5541 3225 5597 risus
3249 5549 3472 5596 vocatur
3500 5533 3813 5592 cachinnus:
