3964 6198
242 367 344 425 Υ)ῢῖ

247 572 634 641 deceptionem.
682 572 762 627 Illi
790 588 922 629 vero
964 573 1057 644 qui
1106 574 1377 644 pneterita
1418 575 1560 629 mala
1588 590 1684 629 sua
1714 591 1823 630 non

246 662 523 731 plangunt,
556 678 731 732 neque
760 664 1064 733 intelligunt
1089 665 1297 718 ruinam
1327 671 1671 733 peccatorum
1693 681 1823 721 suo-

244 767 383 819 rum,
406 760 462 807 et
480 753 801 810 cachinnant
822 760 877 808 et
895 753 1130 822 gaudent
1150 754 1202 808 in
1228 753 1390 810 rebus
1418 756 1821 825 temporalibus,

242 842 366 909 quia
386 858 524 897 nova
547 850 596 896 et
623 843 806 898 brevia
835 851 1026 914 putant
1044 858 1163 899 esse
1184 843 1327 898 bona
1355 852 1635 914 perpetua,
1665 854 1721 900 et
1741 845 1823 900 id-

242 932 386 987 circo
413 932 680 987 suavitate
706 934 984 1002 praesentis
1011 933 1135 988 vita:
1167 933 1379 1004 decepti
1402 934 1644 1003 quotidie
1667 935 1825 1004 hujus

244 1024 423 1078 smculi
449 1038 637 1078 errore
654 1032 946 1081 s'exantur.

314 1115 583 1170 "animus.
616 1114 754 1180 Quid
782 1115 1024 1184 estquod
1046 1115 1121 1169 ait
1145 1134 1158 1169 :
1199 1115 1319 1168 Vidi
1336 1116 1393 1169 in
1415 1115 1649 1171 omnibus
1675 1119 1825 1171 vani-

242 1218 402 1261 tatem
429 1218 480 1261 et
498 1209 824 1278 aﬂlictionem
845 1210 1027 1276 animi,
1049 1219 1100 1263 et
1124 1209 1256 1262 nihil
1278 1224 1582 1279 permanere
1603 1210 1696 1263 sub
1720 1211 1828 1263 sole

248 1297 443 1367 (Eecle.
470 1315 524 1362 ιι,
549 1314 619 1366 tv,
638 1315 709 1363 γι,
737 1314 826 1354 γιιι
855 1308 906 1352 et
934 1298 1065 1369 xu)?
1095 1297 1375 1364 Quomodo
1395 1298 1527 1353 dicit
1548 1298 1679 1353 nihil
1704 1313 1828 1368 per-

248 1405 466 1444 manere
493 1390 592 1445 sub
617 1391 732 1445 sole
760 1406 880 1445 cum
917 1391 1164 1461 superius
1189 1390 1388 1446 dixerit
1419 1408 1433 1444 :
1468 1390 1628 1445 Terra
1659 1402 1827 1446 autem

247 1479 300 1533 in
330 1488 579 1533 arternum
609 1489 711 1533 stat
738 1479 1053 1557 (Ecclent)?

316 1570 597 1628 SA'LONIUS.
630 1579 654 1607 ⁸
677 1570 817 1625 Nihil
853 1571 995 1625 enim
1036 1572 1374 1641 permanebit
1395 1572 1496 1626 sub
1534 1571 1649 1627 sole
1686 1571 1829 1640 quod

249 1680 353 1720 non
387 1673 638 1730 transeat,
667 1665 919 1733 quoniam
961 1665 1142 1720 omnia
1184 1680 1326 1721 .vana
1376 1672 1502 1720 sunt
1544 1683 1558 1717 :
1605 1664 1746 1720 unde
1776 1665 1827 1718 in

1188 369 1255 425 IN
1292 368 1793 427 ECCLESlASTEN
1830 370 2185 428 EXPOSITIO
2221 373 2540 431 MYSTICA.

246 481 487 535 similiter
506 495 612 535 non
632 478 926 551 spirituale,
947 479 1045 537 sed
1069 482 1364 551 temporale
1383 482 1817 556 gaudiumyocat
1842 488 1894 547 Α

3404 374 3507 427 9538

1989 483 2270 539 SALONIUS.
2296 484 2686 557 Nonnunquam
2707 487 2975 544 smcularis
2991 488 3272 559 prudentia
3290 491 3505 550 inlunra

1924 572 2038 627 Deo
2064 580 2179 639 est,
2211 582 2266 628 et
2312 575 2545 630 carnalis
2575 576 2871 646 sapientia,
2916 580 3158 648 quamvis
3185 581 3507 650 eloquentia:

1920 660 2148 716 ﬂoribus
2178 670 2491 728 exornetur,
2520 665 2723 718 nullum
2754 671 2930 721 tamen
2962 667 3016 720 in
3056 682 3115 722 se
3150 670 3502 738 spiritualem,

1924 749 2130 804 nullum
2155 758 2430 821 perpetua:
2457 752 2802 809 beatitudinis
2830 754 3062 810 fructum
3090 757 3366 812 continet:
3408 761 3504 815 sed

1924 839 2016 895 ille
2029 840 2296 896 veraciter
2310 848 2392 897 est
2411 843 2626 911 sapiens
2647 845 2739 913 qui
2761 845 3043 899 Dominum
3068 846 3258 915 diligit,
3280 849 3369 916 qui
3390 848 3508 920 ejus

1924 931 2174 986 mandata
2200 933 2455 1001 custodit,
2485 940 2541 989 et
2568 944 2826 1004 quantum
2855 938 3110 1006 possibile
3138 947 3220 992 est
3260 939 3508 994 humana:

1924 1019 2215 1089 fragilitati,
2247 1023 2364 1091 ejus
2406 1024 2737 1080 voluntatem
2784 1027 2837 1081 in
2888 1028 3135 1082 omnibus
3177 1030 3356 1084 studet
3403 1032 3506 1084 im-

1927 1110 2095 1179 plere,
2127 1111 2196 1165 de
2235 1127 2343 1180 quo
2371 1114 2532 1182 paulo
2561 1113 2782 1171 inferius
2808 1117 2939 1172 dicit
2972 1135 2984 1170 :
3029 1118 3243 1173 Homini
3271 1120 3422 1184 bono,
3453 1124 3510 1176 in

1927 1212 2196 1272 conspectu
2225 1220 2318 1257 suo
2340 1205 2480 1258 dedit
2519 1205 2659 1262 Deus
2698 1211 3024 1280 sapientiam,
3049 1219 3099 1264 et
3137 1213 3424 1279 scientiam,
3460 1224 3511 1269 et

1929 1293 2164 1346 ltetitiam
2187 1293 2400 1365 (Ibid).

2000 1382 2272 1437 VERANUS.
2300 1383 2477 1450 Quare
2503 1388 2684 1441 statim
2707 1388 2977 1457 subiungit
3001 1406 3014 1442 :
3043 1389 3316 1446 Peccatori
3342 1404 3512 1448 autem

1925 1470 2070 1524 dedit
2095 1463 2423 1542 aﬂlictionem
2449 1484 2497 1528 et
2525 1493 2700 1530 curam
2729 1480 3041 1548 super/luam
3067 1497 3085 1533 :
3115 1483 3161 1535 si
3199 1484 3341 1536 enim
3372 1484 3511 1539 Deus

1931 1562 2200 1629 peccaturi
2223 1563 2426 1619 homini
2447 1564 2593 1619 dedit
2614 1581 2797 1621 curam
2822 1577 2874 1622 et
2894 1569 3308 1627 sollicitudinem
3332 1588 3512 1643 super-

1931 1647 2093 1703 ﬂuam
2120 1651 2347 1718 habere;
2379 1654 2505 1721 quid
2534 1668 2664 1722 ergo
2690 1655 2805 1725 ipse
2834 1668 3041 1727 peccat,
3073 1660 3116 1713 si
3156 1661 3298 1716 curis
3326 1678 3514 1732 super—

247 1752 533 1824 Evangelio
559 1756 634 1810 ait
667 1755 973 1811 Dominus:
1023 1753 1216 1811 Caelum
1259 1764 1309 1809 et
1357 1764 1495 1810 terra
1543 1753 1832 1810 transibunt
1932 1741 2051 1797 “Uis
2105 1752 2267 1814 alque
2321 1741 2681 1804 δοηίοῖῑυάίηθ
2729 1764 2909 1804 rerum
2958 1753 3331 1822 temporalium
3380 1754 3514 1809 ami‘

248 1844 459 1914 (Matth.
485 1846 631 1916 xxiv)
657 1863 671 1911 ;
694 1855 930 1900 attamen
957 1852 1099 1901 terra
1129 1846 1182 1899 in
1204 1853 1464 1899 aeternum
1486 1844 1667 1911 stabit,
1699 1846 1824 1914 quia
1856 1846 1901 1905 B
1931 1834 2118 1900 είιιπῖ

246 1950 352 1989 non
393 1936 630 1991 funditus
658 1935 985 2002 destruetur,
1016 1935 1112 1991 sed
1134 1934 1531 2001 melioiltbitur,
1566 1936 1705 1992 sicut
1740 1936 1825 1992 di—

246 2035 389 2083 ctum
419 2035 503 2083 est
530 2028 797 2098 superius.

313 2121 582 2175 Vsnsxus.
608 2119 786 2186 Quare
801 2119 927 2175 dicit
951 2137 964 2172 :
991 2119 1258 2191 Sapientis
1278 2119 1414 2174 oculi
1434 2120 1485 2173 in
1509 2119 1674 2188 capite
1691 2120 1823 2189 ejus,

247 2212 431 2265 stultus
455 2219 623 2263 autem
649 2210 705 2262 in
735 2208 953 2263 tenebris
978 2208 1207 2263 ambulat
1236 2208 1434 2278 (Eccle.
1458 2209 1553 2279 11)?
1579 2205 1828 2275 Nunquid

178 2314 187 2322 ‘
249 2300 388 2355 oculi
417 2300 564 2353 stulti
591 2313 698 2352 non
718 2305 843 2353 sunt
870 2298 923 2351 in
946 2298 1122 2367 capite
1148 2297 1318 2367 ipsius
1346 2298 1367 2352 Ξ

320 2388 600 2444 SALONIUS.
620 2387 782 2445 Oculi
810 2388 863 2442 in
892 2387 998 2442 hoc
1034 2387 1156 2442 loco
1180 2403 1294 2442 non
1318 2395 1550 2457 possunt
1573 2403 1829 2458 corpora—

250 2481 359 2544 les,
403 2480 497 2535 sed
523 2479 830 2549 spirituales
862 2476 1124 2546 intelligi:
1166 2477 1309 2533 oculi
1337 2476 1589 2533 videlicet
1608 2479 1823 2546 mentis,

248 2571 303 2625 id
331 2578 415 2626 est
442 2586 629 2625 sensus
668 2578 724 2625 et
750 2570 1078 2626 intentiones
1129 2569 1311 2623 animi.
1360 2568 1464 2624 Per
1508 2577 1670 2638 caput
1697 2584 1826 2623 vero

247 2662 564 2730 designatur
591 2661 861 2731 Christus,
891 2662 1035 2717 unde
1071 2660 1363 2732 Apostolus
1400 2661 1512 2715 ait:
1544 2658 1710 2729 Caput
1729 2661 1828 2714 viri

244 2751 480 2807 Christus
502 2751 555 2822 (Ι
577 2750 699 2807 Cor.
717 2752 988 2824 x1).‘0culi
1006 2753 1106 2808 viri
1132 2752 1392 2822 sapientis
1408 2752 1464 2807 in
1484 2743 1660 2822 capite
1679 2759 1822 2818 sunt,

244 2846 372 2913 quia
398 2845 479 2898 vir
508 2844 725 2913 sapiens
754 2860 968 2900 omnem
996 2846 1352 2901 intentionem
1388 2859 1538 2900 suam
1577 2843 1647 2898 ad
1670 2842 1827 2899 Chri—

243 2944 385 2991 stum
416 2936 630 3004 dirigit,
685 2944 740 2991 et
776 2937 829 2990 in
852 2935 1065 2991 Christo
1096 2937 1354 3001 collocat,
1411 2943 1467 2990 et
1503 2935 1689 2991 oculos
1716 2950 1826 2990 sua:

245 3026 441 3080 mentis
465 3041 679 3097 semper
696 3026 764 3080 ad
783 3026 1025 3082 coelestia
1046 3026 1356 3081 meditanda
1377 3027 1622 3081 sublevat
1648 3045 1660 3079 :
1688 3026 1823 3081 stul-

244 3122 331 3168 tus
357 3129 489 3169 vero
518 3116 572 3168 in
595 3114 831 3170 tenebris
859 3115 1114 3177 ambulat,
1140 3116 1266 3185 quia
1294 3122 1349 3170 et
1375 3114 1613 3170 stultitia:
1641 3115 1821 3182 simul,

1993 1922 2281 1981 Suomus.
2313 1926 2487 1981 Causa
2514 1927 2801 1998 superﬂua:
2827 1946 2968 1987 curae
2997 1939 3158 2000 atque
3184 1933 3337 1988 malre
3364 1935 3515 1990 solli-

1928 2016 2175 2073 citudinis
2204 2034 2311 2073 non
2340 2029 2425 2074 est
2453 2020 2508 2074 in
2537 2021 2672 2088 Deo,
2717 2024 2811 2078 sed
2841 2024 2895 2078 in
2925 2025 3017 2079 illo
3047 2026 3139 2094 qui
3168 2035 3293 2080 ante
3323 2036 3515 2097 sponte

1928 2120 2025 2160 sua
2046 2109 2307 2175 peccavit,
2327 2110 2450 2178 quia
2473 2112 2714 2179 peccatis
2734 2113 2847 2166 suis
2866 2114 3202 2181 exigentibus
3222 2117 3516 2184 promeruit

1930 2204 1989 2248 ut
2013 2196 2236 2252 haberet
2274 2214 2457 2253 curam
2505 2200 2828 2271 superﬂuam
2876 2212 2930 2257 et
2974 2204 3429 2260 sollicitudinem:
3461 2217 3515 2263 et

1929 2284 2051 2340 ideo
2080 2288 2224 2358 quod
2252 2290 2366 2343 ait:
2397 2290 2668 2347 Peccatori
2712 2302 2882 2348 autem
2931 2295 3072 2350 dedit
3118 2313 3293 2352 curam
3332 2316 3515 2369 super-

1927 2377 2558 2448 ﬂuam,intelligendum
2607 2391 2718 2448 est,
2769 2385 2881 2440 suis
2926 2387 3134 2442 meritis
3177 2388 3515 2457 exigentibus

1928 2466 2041 2520 dari
2065 2468 2329 2537 permisit,
2356 2470 2608 2527 videlicet
2636 2474 2759 2544 quia
2789 2484 3041 2544 peccator
3072 2477 3191 2532 fuit.

1998 2554 2268 2612 VERANUS.
2298 2557 2434 2625 Quid
2456 2560 2571 2615 vult
2592 2560 2965 2618 demonstrare
2984 2580 3084 2635 per
3105 2566 3208 2620 hoc
3233 2566 3378 2635 quod
3402 2567 3477 2622 ait
3497 2586 3510 2623 :

1930 2640 2120 2698 Omnia
2146 2655 2339 2717 tempus
2360 2647 2548 2703 habent
2576 2648 2772 2720 (Eecle.
2791 2652 2906 2723 1n)?
2926 2652 3080 2719 Quod
3102 2655 3149 2708 si
3175 2656 3353 2709 omnia
3380 2665 3514 2711 tem-

1927 2750 2028 2804 pus
2051 2736 2272 2803 habent,
2300 2752 2430 2807 ergo
2457 2752 2672 2798 mtcrnze
2694 2742 2997 2800 Divinitatis
3025 2746 3323 2803 substantia
3376 2755 3514 2803 tem-

1933 2840 2034 2894 pus
2061 2824 2257 2881 habet?

1998 2914 2279 2971 SALONIUS.
2312 2917 2495 2986 Absit;
2526 2920 2615 2975 illa
2642 2922 2842 2993 quippe
2870 2923 3150 2980 ineffabilis
3169 2932 3371 2981 aeterna
3402 2942 3513 2981 ma-

1922 3004 2135 3073 iestatis
2160 3005 2354 3062 divinae
2378 3011 2612 3066 essentia
2633 3027 2752 3082 qua:
2780 3014 2959 3068 omnia
2988 3016 3193 3071 creavit
3219 3031 3287 3071 ex
3323 3018 3509 3083 nihilo,

1927 3109 2036 3149 non
2078 3096 2201 3152 loco
2243 3099 2528 3169 clauditur,
2559 3117 2668 3158 non
2699 3112 2946 3173 tempore
2974 3114 3374 3176 coangustatur,
3404 3124 3514 3164 non

242 3217 298 3261 ει
319 3215 661 3276 peccatorum
688 3220 904 3262 suorum
928 3206 1163 3261 tenebris
1187 3206 1526 3269 obscuratur,
1557 3213 1613 3259 ει
1640 3220 1825 3260 amore
1849 3200 1896 3259 ρ
1927 3186 2038 3241 ullo
2064 3188 2241 3256 spatio
2269 3191 2623 3255 terminatur:
2649 3201 2704 3248 et
2724 3195 2925 3252 idcirco
2946 3195 3222 3266 Salomon,
3246 3206 3305 3254 ut
3331 3209 3514 3256 ostcn~

244 3298 404 3367 hujus
431 3298 615 3353 mundi
644 3298 988 3363 obscuratur;
1017 3296 1133 3352 odit
1161 3297 1305 3352 enim
1330 3296 1592 3363 caelestia,
1620 3304 1675 3351 et
1696 3295 1822 3351 ideo

238 3404 351 3461 non
380 3393 578 3457 potest,
602 3387 741 3440 sicut
768 3386 850 3440 vir
877 3386 1121 3456 sapiens,
1154 3386 1223 3440 ad
1250 3385 1443 3441 coelum
1480 3385 1667 3440 oculos
1694 3400 1822 3440 suos

241 3478 481 3543 erigere,
513 3478 637 3546 quia
665 3491 773 3531 non
799 3477 1003 3544 cogitat
1025 3490 1090 3532 ea
1112 3490 1230 3546 quae
1262 3475 1356 3530 Dei
1381 3482 1535 3543 sunt,
1578 3475 1675 3530 sed
1702 3489 1822 3544 qua:

241 3565 403 3634 hujus
431 3566 633 3621 saculi.
1010 3585 1017 3591 -
1174 3564 1181 3569 '
1642 3546 1667 3580 ‘

310 3658 582 3714 Venimus.
626 3658 763 3726 Quid
792 3672 923 3728 ergo
947 3658 1111 3714 distat
1142 3658 1282 3713 inter
1307 3658 1480 3713 virum
1518 3657 1822 3728 sapientem

238 3755 295 3801 et
321 3749 580 3804 stultum?

248 3866 249 3869 η
309 3840 592 3896 SALONIUS.
626 3840 740 3897 Hoc
767 3840 962 3904 distat,
1004 3840 1130 3910 quia
1156 3839 1261 3894 iste
1288 3838 1550 3911 sapientia
1576 3847 1633 3896 et
1658 3841 1821 3897 clari-

239 3936 350 3982 tate
374 3929 666 3983 illustratnr
683 3938 739 3984 et
762 3937 1080 3995 exornatur;
1108 3930 1198 3985 ille
1218 3945 1351 3985 vero
1373 3945 1560 3986 errore
1579 3932 1821 3986 stultitia:

238 4034 349 4071 sua:
408 4017 795 4073 obtenebratur
850 4026 907 4074 et
952 4018 1287 4074 deturbatur.
1345 4019 1578 4075 Tantum
1624 4020 1822 4091 quippe

238 4108 401 4160 distat
420 4108 561 4161 inter
580 4109 879 4177 sapientem
897 4116 952 4163 et
971 4109 1215 4176 stultum,
1238 4118 1496 4178 quantum
1517 4109 1656 4165 inter
1676 4110 1820 4166 diem

238 4208 294 4251 et
322 4205 536 4251 noctem
555 4236 572 4262 ,
604 4197 777 4252 lucem
803 4206 859 4252 et
888 4199 1156 4255 tenebras.

309 4286 582 4341 Vsussus.
612 4285 895 4353 Quomodo
933 4295 1137 4341 tantum
1173 4289 1335 4344 distat
1362 4290 1501 4346 inter
1523 4290 1819 4362 sapientem

236 4385 294 4431 ct
342 4379 598 4441 stultum,
649 4392 772 4432 eum
817 4394 952 4431 unus
1000 4379 1067 4432 sit
1116 4380 1352 4434 interitus
1398 4383 1703 4454 utriusque:
1743 4387 1821 4439 sic

235 4469 375 4521 enim
406 4469 621 4521 moritur
641 4466 821 4522 doctus
846 4476 904 4520 ut
922 4468 1187 4534 indoctus,
1238 4470 1443 4541 sapiens
1473 4480 1531 4525 ut
1568 4458 1818 4545 idsipiens

236 4556 437 4629 (Ecele.
475 4557 572 4627 tt)?

309 4643 589 4700 SALONIUS.
608 4645 862 4712 Quamvis
884 4663 1019 4703 unus
1038 4648 1108 4703 sit
1126 4664 1368 4716 occasus,
1390 4661 1446 4704 et
1467 4651 1656 4707 similis
1674 4668 1819 4709 mors

236 4735 500 4803 sapientis
522 4744 575 4789 et
599 4737 768 4802 stulti,
797 4746 857 4792 et
875 4745 1019 4807 Saepe
1048 4738 1099 4792 in
1124 4740 1225 4794 hac
1244 4739 1351 4794 vita
1372 4741 1537 4809 magis
1557 4741 1820 4812 aflligatur

234 4825 461 4894 sapiens
492 4842 652 4895 quam
677 4829 900 4893 stultus;
938 4838 1111 4882 tamen
1141 4844 1244 4883 non
1270 4830 1373 4884 erit
1394 4830 1583 4886 similis
1605 4849 1814 4889 memo-

232 4917 314 4969 ria
356 4917 410 4970 in
448 4915 626 4971 futuro
656 4933 757 4973 nec
783 4920 1042 4986 mqualem
1083 4920 1383 4988 percipient
1421 4925 1816 4979 remuneratio-

230 5020 379 5071 nem,
403 5007 656 5074 quoniam
685 5008 902 5077 sapiens
932 5008 984 5062 in
1008 5007 1097 5063 die
1112 5009 1297 5078 judicii
1317 5010 1385 5064 ad
1407 5013 1560 5079 regni
1582 5015 1816 5071 cmlestis

229 5095 528 5149 elevabitur
548 5096 794 5165 gloriam,
813 5097 1006 5152 stultus
1022 5113 1150 5154 vero
1170 5098 1515 5170 demergetur
1536 5102 1589 5156 in
1611 5110 1814 5159 :eterna

226 5184 592 5240 damnationis
622 5193 911 5241 tormenta.

303 5274 573 5330 VERANUS.
621 5274 752 5342 Quis
801 5286 886 5332 est
920 5291 1050 5346 ergo
1087 5278 1187 5334 iste
1225 5280 1442 5349 sapiens
1477 5283 1569 5351 qui
1608 5291 1814 5338 tantum

229 5364 396 5418 distat
435 5380 466 5418 a
494 5366 659 5420 stulto
682 5375 938 5436 quantum
968 5367 1056 5422 lux
1093 5384 1124 5422 a
1155 5370 1425 5425 tenebris?
1452 5370 1696 5441 Nunquid
1728 5373 1816 5429 ille

226 5457 322 5524 qui
350 5456 731 5528 philosophiae
756 5467 963 5514 tantum
999 5461 1294 5532 disciplina:
1323 5464 1490 5533 pollet
1516 5462 1816 5530 afﬂuentia.

227 5546 318 5602 vel
344 5547 640 5601 liberalium
669 5549 861 5603 artium
895 5549 1139 5619 splendet
1167 5552 1473 5622 eloquentia
1505 5556 1528 5607 ?

312 5735 333 5760 ⁸
361 5726 510 5783 Nihil
534 5726 666 5796 enim
695 5747 793 5800 pro
818 5730 951 5795 Quia
973 5736 1117 5787 nihil.

1925 3276 2080 3332 deret
2105 3279 2173 3334 de
2208 3280 2402 3349 quibus
2428 3283 2535 3338 hoc
2553 3284 2778 3350 dixerit,
2801 3288 2981 3341 statim
3009 3289 3280 3360 subjungit
3306 3292 3511 3349 dicens:

1924 3365 1996 3421 Et
2021 3370 2129 3423 suis
2156 3370 2340 3441 spatiis
2371 3379 2639 3427 transeunt
2664 3376 2904 3430 universa
2924 3379 3017 3430 sub
3040 3381 3186 3434 caelo.
3211 3380 3349 3453 Vult.
3365 3384 3511 3439 enim

1923 3455 2296 3516 demonstrare
2321 3461 2468 3531 quod
2502 3466 2773 3520 contraria
2802 3466 2906 3522 sibi
2932 3478 3060 3523 sunt
3099 3470 3279 3524 omnia
3305 3488 3425 3542 qua:
3455 3474 3509 3529 in

1922 3549 2127 3606 mundo
2153 3559 2299 3617 sunt,
2331 3560 2387 3608 et
2416 3553 2548 3608 nihil
2573 3561 2657 3610 est
2679 3558 2997 3627 perpetuum
3021 3574 3090 3614 ex
3117 3560 3364 3617 omnibus
3392 3578 3512 3632 qua:

1922 3641 2024 3697 sub
2049 3642 2190 3699 caelo
2214 3650 2360 3711 sunt,
2390 3651 2447 3700 et
2474 3645 2578 3701 ista
2601 3652 2817 3717 tempus
2845 3649 3145 3705 continent.

1995 3732 2265 3791 Vesanus.
2293 3735 2371 3792 De
2395 3750 2503 3805 qua
2530 3737 2867 3807 plantatione
2894 3741 2990 3809 ait,
3013 3749 3107 3796 aut
3128 3741 3197 3798 de
3224 3758 3329 3813 qua
3356 3744 3511 3800 evul-

1923 3825 2076 3881 sione
2096 3825 2334 3896 loquitur
2358 3842 2479 3883 cum
2510 3829 2641 3885 dicit
2664 3848 2677 3884 :
2706 3827 2924 3901 Tempus
2937 3826 3296 3898 plantandi,el
3312 3845 3507 3907 tempus

1921 3915 2167 3970 evellendi
2215 3916 2353 3988 quod
2387 3916 2680 3987 plantatum
2724 3928 2802 3974 est
2854 3920 3042 3994 (Ibid.)
3086 3938 3102 3976 :
3148 3922 3397 3993 Nunquid
3437 3924 3507 3979 de

1921 4006 2254 4077 plantatione
2299 4016 2393 4064 aut
2444 4009 2725 4067 evulsione
2769 4012 3021 4067 arborum
3076 4020 3170 4068 aut
3220 4014 3508 4070 herbarum

1923 4098 2053 4154 dicit
2066 4100 2091 4153 ?

1992 4188 2272 4246 SALONIUS.
2303 4189 2455 4256 Non,
2487 4192 2582 4247 sed
2609 4191 2677 4247 de
2715 4193 2999 4248 nativitate
3042 4201 3099 4248 et
3123 4201 3298 4249 morte
3327 4194 3510 4250 homi-

1921 4297 2089 4336 num:
2122 4298 2246 4337 nam
2271 4284 2418 4354 quod
2462 4284 2709 4355 superius
2751 4284 2888 4341 dixit
2921 4302 2934 4338 :
2971 4284 3190 4356 Tempus
3237 4288 3507 4351 nascendi,

1921 4371 2028 4427 hoc
2054 4380 2138 4427 est
2164 4373 2308 4442 quod
2350 4374 2616 4445 sequitur,
2644 4385 2695 4431 et
2723 4383 2921 4445 tempus
2948 4377 3266 4446 plantandi:
3296 4378 3401 4434 hoc
3426 4384 3510 4435 est

1921 4461 2063 4517 enim
2090 4462 2336 4534 plantare
2362 4464 2507 4536 quod
2534 4465 2794 4521 nascitur.
2824 4464 2981 4531 Quod
3010 4481 3171 4535 supra
3198 4466 3345 4532 dicit,
3378 4475 3507 4523 tem-

1846 4568 1896 4627 D
1920 4566 2017 4620 pus
2044 4552 2316 4618 moriendi,
2344 4554 2449 4610 hoc
2476 4563 2558 4609 est
2586 4554 2731 4624 quod
2760 4555 2849 4610 hic
2875 4556 3134 4625 sequitur,
3158 4564 3357 4627 tempus
3375 4556 3509 4611 euel-

1928 4641 2065 4696 lendi
2090 4643 2146 4697 id
2172 4644 2308 4715 quod
2327 4644 2614 4715 plantatum
2642 4654 2759 4700 est:
2784 4662 2908 4701 nam
2938 4647 3114 4714 evelli,
3138 4648 3243 4703 hoc
3265 4653 3348 4702 est
3365 4648 3509 4717 quod

1920 4739 1975 4786 et
2002 4733 2161 4788 mori.
2194 4733 2311 4789 Soli
2338 4736 2538 4805 quippe
2566 4736 2677 4792 Deo
2719 4744 2881 4792 notus
2909 4746 2991 4793 est
3018 4747 3171 4793 ortus
3199 4746 3255 4793 et
3281 4752 3509 4793 occasus

1918 4822 2232 4890 hominum,
2260 4826 2313 4880 id
2341 4833 2425 4881 est
2471 4834 2682 4898 tempus
2709 4829 2994 4893 nascendi,
3038 4837 3093 4884 et
3120 4820 3333 4901 tempus
3378 4845 3508 4901 per-

1917 4913 2100 4981 eundi,
2122 4924 2178 4970 ct
2195 4922 2403 4986 tempus
2423 4917 2720 4987 plantandi,
2739 4927 2796 4975 et
2818 4927 3031 4992 tempus
3050 4921 3346 4977 evellendi:
3369 4936 3508 4992 quo-

1920 5004 2066 5059 niam
2095 5005 2211 5074 ipse
2255 5006 2486 5063 instituit
2529 5016 2585 5064 et
2631 5018 2842 5080 tempus
2886 5011 2939 5065 in
2985 5002 3105 5081 quo.
3138 5013 3505 5083 unusquisque

1915 5106 2227 5153 nasceretur
2246 5106 2303 5154 et
2323 5100 2663 5170 plantarctur
2689 5103 2757 5158 ad
2785 5104 2972 5173 vitam,
3000 5112 3055 5160 et
3085 5084 3293 5177 tempus
3319 5104 3373 5158 in
3394 5119 3503 5173 quo

1917 5198 2217 5244 moreretur
2244 5197 2301 5245 et
2325 5191 2392 5247 dc
2431 5193 2535 5249 hac
2573 5194 2685 5250 vita
2731 5196 3082 5264 evelleretur,
3129 5198 3233 5254 hoc
3277 5204 3361 5252 est
3405 5212 3504 5266 per

1916 5280 2237 5334 sententiam
2264 5282 2456 5338 mortis
2484 5285 2870 5341 eradicaretur.

1988 5369 2255 5428 VBRANUS.
2285 5374 2423 5441 Quid
2442 5378 2688 5446 estquod
2711 5378 2903 5434 iterum
2925 5381 3055 5437 dicit
3079 5398 3092 5433 :
3126 5379 3343 5451 Tempus
3364 5382 3503 5437 oeci-

1918 5462 2074 5516 dendi
2101 5472 2151 5516 et
2171 5472 2365 5534 tempus
2385 5469 2612 5523 sanandi
2635 5468 2689 5542 (1
2693 5468 2858 5544 bid.)?
2880 5470 3018 5526 Nulli
3037 5471 3236 5542 quippe
3256 5470 3498 5536 dubium,

1916 5555 2063 5626 quod
2092 5565 2303 5630 tempus
2323 5560 2549 5618 sanandi
2571 5578 2602 5618 a
2624 5563 2734 5621 Deo
2755 5564 3086 5631 conceditur,
3103 5562 3199 5618 sed
3221 5577 3494 5634 nunquam
