  <div class='ocr_page' id='page_1' title='image "/cluster/home/n/w/nwhite01/storage/ocr_20150623/53/hvd.32044073505091/507.png"; bbox 0 0 3964 6178; ppageno 0'>
   <div class='ocr_carea' id='block_1_1' title="bbox 489 366 589 423">
    <p class='ocr_par' dir='ltr' id='par_1_1' title="bbox 489 366 589 423">
     <span class='ocr_line' id='line_1_1' title="bbox 489 366 589 423; baseline -0.02 1"><span class='ocrx_word' id='word_1_1' title='bbox 489 366 589 423; x_wconf 82' lang='lat'><strong>999</strong></span> 
     </span>
    </p>
   </div>
   <div class='ocr_carea' id='block_1_2' title="bbox 1751 341 3309 409">
    <p class='ocr_par' dir='ltr' id='par_1_2' title="bbox 1751 341 3309 409">
     <span class='ocr_line' id='line_1_2' title="bbox 1751 341 3309 409; baseline -0.016 1"><span class='ocrx_word' id='word_1_2' title='bbox 1751 346 2015 409; x_wconf 71' lang='lat' dir='ltr'><strong>SALONII</strong></span> <span class='ocrx_word' id='word_1_3' title='bbox 2054 341 2444 402; x_wconf 75' lang='lat' dir='ltr'><strong>ViENNENSIS</strong></span> <span class='ocrx_word' id='word_1_4' title='bbox 3272 358 3309 385; x_wconf 69' lang='grc' dir='ltr'>τ</span> 
     </span>
    </p>
   </div>
   <div class='ocr_carea' id='block_1_3' title="bbox 3603 332 3750 390">
    <p class='ocr_par' dir='ltr' id='par_1_3' title="bbox 3603 332 3750 390">
     <span class='ocr_line' id='line_1_3' title="bbox 3603 332 3750 390; baseline 0.007 -1"><span class='ocrx_word' id='word_1_5' title='bbox 3603 332 3750 390; x_wconf 70' lang='grc'>1000</span> 
     </span>
    </p>
   </div>
   <div class='ocr_carea' id='block_1_4' title="bbox 484 454 3755 544">
    <p class='ocr_par' dir='ltr' id='par_1_4' title="bbox 484 454 3755 544">
     <span class='ocr_line' id='line_1_4' title="bbox 484 454 3755 544; baseline -0.01 -4"><span class='ocrx_word' id='word_1_6' title='bbox 484 487 628 540; x_wconf 79' lang='lat' dir='ltr'><strong>Deus</strong></span> <span class='ocrx_word' id='word_1_7' title='bbox 673 479 900 536; x_wconf 74' lang='lat' dir='ltr'><strong>instituit</strong></span> <span class='ocrx_word' id='word_1_8' title='bbox 955 486 1167 544; x_wconf 77' lang='lat' dir='ltr'><strong>tempus</strong></span> <span class='ocrx_word' id='word_1_9' title='bbox 1220 470 1497 528; x_wconf 80' lang='lat' dir='ltr'><strong>occidendi</strong></span> <span class='ocrx_word' id='word_1_10' title='bbox 1542 469 1704 524; x_wconf 86' lang='lat' dir='ltr'><strong>alium</strong></span> <span class='ocrx_word' id='word_1_11' title='bbox 1750 484 1763 520; x_wconf 92' lang='lat'>:</span> <span class='ocrx_word' id='word_1_12' title='bbox 1795 474 1892 521; x_wconf 90' lang='lat' dir='ltr'><strong>aut</strong></span> <span class='ocrx_word' id='word_1_13' title='bbox 1937 478 2062 519; x_wconf 88' lang='lat' dir='ltr'><strong>eum</strong></span> <span class='ocrx_word' id='word_1_14' title='bbox 2089 471 2133 525; x_wconf 76' lang='grc' dir='ltr'><strong>Α</strong></span> <span class='ocrx_word' id='word_1_15' title='bbox 2163 461 2247 516; x_wconf 81' lang='lat' dir='ltr'><strong>lue</strong></span> <span class='ocrx_word' id='word_1_16' title='bbox 2277 457 2489 544; x_wconf 60' lang='lat' dir='ltr'><strong>(Matth.</strong></span> <span class='ocrx_word' id='word_1_17' title='bbox 2521 457 2623 526; x_wconf 89' lang='grc' dir='ltr'>ιιι).</span> <span class='ocrx_word' id='word_1_18' title='bbox 2654 455 2892 525; x_wconf 84' lang='lat' dir='ltr'><strong>Tempus</strong></span> <span class='ocrx_word' id='word_1_19' title='bbox 2916 456 3066 544; x_wconf 72' lang='lat' dir='ltr'><strong>enim</strong></span> <span class='ocrx_word' id='word_1_20' title='bbox 3094 454 3192 510; x_wconf 75' lang='lat' dir='ltr'><strong>fuit</strong></span> <span class='ocrx_word' id='word_1_21' title='bbox 3217 454 3504 526; x_wconf 75' lang='lat' dir='ltr'><strong>spargendi</strong></span> <span class='ocrx_word' id='word_1_22' title='bbox 3540 454 3755 525; x_wconf 81' lang='lat' dir='ltr'><strong>lapides</strong></span> 
     </span>
    </p>
   </div>
   <div class='ocr_carea' id='block_1_5' title="bbox 484 560 2051 642">
    <p class='ocr_par' dir='ltr' id='par_1_5' title="bbox 484 560 2051 642">
     <span class='ocr_line' id='line_1_5' title="bbox 484 560 2051 642; baseline -0.015 -14"><span class='ocrx_word' id='word_1_23' title='bbox 484 588 645 642; x_wconf 85' lang='lat' dir='ltr'><strong>quem</strong></span> <span class='ocrx_word' id='word_1_24' title='bbox 666 570 830 626; x_wconf 84' lang='lat' dir='ltr'><strong>semel</strong></span> <span class='ocrx_word' id='word_1_25' title='bbox 860 564 1119 620; x_wconf 90' lang='lat' dir='ltr'><strong>occiderit</strong></span> <span class='ocrx_word' id='word_1_26' title='bbox 1140 561 1336 627; x_wconf 77' lang='lat' dir='ltr'><strong>homo,</strong></span> <span class='ocrx_word' id='word_1_27' title='bbox 1351 560 1553 631; x_wconf 89' lang='lat' dir='ltr'><strong>poterit</strong></span> <span class='ocrx_word' id='word_1_28' title='bbox 1577 571 1812 625; x_wconf 79' lang='lat' dir='ltr'><strong>unquam</strong></span> <span class='ocrx_word' id='word_1_29' title='bbox 1838 566 2051 610; x_wconf 84' lang='lat' dir='ltr'><strong>sanare.</strong></span> 
     </span>
    </p>
   </div>
   <div class='ocr_carea' id='block_1_6' title="bbox 552 648 2059 725">
    <p class='ocr_par' dir='ltr' id='par_1_6' title="bbox 552 648 2059 725">
     <span class='ocr_line' id='line_1_6' title="bbox 552 648 2059 725; baseline -0.015 -7"><span class='ocrx_word' id='word_1_30' title='bbox 552 662 828 718; x_wconf 72' lang='lat' dir='ltr'><strong>SALONJUS.</strong></span> <span class='ocrx_word' id='word_1_31' title='bbox 862 655 980 710; x_wconf 84' lang='lat' dir='ltr'><strong>Non</strong></span> <span class='ocrx_word' id='word_1_32' title='bbox 1010 653 1221 725; x_wconf 82' lang='lat' dir='ltr'><strong>utique;</strong></span> <span class='ocrx_word' id='word_1_33' title='bbox 1245 652 1340 708; x_wconf 89' lang='lat' dir='ltr'><strong>sed</strong></span> <span class='ocrx_word' id='word_1_34' title='bbox 1373 650 1448 705; x_wconf 89' lang='lat' dir='ltr'><strong>illi</strong></span> <span class='ocrx_word' id='word_1_35' title='bbox 1478 648 1582 705; x_wconf 92' lang='lat' dir='ltr'><strong>soli</strong></span> <span class='ocrx_word' id='word_1_36' title='bbox 1609 654 1693 701; x_wconf 86' lang='lat' dir='ltr'><strong>est</strong></span> <span class='ocrx_word' id='word_1_37' title='bbox 1720 652 1935 714; x_wconf 82' lang='lat' dir='ltr'><strong>tempus</strong></span> <span class='ocrx_word' id='word_1_38' title='bbox 1961 654 2059 696; x_wconf 91' lang='lat' dir='ltr'><strong>oc-</strong></span> 
     </span>
    </p>
   </div>
   <div class='ocr_carea' id='block_1_7' title="bbox 484 731 2053 815">
    <p class='ocr_par' dir='ltr' id='par_1_7' title="bbox 484 731 2053 815">
     <span class='ocr_line' id='line_1_7' title="bbox 484 731 2053 815; baseline -0.015 -7"><span class='ocrx_word' id='word_1_39' title='bbox 484 750 695 809; x_wconf 89' lang='lat' dir='ltr'><strong>cidendi</strong></span> <span class='ocrx_word' id='word_1_40' title='bbox 735 756 789 802; x_wconf 92' lang='lat' dir='ltr'><strong>et</strong></span> <span class='ocrx_word' id='word_1_41' title='bbox 818 757 1028 815; x_wconf 82' lang='lat' dir='ltr'><strong>tempus</strong></span> <span class='ocrx_word' id='word_1_42' title='bbox 1054 742 1277 799; x_wconf 89' lang='lat' dir='ltr'><strong>sanandi</strong></span> <span class='ocrx_word' id='word_1_43' title='bbox 1294 782 1308 807; x_wconf 91' lang='lat'><strong>,</strong></span> <span class='ocrx_word' id='word_1_44' title='bbox 1338 740 1431 810; x_wconf 87' lang='lat' dir='ltr'><strong>qui</strong></span> <span class='ocrx_word' id='word_1_45' title='bbox 1458 753 1557 809; x_wconf 89' lang='lat' dir='ltr'><strong>per</strong></span> <span class='ocrx_word' id='word_1_46' title='bbox 1584 736 1769 791; x_wconf 77' lang='lat' dir='ltr'><strong>Mosen</strong></span> <span class='ocrx_word' id='word_1_47' title='bbox 1796 731 2053 803; x_wconf 87' lang='lat' dir='ltr'><strong>loquitur,</strong></span> 
     </span>
    </p>
   </div>
   <div class='ocr_carea' id='block_1_8' title="bbox 482 823 2053 908">
    <p class='ocr_par' dir='ltr' id='par_1_8' title="bbox 482 823 2053 908">
     <span class='ocr_line' id='line_1_8' title="bbox 482 823 2053 908; baseline -0.015 -12"><span class='ocrx_word' id='word_1_48' title='bbox 482 844 665 897; x_wconf 88' lang='lat' dir='ltr'><strong>dicens</strong></span> <span class='ocrx_word' id='word_1_49' title='bbox 692 858 703 891; x_wconf 91' lang='lat'><strong>:</strong></span> <span class='ocrx_word' id='word_1_50' title='bbox 735 837 848 908; x_wconf 81' lang='lat' dir='ltr'><strong>Ego</strong></span> <span class='ocrx_word' id='word_1_51' title='bbox 869 835 1100 891; x_wconf 81' lang='lat' dir='ltr'><strong>occidam</strong></span> <span class='ocrx_word' id='word_1_52' title='bbox 1132 841 1182 886; x_wconf 90' lang='lat' dir='ltr'><strong>et</strong></span> <span class='ocrx_word' id='word_1_53' title='bbox 1208 847 1301 903; x_wconf 88' lang='lat' dir='ltr'><strong>ego</strong></span> <span class='ocrx_word' id='word_1_54' title='bbox 1328 830 1491 886; x_wconf 78' lang='lat' dir='ltr'><strong>uisere</strong></span> <span class='ocrx_word' id='word_1_55' title='bbox 1519 826 1745 900; x_wconf 88' lang='lat' dir='ltr'><strong>faciam,</strong></span> <span class='ocrx_word' id='word_1_56' title='bbox 1769 823 2053 895; x_wconf 84' lang='lat' dir='ltr'><strong>percutiam</strong></span> 
     </span>
    </p>
   </div>
   <div class='ocr_carea' id='block_1_9' title="bbox 481 913 2058 1003">
    <p class='ocr_par' dir='ltr' id='par_1_9' title="bbox 481 913 2058 1003">
     <span class='ocr_line' id='line_1_9' title="bbox 481 913 2058 1003; baseline -0.015 -16"><span class='ocrx_word' id='word_1_57' title='bbox 481 944 529 988; x_wconf 89' lang='lat' dir='ltr'><strong>et</strong></span> <span class='ocrx_word' id='word_1_58' title='bbox 549 949 640 1003; x_wconf 85' lang='lat' dir='ltr'><strong>ego</strong></span> <span class='ocrx_word' id='word_1_59' title='bbox 664 930 860 984; x_wconf 88' lang='lat' dir='ltr'><strong>sanabo</strong></span> <span class='ocrx_word' id='word_1_60' title='bbox 882 927 1058 998; x_wconf 86' lang='lat' dir='ltr'><strong>(Deut.</strong></span> <span class='ocrx_word' id='word_1_61' title='bbox 1082 924 1270 993; x_wconf 78' lang='lat' dir='ltr'><strong>mn).</strong></span> <span class='ocrx_word' id='word_1_62' title='bbox 1291 921 1413 991; x_wconf 83' lang='lat' dir='ltr'><strong>Ipse</strong></span> <span class='ocrx_word' id='word_1_63' title='bbox 1433 919 1685 975; x_wconf 83' lang='lat' dir='ltr'><strong>nimirum</strong></span> <span class='ocrx_word' id='word_1_64' title='bbox 1708 913 1899 970; x_wconf 81' lang='lat' dir='ltr'><strong>statuit</strong></span> <span class='ocrx_word' id='word_1_65' title='bbox 1919 920 2058 1003; x_wconf 85' lang='lat' dir='ltr'><strong>tem-</strong></span> 
     </span>
    </p>
   </div>
   <div class='ocr_carea' id='block_1_10' title="bbox 482 1001 2055 1095">
    <p class='ocr_par' dir='ltr' id='par_1_10' title="bbox 482 1001 2055 1095">
     <span class='ocr_line' id='line_1_10' title="bbox 482 1001 2055 1095; baseline -0.012 -22"><span class='ocrx_word' id='word_1_66' title='bbox 482 1001 663 1095; x_wconf 75' lang='lat' dir='ltr'><strong>pusio</strong></span> <span class='ocrx_word' id='word_1_67' title='bbox 712 1035 821 1089; x_wconf 90' lang='lat' dir='ltr'><strong>quo</strong></span> <span class='ocrx_word' id='word_1_68' title='bbox 872 1023 1186 1088; x_wconf 87' lang='lat' dir='ltr'><strong>peccatores</strong></span> <span class='ocrx_word' id='word_1_69' title='bbox 1214 1011 1527 1069; x_wconf 77' lang='lat' dir='ltr'><strong>occidantur</strong></span> <span class='ocrx_word' id='word_1_70' title='bbox 1550 1049 1567 1076; x_wconf 94' lang='lat'><strong>,</strong></span> <span class='ocrx_word' id='word_1_71' title='bbox 1599 1014 1656 1062; x_wconf 88' lang='lat' dir='ltr'><strong>et</strong></span> <span class='ocrx_word' id='word_1_72' title='bbox 1681 1011 1940 1061; x_wconf 86' lang='lat' dir='ltr'><strong>sanentur</strong></span> <span class='ocrx_word' id='word_1_73' title='bbox 1969 1001 2055 1055; x_wconf 81' lang='lat' dir='ltr'><strong>in-</strong></span> 
     </span>
    </p>
   </div>
   <div class='ocr_carea' id='block_1_11' title="bbox 483 1092 2056 1179">
    <p class='ocr_par' dir='ltr' id='par_1_11' title="bbox 483 1092 2056 1179">
     <span class='ocr_line' id='line_1_11' title="bbox 483 1092 2056 1179; baseline -0.017 -8"><span class='ocrx_word' id='word_1_74' title='bbox 483 1092 641 1177; x_wconf 75' lang='lat' dir='ltr'><strong>ﬁrmi,</strong></span> <span class='ocrx_word' id='word_1_75' title='bbox 672 1114 777 1167; x_wconf 89' lang='lat' dir='ltr'><strong>hoc</strong></span> <span class='ocrx_word' id='word_1_76' title='bbox 802 1119 885 1166; x_wconf 89' lang='lat' dir='ltr'><strong>est</strong></span> <span class='ocrx_word' id='word_1_77' title='bbox 911 1107 1145 1179; x_wconf 85' lang='lat' dir='ltr'><strong>peccatis</strong></span> <span class='ocrx_word' id='word_1_78' title='bbox 1171 1101 1427 1173; x_wconf 74' lang='lat' dir='ltr'><strong>languidi.</strong></span> <span class='ocrx_word' id='word_1_79' title='bbox 1460 1100 1611 1157; x_wconf 90' lang='lat' dir='ltr'><strong>Tunc</strong></span> <span class='ocrx_word' id='word_1_80' title='bbox 1655 1099 1801 1154; x_wconf 86' lang='lat' dir='ltr'><strong>enim</strong></span> <span class='ocrx_word' id='word_1_81' title='bbox 1834 1092 2056 1157; x_wconf 87' lang='lat' dir='ltr'><strong>occidit,</strong></span> 
     </span>
    </p>
   </div>
   <div class='ocr_carea' id='block_1_12' title="bbox 484 1182 2061 1270">
    <p class='ocr_par' dir='ltr' id='par_1_12' title="bbox 484 1182 2061 1270">
     <span class='ocr_line' id='line_1_12' title="bbox 484 1182 2061 1270; baseline -0.013 -9"><span class='ocrx_word' id='word_1_82' title='bbox 484 1222 604 1262; x_wconf 90' lang='lat' dir='ltr'><strong>cum</strong></span> <span class='ocrx_word' id='word_1_83' title='bbox 639 1205 719 1259; x_wconf 86' lang='lat' dir='ltr'><strong>vel</strong></span> <span class='ocrx_word' id='word_1_84' title='bbox 746 1201 991 1270; x_wconf 88' lang='lat' dir='ltr'><strong>corporis</strong></span> <span class='ocrx_word' id='word_1_85' title='bbox 1019 1196 1326 1253; x_wconf 90' lang='lat' dir='ltr'><strong>inﬁrmitate</strong></span> <span class='ocrx_word' id='word_1_86' title='bbox 1353 1194 1441 1248; x_wconf 87' lang='lat' dir='ltr'><strong>vel</strong></span> <span class='ocrx_word' id='word_1_87' title='bbox 1470 1192 1647 1259; x_wconf 90' lang='lat' dir='ltr'><strong>aliqua</strong></span> <span class='ocrx_word' id='word_1_88' title='bbox 1674 1186 1858 1243; x_wconf 89' lang='lat' dir='ltr'><strong>mundi</strong></span> <span class='ocrx_word' id='word_1_89' title='bbox 1901 1182 2061 1251; x_wconf 85' lang='lat' dir='ltr'><strong>hujus</strong></span> 
     </span>
    </p>
   </div>
   <div class='ocr_carea' id='block_1_13' title="bbox 486 1279 2060 1359">
    <p class='ocr_par' dir='ltr' id='par_1_13' title="bbox 486 1279 2060 1359">
     <span class='ocr_line' id='line_1_13' title="bbox 486 1279 2060 1359; baseline -0.015 -10"><span class='ocrx_word' id='word_1_90' title='bbox 486 1292 811 1348; x_wconf 78' lang='lat' dir='ltr'><strong>adversitate</strong></span> <span class='ocrx_word' id='word_1_91' title='bbox 840 1296 1151 1359; x_wconf 87' lang='lat' dir='ltr'><strong>peccatores</strong></span> <span class='ocrx_word' id='word_1_92' title='bbox 1198 1282 1385 1351; x_wconf 83' lang='lat' dir='ltr'><strong>aﬂligit</strong></span> <span class='ocrx_word' id='word_1_93' title='bbox 1408 1289 1468 1336; x_wconf 91' lang='lat' dir='ltr'><strong>ut</strong></span> <span class='ocrx_word' id='word_1_94' title='bbox 1493 1279 1830 1347; x_wconf 90' lang='lat' dir='ltr'><strong>corrigantur</strong></span> <span class='ocrx_word' id='word_1_95' title='bbox 1859 1281 1915 1329; x_wconf 91' lang='lat' dir='ltr'><strong>et</strong></span> <span class='ocrx_word' id='word_1_96' title='bbox 1938 1286 2060 1326; x_wconf 87' lang='lat' dir='ltr'><strong>mo-</strong></span> 
     </span>
    </p>
   </div>
   <div class='ocr_carea' id='block_1_14' title="bbox 486 1361 2063 1453">
    <p class='ocr_par' dir='ltr' id='par_1_14' title="bbox 486 1361 2063 1453">
     <span class='ocr_line' id='line_1_14' title="bbox 486 1361 2063 1453; baseline -0.016 -11"><span class='ocrx_word' id='word_1_97' title='bbox 486 1387 691 1441; x_wconf 88' lang='lat' dir='ltr'><strong>riantur</strong></span> <span class='ocrx_word' id='word_1_98' title='bbox 713 1380 971 1453; x_wconf 88' lang='lat' dir='ltr'><strong>peccatis,</strong></span> <span class='ocrx_word' id='word_1_99' title='bbox 1000 1386 1054 1432; x_wconf 90' lang='lat' dir='ltr'><strong>et</strong></span> <span class='ocrx_word' id='word_1_100' title='bbox 1093 1376 1277 1431; x_wconf 86' lang='lat' dir='ltr'><strong>vivant</strong></span> <span class='ocrx_word' id='word_1_101' title='bbox 1304 1374 1435 1429; x_wconf 90' lang='lat' dir='ltr'><strong>Deo.</strong></span> <span class='ocrx_word' id='word_1_102' title='bbox 1465 1369 1621 1441; x_wconf 67' lang='lat' dir='ltr'><strong>Saepe</strong></span> <span class='ocrx_word' id='word_1_103' title='bbox 1659 1379 1890 1436; x_wconf 87' lang='lat' dir='ltr'><strong>namque</strong></span> <span class='ocrx_word' id='word_1_104' title='bbox 1915 1361 2063 1419; x_wconf 88' lang='lat' dir='ltr'><strong>Deus</strong></span> 
     </span>
    </p>
   </div>
   <div class='ocr_carea' id='block_1_15' title="bbox 486 1453 2063 1542">
    <p class='ocr_par' dir='ltr' id='par_1_15' title="bbox 486 1453 2063 1542">
     <span class='ocr_line' id='line_1_15' title="bbox 486 1453 2063 1542; baseline -0.014 -12"><span class='ocrx_word' id='word_1_105' title='bbox 486 1476 607 1530; x_wconf 89' lang='lat' dir='ltr'><strong>ideo</strong></span> <span class='ocrx_word' id='word_1_106' title='bbox 637 1472 872 1542; x_wconf 84' lang='lat' dir='ltr'><strong>ﬂagellat</strong></span> <span class='ocrx_word' id='word_1_107' title='bbox 899 1468 1209 1530; x_wconf 87' lang='lat' dir='ltr'><strong>sceleratos,</strong></span> <span class='ocrx_word' id='word_1_108' title='bbox 1254 1471 1314 1517; x_wconf 93' lang='lat' dir='ltr'><strong>ut</strong></span> <span class='ocrx_word' id='word_1_109' title='bbox 1341 1478 1436 1517; x_wconf 90' lang='lat' dir='ltr'><strong>eos</strong></span> <span class='ocrx_word' id='word_1_110' title='bbox 1464 1459 1675 1517; x_wconf 81' lang='lat' dir='ltr'><strong>occidat</strong></span> <span class='ocrx_word' id='word_1_111' title='bbox 1717 1465 1774 1513; x_wconf 90' lang='lat' dir='ltr'><strong>et</strong></span> <span class='ocrx_word' id='word_1_112' title='bbox 1798 1461 1980 1520; x_wconf 88' lang='lat' dir='ltr'><strong>sanet,</strong></span> <span class='ocrx_word' id='word_1_113' title='bbox 2010 1453 2063 1509; x_wconf 91' lang='lat' dir='ltr'><strong>id</strong></span> 
     </span>
    </p>
   </div>
   <div class='ocr_carea' id='block_1_16' title="bbox 487 1542 2063 1624">
    <p class='ocr_par' dir='ltr' id='par_1_16' title="bbox 487 1542 2063 1624">
     <span class='ocr_line' id='line_1_16' title="bbox 487 1542 2063 1624; baseline -0.016 -3"><span class='ocrx_word' id='word_1_114' title='bbox 487 1573 569 1621; x_wconf 77' lang='lat' dir='ltr'><strong>est</strong></span> <span class='ocrx_word' id='word_1_115' title='bbox 606 1572 662 1617; x_wconf 94' lang='lat' dir='ltr'><strong>ut</strong></span> <span class='ocrx_word' id='word_1_116' title='bbox 686 1562 932 1615; x_wconf 86' lang='lat' dir='ltr'><strong>desinant</strong></span> <span class='ocrx_word' id='word_1_117' title='bbox 956 1572 1074 1612; x_wconf 86' lang='lat' dir='ltr'><strong>esse</strong></span> <span class='ocrx_word' id='word_1_118' title='bbox 1094 1554 1238 1624; x_wconf 85' lang='lat' dir='ltr'><strong>quod</strong></span> <span class='ocrx_word' id='word_1_119' title='bbox 1260 1561 1404 1617; x_wconf 87' lang='lat' dir='ltr'><strong>sunt,</strong></span> <span class='ocrx_word' id='word_1_120' title='bbox 1424 1559 1480 1605; x_wconf 91' lang='lat' dir='ltr'><strong>et</strong></span> <span class='ocrx_word' id='word_1_121' title='bbox 1505 1548 1763 1619; x_wconf 85' lang='lat' dir='ltr'><strong>incipiant</strong></span> <span class='ocrx_word' id='word_1_122' title='bbox 1780 1559 1901 1601; x_wconf 86' lang='lat' dir='ltr'><strong>esse</strong></span> <span class='ocrx_word' id='word_1_123' title='bbox 1919 1542 2063 1613; x_wconf 90' lang='lat' dir='ltr'><strong>quod</strong></span> 
     </span>
    </p>
   </div>
   <div class='ocr_carea' id='block_1_17' title="bbox 490 1633 2064 1718">
    <p class='ocr_par' dir='ltr' id='par_1_17' title="bbox 490 1633 2064 1718">
     <span class='ocr_line' id='line_1_17' title="bbox 490 1633 2064 1718; baseline -0.013 -11"><span class='ocrx_word' id='word_1_124' title='bbox 490 1671 593 1708; x_wconf 81' lang='lat' dir='ltr'><strong>non</strong></span> <span class='ocrx_word' id='word_1_125' title='bbox 621 1662 764 1706; x_wconf 77' lang='lat' dir='ltr'><strong>sunt.</strong></span> <span class='ocrx_word' id='word_1_126' title='bbox 795 1649 891 1704; x_wconf 82' lang='lat' dir='ltr'><strong>Est</strong></span> <span class='ocrx_word' id='word_1_127' title='bbox 922 1663 1049 1718; x_wconf 88' lang='lat' dir='ltr'><strong>ergo</strong></span> <span class='ocrx_word' id='word_1_128' title='bbox 1081 1657 1276 1714; x_wconf 88' lang='lat' dir='ltr'><strong>tempus</strong></span> <span class='ocrx_word' id='word_1_129' title='bbox 1297 1641 1545 1706; x_wconf 86' lang='lat' dir='ltr'><strong>sanandi,</strong></span> <span class='ocrx_word' id='word_1_130' title='bbox 1568 1654 1689 1718; x_wconf 88' lang='lat' dir='ltr'><strong>cum</strong></span> <span class='ocrx_word' id='word_1_131' title='bbox 1718 1637 1860 1718; x_wconf 80' lang='lat' dir='ltr'><strong>Deus</strong></span> <span class='ocrx_word' id='word_1_132' title='bbox 1884 1633 2064 1718; x_wconf 80' lang='lat' dir='ltr'><strong>omni-</strong></span> 
     </span>
    </p>
   </div>
   <div class='ocr_carea' id='block_1_18' title="bbox 493 1708 2067 1807">
    <p class='ocr_par' dir='ltr' id='par_1_18' title="bbox 493 1708 2067 1807">
     <span class='ocr_line' id='line_1_18' title="bbox 493 1708 2067 1807; baseline -0.018 -16"><span class='ocrx_word' id='word_1_133' title='bbox 493 1748 687 1807; x_wconf 74' lang='lat' dir='ltr'><strong>potens</strong></span> <span class='ocrx_word' id='word_1_134' title='bbox 712 1749 808 1786; x_wconf 83' lang='lat' dir='ltr'><strong>eos</strong></span> <span class='ocrx_word' id='word_1_135' title='bbox 840 1708 1226 1799; x_wconf 34' lang='lat' dir='ltr'><strong>quosvoccidi&#39;t,</strong></span> <span class='ocrx_word' id='word_1_136' title='bbox 1263 1724 1313 1779; x_wconf 89' lang='lat' dir='ltr'><strong>id</strong></span> <span class='ocrx_word' id='word_1_137' title='bbox 1348 1715 1877 1777; x_wconf 84' lang='lat' dir='ltr'><strong>estadversitatibus</strong></span> <span class='ocrx_word' id='word_1_138' title='bbox 1895 1708 2067 1765; x_wconf 70' lang='lat' dir='ltr'><strong>misso</strong></span> 
     </span>
    </p>
   </div>
   <div class='ocr_carea' id='block_1_19' title="bbox 2160 532 3753 623">
    <p class='ocr_par' dir='ltr' id='par_1_19' title="bbox 2160 532 3753 623">
     <span class='ocr_line' id='line_1_19' title="bbox 2160 532 3753 623; baseline -0.003 -18"><span class='ocrx_word' id='word_1_139' title='bbox 2160 558 2288 605; x_wconf 83' lang='lat' dir='ltr'><strong>ante</strong></span> <span class='ocrx_word' id='word_1_140' title='bbox 2312 539 2600 604; x_wconf 82' lang='lat' dir='ltr'><strong>adventum</strong></span> <span class='ocrx_word' id='word_1_141' title='bbox 2627 546 2858 623; x_wconf 70' lang='lat' dir='ltr'><strong>Domini,</strong></span> <span class='ocrx_word' id='word_1_142' title='bbox 2888 532 3017 617; x_wconf 67' lang='lat' dir='ltr'><strong>q&#39;uia</strong></span> <span class='ocrx_word' id='word_1_143' title='bbox 3045 546 3270 613; x_wconf 82' lang='lat' dir='ltr'><strong>gentiles</strong></span> <span class='ocrx_word' id='word_1_144' title='bbox 3290 561 3400 600; x_wconf 91' lang='lat' dir='ltr'><strong>non</strong></span> <span class='ocrx_word' id='word_1_145' title='bbox 3426 559 3753 614; x_wconf 82' lang='lat' dir='ltr'><strong>permanse-</strong></span> 
     </span>
    </p>
   </div>
   <div class='ocr_carea' id='block_1_20' title="bbox 2158 634 3744 705">
    <p class='ocr_par' dir='ltr' id='par_1_20' title="bbox 2158 634 3744 705">
     <span class='ocr_line' id='line_1_20' title="bbox 2158 634 3744 705; baseline -0.002 -10"><span class='ocrx_word' id='word_1_146' title='bbox 2158 647 2283 695; x_wconf 88' lang='lat' dir='ltr'><strong>runt</strong></span> <span class='ocrx_word' id='word_1_147' title='bbox 2310 639 2367 693; x_wconf 91' lang='lat' dir='ltr'><strong>in</strong></span> <span class='ocrx_word' id='word_1_148' title='bbox 2413 637 2623 694; x_wconf 89' lang='lat' dir='ltr'><strong>unitate</strong></span> <span class='ocrx_word' id='word_1_149' title='bbox 2671 634 2811 702; x_wconf 90' lang='lat' dir='ltr'><strong>ﬁdei,</strong></span> <span class='ocrx_word' id='word_1_150' title='bbox 2830 635 2938 692; x_wconf 69' lang='lat' dir='ltr'><strong>sed</strong></span> <span class='ocrx_word' id='word_1_151' title='bbox 2961 635 3274 691; x_wconf 80' lang='lat' dir='ltr'><strong>recedentes</strong></span> <span class='ocrx_word' id='word_1_152' title='bbox 3298 651 3332 690; x_wconf 90' lang='lat' dir='ltr'><strong>a</strong></span> <span class='ocrx_word' id='word_1_153' title='bbox 3372 636 3489 691; x_wconf 86' lang='lat' dir='ltr'><strong>Deo</strong></span> <span class='ocrx_word' id='word_1_154' title='bbox 3517 635 3744 705; x_wconf 82' lang='lat' dir='ltr'><strong>dispersi</strong></span> 
     </span>
    </p>
   </div>
   <div class='ocr_carea' id='block_1_21' title="bbox 2158 720 3748 799">
    <p class='ocr_par' dir='ltr' id='par_1_21' title="bbox 2158 720 3748 799">
     <span class='ocr_line' id='line_1_21' title="bbox 2158 720 3748 799; baseline -0.003 -15"><span class='ocrx_word' id='word_1_155' title='bbox 2158 737 2304 794; x_wconf 90' lang='lat' dir='ltr'><strong>sunt,</strong></span> <span class='ocrx_word' id='word_1_156' title='bbox 2345 728 2471 799; x_wconf 88' lang='lat' dir='ltr'><strong>quia</strong></span> <span class='ocrx_word' id='word_1_157' title='bbox 2518 726 2700 782; x_wconf 83' lang='lat' dir='ltr'><strong>varios</strong></span> <span class='ocrx_word' id='word_1_158' title='bbox 2739 726 2879 781; x_wconf 80' lang='lat' dir='ltr'><strong>deos</strong></span> <span class='ocrx_word' id='word_1_159' title='bbox 2914 720 3245 792; x_wconf 82' lang='lat' dir='ltr'><strong>adorabant,</strong></span> <span class='ocrx_word' id='word_1_160' title='bbox 3275 735 3330 781; x_wconf 91' lang='lat' dir='ltr'><strong>et</strong></span> <span class='ocrx_word' id='word_1_161' title='bbox 3355 727 3572 782; x_wconf 86' lang='lat' dir='ltr'><strong>diversa</strong></span> <span class='ocrx_word' id='word_1_162' title='bbox 3600 726 3748 781; x_wconf 86' lang='lat' dir='ltr'><strong>idola</strong></span> 
     </span>
    </p>
   </div>
   <div class='ocr_carea' id='block_1_22' title="bbox 2159 815 3748 887">
    <p class='ocr_par' dir='ltr' id='par_1_22' title="bbox 2159 815 3748 887">
     <span class='ocr_line' id='line_1_22' title="bbox 2159 815 3748 887; baseline -0.004 -11"><span class='ocrx_word' id='word_1_163' title='bbox 2159 820 2412 876; x_wconf 85' lang='lat' dir='ltr'><strong>colebant</strong></span> <span class='ocrx_word' id='word_1_164' title='bbox 2440 836 2454 871; x_wconf 88' lang='lat'><strong>:</strong></span> <span class='ocrx_word' id='word_1_165' title='bbox 2488 827 2699 887; x_wconf 82' lang='lat' dir='ltr'><strong>tempus</strong></span> <span class='ocrx_word' id='word_1_166' title='bbox 2726 825 2908 872; x_wconf 90' lang='lat' dir='ltr'><strong>autem</strong></span> <span class='ocrx_word' id='word_1_167' title='bbox 2934 815 3035 871; x_wconf 82' lang='lat' dir='ltr'><strong>fuit</strong></span> <span class='ocrx_word' id='word_1_168' title='bbox 3061 816 3348 885; x_wconf 89' lang='lat' dir='ltr'><strong>colligendi</strong></span> <span class='ocrx_word' id='word_1_169' title='bbox 3389 816 3591 886; x_wconf 85' lang='lat' dir='ltr'><strong>lapides</strong></span> <span class='ocrx_word' id='word_1_170' title='bbox 3616 825 3748 887; x_wconf 64' lang='lat' dir='ltr'><strong>post</strong></span> 
     </span>
    </p>
   </div>
   <div class='ocr_carea' id='block_1_23' title="bbox 2158 905 3747 977">
    <p class='ocr_par' dir='ltr' id='par_1_23' title="bbox 2158 905 3747 977">
     <span class='ocr_line' id='line_1_23' title="bbox 2158 905 3747 977; baseline -0.004 -13"><span class='ocrx_word' id='word_1_171' title='bbox 2158 910 2446 964; x_wconf 78' lang='lat' dir='ltr'><strong>adventum</strong></span> <span class='ocrx_word' id='word_1_172' title='bbox 2493 907 2728 972; x_wconf 89' lang='lat' dir='ltr'><strong>Domini,</strong></span> <span class='ocrx_word' id='word_1_173' title='bbox 2757 907 2905 975; x_wconf 86' lang='lat' dir='ltr'><strong>quia,</strong></span> <span class='ocrx_word' id='word_1_174' title='bbox 2934 906 3076 962; x_wconf 84' lang='lat' dir='ltr'><strong>sicut</strong></span> <span class='ocrx_word' id='word_1_175' title='bbox 3101 906 3396 977; x_wconf 84' lang='lat' dir='ltr'><strong>Apostolus</strong></span> <span class='ocrx_word' id='word_1_176' title='bbox 3431 906 3553 961; x_wconf 87' lang='lat' dir='ltr'><strong>dicit</strong></span> <span class='ocrx_word' id='word_1_177' title='bbox 3584 923 3598 959; x_wconf 90' lang='lat'><strong>:</strong></span> <span class='ocrx_word' id='word_1_178' title='bbox 3636 905 3747 961; x_wconf 84' lang='lat' dir='ltr'><strong>Ubi</strong></span> 
     </span>
    </p>
   </div>
   <div class='ocr_carea' id='block_1_24' title="bbox 2157 995 3742 1069">
    <p class='ocr_par' dir='ltr' id='par_1_24' title="bbox 2157 995 3742 1069">
     <span class='ocr_line' id='line_1_24' title="bbox 2157 995 3742 1069; baseline -0.004 -15"><span class='ocrx_word' id='word_1_179' title='bbox 2157 996 2354 1054; x_wconf 80' lang='lat' dir='ltr'><strong>venerit</strong></span> <span class='ocrx_word' id='word_1_180' title='bbox 2397 995 2664 1069; x_wconf 84' lang='lat' dir='ltr'><strong>plenitudo</strong></span> <span class='ocrx_word' id='word_1_181' title='bbox 2713 996 2976 1068; x_wconf 85' lang='lat' dir='ltr'><strong>temporis,</strong></span> <span class='ocrx_word' id='word_1_182' title='bbox 3006 996 3149 1051; x_wconf 90' lang='lat' dir='ltr'><strong>misit</strong></span> <span class='ocrx_word' id='word_1_183' title='bbox 3192 997 3336 1051; x_wconf 83' lang='lat' dir='ltr'><strong>Deus</strong></span> <span class='ocrx_word' id='word_1_184' title='bbox 3363 995 3411 1047; x_wconf 83' lang='lat' dir='ltr'><em>F</em></span> <span class='ocrx_word' id='word_1_185' title='bbox 3414 997 3554 1051; x_wconf 82' lang='lat' dir='ltr'><strong>ilium</strong></span> <span class='ocrx_word' id='word_1_186' title='bbox 3577 1012 3742 1049; x_wconf 85' lang='lat' dir='ltr'><strong>suum</strong></span> 
     </span>
    </p>
   </div>
   <div class='ocr_carea' id='block_1_25' title="bbox 2160 1086 3744 1161">
    <p class='ocr_par' dir='ltr' id='par_1_25' title="bbox 2160 1086 3744 1161">
     <span class='ocr_line' id='line_1_25' title="bbox 2160 1086 3744 1161; baseline -0.003 -18"><span class='ocrx_word' id='word_1_187' title='bbox 2160 1091 2361 1161; x_wconf 89' lang='lat' dir='ltr'><strong>factum</strong></span> <span class='ocrx_word' id='word_1_188' title='bbox 2384 1104 2450 1143; x_wconf 79' lang='lat' dir='ltr'><strong>ea:</strong></span> <span class='ocrx_word' id='word_1_189' title='bbox 2470 1087 2703 1153; x_wconf 80' lang='lat' dir='ltr'><strong>muliere,</strong></span> <span class='ocrx_word' id='word_1_190' title='bbox 2724 1088 2923 1158; x_wconf 77' lang='lat' dir='ltr'><strong>factum</strong></span> <span class='ocrx_word' id='word_1_191' title='bbox 2951 1087 3044 1141; x_wconf 84' lang='lat' dir='ltr'><strong>sub</strong></span> <span class='ocrx_word' id='word_1_192' title='bbox 3072 1087 3205 1157; x_wconf 83' lang='lat' dir='ltr'><strong>lege,</strong></span> <span class='ocrx_word' id='word_1_193' title='bbox 3227 1095 3285 1140; x_wconf 90' lang='lat' dir='ltr'><strong>ut</strong></span> <span class='ocrx_word' id='word_1_194' title='bbox 3304 1103 3390 1141; x_wconf 89' lang='lat' dir='ltr'><strong>eos</strong></span> <span class='ocrx_word' id='word_1_195' title='bbox 3409 1086 3498 1156; x_wconf 85' lang='lat' dir='ltr'><strong>qui</strong></span> <span class='ocrx_word' id='word_1_196' title='bbox 3518 1087 3604 1139; x_wconf 83' lang='lat' dir='ltr'><strong>sub</strong></span> <span class='ocrx_word' id='word_1_197' title='bbox 3625 1087 3744 1156; x_wconf 82' lang='lat' dir='ltr'><strong>lege</strong></span> 
     </span>
    </p>
   </div>
   <div class='ocr_carea' id='block_1_26' title="bbox 2158 1176 3749 1246">
    <p class='ocr_par' dir='ltr' id='par_1_26' title="bbox 2158 1176 3749 1246">
     <span class='ocr_line' id='line_1_26' title="bbox 2158 1176 3749 1246; baseline -0.004 -13"><span class='ocrx_word' id='word_1_198' title='bbox 2158 1187 2312 1234; x_wconf 86' lang='lat' dir='ltr'><strong>erant</strong></span> <span class='ocrx_word' id='word_1_199' title='bbox 2338 1179 2640 1242; x_wconf 84' lang='lat' dir='ltr'><strong>redimeret,</strong></span> <span class='ocrx_word' id='word_1_200' title='bbox 2669 1185 2727 1231; x_wconf 85' lang='lat' dir='ltr'><strong>ut</strong></span> <span class='ocrx_word' id='word_1_201' title='bbox 2763 1176 3095 1246; x_wconf 85' lang='lat' dir='ltr'><strong>adoptionem</strong></span> <span class='ocrx_word' id='word_1_202' title='bbox 3136 1176 3368 1246; x_wconf 77' lang='lat' dir='ltr'><strong>ﬁliorum</strong></span> <span class='ocrx_word' id='word_1_203' title='bbox 3398 1176 3749 1244; x_wconf 79' lang='lat' dir='ltr'><strong>reciperemus</strong></span> 
     </span>
    </p>
   </div>
   <div class='ocr_carea' id='block_1_27' title="bbox 2162 1266 3744 1342">
    <p class='ocr_par' dir='ltr' id='par_1_27' title="bbox 2162 1266 3744 1342">
     <span class='ocr_line' id='line_1_27' title="bbox 2162 1266 3744 1342; baseline -0.003 -19"><span class='ocrx_word' id='word_1_204' title='bbox 2162 1268 2308 1342; x_wconf 84' lang='lat' dir='ltr'><strong>(Gal.</strong></span> <span class='ocrx_word' id='word_1_205' title='bbox 2338 1269 2436 1340; x_wconf 82' lang='lat' dir='ltr'><strong>tv).</strong></span> <span class='ocrx_word' id='word_1_206' title='bbox 2462 1268 2614 1324; x_wconf 89' lang='lat' dir='ltr'><strong>Tunc</strong></span> <span class='ocrx_word' id='word_1_207' title='bbox 2639 1268 2839 1337; x_wconf 89' lang='lat' dir='ltr'><strong>quippe</strong></span> <span class='ocrx_word' id='word_1_208' title='bbox 2863 1268 3029 1337; x_wconf 83' lang='lat' dir='ltr'><strong>cmpit</strong></span> <span class='ocrx_word' id='word_1_209' title='bbox 3054 1268 3309 1335; x_wconf 73' lang='lat' dir='ltr'><strong>colligere</strong></span> <span class='ocrx_word' id='word_1_210' title='bbox 3337 1267 3559 1338; x_wconf 85' lang='lat' dir='ltr'><strong>lapides,</strong></span> <span class='ocrx_word' id='word_1_211' title='bbox 3591 1266 3744 1336; x_wconf 77' lang='lat' dir='ltr'><strong>quia,</strong></span> 
     </span>
    </p>
   </div>
   <div class='ocr_carea' id='block_1_28' title="bbox 2163 1356 3751 1430">
    <p class='ocr_par' dir='ltr' id='par_1_28' title="bbox 2163 1356 3751 1430">
     <span class='ocr_line' id='line_1_28' title="bbox 2163 1356 3751 1430; baseline -0.004 -16"><span class='ocrx_word' id='word_1_212' title='bbox 2163 1366 2386 1430; x_wconf 89' lang='lat' dir='ltr'><strong>peracto</strong></span> <span class='ocrx_word' id='word_1_213' title='bbox 2406 1356 2673 1428; x_wconf 81' lang='lat' dir='ltr'><strong>passionis</strong></span> <span class='ocrx_word' id='word_1_214' title='bbox 2699 1371 2764 1411; x_wconf 88' lang='lat' dir='ltr'><strong>ac</strong></span> <span class='ocrx_word' id='word_1_215' title='bbox 2787 1357 3201 1412; x_wconf 81' lang='lat' dir='ltr'><strong>resurrectionis</strong></span> <span class='ocrx_word' id='word_1_216' title='bbox 3223 1371 3334 1410; x_wconf 68' lang='lat' dir='ltr'><strong>suae</strong></span> <span class='ocrx_word' id='word_1_217' title='bbox 3361 1356 3643 1426; x_wconf 84' lang='lat' dir='ltr'><strong>mysterio,</strong></span> <span class='ocrx_word' id='word_1_218' title='bbox 3669 1356 3751 1408; x_wconf 79' lang='lat' dir='ltr'><strong>di-</strong></span> 
     </span>
    </p>
   </div>
   <div class='ocr_carea' id='block_1_29' title="bbox 2162 1444 3747 1520">
    <p class='ocr_par' dir='ltr' id='par_1_29' title="bbox 2162 1444 3747 1520">
     <span class='ocr_line' id='line_1_29' title="bbox 2162 1444 3747 1520; baseline -0.005 -15"><span class='ocrx_word' id='word_1_219' title='bbox 2162 1451 2304 1505; x_wconf 90' lang='lat' dir='ltr'><strong>rexit</strong></span> <span class='ocrx_word' id='word_1_220' title='bbox 2341 1447 2621 1520; x_wconf 87' lang='lat' dir='ltr'><strong>apostolos</strong></span> <span class='ocrx_word' id='word_1_221' title='bbox 2646 1461 2774 1502; x_wconf 87' lang='lat' dir='ltr'><strong>suos</strong></span> <span class='ocrx_word' id='word_1_222' title='bbox 2799 1446 2855 1500; x_wconf 93' lang='lat' dir='ltr'><strong>in</strong></span> <span class='ocrx_word' id='word_1_223' title='bbox 2884 1447 3191 1503; x_wconf 83' lang='lat' dir='ltr'><strong>universum</strong></span> <span class='ocrx_word' id='word_1_224' title='bbox 3231 1454 3498 1500; x_wconf 89' lang='lat' dir='ltr'><strong>terrarum</strong></span> <span class='ocrx_word' id='word_1_225' title='bbox 3525 1444 3747 1509; x_wconf 86' lang='lat' dir='ltr'><strong>orbem,</strong></span> 
     </span>
    </p>
   </div>
   <div class='ocr_carea' id='block_1_30' title="bbox 2161 1534 3746 1608">
    <p class='ocr_par' dir='ltr' id='par_1_30' title="bbox 2161 1534 3746 1608">
     <span class='ocr_line' id='line_1_30' title="bbox 2161 1534 3746 1608; baseline -0.008 -12"><span class='ocrx_word' id='word_1_226' title='bbox 2161 1541 2392 1596; x_wconf 90' lang='lat' dir='ltr'><strong>dicens:</strong></span> <span class='ocrx_word' id='word_1_227' title='bbox 2424 1537 2527 1606; x_wconf 85' lang='lat' dir='ltr'><strong>Ite,</strong></span> <span class='ocrx_word' id='word_1_228' title='bbox 2576 1538 2753 1593; x_wconf 88' lang='lat' dir='ltr'><strong>docete</strong></span> <span class='ocrx_word' id='word_1_229' title='bbox 2803 1553 2980 1591; x_wconf 77' lang='lat' dir='ltr'><strong>omnes</strong></span> <span class='ocrx_word' id='word_1_230' title='bbox 3032 1545 3243 1608; x_wconf 83' lang='lat' dir='ltr'><strong>gentes,</strong></span> <span class='ocrx_word' id='word_1_231' title='bbox 3269 1534 3529 1606; x_wconf 73' lang='lat' dir='ltr'><strong>baptizale</strong></span> <span class='ocrx_word' id='word_1_232' title='bbox 3571 1549 3663 1589; x_wconf 86' lang='lat' dir='ltr'><strong>eos</strong></span> <span class='ocrx_word' id='word_1_233' title='bbox 3690 1536 3746 1586; x_wconf 74' lang='lat' dir='ltr'><strong>in</strong></span> 
     </span>
    </p>
   </div>
   <div class='ocr_carea' id='block_1_31' title="bbox 2162 1622 3746 1695">
    <p class='ocr_par' dir='ltr' id='par_1_31' title="bbox 2162 1622 3746 1695">
     <span class='ocr_line' id='line_1_31' title="bbox 2162 1622 3746 1695; baseline -0.007 -9"><span class='ocrx_word' id='word_1_234' title='bbox 2162 1631 2373 1686; x_wconf 79' lang='lat' dir='ltr'><strong>nomine</strong></span> <span class='ocrx_word' id='word_1_235' title='bbox 2410 1627 2615 1695; x_wconf 88' lang='lat' dir='ltr'><strong>Patris,</strong></span> <span class='ocrx_word' id='word_1_236' title='bbox 2644 1636 2695 1681; x_wconf 88' lang='lat' dir='ltr'><strong>et</strong></span> <span class='ocrx_word' id='word_1_237' title='bbox 2736 1624 2899 1692; x_wconf 84' lang='lat' dir='ltr'><strong>Filii,</strong></span> <span class='ocrx_word' id='word_1_238' title='bbox 2927 1635 2979 1680; x_wconf 89' lang='lat' dir='ltr'><strong>et</strong></span> <span class='ocrx_word' id='word_1_239' title='bbox 3023 1625 3257 1695; x_wconf 88' lang='lat' dir='ltr'><strong>Spiritus</strong></span> <span class='ocrx_word' id='word_1_240' title='bbox 3304 1627 3475 1686; x_wconf 70' lang='lat' dir='ltr'><strong>sancti</strong></span> <span class='ocrx_word' id='word_1_241' title='bbox 3501 1628 3521 1695; x_wconf 87' lang='lat'><strong>(</strong></span> <span class='ocrx_word' id='word_1_242' title='bbox 3544 1622 3746 1677; x_wconf 71' lang='lat' dir='ltr'><strong>Matth.</strong></span> 
     </span>
    </p>
   </div>
   <div class='ocr_carea' id='block_1_32' title="bbox 2164 1715 3747 1789">
    <p class='ocr_par' dir='ltr' id='par_1_32' title="bbox 2164 1715 3747 1789">
     <span class='ocr_line' id='line_1_32' title="bbox 2164 1715 3747 1789; baseline -0.005 -13"><span class='ocrx_word' id='word_1_243' title='bbox 2164 1721 2376 1789; x_wconf 84' lang='lat' dir='ltr'><strong>xxvnt).</strong></span> <span class='ocrx_word' id='word_1_244' title='bbox 2405 1719 2612 1775; x_wconf 88' lang='lat' dir='ltr'><strong>Deinde</strong></span> <span class='ocrx_word' id='word_1_245' title='bbox 2638 1717 2913 1773; x_wconf 83' lang='lat' dir='ltr'><strong>celebrato</strong></span> <span class='ocrx_word' id='word_1_246' title='bbox 2940 1716 3351 1786; x_wconf 88' lang='lat' dir='ltr'><strong>quadragesimo</strong></span> <span class='ocrx_word' id='word_1_247' title='bbox 3397 1715 3507 1781; x_wconf 90' lang='lat' dir='ltr'><strong>die,</strong></span> <span class='ocrx_word' id='word_1_248' title='bbox 3539 1724 3747 1785; x_wconf 81' lang='lat' dir='ltr'><strong>myste-</strong></span> 
     </span>
    </p>
   </div>
   <div class='ocr_carea' id='block_1_33' title="bbox 494 1796 3747 1893">
    <p class='ocr_par' dir='ltr' id='par_1_33' title="bbox 494 1796 3747 1893">
     <span class='ocr_line' id='line_1_33' title="bbox 494 1796 3747 1893; baseline -0.011 -13"><span class='ocrx_word' id='word_1_249' title='bbox 494 1796 783 1882; x_wconf 69' lang='lat' dir='ltr'><strong>ricnrditer</strong></span> <span class='ocrx_word' id='word_1_250' title='bbox 803 1796 1012 1882; x_wconf 77' lang='lat' dir='ltr'><strong>afﬂixit.</strong></span> <span class='ocrx_word' id='word_1_251' title='bbox 1039 1836 1136 1890; x_wconf 89' lang='lat' dir='ltr'><strong>per</strong></span> <span class='ocrx_word' id='word_1_252' title='bbox 1166 1817 1435 1873; x_wconf 73' lang='lat' dir='ltr'><strong>occultam</strong></span> <span class='ocrx_word' id='word_1_253' title='bbox 1463 1809 1879 1880; x_wconf 63' lang='lat' dir='ltr'><strong>inspiratione!!!</strong></span> <span class='ocrx_word' id='word_1_254' title='bbox 1909 1814 2065 1857; x_wconf 81' lang='lat' dir='ltr'><strong>com-</strong></span> <span class='ocrx_word' id='word_1_255' title='bbox 2094 1834 2141 1893; x_wconf 71' lang='grc' dir='ltr'><strong>Β</strong></span> <span class='ocrx_word' id='word_1_256' title='bbox 2166 1812 2248 1866; x_wconf 70' lang='lat' dir='ltr'><strong>rio</strong></span> <span class='ocrx_word' id='word_1_257' title='bbox 2276 1808 2614 1865; x_wconf 74' lang='lat' dir='ltr'><strong>ascensionis</strong></span> <span class='ocrx_word' id='word_1_258' title='bbox 2652 1807 2708 1861; x_wconf 81' lang='lat' dir='ltr'><strong>in</strong></span> <span class='ocrx_word' id='word_1_259' title='bbox 2747 1807 2949 1872; x_wconf 56' lang='lat' dir='ltr'><strong>cados,</strong></span> <span class='ocrx_word' id='word_1_260' title='bbox 2976 1821 3104 1861; x_wconf 65' lang='grc' dir='ltr'>ιιιοχ</span> <span class='ocrx_word' id='word_1_261' title='bbox 3132 1796 3296 1861; x_wconf 54' lang='lat' dir='ltr'><strong>“(ab</strong></span> <span class='ocrx_word' id='word_1_262' title='bbox 3321 1806 3582 1874; x_wconf 56' lang='lat' dir='ltr'><strong>apostolis</strong></span> <span class='ocrx_word' id='word_1_263' title='bbox 3601 1804 3747 1857; x_wconf 67' lang='lat' dir='ltr'><strong>fama</strong></span> 
     </span>
    </p>
   </div>
   <div class='ocr_carea' id='block_1_34' title="bbox 496 1911 1610 1988">
    <p class='ocr_par' dir='ltr' id='par_1_34' title="bbox 496 1911 1610 1988">
     <span class='ocr_line' id='line_1_34' title="bbox 496 1911 1610 1988; baseline -0.011 -17"><span class='ocrx_word' id='word_1_264' title='bbox 496 1918 707 1988; x_wconf 73' lang='lat' dir='ltr'><strong>pungit,</strong></span> <span class='ocrx_word' id='word_1_265' title='bbox 744 1926 799 1969; x_wconf 90' lang='lat' dir='ltr'><strong>et</strong></span> <span class='ocrx_word' id='word_1_266' title='bbox 833 1915 896 1967; x_wconf 91' lang='lat' dir='ltr'><strong>ad</strong></span> <span class='ocrx_word' id='word_1_267' title='bbox 932 1911 1304 1981; x_wconf 79' lang='lat' dir='ltr'><strong>pmnitentiam</strong></span> <span class='ocrx_word' id='word_1_268' title='bbox 1332 1915 1610 1977; x_wconf 86' lang='lat' dir='ltr'><strong>provocat.</strong></span> 
     </span>
    </p>
   </div>
   <div class='ocr_carea' id='block_1_35' title="bbox 568 1985 2073 2073">
    <p class='ocr_par' dir='ltr' id='par_1_35' title="bbox 568 1985 2073 2073">
     <span class='ocr_line' id='line_1_35' title="bbox 568 1985 2073 2073; baseline -0.017 -10"><span class='ocrx_word' id='word_1_269' title='bbox 568 2009 831 2063; x_wconf 60' lang='lat' dir='ltr'><strong>VERANUS.</strong></span> <span class='ocrx_word' id='word_1_270' title='bbox 865 2008 939 2059; x_wconf 87' lang='lat' dir='ltr'><strong>De</strong></span> <span class='ocrx_word' id='word_1_271' title='bbox 967 2020 1072 2073; x_wconf 90' lang='lat' dir='ltr'><strong>qua</strong></span> <span class='ocrx_word' id='word_1_272' title='bbox 1102 2001 1476 2057; x_wconf 88' lang='lat' dir='ltr'><strong>destructione</strong></span> <span class='ocrx_word' id='word_1_273' title='bbox 1504 1996 1587 2050; x_wconf 87' lang='lat' dir='ltr'><strong>vel</strong></span> <span class='ocrx_word' id='word_1_274' title='bbox 1608 1985 2073 2047; x_wconf 83' lang='lat' dir='ltr'><strong>:rdiﬂcationclo-</strong></span> 
     </span>
    </p>
   </div>
   <div class='ocr_carea' id='block_1_36' title="bbox 496 2076 2072 2167">
    <p class='ocr_par' dir='ltr' id='par_1_36' title="bbox 496 2076 2072 2167">
     <span class='ocr_line' id='line_1_36' title="bbox 496 2076 2072 2167; baseline -0.016 -14"><span class='ocrx_word' id='word_1_275' title='bbox 496 2103 704 2167; x_wconf 85' lang='lat' dir='ltr'><strong>quitur,</strong></span> <span class='ocrx_word' id='word_1_276' title='bbox 735 2115 858 2152; x_wconf 85' lang='lat' dir='ltr'><strong>cum</strong></span> <span class='ocrx_word' id='word_1_277' title='bbox 884 2098 1016 2152; x_wconf 81' lang='lat' dir='ltr'><strong>dicit</strong></span> <span class='ocrx_word' id='word_1_278' title='bbox 1047 2095 1303 2164; x_wconf 80' lang='lat' dir='ltr'><strong>:Tempus</strong></span> <span class='ocrx_word' id='word_1_279' title='bbox 1335 2087 1635 2145; x_wconf 80' lang='lat' dir='ltr'><strong>destruendi</strong></span> <span class='ocrx_word' id='word_1_280' title='bbox 1656 2094 1704 2140; x_wconf 89' lang='lat' dir='ltr'><strong>et</strong></span> <span class='ocrx_word' id='word_1_281' title='bbox 1723 2093 1924 2148; x_wconf 84' lang='lat' dir='ltr'><strong>tempus</strong></span> <span class='ocrx_word' id='word_1_282' title='bbox 1941 2076 2072 2133; x_wconf 73' lang='lat' dir='ltr'><strong>tedi-</strong></span> 
     </span>
    </p>
   </div>
   <div class='ocr_carea' id='block_1_37' title="bbox 496 2169 2073 2261">
    <p class='ocr_par' dir='ltr' id='par_1_37' title="bbox 496 2169 2073 2261">
     <span class='ocr_line' id='line_1_37' title="bbox 496 2169 2073 2261; baseline -0.017 -14"><span class='ocrx_word' id='word_1_283' title='bbox 496 2189 891 2261; x_wconf 79' lang='lat' dir='ltr'><strong>ﬁcandi(Eccle.</strong></span> <span class='ocrx_word' id='word_1_284' title='bbox 903 2188 1010 2256; x_wconf 74' lang='lat' dir='ltr'><strong>ut)?</strong></span> <span class='ocrx_word' id='word_1_285' title='bbox 1025 2184 1299 2254; x_wconf 82' lang='lat' dir='ltr'><strong>Numquid</strong></span> <span class='ocrx_word' id='word_1_286' title='bbox 1319 2183 1386 2237; x_wconf 85' lang='lat' dir='ltr'><strong>de</strong></span> <span class='ocrx_word' id='word_1_287' title='bbox 1400 2176 1759 2236; x_wconf 76' lang='lat' dir='ltr'><strong>aediﬁcatione</strong></span> <span class='ocrx_word' id='word_1_288' title='bbox 1775 2188 1840 2227; x_wconf 89' lang='lat' dir='ltr'><strong>ac</strong></span> <span class='ocrx_word' id='word_1_289' title='bbox 1855 2169 2073 2261; x_wconf 79' lang='lat' dir='ltr'><strong>destru-</strong></span> 
     </span>
    </p>
   </div>
   <div class='ocr_carea' id='block_1_38' title="bbox 492 2258 2068 2340">
    <p class='ocr_par' dir='ltr' id='par_1_38' title="bbox 492 2258 2068 2340">
     <span class='ocr_line' id='line_1_38' title="bbox 492 2258 2068 2340; baseline -0.013 -8"><span class='ocrx_word' id='word_1_290' title='bbox 492 2258 671 2332; x_wconf 77' lang='lat' dir='ltr'><strong>ctione</strong></span> <span class='ocrx_word' id='word_1_291' title='bbox 700 2258 979 2329; x_wconf 91' lang='lat' dir='ltr'><strong>domorum</strong></span> <span class='ocrx_word' id='word_1_292' title='bbox 1010 2272 1279 2340; x_wconf 80' lang='lat' dir='ltr'><strong>loquitur?</strong></span> <span class='ocrx_word' id='word_1_293' title='bbox 1308 2268 1448 2337; x_wconf 88' lang='lat' dir='ltr'><strong>Quid</strong></span> <span class='ocrx_word' id='word_1_294' title='bbox 1477 2265 1620 2322; x_wconf 88' lang='lat' dir='ltr'><strong>enim</strong></span> <span class='ocrx_word' id='word_1_295' title='bbox 1649 2263 1809 2320; x_wconf 87' lang='lat' dir='ltr'><strong>nobis</strong></span> <span class='ocrx_word' id='word_1_296' title='bbox 1842 2258 2068 2331; x_wconf 85' lang='lat' dir='ltr'><strong>prodes-</strong></span> 
     </span>
    </p>
   </div>
   <div class='ocr_carea' id='block_1_39' title="bbox 492 2349 2068 2431">
    <p class='ocr_par' dir='ltr' id='par_1_39' title="bbox 492 2349 2068 2431">
     <span class='ocr_line' id='line_1_39' title="bbox 492 2349 2068 2431; baseline -0.01 -10"><span class='ocrx_word' id='word_1_297' title='bbox 492 2375 596 2431; x_wconf 86' lang='lat' dir='ltr'><strong>set,</strong></span> <span class='ocrx_word' id='word_1_298' title='bbox 623 2366 668 2420; x_wconf 88' lang='lat' dir='ltr'><strong>si</strong></span> <span class='ocrx_word' id='word_1_299' title='bbox 715 2366 821 2419; x_wconf 84' lang='lat' dir='ltr'><strong>hoc</strong></span> <span class='ocrx_word' id='word_1_300' title='bbox 856 2363 1093 2418; x_wconf 84' lang='lat' dir='ltr'><strong>diceret?</strong></span> <span class='ocrx_word' id='word_1_301' title='bbox 1131 2359 1261 2428; x_wconf 85' lang='lat' dir='ltr'><strong>Quis</strong></span> <span class='ocrx_word' id='word_1_302' title='bbox 1289 2361 1432 2415; x_wconf 89' lang='lat' dir='ltr'><strong>enim</strong></span> <span class='ocrx_word' id='word_1_303' title='bbox 1460 2356 1633 2412; x_wconf 89' lang='lat' dir='ltr'><strong>nescit</strong></span> <span class='ocrx_word' id='word_1_304' title='bbox 1658 2353 1804 2425; x_wconf 92' lang='lat' dir='ltr'><strong>quod</strong></span> <span class='ocrx_word' id='word_1_305' title='bbox 1841 2351 1935 2407; x_wconf 85' lang='lat' dir='ltr'><strong>alii</strong></span> <span class='ocrx_word' id='word_1_306' title='bbox 1970 2349 2068 2406; x_wconf 80' lang='lat' dir='ltr'><strong>do-</strong></span> 
     </span>
    </p>
   </div>
   <div class='ocr_carea' id='block_1_40' title="bbox 493 2447 1463 2523">
    <p class='ocr_par' dir='ltr' id='par_1_40' title="bbox 493 2447 1463 2523">
     <span class='ocr_line' id='line_1_40' title="bbox 493 2447 1463 2523; baseline -0.01 -11"><span class='ocrx_word' id='word_1_307' title='bbox 493 2464 726 2523; x_wconf 85' lang='lat' dir='ltr'><strong>struunt,</strong></span> <span class='ocrx_word' id='word_1_308' title='bbox 755 2464 812 2509; x_wconf 92' lang='lat' dir='ltr'><strong>et</strong></span> <span class='ocrx_word' id='word_1_309' title='bbox 830 2454 918 2508; x_wconf 91' lang='lat' dir='ltr'><strong>alii</strong></span> <span class='ocrx_word' id='word_1_310' title='bbox 943 2452 1207 2507; x_wconf 71' lang='lat' dir='ltr'><strong>mditicant</strong></span> <span class='ocrx_word' id='word_1_311' title='bbox 1236 2447 1463 2505; x_wconf 83' lang='lat' dir='ltr'><strong>domos?</strong></span> 
     </span>
    </p>
   </div>
   <div class='ocr_carea' id='block_1_41' title="bbox 564 2531 2069 2609">
    <p class='ocr_par' dir='ltr' id='par_1_41' title="bbox 564 2531 2069 2609">
     <span class='ocr_line' id='line_1_41' title="bbox 564 2531 2069 2609; baseline -0.013 -8"><span class='ocrx_word' id='word_1_312' title='bbox 564 2546 844 2601; x_wconf 67' lang='lat' dir='ltr'><strong>SALONIUS.</strong></span> <span class='ocrx_word' id='word_1_313' title='bbox 868 2543 986 2598; x_wconf 83' lang='lat' dir='ltr'><strong>Non</strong></span> <span class='ocrx_word' id='word_1_314' title='bbox 1016 2541 1104 2597; x_wconf 89' lang='lat' dir='ltr'><strong>hic</strong></span> <span class='ocrx_word' id='word_1_315' title='bbox 1129 2540 1364 2609; x_wconf 89' lang='lat' dir='ltr'><strong>loquitur</strong></span> <span class='ocrx_word' id='word_1_316' title='bbox 1390 2536 1648 2593; x_wconf 90' lang='lat' dir='ltr'><strong>Salomon</strong></span> <span class='ocrx_word' id='word_1_317' title='bbox 1676 2532 1744 2589; x_wconf 89' lang='lat' dir='ltr'><strong>de</strong></span> <span class='ocrx_word' id='word_1_318' title='bbox 1762 2531 2069 2597; x_wconf 89' lang='lat' dir='ltr'><strong>domorum,</strong></span> 
     </span>
    </p>
   </div>
   <div class='ocr_carea' id='block_1_42' title="bbox 497 2621 2071 2694">
    <p class='ocr_par' dir='ltr' id='par_1_42' title="bbox 497 2621 2071 2694">
     <span class='ocr_line' id='line_1_42' title="bbox 497 2621 2071 2694; baseline -0.01 -3"><span class='ocrx_word' id='word_1_319' title='bbox 497 2636 593 2692; x_wconf 89' lang='lat' dir='ltr'><strong>sed</strong></span> <span class='ocrx_word' id='word_1_320' title='bbox 618 2636 685 2691; x_wconf 89' lang='lat' dir='ltr'><strong>de</strong></span> <span class='ocrx_word' id='word_1_321' title='bbox 711 2635 973 2689; x_wconf 86' lang='lat' dir='ltr'><strong>malorum</strong></span> <span class='ocrx_word' id='word_1_322' title='bbox 1014 2630 1400 2694; x_wconf 86' lang='lat' dir='ltr'><strong>destructione,</strong></span> <span class='ocrx_word' id='word_1_323' title='bbox 1430 2637 1485 2682; x_wconf 90' lang='lat' dir='ltr'><strong>et</strong></span> <span class='ocrx_word' id='word_1_324' title='bbox 1509 2624 1865 2682; x_wconf 65' lang='lat' dir='ltr'><strong>aediﬁcatione</strong></span> <span class='ocrx_word' id='word_1_325' title='bbox 1892 2621 2071 2677; x_wconf 84' lang='lat' dir='ltr'><strong>bono-</strong></span> 
     </span>
    </p>
   </div>
   <div class='ocr_carea' id='block_1_43' title="bbox 504 2714 2074 2797">
    <p class='ocr_par' dir='ltr' id='par_1_43' title="bbox 504 2714 2074 2797">
     <span class='ocr_line' id='line_1_43' title="bbox 504 2714 2074 2797; baseline -0.013 -13"><span class='ocrx_word' id='word_1_326' title='bbox 504 2744 655 2794; x_wconf 86' lang='lat' dir='ltr'><strong>rum;</strong></span> <span class='ocrx_word' id='word_1_327' title='bbox 685 2726 938 2797; x_wconf 88' lang='lat' dir='ltr'><strong>quoniam</strong></span> <span class='ocrx_word' id='word_1_328' title='bbox 968 2737 1188 2777; x_wconf 79' lang='lat' dir='ltr'><strong>necesse</strong></span> <span class='ocrx_word' id='word_1_329' title='bbox 1215 2719 1471 2790; x_wconf 89' lang='lat' dir='ltr'><strong>estprius</strong></span> <span class='ocrx_word' id='word_1_330' title='bbox 1509 2716 1647 2770; x_wconf 89' lang='lat' dir='ltr'><strong>mala</strong></span> <span class='ocrx_word' id='word_1_331' title='bbox 1676 2714 1986 2775; x_wconf 86' lang='lat' dir='ltr'><strong>destruere,</strong></span> <span class='ocrx_word' id='word_1_332' title='bbox 2018 2716 2074 2764; x_wconf 89' lang='lat' dir='ltr'><strong>et</strong></span> 
     </span>
    </p>
   </div>
   <div class='ocr_carea' id='block_1_44' title="bbox 500 2800 2074 2887">
    <p class='ocr_par' dir='ltr' id='par_1_44' title="bbox 500 2800 2074 2887">
     <span class='ocr_line' id='line_1_44' title="bbox 500 2800 2074 2887; baseline -0.012 -14"><span class='ocrx_word' id='word_1_333' title='bbox 500 2820 576 2873; x_wconf 88' lang='lat' dir='ltr'><strong>sic</strong></span> <span class='ocrx_word' id='word_1_334' title='bbox 604 2820 743 2873; x_wconf 88' lang='lat' dir='ltr'><strong>bona</strong></span> <span class='ocrx_word' id='word_1_335' title='bbox 765 2825 949 2887; x_wconf 86' lang='lat' dir='ltr'><strong>postea</strong></span> <span class='ocrx_word' id='word_1_336' title='bbox 976 2811 1256 2875; x_wconf 74' lang='lat' dir='ltr'><strong>mdiﬁcare,</strong></span> <span class='ocrx_word' id='word_1_337' title='bbox 1278 2810 1431 2880; x_wconf 87' lang='lat' dir='ltr'><strong>juxta</strong></span> <span class='ocrx_word' id='word_1_338' title='bbox 1459 2808 1588 2863; x_wconf 92' lang='lat' dir='ltr'><strong>illud</strong></span> <span class='ocrx_word' id='word_1_339' title='bbox 1608 2804 1903 2861; x_wconf 79' lang='lat' dir='ltr'><strong>Psalmista&#39;:</strong></span> <span class='ocrx_word' id='word_1_340' title='bbox 1927 2820 1941 2855; x_wconf 90' lang='lat'>:</span> <span class='ocrx_word' id='word_1_341' title='bbox 1969 2800 2074 2855; x_wconf 81' lang='lat' dir='ltr'><strong>De-</strong></span> 
     </span>
    </p>
   </div>
   <div class='ocr_carea' id='block_1_45' title="bbox 502 2893 2073 2973">
    <p class='ocr_par' dir='ltr' id='par_1_45' title="bbox 502 2893 2073 2973">
     <span class='ocr_line' id='line_1_45' title="bbox 502 2893 2073 2973; baseline -0.011 -9"><span class='ocrx_word' id='word_1_342' title='bbox 502 2911 642 2963; x_wconf 89' lang='lat' dir='ltr'><strong>clina</strong></span> <span class='ocrx_word' id='word_1_343' title='bbox 670 2924 703 2960; x_wconf 93' lang='lat' dir='ltr'><strong>a</strong></span> <span class='ocrx_word' id='word_1_344' title='bbox 728 2906 883 2970; x_wconf 89' lang='lat' dir='ltr'><strong>malo,</strong></span> <span class='ocrx_word' id='word_1_345' title='bbox 908 2914 959 2959; x_wconf 90' lang='lat' dir='ltr'><strong>et</strong></span> <span class='ocrx_word' id='word_1_346' title='bbox 997 2906 1081 2973; x_wconf 90' lang='lat' dir='ltr'><strong>fac</strong></span> <span class='ocrx_word' id='word_1_347' title='bbox 1110 2900 1296 2956; x_wconf 87' lang='lat' dir='ltr'><strong>bonum</strong></span> <span class='ocrx_word' id='word_1_348' title='bbox 1343 2898 1521 2972; x_wconf 85' lang='lat' dir='ltr'><strong>(Psal.</strong></span> <span class='ocrx_word' id='word_1_349' title='bbox 1563 2897 1769 2965; x_wconf 77' lang='lat' dir='ltr'><strong>xxxvi).</strong></span> <span class='ocrx_word' id='word_1_350' title='bbox 1799 2893 1915 2949; x_wconf 82' lang='lat' dir='ltr'><strong>Hoc</strong></span> <span class='ocrx_word' id='word_1_351' title='bbox 1945 2903 2073 2959; x_wconf 82' lang='lat' dir='ltr'><strong>ergo</strong></span> 
     </span>
    </p>
   </div>
   <div class='ocr_carea' id='block_1_46' title="bbox 501 2988 2077 3067">
    <p class='ocr_par' dir='ltr' id='par_1_46' title="bbox 501 2988 2077 3067">
     <span class='ocr_line' id='line_1_46' title="bbox 501 2988 2077 3067; baseline -0.012 -12"><span class='ocrx_word' id='word_1_352' title='bbox 501 3001 649 3063; x_wconf 86' lang='lat' dir='ltr'><strong>dicit,</strong></span> <span class='ocrx_word' id='word_1_353' title='bbox 679 2998 803 3067; x_wconf 90' lang='lat' dir='ltr'><strong>quia</strong></span> <span class='ocrx_word' id='word_1_354' title='bbox 829 3006 1037 3064; x_wconf 80' lang='lat' dir='ltr'><strong>tempus</strong></span> <span class='ocrx_word' id='word_1_355' title='bbox 1059 3001 1139 3047; x_wconf 90' lang='lat' dir='ltr'><strong>est</strong></span> <span class='ocrx_word' id='word_1_356' title='bbox 1167 2989 1478 3046; x_wconf 88' lang='lat' dir='ltr'><strong>destruendi</strong></span> <span class='ocrx_word' id='word_1_357' title='bbox 1502 2988 1641 3043; x_wconf 90' lang='lat' dir='ltr'><strong>mala</strong></span> <span class='ocrx_word' id='word_1_358' title='bbox 1670 2994 1727 3042; x_wconf 91' lang='lat' dir='ltr'><strong>et</strong></span> <span class='ocrx_word' id='word_1_359' title='bbox 1751 2994 1964 3054; x_wconf 88' lang='lat' dir='ltr'><strong>tempus</strong></span> <span class='ocrx_word' id='word_1_360' title='bbox 1991 2990 2077 3038; x_wconf 89' lang='lat' dir='ltr'><strong>est</strong></span> 
     </span>
    </p>
   </div>
   <div class='ocr_carea' id='block_1_47' title="bbox 503 3076 2075 3151">
    <p class='ocr_par' dir='ltr' id='par_1_47' title="bbox 503 3076 2075 3151">
     <span class='ocr_line' id='line_1_47' title="bbox 503 3076 2075 3151; baseline -0.01 -8"><span class='ocrx_word' id='word_1_361' title='bbox 503 3086 793 3143; x_wconf 70' lang='lat' dir='ltr'><strong>mliﬁcandi</strong></span> <span class='ocrx_word' id='word_1_362' title='bbox 822 3085 981 3148; x_wconf 88' lang='lat' dir='ltr'><strong>bona,</strong></span> <span class='ocrx_word' id='word_1_363' title='bbox 1004 3081 1256 3151; x_wconf 88' lang='lat' dir='ltr'><strong>quoniam</strong></span> <span class='ocrx_word' id='word_1_364' title='bbox 1277 3080 1331 3134; x_wconf 92' lang='lat' dir='ltr'><strong>in</strong></span> <span class='ocrx_word' id='word_1_365' title='bbox 1360 3077 1605 3150; x_wconf 74' lang='lat' dir='ltr'><strong>prmsenti</strong></span> <span class='ocrx_word' id='word_1_366' title='bbox 1626 3076 1737 3131; x_wconf 91' lang='lat' dir='ltr'><strong>vita</strong></span> <span class='ocrx_word' id='word_1_367' title='bbox 1757 3087 2075 3131; x_wconf 88' lang='lat' dir='ltr'><strong>concessum</strong></span> 
     </span>
    </p>
   </div>
   <div class='ocr_carea' id='block_1_48' title="bbox 2167 1894 3744 1967">
    <p class='ocr_par' dir='ltr' id='par_1_48' title="bbox 2167 1894 3744 1967">
     <span class='ocr_line' id='line_1_48' title="bbox 2167 1894 3744 1967; baseline -0.004 -13"><span class='ocrx_word' id='word_1_368' title='bbox 2167 1898 2402 1955; x_wconf 88' lang='lat' dir='ltr'><strong>nominis</strong></span> <span class='ocrx_word' id='word_1_369' title='bbox 2421 1896 2537 1967; x_wconf 85' lang='lat' dir='ltr'><strong>ejus</strong></span> <span class='ocrx_word' id='word_1_370' title='bbox 2562 1896 2756 1952; x_wconf 74' lang='lat' dir='ltr'><strong>diliusa</strong></span> <span class='ocrx_word' id='word_1_371' title='bbox 2779 1903 2885 1963; x_wconf 87' lang='lat' dir='ltr'><strong>est,</strong></span> <span class='ocrx_word' id='word_1_372' title='bbox 2915 1896 3077 1966; x_wconf 86' lang='lat' dir='ltr'><strong>longe</strong></span> <span class='ocrx_word' id='word_1_373' title='bbox 3098 1895 3314 1965; x_wconf 87' lang='lat' dir='ltr'><strong>lateque</strong></span> <span class='ocrx_word' id='word_1_374' title='bbox 3339 1910 3437 1964; x_wconf 89' lang='lat' dir='ltr'><strong>per</strong></span> <span class='ocrx_word' id='word_1_375' title='bbox 3461 1894 3744 1958; x_wconf 82' lang='lat' dir='ltr'><strong>mundum,</strong></span> 
     </span>
    </p>
   </div>
   <div class='ocr_carea' id='block_1_49' title="bbox 2168 1985 3748 2059">
    <p class='ocr_par' dir='ltr' id='par_1_49' title="bbox 2168 1985 3748 2059">
     <span class='ocr_line' id='line_1_49' title="bbox 2168 1985 3748 2059; baseline -0.004 -16"><span class='ocrx_word' id='word_1_376' title='bbox 2168 1987 2401 2059; x_wconf 86' lang='lat' dir='ltr'><strong>lapides,</strong></span> <span class='ocrx_word' id='word_1_377' title='bbox 2437 1985 2490 2041; x_wconf 91' lang='lat' dir='ltr'><strong>id</strong></span> <span class='ocrx_word' id='word_1_378' title='bbox 2516 1994 2601 2041; x_wconf 87' lang='lat' dir='ltr'><strong>est</strong></span> <span class='ocrx_word' id='word_1_379' title='bbox 2642 1986 2888 2054; x_wconf 77' lang='lat' dir='ltr'><strong>gentiles,</strong></span> <span class='ocrx_word' id='word_1_380' title='bbox 2917 1985 3011 2054; x_wconf 88' lang='lat' dir='ltr'><strong>qui</strong></span> <span class='ocrx_word' id='word_1_381' title='bbox 3051 1993 3207 2039; x_wconf 88' lang='lat' dir='ltr'><strong>erant</strong></span> <span class='ocrx_word' id='word_1_382' title='bbox 3254 1985 3480 2055; x_wconf 86' lang='lat' dir='ltr'><strong>dispersi</strong></span> <span class='ocrx_word' id='word_1_383' title='bbox 3508 1999 3605 2055; x_wconf 90' lang='lat' dir='ltr'><strong>per</strong></span> <span class='ocrx_word' id='word_1_384' title='bbox 3651 2000 3748 2037; x_wconf 84' lang='lat' dir='ltr'><strong>va-</strong></span> 
     </span>
    </p>
   </div>
   <div class='ocr_carea' id='block_1_50' title="bbox 2176 2076 3745 2146">
    <p class='ocr_par' dir='ltr' id='par_1_50' title="bbox 2176 2076 3745 2146">
     <span class='ocr_line' id='line_1_50' title="bbox 2176 2076 3745 2146; baseline -0.005 -9"><span class='ocrx_word' id='word_1_385' title='bbox 2176 2082 2317 2137; x_wconf 89' lang='lat' dir='ltr'><strong>riam</strong></span> <span class='ocrx_word' id='word_1_386' title='bbox 2342 2079 2610 2136; x_wconf 90' lang='lat' dir='ltr'><strong>idolorum</strong></span> <span class='ocrx_word' id='word_1_387' title='bbox 2636 2078 2929 2142; x_wconf 87' lang='lat' dir='ltr'><strong>culturam,</strong></span> <span class='ocrx_word' id='word_1_388' title='bbox 2960 2076 3174 2132; x_wconf 86' lang='lat' dir='ltr'><strong>collecti</strong></span> <span class='ocrx_word' id='word_1_389' title='bbox 3209 2085 3354 2143; x_wconf 85' lang='lat' dir='ltr'><strong>sunt,</strong></span> <span class='ocrx_word' id='word_1_390' title='bbox 3396 2076 3521 2144; x_wconf 85' lang='lat' dir='ltr'><strong>quia</strong></span> <span class='ocrx_word' id='word_1_391' title='bbox 3554 2076 3745 2146; x_wconf 87' lang='lat' dir='ltr'><strong>resipi-</strong></span> 
     </span>
    </p>
   </div>
   <div class='ocr_carea' id='block_1_51' title="bbox 2167 2165 3745 2233">
    <p class='ocr_par' dir='ltr' id='par_1_51' title="bbox 2167 2165 3745 2233">
     <span class='ocr_line' id='line_1_51' title="bbox 2167 2165 3745 2233; baseline -0.004 -6"><span class='ocrx_word' id='word_1_392' title='bbox 2167 2178 2380 2227; x_wconf 89' lang='lat' dir='ltr'><strong>scentes</strong></span> <span class='ocrx_word' id='word_1_393' title='bbox 2414 2177 2469 2223; x_wconf 92' lang='lat' dir='ltr'><strong>ct</strong></span> <span class='ocrx_word' id='word_1_394' title='bbox 2494 2166 2871 2223; x_wconf 82' lang='lat' dir='ltr'><strong>abominantes</strong></span> <span class='ocrx_word' id='word_1_395' title='bbox 2900 2166 3066 2233; x_wconf 89' lang='lat' dir='ltr'><strong>idola,</strong></span> <span class='ocrx_word' id='word_1_396' title='bbox 3097 2167 3150 2221; x_wconf 86' lang='lat' dir='ltr'><strong>in</strong></span> <span class='ocrx_word' id='word_1_397' title='bbox 3171 2166 3435 2223; x_wconf 75' lang='lat' dir='ltr'><strong>unitatem</strong></span> <span class='ocrx_word' id='word_1_398' title='bbox 3454 2165 3581 2222; x_wconf 90' lang='lat' dir='ltr'><strong>ﬁdei</strong></span> <span class='ocrx_word' id='word_1_399' title='bbox 3607 2181 3745 2222; x_wconf 83' lang='lat' dir='ltr'><strong>con-</strong></span> 
     </span>
    </p>
   </div>
   <div class='ocr_carea' id='block_1_52' title="bbox 2171 2268 2453 2318">
    <p class='ocr_par' dir='ltr' id='par_1_52' title="bbox 2171 2268 2453 2318">
     <span class='ocr_line' id='line_1_52' title="bbox 2171 2268 2453 2318; baseline -0.004 0"><span class='ocrx_word' id='word_1_400' title='bbox 2171 2268 2453 2318; x_wconf 84' lang='lat' dir='ltr'><strong>venerunt.</strong></span> 
     </span>
    </p>
   </div>
   <div class='ocr_carea' id='block_1_53' title="bbox 2242 2347 3748 2421">
    <p class='ocr_par' dir='ltr' id='par_1_53' title="bbox 2242 2347 3748 2421">
     <span class='ocr_line' id='line_1_53' title="bbox 2242 2347 3748 2421; baseline -0.003 -14"><span class='ocrx_word' id='word_1_401' title='bbox 2242 2352 2513 2407; x_wconf 53' lang='lat' dir='ltr'><strong>Vesanus.</strong></span> <span class='ocrx_word' id='word_1_402' title='bbox 2540 2349 2649 2405; x_wconf 89' lang='lat' dir='ltr'><strong>Cur</strong></span> <span class='ocrx_word' id='word_1_403' title='bbox 2675 2349 2871 2406; x_wconf 88' lang='lat' dir='ltr'><strong>iterum</strong></span> <span class='ocrx_word' id='word_1_404' title='bbox 2896 2347 3030 2405; x_wconf 88' lang='lat' dir='ltr'><strong>dicit</strong></span> <span class='ocrx_word' id='word_1_405' title='bbox 3061 2366 3075 2402; x_wconf 89' lang='lat'><strong>:</strong></span> <span class='ocrx_word' id='word_1_406' title='bbox 3108 2348 3326 2421; x_wconf 79' lang='lat' dir='ltr'><strong>Tempus</strong></span> <span class='ocrx_word' id='word_1_407' title='bbox 3375 2349 3665 2405; x_wconf 73' lang='lat' dir='ltr'><strong>dilectionis</strong></span> <span class='ocrx_word' id='word_1_408' title='bbox 3694 2359 3748 2404; x_wconf 86' lang='lat' dir='ltr'><strong>et</strong></span> 
     </span>
    </p>
   </div>
   <div class='ocr_carea' id='block_1_54' title="bbox 2173 2440 3746 2516">
    <p class='ocr_par' dir='ltr' id='par_1_54' title="bbox 2173 2440 3746 2516">
     <span class='ocr_line' id='line_1_54' title="bbox 2173 2440 3746 2516; baseline -0.003 -16"><span class='ocrx_word' id='word_1_409' title='bbox 2173 2454 2367 2516; x_wconf 79' lang='lat' dir='ltr'><strong>tempus</strong></span> <span class='ocrx_word' id='word_1_410' title='bbox 2393 2443 2534 2509; x_wconf 83' lang='lat' dir='ltr'><strong>odii;</strong></span> <span class='ocrx_word' id='word_1_411' title='bbox 2562 2450 2746 2497; x_wconf 87' lang='lat' dir='ltr'><strong>tamen</strong></span> <span class='ocrx_word' id='word_1_412' title='bbox 2763 2440 2998 2497; x_wconf 84' lang='lat' dir='ltr'><strong>Joannes</strong></span> <span class='ocrx_word' id='word_1_413' title='bbox 3021 2442 3299 2512; x_wconf 85' lang='lat' dir='ltr'><strong>apostolus</strong></span> <span class='ocrx_word' id='word_1_414' title='bbox 3325 2441 3478 2498; x_wconf 85' lang='lat' dir='ltr'><strong>dicit:</strong></span> <span class='ocrx_word' id='word_1_415' title='bbox 3508 2440 3607 2506; x_wconf 81' lang='lat' dir='ltr'><strong>Qui</strong></span> <span class='ocrx_word' id='word_1_416' title='bbox 3629 2443 3746 2497; x_wconf 85' lang='lat' dir='ltr'><strong>ode-</strong></span> 
     </span>
    </p>
   </div>
   <div class='ocr_carea' id='block_1_55' title="bbox 2170 2532 3742 2607">
    <p class='ocr_par' dir='ltr' id='par_1_55' title="bbox 2170 2532 3742 2607">
     <span class='ocr_line' id='line_1_55' title="bbox 2170 2532 3742 2607; baseline 0 -17"><span class='ocrx_word' id='word_1_417' title='bbox 2170 2537 2241 2590; x_wconf 85' lang='lat' dir='ltr'><strong>rit</strong></span> <span class='ocrx_word' id='word_1_418' title='bbox 2269 2538 2488 2607; x_wconf 85' lang='lat' dir='ltr'><strong>fratrem</strong></span> <span class='ocrx_word' id='word_1_419' title='bbox 2527 2550 2676 2589; x_wconf 89' lang='lat' dir='ltr'><strong>suum</strong></span> <span class='ocrx_word' id='word_1_420' title='bbox 2701 2575 2718 2604; x_wconf 90' lang='lat'><strong>,</strong></span> <span class='ocrx_word' id='word_1_421' title='bbox 2744 2533 2998 2589; x_wconf 82' lang='lat' dir='ltr'><strong>homicida</strong></span> <span class='ocrx_word' id='word_1_422' title='bbox 3037 2541 3113 2588; x_wconf 89' lang='lat' dir='ltr'><strong>est</strong></span> <span class='ocrx_word' id='word_1_423' title='bbox 3144 2532 3214 2603; x_wconf 90' lang='lat' dir='ltr'><strong>(I</strong></span> <span class='ocrx_word' id='word_1_424' title='bbox 3242 2532 3402 2588; x_wconf 81' lang='lat' dir='ltr'><strong>Joan.</strong></span> <span class='ocrx_word' id='word_1_425' title='bbox 3426 2536 3558 2603; x_wconf 79' lang='lat' dir='ltr'><strong>ut);</strong></span> <span class='ocrx_word' id='word_1_426' title='bbox 3590 2543 3646 2590; x_wconf 84' lang='lat' dir='ltr'><strong>et</strong></span> <span class='ocrx_word' id='word_1_427' title='bbox 3684 2536 3742 2590; x_wconf 87' lang='lat' dir='ltr'><strong>in</strong></span> 
     </span>
    </p>
   </div>
   <div class='ocr_carea' id='block_1_56' title="bbox 2173 2620 3750 2695">
    <p class='ocr_par' dir='ltr' id='par_1_56' title="bbox 2173 2620 3750 2695">
     <span class='ocr_line' id='line_1_56' title="bbox 2173 2620 3750 2695; baseline -0.002 -13"><span class='ocrx_word' id='word_1_428' title='bbox 2173 2625 2469 2695; x_wconf 78' lang='lat' dir='ltr'><strong>Evangelia</strong></span> <span class='ocrx_word' id='word_1_429' title='bbox 2494 2624 2694 2681; x_wconf 84' lang='lat' dir='ltr'><strong>dictum</strong></span> <span class='ocrx_word' id='word_1_430' title='bbox 2718 2634 2837 2679; x_wconf 87' lang='lat' dir='ltr'><strong>est:</strong></span> <span class='ocrx_word' id='word_1_431' title='bbox 2868 2620 2968 2688; x_wconf 80' lang='lat' dir='ltr'><strong>Qui</strong></span> <span class='ocrx_word' id='word_1_432' title='bbox 2995 2624 3104 2678; x_wconf 89' lang='lat' dir='ltr'><strong>odit</strong></span> <span class='ocrx_word' id='word_1_433' title='bbox 3144 2626 3372 2679; x_wconf 78' lang='lat' dir='ltr'><strong>animum</strong></span> <span class='ocrx_word' id='word_1_434' title='bbox 3400 2641 3549 2678; x_wconf 88' lang='lat' dir='ltr'><strong>suam</strong></span> <span class='ocrx_word' id='word_1_435' title='bbox 3575 2628 3631 2679; x_wconf 84' lang='lat' dir='ltr'><strong>in</strong></span> <span class='ocrx_word' id='word_1_436' title='bbox 3650 2627 3750 2679; x_wconf 78' lang='lat' dir='ltr'><strong>hoc</strong></span> 
     </span>
    </p>
   </div>
   <div class='ocr_carea' id='block_1_57' title="bbox 2175 2709 3744 2787">
    <p class='ocr_par' dir='ltr' id='par_1_57' title="bbox 2175 2709 3744 2787">
     <span class='ocr_line' id='line_1_57' title="bbox 2175 2709 3744 2787; baseline -0.004 -13"><span class='ocrx_word' id='word_1_437' title='bbox 2175 2719 2389 2787; x_wconf 88' lang='lat' dir='ltr'><strong>mundo,</strong></span> <span class='ocrx_word' id='word_1_438' title='bbox 2400 2719 2455 2773; x_wconf 87' lang='lat' dir='ltr'><strong>in</strong></span> <span class='ocrx_word' id='word_1_439' title='bbox 2470 2717 2625 2774; x_wconf 81' lang='lat' dir='ltr'><strong>vitam</strong></span> <span class='ocrx_word' id='word_1_440' title='bbox 2636 2727 2884 2772; x_wconf 73' lang='lat' dir='ltr'><strong>teternam</strong></span> <span class='ocrx_word' id='word_1_441' title='bbox 2901 2718 3127 2772; x_wconf 83' lang='lat' dir='ltr'><strong>custodit</strong></span> <span class='ocrx_word' id='word_1_442' title='bbox 3141 2728 3260 2767; x_wconf 81' lang='lat' dir='ltr'><strong>eam</strong></span> <span class='ocrx_word' id='word_1_443' title='bbox 3270 2709 3451 2783; x_wconf 83' lang='lat' dir='ltr'><strong>(Joan.</strong></span> <span class='ocrx_word' id='word_1_444' title='bbox 3461 2712 3579 2783; x_wconf 83' lang='lat' dir='ltr'><strong>xu);</strong></span> <span class='ocrx_word' id='word_1_445' title='bbox 3592 2715 3744 2770; x_wconf 83' lang='lat' dir='ltr'><strong>item:</strong></span> 
     </span>
    </p>
   </div>
   <div class='ocr_carea' id='block_1_58' title="bbox 2177 2810 3749 2881">
    <p class='ocr_par' dir='ltr' id='par_1_58' title="bbox 2177 2810 3749 2881">
     <span class='ocr_line' id='line_1_58' title="bbox 2177 2810 3749 2881; baseline -0.004 -13"><span class='ocrx_word' id='word_1_446' title='bbox 2177 2811 2279 2877; x_wconf 85' lang='lat' dir='ltr'><strong>Qui</strong></span> <span class='ocrx_word' id='word_1_447' title='bbox 2308 2827 2411 2866; x_wconf 79' lang='lat' dir='ltr'><strong>non</strong></span> <span class='ocrx_word' id='word_1_448' title='bbox 2439 2810 2549 2865; x_wconf 88' lang='lat' dir='ltr'><strong>odit</strong></span> <span class='ocrx_word' id='word_1_449' title='bbox 2572 2819 2776 2880; x_wconf 86' lang='lat' dir='ltr'><strong>patrem</strong></span> <span class='ocrx_word' id='word_1_450' title='bbox 2794 2826 2944 2866; x_wconf 86' lang='lat' dir='ltr'><strong>suum</strong></span> <span class='ocrx_word' id='word_1_451' title='bbox 2969 2819 3021 2865; x_wconf 94' lang='lat' dir='ltr'><strong>et</strong></span> <span class='ocrx_word' id='word_1_452' title='bbox 3048 2820 3285 2877; x_wconf 81' lang='lat' dir='ltr'><strong>matrem,</strong></span> <span class='ocrx_word' id='word_1_453' title='bbox 3317 2814 3507 2881; x_wconf 77' lang='lat' dir='ltr'><strong>fratres</strong></span> <span class='ocrx_word' id='word_1_454' title='bbox 3525 2819 3575 2863; x_wconf 88' lang='lat' dir='ltr'><strong>et</strong></span> <span class='ocrx_word' id='word_1_455' title='bbox 3593 2824 3749 2864; x_wconf 73' lang='lat' dir='ltr'><strong>soro-</strong></span> 
     </span>
    </p>
   </div>
   <div class='ocr_carea' id='block_1_59' title="bbox 2173 2900 3745 2971">
    <p class='ocr_par' dir='ltr' id='par_1_59' title="bbox 2173 2900 3745 2971">
     <span class='ocr_line' id='line_1_59' title="bbox 2173 2900 3745 2971; baseline -0.003 -14"><span class='ocrx_word' id='word_1_456' title='bbox 2173 2918 2278 2969; x_wconf 84' lang='lat' dir='ltr'><strong>res,</strong></span> <span class='ocrx_word' id='word_1_457' title='bbox 2303 2918 2517 2958; x_wconf 74' lang='lat' dir='ltr'><strong>uxorem</strong></span> <span class='ocrx_word' id='word_1_458' title='bbox 2557 2909 2607 2954; x_wconf 88' lang='lat' dir='ltr'><strong>et</strong></span> <span class='ocrx_word' id='word_1_459' title='bbox 2632 2900 2795 2971; x_wconf 84' lang='lat' dir='ltr'><strong>filios,</strong></span> <span class='ocrx_word' id='word_1_460' title='bbox 2824 2901 2993 2955; x_wconf 76' lang='lat' dir='ltr'><strong>adhuc</strong></span> <span class='ocrx_word' id='word_1_461' title='bbox 3022 2909 3195 2955; x_wconf 87' lang='lat' dir='ltr'><strong>autem</strong></span> <span class='ocrx_word' id='word_1_462' title='bbox 3222 2910 3272 2955; x_wconf 90' lang='lat' dir='ltr'><strong>et</strong></span> <span class='ocrx_word' id='word_1_463' title='bbox 3300 2903 3530 2955; x_wconf 85' lang='lat' dir='ltr'><strong>animam</strong></span> <span class='ocrx_word' id='word_1_464' title='bbox 3555 2914 3709 2953; x_wconf 77' lang='lat' dir='ltr'><strong>suam</strong></span> <span class='ocrx_word' id='word_1_465' title='bbox 3728 2936 3745 2960; x_wconf 85' lang='lat'><strong>.</strong></span> 
     </span>
    </p>
   </div>
   <div class='ocr_carea' id='block_1_60' title="bbox 2176 2990 3749 3065">
    <p class='ocr_par' dir='ltr' id='par_1_60' title="bbox 2176 2990 3749 3065">
     <span class='ocr_line' id='line_1_60' title="bbox 2176 2990 3749 3065; baseline -0.004 -16"><span class='ocrx_word' id='word_1_466' title='bbox 2176 3010 2281 3049; x_wconf 87' lang='lat' dir='ltr'><strong>non</strong></span> <span class='ocrx_word' id='word_1_467' title='bbox 2305 3001 2473 3065; x_wconf 84' lang='lat' dir='ltr'><strong>potest</strong></span> <span class='ocrx_word' id='word_1_468' title='bbox 2499 3007 2640 3047; x_wconf 86' lang='lat' dir='ltr'><strong>meus</strong></span> <span class='ocrx_word' id='word_1_469' title='bbox 2671 3008 2784 3047; x_wconf 82' lang='lat' dir='ltr'><strong>esse</strong></span> <span class='ocrx_word' id='word_1_470' title='bbox 2823 2991 3105 3062; x_wconf 83' lang='lat' dir='ltr'><strong>discipulus</strong></span> <span class='ocrx_word' id='word_1_471' title='bbox 3134 2990 3284 3060; x_wconf 89' lang='lat' dir='ltr'><strong>(Luc.</strong></span> <span class='ocrx_word' id='word_1_472' title='bbox 3312 2992 3452 3061; x_wconf 64' lang='lat' dir='ltr'><strong>xlv)!</strong></span> <span class='ocrx_word' id='word_1_473' title='bbox 3478 2990 3571 3044; x_wconf 89' lang='lat' dir='ltr'><strong>Dic</strong></span> <span class='ocrx_word' id='word_1_474' title='bbox 3595 3002 3749 3058; x_wconf 86' lang='lat' dir='ltr'><strong>ergo,</strong></span> 
     </span>
    </p>
   </div>
   <div class='ocr_carea' id='block_1_61' title="bbox 2176 3081 3754 3155">
    <p class='ocr_par' dir='ltr' id='par_1_61' title="bbox 2176 3081 3754 3155">
     <span class='ocr_line' id='line_1_61' title="bbox 2176 3081 3754 3155; baseline -0.002 -15"><span class='ocrx_word' id='word_1_475' title='bbox 2176 3084 2396 3154; x_wconf 90' lang='lat' dir='ltr'><strong>quando</strong></span> <span class='ocrx_word' id='word_1_476' title='bbox 2444 3092 2655 3155; x_wconf 89' lang='lat' dir='ltr'><strong>tempus</strong></span> <span class='ocrx_word' id='word_1_477' title='bbox 2698 3090 2783 3138; x_wconf 91' lang='lat' dir='ltr'><strong>est</strong></span> <span class='ocrx_word' id='word_1_478' title='bbox 2828 3082 3155 3145; x_wconf 83' lang='lat' dir='ltr'><strong>dilectionis,</strong></span> <span class='ocrx_word' id='word_1_479' title='bbox 3182 3089 3240 3137; x_wconf 90' lang='lat' dir='ltr'><strong>et</strong></span> <span class='ocrx_word' id='word_1_480' title='bbox 3279 3081 3496 3154; x_wconf 90' lang='lat' dir='ltr'><strong>quando</strong></span> <span class='ocrx_word' id='word_1_481' title='bbox 3537 3089 3754 3150; x_wconf 81' lang='lat' dir='ltr'><strong>tempus</strong></span> 
     </span>
    </p>
   </div>
   <div class='ocr_carea' id='block_1_62' title="bbox 504 3162 2329 3263">
    <p class='ocr_par' dir='ltr' id='par_1_62' title="bbox 504 3162 2329 3263">
     <span class='ocr_line' id='line_1_62' title="bbox 504 3162 2329 3263; baseline -0.012 -32"><span class='ocrx_word' id='word_1_482' title='bbox 504 3186 584 3231; x_wconf 81' lang='lat' dir='ltr'><strong>est</strong></span> <span class='ocrx_word' id='word_1_483' title='bbox 611 3175 766 3230; x_wconf 87' lang='lat' dir='ltr'><strong>nobis</strong></span> <span class='ocrx_word' id='word_1_484' title='bbox 794 3181 1003 3241; x_wconf 88' lang='lat' dir='ltr'><strong>tempus</strong></span> <span class='ocrx_word' id='word_1_485' title='bbox 1031 3187 1061 3223; x_wconf 88' lang='lat' dir='ltr'><strong>a</strong></span> <span class='ocrx_word' id='word_1_486' title='bbox 1083 3170 1197 3224; x_wconf 89' lang='lat' dir='ltr'><strong>Deo</strong></span> <span class='ocrx_word' id='word_1_487' title='bbox 1226 3177 1283 3223; x_wconf 93' lang='lat' dir='ltr'><strong>ut</strong></span> <span class='ocrx_word' id='word_1_488' title='bbox 1305 3168 1645 3223; x_wconf 88' lang='lat' dir='ltr'><strong>destruamus</strong></span> <span class='ocrx_word' id='word_1_489' title='bbox 1678 3164 1838 3231; x_wconf 90' lang='lat' dir='ltr'><strong>mala,</strong></span> <span class='ocrx_word' id='word_1_490' title='bbox 1870 3169 1925 3219; x_wconf 88' lang='lat' dir='ltr'><strong>et</strong></span> <span class='ocrx_word' id='word_1_491' title='bbox 1947 3162 2076 3218; x_wconf 62' lang='grc' dir='ltr'><strong>ξιξάὶ-</strong></span> <span class='ocrx_word' id='word_1_492' title='bbox 2100 3194 2150 3263; x_wconf 76' lang='lat' dir='ltr'><strong>c</strong></span> <span class='ocrx_word' id='word_1_493' title='bbox 2179 3179 2329 3237; x_wconf 63' lang='lat' dir='ltr'><strong>odii?</strong></span> 
     </span>
    </p>
   </div>
   <div class='ocr_carea' id='block_1_63' title="bbox 505 3255 2075 3330">
    <p class='ocr_par' dir='ltr' id='par_1_63' title="bbox 505 3255 2075 3330">
     <span class='ocr_line' id='line_1_63' title="bbox 505 3255 2075 3330; baseline -0.006 -11"><span class='ocrx_word' id='word_1_494' title='bbox 505 3267 721 3321; x_wconf 75' lang='lat' dir='ltr'><strong>lic-emus</strong></span> <span class='ocrx_word' id='word_1_495' title='bbox 749 3263 887 3318; x_wconf 88' lang='lat' dir='ltr'><strong>bona</strong></span> <span class='ocrx_word' id='word_1_496' title='bbox 923 3279 935 3315; x_wconf 90' lang='lat'><strong>:</strong></span> <span class='ocrx_word' id='word_1_497' title='bbox 969 3259 1020 3315; x_wconf 88' lang='lat' dir='ltr'><strong>id</strong></span> <span class='ocrx_word' id='word_1_498' title='bbox 1067 3266 1167 3326; x_wconf 91' lang='lat' dir='ltr'><strong>est,</strong></span> <span class='ocrx_word' id='word_1_499' title='bbox 1213 3258 1360 3330; x_wconf 90' lang='lat' dir='ltr'><strong>prius</strong></span> <span class='ocrx_word' id='word_1_500' title='bbox 1400 3257 1456 3314; x_wconf 88' lang='lat' dir='ltr'><strong>in</strong></span> <span class='ocrx_word' id='word_1_501' title='bbox 1503 3257 1657 3312; x_wconf 89' lang='lat' dir='ltr'><strong>nobis</strong></span> <span class='ocrx_word' id='word_1_502' title='bbox 1682 3272 1779 3327; x_wconf 90' lang='lat' dir='ltr'><strong>per</strong></span> <span class='ocrx_word' id='word_1_503' title='bbox 1805 3255 2075 3325; x_wconf 71' lang='lat' dir='ltr'><strong>poeniten—</strong></span> 
     </span>
    </p>
   </div>
   <div class='ocr_carea' id='block_1_64' title="bbox 507 3344 2074 3422">
    <p class='ocr_par' dir='ltr' id='par_1_64' title="bbox 507 3344 2074 3422">
     <span class='ocr_line' id='line_1_64' title="bbox 507 3344 2074 3422; baseline -0.006 -13"><span class='ocrx_word' id='word_1_504' title='bbox 507 3359 632 3410; x_wconf 79' lang='lat' dir='ltr'><strong>timn</strong></span> <span class='ocrx_word' id='word_1_505' title='bbox 662 3354 934 3409; x_wconf 89' lang='lat' dir='ltr'><strong>deleamus</strong></span> <span class='ocrx_word' id='word_1_506' title='bbox 963 3358 1221 3422; x_wconf 85' lang='lat' dir='ltr'><strong>peccata;</strong></span> <span class='ocrx_word' id='word_1_507' title='bbox 1252 3357 1440 3420; x_wconf 88' lang='lat' dir='ltr'><strong>postea</strong></span> <span class='ocrx_word' id='word_1_508' title='bbox 1459 3364 1588 3404; x_wconf 90' lang='lat' dir='ltr'><strong>vero</strong></span> <span class='ocrx_word' id='word_1_509' title='bbox 1609 3363 1706 3419; x_wconf 90' lang='lat' dir='ltr'><strong>per</strong></span> <span class='ocrx_word' id='word_1_510' title='bbox 1726 3354 1913 3403; x_wconf 85' lang='lat' dir='ltr'><strong>sancta</strong></span> <span class='ocrx_word' id='word_1_511' title='bbox 1930 3344 2074 3400; x_wconf 83' lang='lat' dir='ltr'><strong>desi-</strong></span> 
     </span>
    </p>
   </div>
   <div class='ocr_carea' id='block_1_65' title="bbox 507 3436 1623 3511">
    <p class='ocr_par' dir='ltr' id='par_1_65' title="bbox 507 3436 1623 3511">
     <span class='ocr_line' id='line_1_65' title="bbox 507 3436 1623 3511; baseline -0.008 -8"><span class='ocrx_word' id='word_1_512' title='bbox 507 3449 671 3511; x_wconf 84' lang='lat' dir='ltr'><strong>deria,</strong></span> <span class='ocrx_word' id='word_1_513' title='bbox 703 3447 960 3500; x_wconf 89' lang='lat' dir='ltr'><strong>virtutum</strong></span> <span class='ocrx_word' id='word_1_514' title='bbox 985 3450 1357 3498; x_wconf 89' lang='lat' dir='ltr'><strong>construamus</strong></span> <span class='ocrx_word' id='word_1_515' title='bbox 1382 3436 1623 3494; x_wconf 67' lang='lat' dir='ltr'><strong>aediﬁcia.</strong></span> 
     </span>
    </p>
   </div>
   <div class='ocr_carea' id='block_1_66' title="bbox 574 3528 2077 3604">
    <p class='ocr_par' dir='ltr' id='par_1_66' title="bbox 574 3528 2077 3604">
     <span class='ocr_line' id='line_1_66' title="bbox 574 3528 2077 3604; baseline -0.009 -10"><span class='ocrx_word' id='word_1_516' title='bbox 574 3539 840 3595; x_wconf 67' lang='lat' dir='ltr'><strong>VERANUb.</strong></span> <span class='ocrx_word' id='word_1_517' title='bbox 872 3536 1048 3602; x_wconf 85' lang='lat' dir='ltr'><strong>Quare</strong></span> <span class='ocrx_word' id='word_1_518' title='bbox 1072 3533 1201 3589; x_wconf 90' lang='lat' dir='ltr'><strong>dicit</strong></span> <span class='ocrx_word' id='word_1_519' title='bbox 1228 3552 1240 3586; x_wconf 90' lang='lat'><strong>:</strong></span> <span class='ocrx_word' id='word_1_520' title='bbox 1275 3532 1493 3604; x_wconf 89' lang='lat' dir='ltr'><strong>Tempus</strong></span> <span class='ocrx_word' id='word_1_521' title='bbox 1515 3532 1675 3602; x_wconf 78' lang='lat' dir='ltr'><strong>ﬂendi</strong></span> <span class='ocrx_word' id='word_1_522' title='bbox 1712 3539 1762 3584; x_wconf 85' lang='lat' dir='ltr'><strong>et</strong></span> <span class='ocrx_word' id='word_1_523' title='bbox 1791 3537 1984 3598; x_wconf 77' lang='lat' dir='ltr'><strong>tempus</strong></span> <span class='ocrx_word' id='word_1_524' title='bbox 2010 3528 2077 3580; x_wconf 87' lang='lat' dir='ltr'><strong>ri-</strong></span> 
     </span>
    </p>
   </div>
   <div class='ocr_carea' id='block_1_67' title="bbox 507 3617 2077 3699">
    <p class='ocr_par' dir='ltr' id='par_1_67' title="bbox 507 3617 2077 3699">
     <span class='ocr_line' id='line_1_67' title="bbox 507 3617 2077 3699; baseline -0.008 -14"><span class='ocrx_word' id='word_1_525' title='bbox 507 3631 679 3694; x_wconf 85' lang='lat' dir='ltr'><strong>dendi,</strong></span> <span class='ocrx_word' id='word_1_526' title='bbox 695 3638 891 3699; x_wconf 81' lang='lat' dir='ltr'><strong>tempus</strong></span> <span class='ocrx_word' id='word_1_527' title='bbox 917 3625 1199 3697; x_wconf 82' lang='lat' dir='ltr'><strong>plangendi</strong></span> <span class='ocrx_word' id='word_1_528' title='bbox 1219 3633 1267 3678; x_wconf 86' lang='lat' dir='ltr'><strong>et</strong></span> <span class='ocrx_word' id='word_1_529' title='bbox 1279 3634 1475 3695; x_wconf 86' lang='lat' dir='ltr'><strong>tempus</strong></span> <span class='ocrx_word' id='word_1_530' title='bbox 1498 3620 1728 3676; x_wconf 85' lang='lat' dir='ltr'><strong>saltandi</strong></span> <span class='ocrx_word' id='word_1_531' title='bbox 1748 3619 1945 3691; x_wconf 77' lang='lat' dir='ltr'><strong>(Eccle.</strong></span> <span class='ocrx_word' id='word_1_532' title='bbox 1964 3617 2077 3686; x_wconf 79' lang='lat' dir='ltr'><strong>tu)?</strong></span> 
     </span>
    </p>
   </div>
   <div class='ocr_carea' id='block_1_68' title="bbox 508 3705 2078 3786">
    <p class='ocr_par' dir='ltr' id='par_1_68' title="bbox 508 3705 2078 3786">
     <span class='ocr_line' id='line_1_68' title="bbox 508 3705 2078 3786; baseline -0.008 -15"><span class='ocrx_word' id='word_1_533' title='bbox 508 3720 638 3786; x_wconf 87' lang='lat' dir='ltr'><strong>Quis</strong></span> <span class='ocrx_word' id='word_1_534' title='bbox 665 3718 807 3773; x_wconf 88' lang='lat' dir='ltr'><strong>enim</strong></span> <span class='ocrx_word' id='word_1_535' title='bbox 854 3717 1093 3784; x_wconf 87' lang='lat' dir='ltr'><strong>ignorat,</strong></span> <span class='ocrx_word' id='word_1_536' title='bbox 1136 3713 1259 3783; x_wconf 91' lang='lat' dir='ltr'><strong>quia</strong></span> <span class='ocrx_word' id='word_1_537' title='bbox 1288 3711 1394 3766; x_wconf 89' lang='lat' dir='ltr'><strong>alio</strong></span> <span class='ocrx_word' id='word_1_538' title='bbox 1447 3720 1687 3781; x_wconf 90' lang='lat' dir='ltr'><strong>tempore</strong></span> <span class='ocrx_word' id='word_1_539' title='bbox 1711 3707 1901 3763; x_wconf 88' lang='lat' dir='ltr'><strong>ﬂemus</strong></span> <span class='ocrx_word' id='word_1_540' title='bbox 1924 3749 1940 3774; x_wconf 96' lang='lat'><strong>,</strong></span> <span class='ocrx_word' id='word_1_541' title='bbox 1972 3705 2078 3761; x_wconf 89' lang='lat' dir='ltr'><strong>alio</strong></span> 
     </span>
    </p>
   </div>
   <div class='ocr_carea' id='block_1_69' title="bbox 509 3798 2080 3883">
    <p class='ocr_par' dir='ltr' id='par_1_69' title="bbox 509 3798 2080 3883">
     <span class='ocr_line' id='line_1_69' title="bbox 509 3798 2080 3883; baseline -0.008 -20"><span class='ocrx_word' id='word_1_542' title='bbox 509 3817 689 3863; x_wconf 86' lang='lat' dir='ltr'><strong>autem</strong></span> <span class='ocrx_word' id='word_1_543' title='bbox 730 3805 1005 3883; x_wconf 61' lang='lat' dir='ltr'><strong>ridemus‘.i</strong></span> <span class='ocrx_word' id='word_1_544' title='bbox 1029 3810 1120 3857; x_wconf 91' lang='lat' dir='ltr'><strong>aut</strong></span> <span class='ocrx_word' id='word_1_545' title='bbox 1141 3801 1267 3871; x_wconf 90' lang='lat' dir='ltr'><strong>quid</strong></span> <span class='ocrx_word' id='word_1_546' title='bbox 1287 3800 1490 3872; x_wconf 83' lang='lat' dir='ltr'><strong>proluit</strong></span> <span class='ocrx_word' id='word_1_547' title='bbox 1516 3801 1719 3867; x_wconf 84' lang='lat' dir='ltr'><strong>dicere,</strong></span> <span class='ocrx_word' id='word_1_548' title='bbox 1749 3809 1945 3871; x_wconf 85' lang='lat' dir='ltr'><strong>tempus</strong></span> <span class='ocrx_word' id='word_1_549' title='bbox 1971 3798 2080 3852; x_wconf 86' lang='lat' dir='ltr'><strong>sal-</strong></span> 
     </span>
    </p>
   </div>
   <div class='ocr_carea' id='block_1_70' title="bbox 511 3891 2079 3966">
    <p class='ocr_par' dir='ltr' id='par_1_70' title="bbox 511 3891 2079 3966">
     <span class='ocr_line' id='line_1_70' title="bbox 511 3891 2079 3966; baseline -0.005 -14"><span class='ocrx_word' id='word_1_550' title='bbox 511 3898 694 3952; x_wconf 85' lang='lat' dir='ltr'><strong>tandi?</strong></span> <span class='ocrx_word' id='word_1_551' title='bbox 718 3895 964 3966; x_wconf 85' lang='lat' dir='ltr'><strong>Nunquid</strong></span> <span class='ocrx_word' id='word_1_552' title='bbox 995 3893 1214 3949; x_wconf 82' lang='lat' dir='ltr'><strong>forsitan</strong></span> <span class='ocrx_word' id='word_1_553' title='bbox 1244 3891 1529 3948; x_wconf 89' lang='lat' dir='ltr'><strong>ostendere</strong></span> <span class='ocrx_word' id='word_1_554' title='bbox 1557 3892 1744 3958; x_wconf 90' lang='lat' dir='ltr'><strong>voluit,</strong></span> <span class='ocrx_word' id='word_1_555' title='bbox 1767 3892 1894 3964; x_wconf 90' lang='lat' dir='ltr'><strong>quia</strong></span> <span class='ocrx_word' id='word_1_556' title='bbox 1915 3904 2079 3960; x_wconf 87' lang='lat' dir='ltr'><strong>opor—</strong></span> 
     </span>
    </p>
   </div>
   <div class='ocr_carea' id='block_1_71' title="bbox 512 3982 1631 4044">
    <p class='ocr_par' dir='ltr' id='par_1_71' title="bbox 512 3982 1631 4044">
     <span class='ocr_line' id='line_1_71' title="bbox 512 3982 1631 4044; baseline -0.008 0"><span class='ocrx_word' id='word_1_557' title='bbox 512 3999 590 4044; x_wconf 89' lang='lat' dir='ltr'><strong>tct</strong></span> <span class='ocrx_word' id='word_1_558' title='bbox 620 4005 715 4044; x_wconf 88' lang='lat' dir='ltr'><strong>nos</strong></span> <span class='ocrx_word' id='word_1_559' title='bbox 740 3987 1084 4042; x_wconf 83' lang='lat' dir='ltr'><strong>saltationum</strong></span> <span class='ocrx_word' id='word_1_560' title='bbox 1113 3998 1368 4039; x_wconf 85' lang='lat' dir='ltr'><strong>exercere</strong></span> <span class='ocrx_word' id='word_1_561' title='bbox 1394 3982 1631 4037; x_wconf 86' lang='lat' dir='ltr'><strong>ludicra?</strong></span> 
     </span>
    </p>
   </div>
   <div class='ocr_carea' id='block_1_72' title="bbox 581 4069 2083 4142">
    <p class='ocr_par' dir='ltr' id='par_1_72' title="bbox 581 4069 2083 4142">
     <span class='ocr_line' id='line_1_72' title="bbox 581 4069 2083 4142; baseline -0.007 -8"><span class='ocrx_word' id='word_1_562' title='bbox 581 4080 863 4134; x_wconf 73' lang='lat' dir='ltr'><strong>SALONIUS.</strong></span> <span class='ocrx_word' id='word_1_563' title='bbox 917 4075 1104 4140; x_wconf 87' lang='lat' dir='ltr'><strong>Absit;</strong></span> <span class='ocrx_word' id='word_1_564' title='bbox 1154 4073 1287 4128; x_wconf 83' lang='lat' dir='ltr'><strong>nihil</strong></span> <span class='ocrx_word' id='word_1_565' title='bbox 1349 4079 1565 4142; x_wconf 87' lang='lat' dir='ltr'><strong>oportet</strong></span> <span class='ocrx_word' id='word_1_566' title='bbox 1620 4086 1720 4126; x_wconf 87' lang='lat' dir='ltr'><strong>nos</strong></span> <span class='ocrx_word' id='word_1_567' title='bbox 1786 4069 2083 4126; x_wconf 83' lang='lat' dir='ltr'><strong>scurriliter</strong></span> 
     </span>
    </p>
   </div>
   <div class='ocr_carea' id='block_1_73' title="bbox 517 4161 2083 4240">
    <p class='ocr_par' dir='ltr' id='par_1_73' title="bbox 517 4161 2083 4240">
     <span class='ocr_line' id='line_1_73' title="bbox 517 4161 2083 4240; baseline -0.007 -15"><span class='ocrx_word' id='word_1_568' title='bbox 517 4186 676 4240; x_wconf 81' lang='lat' dir='ltr'><strong>agerc</strong></span> <span class='ocrx_word' id='word_1_569' title='bbox 710 4187 722 4221; x_wconf 87' lang='lat'><strong>:</strong></span> <span class='ocrx_word' id='word_1_570' title='bbox 753 4168 844 4221; x_wconf 86' lang='lat' dir='ltr'><strong>sed</strong></span> <span class='ocrx_word' id='word_1_571' title='bbox 876 4175 1087 4234; x_wconf 86' lang='lat' dir='ltr'><strong>tempus</strong></span> <span class='ocrx_word' id='word_1_572' title='bbox 1115 4164 1271 4220; x_wconf 90' lang='lat' dir='ltr'><strong>ﬂendi</strong></span> <span class='ocrx_word' id='word_1_573' title='bbox 1299 4171 1384 4219; x_wconf 91' lang='lat' dir='ltr'><strong>est</strong></span> <span class='ocrx_word' id='word_1_574' title='bbox 1410 4163 1463 4217; x_wconf 88' lang='lat' dir='ltr'><strong>in</strong></span> <span class='ocrx_word' id='word_1_575' title='bbox 1503 4163 1611 4216; x_wconf 89' lang='lat' dir='ltr'><strong>vita</strong></span> <span class='ocrx_word' id='word_1_576' title='bbox 1641 4161 1919 4233; x_wconf 67' lang='lat' dir='ltr'><strong>praesenti;</strong></span> <span class='ocrx_word' id='word_1_577' title='bbox 1945 4169 2083 4215; x_wconf 82' lang='lat' dir='ltr'><strong>tent-</strong></span> 
     </span>
    </p>
   </div>
   <div class='ocr_carea' id='block_1_74' title="bbox 518 4252 2059 4332">
    <p class='ocr_par' dir='ltr' id='par_1_74' title="bbox 518 4252 2059 4332">
     <span class='ocr_line' id='line_1_74' title="bbox 518 4252 2059 4332; baseline -0.005 -21"><span class='ocrx_word' id='word_1_578' title='bbox 518 4279 615 4332; x_wconf 81' lang='lat' dir='ltr'><strong>pus</strong></span> <span class='ocrx_word' id='word_1_579' title='bbox 644 4258 852 4315; x_wconf 83' lang='lat' dir='ltr'><strong>ridendi</strong></span> <span class='ocrx_word' id='word_1_580' title='bbox 884 4258 935 4312; x_wconf 91' lang='lat' dir='ltr'><strong>in</strong></span> <span class='ocrx_word' id='word_1_581' title='bbox 968 4257 1073 4312; x_wconf 90' lang='lat' dir='ltr'><strong>vita</strong></span> <span class='ocrx_word' id='word_1_582' title='bbox 1097 4255 1287 4325; x_wconf 82' lang='lat' dir='ltr'><strong>futura.</strong></span> <span class='ocrx_word' id='word_1_583' title='bbox 1315 4252 1416 4321; x_wconf 93' lang='lat' dir='ltr'><strong>Qui</strong></span> <span class='ocrx_word' id='word_1_584' title='bbox 1437 4267 1565 4321; x_wconf 81' lang='lat' dir='ltr'><strong>ergo</strong></span> <span class='ocrx_word' id='word_1_585' title='bbox 1596 4253 1646 4307; x_wconf 90' lang='lat' dir='ltr'><strong>in</strong></span> <span class='ocrx_word' id='word_1_586' title='bbox 1676 4252 1926 4323; x_wconf 63' lang='lat' dir='ltr'><strong>praesenti</strong></span> <span class='ocrx_word' id='word_1_587' title='bbox 1954 4252 2059 4305; x_wconf 86' lang='lat' dir='ltr'><strong>vita</strong></span> 
     </span>
    </p>
   </div>
   <div class='ocr_carea' id='block_1_75' title="bbox 512 4342 2086 4423">
    <p class='ocr_par' dir='ltr' id='par_1_75' title="bbox 512 4342 2086 4423">
     <span class='ocr_line' id='line_1_75' title="bbox 512 4342 2086 4423; baseline -0.006 -18"><span class='ocrx_word' id='word_1_588' title='bbox 512 4351 839 4423; x_wconf 84' lang='lat' dir='ltr'><strong>quotidianis</strong></span> <span class='ocrx_word' id='word_1_589' title='bbox 861 4348 1073 4403; x_wconf 88' lang='lat' dir='ltr'><strong>ﬂetibus</strong></span> <span class='ocrx_word' id='word_1_590' title='bbox 1099 4354 1154 4402; x_wconf 90' lang='lat' dir='ltr'><strong>et</strong></span> <span class='ocrx_word' id='word_1_591' title='bbox 1176 4345 1429 4417; x_wconf 86' lang='lat' dir='ltr'><strong>lacrymis</strong></span> <span class='ocrx_word' id='word_1_592' title='bbox 1455 4360 1513 4399; x_wconf 90' lang='lat' dir='ltr'><strong>se</strong></span> <span class='ocrx_word' id='word_1_593' title='bbox 1540 4358 1769 4415; x_wconf 88' lang='lat' dir='ltr'><strong>purgare</strong></span> <span class='ocrx_word' id='word_1_594' title='bbox 1800 4342 2086 4411; x_wconf 88' lang='lat' dir='ltr'><strong>studuerit,</strong></span> 
     </span>
    </p>
   </div>
   <div class='ocr_carea' id='block_1_76' title="bbox 514 4433 2087 4504">
    <p class='ocr_par' dir='ltr' id='par_1_76' title="bbox 514 4433 2087 4504">
     <span class='ocr_line' id='line_1_76' title="bbox 514 4433 2087 4504; baseline -0.007 -7"><span class='ocrx_word' id='word_1_595' title='bbox 514 4444 569 4497; x_wconf 93' lang='lat' dir='ltr'><strong>in</strong></span> <span class='ocrx_word' id='word_1_596' title='bbox 595 4442 704 4494; x_wconf 78' lang='lat' dir='ltr'><strong>vita</strong></span> <span class='ocrx_word' id='word_1_597' title='bbox 735 4439 906 4494; x_wconf 74' lang='lat' dir='ltr'><strong>futura</strong></span> <span class='ocrx_word' id='word_1_598' title='bbox 932 4436 1144 4502; x_wconf 87' lang='lat' dir='ltr'><strong>ridebit,</strong></span> <span class='ocrx_word' id='word_1_599' title='bbox 1178 4435 1231 4490; x_wconf 91' lang='lat' dir='ltr'><strong>id</strong></span> <span class='ocrx_word' id='word_1_600' title='bbox 1259 4444 1341 4490; x_wconf 89' lang='lat' dir='ltr'><strong>est</strong></span> <span class='ocrx_word' id='word_1_601' title='bbox 1366 4435 1639 4504; x_wconf 86' lang='lat' dir='ltr'><strong>gaudebit.</strong></span> <span class='ocrx_word' id='word_1_602' title='bbox 1670 4433 1929 4489; x_wconf 88' lang='lat' dir='ltr'><strong>Similiter</strong></span> <span class='ocrx_word' id='word_1_603' title='bbox 1958 4441 2087 4487; x_wconf 82' lang='lat' dir='ltr'><strong>tem-</strong></span> 
     </span>
    </p>
   </div>
   <div class='ocr_carea' id='block_1_77' title="bbox 2245 3263 3754 3336">
    <p class='ocr_par' dir='ltr' id='par_1_77' title="bbox 2245 3263 3754 3336">
     <span class='ocr_line' id='line_1_77' title="bbox 2245 3263 3754 3336; baseline -0.003 -13"><span class='ocrx_word' id='word_1_604' title='bbox 2245 3268 2525 3324; x_wconf 68' lang='lat' dir='ltr'><strong>SsLomus.</strong></span> <span class='ocrx_word' id='word_1_605' title='bbox 2557 3265 2624 3321; x_wconf 86' lang='lat' dir='ltr'><strong>Et</strong></span> <span class='ocrx_word' id='word_1_606' title='bbox 2646 3280 2788 3321; x_wconf 92' lang='lat' dir='ltr'><strong>nunc</strong></span> <span class='ocrx_word' id='word_1_607' title='bbox 2805 3264 3022 3336; x_wconf 89' lang='lat' dir='ltr'><strong>quidem</strong></span> <span class='ocrx_word' id='word_1_608' title='bbox 3064 3272 3277 3334; x_wconf 84' lang='lat' dir='ltr'><strong>tempus</strong></span> <span class='ocrx_word' id='word_1_609' title='bbox 3300 3272 3384 3321; x_wconf 81' lang='lat' dir='ltr'><strong>est</strong></span> <span class='ocrx_word' id='word_1_610' title='bbox 3429 3263 3754 3331; x_wconf 86' lang='lat' dir='ltr'><strong>dilectionis,</strong></span> 
     </span>
    </p>
   </div>
   <div class='ocr_carea' id='block_1_78' title="bbox 2175 3355 3755 3431">
    <p class='ocr_par' dir='ltr' id='par_1_78' title="bbox 2175 3355 3755 3431">
     <span class='ocr_line' id='line_1_78' title="bbox 2175 3355 3755 3431; baseline -0.003 -17"><span class='ocrx_word' id='word_1_611' title='bbox 2175 3360 2431 3431; x_wconf 77' lang='lat' dir='ltr'><strong>quoniam</strong></span> <span class='ocrx_word' id='word_1_612' title='bbox 2458 3366 2584 3429; x_wconf 91' lang='lat' dir='ltr'><strong>post</strong></span> <span class='ocrx_word' id='word_1_613' title='bbox 2605 3357 2890 3412; x_wconf 88' lang='lat' dir='ltr'><strong>Dominum</strong></span> <span class='ocrx_word' id='word_1_614' title='bbox 2910 3356 3132 3426; x_wconf 88' lang='lat' dir='ltr'><strong>diligere</strong></span> <span class='ocrx_word' id='word_1_615' title='bbox 3151 3355 3407 3411; x_wconf 89' lang='lat' dir='ltr'><strong>debemus</strong></span> <span class='ocrx_word' id='word_1_616' title='bbox 3443 3363 3651 3426; x_wconf 84' lang='lat' dir='ltr'><strong>patrem</strong></span> <span class='ocrx_word' id='word_1_617' title='bbox 3694 3363 3755 3409; x_wconf 89' lang='lat' dir='ltr'><strong>et</strong></span> 
     </span>
    </p>
   </div>
   <div class='ocr_carea' id='block_1_79' title="bbox 2177 3444 3749 3517">
    <p class='ocr_par' dir='ltr' id='par_1_79' title="bbox 2177 3444 3749 3517">
     <span class='ocr_line' id='line_1_79' title="bbox 2177 3444 3749 3517; baseline -0.007 -10"><span class='ocrx_word' id='word_1_618' title='bbox 2177 3459 2403 3509; x_wconf 89' lang='lat' dir='ltr'><strong>matrem</strong></span> <span class='ocrx_word' id='word_1_619' title='bbox 2421 3488 2437 3514; x_wconf 92' lang='lat'><strong>,</strong></span> <span class='ocrx_word' id='word_1_620' title='bbox 2467 3462 2693 3505; x_wconf 86' lang='lat' dir='ltr'><strong>uxorem</strong></span> <span class='ocrx_word' id='word_1_621' title='bbox 2719 3454 2776 3503; x_wconf 90' lang='lat' dir='ltr'><strong>et</strong></span> <span class='ocrx_word' id='word_1_622' title='bbox 2818 3446 2956 3502; x_wconf 87' lang='lat' dir='ltr'><strong>ﬁlios</strong></span> <span class='ocrx_word' id='word_1_623' title='bbox 2982 3454 3050 3517; x_wconf 47' lang='grc' dir='ltr'>,ει</span> <span class='ocrx_word' id='word_1_624' title='bbox 3095 3453 3323 3501; x_wconf 70' lang='lat' dir='ltr'><strong>cmteros</strong></span> <span class='ocrx_word' id='word_1_625' title='bbox 3367 3444 3698 3515; x_wconf 89' lang='lat' dir='ltr'><strong>propinquos</strong></span> <span class='ocrx_word' id='word_1_626' title='bbox 3733 3460 3749 3495; x_wconf 90' lang='lat'>:</span> 
     </span>
    </p>
   </div>
   <div class='ocr_carea' id='block_1_80' title="bbox 2178 3534 3754 3609">
    <p class='ocr_par' dir='ltr' id='par_1_80' title="bbox 2178 3534 3754 3609">
     <span class='ocr_line' id='line_1_80' title="bbox 2178 3534 3754 3609; baseline -0.005 -13"><span class='ocrx_word' id='word_1_627' title='bbox 2178 3541 2291 3596; x_wconf 91' lang='lat' dir='ltr'><strong>odii</strong></span> <span class='ocrx_word' id='word_1_628' title='bbox 2309 3555 2442 3596; x_wconf 88' lang='lat' dir='ltr'><strong>vero</strong></span> <span class='ocrx_word' id='word_1_629' title='bbox 2469 3549 2712 3609; x_wconf 88' lang='lat' dir='ltr'><strong>tempus,</strong></span> <span class='ocrx_word' id='word_1_630' title='bbox 2732 3538 2858 3608; x_wconf 89' lang='lat' dir='ltr'><strong>quia</strong></span> <span class='ocrx_word' id='word_1_631' title='bbox 2884 3552 2983 3606; x_wconf 92' lang='lat' dir='ltr'><strong>pro</strong></span> <span class='ocrx_word' id='word_1_632' title='bbox 3009 3535 3211 3594; x_wconf 83' lang='lat' dir='ltr'><strong>Christi</strong></span> <span class='ocrx_word' id='word_1_633' title='bbox 3239 3534 3580 3591; x_wconf 81' lang='lat' dir='ltr'><strong>confessione</strong></span> <span class='ocrx_word' id='word_1_634' title='bbox 3619 3548 3754 3589; x_wconf 84' lang='lat' dir='ltr'><strong>con-</strong></span> 
     </span>
    </p>
   </div>
   <div class='ocr_carea' id='block_1_81' title="bbox 2181 3628 3755 3698">
    <p class='ocr_par' dir='ltr' id='par_1_81' title="bbox 2181 3628 3755 3698">
     <span class='ocr_line' id='line_1_81' title="bbox 2181 3628 3755 3698; baseline -0.004 -12"><span class='ocrx_word' id='word_1_635' title='bbox 2181 3641 2420 3689; x_wconf 88' lang='lat' dir='ltr'><strong>temnere</strong></span> <span class='ocrx_word' id='word_1_636' title='bbox 2444 3630 2604 3686; x_wconf 90' lang='lat' dir='ltr'><strong>simul</strong></span> <span class='ocrx_word' id='word_1_637' title='bbox 2630 3637 2685 3685; x_wconf 90' lang='lat' dir='ltr'><strong>et</strong></span> <span class='ocrx_word' id='word_1_638' title='bbox 2722 3628 2901 3684; x_wconf 88' lang='lat' dir='ltr'><strong>odisse</strong></span> <span class='ocrx_word' id='word_1_639' title='bbox 2928 3628 3184 3684; x_wconf 87' lang='lat' dir='ltr'><strong>debemus</strong></span> <span class='ocrx_word' id='word_1_640' title='bbox 3210 3636 3265 3682; x_wconf 89' lang='lat' dir='ltr'><strong>et</strong></span> <span class='ocrx_word' id='word_1_641' title='bbox 3316 3636 3531 3698; x_wconf 88' lang='lat' dir='ltr'><strong>patrem</strong></span> <span class='ocrx_word' id='word_1_642' title='bbox 3557 3634 3614 3681; x_wconf 91' lang='lat' dir='ltr'><strong>et</strong></span> <span class='ocrx_word' id='word_1_643' title='bbox 3640 3639 3755 3679; x_wconf 87' lang='lat' dir='ltr'><strong>ma-</strong></span> 
     </span>
    </p>
   </div>
   <div class='ocr_carea' id='block_1_82' title="bbox 2180 3715 3758 3789">
    <p class='ocr_par' dir='ltr' id='par_1_82' title="bbox 2180 3715 3758 3789">
     <span class='ocr_line' id='line_1_82' title="bbox 2180 3715 3758 3789; baseline -0.006 -12"><span class='ocrx_word' id='word_1_644' title='bbox 2180 3730 2340 3788; x_wconf 89' lang='lat' dir='ltr'><strong>trem,</strong></span> <span class='ocrx_word' id='word_1_645' title='bbox 2371 3734 2665 3789; x_wconf 86' lang='lat' dir='ltr'><strong>onmesque</strong></span> <span class='ocrx_word' id='word_1_646' title='bbox 2690 3718 3020 3789; x_wconf 87' lang='lat' dir='ltr'><strong>propinquos</strong></span> <span class='ocrx_word' id='word_1_647' title='bbox 3049 3717 3116 3788; x_wconf 87' lang='lat' dir='ltr'><strong>(si</strong></span> <span class='ocrx_word' id='word_1_648' title='bbox 3146 3717 3301 3772; x_wconf 86' lang='lat' dir='ltr'><strong>nobis</strong></span> <span class='ocrx_word' id='word_1_649' title='bbox 3328 3717 3385 3772; x_wconf 91' lang='lat' dir='ltr'><strong>in</strong></span> <span class='ocrx_word' id='word_1_650' title='bbox 3425 3717 3515 3773; x_wconf 80' lang='lat' dir='ltr'><strong>via</strong></span> <span class='ocrx_word' id='word_1_651' title='bbox 3542 3715 3758 3771; x_wconf 88' lang='lat' dir='ltr'><strong>Domini</strong></span> 
     </span>
    </p>
   </div>
   <div class='ocr_carea' id='block_1_83' title="bbox 2183 3804 3760 3879">
    <p class='ocr_par' dir='ltr' id='par_1_83' title="bbox 2183 3804 3760 3879">
     <span class='ocr_line' id='line_1_83' title="bbox 2183 3804 3760 3879; baseline -0.003 -13"><span class='ocrx_word' id='word_1_652' title='bbox 2183 3811 2385 3867; x_wconf 85' lang='lat' dir='ltr'><strong>fuerint</strong></span> <span class='ocrx_word' id='word_1_653' title='bbox 2410 3809 2712 3879; x_wconf 90' lang='lat' dir='ltr'><strong>contrarii),</strong></span> <span class='ocrx_word' id='word_1_654' title='bbox 2742 3808 2879 3864; x_wconf 87' lang='lat' dir='ltr'><strong>sicut</strong></span> <span class='ocrx_word' id='word_1_655' title='bbox 2901 3807 3075 3864; x_wconf 82' lang='lat' dir='ltr'><strong>sancti</strong></span> <span class='ocrx_word' id='word_1_656' title='bbox 3098 3814 3364 3879; x_wconf 71' lang='lat' dir='ltr'><strong>martyres</strong></span> <span class='ocrx_word' id='word_1_657' title='bbox 3385 3821 3527 3878; x_wconf 59' lang='lat' dir='ltr'><strong>saepe</strong></span> <span class='ocrx_word' id='word_1_658' title='bbox 3564 3804 3760 3862; x_wconf 83' lang='lat' dir='ltr'><strong>fecisse</strong></span> 
     </span>
    </p>
   </div>
   <div class='ocr_carea' id='block_1_84' title="bbox 2183 3902 2454 3971">
    <p class='ocr_par' dir='ltr' id='par_1_84' title="bbox 2183 3902 2454 3971">
     <span class='ocr_line' id='line_1_84' title="bbox 2183 3902 2454 3971; baseline -0.007 -14"><span class='ocrx_word' id='word_1_659' title='bbox 2183 3902 2454 3971; x_wconf 88' lang='lat' dir='ltr'><strong>leg-untur.</strong></span> 
     </span>
    </p>
   </div>
   <div class='ocr_carea' id='block_1_85' title="bbox 2256 3986 3761 4063">
    <p class='ocr_par' dir='ltr' id='par_1_85' title="bbox 2256 3986 3761 4063">
     <span class='ocr_line' id='line_1_85' title="bbox 2256 3986 3761 4063; baseline -0.003 -19"><span class='ocrx_word' id='word_1_660' title='bbox 2256 3990 2526 4046; x_wconf 68' lang='lat' dir='ltr'><strong>Vesanus.</strong></span> <span class='ocrx_word' id='word_1_661' title='bbox 2575 3988 2714 4057; x_wconf 90' lang='lat' dir='ltr'><strong>Quid</strong></span> <span class='ocrx_word' id='word_1_662' title='bbox 2761 3999 2846 4045; x_wconf 87' lang='lat' dir='ltr'><strong>est</strong></span> <span class='ocrx_word' id='word_1_663' title='bbox 2883 3989 3028 4063; x_wconf 91' lang='lat' dir='ltr'><strong>quod</strong></span> <span class='ocrx_word' id='word_1_664' title='bbox 3070 4004 3281 4047; x_wconf 87' lang='lat' dir='ltr'><strong>rursum</strong></span> <span class='ocrx_word' id='word_1_665' title='bbox 3330 3988 3500 4044; x_wconf 87' lang='lat' dir='ltr'><strong>dicit:</strong></span> <span class='ocrx_word' id='word_1_666' title='bbox 3534 3986 3761 4057; x_wconf 83' lang='lat' dir='ltr'><strong>Tempus</strong></span> 
     </span>
    </p>
   </div>
   <div class='ocr_carea' id='block_1_86' title="bbox 2186 4078 3765 4152">
    <p class='ocr_par' dir='ltr' id='par_1_86' title="bbox 2186 4078 3765 4152">
     <span class='ocr_line' id='line_1_86' title="bbox 2186 4078 3765 4152; baseline -0.003 -16"><span class='ocrx_word' id='word_1_667' title='bbox 2186 4080 2305 4136; x_wconf 84' lang='lat' dir='ltr'><strong>belli</strong></span> <span class='ocrx_word' id='word_1_668' title='bbox 2344 4088 2397 4134; x_wconf 89' lang='lat' dir='ltr'><strong>et</strong></span> <span class='ocrx_word' id='word_1_669' title='bbox 2425 4090 2622 4150; x_wconf 85' lang='lat' dir='ltr'><strong>tempus</strong></span> <span class='ocrx_word' id='word_1_670' title='bbox 2650 4080 2795 4150; x_wconf 86' lang='lat' dir='ltr'><strong>pacis</strong></span> <span class='ocrx_word' id='word_1_671' title='bbox 2840 4078 3041 4152; x_wconf 85' lang='lat' dir='ltr'><strong>(Eccle.</strong></span> <span class='ocrx_word' id='word_1_672' title='bbox 3091 4078 3170 4149; x_wconf 89' lang='grc' dir='ltr'>ιιι)</span> <span class='ocrx_word' id='word_1_673' title='bbox 3192 4081 3217 4133; x_wconf 70' lang='grc' dir='ltr'><strong><em>Ἰ</em></strong></span> <span class='ocrx_word' id='word_1_674' title='bbox 3243 4078 3524 4145; x_wconf 89' lang='lat' dir='ltr'><strong>Quomodo</strong></span> <span class='ocrx_word' id='word_1_675' title='bbox 3549 4086 3765 4147; x_wconf 86' lang='lat' dir='ltr'><strong>tempus</strong></span> 
     </span>
    </p>
   </div>
   <div class='ocr_carea' id='block_1_87' title="bbox 2187 4168 3766 4238">
    <p class='ocr_par' dir='ltr' id='par_1_87' title="bbox 2187 4168 3766 4238">
     <span class='ocr_line' id='line_1_87' title="bbox 2187 4168 3766 4238; baseline -0.003 -12"><span class='ocrx_word' id='word_1_676' title='bbox 2187 4179 2271 4227; x_wconf 91' lang='lat' dir='ltr'><strong>est</strong></span> <span class='ocrx_word' id='word_1_677' title='bbox 2299 4170 2449 4236; x_wconf 89' lang='lat' dir='ltr'><strong>belli,</strong></span> <span class='ocrx_word' id='word_1_678' title='bbox 2476 4185 2599 4224; x_wconf 90' lang='lat' dir='ltr'><strong>cum</strong></span> <span class='ocrx_word' id='word_1_679' title='bbox 2620 4168 2878 4224; x_wconf 91' lang='lat' dir='ltr'><strong>Dominus</strong></span> <span class='ocrx_word' id='word_1_680' title='bbox 2896 4170 2951 4225; x_wconf 91' lang='lat' dir='ltr'><strong>in</strong></span> <span class='ocrx_word' id='word_1_681' title='bbox 2978 4169 3272 4238; x_wconf 84' lang='lat' dir='ltr'><strong>Evangelio</strong></span> <span class='ocrx_word' id='word_1_682' title='bbox 3290 4170 3433 4225; x_wconf 88' lang='lat' dir='ltr'><strong>dicat</strong></span> <span class='ocrx_word' id='word_1_683' title='bbox 3459 4187 3471 4221; x_wconf 95' lang='lat'>:</span> <span class='ocrx_word' id='word_1_684' title='bbox 3494 4168 3624 4227; x_wconf 86' lang='lat' dir='ltr'><strong>Esto</strong></span> <span class='ocrx_word' id='word_1_685' title='bbox 3642 4186 3766 4223; x_wconf 58' lang='lat' dir='ltr'><strong>con.</strong></span> 
     </span>
    </p>
   </div>
   <div class='ocr_carea' id='block_1_88' title="bbox 2188 4260 3762 4327">
    <p class='ocr_par' dir='ltr' id='par_1_88' title="bbox 2188 4260 3762 4327">
     <span class='ocr_line' id='line_1_88' title="bbox 2188 4260 3762 4327; baseline -0.003 -13"><span class='ocrx_word' id='word_1_686' title='bbox 2188 4262 2412 4315; x_wconf 84' lang='lat' dir='ltr'><strong>sentiens</strong></span> <span class='ocrx_word' id='word_1_687' title='bbox 2434 4260 2728 4315; x_wconf 79' lang='lat' dir='ltr'><strong>adversario</strong></span> <span class='ocrx_word' id='word_1_688' title='bbox 2757 4270 2842 4315; x_wconf 91' lang='lat' dir='ltr'><strong>tuo</strong></span> <span class='ocrx_word' id='word_1_689' title='bbox 2870 4261 2993 4327; x_wconf 88' lang='lat' dir='ltr'><strong>cito,</strong></span> <span class='ocrx_word' id='word_1_690' title='bbox 3023 4260 3145 4314; x_wconf 89' lang='lat' dir='ltr'><strong>dum</strong></span> <span class='ocrx_word' id='word_1_691' title='bbox 3188 4276 3242 4315; x_wconf 88' lang='lat' dir='ltr'><strong>es</strong></span> <span class='ocrx_word' id='word_1_692' title='bbox 3269 4276 3385 4313; x_wconf 88' lang='lat' dir='ltr'><strong>cum</strong></span> <span class='ocrx_word' id='word_1_693' title='bbox 3412 4260 3505 4315; x_wconf 88' lang='lat' dir='ltr'><strong>illo</strong></span> <span class='ocrx_word' id='word_1_694' title='bbox 3532 4260 3590 4313; x_wconf 83' lang='lat' dir='ltr'><strong>in</strong></span> <span class='ocrx_word' id='word_1_695' title='bbox 3633 4260 3720 4312; x_wconf 75' lang='lat' dir='ltr'><strong>vis</strong></span> <span class='ocrx_word' id='word_1_696' title='bbox 3744 4275 3762 4322; x_wconf 90' lang='lat'><strong>;</strong></span> 
     </span>
    </p>
   </div>
   <div class='ocr_carea' id='block_1_89' title="bbox 2190 4348 3769 4429">
    <p class='ocr_par' dir='ltr' id='par_1_89' title="bbox 2190 4348 3769 4429">
     <span class='ocr_line' id='line_1_89' title="bbox 2190 4348 3769 4429; baseline -0.001 -24"><span class='ocrx_word' id='word_1_697' title='bbox 2190 4360 2249 4406; x_wconf 89' lang='lat' dir='ltr'><strong>et</strong></span> <span class='ocrx_word' id='word_1_698' title='bbox 2275 4352 2403 4429; x_wconf 82' lang='lat' dir='ltr'><strong>item</strong></span> <span class='ocrx_word' id='word_1_699' title='bbox 2430 4368 2444 4404; x_wconf 90' lang='lat'><strong>:</strong></span> <span class='ocrx_word' id='word_1_700' title='bbox 2476 4349 2538 4405; x_wconf 91' lang='lat' dir='ltr'><strong>Si</strong></span> <span class='ocrx_word' id='word_1_701' title='bbox 2565 4351 2678 4422; x_wconf 81' lang='lat' dir='ltr'><strong>quis</strong></span> <span class='ocrx_word' id='word_1_702' title='bbox 2715 4352 3021 4420; x_wconf 84' lang='lat' dir='ltr'><strong>percusserit</strong></span> <span class='ocrx_word' id='word_1_703' title='bbox 3047 4358 3098 4405; x_wconf 89' lang='lat' dir='ltr'><strong>te</strong></span> <span class='ocrx_word' id='word_1_704' title='bbox 3120 4352 3177 4405; x_wconf 86' lang='lat' dir='ltr'><strong>in</strong></span> <span class='ocrx_word' id='word_1_705' title='bbox 3201 4350 3473 4406; x_wconf 64' lang='lat' dir='ltr'><strong>dexteram</strong></span> <span class='ocrx_word' id='word_1_706' title='bbox 3494 4348 3769 4404; x_wconf 60' lang='lat' dir='ltr'><strong>manilium</strong></span> 
     </span>
    </p>
   </div>
   <div class='ocr_carea' id='block_1_90' title="bbox 2195 4438 3770 4511">
    <p class='ocr_par' dir='ltr' id='par_1_90' title="bbox 2195 4438 3770 4511">
     <span class='ocr_line' id='line_1_90' title="bbox 2195 4438 3770 4511; baseline -0.001 -18"><span class='ocrx_word' id='word_1_707' title='bbox 2195 4450 2355 4505; x_wconf 89' lang='lat' dir='ltr'><strong>tuam,</strong></span> <span class='ocrx_word' id='word_1_708' title='bbox 2376 4438 2546 4511; x_wconf 74' lang='lat' dir='ltr'><strong>prwbe</strong></span> <span class='ocrx_word' id='word_1_709' title='bbox 2573 4438 2652 4493; x_wconf 89' lang='lat' dir='ltr'><strong>illi</strong></span> <span class='ocrx_word' id='word_1_710' title='bbox 2680 4447 2731 4494; x_wconf 89' lang='lat' dir='ltr'><strong>et</strong></span> <span class='ocrx_word' id='word_1_711' title='bbox 2758 4439 2997 4505; x_wconf 84' lang='lat' dir='ltr'><strong>alterum,</strong></span> <span class='ocrx_word' id='word_1_712' title='bbox 3019 4448 3071 4494; x_wconf 90' lang='lat' dir='ltr'><strong>et</strong></span> <span class='ocrx_word' id='word_1_713' title='bbox 3089 4441 3174 4511; x_wconf 89' lang='lat' dir='ltr'><strong>qui</strong></span> <span class='ocrx_word' id='word_1_714' title='bbox 3201 4439 3419 4494; x_wconf 79' lang='lat' dir='ltr'><strong>uoluerit</strong></span> <span class='ocrx_word' id='word_1_715' title='bbox 3444 4442 3652 4510; x_wconf 80' lang='lat' dir='ltr'><strong>auferre</strong></span> <span class='ocrx_word' id='word_1_716' title='bbox 3679 4448 3770 4492; x_wconf 81' lang='lat' dir='ltr'><strong>tu-</strong></span> 
     </span>
    </p>
   </div>
   <div class='ocr_carea' id='block_1_91' title="bbox 515 4522 3485 4625">
    <p class='ocr_par' dir='ltr' id='par_1_91' title="bbox 515 4522 3485 4625">
     <span class='ocr_line' id='line_1_91' title="bbox 515 4522 3485 4625; baseline -0.001 -40"><span class='ocrx_word' id='word_1_717' title='bbox 515 4549 607 4603; x_wconf 86' lang='lat' dir='ltr'><strong>pus</strong></span> <span class='ocrx_word' id='word_1_718' title='bbox 637 4528 912 4601; x_wconf 83' lang='lat' dir='ltr'><strong>plangendi</strong></span> <span class='ocrx_word' id='word_1_719' title='bbox 941 4534 1023 4581; x_wconf 91' lang='lat' dir='ltr'><strong>est</strong></span> <span class='ocrx_word' id='word_1_720' title='bbox 1055 4525 1158 4579; x_wconf 73' lang='lat' dir='ltr'><strong>tita</strong></span> <span class='ocrx_word' id='word_1_721' title='bbox 1187 4540 1453 4595; x_wconf 76' lang='lat' dir='ltr'><strong>prmsens;</strong></span> <span class='ocrx_word' id='word_1_722' title='bbox 1480 4534 1676 4595; x_wconf 73' lang='lat' dir='ltr'><strong>tempus</strong></span> <span class='ocrx_word' id='word_1_723' title='bbox 1724 4522 1957 4579; x_wconf 88' lang='lat' dir='ltr'><strong>saltandi</strong></span> <span class='ocrx_word' id='word_1_724' title='bbox 2002 4531 2088 4578; x_wconf 88' lang='lat' dir='ltr'><strong>est</strong></span> <span class='ocrx_word' id='word_1_725' title='bbox 2120 4565 2169 4625; x_wconf 68' lang='grc' dir='ltr'><strong>Β</strong></span> <span class='ocrx_word' id='word_1_726' title='bbox 2192 4531 2363 4595; x_wconf 73' lang='lat' dir='ltr'><strong>nicum</strong></span> <span class='ocrx_word' id='word_1_727' title='bbox 2386 4537 2545 4596; x_wconf 80' lang='lat' dir='ltr'><strong>tuam,</strong></span> <span class='ocrx_word' id='word_1_728' title='bbox 2572 4528 2771 4583; x_wconf 83' lang='lat' dir='ltr'><strong>dimitte</strong></span> <span class='ocrx_word' id='word_1_729' title='bbox 2792 4529 2869 4582; x_wconf 82' lang='lat' dir='ltr'><strong>illi</strong></span> <span class='ocrx_word' id='word_1_730' title='bbox 2888 4538 2938 4582; x_wconf 85' lang='lat' dir='ltr'><strong>et</strong></span> <span class='ocrx_word' id='word_1_731' title='bbox 2964 4528 3181 4599; x_wconf 82' lang='lat' dir='ltr'><strong>pallium</strong></span> <span class='ocrx_word' id='word_1_732' title='bbox 3201 4527 3353 4598; x_wconf 86' lang='lat' dir='ltr'><strong>(Luc.</strong></span> <span class='ocrx_word' id='word_1_733' title='bbox 3378 4529 3485 4596; x_wconf 73' lang='lat' dir='ltr'><strong>v1)?</strong></span> 
     </span>
    </p>
   </div>
   <div class='ocr_carea' id='block_1_92' title="bbox 517 4615 2088 4685">
    <p class='ocr_par' dir='ltr' id='par_1_92' title="bbox 517 4615 2088 4685">
     <span class='ocr_line' id='line_1_92' title="bbox 517 4615 2088 4685; baseline -0.004 -10"><span class='ocrx_word' id='word_1_734' title='bbox 517 4626 623 4675; x_wconf 84' lang='lat' dir='ltr'><strong>vita</strong></span> <span class='ocrx_word' id='word_1_735' title='bbox 671 4620 849 4673; x_wconf 83' lang='lat' dir='ltr'><strong>beata.</strong></span> <span class='ocrx_word' id='word_1_736' title='bbox 899 4616 957 4670; x_wconf 89' lang='lat' dir='ltr'><strong>in</strong></span> <span class='ocrx_word' id='word_1_737' title='bbox 1000 4620 1150 4672; x_wconf 79' lang='lat' dir='ltr'><strong>mbtu</strong></span> <span class='ocrx_word' id='word_1_738' title='bbox 1182 4630 1411 4685; x_wconf 89' lang='lat' dir='ltr'><strong>namque</strong></span> <span class='ocrx_word' id='word_1_739' title='bbox 1438 4616 1758 4680; x_wconf 88' lang='lat' dir='ltr'><strong>saltationis,</strong></span> <span class='ocrx_word' id='word_1_740' title='bbox 1786 4615 1951 4671; x_wconf 76' lang='lat' dir='ltr'><strong>honto</strong></span> <span class='ocrx_word' id='word_1_741' title='bbox 1979 4630 2088 4669; x_wconf 76' lang='lat' dir='ltr'><strong>sum</strong></span> 
     </span>
    </p>
   </div>
   <div class='ocr_carea' id='block_1_93' title="bbox 422 4703 2089 4775">
    <p class='ocr_par' dir='ltr' id='par_1_93' title="bbox 422 4703 2089 4775">
     <span class='ocr_line' id='line_1_93' title="bbox 422 4703 2089 4775; baseline -0.006 -6"><span class='ocrx_word' id='word_1_742' title='bbox 422 4738 429 4769; x_wconf 71' lang='grc' dir='ltr'><em>ε</em></span> <span class='ocrx_word' id='word_1_743' title='bbox 518 4710 712 4765; x_wconf 87' lang='lat' dir='ltr'><strong>mentis</strong></span> <span class='ocrx_word' id='word_1_744' title='bbox 753 4706 1004 4775; x_wconf 81' lang='lat' dir='ltr'><strong>gaudium</strong></span> <span class='ocrx_word' id='word_1_745' title='bbox 1032 4713 1086 4761; x_wconf 92' lang='lat' dir='ltr'><strong>et</strong></span> <span class='ocrx_word' id='word_1_746' title='bbox 1114 4706 1279 4760; x_wconf 89' lang='lat' dir='ltr'><strong>animi</strong></span> <span class='ocrx_word' id='word_1_747' title='bbox 1308 4706 1641 4760; x_wconf 88' lang='lat' dir='ltr'><strong>demonstrat</strong></span> <span class='ocrx_word' id='word_1_748' title='bbox 1678 4704 1946 4760; x_wconf 77' lang='lat' dir='ltr'><strong>aﬂ‘ectum.</strong></span> <span class='ocrx_word' id='word_1_749' title='bbox 1986 4703 2089 4775; x_wconf 91' lang='lat' dir='ltr'><strong>Qui</strong></span> 
     </span>
    </p>
   </div>
   <div class='ocr_carea' id='block_1_94' title="bbox 418 4786 2086 4871">
    <p class='ocr_par' dir='ltr' id='par_1_94' title="bbox 418 4786 2086 4871">
     <span class='ocr_line' id='line_1_94' title="bbox 418 4786 2086 4871; baseline -0.004 -13"><span class='ocrx_word' id='word_1_750' title='bbox 418 4786 423 4789; x_wconf 48' lang='grc'><strong>’</strong></span> <span class='ocrx_word' id='word_1_751' title='bbox 518 4816 645 4871; x_wconf 87' lang='lat' dir='ltr'><strong>ergo</strong></span> <span class='ocrx_word' id='word_1_752' title='bbox 674 4802 727 4855; x_wconf 90' lang='lat' dir='ltr'><strong>in</strong></span> <span class='ocrx_word' id='word_1_753' title='bbox 757 4800 855 4854; x_wconf 89' lang='lat' dir='ltr'><strong>hac</strong></span> <span class='ocrx_word' id='word_1_754' title='bbox 883 4800 991 4853; x_wconf 81' lang='lat' dir='ltr'><strong>vita</strong></span> <span class='ocrx_word' id='word_1_755' title='bbox 1029 4797 1334 4868; x_wconf 87' lang='lat' dir='ltr'><strong>plangendo</strong></span> <span class='ocrx_word' id='word_1_756' title='bbox 1380 4797 1559 4853; x_wconf 87' lang='lat' dir='ltr'><strong>studet</strong></span> <span class='ocrx_word' id='word_1_757' title='bbox 1586 4797 1805 4852; x_wconf 89' lang='lat' dir='ltr'><strong>abolere</strong></span> <span class='ocrx_word' id='word_1_758' title='bbox 1844 4788 2086 4867; x_wconf 78' lang='lat' dir='ltr'><strong>peccata,</strong></span> 
     </span>
    </p>
   </div>
   <div class='ocr_carea' id='block_1_95' title="bbox 519 4889 2091 4959">
    <p class='ocr_par' dir='ltr' id='par_1_95' title="bbox 519 4889 2091 4959">
     <span class='ocr_line' id='line_1_95' title="bbox 519 4889 2091 4959; baseline -0.004 -10"><span class='ocrx_word' id='word_1_759' title='bbox 519 4896 571 4949; x_wconf 90' lang='lat' dir='ltr'><strong>in</strong></span> <span class='ocrx_word' id='word_1_760' title='bbox 597 4891 772 4947; x_wconf 80' lang='lat' dir='ltr'><strong>futura</strong></span> <span class='ocrx_word' id='word_1_761' title='bbox 800 4893 910 4947; x_wconf 87' lang='lat' dir='ltr'><strong>vita</strong></span> <span class='ocrx_word' id='word_1_762' title='bbox 958 4892 1205 4959; x_wconf 89' lang='lat' dir='ltr'><strong>saltabit,</strong></span> <span class='ocrx_word' id='word_1_763' title='bbox 1230 4889 1288 4946; x_wconf 89' lang='lat' dir='ltr'><strong>id</strong></span> <span class='ocrx_word' id='word_1_764' title='bbox 1324 4898 1406 4945; x_wconf 88' lang='lat' dir='ltr'><strong>est</strong></span> <span class='ocrx_word' id='word_1_765' title='bbox 1434 4890 1698 4945; x_wconf 78' lang='lat' dir='ltr'><strong>ltetabitur</strong></span> <span class='ocrx_word' id='word_1_766' title='bbox 1722 4898 1777 4945; x_wconf 88' lang='lat' dir='ltr'><strong>et</strong></span> <span class='ocrx_word' id='word_1_767' title='bbox 1802 4889 2091 4945; x_wconf 86' lang='lat' dir='ltr'><strong>exsultabit</strong></span> 
     </span>
    </p>
   </div>
   <div class='ocr_carea' id='block_1_96' title="bbox 519 4981 1318 5051">
    <p class='ocr_par' dir='ltr' id='par_1_96' title="bbox 519 4981 1318 5051">
     <span class='ocr_line' id='line_1_96' title="bbox 519 4981 1318 5051; baseline -0.005 -11"><span class='ocrx_word' id='word_1_768' title='bbox 519 4985 573 5040; x_wconf 92' lang='lat' dir='ltr'><strong>in</strong></span> <span class='ocrx_word' id='word_1_769' title='bbox 603 4983 771 5051; x_wconf 85' lang='lat' dir='ltr'><strong>gloria</strong></span> <span class='ocrx_word' id='word_1_770' title='bbox 795 4991 1008 5037; x_wconf 62' lang='grc' dir='ltr'><strong>πίει-ηαξ</strong></span> <span class='ocrx_word' id='word_1_771' title='bbox 1030 4981 1318 5037; x_wconf 81' lang='lat' dir='ltr'><strong>felicitatis.</strong></span> 
     </span>
    </p>
   </div>
   <div class='ocr_carea' id='block_1_97' title="bbox 588 5070 2094 5144">
    <p class='ocr_par' dir='ltr' id='par_1_97' title="bbox 588 5070 2094 5144">
     <span class='ocr_line' id='line_1_97' title="bbox 588 5070 2094 5144; baseline -0.003 -17"><span class='ocrx_word' id='word_1_772' title='bbox 588 5072 859 5127; x_wconf 59' lang='lat' dir='ltr'><strong>Vesanus.</strong></span> <span class='ocrx_word' id='word_1_773' title='bbox 890 5071 1027 5138; x_wconf 89' lang='lat' dir='ltr'><strong>Quid</strong></span> <span class='ocrx_word' id='word_1_774' title='bbox 1054 5079 1138 5128; x_wconf 89' lang='lat' dir='ltr'><strong>est</strong></span> <span class='ocrx_word' id='word_1_775' title='bbox 1156 5071 1299 5141; x_wconf 91' lang='lat' dir='ltr'><strong>quod</strong></span> <span class='ocrx_word' id='word_1_776' title='bbox 1325 5071 1400 5125; x_wconf 91' lang='lat' dir='ltr'><strong>ait</strong></span> <span class='ocrx_word' id='word_1_777' title='bbox 1423 5088 1436 5124; x_wconf 88' lang='lat'><strong>:</strong></span> <span class='ocrx_word' id='word_1_778' title='bbox 1471 5070 1688 5144; x_wconf 86' lang='lat' dir='ltr'><strong>Tempus</strong></span> <span class='ocrx_word' id='word_1_779' title='bbox 1709 5070 1989 5143; x_wconf 84' lang='lat' dir='ltr'><strong>spargendi</strong></span> <span class='ocrx_word' id='word_1_780' title='bbox 2012 5071 2094 5124; x_wconf 90' lang='lat' dir='ltr'><strong>la-</strong></span> 
     </span>
    </p>
   </div>
   <div class='ocr_carea' id='block_1_98' title="bbox 518 5159 2091 5238">
    <p class='ocr_par' dir='ltr' id='par_1_98' title="bbox 518 5159 2091 5238">
     <span class='ocr_line' id='line_1_98' title="bbox 518 5159 2091 5238; baseline -0.004 -18"><span class='ocrx_word' id='word_1_781' title='bbox 518 5164 706 5238; x_wconf 81' lang='lat' dir='ltr'><strong>pides,</strong></span> <span class='ocrx_word' id='word_1_782' title='bbox 761 5171 809 5216; x_wconf 91' lang='lat' dir='ltr'><strong>et</strong></span> <span class='ocrx_word' id='word_1_783' title='bbox 855 5171 1048 5231; x_wconf 84' lang='lat' dir='ltr'><strong>tempus</strong></span> <span class='ocrx_word' id='word_1_784' title='bbox 1104 5161 1380 5234; x_wconf 85' lang='lat' dir='ltr'><strong>colligendi</strong></span> <span class='ocrx_word' id='word_1_785' title='bbox 1435 5161 1701 5234; x_wconf 83' lang='lat' dir='ltr'><strong>(Ibid.)?</strong></span> <span class='ocrx_word' id='word_1_786' title='bbox 1755 5159 1896 5229; x_wconf 88' lang='lat' dir='ltr'><strong>Quid</strong></span> <span class='ocrx_word' id='word_1_787' title='bbox 1946 5161 2091 5215; x_wconf 89' lang='lat' dir='ltr'><strong>enim</strong></span> 
     </span>
    </p>
   </div>
   <div class='ocr_carea' id='block_1_99' title="bbox 520 5250 2090 5327">
    <p class='ocr_par' dir='ltr' id='par_1_99' title="bbox 520 5250 2090 5327">
     <span class='ocr_line' id='line_1_99' title="bbox 520 5250 2090 5327; baseline -0.004 -18"><span class='ocrx_word' id='word_1_788' title='bbox 520 5256 742 5327; x_wconf 87' lang='lat' dir='ltr'><strong>prodest</strong></span> <span class='ocrx_word' id='word_1_789' title='bbox 769 5251 971 5321; x_wconf 86' lang='lat' dir='ltr'><strong>lapides</strong></span> <span class='ocrx_word' id='word_1_790' title='bbox 990 5266 1261 5320; x_wconf 84' lang='lat' dir='ltr'><strong>spargere,</strong></span> <span class='ocrx_word' id='word_1_791' title='bbox 1290 5261 1384 5307; x_wconf 89' lang='lat' dir='ltr'><strong>aut</strong></span> <span class='ocrx_word' id='word_1_792' title='bbox 1403 5252 1530 5322; x_wconf 91' lang='lat' dir='ltr'><strong>quid</strong></span> <span class='ocrx_word' id='word_1_793' title='bbox 1560 5252 1779 5321; x_wconf 87' lang='lat' dir='ltr'><strong>prodest</strong></span> <span class='ocrx_word' id='word_1_794' title='bbox 1806 5250 2090 5320; x_wconf 86' lang='lat' dir='ltr'><strong>colligere;</strong></span> 
     </span>
    </p>
   </div>
   <div class='ocr_carea' id='block_1_100' title="bbox 518 5341 1741 5411">
    <p class='ocr_par' dir='ltr' id='par_1_100' title="bbox 518 5341 1741 5411">
     <span class='ocr_line' id='line_1_100' title="bbox 518 5341 1741 5411; baseline -0.005 -9"><span class='ocrx_word' id='word_1_795' title='bbox 518 5347 623 5402; x_wconf 88' lang='lat' dir='ltr'><strong>nisi</strong></span> <span class='ocrx_word' id='word_1_796' title='bbox 652 5345 791 5400; x_wconf 81' lang='lat' dir='ltr'><strong>forte</strong></span> <span class='ocrx_word' id='word_1_797' title='bbox 818 5346 1035 5398; x_wconf 87' lang='lat' dir='ltr'><strong>domum</strong></span> <span class='ocrx_word' id='word_1_798' title='bbox 1062 5342 1252 5411; x_wconf 91' lang='lat' dir='ltr'><strong>aliquis</strong></span> <span class='ocrx_word' id='word_1_799' title='bbox 1283 5344 1412 5398; x_wconf 85' lang='lat' dir='ltr'><strong>velit</strong></span> <span class='ocrx_word' id='word_1_800' title='bbox 1439 5341 1741 5398; x_wconf 80' lang='lat' dir='ltr'><strong>mdiﬁcare?</strong></span> 
     </span>
    </p>
   </div>
   <div class='ocr_carea' id='block_1_101' title="bbox 591 5431 2089 5504">
    <p class='ocr_par' dir='ltr' id='par_1_101' title="bbox 591 5431 2089 5504">
     <span class='ocr_line' id='line_1_101' title="bbox 591 5431 2089 5504; baseline -0.006 -11"><span class='ocrx_word' id='word_1_801' title='bbox 591 5437 871 5493; x_wconf 73' lang='lat' dir='ltr'><strong>SALONIUS.</strong></span> <span class='ocrx_word' id='word_1_802' title='bbox 919 5432 1034 5487; x_wconf 80' lang='lat' dir='ltr'><strong>Non</strong></span> <span class='ocrx_word' id='word_1_803' title='bbox 1080 5432 1147 5487; x_wconf 92' lang='lat' dir='ltr'><strong>de</strong></span> <span class='ocrx_word' id='word_1_804' title='bbox 1194 5431 1296 5488; x_wconf 85' lang='lat' dir='ltr'><strong>hac</strong></span> <span class='ocrx_word' id='word_1_805' title='bbox 1323 5448 1484 5488; x_wconf 87' lang='lat' dir='ltr'><strong>causa</strong></span> <span class='ocrx_word' id='word_1_806' title='bbox 1528 5433 1765 5504; x_wconf 91' lang='lat' dir='ltr'><strong>loquitur</strong></span> <span class='ocrx_word' id='word_1_807' title='bbox 1799 5431 2089 5497; x_wconf 87' lang='lat' dir='ltr'><strong>Salomon;</strong></span> 
     </span>
    </p>
   </div>
   <div class='ocr_carea' id='block_1_102' title="bbox 520 5523 2095 5597">
    <p class='ocr_par' dir='ltr' id='par_1_102' title="bbox 520 5523 2095 5597">
     <span class='ocr_line' id='line_1_102' title="bbox 520 5523 2095 5597; baseline -0.006 -11"><span class='ocrx_word' id='word_1_808' title='bbox 520 5528 615 5587; x_wconf 84' lang='lat' dir='ltr'><strong>sed</strong></span> <span class='ocrx_word' id='word_1_809' title='bbox 639 5528 706 5583; x_wconf 89' lang='lat' dir='ltr'><strong>de</strong></span> <span class='ocrx_word' id='word_1_810' title='bbox 731 5527 967 5597; x_wconf 90' lang='lat' dir='ltr'><strong>gentium</strong></span> <span class='ocrx_word' id='word_1_811' title='bbox 996 5524 1327 5595; x_wconf 87' lang='lat' dir='ltr'><strong>dispersione</strong></span> <span class='ocrx_word' id='word_1_812' title='bbox 1354 5533 1408 5578; x_wconf 88' lang='lat' dir='ltr'><strong>et</strong></span> <span class='ocrx_word' id='word_1_813' title='bbox 1434 5526 1770 5581; x_wconf 88' lang='lat' dir='ltr'><strong>collectione.</strong></span> <span class='ocrx_word' id='word_1_814' title='bbox 1814 5523 1948 5579; x_wconf 85' lang='lat' dir='ltr'><strong>Nam</strong></span> <span class='ocrx_word' id='word_1_815' title='bbox 1996 5539 2095 5593; x_wconf 84' lang='lat' dir='ltr'><strong>per</strong></span> 
     </span>
    </p>
   </div>
   <div class='ocr_carea' id='block_1_103' title="bbox 525 5613 2089 5687">
    <p class='ocr_par' dir='ltr' id='par_1_103' title="bbox 525 5613 2089 5687">
     <span class='ocr_line' id='line_1_103' title="bbox 525 5613 2089 5687; baseline -0.003 -14"><span class='ocrx_word' id='word_1_816' title='bbox 525 5616 745 5687; x_wconf 87' lang='lat' dir='ltr'><strong>lapides,</strong></span> <span class='ocrx_word' id='word_1_817' title='bbox 776 5624 963 5686; x_wconf 85' lang='lat' dir='ltr'><strong>gentes</strong></span> <span class='ocrx_word' id='word_1_818' title='bbox 991 5616 1327 5685; x_wconf 85' lang='lat' dir='ltr'><strong>assignantur</strong></span> <span class='ocrx_word' id='word_1_819' title='bbox 1358 5632 1370 5667; x_wconf 91' lang='lat'>:</span> <span class='ocrx_word' id='word_1_820' title='bbox 1404 5613 1556 5670; x_wconf 87' lang='lat' dir='ltr'><strong>Unde</strong></span> <span class='ocrx_word' id='word_1_821' title='bbox 1581 5614 1817 5671; x_wconf 83' lang='lat' dir='ltr'><strong>Joannes</strong></span> <span class='ocrx_word' id='word_1_822' title='bbox 1849 5633 1863 5670; x_wconf 90' lang='lat'><strong>:</strong></span> <span class='ocrx_word' id='word_1_823' title='bbox 1894 5614 2089 5670; x_wconf 85' lang='lat' dir='ltr'><strong>Potens</strong></span> 
     </span>
    </p>
   </div>
   <div class='ocr_carea' id='block_1_104' title="bbox 520 5704 2087 5775">
    <p class='ocr_par' dir='ltr' id='par_1_104' title="bbox 520 5704 2087 5775">
     <span class='ocr_line' id='line_1_104' title="bbox 520 5704 2087 5775; baseline -0.001 -14"><span class='ocrx_word' id='word_1_824' title='bbox 520 5716 618 5767; x_wconf 82' lang='lat' dir='ltr'><strong>est,</strong></span> <span class='ocrx_word' id='word_1_825' title='bbox 637 5706 824 5774; x_wconf 82' lang='lat' dir='ltr'><strong>inquit,</strong></span> <span class='ocrx_word' id='word_1_826' title='bbox 845 5705 981 5760; x_wconf 85' lang='lat' dir='ltr'><strong>Dens</strong></span> <span class='ocrx_word' id='word_1_827' title='bbox 1005 5706 1066 5760; x_wconf 84' lang='lat' dir='ltr'><strong>de</strong></span> <span class='ocrx_word' id='word_1_828' title='bbox 1080 5704 1331 5774; x_wconf 86' lang='lat' dir='ltr'><strong>lapidibus</strong></span> <span class='ocrx_word' id='word_1_829' title='bbox 1352 5704 1464 5759; x_wconf 86' lang='lat' dir='ltr'><strong>istis</strong></span> <span class='ocrx_word' id='word_1_830' title='bbox 1493 5706 1741 5760; x_wconf 83' lang='lat' dir='ltr'><strong>suscitare</strong></span> <span class='ocrx_word' id='word_1_831' title='bbox 1758 5706 1897 5775; x_wconf 79' lang='lat' dir='ltr'><strong>filios</strong></span> <span class='ocrx_word' id='word_1_832' title='bbox 1918 5707 2087 5759; x_wconf 77' lang='lat' dir='ltr'><strong>Abra-</strong></span> 
     </span>
    </p>
   </div>
   <div class='ocr_carea' id='block_1_105' title="bbox 2264 4617 3774 4688">
    <p class='ocr_par' dir='ltr' id='par_1_105' title="bbox 2264 4617 3774 4688">
     <span class='ocr_line' id='line_1_105' title="bbox 2264 4617 3774 4688; baseline -0.001 -13"><span class='ocrx_word' id='word_1_833' title='bbox 2264 4619 2544 4678; x_wconf 68' lang='lat' dir='ltr'><strong>Ssaomus.</strong></span> <span class='ocrx_word' id='word_1_834' title='bbox 2592 4617 2735 4674; x_wconf 85' lang='lat' dir='ltr'><strong>Vere</strong></span> <span class='ocrx_word' id='word_1_835' title='bbox 2759 4618 2916 4674; x_wconf 89' lang='lat' dir='ltr'><strong>nobis</strong></span> <span class='ocrx_word' id='word_1_836' title='bbox 2943 4633 3157 4688; x_wconf 87' lang='lat' dir='ltr'><strong>semper</strong></span> <span class='ocrx_word' id='word_1_837' title='bbox 3182 4627 3266 4674; x_wconf 89' lang='lat' dir='ltr'><strong>est</strong></span> <span class='ocrx_word' id='word_1_838' title='bbox 3307 4627 3518 4688; x_wconf 86' lang='lat' dir='ltr'><strong>tempus</strong></span> <span class='ocrx_word' id='word_1_839' title='bbox 3560 4617 3684 4675; x_wconf 86' lang='lat' dir='ltr'><strong>belli</strong></span> <span class='ocrx_word' id='word_1_840' title='bbox 3712 4626 3774 4673; x_wconf 90' lang='lat' dir='ltr'><strong>et</strong></span> 
     </span>
    </p>
   </div>
   <div class='ocr_carea' id='block_1_106' title="bbox 2189 4707 3774 4781">
    <p class='ocr_par' dir='ltr' id='par_1_106' title="bbox 2189 4707 3774 4781">
     <span class='ocr_line' id='line_1_106' title="bbox 2189 4707 3774 4781; baseline -0.003 -16"><span class='ocrx_word' id='word_1_841' title='bbox 2189 4723 2379 4781; x_wconf 66' lang='lat' dir='ltr'><strong>pugnae</strong></span> <span class='ocrx_word' id='word_1_842' title='bbox 2395 4707 2628 4778; x_wconf 89' lang='lat' dir='ltr'><strong>quandiu</strong></span> <span class='ocrx_word' id='word_1_843' title='bbox 2649 4708 2704 4763; x_wconf 93' lang='lat' dir='ltr'><strong>in</strong></span> <span class='ocrx_word' id='word_1_844' title='bbox 2724 4708 2971 4778; x_wconf 73' lang='lat' dir='ltr'><strong>praesenti</strong></span> <span class='ocrx_word' id='word_1_845' title='bbox 2991 4708 3100 4762; x_wconf 84' lang='lat' dir='ltr'><strong>vita</strong></span> <span class='ocrx_word' id='word_1_846' title='bbox 3120 4723 3327 4776; x_wconf 86' lang='lat' dir='ltr'><strong>sumus,</strong></span> <span class='ocrx_word' id='word_1_847' title='bbox 3344 4708 3601 4776; x_wconf 84' lang='lat' dir='ltr'><strong>quoniam</strong></span> <span class='ocrx_word' id='word_1_848' title='bbox 3622 4720 3774 4762; x_wconf 84' lang='lat' dir='ltr'><strong>sem-</strong></span> 
     </span>
    </p>
   </div>
   <div class='ocr_carea' id='block_1_107' title="bbox 2194 4800 3775 4872">
    <p class='ocr_par' dir='ltr' id='par_1_107' title="bbox 2194 4800 3775 4872">
     <span class='ocr_line' id='line_1_107' title="bbox 2194 4800 3775 4872; baseline -0.001 -15"><span class='ocrx_word' id='word_1_849' title='bbox 2194 4818 2290 4872; x_wconf 88' lang='lat' dir='ltr'><strong>per</strong></span> <span class='ocrx_word' id='word_1_850' title='bbox 2327 4815 2547 4857; x_wconf 64' lang='lat' dir='ltr'><strong>nemsse</strong></span> <span class='ocrx_word' id='word_1_851' title='bbox 2583 4807 2670 4855; x_wconf 89' lang='lat' dir='ltr'><strong>est</strong></span> <span class='ocrx_word' id='word_1_852' title='bbox 2696 4800 2852 4856; x_wconf 88' lang='lat' dir='ltr'><strong>nobis</strong></span> <span class='ocrx_word' id='word_1_853' title='bbox 2878 4814 3118 4870; x_wconf 88' lang='lat' dir='ltr'><strong>pugnare</strong></span> <span class='ocrx_word' id='word_1_854' title='bbox 3145 4801 3401 4856; x_wconf 87' lang='lat' dir='ltr'><strong>adversus</strong></span> <span class='ocrx_word' id='word_1_855' title='bbox 3428 4801 3650 4859; x_wconf 85' lang='lat' dir='ltr'><strong>insidias</strong></span> <span class='ocrx_word' id='word_1_856' title='bbox 3675 4800 3775 4855; x_wconf 84' lang='lat' dir='ltr'><strong>ho-</strong></span> 
     </span>
    </p>
   </div>
   <div class='ocr_carea' id='block_1_108' title="bbox 2192 4889 3775 4960">
    <p class='ocr_par' dir='ltr' id='par_1_108' title="bbox 2192 4889 3775 4960">
     <span class='ocr_line' id='line_1_108' title="bbox 2192 4889 3775 4960; baseline -0.003 -13"><span class='ocrx_word' id='word_1_857' title='bbox 2192 4892 2293 4947; x_wconf 88' lang='lat' dir='ltr'><strong>stis</strong></span> <span class='ocrx_word' id='word_1_858' title='bbox 2319 4889 2544 4960; x_wconf 88' lang='lat' dir='ltr'><strong>antiqui,</strong></span> <span class='ocrx_word' id='word_1_859' title='bbox 2568 4896 2625 4943; x_wconf 89' lang='lat' dir='ltr'><strong>et</strong></span> <span class='ocrx_word' id='word_1_860' title='bbox 2651 4903 2838 4945; x_wconf 88' lang='lat' dir='ltr'><strong>aereas</strong></span> <span class='ocrx_word' id='word_1_861' title='bbox 2869 4890 2945 4958; x_wconf 90' lang='lat' dir='ltr'><strong>(id</strong></span> <span class='ocrx_word' id='word_1_862' title='bbox 2971 4897 3057 4945; x_wconf 87' lang='lat' dir='ltr'><strong>est</strong></span> <span class='ocrx_word' id='word_1_863' title='bbox 3075 4889 3431 4959; x_wconf 83' lang='lat' dir='ltr'><strong>malignorum</strong></span> <span class='ocrx_word' id='word_1_864' title='bbox 3462 4890 3775 4959; x_wconf 86' lang='lat' dir='ltr'><strong>spirituum)</strong></span> 
     </span>
    </p>
   </div>
   <div class='ocr_carea' id='block_1_109' title="bbox 2195 4979 3779 5051">
    <p class='ocr_par' dir='ltr' id='par_1_109' title="bbox 2195 4979 3779 5051">
     <span class='ocr_line' id='line_1_109' title="bbox 2195 4979 3779 5051; baseline -0.003 -14"><span class='ocrx_word' id='word_1_865' title='bbox 2195 4982 2465 5038; x_wconf 84' lang='lat' dir='ltr'><strong>debellare</strong></span> <span class='ocrx_word' id='word_1_866' title='bbox 2492 4988 2811 5051; x_wconf 84' lang='lat' dir='ltr'><strong>potestates.</strong></span> <span class='ocrx_word' id='word_1_867' title='bbox 2839 4979 2993 5036; x_wconf 86' lang='lat' dir='ltr'><strong>Pacis</strong></span> <span class='ocrx_word' id='word_1_868' title='bbox 3012 4996 3143 5036; x_wconf 87' lang='lat' dir='ltr'><strong>vero</strong></span> <span class='ocrx_word' id='word_1_869' title='bbox 3170 4988 3382 5051; x_wconf 89' lang='lat' dir='ltr'><strong>tempus</strong></span> <span class='ocrx_word' id='word_1_870' title='bbox 3406 4980 3531 5046; x_wconf 89' lang='lat' dir='ltr'><strong>erit,</strong></span> <span class='ocrx_word' id='word_1_871' title='bbox 3553 4995 3673 5035; x_wconf 90' lang='lat' dir='ltr'><strong>cum</strong></span> <span class='ocrx_word' id='word_1_872' title='bbox 3702 4981 3779 5033; x_wconf 84' lang='lat' dir='ltr'><strong>de</strong></span> 
     </span>
    </p>
   </div>
   <div class='ocr_carea' id='block_1_110' title="bbox 2194 5069 3777 5144">
    <p class='ocr_par' dir='ltr' id='par_1_110' title="bbox 2194 5069 3777 5144">
     <span class='ocr_line' id='line_1_110' title="bbox 2194 5069 3777 5144; baseline -0.001 -19"><span class='ocrx_word' id='word_1_873' title='bbox 2194 5071 2446 5144; x_wconf 75' lang='lat' dir='ltr'><strong>pnesenti</strong></span> <span class='ocrx_word' id='word_1_874' title='bbox 2498 5070 2695 5125; x_wconf 65' lang='lat' dir='ltr'><strong>sacculo</strong></span> <span class='ocrx_word' id='word_1_875' title='bbox 2744 5070 3182 5139; x_wconf 85' lang='lat' dir='ltr'><strong>migraverimus;</strong></span> <span class='ocrx_word' id='word_1_876' title='bbox 3229 5072 3486 5141; x_wconf 81' lang='lat' dir='ltr'><strong>quoniam</strong></span> <span class='ocrx_word' id='word_1_877' title='bbox 3533 5070 3580 5127; x_wconf 88' lang='lat' dir='ltr'><strong>si</strong></span> <span class='ocrx_word' id='word_1_878' title='bbox 3632 5069 3777 5124; x_wconf 86' lang='lat' dir='ltr'><strong>bene</strong></span> 
     </span>
    </p>
   </div>
   <div class='ocr_carea' id='block_1_111' title="bbox 2198 5162 3776 5233">
    <p class='ocr_par' dir='ltr' id='par_1_111' title="bbox 2198 5162 3776 5233">
     <span class='ocr_line' id='line_1_111' title="bbox 2198 5162 3776 5233; baseline -0.003 -15"><span class='ocrx_word' id='word_1_879' title='bbox 2198 5164 2610 5233; x_wconf 79' lang='lat' dir='ltr'><strong>pugnaverimus</strong></span> <span class='ocrx_word' id='word_1_880' title='bbox 2656 5163 2708 5217; x_wconf 94' lang='lat' dir='ltr'><strong>in</strong></span> <span class='ocrx_word' id='word_1_881' title='bbox 2761 5163 2867 5219; x_wconf 85' lang='lat' dir='ltr'><strong>hoc</strong></span> <span class='ocrx_word' id='word_1_882' title='bbox 2907 5163 3127 5231; x_wconf 66' lang='lat' dir='ltr'><strong>saeculo,</strong></span> <span class='ocrx_word' id='word_1_883' title='bbox 3155 5163 3211 5218; x_wconf 92' lang='lat' dir='ltr'><strong>in</strong></span> <span class='ocrx_word' id='word_1_884' title='bbox 3255 5162 3437 5218; x_wconf 78' lang='lat' dir='ltr'><strong>futuro</strong></span> <span class='ocrx_word' id='word_1_885' title='bbox 3482 5163 3776 5219; x_wconf 52' lang='lat' dir='ltr'><strong>coronabic</strong></span> 
     </span>
    </p>
   </div>
   <div class='ocr_carea' id='block_1_112' title="bbox 2198 5252 3778 5325">
    <p class='ocr_par' dir='ltr' id='par_1_112' title="bbox 2198 5252 3778 5325">
     <span class='ocr_line' id='line_1_112' title="bbox 2198 5252 3778 5325; baseline -0.001 -17"><span class='ocrx_word' id='word_1_886' title='bbox 2198 5271 2333 5319; x_wconf 90' lang='lat' dir='ltr'><strong>mur,</strong></span> <span class='ocrx_word' id='word_1_887' title='bbox 2366 5263 2424 5310; x_wconf 88' lang='lat' dir='ltr'><strong>et</strong></span> <span class='ocrx_word' id='word_1_888' title='bbox 2453 5255 2505 5308; x_wconf 92' lang='lat' dir='ltr'><strong>in</strong></span> <span class='ocrx_word' id='word_1_889' title='bbox 2532 5255 2740 5311; x_wconf 79' lang='lat' dir='ltr'><strong>cmlesti</strong></span> <span class='ocrx_word' id='word_1_890' title='bbox 2757 5252 3057 5311; x_wconf 82' lang='lat' dir='ltr'><strong>Jerusalem</strong></span> <span class='ocrx_word' id='word_1_891' title='bbox 3088 5255 3142 5310; x_wconf 92' lang='lat' dir='ltr'><strong>in</strong></span> <span class='ocrx_word' id='word_1_892' title='bbox 3169 5262 3373 5311; x_wconf 65' lang='lat' dir='ltr'><strong>interna</strong></span> <span class='ocrx_word' id='word_1_893' title='bbox 3394 5268 3529 5325; x_wconf 85' lang='lat' dir='ltr'><strong>pace</strong></span> <span class='ocrx_word' id='word_1_894' title='bbox 3557 5253 3778 5323; x_wconf 82' lang='lat' dir='ltr'><strong>requie-</strong></span> 
     </span>
    </p>
   </div>
   <div class='ocr_carea' id='block_1_113' title="bbox 2198 5362 2430 5400">
    <p class='ocr_par' dir='ltr' id='par_1_113' title="bbox 2198 5362 2430 5400">
     <span class='ocr_line' id='line_1_113' title="bbox 2198 5362 2430 5400; baseline -0.004 0"><span class='ocrx_word' id='word_1_895' title='bbox 2198 5362 2430 5400; x_wconf 73' lang='grc' dir='ltr'>εεειιιιιε.</span> 
     </span>
    </p>
   </div>
   <div class='ocr_carea' id='block_1_114' title="bbox 2267 5434 3779 5505">
    <p class='ocr_par' dir='ltr' id='par_1_114' title="bbox 2267 5434 3779 5505">
     <span class='ocr_line' id='line_1_114' title="bbox 2267 5434 3779 5505; baseline 0 -16"><span class='ocrx_word' id='word_1_896' title='bbox 2267 5436 2535 5493; x_wconf 66' lang='lat' dir='ltr'><strong>Vesanus.</strong></span> <span class='ocrx_word' id='word_1_897' title='bbox 2582 5436 2761 5502; x_wconf 87' lang='lat' dir='ltr'><strong>Quare</strong></span> <span class='ocrx_word' id='word_1_898' title='bbox 2788 5436 2917 5493; x_wconf 90' lang='lat' dir='ltr'><strong>dicit</strong></span> <span class='ocrx_word' id='word_1_899' title='bbox 2948 5453 2960 5488; x_wconf 95' lang='lat'>:</span> <span class='ocrx_word' id='word_1_900' title='bbox 2991 5435 3187 5491; x_wconf 82' lang='lat' dir='ltr'><strong>Cuncta</strong></span> <span class='ocrx_word' id='word_1_901' title='bbox 3222 5436 3345 5505; x_wconf 88' lang='lat' dir='ltr'><strong>fecit</strong></span> <span class='ocrx_word' id='word_1_902' title='bbox 3382 5434 3525 5489; x_wconf 85' lang='lat' dir='ltr'><strong>Deus</strong></span> <span class='ocrx_word' id='word_1_903' title='bbox 3553 5436 3689 5488; x_wconf 85' lang='lat' dir='ltr'><strong>bona</strong></span> <span class='ocrx_word' id='word_1_904' title='bbox 3720 5436 3779 5489; x_wconf 79' lang='lat' dir='ltr'><strong>in</strong></span> 
     </span>
    </p>
   </div>
   <div class='ocr_carea' id='block_1_115' title="bbox 2195 5526 3780 5599">
    <p class='ocr_par' dir='ltr' id='par_1_115' title="bbox 2195 5526 3780 5599">
     <span class='ocr_line' id='line_1_115' title="bbox 2195 5526 3780 5599; baseline -0.001 -19"><span class='ocrx_word' id='word_1_905' title='bbox 2195 5540 2421 5598; x_wconf 84' lang='lat' dir='ltr'><strong>tempore</strong></span> <span class='ocrx_word' id='word_1_906' title='bbox 2446 5544 2559 5594; x_wconf 89' lang='lat' dir='ltr'><strong>suo,</strong></span> <span class='ocrx_word' id='word_1_907' title='bbox 2587 5544 2710 5583; x_wconf 88' lang='lat' dir='ltr'><strong>cum</strong></span> <span class='ocrx_word' id='word_1_908' title='bbox 2749 5529 2996 5599; x_wconf 87' lang='lat' dir='ltr'><strong>superius</strong></span> <span class='ocrx_word' id='word_1_909' title='bbox 3017 5528 3215 5584; x_wconf 88' lang='lat' dir='ltr'><strong>dixerit</strong></span> <span class='ocrx_word' id='word_1_910' title='bbox 3232 5569 3247 5592; x_wconf 91' lang='lat'><strong>,</strong></span> <span class='ocrx_word' id='word_1_911' title='bbox 3272 5526 3451 5583; x_wconf 87' lang='lat' dir='ltr'><strong>omnia</strong></span> <span class='ocrx_word' id='word_1_912' title='bbox 3481 5526 3780 5581; x_wconf 83' lang='lat' dir='ltr'><strong>vanitatem</strong></span> 
     </span>
    </p>
   </div>
   <div class='ocr_carea' id='block_1_116' title="bbox 2197 5618 3633 5689">
    <p class='ocr_par' dir='ltr' id='par_1_116' title="bbox 2197 5618 3633 5689">
     <span class='ocr_line' id='line_1_116' title="bbox 2197 5618 3633 5689; baseline -0.003 -14"><span class='ocrx_word' id='word_1_913' title='bbox 2197 5620 2354 5675; x_wconf 88' lang='lat' dir='ltr'><strong>esse?</strong></span> <span class='ocrx_word' id='word_1_914' title='bbox 2383 5619 2439 5675; x_wconf 91' lang='lat' dir='ltr'><strong>Si</strong></span> <span class='ocrx_word' id='word_1_915' title='bbox 2463 5621 2640 5675; x_wconf 90' lang='lat' dir='ltr'><strong>omnia</strong></span> <span class='ocrx_word' id='word_1_916' title='bbox 2663 5636 2822 5687; x_wconf 88' lang='lat' dir='ltr'><strong>vana,</strong></span> <span class='ocrx_word' id='word_1_917' title='bbox 2850 5620 3123 5689; x_wconf 87' lang='lat' dir='ltr'><strong>quomodo</strong></span> <span class='ocrx_word' id='word_1_918' title='bbox 3151 5634 3279 5688; x_wconf 89' lang='lat' dir='ltr'><strong>ergo</strong></span> <span class='ocrx_word' id='word_1_919' title='bbox 3304 5618 3443 5674; x_wconf 89' lang='lat' dir='ltr'><strong>bona</strong></span> <span class='ocrx_word' id='word_1_920' title='bbox 3472 5618 3633 5672; x_wconf 77' lang='lat' dir='ltr'><strong>sunt?</strong></span> 
     </span>
    </p>
   </div>
   <div class='ocr_carea' id='block_1_117' title="bbox 2266 5706 3777 5778">
    <p class='ocr_par' dir='ltr' id='par_1_117' title="bbox 2266 5706 3777 5778">
     <span class='ocr_line' id='line_1_117' title="bbox 2266 5706 3777 5778; baseline 0 -15"><span class='ocrx_word' id='word_1_921' title='bbox 2266 5708 2545 5765; x_wconf 68' lang='lat' dir='ltr'><strong>Suost.</strong></span> <span class='ocrx_word' id='word_1_922' title='bbox 2573 5706 2763 5764; x_wconf 90' lang='lat' dir='ltr'><strong>Omnia</strong></span> <span class='ocrx_word' id='word_1_923' title='bbox 2794 5725 2929 5767; x_wconf 88' lang='lat' dir='ltr'><strong>vana</strong></span> <span class='ocrx_word' id='word_1_924' title='bbox 2975 5719 3131 5776; x_wconf 85' lang='lat' dir='ltr'><strong>sunt,</strong></span> <span class='ocrx_word' id='word_1_925' title='bbox 3160 5709 3284 5778; x_wconf 89' lang='lat' dir='ltr'><strong>quia</strong></span> <span class='ocrx_word' id='word_1_926' title='bbox 3314 5707 3651 5770; x_wconf 72' lang='lat' dir='ltr'><strong>transitoria;</strong></span> <span class='ocrx_word' id='word_1_927' title='bbox 3680 5722 3777 5763; x_wconf 59' lang='lat' dir='ltr'><strong>vo.</strong></span> 
     </span>
    </p>
   </div>
  </div>
