3964 6198
315 283 446 343 1001

1237 285 1301 338 IN
1339 276 1835 339 ECCLESIASTEN
1877 278 2227 336 EXPOSlTlO
2268 282 2582 336 MYS'l‘lCA.

3436 284 3571 337 tona

313 412 613 459 rumtamen
667 410 857 456 cuncta
890 402 1045 455 bona
1093 411 1234 466 sunt,
1267 404 1521 470 quoniam
1546 420 1575 456 a
1607 404 1716 457 Deo
1748 403 1887 458 bona
1918 409 1963 464 Α
1996 404 2088 457 dat
2119 404 2171 456 in
2197 404 2411 467 cmlum,
2446 414 2498 458 et
2523 404 2700 471 justus
2727 421 2754 456 a
2780 403 2985 471 justitia
3030 421 3123 457 sua
3155 413 3273 457 ruat
3303 403 3353 455 in
3385 418 3574 472 pecta-

320 501 517 560 creata,
545 500 599 547 et
619 492 756 546 bona
782 492 1000 560 quidem
1018 499 1174 557 sunt;
1206 508 1313 546 non
1340 502 1519 547 tamen
1545 510 1776 564 seraper,
1801 494 1895 549 sed

321 585 373 638 in
423 593 661 653 tempore
707 597 824 639 suo.
858 570 991 636 Nam
1045 583 1247 637 bonum
1295 591 1376 637 est
1420 584 1662 652 vigilare,
1690 585 1894 640 bonum

298 676 480 729 -etiam
502 682 579 728 est
600 673 861 739 dormire;
888 682 1123 728 attamen
1147 688 1361 742 semper
1391 675 1628 743 vigilare,
1650 682 1741 728 aut
1765 690 1897 729 sem—

321 778 416 834 per
435 763 668 818 dormire
696 748 801 816 non
831 772 912 818 est
942 764 1124 834 utique
1154 765 1374 818 bonum.

389 874 655 929 Vesanus.
687 874 865 940 Quare
910 874 1204 930 dubitando
1233 876 1469 945 loquitur
1496 876 1771 942 Salomon,
1814 877 1894 933 di-

268 1021 282 1034 ,
319 980 446 1019 cens
479 983 491 1015 :
526 962 652 1027 Quis
700 966 839 1018 novit
864 965 909 1017 si
939 966 1149 1035 spiritus
1200 967 1427 1034 ﬁliorum
1455 966 1622 1020 Adam
1650 968 1897 1022 ascendat

320 1071 555 1118 sursum,
584 1063 634 1107 et
680 1055 889 1123 spiritus
930 1055 1281 1123 jumentorum
1331 1056 1609 1109 descendat
1657 1058 1896 1111 deorsum

321 1144 519 1216 (Eccte.
553 1143 666 1215 tu)?
693 1141 823 1209 Quis
851 1144 994 1198 enim
1025 1144 1236 1212 ignorat
1291 1146 1415 1214 quia
1443 1146 1661 1215 spiritus
1681 1146 1896 1215 jumen—

320 1243 498 1291 torum
529 1235 601 1305 (id
627 1242 709 1289 est
749 1250 1003 1304 pecorum
1031 1244 1451 1305 cunctorumque
1477 1238 1752 1291 brutorum
1777 1240 1894 1292 ani-

320 1325 572 1397 malium)
627 1325 785 1381 simul
831 1341 953 1380 cum
1000 1342 1229 1395 corpore
1276 1327 1637 1382 dissolvatur?
1664 1327 1897 1397 Spiritus

321 1424 447 1471 vero
475 1415 702 1471 ﬁliorum
731 1415 898 1468 Adam
931 1415 1005 1485 (id
1029 1421 1110 1469 est
1135 1416 1434 1489 hominum)
1466 1433 1573 1471 non
1594 1418 1749 1471 simul
1773 1432 1896 1472 cum

322 1523 547 1579 corpore
593 1507 929 1573 dissolvitur;
961 1506 1056 1562 sed
1097 1523 1224 1563 mox
1272 1515 1329 1561 ut
1370 1508 1640 1577 egreditur
1678 1508 1744 1562 de
1770 1523 1895 1563 cor-

320 1613 472 1669 pore,
506 1606 599 1654 aut
635 1598 916 1654 deducitur
951 1597 1015 1652 ad
1060 1599 1317 1669 gloriam,
1347 1607 1440 1653 aut
1486 1598 1810 1666 demergitur
1840 1599 1895 1652 in

319 1686 570 1760 ptenam?

389 1780 665 1835 SALUNIUS.
696 1774 864 1838 Paulo
917 1780 1162 1850 superius
1211 1780 1445 1834 ostendit
1492 1776 1743 1851 Salomon
1770 1782 1895 1849 quia

319 1877 578 1938 quantum
607 1871 673 1926 ad
704 1872 946 1941 corporis
975 1870 1259 1925 utilitatem
1295 1869 1425 1922 nihil
1453 1869 1615 1924 distat
1645 1870 1782 1924 inter
1806 1872 1893 1940 ju-

318 1972 559 2018 mentum
587 1971 641 2017 et
666 1963 961 2025 hominem,
990 1961 1114 2030 quia
1142 1960 1283 2015 sicut
1310 1962 1540 2015 moritur
1571 1961 1893 2031 jumentum,

319 2053 545 2107 moritur
566 2059 621 2107 et
644 2053 806 2107 homo
833 2069 846 2104 :
878 2050 974 2106 sed
1022 2059 1078 2104 ut
1106 2050 1409 2105 ostenderet
1435 2051 1559 2119 quia
1600 2050 1896 2106 secundum

320 2144 513 2197 animm
541 2143 851 2209 dignitatem
881 2141 1105 2195 multum
1134 2139 1302 2195 distat
1329 2141 1490 2195 homo
1520 2157 1547 2193 a
1570 2140 1813 2209 jumento
1843 2149 1899 2195 et

321 2247 515 2300 pecore
534 2270 549 2293 ,
580 2231 776 2285 idcirco
805 2228 1063 2297 disjunxit
1090 2229 1273 2283 dicens
1305 2246 1318 2280 :
1354 2226 1479 2291 Quis
1510 2229 1647 2282 norit
1677 2231 1722 2282 si
1744 2231 1899 2299 spiri-

322 2328 401 2372 tus
424 2319 654 2387 ﬁliorum
680 2317 849 2371 Adam
869 2316 1118 2370 ascendat
1145 2332 1370 2384 sursum,
1391 2326 1440 2370 et
1462 2318 1673 2388 spiritus
1695 2318 1899 2389 jumen-

322 2418 491 2464 torum
513 2409 788 2463 descendat
809 2408 1044 2462 deorsum
1070 2407 1304 2480 (Ibid.)?
1331 2406 1575 2465 Ostendit
1602 2411 1743 2464 enim
1772 2411 1897 2480 quia

322 2501 438 2555 haec
466 2500 577 2555 sola
599 2498 900 2554 differentia
922 2508 1001 2554 est
1030 2499 1169 2553 inter
1186 2500 1433 2555 homines
1453 2508 1506 2555 et
1524 2500 1742 2566 bestias,
1762 2516 1898 2570 quod

320 2589 466 2643 niam
495 2590 727 2644 hominis
753 2590 973 2659 spiritus
1002 2589 1239 2645 ascendit
1286 2591 1340 2645 in
1369 2591 1563 2646 cmlum
1592 2598 1650 2646 et
1677 2592 1898 2662 spiritus

318 2680 543 2749 tumenti
571 2695 664 2735 seu
692 2681 902 2750 pecoris
930 2681 1210 2738 descendit
1243 2682 1298 2737 in
1328 2691 1545 2751 terram,
1576 2684 1700 2754 quia
1729 2685 1896 2740 mori-

321 2776 407 2823 tur
433 2778 488 2823 et
516 2766 674 2824 simul
701 2768 1008 2825 dissolvitur
1029 2787 1151 2826 cum
1187 2786 1368 2827 carne.

386 2876 656 2933 Vesanus.
689 2879 799 2934 Cur
846 2896 976 2951 ergo
1031 2883 1160 2938 dicit
1198 2882 1453 2940 Salomon
1490 2903 1502 2939 :
1538 2884 1665 2950 Quis
1712 2886 1892 2944 nouit?

319 2969 471 3037 quasi
501 2984 659 3024 nemo
686 2970 756 3023 sit
785 2972 875 3041 qui
906 2973 1009 3028 hoc
1040 2989 1364 3043 cognoscere
1387 2977 1580 3046 possit!

383 3079 663 3136 Saturnus.
694 3081 818 3137 Ideo
848 3084 923 3137 ait
947 3102 959 3136 :
988 3083 1115 3148 Quis
1138 3087 1314 3140 norit?
1334 3096 1391 3141 ut
1418 3087 1786 3145 difﬁcultatem
1809 3091 1889 3147 rei

313 3171 751 3227 demonstraret:
786 3189 928 3240 nam,
956 3178 1099 3246 quis,
1133 3176 1185 3230 in
1232 3176 1523 3246 Scripturis
1570 3180 1735 3235 sacris
1778 3196 1888 3236 non

314 3246 796 3330 impossibilitatem
824 3265 916 3317 sed
942 3263 1309 3319 difﬁcultatem
1362 3276 1455 3321 aut
1503 3267 1776 3323 raritatem
1817 3272 1891 3326 si-

314 3348 573 3418 gniﬁcare
603 3351 776 3419 solet,
799 3352 938 3407 sicut
964 3342 1046 3407 est
1076 3353 1215 3407 istud
1242 3371 1254 3406 :
1288 3353 1682 3410 Generationem
1719 3366 1889 3412 autem

311 3440 423 3508 ejus
450 3441 565 3508 quis
605 3442 869 3495 enarrabit
897 3442 1051 3513 (Isai.
1095 3445 1248 3516 Lm)?
1276 3444 1392 3499 Hoc
1419 3454 1519 3509 est,
1551 3455 1642 3500 aut
1672 3447 1848 3503 nullus
1870 3488 1886 3514 ,

312 3536 405 3581 aut
433 3544 705 3598 perrarus.
736 3530 868 3584 Nam
895 3532 1039 3600 quod
1066 3534 1394 3602 impossibile
1422 3543 1504 3590 est
1533 3534 1647 3589 tieri
1666 3576 1680 3602 ,
1711 3536 1878 3590 nulla-

312 3627 468 3673 tenus
495 3629 691 3688 potest,
716 3622 876 3676 etiam
900 3638 1022 3677 cum
1046 3640 1237 3692 magno
1259 3626 1462 3680 labore.
1488 3625 1630 3695 Ergo
1658 3627 1780 3683 ideo
1800 3628 1885 3683 di-

312 3708 388 3761 cit
418 3725 429 3760 :
467 3707 594 3772 Quis
622 3711 801 3765 norit?
826 3711 949 3780 quia
975 3728 1248 3781 perrarus,
1280 3722 1372 3768 aut
1398 3724 1545 3769 certe
1572 3716 1790 3772 diﬁicile
1814 3718 1889 3772 in-

311 3796 522 3851 venitur
546 3797 619 3851 ita
657 3799 948 3867 spiritualis
976 3800 1137 3856 homo
1164 3802 1254 3869 qui
1282 3810 1409 3857 tunc
1450 3803 1691 3871 perfecte
1718 3820 1879 3860 com-

311 3886 647 3955 prehendere
673 3889 851 3942 valeat
871 3904 993 3943 cum
1014 3890 1080 3943 de
1102 3906 1332 3960 corpore
1353 3893 1570 3961 spiritus
1590 3895 1879 3963 egreditur,

312 3981 489 4027 utrum
518 3976 775 4030 ascendat
796 3993 865 4032 an
893 3977 1118 4033 ducatur
1147 3979 1213 4034 ad
1242 3996 1476 4049 poenam.

383 4089 645 4144 Vesanus.
704 4090 841 4156 Quid
896 4092 1198 4160 significant
1251 4095 1599 4165 spiritualiter
1653 4096 1739 4151 isti
1790 4096 1882 4152 ﬁlii

310 4179 502 4247 Adam,
531 4191 623 4234 aut
644 4181 729 4234 illa
753 4182 1031 4251 jumenta?

380 4272 656 4327 SALONIUS.
688 4272 807 4327 Filii
829 4275 997 4329 Adam
1041 4277 1342 4345 signiﬁcant
1362 4287 1577 4335 sanctos
1597 4288 1653 4335 et
1680 4282 1882 4337 electos

307 4362 454 4415 viros
481 4362 569 4431 qui
617 4364 811 4418 merito
838 4366 1172 4435 appellantur
1201 4369 1461 4435 homines,
1486 4371 1575 4440 qui
1600 4370 1876 4426 rationali-

2002 505 2130 556 tum.
2164 504 2218 549 et
2246 497 2588 564 demergatur
2612 496 2678 550 ad
2708 496 2922 551 inferos.

2069 586 2336 641 Venanus.
2361 586 2497 652 Quid
2527 595 2608 641 est
2627 586 2769 656 quod
2791 587 2864 641 ait
2896 605 2908 639 :
2943 587 3143 641 Stultus
3164 587 3434 655 comptu-at
3463 603 3576 638 mu-

2000 694 2096 732 nus
2126 693 2267 741 suas,
2297 686 2346 730 et
2375 677 2592 731 comedit
2622 694 2802 731 carnes
2823 694 2944 731 suas
2972 675 3161 747 (Eccli.
3204 677 3313 746 Iv)?
3338 675 3469 742 Quis
3494 684 3577 728 est

2000 769 2143 822 enim
2175 776 2283 821 tam
2307 769 2519 832 stultus,
2547 769 2636 838 qui
2667 784 2883 823 carnem
2905 784 3053 823 suam
3078 769 3359 823 comedat?

2068 857 2345 912 Summus.
2376 856 2582 913 Stultus
2611 860 2732 926 iste,
2766 861 2916 929 piger
2948 861 3036 915 ille
3059 860 3221 914 debet
3244 859 3465 927 intelligi
3507 858 3575 912 de

1997 964 2104 1017 quo
2130 948 2183 1002 in
2212 947 2515 1003 Proverbiis
2535 949 2661 1004 dicit
2686 968 2696 1001 :
2722 951 3001 1004 Abscondit
3027 952 3171 1021 piger
3190 967 3400 1003 manum
3427 964 3574 1003 suam

1998 1038 2090 1092 sub
2119 1038 2332 1103 ascella,
2364 1054 2454 1091 nec
2493 1037 2562 1092 ad
2588 1055 2644 1093 os
2669 1056 2812 1093 suum
2842 1042 3069 1110 applicat
3087 1056 3197 1093 eam
3231 1040 3411 1109 (Prov.
3438 1046 3569 1109 xu).

1996 1129 2102 1184 [ste
2129 1130 2280 1199 piger
2308 1137 2362 1185 et
2381 1130 2573 1186 stultus
2602 1131 2886 1201 complicat
2914 1147 3103 1187 manus
3122 1146 3245 1186 suas
3267 1139 3321 1184 et
3341 1130 3578 1185 comedit

1997 1237 2186 1277 carnes
2213 1238 2358 1289 suas,
2384 1223 2507 1291 quia
2534 1225 2704 1292 magis
2749 1224 2897 1291 eligit
2925 1224 2978 1277 in
3020 1224 3131 1279 otio
3160 1232 3215 1279 et
3238 1232 3455 1294 torpore
3492 1225 3574 1277 vi-

1995 1324 2124 1364 vere
2151 1317 2205 1365 et
2232 1308 2432 1365 habere
2461 1310 2717 1381 pugillum
2767 1312 2942 1379 farris,
2967 1328 3126 1381 quam
3157 1312 3449 1367 laborando
3478 1328 3571 1366 ac-

1996 1400 2212 1467 quirere
2241 1400 2380 1455 unde
2425 1410 2694 1470 pascatur.
2728 1402 2859 1457 lllud
2887 1411 3084 1467 autem,
3117 1402 3350 1457 Comedit
3393 1418 3572 1457 carnes
3658 1414 3663 1420 ‘

1995 1505 2135 1555 snas,
2166 1490 2364 1544 dictum
2395 1500 2477 1545 est
2504 1506 2598 1559 per
2624 1491 2994 1561 hyperboletn.

2068 1578 2335 1634 Venasus.
2367 1578 2503 1646 Quid
2529 1589 2610 1634 est
2635 1581 2959 1651 hyperbole?

2068 1669 2344 1726 SALOMUS.
2379 1670 2680 1741 Hyperbole
2710 1672 2918 1738 dicitur,
2946 1673 3159 1741 quando
3187 1673 3385 1741 aliquid
3411 1674 3573 1728 incre.

1929 1760 1968 1820 Β
1998 1760 2160 1818 dibile
2187 1761 2477 1832 profertur.

2073 1852 2336 1907 Vesanus.
2369 1851 2650 1918 Quomodo
2679 1868 2807 1922 ergo
2853 1855 3056 1910 dictum
3086 1864 3167 1911 cst
3207 1857 3569 1927 hyperbolice,

1998 1939 2231 1995 Comedit
2253 1958 2435 1995 carnes
2462 1943 2620 1996 suas?

2032 2033 2045 2037 ’
2065 2032 2342 2087 SALONIUS.
2374 2032 2507 2099 Quia
2559 2035 2870 2093 incredibile
2916 2045 2997 2092 est
3028 2046 3083 2091 ut
3131 2039 3292 2093 homo
3323 2037 3572 2095 comedat

1997 2136 2185 2177 carnes
2212 2139 2337 2177 suas
2369 2140 2381 2175 :
2410 2124 2503 2177 sed
2531 2125 2598 2178 ad
2629 2129 3055 2195 exaggerandam
3110 2131 3378 2198 pigritiam
3419 2131 3575 2200 hujus

1996 2210 2164 2274 stulti,
2196 2211 2289 2277 ait,
2321 2210 2550 2265 Comedit
2579 2230 2781 2278 carnes,
2816 2226 2875 2270 ut
2900 2217 3209 2271 ostenderet
3253 2218 3379 2287 quia
3409 2222 3575 2288 magis

1996 2297 2192 2352 stultus
2238 2297 2509 2354 desiderat
2537 2309 2596 2355 ut
2625 2317 2750 2358 caro
2777 2303 2893 2373 ejus
2922 2305 3162 2360 tabescat
3195 2306 3369 2361 inedia
3395 2317 3450 2362 et
3477 2311 3573 2362 mis

1997 2387 2137 2441 seria
2163 2387 2316 2444 famis
2338 2389 2569 2459 deﬁciat,
2587 2406 2747 2461 quam
2776 2402 2835 2449 ut
2862 2411 3115 2451 manuum
3135 2412 3350 2452 suarum
3380 2400 3574 2456 labori-

1996 2479 2099 2534 bus
2127 2489 2476 2538 sustentetur.

2069 2571 2337 2629 Vesanus.
2387 2574 2520 2642 Quis
2563 2585 2647 2634 est
2705 2593 2842 2632 unus
2870 2578 2937 2634 de
2985 2594 3091 2648 quo
3120 2580 3246 2637 dicit
3274 2581 3569 2639 Salomon:

2002 2658 2151 2717 Unus
2197 2675 2280 2718 est
2323 2673 2378 2719 et
2405 2666 2696 2722 secundum
2750 2683 2855 2723 non
2887 2670 3069 2738 habet,
3100 2687 3207 2726 non
3237 2673 3402 2727 ﬁlium
3423 2713 3438 2742 ,
3464 2690 3571 2733 non

1996 2746 2237 2819 fratrem,
2270 2763 2325 2808 et
2352 2761 2530 2810 tamen
2559 2756 2805 2813 laborare
2842 2774 2949 2814 non
2979 2771 3155 2817 cessat
3184 2777 3282 2819 nec
3310 2764 3572 2821 satiantur

1998 2842 2138 2896 oculi
2160 2843 2276 2912 ejus
2303 2844 2502 2900 divitiis
2523 2847 2563 2900 ?~

2067 2932 2348 2991 Sanomus.
2381 2935 2475 2992 ille
2521 2946 2604 2992 est
2631 2940 2723 3006 qui
2761 2955 2881 2994 cum
2911 2943 2981 2995 sit
3009 2958 3164 3009 unus,
3192 2947 3244 3001 id
3291 2958 3374 3004 est
3401 2952 3567 3018 solus,

1993 3037 2102 3076 non
2130 3024 2294 3078 habet
2340 3026 2634 3081 secundum
2664 3045 2675 3080 :
2708 3029 2811 3084 hoc
2852 3039 2935 3084 est
2982 3031 3165 3099 lilium,
3199 3051 3304 3091 non
3333 3037 3568 3108 fratrem.

1915 3107 1961 3173 C
1993 3121 2086 3168 aut
2114 3113 2349 3183 aliquem
2376 3117 2733 3186 propinquum
2765 3136 2778 3185 ;
2830 3128 2885 3175 et
2913 3137 3187 3193 nunquam
3213 3137 3389 3182 cessat
3418 3129 3569 3184 labo-

1990 3217 2144 3268 rare,
2175 3203 2279 3258 hoc
2306 3213 2388 3258 est
2414 3204 2628 3261 divitias
2650 3223 2997 3278 congregare,
3028 3228 3128 3268 nec
3148 3222 3324 3273 tantas
3344 3232 3569 3287 congre-

1986 3301 2079 3361 gat
2109 3300 2165 3347 ut
2192 3294 2243 3348 ei
2267 3295 2551 3351 sut'liciant.
2586 3296 2648 3351 Et
2676 3299 2799 3354 ideo
2819 3303 3049 3356 maxima
3090 3307 3301 3363 vanitas
3320 3317 3404 3365 est
3445 3325 3568 3367 cons

1987 3395 2212 3451 gregare
2239 3383 2451 3439 divitias
2477 3392 2531 3440 et
2556 3387 2802 3455 ignorare
2831 3391 2915 3444 cui
2945 3405 3038 3445 eas
3058 3394 3383 3463 relinquant.

2056 3469 2325 3527 Vesanus.
2375 3473 2544 3539 Quem
2592 3477 2860 3546 signiﬁcat
2916 3480 3263 3549 spiritualiter
3310 3488 3399 3543 ille
3431 3506 3567 3546 unus

1988 3565 2081 3634 qui
2102 3580 2208 3620 non
2239 3567 2405 3622 habet
2430 3570 2763 3625 secundum?

2059 3656 2335 3713 Summus.
2364 3660 2647 3715 Dominum
2675 3661 2856 3719 Jesum
2881 3665 3170 3735 Christum,
3192 3671 3282 3738 qui
3311 3674 3563 3727 naturali~

1988 3756 2075 3802 ter
2103 3749 2248 3804 solus
2277 3759 2358 3806 est
2387 3751 2481 3806 Dei
2512 3750 2686 3808 Patris
2714 3754 2877 3811 Filius
2897 3800 2911 3825 ,
2940 3770 2993 3813 et
3018 3760 3164 3815 solus
3191 3762 3469 3818 descendit
3495 3766 3563 3820 de

1992 3838 2143 3893 coelis
2163 3841 2231 3894 ad
2254 3841 2625 3897 redimendum
2649 3858 2816 3913 genus
2844 3846 3155 3904 humanum.

2059 3927 2326 3984 Vensnus.
2359 3930 2639 3998 Quomodo
2668 3951 2775 3990 non
2821 3936 2983 3992 habet
3011 3938 3175 3995 ﬁlium
3204 3942 3287 3997 vel
3314 3941 3556 4009 fratrem,

1987 4033 2109 4072 cum
2138 4019 2191 4073 in
2240 4035 2395 4077 sacro
2419 4024 2743 4094 baptismate
2784 4043 2972 4084 omnes
2999 4029 3309 4098 Christiani,
3341 4032 3432 4091 ﬁlii
3464 4036 3560 4093 Dei

1985 4108 2286 4165 efﬁciantur
2307 4119 2362 4166 et
2390 4114 2582 4169 fratres
2608 4115 2818 4171 Domini
2849 4121 3019 4175 nostri
3046 4120 3171 4178 Jesu
3199 4124 3447 4182 Christi?

2055 4200 2329 4257 SALONIUS.
2363 4203 2457 4260 Ille
2494 4207 2640 4262 solus
2672 4210 2920 4278 proprius
2967 4222 3024 4267 et
3050 4216 3307 4272 naturalis
3353 4217 3555 4289 Filius;

1985 4293 2164 4347 etutcri
2198 4308 2323 4348 vero
2354 4311 2543 4353 omnes
2569 4307 2692 4354 sunt
2714 4300 2970 4372 adoptivi,
3001 4313 3055 4359 et
3078 4305 3200 4362 ideo
3227 4306 3418 4367 fratres
3439 4311 3555 4381 ejus

1983 4388 2125 4446 sunt,
2157 4398 2263 4437 non
2288 4394 2478 4441 natura
2506 4388 2599 4443 sed
2627 4391 2816 4458 gratia.

307 4457 408 4512 ter,
438 4456 625 4505 sancte
653 4459 707 4505 et
733 4453 1083 4533 spiritualiter
1108 4456 1293 4511 vivunt
1326 4476 1337 4510 :
1371 4473 1467 4528 per
1482 4459 1724 4527 jumenta
1745 4476 1874 4517 vero
1902 4475 1955 4549 Β
2049 4470 2316 4528 Vesanus.
2367 4453 2654 4541 Quomodo
2688 4495 2817 4551 ergo
2850 4483 2949 4538 iste
2986 4501 3124 4541 unus
3156 4487 3403 4547 laborare
3441 4508 3549 4550 non

305 4542 650 4611 designantur
673 4540 934 4613 carnales,
964 4548 1054 4616 qui
1083 4558 1368 4619 propterea
1408 4550 1649 4619 jumenta
1680 4568 1875 4609 vocan-

303 4640 394 4685 tur
414 4633 665 4700 quoniam
686 4635 982 4691 bestialiter
1001 4645 1056 4692 et
1078 4640 1381 4705 carnaliter,
1408 4641 1545 4696 sicut
1559 4641 1800 4711 jumenta
1821 4652 1876 4699 et

304 4737 524 4793 pecora,
555 4724 754 4779 vivunt.
788 4725 923 4782 llinc
970 4728 1109 4782 enim
1137 4739 1352 4785 sanctus
1394 4733 1660 4801 propheta
1709 4734 1875 4789 David

300 4802 432 4867 dicit
464 4830 476 4865 :
523 4812 775 4869 Homines
802 4825 851 4870 et
883 4817 1119 4886 jumenta
1162 4820 1384 4874 salvebis
1407 4863 1421 4887 ,
1452 4821 1670 4877 Domine
1700 4822 1871 4890 (Psal.

300 4905 488 4975 xxxv).
515 4904 666 4961 Solet
685 4907 828 4962 enim
860 4909 976 4963 ﬁeri
1004 4919 1062 4964 ut
1102 4911 1175 4965 illi
1203 4912 1293 4982 qui
1340 4913 1587 4969 videntur
1626 4915 1871 4973 homines

297 4993 445 5064 justi,
476 5006 703 5066 peccent
728 5005 783 5052 et
811 5007 1192 5055 convertantur
1219 5017 1249 5056 a
1292 5002 1498 5072 justitia
1551 5022 1663 5073 sua,
1698 5015 1753 5063 et
1789 5009 1869 5064 fa-

300 5086 449 5141 ciant
476 5088 810 5156 iniquitatem
843 5107 856 5142 :
887 5093 1188 5147 eoontrario
1239 5093 1313 5147 illi
1359 5095 1449 5165 qui
1500 5104 1625 5151 sunt
1661 5098 1785 5154 mali
1815 5106 1870 5154 et

298 5177 447 5246 impii
476 5187 859 5235 convertantur
897 5182 965 5237 ab
993 5183 1272 5253 iniquitate
1300 5202 1415 5251 sua,
1449 5196 1503 5242 et
1541 5188 1739 5245 faciant
1753 5190 1869 5261 jus-

297 5269 470 5324 titiam
500 5278 555 5325 et
580 5273 906 5342 :equitatem.
939 5274 1063 5331 ldeo
1090 5276 1215 5331 dicit
1261 5276 1550 5333 Salomon:
1574 5278 1700 5344 Quis
1721 5284 1863 5337 novit

295 5361 339 5412 si
364 5361 575 5429 spiritus
596 5363 822 5431 filiorum
860 5365 1026 5419 Adam
1054 5367 1301 5421 ascendat
1330 5385 1550 5437 sursum,
1576 5381 1626 5426 et
1652 5375 1861 5443 spiritus

297 5447 634 5521 iumentorum
671 5452 944 5508 descendat
982 5456 1256 5511 deorsum?
1287 5458 1419 5525 Quia
1466 5469 1572 5515 tam
1628 5462 1863 5522 incertus

295 5549 374 5620 est
400 5541 522 5595 vitae
551 5542 706 5610 hujus
731 5552 918 5612 status,
951 5554 1009 5601 ut
1035 5556 1091 5603 et
1131 5556 1382 5618 peccator
1416 5551 1506 5619 qui
1557 5551 1858 5620 jumentum

295 5639 532 5696 vocatur,
563 5647 662 5702 per
680 5635 1044 5703 paenitentiam
1069 5655 1359 5697 conversus
1388 5650 1570 5710 surgat
1598 5651 1651 5697 et
1672 5659 1856 5700 ascen-

576 5728 835 5787 Pnuor"
888 5728 1040 5790 Llll.

1977 4571 2149 4617 cessat
2164 4563 2187 4617 7

2047 4651 2321 4709 SALONIUS.
2354 4654 2485 4723 Quia
2515 4670 2735 4729 peccata
2781 4674 2964 4720 nostra
3016 4668 3283 4736 patienter
3326 4674 3554 4731 sustinet

1976 4750 2032 4797 et
2047 4744 2462 4803 misericorditer
2482 4751 2547 4805 ad
2566 4754 2931 4821 pmnitentiam
2947 4767 3246 4828 exspectat,
3262 4769 3317 4816 et
3335 4778 3433 4832 pro
3452 4782 3552 4821 no-

1975 4832 2055 4888 bis
2081 4835 2319 4902 quotidie
2347 4840 2488 4909 apud
2519 4842 2685 4897 Deum
2716 4842 2928 4901 Patrem
2958 4847 3285 4919 interpellat.

2048 4923 2314 4983 Vesanus.
2362 4928 2643 4997 Quomodo
2683 4946 2788 4991 non
2824 4936 3083 4992 satiantur
3119 4941 3263 4996 oculi
3305 4944 3420 5013 ejus
3466 4945 3553 5000 di-

1975 5017 2158 5072 vitiis?

2045 5085 2320 5145 SALONIUS.
2341 5090 2473 5159 Quia
2503 5104 2741 5151 nostram
2770 5115 2983 5171 semper
3006 5102 3273 5161 desiderat
3298 5106 3547 5162 salutem.

2049 5177 2314 5236 Vsmnus.
2343 5182 2472 5250 Quis
2500 5196 2582 5241 est
2610 5189 2709 5244 iste
2730 5189 2994 5249 funiculus
3015 5196 3206 5265 triplex
3232 5198 3300 5252 de
3326 5213 3436 5265 quo
3464 5199 3548 5251 di-

1973 5270 2049 5414 cli;
2103 5268 2357 5328 Salomon
2397 5293 2409 5327 :
2456 5275 2743 5336 Funiculus
2789 5283 2978 5355 triplex
3033 5286 3236 5357 difﬁcile
3295 5287 3548 5356 rumpitur

1973 5361 1991 5414 (
2048 5362 2173 5414 ccle.
2205 5364 2317 5414 rvi?

1973 5361 2173 5431 (Eccle.
2205 5364 2317 5436 tv)?

2040 5471 2317 5531 SALONIUS.
2343 5477 2531 5536 Unitas
2558 5483 2728 5541 Patris
2754 5495 2810 5541 at
2837 5487 2958 5542 Filii
2994 5494 3050 5542 et
3094 5486 3326 5556 Spiritus
3352 5491 3545 5554 sancti,

1965 5561 2087 5627 quia
2119 5562 2171 5616 in
2201 5564 2476 5626 divinitate
2504 5579 2612 5629 tres
2637 5584 2765 5631 sunt
2788 5592 3050 5647 personat,
3080 5576 3176 5632 sed
3203 5585 3405 5631 tantum
3436 5594 3544 5635 una

1964 5659 2047 5705 OSI
2070 5658 2279 5711 natura.

3232 5759 3309 5818 32
