3964 6178
427 220 446 230 ’
496 210 638 268 ἶ1410ἶῖ

1759 223 2014 280 SALONll
2058 229 2449 291 \'lE.\'.\'l-I.\'SiS

3613 257 3736 312 i001

563 326 830 382 'Vtznsxus.
878 327 983 382 Cur
1029 343 1156 398 ergo
1195 331 1266 383 ait
1290 373 1302 396 ,
1338 331 1556 401 Difﬁcile
1597 337 1886 404 rumpitur?
1932 338 2064 392 Illud
2096 348 2138 403 Α
2168 345 2290 412 quia
2319 363 2421 402 non
2452 348 2644 405 suﬁlcit
2671 353 2768 407 sibi
2802 356 2942 422 quod
2970 355 3190 428 didicit,
3231 362 3323 416 sed
3354 364 3521 430 magis
3551 381 3612 420 ac
3635 382 3749 420 ma-

499 422 638 473 euim
670 420 810 487 quod
837 419 1047 474 difﬁcile
1076 429 1182 483 est,
1207 419 1318 475 ﬁeri
1349 430 1523 491 potest
1544 426 1786 492 quamvis
1815 442 1932 480 cum
1955 443 2072 482 ma-

497 525 601 576 gno
625 509 805 563 labore
823 527 836 561 :
856 511 1090 579 nunquid
1107 525 1233 580 ergo
1256 520 1431 580 potest
1454 513 1550 568 iste
1573 513 1834 570 funiculus
1857 519 2070 588 rumpi?

565 622 836 677 SALONIUS.
873 622 1009 678 Vere
1057 639 1346 693 nunquam,
1378 627 1500 695 quia
1530 627 1804 684 individua
1835 639 1919 686 est
1944 647 2070 686 san-

497 723 594 766 ctae
624 711 895 766 Trinitatis
946 723 1172 767 natura:
1204 715 1296 769 sed
1327 717 1529 786 difﬁcile
1559 718 1612 771 in
1658 719 1762 773 hoc
1808 719 1928 775 loco
1971 737 2068 791 pro

500 803 809 872 impossibili
833 805 1200 875 accipiendum
1226 816 1325 873 est,
1357 809 1480 876 quia
1509 823 1614 864 non
1659 818 1838 877 potest
1867 811 1978 866 ﬁeri
2010 820 2069 867 ut

497 894 794 948 Divinitatis
822 896 1095 950 scindatur
1120 904 1329 951 natura.

570 984 833 1040 VERANUS.
859 984 988 1051 Quis
1015 994 1098 1040 est
1145 986 1231 1040 ille
1273 1003 1404 1055 puer
1431 1003 1630 1058 pauper
1682 996 1735 1043 et
1763 990 1975 1060 sapiens
2001 990 2068 1046 de

495 1091 601 1143 quo
646 1075 775 1130 dicit
825 1073 1078 1129 Salomon
1111 1094 1122 1128 :
1156 1075 1344 1129 Melior
1370 1093 1494 1146 puer
1519 1094 1717 1148 pauper
1770 1089 1819 1133 et
1860 1082 2066 1149 sapiens

497 1183 611 1237 rege
641 1167 792 1220 stulto
815 1175 862 1220 et
883 1183 1002 1221 sene
1033 1165 1227 1239 (Eccle.
1252 1168 1365 1238 1v)?

569 1256 845 1310 SALONIUS.
878 1256 1133 1311 Dominus
1159 1255 1312 1311 Jesus
1336 1257 1599 1327 Christus,
1620 1260 1710 1328 qui
1739 1273 1871 1330 puer
1892 1260 2067 1316 dictus

496 1355 578 1400 est
607 1354 824 1416 propter
844 1347 1206 1401 innocentiam
1235 1356 1289 1401 et
1310 1348 1724 1416 simplicitatem,
1750 1351 1870 1419 quia
1891 1367 2068 1421 pecca-

494 1446 599 1490 tum
617 1452 718 1490 non
748 1437 866 1505 fecit
891 1452 981 1489 nec
1002 1437 1232 1490 inventus
1253 1445 1331 1490 est
1351 1437 1499 1491 dolus
1521 1439 1572 1492 in
1595 1455 1683 1493 ore
1700 1439 1812 1510 ejus
1839 1439 1888 1510 (ι
1913 1439 2060 1494 Petr.

495 1531 573 1601 ιι).
598 1530 702 1585 Iste
722 1545 854 1599 puer
879 1545 1002 1585 cum
1024 1537 1167 1585 esset
1185 1529 1352 1596 dives,
1369 1546 1466 1600 pro
1487 1539 1670 1585 nostra
1692 1533 1863 1586 salute
1891 1533 2063 1587 iactus

494 1631 576 1678 est
598 1637 816 1692 pauper.
842 1621 945 1676 [ste
967 1622 1227 1676 veraciter
1245 1631 1328 1676 est
1355 1622 1588 1692 sapiens,
1611 1624 1737 1691 quia
1764 1625 1817 1678 in
1836 1625 1948 1695 ipso
1967 1624 2064 1678 Ita-

495 1711 620 1765 bitat
642 1714 805 1766 omnis
832 1713 1093 1782 plenitudo
1112 1711 1395 1766 divinitatis
1422 1713 1773 1784 corporaliter.

568 1802 827 1858 Vesanus.
861 1801 988 1868 Quis
1017 1810 1098 1856 est
1125 1802 1214 1856 ille
1242 1816 1338 1856 rex
1358 1817 1520 1861 senex
1541 1809 1597 1857 et
1622 1803 1849 1859 stultus?

561 1894 839 1947 SALONIUS.
872 1892 1143 1959 Diabolus,
1174 1892 1265 1960 qui
1291 1906 1430 1960 pene
1459 1893 1526 1947 ab
1554 1893 1672 1962 ipso
1698 1893 1878 1947 mundi
1903 1907 2061 1947 exor-

492 1987 581 2040 dio
618 1983 859 2052 regnavit
897 1983 950 2036 in
977 1996 1174 2050 genere
1213 1983 1446 2037 humano
1470 2023 1484 2049 ,
1530 1990 1585 2037 et
1613 1983 1732 2037 ideo
1776 1998 1939 2038 senex
1966 1998 2062 2038 vo-

492 2087 662 2132 catur.
693 2076 760 2130 Et
786 2090 912 2130 vere
940 2075 1133 2128 stultus
1161 2088 1256 2128 rex
1275 2113 1288 2137 ,
1322 2074 1444 2144 quia
1475 2083 1677 2144 quanto
1706 2075 1886 2144 plures
1912 2075 2058 2130 deci-

491 2169 588 2238 pit,
616 2175 765 2221 lanto
790 2165 890 2221 sibi
916 2180 1129 2235 poenam
1157 2165 1457 2218 accumulat
1483 2164 1766 2235 majorem.
1803 2165 1863 2218 in
1891 2179 2058 2234 regno

489 2260 684 2330 quippe
711 2257 869 2327 hujus
897 2257 1037 2324 regis
1058 2257 1200 2311 senis
1227 2265 1281 2311 et
1309 2257 1488 2323 stulti,
1518 2258 1569 2312 id
1595 2267 1678 2312 est
1703 2258 1920 2324 diaboli,
1961 2274 2058 2313 na-

489 2361 573 2405 tus
599 2358 682 2406 est
719 2365 852 2419 puer
877 2349 1131 2419 Optimus,
1160 2346 1416 2404 Dominus
1439 2349 1690 2403 videlicet
1722 2348 1878 2404 Jesus
1902 2349 2056 2404 Chri-

488 2450 619 2506 stus,
650 2441 739 2510 qui
783 2438 954 2494 factus
981 2447 1063 2494 est
1108 2438 1223 2492 Rex
1265 2451 1451 2506 regum
1497 2445 1552 2492 et
1594 2437 1848 2494 Dominus
1884 2439 2057 2494 domis

485 2531 748 2586 nantium.

552 2641 823 2698 Vesanus.
857 2639 995 2707 Quid
1023 2647 1104 2695 est
1131 2640 1274 2708 quod
1302 2640 1412 2693 ait:
1446 2639 1653 2694 Custodi
1683 2640 1862 2710 pedem
1890 2647 2050 2705 tuum,

482 2731 776 2803 ingrediens
818 2731 1022 2785 domum
1061 2730 1196 2784 Dei?
1223 2729 1469 2798 Nunquid
1498 2730 1565 2784 ab
1593 2729 1886 2786 oilensione
1914 2731 2054 2801 lapi-

483 2822 607 2876 dum
634 2830 814 2878 monet
841 2821 1110 2878 custodire
1137 2821 1326 2890 pedem
1373 2821 1586 2890 quando
1615 2821 1940 2891 ingredimur
1957 2823 2054 2878 do-

481 2929 628 2968 mum
657 2913 774 2977 Dei,
799 2913 852 2967 id
876 2919 959 2966 est
981 2911 1301 2967 ecclesiam?
1805 2933 1807 2935 ι

549 3003 825 3058 SALONIUS.
858 3002 1110 3068 Quamvis
1135 3017 1346 3073 semper
1369 3002 1595 3058 honeste
1629 3012 1682 3058 et
1709 3019 1829 3059 cum
1859 3005 2049 3059 timore

2172 436 2252 502 gis
2280 451 2493 506 semper
2518 439 2722 494 discere
2744 435 2887 511 cupit
2915 455 2968 498 et
2997 447 3192 501 studet.

2243 525 2508 582 Venimus.
2539 528 2672 594 Quid
2701 533 2946 600 estquod
2972 536 3049 589 ait
3073 554 3084 588 2
3112 536 3291 593 Melius
3321 549 3398 593 est
3423 542 3593 596 uidere
3615 547 3750 615 quod

2171 620 2347 688 cupias
2371 659 2385 683 ,
2428 636 2582 688 quant
2611 621 2906 677 desiderare
2942 628 3078 696 quod
3103 631 3298 683 nescias
3341 630 3528 701 (Ibid.)
3553 634 3576 686 ?
3603 634 3749 699 Qun-

2172 707 2335 763 modo
2369 710 2508 764 videt
2531 711 2692 766 homo
2714 715 2854 782 quod
2878 718 3042 785 cupit,
3069 728 3155 772 aut
3187 723 3452 788 quomodo
3476 724 3750 780 desiderat

2169 795 2311 865 quod
2333 799 2540 852 nescit?

2239 886 2515 944 SALONIUS.
2547 889 2638 944 llle
2667 893 2755 960 qui
2784 894 2952 947 oculis
2981 899 3176 951 mentis
3204 898 3458 955 discernit
3480 904 3621 958 inter
3648 905 3745 959 bo—

2171 995 2295 1042 num
2319 989 2373 1034 et
2400 982 2618 1047 malum,
2643 985 2788 1038 videt
2808 987 2952 1054 quod
2979 989 3158 1057 cupiat
3185 990 3380 1046 bonum
3411 1003 3463 1046 et
3493 997 3636 1064 quod
3662 1014 3745 1051 re-

2169 1085 2199 1138 p
2264 1079 2354 1123 ast
2380 1071 2576 1124 malum
2623 1091 2634 1124 :
2669 1074 2761 1141 qui
2789 1083 2966 1130 autem
2997 1079 3239 1146 sequitur
3267 1081 3593 1137 voluntatem
3622 1101 3745 1139 cor-

2166 1159 2248 1212 dis
2275 1160 2355 1213 sui
2385 1168 2439 1214 ct
2467 1163 2948 1232 concupiscentias,
2980 1183 3122 1238 saepe
3152 1169 3417 1225 desiderat
3457 1175 3600 1240 quod
3644 1192 3739 1231 ne-

2169 1249 2288 1313 scit,
2316 1251 2436 1320 quia
2463 1253 2578 1306 vult
2603 1256 3058 1324 comprehendere
3089 1260 3230 1326 quod
3260 1277 3366 1315 non
3399 1272 3596 1332 potest.

2237 1338 2511 1395 Vensuus.
2555 1341 2629 1396 De
2655 1357 2763 1411 quo
2792 1345 2919 1399 dicit
2946 1345 3200 1402 Salomon
3230 1368 3242 1402 :
3272 1347 3370 1413 Qui
3415 1355 3615 1422 futurus
3643 1364 3739 1417 est,

2158 1426 2274 1498 jam
2316 1439 2547 1483 uocatum
2592 1440 2667 1484 est
2707 1449 2891 1488 nomen
2933 1436 3046 1504 ejus
3085 1446 3135 1490 et
3173 1439 3351 1504 scitur,
3393 1442 3536 1508 quod
3581 1443 3738 1498 homo

2166 1523 2277 1577 sit?

2234 1612 2513 1669 SALONIUS.
2548 1614 2623 1670 De
2663 1615 2890 1671 Domino
2917 1615 3042 1673 Jesu
3089 1621 3321 1690 Christo,
3362 1623 3513 1692 cujus
3543 1640 3738 1680 nomen

2096 1707 2138 1768 Β
2169 1711 2294 1759 ante
2319 1714 2567 1760 vocatum
2597 1714 2680 1761 est
2709 1708 2760 1761 in
2789 1707 3076 1778 Scripturis
3105 1713 3288 1777 sacris,
3329 1714 3451 1781 quia
3481 1715 3593 1784 ipse
3621 1731 3737 1769 car-

2166 1807 2288 1849 nem
2312 1793 2378 1849 de
2401 1794 2618 1864 Virgine
2647 1799 2948 1867 sumpserit,
2982 1808 3036 1853 et
3065 1802 3338 1870 cognitum
3361 1812 3442 1858 est
3465 1805 3738 1874 prophetis

2165 1892 2221 1939 et
2247 1885 2446 1940 sanctis
2475 1886 2589 1950 Dei,
2621 1888 2766 1955 quod
2793 1903 2950 1944 verus
2979 1892 3144 1944 homo
3173 1900 3291 1945 erat
3317 1900 3592 1948 venturus.

2235 1974 2502 2031 VBRANUS.
2547 1975 2604 2031 Si
2634 1976 2737 2032 hoc
2764 1978 2830 2032 de
2859 1978 3083 2034 Domino
3110 1979 3232 2035 Jesu
3278 1981 3490 2038 Christo
3531 1984 3734 2040 dictum

2163 2075 2282 2132 est,
2323 2067 2449 2135 quid
2491 2075 2572 2122 est
2609 2069 2756 2136 quod
2797 2071 3042 2140 sequitur
3074 2090 3085 2123 :
3120 2070 3188 2125 Et
3221 2089 3325 2127 non
3353 2077 3513 2143 possit
3555 2087 3738 2131 contra

2163 2160 2424 2229 fortiorem
2455 2175 2509 2212 se
2544 2161 2599 2212 in
2629 2159 2830 2229 judicio
2859 2160 3204 2216 contendere?
3238 2163 3368 2230 Quis
3394 2176 3478 2221 est
3505 2168 3593 2223 ille
3622 2167 3736 2224 for-

2161 2248 2269 2303 tior
2325 2256 2510 2303 contra
2555 2263 2716 2317 quem
2757 2249 3013 2306 Dominus
3063 2251 3218 2308 Jesus
3255 2256 3586 2313 contendere
3627 2275 3732 2314 non

2161 2337 2333 2406 possit
2359 2337 2414 2390 in
2438 2337 2676 2406 judicio?

2228 2427 2508 2484 SALONIUS.
2542 2429 2681 2483 Deus
2710 2428 2887 2498 Pater,
2932 2432 3023 2501 qui
3053 2432 3242 2490 fortior
3271 2443 3373 2503 est,
3414 2437 3542 2505 quia
3569 2437 3734 2494 Filius

2158 2517 2449 2572 secundum
2475 2518 2864 2576 humanitatem
2895 2524 3069 2579 minor
3091 2535 3174 2581 est
3196 2527 3372 2584 Patre.

2229 2607 2496 2663 VERANUS.
2539 2609 2679 2675 Quid
2715 2620 2798 2666 est
2837 2614 2982 2682 quod
3012 2616 3088 2669 ait
3119 2635 3132 2669 :
3164 2617 3352 2673 Melior
3389 2630 3466 2674 est
3500 2622 3584 2675 ira
3625 2624 3732 2676 risu

2159 2696 2353 2767 (Eccle.
2385 2700 2509 2770 vn);
2542 2715 2664 2755 cum
2691 2701 2830 2758 risus
2875 2706 3134 2762 naturalis
3161 2707 3262 2774 sit,
3293 2709 3370 2763 ira
3399 2725 3528 2766 vero
3553 2713 3624 2767 sit
3649 2713 3730 2767 vi-

2160 2789 2291 2844 tium
2305 2791 2328 2842 ‘t

2224 2878 2503 2937 SALONIUS.
2532 2870 2615 2937 ira
2639 2899 2746 2940 non
2770 2875 2981 2956 semper
3000 2896 3084 2944 est
3100 2889 3308 2956 vitium,
3333 2891 3423 2946 sed
3442 2892 3726 2960 aliquando

2155 2980 2238 3026 est
2263 2972 2450 3036 virtus,
2473 2972 2687 3040 quando
2717 2974 2998 3031 irascimur
3022 2978 3175 3033 nobis
3195 2979 3326 3049 ipsis
3346 2981 3434 3035 vel
3457 2982 3571 3036 aliis
3597 2997 3732 3050 pec-

479 3109 543 3149 sc
570 3093 784 3148 silentio
813 3091 1102 3147 debeamus
1121 3061 1326 3160 ingredi
1351 3092 1566 3148 domum
1596 3093 1712 3157 Dei,
1737 3101 1918 3149 tamen
1941 3110 2049 3151 non
2077 3080 2125 3147 C
2154 3061 2399 3160 fimi"?
2447 3080 2460 3115 ³
2493 3062 2607 3117 hmo
2649 3077 2778 3131 ergo
2807 3079 2885 3160 ira
2903 3067 3104 3160 ."iebor
3145 3076 3230 3122 est
3258 3085 3396 3160 ηειιν
3426 3086 3550 3140 qum
3587 3087 3730 3126 usus

479 3183 671 3255 pedem
698 3182 940 3251 corporis
967 3182 1126 3236 docet
1152 3175 1580 3252 custodiendum,
1597 3183 1690 3239 sed
1718 3185 1905 3254 pedem
1932 3187 2048 3240 ani-

477 3288 599 3341 mm,
628 3272 684 3327 id
725 3280 807 3327 est
849 3286 1087 3341 gressum
1135 3273 1349 3341 mentis,
1397 3282 1454 3328 ut
1501 3274 1556 3328 in
1602 3284 1891 3346 conspectu
1955 3277 2049 3332 Dei

477 3362 703 3418 mandas
730 3377 918 3433 preces
955 3361 1289 3417 eﬁ'undamus
1318 3381 1330 3416 :
1371 3372 1428 3418 et
1467 3373 1549 3420 est
1576 3380 1764 3421 sensus
1785 3408 1799 3433 ,
1835 3368 2047 3438 quando

476 3452 768 3521 ingrederis
809 3453 1028 3508 domum
1067 3451 1164 3508 Dei
1195 3455 1474 3525 (videlicet
1502 3457 1805 3529 ecclesiam)
1835 3459 2048 3514 custodi

475 3543 665 3612 pedem
695 3551 864 3608 tuum,
893 3542 945 3597 id
973 3551 1056 3598 est
1077 3557 1318 3612 gressum
1349 3545 1543 3600 mentis
1568 3554 1692 3613 tuae,
1716 3563 1782 3603 ne
1810 3547 2048 3604 olfendas

475 3635 526 3687 in
555 3633 710 3687 malis
737 3633 1171 3702 cogitationibus,
1219 3641 1278 3688 ut
1306 3635 1480 3692 oratio
1507 3643 1597 3691 tua
1625 3653 1759 3708 pura
1789 3637 2047 3708 dirigatur

475 3719 540 3775 ad
566 3719 757 3776 Deum.

542 3834 810 3890 νεωυδ.
849 3834 989 3901 Quid
1018 3845 1100 3892 est
1127 3837 1268 3905 quod
1295 3839 1370 3892 ait
1403 3857 1414 3891 :
1448 3838 1533 3894 Ne
1561 3841 1761 3896 dederis
1795 3859 1850 3897 os
1883 3852 2044 3913 tuum,

473 3937 530 3983 ut
553 3942 763 3996 peccare
789 3928 954 3999 facias
984 3944 1189 3982 carnem
1231 3938 1369 3984 tuam
1415 3929 1611 4002 (Eccle.
1644 3934 1734 4002 v)?
1763 3933 2044 4000 Quomodo

473 4019 565 4074 dat
592 4017 757 4075 homo
787 4035 848 4074 os
876 4035 1048 4086 suum,
1081 4028 1140 4074 ut
1168 4037 1391 4092 peccare
1419 4024 1579 4090 faciat
1601 4039 1819 4080 carnem
1849 4043 1996 4082 suam
2021 4030 2043 4082 ?

543 4108 818 4166 SALONIUS.
852 4109 1074 4176 Quando
1096 4111 1332 4180 loquitur
1359 4115 1623 4169 vanitates
1649 4123 1702 4170 et
1731 4117 1891 4171 verba
1921 4117 2042 4172 libi-

475 4199 659 4254 dinosa
688 4201 881 4268 quibus
893 4215 1031 4256 caro
1061 4201 1310 4256 incitetur
1337 4204 1403 4257 ad
1433 4207 1778 4274 peccandum.
1809 4205 1915 4262 Sed
1943 4208 2044 4264 iste

474 4297 556 4344 est
582 4290 832 4359 proprius
862 4289 1017 4359 hujus
1045 4291 1146 4346 loci
1175 4308 1362 4348 sensus
1406 4311 1418 4346 :
1454 4293 1539 4350 Ne
1577 4296 1776 4352 dederis
1816 4315 1874 4352 os
1899 4306 2040 4352 tuum

475 4389 526 4434 ut
551 4398 762 4452 peccare
790 4384 957 4453 facias
979 4400 1186 4438 carnem
1213 4395 1381 4452 tuam;
1413 4387 1517 4444 hoc
1542 4396 1644 4457 est,
1667 4390 1776 4444 noli
1803 4405 2040 4460 qumrere

475 4485 638 4526 vanas
666 4472 1036 4528 excusationes
1063 4475 1255 4542 quibus
1281 4475 1374 4530 des
1403 4481 1915 4551 occasionemcarni
1941 4489 2044 4536 tua:

475 4561 540 4616 ad
566 4561 894 4631 peccandum
919 4581 931 4615 :
957 4564 1061 4618 hoc
1087 4575 1186 4631 est,
1214 4567 1323 4621 noli
1353 4567 1566 4623 dicere:
1594 4569 1707 4625 Non
1733 4584 1832 4639 ego
1854 4585 2042 4641 pecco,

475 4653 569 4708 sed
595 4655 738 4723 quod
781 4655 834 4709 in
862 4671 948 4710 me
976 4656 1182 4711 habitat
1210 4667 1485 4727 peccatum
1511 4701 1527 4728 ,
1576 4661 1628 4715 id
1672 4669 1752 4717 est
1788 4660 2044 4730 fragilitas

476 4746 651 4802 carnis
678 4761 811 4802 meze
829 4765 840 4800 :
860 4747 983 4818 quia
1013 4749 1055 4802 si
1083 4749 1183 4804 hoc
1207 4750 1360 4819 dicis,
1389 4751 1669 4808 Dominum
1697 4770 1956 4824 provocas
1975 4757 2042 4811 ad

475 4834 642 4900 iram;
672 4838 822 4904 quasi
845 4838 957 4907 ipse
981 4839 1050 4894 sit
1077 4848 1266 4894 auctor
1291 4842 1508 4896 malitia:
1536 4851 1695 4914 atque
1723 4846 1949 4914 peccati.

543 4923 810 4981 VBRANUS.
839 4927 978 4994 Quid
1006 4937 1087 4983 est
1112 4930 1254 4997 quod
1284 4931 1359 4984 ait
1394 4949 1406 4984 :
1440 4929 1621 4987 Omnis
1647 4933 1794 4989 labor
1822 4935 2042 4992 hominis

475 5014 528 5067 in
553 5028 641 5067 ore
659 5014 787 5084 ejus,
812 5018 902 5070 sed
919 5020 1093 5072 anima
1112 5019 1249 5074 illius
1271 5037 1372 5076 non
1393 5023 1685 5093 implebitur
1710 5025 1904 5096 (Eccle.
1927 5027 2043 5098 vn)?

475 5104 756 5171 Quomodo
784 5114 959 5175 potest
1005 5107 1153 5176 ﬁeri,
1193 5118 1250 5165 ut
1280 5112 1455 5167 omnia
1485 5129 1602 5183 qua:
1630 5115 1837 5170 laborat
1877 5119 2040 5175 homo

475 5198 582 5251 sint
608 5199 662 5252 in
686 5211 780 5253 ore
806 5197 990 5253 illius?

545 5287 818 5344 SALONIUS.
850 5288 945 5344 Vir
991 5292 1378 5353 ecclesiasticus
1403 5340 1418 5366 ,
1466 5299 1678 5368 sapiens
1720 5311 1774 5357 et
1807 5303 2000 5361 doctus
2023 5346 2038 5372 ,

476 5393 690 5434 omnem
720 5379 956 5436 laborem
974 5397 1128 5436 suum
1157 5383 1321 5438 habet
1350 5388 1402 5441 in
1431 5403 1525 5444 ore
1553 5405 1682 5458 suo;
1711 5393 1833 5463 quia
1861 5397 2038 5451 omnia

476 5484 592 5537 qua:
620 5470 672 5524 in
702 5470 989 5542 Scripturis
1033 5474 1200 5530 sacris
1227 5475 1418 5548 discit,
1467 5482 1704 5551 quotidie
1733 5487 2039 5556 meditatur,

477 5561 728 5630 praedicat
772 5573 826 5619 et
853 5565 1044 5634 docet,
1089 5576 1142 5623 et
1188 5566 1364 5622 anima
1411 5570 1550 5629 illius
1578 5590 1682 5631 non
1715 5577 2036 5653 implebitur,

2153 3151 2400 3207 dissolvit
2438 3161 2694 3220 mentem,
2729 3161 2784 3208 et
2810 3154 2993 3208 laetitia
3033 3159 3327 3227 corrumpit
3354 3159 3588 3215 hominis
3615 3162 3732 3215 ani-

2152 3259 2298 3298 mum
2322 3260 2335 3309 ;
2363 3243 2477 3298 huic
2504 3252 2683 3299 autem
2715 3245 2794 3299 ira
2821 3247 3041 3318 corrigit
3069 3256 3122 3302 et
3150 3250 3399 3304 emendat
3424 3259 3726 3321 peccatum.

2222 3333 2490 3390 Vesanus.
2525 3333 2662 3401 Quid
2699 3345 2781 3390 est
2816 3337 2959 3405 quod
2987 3339 3068 3393 ait
3104 3357 3116 3390 :
3149 3337 3420 3394 Calumnia
3451 3345 3726 3397 conturbat

2151 3428 2437 3496 sapientem
2476 3436 2526 3480 et
2564 3427 2732 3497 perdit
2770 3427 2924 3483 robur
2954 3430 3124 3484 cordis
3166 3432 3310 3485 illius
3351 3431 3580 3501 (Ibid.)?
3625 3434 3722 3500 Qui

2150 3516 2292 3572 enim
2321 3531 2448 3572 vere
2474 3517 2690 3586 sapiens
2715 3526 2816 3582 est,
2840 3519 2983 3573 nulla
3005 3520 3248 3575 turbatur
3272 3521 3562 3589 calumnia,
3584 3515 3725 3578 nulla

2149 3605 2402 3674 dejicitur
2421 3607 2760 3662 adversitate.

2222 3695 2498 3751 SALomus.
2521 3696 2746 3766 Sapiens
2767 3697 2818 3751 in
2840 3697 2940 3753 hoc
2964 3698 3084 3754 loco
3107 3715 3211 3754 non
3239 3701 3616 3770 intelligendus
3643 3713 3727 3760 est

2148 3785 2238 3841 ille
2272 3786 2364 3855 qui
2399 3786 2666 3855 perfectus
2709 3795 2765 3841 et
2807 3796 3212 3844 consummatus
3239 3791 3294 3844 in
3320 3793 3580 3861 sapientia
3619 3804 3720 3857 est,

2145 3877 2243 3934 sed
2279 3878 2370 3946 qui
2394 3877 2503 3946 jam
2532 3879 2696 3948 cmpit
2721 3879 2919 3934 habere
2948 3882 3287 3950 sapientiam,
3318 3892 3374 3937 et
3419 3893 3591 3937 tamen
3617 3885 3720 3938 ad-

2145 3968 2252 4023 huc
2281 3983 2387 4022 non
2415 3975 2497 4021 est
2540 3967 2835 4037 perlectus.
2887 3969 3067 4024 Talem
3114 3972 3411 4040 sapientem
3450 3973 3721 4028 calumnia

2144 4057 2420 4112 hominum
2463 4059 2574 4112 sive
2603 4058 2899 4114 adversitas
2928 4061 3104 4130 aliqua
3153 4062 3308 4118 facile
3353 4066 3638 4119 conturbat
3664 4077 3723 4120 et

2143 4147 2321 4216 perdit
2364 4147 2602 4215 vigorem
2650 4163 2714 4202 ac
2760 4147 3122 4205 fortitudinem
3165 4152 3356 4206 animm
3403 4153 3583 4219 illius,
3626 4156 3716 4224 qui

2143 4237 2270 4292 dum
2298 4239 2562 4308 patienter
2591 4253 2698 4293 non
2742 4240 2969 4296 sustinet
3006 4241 3248 4308 adversa,
3284 4252 3511 4298 vexatur
3543 4245 3717 4315 impa-

2145 4327 2352 4382 tientia.

2071 4439 2122 4498 υ
2215 4419 2478 4475 Vsnsuus.
2524 4419 2661 4486 Quid
2690 4431 2788 4487 est,
2833 4423 2970 4477 male
2997 4423 3175 4480 dicere
3201 4425 3324 4494 quia
3367 4427 3574 4494 priores
3602 4426 3716 4483 dies

2139 4511 2390 4566 meliores
2417 4509 2630 4566 luerunt
2655 4527 2813 4580 quam
2841 4513 2926 4567 isti
2953 4515 3044 4582 qui
3069 4514 3228 4569 modo
3251 4516 3415 4570 sunt?

2210 4600 2485 4657 SALONIUS.
2536 4601 2662 4657 ideo
2691 4603 2889 4658 malum
2915 4613 2999 4658 est
3041 4605 3144 4660 hoc
3186 4605 3364 4660 dicere
3386 4645 3404 4672 ,
3445 4606 3571 4676 quia
3599 4606 3714 4677 ipse

2141 4691 2216 4746 ait
2242 4709 2255 4744 :
2289 4691 2458 4746 Stulta
2486 4701 2561 4746 est
2591 4693 2708 4746 talis
2729 4693 3082 4766 interrogatio.

2215 4782 2481 4838 Vesanus.
2513 4783 2689 4850 Quare
2715 4786 2878 4840 stulta
2907 4788 3256 4856 interrogatio
3289 4796 3390 4854 est,
3417 4789 3464 4843 si
3489 4789 3611 4860 quis
3635 4789 3718 4844 di-

2148 4881 2234 4929 cat
2267 4891 2279 4926 :
2311 4871 2437 4936 Qua:
2463 4890 2621 4928 causa
2649 4884 2721 4928 est
2761 4878 2883 4946 quia
2915 4877 3092 4946 priora
3115 4887 3340 4948 tempora
3369 4881 3583 4934 meliora
3611 4883 3718 4952 [ue-

2146 4973 2266 5018 runt
2295 4981 2446 5036 quam
2475 4982 2609 5019 nunc
2632 4975 2753 5019 sunt
2782 4967 2968 5038 (Ibid.)
2988 4970 3013 5022 ?

2221 5056 2498 5110 SALONIUS.
2538 5055 2662 5111 Ideo
2701 5059 2864 5112 stulta
2905 5059 3252 5128 interrogatio
3281 5070 3381 5124 est,
3423 5063 3548 5130 quia
3580 5078 3720 5120 unus

2147 5144 2284 5200 Deus
2312 5145 2556 5202 conditor
2580 5154 2662 5201 est
2688 5149 2922 5204 omnium
2949 5159 3268 5220 temporum,
3293 5161 3718 5222 cunctarumque

2143 5235 2369 5290 dierum.

2216 5325 2481 5380 Vnnssus.
2531 5327 2782 5394 Quamvis
2811 5330 2950 5385 enim
2981 5348 3115 5387 unus
3161 5333 3230 5387 sit
3275 5333 3437 5401 Deus,
3464 5335 3717 5389 conditor

2147 5414 2381 5467 omnium
2413 5425 2708 5483 temporum
2743 5428 3165 5490 cuuctorumque
3218 5421 3442 5485 dierum,
3475 5424 3717 5493 nunquid

2146 5519 2252 5558 non
2283 5501 2492 5558 fuerunt
2519 5513 2757 5577 tempora
2786 5507 2929 5564 bona
2951 5519 3004 5564 ct
3022 5512 3198 5566 mala?

2216 5595 2492 5652 SALONIUS.
2533 5597 2665 5654 Vere
2690 5598 2932 5669 fuerunt,
2980 5603 3074 5659 scd
3122 5606 3342 5662 virtutes
3371 5604 3570 5662 faciunt
3613 5620 3717 5662 no-
