3964 6178
266 297 285 350 1
299 291 403 351 005

1175 282 1243 341 1N
1280 278 1777 340 ECCLESlASTEN
1815 274 2167 335 EXPOSITIO
2204 275 2520 335 MYSTICA.

3382 259 3509 317 illi

260 408 344 462 his
375 416 616 475 tempora
643 403 804 463 bona,
834 398 966 454 vitia
990 405 1043 452 et
1072 406 1293 468 peccata
1340 392 1542 449 faciunt
1591 402 1833 461 tempora
1862 391 1911 449 Α
1942 405 2194 446 numerus
2219 390 2600 459 adimpleatur,
2636 396 2689 442 et
2717 387 2990 456 perveniat
3011 386 3075 441 ad
3098 386 3392 459 perfectum
3419 402 3518 438 nn-

261 498 424 561 mala,
450 503 505 550 et
533 491 732 547 ideirco
761 505 860 544 nos
885 490 958 542 ita
975 501 1191 556 semper
1212 486 1348 539 bene
1361 485 1543 537 vivere
1557 481 1837 544 debemus,

262 600 323 643 ut
352 587 470 642 dies
507 590 797 655 prmsentes
844 580 998 634 nobis
1052 577 1304 631 meliores
1350 573 1458 628 sint
1498 586 1660 641 quam
1706 583 1838 639 prte-

262 679 431 733 teriti.

337 768 603 822 Venasus.
633 761 771 830 Quid
794 768 877 816 est
913 758 1055 829 quod
1104 758 1179 812 ait
1230 755 1515 817 Salomon,
1552 748 1682 806 Noli
1731 766 1842 805 esse

258 860 433 931 justus
454 856 881 921 multum,neque
907 851 1020 921 plus
1068 849 1243 919 sapias
1296 861 1447 917 quam
1502 857 1713 896 necesse
1763 846 1843 894 est

269 948 479 1022 (Eccle.
509 946 649 1015 vn)?
678 943 814 1011 Quid
838 942 979 996 enim
1004 939 1130 993 mali
1156 947 1238 992 est
1261 938 1304 990 si
1334 937 1494 990 homo
1514 931 1843 987 sit'multum

261 1040 464 1110 justus,
490 1044 583 1091 aut
604 1034 723 1104 quis
750 1039 930 1102 potest
956 1030 1074 1101 plus
1096 1041 1286 1097 sapere
1307 1040 1465 1094 quam
1494 1037 1725 1079 necesse
1769 1021 1844 1097 f'?

340 1126 622 1180 SALONlUS.
653 1121 747 1175 Ille
776 1119 1001 1174 multum
1054 1125 1110 1171 et
1162 1115 1320 1170 nimis
1358 1112 1534 1182 justus
1562 1118 1665 1178 est,
1694 1133 1719 1163 ι

265 1217 472 1289 justitia
500 1228 639 1269 smva
667 1217 722 1265 et
747 1207 979 1265 crudelis
1004 1250 1019 1275 ,
1048 1207 1208 1260 etiam
1236 1204 1369 1258 alios
1398 1202 1594 1256 excitat
1618 1199 1683 1253 ad
1710 1213 1844 1267 que-

270 1308 441 1363 relam
487 1313 541 1360 et
589 1299 1084 1363 murmurationem,
1115 1294 1265 1351 verbi
1316 1292 1488 1360 gratia
1521 1291 1647 1359 :qui
1702 1289 1846 1342 videt

272 1396 492 1454 fratrem
512 1408 666 1449 suum
705 1403 956 1461 peccare,
989 1395 1044 1441 et
1070 1384 1243 1452 magis
1264 1383 1379 1437 vult
1425 1396 1547 1436 eum
1587 1377 1845 1435 condem-

272 1505 404 1546 nare
428 1495 588 1556 atque
632 1483 825 1555 punire
869 1494 1029 1549 quam
1056 1492 1155 1547 per
1176 1473 1546 1545 paenitentiam
1575 1469 1875 1538 corrigere“

273 1589 330 1636 et
380 1575 673 1633 emendare
699 1613 716 1638 ,
760 1571 850 1626 ille
902 1569 1153 1624 nimirum
1189 1565 1417 1623 multum
1463 1571 1518 1618 et
1561 1560 1719 1615 nimis
1764 1566 1849 1614 est

272 1672 463 1744 justus.

1941 497 2166 544 merum,
2192 482 2243 535 id
2265 491 2346 536 est
2369 481 2664 535 denarium.
3601 524 3613 541 ,λ

2016 570 2281 627 νεωκυε.
2333 570 2613 637 Quomodo
2648 582 2774 636 ergo
2814 568 3073 639 sapientia
3119 567 3390 623 confortat
3433 586 3518 623 sa;

1940 664 2176 734 pientem
2197 678 2357 732 super
2382 662 2565 716 decem
2596 660 2860 730 principes
2888 659 3150 719 civitatis?

2013 753 2292 808 Sanosws.
2318 750 2451 816 Quia
2500 751 2673 818 majus
2715 757 2797 803 est
2826 749 3080 802 auxilium
3131 739 3438 819 sapientiae,
3468 747 3517 802 id

1943 854 2028 901 est
2052 846 2259 899 Domini
2287 843 2411 899 Jesu
2434 842 2650 907 Christi,
2676 856 2837 911 quam
2866 840 2936 894 sit
2963 840 3294 911 angelorum.

2017 935 2285 991 Venanus.
2334 932 2472 1000 Quid
2519 941 2600 987 est
2642 930 2788 1002 quod
2828 930 3084 986 Salomon
3136 930 3303 985 dicit:
3342 928 3517 985 Virum

1943 1047 2101 1085 unum
2131 1029 2194 1083 de
2219 1028 2358 1083 mille
2383 1027 2581 1098 reperi,
2605 1026 2871 1081 mulierem
2891 1031 3062 1078 autem
3078 1039 3142 1077 ea:
3163 1022 3397 1079 omnibus
3417 1036 3521 1078 non

1821 1128 1845 1162 εί
1943 1120 2148 1175 inveni?
2175 1115 2424 1186 Nunquid
2449 1116 2627 1170 multa:
2651 1115 2902 1169 mulieres
2928 1121 3127 1168 sancta:
3154 1111 3387 1178 fuerunt,
3413 1113 3513 1165 vir-

1945 1211 2097 1278 gines
2125 1208 2284 1262 simul
2330 1215 2385 1261 et
2414 1205 2604 1269 vidua},
2636 1218 2754 1273 qua:
2800 1202 3051 1273 pudicitia
3079 1218 3141 1256 ac
3168 1202 3432 1265 castitate,
3457 1216 3519 1255 ac

1946 1300 2101 1355 bonis
2127 1298 2378 1368 operibus
2434 1297 2544 1351 Deo
2573 1297 2855 1366 placuere,
2887 1309 2954 1349 ex
2974 1293 3167 1363 quibus
3192 1292 3434 1363 plurimae
3459 1292 3517 1346 il-

1947 1390 2117 1444 larum
2139 1388 2397 1460 martyrio
2422 1392 2694 1441 coronata:
2723 1385 2883 1439 sunt?

2018 1478 2293 1535 Sanost.
2324 1475 2467 1531 Vere
2508 1474 2807 1530 fueruntet
2842 1488 3009 1544 usque
3061 1489 3204 1555 nunc
3238 1479 3361 1528 sunt
3399 1471 3518 1541 plu-
3608 1495 3614 1503 ’

1948 1574 2098 1628 ι-ἰιηεῡ
2120 1571 2350 1641 virgines
2376 1584 2440 1623 ac
2469 1567 2643 1622 vidua:
2683 1566 2795 1623 Deo
2825 1575 3085 1637 acceptae;
3114 1566 3209 1622 sed
3249 1565 3355 1620 hoc
3397 1563 3520 1619 dicit

1949 1644 2225 1726 Salomon,
2254 1660 2379 1729 quia
2400 1673 2499 1714 suo
2526 1665 2766 1728 tempore
2795 1656 2865 1712 de
2889 1656 3068 1711 multis
3083 1655 3208 1711 viris
3235 1655 3325 1710 vix
3352 1654 3520 1717 notuit

344 1760 613 1817 VEBANUS.
658 1752 940 1823 Quomodo
987 1750 1127 1823 sapit
1169 1750 1333 1805 homo
1375 1747 1495 1818 plus
1546 1759 1708 1816 quam
1755 1757 1850 1800 ne-
1881 1753 1925 1812 B
1954 1751 2193 1807 invenire
2219 1750 2439 1816 bonum,
2471 1748 2538 1803 de
2567 1747 2878 1803 mulieribus
2899 1763 3027 1803 vero
3052 1747 3251 1802 nullam
3302 1744 3523 1809 invenit,

277 1868 426 1910 cesse
449 1858 533 1907 est
553 1851 577 1904 τ

345 1945 625 1998 SALONIUS.
686 1936 911 2004 Quando
956 1934 1185 2005 superbe
1235 1932 1376 2001 sapit
1418 1949 1431 1984 :
1479 1929 1620 1984 unde
1669 1933 1854 1982 monet

278 2033 567 2105 Apostolus
587 2048 598 2083 :
620 2027 746 2083 Noli
763 2029 925 2080 altum
948 2040 1130 2095 sapere
1161 2020 1349 2094 (Rom.
1376 2018 1463 2090 x1)
1492 2037 1505 2072 :
1533 2018 1585 2073 id
1613 2025 1713 2082 est,
1741 2015 1854 2070 noli

281 2122 508 2194 superbe
533 2134 741 2191 sapere,
770 2116 862 2171 sed
890 2118 1030 2170 time.
1058 2113 1152 2167 ille
1189 2113 1350 2166 etiam
1382 2111 1499 2181 plus
1526 2108 1666 2179 sapit
1693 2121 1854 2178 quam

284 2226 506 2268 necesse
533 2219 632 2275 est,
662 2210 752 2278 qui
779 2223 842 2263 ea
867 2206 981 2260 vult
1008 2204 1304 2272 intelligere
1355 2215 1474 2271 qua:
1523 2214 1630 2257 non
1676 2204 1856 2271 potest

283 2298 736 2372 comprehendere
760 2310 933 2367 neque
961 2302 1264 2364 penetrare.

354 2393 622 2448 Venssus.
654 2389 830 2456 Quare
856 2386 1112 2441 Salomon
1138 2383 1267 2438 dicit
1299 2399 1312 2434 :
1340 2378 1441 2445 Qui
1487 2382 1630 2436 timet
1680 2378 1859 2434 Domi-

284 2502 407 2540 num
456 2483 586 2537 nihil
613 2481 824 2552 negiigit
854 2477 1057 2550 (Eccle.
1087 2476 1216 2548 vn),
1244 2490 1366 2530 cum
1393 2473 1622 2529 Jacobus
1643 2478 1856 2544 aposto-

285 2577 368 2631 lus
414 2576 598 2631 dicat:
633 2574 700 2627 In
745 2572 920 2627 multis
955 2568 1263 2640 oﬂ'endimus
1312 2583 1488 2621 omnes
1542 2565 1695 2637 (Jac.
1727 2564 1858 2635 ut)?

288 2666 533 2737 Nunquid
552 2665 783 2721 Iacobus
810 2670 902 2718 aut
928 2662 1108 2718 exteri
1157 2661 1387 2733 apostoli
1436 2675 1541 2713 non
1597 2658 1859 2713 timebant

200 2805 207 2810 .
290 2759 477 2821 Demn,
501 2758 589 2826 qui
617 2773 674 2811 se
702 2756 755 2809 in
785 2754 966 2810 multis
994 2751 1265 2807 oil'endere
1294 2748 1732 2805 conﬁtebantur?

357 2850 634 2905 SALoxtus.
664 2848 942 2902 Timebant
969 2846 1153 2915 utique
1172 2886 1187 2912 ,
1216 2852 1271 2897 et
1296 2844 1350 2897 in
1396 2841 1577 2897 multis
1617 2839 1858 2895 oﬁende—

288 2942 435 3008 bant,
464 2941 588 3009 quia
618 2956 724 2994 non
744 2944 826 2993 est
850 2938 1014 2992 homo
1038 2950 1201 3005 super
1228 2941 1423 2988 terram
1452 2930 1542 3001 qui
1569 2930 1729 2985 faciat
1762 2930 1859 2984 bo-

288 3047 433 3093 num,
457 3039 512 3084 et
537 3045 643 3085 non
666 3035 871 3098 peccet.
1403 3034 1409 3042 ’

1953 1844 2078 1914 quia
2106 1856 2295 1898 omnes
2319 1855 2442 1896 eum
2470 1855 2579 1895 non
2601 1839 2669 1894 ad
2696 1839 2944 1894 virtutem
2964 1879 2979 1907 ,
3003 1837 3097 1892 sed
3139 1835 3209 1891 ad
3263 1834 3525 1890 luxuriam

1953 1940 2254 1988 traxerunt.

2024 2026 2294 2080 Verus-us.
2344 2021 2529 2079 Potest
2572 2022 2688 2078 haec
2724 2020 2989 2077 sententia
3045 2018 3394 2091 spiritualiter
3446 2017 3530 2072 in-

1955 2117 2119 2184 telligi
2138 2116 2162 2170 ’ρ

2024 2209 2307 2265 Ξλιοκιυε.
2330 2207 2471 2262 Vere
2493 2212 2694 2277 potest,
2725 2218 2848 2258 nam
2877 2217 2975 2273 per
3014 2203 3184 2257 virum
3225 2201 3531 2270 designatur

1954 2302 2129 2357 bonus
2150 2299 2314 2359 animi
2340 2298 2634 2366 cogitatus,
2658 2310 2759 2366 per
2803 2294 3083 2350 mulierem
3131 2307 3262 2347 vero
3306 2290 3532 2357 carnalis

1956 2401 2013 2448 et
2037 2391 2293 2448 dissoluta
2321 2388 2597 2458 cogitatio.
2629 2387 2705 2442 De
2732 2387 2877 2441 mille
2905 2401 3033 2455 ergo
3060 2386 3142 2439 vir
3171 2400 3308 2439 unus
3327 2384 3533 2439 inveni-

1959 2490 2063 2549 tur,
2088 2480 2140 2535 id
2169 2488 2249 2536 est
2278 2492 2413 2532 unus
2439 2477 2703 2544 cogitatus
2744 2474 2973 2530 mundus
2998 2482 3054 2529 et
3082 2489 3262 2544 purus,
3289 2472 3380 2542 qui
3408 2486 3535 2542 pcr-

1956 2588 2110 2629 versa
2142 2571 2469 2640 cogitatione
2496 2583 2603 2623 non
2630 2568 2895 2633 turbetur,
2927 2567 2979 2622 id
3018 2576 3100 2622 est
3143 2567 3414 2636 polluatur
3441 2580 3536 2621 ex-

1958 2664 2259 2727 trinsecus;
2286 2660 2353 2715 de
2402 2657 2714 2735 mulieribus
2749 2672 2879 2712 vero
2933 2658 3077 2712 nulla
3121 2656 3391 2712 invenitur
3417 2671 3535 2726 qua:

1956 2754 2174 2825 placeat
2199 2753 2334 2819 Deo,
2360 2750 2484 2820 quia
2513 2746 2743 2803 carnalis
2765 2755 2819 2802 et
2847 2762 3098 2818 perversa
3128 2746 3381 2815 cogitatio
3429 2761 3535 2799 nan

1957 2854 2041 2900 est
2064 2850 2284 2913 accepta
2311 2844 2441 2897 Deo.

2028 2938 2297 2993 VERANUS.
2322 2936 2459 3004 Quid
2479 2946 2561 2993 est
2583 2937 2727 3006 quod
2752 2937 2854 2991 ait:
2877 2932 2976 2999 Qui
2994 2932 3210 2987 custodit
3229 2939 3537 3002 prwceptum

1959 3029 2079 3093 Dei,
2096 3046 2199 3085 non
2220 3031 2509 3099 experietur
2529 3029 2803 3102 quidquam
2823 3027 2947 3082 mali
2971 3024 3177 3096 (Eccle.
3210 3039 3301 3078 vtu
3318 3021 3376 3092 )?
3399 3019 3537 3087 Quo-

360 3120 625 3176 VEMNUS-
658 3115 940 3183 QuomOdO
968 3130 1096 3185 θνεο
1122 3128 1309 3170 verum
1359 3119 1443 3167 εει
1495 3110 1641 3182 quoa
1685 3110 1815 3167 ἀίείι
1845 3128 1858 3163 ε
1890 3119 1934 3179 C
1966 3119 2129 3174 modo
2157 3119 2288 3173 nihil
2314 3120 2441 3173 mali
2466 3119 2772 3189 experietur
2800 3118 2889 3187 qui
2918 3124 3183 3186 prmcepta
3233 3113 3327 3168 Dei
3361 3122 3538 3168 custo-

289 3209 393 3274 Qui
422 3209 560 3262 timet
582 3207 878 3272 Dominum,
910 3205 1038 3258 nihil
1060 3204 1272 3275 negligit
1303 3201 1505 3273 (Eccle.
1529 3199 1673 3271 vn)?

363 3297 641 3354 SALONIUS.
674 3296 774 3363 Qui
799 3295 942 3349 enim
971 3302 1217 3349 sanctum
1242 3302 1296 3348 et
1323 3300 1530 3349 castum
1583 3293 1680 3347 Dei
1707 3292 1866 3347 timo-

291 3406 406 3446 rem
434 3390 614 3455 habet,
646 3388 776 3442 nihil
797 3387 1012 3442 omnino
1039 3387 1275 3454 negligit,
1305 3384 1428 3454 quia
1451 3399 1624 3453 neque
1643 3399 1867 3455 prospe—

294 3482 367 3536 ris
395 3480 652 3543 elevatur,
684 3492 859 3547 neque
882 3476 1122 3531 adversis
1141 3475 1403 3544 dejicitur,
1432 3474 1684 3545 quoniam
1712 3474 1867 3543 quid-

295 3568 422 3638 quid
453 3569 528 3622 illi
556 3568 755 3629 accidit
778 3583 883 3622 non
911 3582 1034 3622 eum
1061 3567 1367 3622 contristat.

366 3660 634 3716 Vesanus.
667 3658 796 3727 Quis
823 3669 1052 3729 estergo
1081 3660 1170 3714 ille
1192 3659 1283 3729 qui
1310 3668 1555 3714 sanctum
1583 3667 1639 3715 et
1659 3668 1868 3715 castum

297 3750 391 3807 Dei
414 3752 660 3806 timorem
690 3751 891 3806 habet?

366 3839 779 3906 SALONIUS.-Qlll
806 3840 1089 3895 Dominum
1118 3841 1172 3895 in
1219 3841 1366 3896 nullo
1417 3840 1533 3896 vult
1578 3840 1868 3908 offendere,

300 3939 354 3987 et
380 3938 638 4000 quantum
664 3930 776 3999 ipse
803 3929 1059 3999 adjuvare
1086 3931 1353 3999 dignatur,
1385 3931 1501 4000 ejus
1547 3932 1874 3987 voluntatem

300 4030 356 4076 et
384 4020 630 4075 mandata
676 4021 840 4090 ipsius
863 4022 918 4076 in
940 4023 1187 4078 omnibus
1234 4022 1348 4078 vult
1400 4030 1455 4077 et
1498 4023 1676 4079 studet
1703 4024 1876 4079 adim-

303 4114 469 4185 plere.

374 4224 642 4279 VERANUS.
676 4222 814 4290 Quid
842 4232 924 4279 est
951 4224 1095 4292 quod
1120 4226 1228 4280 ait:
1250 4225 1523 4295 Sapientia
1569 4229 1880 4298 confortabit

306 4318 589 4386 sapientem
644 4332 796 4387 super
840 4315 1014 4371 decem
1077 4319 1336 4388 principes
1383 4320 1603 4374 civitatis
1655 4320 1881 4393 (Ibid.)?

306 4407 436 4477 Qua:
464 4416 544 4463 est
564 4408 678 4462 haec
705 4408 983 4479 sapientia,
1016 4409 1217 4479 autqui
1244 4418 1369 4464 sunt
1396 4412 1482 4466 isti
1511 4413 1813 4483 principes?

378 4524 656 4578 SALONIUS.
688 4520 959 4592 Sapientia
982 4523 1034 4576 in
1078 4524 1183 4579 hoc
1213 4525 1334 4580 loco
1379 4525 1661 4582 Dominum
1700 4526 1882 4583 Iesum

308 4611 580 4668 Christum
600 4610 884 4681 signiﬁcat,
915 4614 1006 4683 qui
1033 4622 1116 4668 est
1144 4615 1311 4670 virtus
1339 4624 1393 4669 et
1433 4617 1693 4686 sapientia
1745 4619 1837 4674 Dei
1864 4638 1876 4672 :

309 4703 579 4775 principes
602 4703 851 4769 civitatis,
882 4703 1054 4758 sancti
1078 4704 1252 4772 angeli
1279 4713 1402 4759 sunt
1423 4705 1772 4774 intelligendi,
1792 4709 1883 4778 qui

310 4801 438 4849 sunt
464 4794 732 4863 principes
778 4793 1038 4858 civitatis,
1092 4794 1143 4847 id
1171 4802 1255 4849 est
1282 4795 1514 4850 caelestis
1562 4794 1877 4855 Jerusalem.

310 4884 449 4941 Sunt
474 4893 528 4939 et
548 4884 817 4954 principes
845 4883 1115 4953 Ecclesiaa,
1142 4885 1265 4957 quia
1298 4886 1398 4956 ipsi
1423 4887 1663 4957 quotidie
1689 4900 1883 4960 regunt

312 4994 432 5034 eam
460 4986 516 5033 et
539 4977 865 5033 custodiunt.

383 5068 649 5124 Vniusus.
681 5066 791 5123 Cur
817 5082 946 5138 ergo
964 5068 1151 5125 decem
1179 5069 1466 5126 dicuntur?

383 5178 661 5234 Sanomus.
702 5177 839 5244 Quia
876 5178 1064 5234 decem
1089 5190 1114 5217 ⁸
1139 5178 1355 5236 fuerunt
1401 5182 1617 5239 ordines
1664 5188 1885 5255 angelo-

313 5287 457 5341 rum,
485 5271 580 5326 sed
630 5287 769 5326 unus
821 5271 1014 5326 cecidit
1065 5287 1163 5342 per
1208 5274 1542 5344 superbiam;
1585 5285 1642 5331 et
1687 5278 1885 5336 idcirco

315 5364 445 5419 boni
464 5362 639 5431 angeli
660 5377 875 5432 semper
896 5362 964 5417 ad
990 5362 1093 5419 hoc
1112 5362 1376 5431 laborant,
1402 5374 1460 5419 ut
1486 5364 1553 5420 de
1576 5366 1887 5428 hominibus

385 5549 411 5578 ι
455 5539 750 5610 lmproprie
806 5549 966 5596 vocat
1009 5541 1271 5597 decimum
1325 5541 1566 5603 ordinem
1615 5563 1893 5603 numerum

321 5611 470 5668 illum
491 5612 798 5679 angelorum
826 5611 917 5680 qui
946 5626 1013 5665 ex
1050 5627 1242 5685 novem
1260 5612 1534 5685 ordinibus
1550 5616 1758 5685 cecidit,
1776 5636 1896 5675 nam

323 5695 516 5738 novem
538 5689 743 5736 tantum
767 5696 887 5738 esse
912 5682 1221 5752 angelorum
1249 5682 1493 5753 ordines,
1544 5694 1599 5741 et
1644 5702 1710 5742 ex
1732 5682 1898 5758 quoli-

1966 3209 2063 3273 dit,
2095 3224 2216 3264 cum
2238 3209 2409 3263 sancti
2435 3208 2535 3264 viri
2556 3209 2648 3277 qui
2689 3215 2956 3277 praecepta
3011 3205 3106 3259 Dei
3152 3201 3539 3266 custodierunt,

1965 3298 2133 3352 multa
2164 3298 2405 3366 perpessi
2431 3298 2537 3351 sint
2564 3297 2616 3350 in
2646 3297 2749 3350 hoc
2777 3296 3012 3351 smculo?

2035 3388 2314 3443 SALONlliS.
2344 3386 2544 3442 Verum
2570 3394 2673 3455 est,
2702 3386 2827 3456 quia
2876 3386 2968 3454 qui
3023 3391 3291 3454 praecepta
3320 3381 3414 3436 Dei
3446 3395 3542 3435 cu-

1966 3477 2152 3542 stodit,
2184 3477 2235 3531 id
2261 3486 2341 3531 est
2362 3490 2521 3529 omne
2560 3474 2703 3544 quod
2749 3474 2907 3544 jussit
2961 3459 3015 3527 et
3062 3470 3317 3541 praecepit.
3370 3469 3535 3523 Deus.

1968 3582 2075 3622 non
2105 3566 2411 3635 experietur
2431 3564 2717 3633 quidquam
2747 3563 2871 3617 mali
2901 3562 2953 3615 iu
2983 3559 3183 3623 futuro,
3208 3559 3309 3612 hoc
3324 3557 3544 3612 estnul-

1970 3656 2079 3710 lum
2109 3656 2303 3709 malum
2327 3654 2577 3724 patietur,
2608 3653 2811 3707 nullum
2838 3652 3036 3706 malum
3060 3647 3344 3704 sustinebit
3376 3645 3429 3699 in
3457 3644 3545 3697 die

1965 3747 2170 3818 judicii.
2197 3745 2448 3813 Quamvis
2475 3746 2617 3800 enim
2647 3746 2820 3813 aliqua
2852 3743 2995 3797 mala
3018 3741 3248 3812 patiatur
3268 3738 3322 3793 in
3347 3737 3449 3792 hac
3469 3737 3518 3790 vi
3535 3764 3548 3776 -

1974 3846 2048 3903 ta,
2076 3838 2214 3892 levia
2241 3844 2359 3891 sunt
2382 3843 2437 3892 et
2458 3835 2783 3899 transitoria;
2809 3834 2860 3887 in
2884 3831 3062 3887 futura
3087 3837 3267 3886 autem
3288 3828 3396 3884 vita
3418 3825 3549 3880 nihil

1976 3927 2102 3981 mali
2125 3927 2356 3996 patietur
2402 3924 2493 3996 qui
2522 3923 2825 3995 pervenerit
2875 3923 2944 3978 ad
2967 3931 3182 3977 αξιοι-ηαξ
3207 3917 3551 3975 beatitudinis

1975 4017 2219 4097 gloriam.

2052 4107 2316 4164 VERANUS.
2350 4107 2487 4175 Quid
2513 4115 2595 4163 cst
2621 4107 2763 4177 quod
2788 4107 2889 4161 ait:
2910 4105 3098 4161 Melior
3112 4113 3197 4159 est
3220 4103 3362 4157 canis
3411 4102 3553 4156 vivus

1979 4200 2123 4253 leone
2144 4206 2342 4253 mortuo
2373 4197 2583 4270 (Eccle.
2612 4214 2665 4251 lx
2681 4198 2735 4267 )?
2760 4195 2901 4264 Quid
2927 4212 3024 4266 per
3045 4208 3234 4250 canem
3263 4194 3441 4249 vivum
3463 4201 3554 4246 aut

1979 4289 2193 4344 leonem
2221 4297 2490 4343 mortuum
2520 4288 2775 4344 Salomon
2804 4288 2918 4343 vult
2946 4286 3203 4355 intelligi?

2052 4380 2330 4435 Summus.
2358 4380 2517 4436 Canis
2544 4381 2693 4435 vivus
2714 4378 2977 4449 significat
3004 4380 3261 4450 populum
3297 4377 3554 4448 gentium,

1914 4472 2071 4535 Dleo
2099 4481 2343 4527 mortuus
2378 4471 2631 4541 populum
2679 4469 2981 4526 Judacorum
3011 4486 3043 4525 a
3066 4470 3179 4525 Deo
3222 4468 3555 4525 derelictum.

1989 4560 2179 4617 Melior
2199 4568 2283 4616 est
2309 4575 2436 4630 ergo
2463 4561 2604 4631 apud
2631 4560 2797 4616 Deum
2826 4562 2973 4617 canis
2999 4561 3100 4616 iste
3124 4560 3273 4615 vivus
3292 4573 3450 4629 quam
3474 4557 3560 4612 leo

1988 4654 2077 4710 ille
2100 4662 2368 4720 mortuus;
2399 4654 2523 4725 quia
2552 4670 2650 4710 nos
2672 4654 2765 4723 qui
2796 4653 2863 4708 de
2892 4661 3049 4722 gente
3077 4652 3347 4707 credimus
3372 4650 3561 4704 viven‘

1991 4753 2091 4811 tes,
2114 4760 2212 4816 per
2238 4738 2394 4799 ﬁdem
2423 4745 2800 4813 cognoscimus
2823 4744 2991 4800 Deum
3019 4744 3255 4809 Patrem,
3288 4749 3342 4797 et
3367 4740 3561 4797 Filium

1989 4844 2046 4892 et
2071 4835 2329 4908 Spiritum
2347 4845 2609 4891 sanctum.
2641 4835 2811 4892 Aliter
2833 4836 2981 4892 canis
3007 4836 3159 4890 vivus
3201 4841 3285 4890 est
3307 4842 3562 4905 peccator

1990 4926 2084 4997 qui
2109 4941 2168 4982 se
2195 4926 2431 4997 peccatis
2456 4934 2724 4982 mortuum
2747 4926 3060 4992 conﬁtetur;
3091 4932 3146 4980 et
3172 4940 3272 4995 per
3290 4925 3561 4995 pmniten-

1992 5018 2122 5072 tiam
2168 5030 2482 5086 resurgens,
2535 5017 2723 5087 incipit
2767 5032 2865 5088 per
2898 5016 3159 5087 justitiam
3221 5016 3445 5072 vivere:
3477 5015 3563 5070 leo

1992 5115 2235 5162 mortuus
2280 5115 2364 5162 est
2385 5106 2578 5175 justus,
2608 5109 2730 5178 quia
2760 5108 2814 5162 in
2842 5123 2939 5163 sua
2977 5107 3184 5176 justitia
3231 5106 3482 5172 conﬁdit,
3509 5112 3565 5159 et

1991 5196 2060 5252 de
2087 5196 2296 5252 meritis
2322 5198 2434 5252 suis
2456 5197 2748 5268 gloriatur;
2778 5206 2834 5254 et
2858 5198 3057 5255 idcirco
3101 5197 3347 5269 superbia
3369 5196 3561 5258 elatus,

1993 5294 2235 5343 mortuus
2263 5295 2347 5344 est
2373 5287 2513 5359 apud
2556 5288 2746 5346 Deum.
2799 5289 2988 5347 Melior
3032 5299 3115 5347 est
3136 5304 3263 5358 ergo
3311 5292 3565 5358 peccator

1996 5377 2208 5434 humilis
2234 5388 2290 5434 et
2328 5395 2427 5450 per
2467 5380 2837 5450 pmnitentiam
2880 5392 3183 5451 correptus,
3208 5395 3369 5451 quam
3387 5379 3568 5450 justus

2000 5551 2325 5630 het_ordine
2372 5556 2582 5626 aliquos
2626 5562 2882 5623 cecidisse
2917 5564 3113 5630 docent
3147 5560 3403 5630 theologi.
3435 5560 3570 5616 Vide

1999 5619 2055 5675 S.
2108 5622 2385 5702 Thomam,
2436 5619 2573 5697 part.
2629 5630 2679 5698 1,
2727 5619 2913 5702 qurest.
2959 5629 3047 5698 65,
3096 5639 3198 5686 art.
3242 5630 3293 5697 9,
3331 5619 3401 5687 ad
3432 5632 3487 5702 5,
3515 5638 3572 5687 et

1996 5701 2181 5756 qnnest.
2212 5693 2332 5750 108.
2437 5693 2451 5697 ’
2618 5732 2621 5735 ι
