3964 6178
410 237 562 297 ΊΟΟΊ

1688 237 1950 291 SALONII
2008 233 2397 293 VIENNENSIS

3529 240 3675 302 IOOB

423 356 716 424 superbus;
762 353 885 422 quia
942 351 1029 406 ille
1080 349 1467 416 abominabilis,
1527 349 1625 404 iste
1682 351 1789 404 Deo
1843 365 1992 402 acce-
2020 358 2066 411 Α
2098 349 2189 403 sed
2217 359 2401 404 contra
2428 351 2595 420 ipsam
2652 349 2862 405 fortiter
2906 366 3143 421 pugnare
3198 370 3264 408 ne
3312 355 3450 410 forte
3506 371 3679 424 opere

424 457 547 516 plus
575 452 674 499 est.

480 534 760 588 'Vumtsus.
788 532 925 598 Qui'd
965 541 1046 587 est
1070 531 1211 601 quod
1238 532 1401 585 dicit:
1437 532 1589 585 Omni
1630 541 1851 600 tempore
1888 531 1991 583 sint

423 625 719 677 vestimenta
739 630 827 673 tua
849 621 1092 688 candida,
1116 631 1163 673 et
1191 623 1357 675 oleum
1385 621 1447 674 de
1475 621 1640 690 capite
1664 629 1745 672 tuo
1768 635 1868 672 non
1898 619 1990 672 de-

426 713 566 783 ﬁciat
596 709 788 782 (Eccle.
817 711 933 779 1x)?
963 709 1203 777 Nunquid
1229 718 1403 777 potest
1430 709 1621 778 aliquis
1643 708 1863 762 candida
1886 718 1988 758 ve-

423 803 672 858 stimenta
693 815 904 869 semper
931 799 1163 853 habere?
1215 798 1280 851 Et
1304 799 1348 852 si
1379 797 1595 851 forsitan
1627 798 1696 849 ita
1730 806 1810 850 est
1844 796 1991 849 dives

423 902 481 946 ut
519 906 733 960 semper
771 891 1087 945 vestimenta
1135 890 1357 955 candida
1400 890 1567 958 possit
1598 889 1815 951 habere,
1848 888 1990 956 quod

424 984 641 1038 omnino
658 981 872 1037 diflicile
887 989 994 1045 est;
1020 981 1287 1050 quomodo
1311 980 1419 1034 ﬂeri
1442 987 1615 1049 potest
1635 988 1691 1032 ut
1732 979 1798 1032 de
1815 980 1989 1047 capite

423 1073 586 1141 ipsius
613 1086 878 1140 nunquam
909 1071 1119 1124 deliciat
1165 1070 1377 1123 oleum?
1400 1066 1528 1134 Quis
1574 1082 1804 1135 namque
1854 1066 1991 1120 ferre

424 1172 597 1233 potest
623 1172 679 1217 ut
706 1177 916 1231 semper
945 1163 1139 1215 habeat
1165 1169 1323 1230 caput
1347 1160 1467 1214 oleo
1496 1158 1845 1228 perunctum?

491 1253 766 1308 Sstostus.
790 1252 913 1307 Haec
938 1252 1223 1316 sententia,
1259 1266 1363 1305 non
1392 1250 1754 1313 historialiter,
1774 1248 1864 1301 sed
1889 1249 1989 1316 spi-

421 1344 704 1409 ritualitcr,
758 1342 920 1397 debet
948 1341 1190 1410 intelligi.
1224 1340 1355 1395 Nam
1385 1356 1481 1410 per
1514 1341 1829 1394 vestimenta
1881 1341 1987 1392 vir-

424 1446 564 1492 tutes
585 1436 931 1503 designantur
955 1434 1147 1502 quibus
1174 1434 1349 1487 anima
1379 1434 1606 1486 vestitur
1652 1444 1705 1484 et
1728 1439 1948 1484 ornatur
1973 1447 1983 1481 :

421 1543 518 1598 per
545 1527 721 1582 oleum
757 1540 885 1580 vero
912 1524 1221 1592 designatur
1247 1539 1382 1593 opus
1407 1522 1801 1583 misericordize,
1829 1522 1877 1576 id
1907 1529 1990 1575 est

421 1619 758 1688 eleemosyna
787 1617 866 1671 vel
891 1624 1036 1671 certe
1057 1615 1346 1685 splritualis
1374 1615 1572 1679 laetitia,
1596 1623 1749 1668 etest
1771 1629 1984 1668 sensus:

2093 440 2457 508 compleanius
2487 440 2678 494 malam
2710 441 3107 510 cogitationem.
3145 444 3330 501 Potest
3374 456 3432 499 et
3461 446 3543 501 sic
3592 448 3674 499 in.

2092 531 2254 597 telligi
2280 548 2291 583 :
2316 532 2360 585 si
2387 531 2551 585 habes
2598 532 2649 585 in
2698 538 2750 585 te
2793 532 3164 596 humilitatem,
3198 535 3547 603 munditiam,
3579 553 3677 589 ea-

2088 623 2343 683 stitatem,
2372 622 2700 690 patientiam,
2721 622 3059 685 charitatem,
3086 633 3141 676 et
3161 624 3405 678 diabolus
3433 626 3676 692 suggerit

2091 712 2182 764 tibi
2200 711 2522 780 superbiam,
2546 710 2837 775 libidinem,
2857 711 3263 776 immunditiam,
3285 714 3440 777 iram,
3462 715 3666 777 odium,

2090 810 2152 854 n‘e
2181 801 2432 854 dimiseris
2485 802 2651 855 locum
2702 809 2863 863 tuum,
2898 801 2948 853 id
2974 808 3079 868 est,
3110 818 3180 856 ne
3207 802 3444 857 dimittas
3488 803 3665 856 humi-

2090 893 2288 947 litatem
2320 900 2374 946 et
2400 891 2645 947 efliciaris
2673 894 2948 963 superbus.
2981 890 3070 948 Sic
3118 902 3171 948 et
3213 893 3280 948 de
3326 895 3541 949 ceteris
3586 903 3664 949 est

2090 983 2506 1051 intelligendum.

2159 1074 2425 1127 Ven/mus.
2450 1071 2628 1139 Quare
2656 1073 2782 1128 dicit
2804 1072 3059 1128 Salomon
3094 1092 3106 1127 :
3144 1075 3231 1130 Va:
3249 1075 3340 1131 tibi
3359 1118 3376 1143 ,
3406 1086 3544 1131 terra
3574 1095 3660 1131 cu-

2081 1164 2168 1234 jus
2198 1183 2288 1219 rex
2302 1166 2504 1236 juvenis
2524 1175 2617 1227 est,
2649 1173 2697 1219 et
2724 1166 2870 1235 cujus
2897 1167 3151 1235 principes
3179 1183 3330 1220 mane
3355 1168 3668 1222 comedunt!

2088 1254 2332 1322 Nunquid
2362 1268 2468 1310 non
2497 1256 2652 1310 beata
2704 1254 2800 1309 fuit
2839 1264 2978 1310 terra
3030 1256 3223 1321 lsrael,
3254 1272 3373 1325 qu:e
3410 1257 3662 1327 juvenem

2090 1345 2274 1398 habuit
2299 1358 2496 1412 regem,
2530 1345 2697 1399 David
2735 1346 2956 1410 scilicet,
2980 1347 3073 1414 qui
3116 1346 3218 1400 fuit
3248 1326 3464 1416 triginta
3494 1365 3659 1403 ann-i-

2088 1449 2205 1487 rum
2232 1434 2443 1503 quando
2471 1435 2706 1504 suscepit
2752 1436 3012 1503 regnum?
3036 1434 3285 1504 Nunquid
3337 1452 3447 1492 non
3496 1441 3654 1493 bonus

2087 1534 2181 1578 rex
2203 1522 2394 1586 Josias,
2419 1524 2509 1594 qui
2532 1537 2755 1592 regnare
2775 1524 2936 1594 erepit
2963 1525 3015 1578 in
3045 1525 3409 1581 adolescentia
3426 1530 3451 1582 ἲ

2160 1613 2439 1669 SALONIUS.
2472 1614 2615 1669 Vere
2642 1616 2815 1670 bonus
2843 1632 2938 1670 rex
2967 1616 3154 1683 David,
3184 1619 3358 1675 bonus
3386 1630 3442 1674 et
3468 1620 3658 1676 Josias.

423 1707 578 1762 Omni
634 1718 856 1779 tempore
908 1709 1011 1761 sint
1062 1706 1360 1760 vestimenta
1409 1715 1497 1759 tua
1547 1705 1795 1769 candida;
1828 1705 1879 1758 id
1908 1714 1990 1759 est
2024 1704 2061 1760 Β
2093 1703 2198 1761 Sed
2226 1718 2307 1761 vce
2343 1715 2497 1762 teme
2533 1708 2685 1778 cujus
2711 1724 2807 1763 rex
2829 1708 3042 1779 juvenis
3068 1719 3184 1779 est,
3214 1712 3319 1767 hoc
3341 1721 3443 1778 est,
3475 1715 3529 1767 in
3556 1728 3662 1782 quo

420 1813 749 1867 qumcunquc
777 1799 914 1852 bona
942 1798 1136 1866 egeris,
1166 1796 1494 1854 siut‘mttnda
1525 1805 1579 1850 et
1605 1812 1755 1865 pura,
1790 1805 1847 1850 ut
1867 1812 1989 1865 pos-

421 1891 527 1943 sint
555 1889 666 1942 Deo
695 1904 813 1942 esse
834 1899 1082 1957 accepta;
1113 1895 1166 1942 et
1196 1904 1466 1956 nunquam
1493 1888 1710 1942 deﬁcias
1764 1890 1831 1941 ab
1857 1905 1987 1959 ope-

422 1979 567 2032 ribus
591 1977 989 2044 misericordite,
1020 1988 1071 2032 et
1098 1992 1312 2047 semper
1341 1978 1537 2032 habere
1564 1978 1717 2032 stude
1738 1979 1988 2048 spiritua-

420 2067 526 2122 lem
555 2066 811 2120 ltetitiam.

489 2157 757 2213 VERANUS.
788 2157 918 2224 Quze
939 2165 1060 2212 sunt
1089 2173 1286 2214 muscm
1310 2156 1376 2213 de
1408 2158 1598 2227 quibus
1625 2158 1880 2215 Salomon
1907 2159 1990 2215 di~

421 2252 511 2316 cit,
546 2250 742 2305 Musca:
771 2250 1043 2306 morientes
1058 2255 1721 2311 exterminantsuavitatem
1735 2257 1984 2329 unguenti

426 2342 630 2409 (Hrcle.
660 2340 769 2405 1)?

490 2432 767 2487 SALONIUS.
791 2430 930 2487 Vere
950 2440 1097 2487 certe
1128 2431 1381 2488 Salomon
1429 2433 1729 2503 spirituales
1782 2449 1991 2490 muscas

421 2523 685 2593 inlt‘llfgit.

488 2611 759 2667 Vemscs.
782 2610 910 2679 Quze
937 2621 1061 2667 sunt
1092 2613 1191 2667 illa:
1220 2613 1520 2682 spirituales
1548 2617 1780 2669 musae?

492 2703 770 2758 SALONIUS.
804 2703 1099 2769 Daemones,
1126 2704 1249 2757 vitia
1295 2714 1349 2759 et
1394 2714 1614 2773 peccata
1647 2724 1659 2758 :
1689 2706 1802 2761 lucc
1848 2706 1988 2761 enim

419 2794 596 2848 omnia
625 2796 980 2850 exterminant
1017 2796 1103 2850 hic
1148 2796 1465 2853 suavitatem
1505 2799 1780 2867 unguenti,
1830 2799 1879 2854 id
1909 2808 1991 2855 est

418 2884 641 2952 gratiam
670 2884 837 2939 sancti
866 2884 1115 2954 Spiritus.

486 2972 756 3027 VERANUS.
789 2972 926 3039 Quid
955 2983 1037 3027 est
1064 2975 1205 3041 quod
1229 2976 1303 3028 ait
1332 2992 1345 3027 :
1373 2974 1475 3029 Cor
1502 2978 1748 3047 sapientis
1770 2978 1831 3031 in
1860 2978 1989 3031 dex-

422 3071 530 3115 tera
552 3063 687 3132 ejus,
708 3072 756 3115 et
785 3078 874 3115 cor
912 3063 1057 3115 stulti
1085 3064 1138 3116 in
1177 3063 1392 3116 sinistra
1436 3065 1576 3118 illius
1601 3066 1617 3134 (
1634 3064 1842 3135 Ibid)?
1864 3066 1993 3133 Quis

421 3153 562 3206 enim
597 3152 758 3207 habet
772 3167 874 3209 cor
900 3168 1055 3207 suum
1079 3153 1291 3209 carnale
1320 3155 1373 3208 iu
1398 3153 1618 3210 dextera
1654 3156 1739 3211 vel
1779 3156 1832 3211 in
1859 3157 1989 3212 siui-

422 3250 533 3295 stra
557 3243 754 3295 manu?

476 3332 767 3389 ‘Sstost.
800 3332 937 3388 Vere
966 3333 1163 3402 nullus,
1185 3342 1241 3389 et
1268 3334 1389 3390 ideo
1418 3335 1531 3390 haec
1583 3337 1848 3392 sententia
1880 3336 1991 3406 spi-

419 3426 682 3481 ritualitcr
702 3425 860 3503 debet
890 3425 1129 3494 intelligi.

487 3517 754 3574 Vesanus.
786 3517 1068 3584 Quomodo
1097 3519 1445 3589 spiritualiter
1462 3520 1622 3575 debet
1645 3519 1903 3589 intelligi?

487 3610 766 3667 Sttoams.
798 3609 901 3666 Per
923 3624 1018 3666 cor
1036 3611 1343 3680 designatur
1363 3612 1588 3666 intentio
1602 3627 1696 3667 seu
1717 3613 1988 3681 cogitatio;

428 3718 523 3771 per
543 3701 819 3756 dexteram
869 3717 1105 3764 manum,
1137 3718 1273 3773 opus
1310 3703 1542 3768 bonum;
1573 3717 1672 3773 per
1718 3703 1991 3758 sinistram

417 3808 570 3860 vero,
599 3792 818 3846 malum.
851 3791 957 3846 Cor
999 3793 1161 3860 igitur
1190 3792 1446 3862 sapientis
1494 3793 1547 3846 in
1600 3792 1822 3847 dextera
1853 3793 1988 3861 ejus,

419 3881 544 3950 quia
575 3881 802 3935 intentio
822 3888 878 3935 et
904 3881 1159 3949 cogitatio
1189 3881 1289 3935 viri
1316 3882 1575 3951 sapientis
1597 3882 1650 3936 in
1690 3883 1793 3936 hoc
1821 3882 1991 3936 tendit

417 3984 475 4029 et
501 3972 570 4028 ad
589 3973 694 4028 hoc
716 3972 926 4029 laborat
947 3981 1004 4027 ut
1022 3988 1235 4042 semper
1253 3974 1393 4028 bona
1422 3982 1675 4042 operetur
1695 3994 1702 4037 μ
1728 3981 1991 4042 quatenus

418 4063 473 4117 in
501 4062 589 4118 die
611 4061 818 4132 judicii,
849 4062 917 4117 ad
969 4063 1242 4118 dexteram
1273 4062 1511 4130 Domini,
1536 4062 1589 4117 id
1636 4072 1718 4119 est
1764 4063 1817 4117 in
1844 4072 1991 4119 sorte

413 4154 679 4224 iustorum
702 4160 850 4209 stare
877 4163 1164 4217 mereatur,
1191 4163 1384 4209 etcum
1413 4154 1541 4224 ipsis
1566 4155 1617 4208 in
1646 4162 1845 4208 aeterna
1866 4154 1991 4208 bea-

419 4241 645 4297 titudine
671 4241 905 4309 gloriari.
930 4241 1038 4297 Cor
1056 4257 1187 4297 vero
1207 4243 1354 4297 stulti
1376 4244 1429 4297 in
1458 4243 1671 4299 sinistra
1694 4243 1850 4309 illius,
1866 4244 1989 4314 quia

417 4339 473 4386 et
501 4332 638 4386 mala
666 4346 784 4401 quae
804 4332 1005 4400 cogitat
1024 4340 1079 4386 et
1104 4332 1257 4387 malis
1278 4334 1527 4402 operibus
1547 4334 1861 4395 accumulat.
1891 4349 1990 4403 pro

2092 1813 2255 1869 parva
2287 1807 2341 1855 et
2370 1798 2579 1854 inﬁrma
2604 1809 2687 1856 est
2713 1801 2995 1871 sapientia,
3025 1810 3080 1857 et
3106 1804 3333 1858 carnalis
3360 1805 3661 1874 prudentia.

2092 1904 2211 1958 qua:
2229 1887 2485 1957 juvenilia
2513 1888 2775 1944 desideria
2802 1891 3060 1960 sequitur,
3111 1891 3224 1946 odit
3257 1893 3545 1963 justitiam,
3572 1911 3663 1949 ve-

2088 1977 2305 2031 ritatem
2333 1986 2389 2032 et
2410 1978 2689 2047 judicium.

2163 2068 2431 2123 Vensxus.
2466 2069 2747 2136 Quomodo
2778 2072 3045 2143 principes
3074 2086 3233 2128 mane
3257 2073 3585 2129 comedunt?

2152 2156 2437 2214 SALONIUS.
2472 2157 2744 2229 Principes
2774 2177 2928 2215 mane
2957 2162 3246 2217 comedunt
3271 2163 3485 2232 quando
3516 2164 3662 2217 luxu-

2091 2248 2289 2303 riosam
2334 2249 2498 2302 vitam
2540 2249 2740 2305 ducunt
2784 2269 2796 2303 :
2844 2258 2898 2305 ct
2943 2250 3140 2305 idcirco
3189 2266 3269 2304 vze
3314 2260 3470 2306 terra:
3517 2254 3662 2321 cujus

2092 2339 2359 2409 principes
2405 2354 2560 2394 mane
2608 2340 2910 2406 comedunt,
2941 2342 3063 2411 quia
3106 2343 3274 2410 magis
3302 2351 3486 2398 amant
3512 2344 3662 2413 hujus

2092 2429 2271 2484 saeculi
2314 2429 2620 2500 voluptates
2667 2440 2721 2485 et
2761 2433 2937 2487 carnis
2966 2432 3351 2489 delectationes
3378 2449 3540 2503 quam
3564 2452 3656 2505 pos

2093 2520 2204 2591 puli
2249 2520 2496 2585 salutem,
2522 2520 2747 2591 ideoque
2793 2521 3065 2578 luxuriose
3104 2522 3330 2578 vivendo
3357 2533 3662 2594 pervertunt

2088 2613 2363 2683 judicium.

2164 2704 2432 2759 Vesanus.
2466 2704 2746 2771 Quomodo
2794 2705 2951 2760 beata
3001 2715 3083 2761 est
3112 2712 3261 2761 terra
3286 2705 3440 2775 cujus
3465 2722 3561 2761 rex
3586 2714 3666 2760 est

2094 2794 2307 2858 nobilis,
2340 2802 2393 2849 et
2416 2795 2565 2865 cujus
2588 2797 2859 2867 principes
2886 2797 3173 2852 comedunt
3192 2797 3247 2851 in
3270 2805 3504 2866 tempore
3529 2797 3664 2850 suo?

2164 2887 2440 2943 SALONIUS.
2472 2887 2527 2942 Si
2566 2904 2667 2961 rex
2713 2888 2906 2943 nobilis
2949 2896 3058 2950 est,
3093 2889 3194 2944 hoc
3221 2896 3301 2943 est
3320 2888 3543 2942 decorus
3569 2902 3665 2941 sa-

2095 2976 2294 3046 pientia
2322 3018 2337 3042 ,
2387 2976 2693 3046 splendidus
2715 2977 2919 3045 justitia
2946 3015 2961 3037 ,
2990 2985 3213 3031 ornatus
3249 2976 3401 3030 bonis
3426 2974 3667 3029 moribus

2045 3069 2064 3129 ζ
2098 3077 2152 3123 ct
2181 3068 2404 3133 actibus,
2439 3084 2563 3122 vere
2590 3068 2746 3122 beata
2785 3077 2867 3123 est
2895 3076 3036 3123 terra
3064 3067 3150 3122 cui
3177 3073 3396 3136 praeest,
3426 3065 3554 3134 quia
3580 3079 3666 3119 re-

2094 3161 2172 3229 git
2199 3176 2316 3227 eam
2348 3160 2399 3213 in
2425 3158 2627 3229 judicio
2656 3168 2709 3214 et
2735 3160 3006 3227 :equitate,
3038 3168 3092 3212 et
3119 3158 3322 3213 exaltat
3344 3158 3572 3227 justitia.

2166 3250 2432 3304 VERANIIS.
2459 3249 2565 3316 Qui
2612 3258 2737 3304 sunt
2776 3249 2850 3302 illi
2895 3248 3164 3320 principes
3209 3247 3301 3317 qui
3348 3247 3403 3301 in
3432 3255 3663 3316 tempore

2094 3355 2193 3396 suo
2219 3339 2541 3400 comedunt?

2164 3430 2442 3486 SALONIUS.
2472 3429 2553 3484 Illi
2593 3430 2842 3485 nimirum
2889 3429 2979 3499 qui
3030 3445 3135 3484 non
3182 3428 3542 3491 luxuriantur,
3574 3427 3659 3495 qui

2093 3537 2200 3576 non
2230 3529 2410 3575 amant
2438 3520 2596 3591 hujus
2625 3522 2803 3577 satculi
2831 3522 3133 3591 voluptates
3155 3560 3170 3583 ,
3217 3521 3307 3590 qui
3349 3536 3461 3574 non
3491 3520 3658 3573 vivunt

2093 3611 2148 3665 in
2175 3611 2390 3680 crapula
2420 3619 2474 3664 et
2516 3610 2808 3675 ebrietate;
2839 3610 2934 3665 sed
2966 3610 3122 3665 cibos
3169 3616 3418 3678 quazrunt
3462 3616 3656 3662 tantum

2093 3700 2161 3754 ad
2212 3701 2453 3769 corporis
2510 3700 2950 3755 sustentationem
2989 3719 3001 3753 :
3044 3699 3272 3767 ideoque
3327 3700 3484 3753 beata
3529 3707 3665 3753 terra

2093 3790 2214 3856 quai
2260 3788 2397 3842 tales
2444 3789 2604 3842 habet
2654 3789 2961 3857 principes,
3010 3789 3134 3859 quia
3174 3788 3297 3842 dum
3324 3788 3587 3857 justitiam
3615 3793 3667 3838 et

2093 3878 2399 3946 mquitatem
2431 3877 2674 3945 diligunt,
2703 3879 2890 3946 utique
2912 3887 3030 3931 non‘
3048 3885 3360 3947 pervertunt
3380 3875 3665 3943 judicium.

2164 3968 2428 4023 VERANUS.
2462 3968 2597 4033 Quid
2627 3976 2707 4023 est
2728 3968 2871 4036 quod
2903 3970 2977 4022 ait
3004 3986 3016 4021 :
3051 3967 3134 4021 Da
3161 3977 3329 4038 partes
3357 3975 3551 4036 septem
3577 3980 3667 4019 nec

2092 4074 2196 4111 non
2215 4066 2263 4111 et
2290 4065 2401 4111 octo
2434 4057 2627 4127 (Eccte.
2663 4057 2773 4126 XI)?
2813 4058 2943 4125 Qua:
2963 4067 3087 4113 sunt
3118 4057 3219 4112 illa:
3254 4065 3461 4128 septem
3490 4063 3666 4126 partes

2096 4147 2181 4202 vel
2205 4155 2329 4202 octo
2357 4162 2490 4216 quas
2517 4147 2645 4201 dare
2674 4163 2774 4202 nos
2803 4148 2982 4214 jubet?

2164 4238 2448 4294 SALONIUS.
2483 4239 2585 4293 Per
2630 4240 2993 4308 septenarium
3026 4254 3325 4302 numerum,
3373 4238 3538 4293 Vetus
3564 4236 3663 4290 Te-

2091 4338 2431 4392 stamentum,
2460 4338 2685 4400 propter
2708 4329 3009 4393 sabbatum,
3054 4325 3145 4399 qui
3169 4337 3250 4384 est
3275 4329 3533 4398 septimus
3556 4326 3665 4381 dies

378 4444 385 4449 ·
419 4421 612 4490 quibus
642 4421 694 4475 in
720 4421 807 4476 die
821 4421 1027 4490 judicii,
1056 4437 1085 4476 a
1114 4423 1361 4483 sinistris,
1394 4422 1445 4477 id
1499 4432 1583 4477 est
1630 4423 1682 4477 in
1732 4433 1876 4478 sorte
1904 4439 1992 4477 re-
2024 4436 2071 4493 ι)
2098 4418 2458 4474 sanctitieatus
2486 4420 2539 4473 in
2566 4419 2713 4486 lege;
2744 4434 2839 4487 per
2860 4419 3195 4473 octonarium
3219 4434 3348 4473 vero
3370 4418 3666 4486 designatur

418 4511 707 4580 proborum
738 4519 988 4580 ponetur,
1019 4521 1215 4567 etcum
1238 4512 1315 4566 eis
1343 4512 1395 4566 in
1435 4521 1692 4567 aeternum
1722 4512 1989 4581 punietur.

489 4601 753 4658 Vesanus.
785 4602 915 4669 Quis
941 4610 1022 4657 est
1044 4603 1130 4656 ille
1156 4602 1371 4671 spiritus
1390 4602 1456 4656 de
1479 4616 1585 4670 quo
1605 4602 1735 4657 dicit
1760 4619 1771 4656 .-
1798 4601 1858 4657 Si
1884 4604 1993 4671 spi-

418 4693 548 4746 ritus
576 4702 877 4763 potestatem
922 4692 1156 4747 habentis
1196 4693 1487 4747 ascenderit
1526 4708 1681 4762 super
1716 4700 1793 4756 te,
1826 4692 1991 4746 locum

423 4796 651 4839 tuumne
697 4784 992 4840 dimiseris?
1011 4782 1139 4851 Quis
1158 4795 1240 4839 est
1268 4785 1368 4839 iste
1396 4785 1487 4852 qui
1548 4783 1709 4838 habet
1754 4791 1992 4853 potesta-

420 4885 555 4944 tem,
582 4877 733 4944 cujus
760 4877 999 4947 spiritus,
1030 4877 1076 4932 si
1122 4876 1427 4932 ascenderit
1476 4890 1637 4945 super
1669 4890 1787 4940 nos,
1813 4875 1992 4931 locum

420 4973 662 5021 nostrum
689 4965 955 5021 dimittere
981 4981 1086 5021 non
1114 4965 1407 5021 debemus?

488 5054 770 5111 SALONIUS.
796 5057 1067 5122 Diabolus,
1097 5056 1345 5127 princeps
1365 5056 1523 5125 hujus
1551 5056 1754 5122 mundi,
1778 5056 1994 5125 spiritus

419 5149 553 5220 ejus,
584 5155 667 5203 est
694 5146 922 5214 maligna
951 5149 1241 5216 suggestiu.

497 5239 767 5295 Vannius.
792 5236 1022 5308 Spiritus
1048 5238 1246 5294 diaboli
1269 5238 1539 5307 quomodo
1569 5237 1813 5293 ascendit
1832 5252 1994 5308 super

421 5332 558 5383 nos?

490 5420 769 5475 SALONIUS.
800 5418 932 5485 Quia
954 5417 1328 5487 persuadendo
1356 5420 1483 5475 facit
1508 5428 1565 5474 ut
1612 5419 1749 5473 mala
1794 5418 1996 5487 cogite-

424 5524 541 5563 mus
568 5527 579 5561 :
613 5509 657 5564 si
683 5523 813 5577 erg.)
845 5514 1163 5576 suggerente
1190 5507 1439 5573 diabolo,
1471 5510 1607 5563 mala
1635 5509 1889 5578 cogitatio
1911 5524 1998 5563 as-

2102 4510 2309 4565 Novum
2339 4509 2759 4574 Testamentum,
2784 4518 3006 4580 propter
3026 4509 3167 4564 diem
3197 4509 3516 4565 dominicam
3535 4551 3551 4575 ,
3580 4506 3666 4576 qui

2097 4609 2180 4657 est
2208 4608 2448 4665 octavus,
2479 4596 2693 4655 Domini
2719 4598 2916 4654 Christi
2937 4598 3329 4653 resurrectione
3359 4608 3591 4653 sanctus.

2175 4691 2436 4746 VERANUS.
2483 4690 2761 4757 Quomodo
2804 4703 2932 4758 ergo
2974 4689 3374 4760 intelligendum
3420 4698 3503 4744 est
3528 4687 3665 4759 quod

2098 4783 2170 4837 ait
2194 4802 2205 4835 :
2240 4782 2323 4835 Da
2349 4792 2519 4853 partes
2546 4792 2753 4853 septem,
2778 4798 2871 4835 nec
2891 4797 2993 4835 non
3016 4788 3066 4834 et
3094 4790 3204 4834 octo
3235 4778 3423 4849 (Ibid.)
3447 4780 3471 4833 ?

2169 4874 2432 4930 Suouws
2483 4872 2597 4928 Hoc
2624 4872 2786 4927 modo
2814 4890 2824 4924 :
2856 4872 2905 4926 id
2935 4879 3016 4926 est
3046 4879 3328 4939 utrumque
3357 4869 3668 4924 Testameu~

2100 4974 2207 5019 tum
2238 4964 2425 5035 (Vetus
2453 4964 2657 5018 scilicet
2686 4971 2739 5016 et
2769 4961 2996 5029 Novum)
3028 4960 3144 5029 pari
3174 4959 3521 5012 veneratione
3550 4972 3665 5011 cre-

2096 5056 2272 5110 dendo
2300 5053 2528 5123 suspice,
2561 5061 2617 5108 et
2635 5060 2898 5123 prmcepta
2927 5050 3112 5105 eorum
3143 5049 3425 5117 diligenter
3452 5048 3670 5117 implere

2097 5132 2271 5200 stude.

2169 5236 2435 5289 Vesanus.
2467 5232 2602 5299 Quid
2647 5240 2730 5287 est
2758 5232 2898 5303 quod
2928 5232 2999 5284 ait
3027 5249 3038 5282 ε
3091 5228 3151 5283 Si
3198 5228 3441 5281 ceciderit
3480 5228 3671 5294 tignpm

2100 5327 2168 5379 ad
2196 5334 2445 5385 austrum,
2475 5333 2565 5377 aut
2589 5322 2659 5376 ad
2683 5324 3001 5393 aquilonem,
3042 5321 3095 5373 in
3133 5333 3429 5388 quocunque
3454 5317 3567 5369 loco
3600 5332 3673 5366 ce-

2100 5415 2282 5469 ciderit
2305 5453 2318 5475 ,
2351 5413 2419 5466 ibi
2466 5415 2561 5467 erit
2595 5411 2819 5484 (llud)?
2847 5410 3094 5481 Nunquid
3134 5405 3277 5477 quod
3305 5405 3449 5460 cadit
3476 5406 3672 5481 lignum

2105 5505 2170 5561 ad
2200 5505 2534 5574 aquilonem,
2567 5512 2657 5557 aut
2683 5503 2748 5558 ad
2777 5503 3084 5567 meridiem,
3126 5516 3231 5555 non
3262 5512 3404 5569 saepe
3432 5504 3674 5552 movetur

422 5597 664 5653 cenderit
687 5598 739 5653 iu
757 5614 851 5654 cor
876 5604 1139 5666 nostrum,
1154 5614 1264 5655 non
1288 5599 1337 5655 ei
1367 5599 1541 5655 locum
1567 5599 1697 5656 dare
1717 5600 1998 5667 debemus,
2103 5598 2158 5654 in
2183 5596 2313 5651 alias
2342 5595 2523 5651 mundi
2553 5595 2765 5666 partes?
