3964 6178
292 341 427 396 {009

1178 331 1241 386 IN
1279 328 1793 385 ECCLESIASTEN,
1814 325 2163 382 EXPOSITIO
2201 324 2516 381 MYSTICA.

3413 326 3434 378 i
3444 326 3540 382 (1L0

360 455 639 504 Saromcs.
673 445 808 500 Nulli
856 443 959 498 hoc
989 439 1207 497 dubium
1237 450 1318 496 est
1344 481 1357 503 ,
1401 438 1492 494 sed
1523 439 1634 492 hmc
1657 446 1870 492 scnten-
1899 444 1942 498 Α
1983 437 2171 491 nucleo
2190 476 2203 499 ,
2248 436 2317 488 ita
2345 435 2584 488 Christus
2614 447 2677 486 ex
2708 446 2897 495 carne,
2929 432 3131 497 anima,
3166 440 3217 484 et
3246 431 3537 488 divinitate.

285 545 358 595 tia
388 537 737 610 spiritualitcr
786 532 1005 601 intelligi
1033 531 1209 586 debet.
1254 529 1382 583 Nam
1414 542 1510 598 per
1537 527 1734 595 lignum
1762 526 1862 579 ho-

284 646 375 685 mo
404 629 754 693 designatur:
804 622 1058 692 quoniam
1106 619 1468 689 unusquisque
1507 626 1587 670 est
1615 616 1767 685 quasi
1799 615 1861 668 li-

282 736 445 791 gnum
492 719 638 773 silva:
673 715 885 785 generis
912 711 1149 767 humani.
1202 709 1305 763 Per
1351 714 1590 761 austrum
1615 747 1629 771 ,
1659 706 1749 774 qui
1782 712 1863 759 est

283 810 489 867 calidus
512 814 722 877 ventus,
750 804 1056 871 designatur
1076 800 1288 871 requies
1308 798 1561 869 paradisi.
1588 795 1690 849 Per
1719 795 1863 863 aqui-

284 903 507 968 lonem,
555 898 647 968 qui
694 905 776 951 est
818 893 1055 962 frigidus,
1099 891 1405 958 designatur
1430 888 1627 942 inferni
1655 885 1861 956 suppli-

281 995 453 1059 cium;
502 999 559 1045 ct
608 996 692 1044 est
736 1000 962 1042 sensus:
997 982 1309 1051 Ubicunque
1348 980 1449 1035 sibi
1484 980 1647 1033 homo
1685 977 1861 1031 locum

281 1085 351 1141 ad
398 1083 629 1136 lituram
676 1077 854 1132 sedem
904 1071 1321 1144 prteparaverit,
1364 1070 1478 1125 sive
1507 1066 1574 1122 ad
1598 1074 1858 1128 austrum,

281 1190 404 1229 cum
430 1168 684 1227 ceciderit
705 1165 781 1237 (id
810 1171 893 1220 est
920 1170 1163 1218 mortuus
1188 1158 1388 1228 fuerit),
1413 1158 1466 1211 in
1496 1155 1681 1227 requie
1712 1167 1863 1223 para-

282 1263 384 1319 disi
409 1268 466 1316 et
500 1258 668 1329 gloria
696 1254 844 1323 regni
872 1251 1105 1307 caelestis
1131 1248 1465 1319 permanebit
1503 1247 1555 1299 in
1579 1253 1855 1301 aeternum.

283 1352 342 1406 Si
369 1365 497 1405 vero
546 1348 686 1403 male
736 1341 965 1399 vivendo
1020 1341 1118 1395 sibi
1167 1341 1343 1394 locum
1386 1334 1763 1407 pratparaverit
1790 1332 1859 1386 ad

282 1444 524 1504 boream,
549 1435 739 1492 inferni
768 1448 953 1503 paruas
981 1432 1092 1487 luet
1121 1432 1172 1485 in
1200 1430 1392 1485 saecula
1422 1427 1758 1482 saeculorum.

357 1532 627 1587 Vesanus.
661 1525 798 1593 Quid
826 1532 909 1579 est
936 1522 1078 1593 quod
1107 1523 1218 1585 ait,
1272 1518 1372 1584 Qui
1399 1518 1630 1573 observat
1660 1525 1857 1569 ventum

290 1640 393 1680 non
423 1623 677 1684 seminat,
727 1627 777 1673 et
814 1617 901 1688 qui
928 1614 1218 1668 considerat
1239 1611 1401 1665 nubes
1423 1625 1683 1679 nunquam
1713 1608 1856 1659 metit

284 1714 483 1785 (Eccle.
512 1710 589 1780 χι)
621 1711 644 1764 τ
691 1707 818 1774 Quis
846 1705 988 1761 enim
1032 1710 1115 1757 est
1145 1710 1251 1756 tam
1280 1700 1474 1755 stultus
1502 1699 1591 1768 qui
1644 1711 1859 1766 semper

1967 524 2229 591 Quoniam
2259 538 2354 593 per
2382 538 2443 577 os
2472 520 2733 593 amygdali
2770 521 3017 576 divinitas
3045 520 3369 589 designatur.

2036 615 2303 669 Vesanus.
2338 613 2441 667 Per
2470 613 2727 667 locustam
2769 621 2821 666 et
2863 612 3133 683 capparim
3181 612 3309 681 quid
3345 612 3543 681 signiﬁ.‘

1966 707 2161 760 catur?

2034 794 2312 850 Snomcs.
2349 794 2451 849 Per
2478 780 2739 850 locustam
2768 796 2997 866 populus
3022 794 3255 864 gentilis,
3284 809 3381 867 per
3408 809 3539 864 cap-

1964 885 2134 954 parim
2163 885 2390 953 populus
2416 882 2685 940 Judaicus.

2037 974 2305 1029 VERANUS.
2338 974 2618 1044 Quomodo
2645 988 2773 1045 ergo
2801 976 3143 1045 intelligenda
3170 983 3251 1031 est
3281 976 3394 1031 haec
3414 990 3540 1031 sen«

1967 1063 2172 1119 tentia?
3510 1106 3541 1139 .

2034 1154 2315 1213 SAL’ONIUS.
2363 1155 2600 1213 Florebit
2649 1155 2995 1228 amygdalus,
3057 1156 3107 1209 id
3166 1164 3248 1210 est
3291 1162 3537 1209 nascetur

1963 1245 2205 1301 Christus
2230 1254 2287 1301 et
2342 1247 2647 1301 coruscabit
2673 1247 2943 1302 miraculis
2969 1266 2981 1299 :
3018 1246 3433 1317 Impinguabitur
3461 1245 3538 1297 lo.

1962 1346 2105 1390 casta
2130 1376 2145 1401 ,
2196 1336 2247 1391 id
2291 1345 2375 1391 est
2414 1337 2600 1392 credet
2636 1338 2850 1405 gentilis
2874 1338 3131 1408 populus,
3167 1345 3222 1391 et
3251 1335 3539 1405 replebitur

1961 1426 2116 1482 donis
2162 1428 2555 1497 spiritualibus;
2604 1427 2948 1499 dissipabitur
2993 1429 3270 1499 capparis,
3315 1429 3419 1482 hoc
3446 1435 3528 1481 est

1962 1520 2160 1589 peribit
2187 1529 2409 1590 propter
2438 1519 2804 1574 inﬁdelitatem
2834 1520 3058 1589 populus
3085 1518 3354 1575 Judaicus.

2036 1610 2298 1665 VERANUS.
2332 1611 2513 1677 Quare
2535 1611 2694 1665 verba
2724 1611 3025 1679 sapientum
3073 1610 3301 1665 stimulis
3336 1618 3389 1664 et
3426 1610 3539 1665 cla-

1959 1702 2039 1756 vis
2066 1701 2461 1758 assimilantur?
2488 1701 2577 1757 Sic
2603 1701 2745 1757 enim
2774 1701 2902 1756 dicit
2928 1700 3183 1756 Salomon
3202 1741 3217 1765 ,
3255 1700 3425 1754 Verba
3444 1717 3537 1754 sa-

284 1806 534 1860 observet
560 1807 796 1863 ventum,
814 1804 873 1851 ut
901 1810 1005 1849 non
1027 1793 1283 1858 seminet;
1306 1798 1360 1847 et
1379 1805 1592 1860 semper
1612 1786 1859 1843 conside-
1889 1798 1929 1858 ιζ
1960 1793 2187 1861 pientum
2209 1793 2338 1846 sicut
2363 1792 2589 1857 stimuli,
2629 1800 2678 1846 et
2716 1792 2865 1863 quasi
2912 1791 3040 1845 clavi
3082 1792 3137 1845 in
3175 1791 3334 1844 altum
3374 1790 3537 1860 deﬁxi

286 1903 369 1952 ret
394 1894 584 1956 nubes,
615 1898 675 1945 ut
703 1901 971 1956 nunquam
996 1885 1201 1938 metat?

353 1983 629 2038 SALOMUS.
662 1977 788 2033 Haec
831 1975 1093 2031 sententia
1132 1971 1476 2041 spiritualiter
1516 1966 1859 2035 intelligenda

284 2082 404 2130 est:
438 2088 560 2128 nam
585 2077 647 2125 ut
691 2084 788 2139 per
827 2074 1043 2121 ventum
1089 2071 1145 2118 et
1184 2063 1354 2117 nubes
1390 2074 1530 2129 saepe
1570 2065 1861 2127 tempestas

287 2162 530 2232 generari
574 2160 736 2225 solet;
783 2158 861 2215 sic
919 2170 1015 2226 per
1073 2161 1292 2208 ventum
1352 2151 1515 2205 etiam
1555 2149 1861 2216 designatur

289 2252 533 2308 diabolus
558 2289 575 2315 ,
614 2266 708 2320 per
742 2249 907 2303 nubes
942 2244 1220 2316 praesentis
1266 2240 1446 2297 saeculi
1488 2238 1855 2293 adversitates.

290 2342 604 2411 Quicunque
667 2339 825 2407 igitur
868 2337 1020 2390 timet
1060 2332 1255 2389 diaboli
1313 2330 1739 2402 persecutionem
1768 2334 1862 2382 aut

288 2432 470 2486 mundi
498 2431 654 2499 hujus
688 2427 1069 2491 adversitates,
1114 2440 1220 2479 non
1252 2423 1517 2488 seminat,
1551 2421 1602 2476 id
1627 2430 1708 2476 est
1736 2434 1859 2474 ver-

287 2524 412 2578 bum
441 2522 534 2576 Dei
564 2538 668 2576 uon
696 2518 983 2591 praedicat,
1030 2531 1128 2571 nec
1156 2524 1411 2585 cperatur
1447 2514 1588 2569 bona
1626 2528 1743 2583 quae
1769 2528 1862 2566 va-

287 2614 404 2677 let,
455 2613 615 2668 etiam
655 2623 925 2679 nunquam
964 2615 1166 2672 metet;
1206 2606 1330 2675 quia
1372 2605 1474 2660 etsi
1513 2604 1694 2672 aliqua
1720 2603 1859 2658 bona

287 2703 523 2766 inchoat,
554 2701 619 2756 ad
652 2699 1031 2771 perfectionem
1061 2712 1167 2751 non
1196 2711 1260 2750 ea
1286 2694 1548 2765 perducit.

357 2791 624 2847 Yarurws.
661 2790 796 2856 Quid
817 2802 946 2856 ergo
967 2785 1229 2854 agendum
1258 2785 1373 2840 est?

355 2882 633 2937 Saronuus.
664 2882 791 2939 Sine
839 2878 1265 2935 consideratione
1309 2875 1528 2931 nubium
1575 2883 1632 2931 et
1671 2874 1862 2931 timore

287 2980 565 3027 ventorum
592 3011 607 3035 ,
649 2973 701 3026 in
738 2970 928 3025 mediis
967 2968 1376 3038 tempestatibus
1403 2966 1668 3025 seminare
1694 2965 1859 3020 debe-

286 3077 435 3127 mus;
474 3063 526 3116 id
561 3071 646 3117 est
685 3062 739 3115 in
780 3059 1025 3115 omnibus
1062 3057 1471 3121 adversitatibus
1508 3056 1729 3111 verbum
1767 3054 1861 3109 Dei

1963 1882 2174 1952 (Ibid.).

2030 1974 2309 2029 SsLomus.
2384 1974 2671 2045 Aptissime
2718 1973 2880 2028 verba
2928 1973 3226 2043 sapientum
3277 1971 3442 2025 clavis
3488 1979 3542 2024 et

1959 2068 2189 2121 stimulis
2231 2074 2632 2136 comparantur,
2684 2066 2807 2134 quia
2846 2072 3190 2134 peccatorum
3228 2063 3411 2133 culpas
3447 2078 3542 2117 ne-

1959 2158 2133 2211 sciunt
2160 2158 2397 2227 palpare,
2423 2155 2517 2211 sed
2546 2170 2782 2226 pungere
2807 2173 2821 2221 ;
2852 2156 2942 2223 qui
2972 2155 3114 2208 enim
3138 2155 3398 2208 veraciter
3417 2163 3559 2210 sunt

1960 2248 2267 2318 sapientes,
2319 2262 2505 2302 eorum
2550 2246 2737 2317 procul
2783 2244 2946 2300 dubio
2982 2244 3143 2298 verba
3169 2243 3305 2298 clavi
3333 2251 3459 2297 sunt
3485 2253 3541 2298 et
3569 2264 3582 2278 ο

1959 2338 2178 2404 stimuli,
2208 2338 2329 2406 quia
2352 2344 2663 2409 peccatores
2681 2351 2789 2390 non
2811 2333 3187 2389 blandimentis
3214 2333 3415 2396 fovent,
3446 2334 3540 2387 sed

1961 2443 2152 2499 aspera
2182 2427 2550 2497 increpatione
2586 2426 2942 2494 redarguunt,
2990 2432 3045 2479 et
3080 2439 3267 2480 eorum
3306 2432 3541 2480 secretas

1961 2517 2321 2573 conscientias
2344 2517 2496 2587 quasi
2522 2516 2827 2587 pungendo,
2859 2515 2925 2570 ad
2954 2514 3195 2573 dolorem
3223 2523 3275 2571 et
3306 2515 3538 2572 lamenta

1962 2613 2218 2663 exercent
2246 2614 2304 2660 ut
2330 2606 2684 2675 corrigantur.

2033 2697 2301 2754 Venauus.
2335 2696 2474 2763 Quid
2501 2704 2582 2752 est
2606 2696 2750 2766 quod
2775 2696 2881 2750 ait:
2902 2695 3029 2760 Qua:
3056 2712 3146 2767 per
3177 2698 3540 2767 magistrorum

1961 2788 2231 2847 consilium
2267 2789 2393 2843 data
2439 2795 2630 2842 sunta
2665 2797 2870 2858 pastore
2894 2804 2995 2844 uno
3020 2787 3247 2860 (Ibid)?
3290 2787 3392 2855 Qui
3416 2797 3542 2845 sunt

1961 2879 2036 2933 illi
2063 2877 2299 2948 magistri
2329 2892 2426 2947 per
2451 2892 2679 2946 quorum
2707 2877 2987 2931 consilium
3015 2876 3140 2931 data
3179 2886 3302 2932 sunt
3328 2878 3542 2947 sapien-

1961 2977 2076 3023 tum
2106 2968 2297 3033 verba,
2339 2974 2432 3021 aut
2459 2966 2580 3036 quis
2608 2975 2690 3023 est
2728 2962 2865 3022 dnus
2892 2968 2980 3023 ille
3008 2976 3191 3039 pastor
3226 2984 3257 3024 a
3284 2983 3391 3039 quo
3416 2969 3542 3025 data

1961 3059 2127 3115 sunt?

284 3151 595 3223 pucdicare,
624 3157 679 3203 et
706 3149 846 3204 bona
874 3162 1038 3217 Opera
1063 3160 1181 3214 qua:
1199 3146 1438 3201 valemus
1462 3157 1623 3212 agere
1649 3158 1863 3214 semper
1891 3155 1937 3217 ρ
2040 3148 2320 3205 8ΑιοΝιυδ.
2353 3148 2591 3218 Magistri
2618 3159 2743 3207 sunt
2769 3151 3045 3223 propheta:
3070 3160 3126 3207 et
3152 3151 3409 3223 apostoli;
3445 3167 3544 3223 pa-

284 3247 520 3310 oportet.

357 3329 625 3385 “manus.
685 3324 822 3393 Quid
865 3334 948 3381 est
970 3344 983 3379 :
1008 3325 1167 3381 Mane
1202 3325 1398 3380 semina
1431 3340 1601 3379 semen
1629 3334 1786 3389 tuum,
1813 3331 1863 3377 et

285 3421 483 3491 vesperi
506 3434 570 3472 ne
602 3427 761 3472 cesset
800 3434 983 3471 manus
1018 3428 1105 3471 tua
1135 3416 1358 3487 (Ibid.)?
1386 3414 1519 3481 Quis
1549 3416 1690 3470 enim
1719 3429 1860 3470 sem-

286 3526 387 3580 per
431 3516 487 3563 et
532 3522 691 3561 mane
733 3515 788 3561 et
834 3507 1042 3576 vesperi
1089 3507 1354 3561 seminare
1390 3512 1600 3573 potest,
1633 3502 1864 3558 maxime

287 3616 409 3655 cum
439 3599 643 3668 glaciali
675 3606 917 3667 tempore
940 3596 1115 3652 nullus
1140 3595 1333 3650 audeat
1357 3594 1663 3649 seminare?

359 3689 637 3744 Sssosms.
670 3687 864 3742 Semen
912 3688 1016 3743 hoc
1056 3687 1176 3742 loco
1215 3700 1321 3740 non
1362 3685 1762 3754 intelligendum
1784 3693 1875 3741 est.

290 3782 542 3838 [rumenti
583 3781 668 3836 vel
714 3782 935 3837 alterius
971 3782 1255 3850 cujuslibet
1298 3781 1483 3849 grani,
1543 3780 1636 3835 sed
1682 3795 1864 3835 semen

291 3877 421 3933 boni
447 3874 644 3945 operis,
675 3889 740 3928 ex
769 3890 877 3944 quo
907 3874 1141 3929 nascitur
1168 3873 1368 3930 fructus
1392 3872 1626 3942 iustitiae,
1659 3880 1713 3928 et
1734 3886 1869 3927 mer-

294 3983 386 4022 ces
412 3973 625 4020 (eterna:
652 3965 1118 4020 remunerationis.

364 4058 629 4113 VEBANUS.
662 4056 800 4123 Quid
828 4071 956 4125 ergo
984 4057 1143 4112 docet
1168 4072 1290 4113 cum
1311 4056 1439 4112 dicit
1460 4074 1472 4109 :
1494 4055 1651 4111 Mane
1670 4058 1868 4112 semina

290 4164 459 4203 semen
490 4157 650 4215 tuum,
682 4156 731 4201 et
750 4147 942 4215 vesperi
972 4162 1035 4200 ne
1064 4157 1224 4200 cesset
1255 4163 1439 4200 manus
1462 4147 1587 4203 tua?

363 4237 645 4293 Saromus.
680 4236 749 4291 Ut
789 4236 935 4291 nullo
966 4246 1205 4305 tempore
1224 4279 1239 4304 ,
1268 4238 1410 4292 nulla
1440 4245 1626 4301 :etate,
1656 4254 1687 4291 a
1715 4238 1871 4293 bonis

291 4330 544 4398 operibus
573 4342 873 4391 cessemus,
911 4335 965 4382 et
1005 4336 1241 4382 nostram
1272 4327 1588 4383 matutinam
1608 4328 1870 4397 justitiam

289 4436 483 4489 vesper
522 4420 785 4484 inveniat,
837 4427 891 4474 et
924 4420 1281 4489 vespertinam
1318 4419 1734 4474 misericordiam
1764 4421 1870 4475 ite-

1964 3252 2080 3297 stor
2123 3256 2261 3295 unus
2305 3250 2389 3296 est
2431 3240 2573 3297 Deus
2597 3283 2612 3308 ,
2667 3258 2697 3296 a
2739 3258 2847 3311 quo
2875 3243 3000 3298 data
3028 3253 3153 3299 sunt
3180 3245 3360 3303 omnia
3381 3244 3546 3300 verba

1965 3331 2265 3402 sapientum
2289 3372 2303 3397 ,
2354 3332 2481 3402 quia
2522 3332 2635 3402 ipse
2671 3331 2850 3391 docuit
2891 3335 3175 3400 magistros
3204 3334 3280 3405 (id
3308 3343 3390 3390 est
3417 3351 3545 3405 pro-

1965 3422 2156 3494 phetas
2204 3430 2261 3476 et
2306 3419 2617 3492 apostolos)
2662 3428 2717 3476 et
2744 3423 3001 3476 restruxit
3026 3438 3212 3478 eorum
3241 3424 3542 3486 consilium,

1966 3512 2219 3582 quoniam
2249 3512 2363 3583 ipse
2390 3511 2534 3566 dedit
2561 3511 2725 3567 verba
2753 3511 2806 3567 in
2835 3512 2997 3567 corde
3026 3520 3081 3567 et
3108 3527 3202 3567 ore
3224 3514 3481 3583 ipsorum.

2038 3603 2310 3659 Vcennos.
2344 3602 2483 3669 Quid
2524 3612 2607 3658 est
2639 3603 2785 3673 quod
2822 3603 3176 3659 Ecclesiastes
3213 3604 3265 3658 in
3294 3604 3399 3659 ﬁne
3426 3604 3547 3660 libri

1968 3693 2051 3748 sui
2078 3692 2207 3749 dicit
2237 3712 2250 3746 :
2284 3694 2446 3748 Deum
2480 3694 2601 3748 time
2629 3703 2679 3747 et
2703 3693 2953 3748 mandata
2979 3695 3088 3765 ejus
3110 3694 3326 3761 custodi,
3358 3694 3453 3749 hoc
3472 3704 3549 3749 est

1969 3787 2106 3839 enim
2128 3785 2296 3839 omnis
2318 3784 2504 3840 homo?
2555 3783 2837 3850 Quomodo
2860 3783 2973 3839 ﬁeri
2994 3793 3191 3854 potest,
3212 3793 3273 3840 ut
3299 3786 3403 3840 boc
3430 3793 3549 3839 tan-

1971 3884 2084 3930 tum
2127 3875 2197 3930 sit
2224 3875 2388 3930 homo
2410 3916 2426 3941 ,
2470 3874 2521 3929 id
2552 3883 2634 3930 est
2662 3875 2851 3930 timere
2882 3875 3046 3930 Deum
3074 3882 3135 3929 et
3154 3874 3403 3933 mandata
3432 3874 3549 3943 ejus

1971 3965 2299 4020 observare?
2329 3962 2494 4020 Multo
2534 3965 2734 4035 quippe
2761 3963 2935 4032 major
2969 3972 3051 4019 est
3078 3979 3205 4035 pars,
3228 3978 3415 4023 eorum
3446 3964 3547 4019 ho-

1969 4055 2173 4111 minum
2203 4055 2293 4124 qui
2320 4070 2421 4110 nec
2453 4055 2640 4110 timent
2669 4069 2769 4109 nec
2796 4053 3145 4111 custodiuntr

2040 4145 2317 4201 SALONIUS.
2356 4145 2495 4200 Vere
2523 4144 2694 4214 major
2719 4159 2845 4214 pars
2868 4153 2951 4199 est
2976 4145 3236 4199 malorum
3264 4159 3423 4214 quam
3452 4145 3551 4201 bo-

1971 4253 2183 4303 norum,
2214 4237 2339 4306 quia
2368 4237 2506 4291 sicut
2533 4236 2791 4292 Dominus
2818 4235 2947 4291 dicit
2983 4254 2996 4289 :
3028 4234 3185 4290 Matri
3210 4244 3330 4290 sunt
3364 4238 3548 4301 vocati,

1974 4333 2125 4401 pauci
2145 4348 2261 4390 vero
2281 4332 2427 4385 electi
2458 4329 2673 4400 (Matth.
2706 4332 2822 4401 xx),
2856 4339 2910 4385 et
2937 4331 3427 4401 incomparabiliter
3446 4345 3551 4384 ma-

1977 4422 2061 4492 jor
2091 4421 2379 4476 inﬁdelium
2409 4420 2689 4475 multitudo
2717 4435 2876 4490 quam
2907 4420 3179 4475 ﬁdelium.

291 4526 409 4565 rum
439 4510 520 4563 sol
549 4516 698 4564 ortus
726 4509 1024 4564 accumulet
1051 4526 1062 4562 :
1096 4508 1150 4564 in
1196 4508 1554 4564 adolescentia
1588 4509 1789 4579 pariter
1816 4517 1871 4564 et
1899 4522 1947 4579 υ
2044 4512 2314 4567 νειωευε.
2343 4511 2478 4578 Quid
2509 4525 2637 4579 ergo
2664 4511 2777 4565 vult
2807 4511 2859 4571 in
2888 4511 2992 4567 hoc
3019 4512 3139 4569 loco
3168 4510 3422 4568 Salomon
3458 4510 3551 4566 de-

289 4606 569 4653 senectute
598 4600 852 4652 virtutum
892 4598 1044 4668 c0pia
1084 4614 1180 4653 uos
1215 4615 1427 4668 semper
1454 4599 1564 4653 Deo
1594 4615 1868 4656 commen-

289 4691 397 4744 det.
430 4688 589 4745 Mane
607 4704 733 4757 ergo
754 4690 949 4745 semina
970 4706 1139 4745 semen
1158 4700 1317 4757 tuum,
1341 4701 1390 4743 et
1409 4692 1601 4761 vesperi
1621 4708 1684 4745 ne
1707 4700 1866 4747 cesset

289 4798 478 4835 manus
508 4791 591 4833 tua
615 4780 801 4853 (Ibid)
828 4798 841 4834 :
873 4781 977 4838 hoc
1004 4789 1115 4846 est,
1144 4794 1354 4851 semper
1385 4790 1436 4836 te
1473 4783 1523 4837 in
1552 4782 1707 4837 bonis
1734 4799 1863 4854 ope-

290 4874 437 4928 ribus
463 4888 674 4928 exerce.

363 4962 633 5018 VEMNUS.
666 4962 800 5030 Quid
829 4972 911 5017 est
938 4962 1079 5030 quod
1109 4964 1203 5027 ait,
1230 4961 1298 5015 Et
1319 4964 1522 5032 ﬂorebit
1543 4964 1865 5035 amygdalus,

290 5053 697 5125 impinguabitur
715 5052 933 5114 locusta,
960 5060 1008 5105 et
1037 5052 1371 5122 dissipabitur
1400 5054 1637 5123 capparis
1669 5054 1864 5124 (Eccle.

292 5144 427 5210 xu)?
453 5141 588 5208 inid
619 5142 761 5196 enim
790 5140 990 5210 profuit
1018 5141 1122 5196 hoc
1141 5140 1336 5203 dicere,
1368 5158 1488 5196 cum
1517 5144 1691 5199 nullus
1719 5145 1870 5213 igno-

287 5243 373 5287 ret
410 5233 532 5301 quia
574 5241 629 5287 et
674 5232 985 5303 amygdalus
1020 5231 1212 5288 ﬂorere
1240 5235 1408 5299 solet,
1442 5236 1757 5305 impinguari
1784 5238 1868 5293 lo—

289 5330 463 5387 custa,
492 5330 547 5376 et
573 5321 825 5391 dissipari
853 5322 1137 5391 capparis?

363 5412 642 5469 SALONIUS.
675 5413 800 5469 Haec
846 5414 1109 5467 sententia
1159 5414 1506 5482 spiritualiter
1549 5426 1627 5471 est
1671 5417 1868 5472 intelli-

291 5504 492 5572 genda,
535 5512 590 5558 et
636 5517 887 5572 magnum
917 5503 968 5556 in
1000 5518 1058 5556 se
1086 5505 1324 5557 continet
1352 5506 1681 5575 mysterium.
1736 5508 1868 5563 Nam

292 5610 388 5663 per
416 5594 749 5663 amygdalum
779 5593 1087 5660 designatur
1111 5592 1365 5647 Dominus
1403 5594 1556 5649 Iesus
1582 5596 1825 5651 Christus
1851 5616 1864 5650 :

290 5684 412 5750 quia
460 5687 595 5739 sicut
646 5699 750 5738 nux
799 5682 1058 5753 amygdali
1109 5691 1317 5736 (‘Unilﬂl
1365 5700 1426 5737 ex
1457 5686 1635 5765 corio,
1666 5704 1784 5743 osse
1814 5695 1868 5741 et

1974 4606 2310 4659 monstrare?

2044 4696 2327 4753 Saromcs.
2359 4695 2474 4752 lloc
2524 4712 2753 4765 namque
2787 4696 3120 4751 demonstrat
3160 4696 3211 4753 in
3240 4695 3324 4753 bis
3353 4694 3548 4758 verbis,

1976 4788 2099 4858 quia
2129 4803 2237 4843 nou
2272 4796 2353 4855 est
2380 4788 2563 4854 homo,
2595 4788 2684 4857 qui
2711 4787 2877 4843 Deum
2909 4803 3013 4841 non
3044 4787 3196 4843 timet
3218 4793 3272 4842 ct
3301 4786 3549 4842 mandata

1972 4876 2087 4946 ejus
2116 4893 2221 4931 non
2252 4876 2500 4931 custodit.

2044 4968 2309 5024 VERANUS.
2342 4968 2519 5035 Quare
2548 4984 2654 5025 nou
2684 4976 2765 5023 est
2790 4968 2995 5025 homo?

2043 5060 2327 5116 SALONIUS.
2360 5060 2493 5127 Quia
2525 5076 2631 5116 non
2670 5059 2903 5115 custodit
2929 5058 3146 5114 modum
3185 5060 3552 5129 rationemque

1972 5167 2083 5207 sua:
2112 5160 2332 5206 naturae.

2042 5241 2312 5296 VERA‘NUS.
2344 5240 2473 5308 Quae
2494 5248 2575 5296 est
2594 5241 2733 5296 ratio
2754 5248 2807 5295 et
2834 5241 3025 5296 modus
3047 5250 3248 5296 natura;
3274 5241 3553 5295 humanae?

2043 5333 2323 5389 Samsurs.
2356 5333 2765 5388 Rationahiliter
2807 5333 2988 5389 vivere
3013 5374 3028 5400 ,
3079 5333 3205 5402 quia
3252 5332 3392 5387 inter
3436 5332 3552 5386 ani-

1977 5424 2175 5479 mantia
2205 5422 2382 5477 omnia
2422 5423 2568 5477 solus
2594 5423 2757 5477 homo
2784 5433 3002 5478 creatus
3029 5430 3109 5477 est
3137 5422 3399 5476 rationale
3428 5423 3548 5475 ani~

1973 5513 2078 5567 mal
2099 5554 2113 5578 ,
2154 5521 2208 5567 et
2235 5512 2380 5566 solus
2410 5514 2619 5583 accepit
2646 5528 2676 5568 a
2708 5514 2818 5570 Deo
2846 5516 3106 5569 rationem
3136 5520 3189 5566 ct
3219 5512 3551 5569 intellectum

1974 5604 2046 5658 ita
2078 5612 2132 5657 ut
2163 5611 2479 5670 agnosceret
2520 5620 2675 5658 suum
2713 5606 3020 5660 Creatorem
3062 5611 3116 5657 et
3158 5604 3401 5672 diligeret
3426 5622 3549 5669 cum

1973 5707 2035 5745 ac
2065 5692 2294 5757 timeret,
2327 5700 2380 5745 et
2408 5693 2568 5748 corde
2596 5705 2647 5747 et
2677 5712 2769 5749 ore
2798 5695 2949 5748 simul
2980 5693 3237 5751 laudaret.
