3964 6198
517 341 644 397 {Oli
1725 332 2078 391 PHILIPPUS
2115 333 2536 391 PRESBYTER.
3575 345 3683 398 ltili

590 452 854 506 Υειιλδεε.
888 446 1024 515 Quid
1053 453 1135 501 est
1162 445 1327 500 Deum
1356 445 1580 499 timere?
2118 455 2166 510 Α
2263 446 2529 503 VEBANUS.
2564 446 2844 514 Quomodo
2871 446 3037 502 bestia
3068 449 3311 503 vocatur?

589 541 863 595 Sanoruus.
899 536 1235 592 Voluntatem
1274 531 1390 603 ejus
1430 532 1682 603 implere,
1724 540 1780 588 et
1804 535 1943 589 bona
1972 548 2091 604 quae
2256 536 2541 594 Summus.
2572 536 2629 592 Si
2668 544 2751 593 est
2778 538 3008 593 crudelis
3054 540 3164 593 suis
3198 539 3478 593 domesticis
3502 547 3549 594 et
3585 543 3685 598 sub»

519 631 755 686 facienda
782 637 906 685 sunt
933 627 1128 683 facere.
2185 627 2344 697 jectis
2371 636 2463 682 aut
2480 628 2687 696 vicinis,
2711 628 2795 683 leo
2821 636 2922 693 est,
2944 644 3050 682 non
3077 629 3268 693 homo;
3296 629 3338 682 si
3366 636 3527 682 autem
3544 639 3689 699 raptor

594 723 862 777 Vesanus.
891 720 948 775 Si
973 733 1099 788 ergo
1126 720 1219 789 qui
1249 735 1356 774 non
1386 720 1539 773 timet
1567 717 1732 772 Deum
1756 724 1811 771 et
1839 715 2087 770 mandata
2190 728 2308 785 est,
2338 718 2488 787 tigris
2511 718 2596 773 vel
2625 717 2810 797 lupus;
2841 718 2885 771 si
2914 733 3041 773 vero
3074 726 3155 772 est
3181 717 3373 771 adulter
3397 723 3480 771 aut
3507 717 3688 774 fornica-

521 813 638 883 ejus
662 829 766 867 non
791 812 1043 876 custodit,
1075 827 1180 865 non
1210 817 1292 865 est
1318 811 1499 877 homo,
1529 807 1656 880 quid
1685 821 1813 876 ergo
1841 807 1963 862 est?
2190 818 2277 865 tor
2304 817 2398 864 aut
2426 807 2760 874 immundus,
2792 808 2940 863 canis
2967 817 3049 863 est
3075 814 3168 861 aut
3192 821 3393 876 porcus,
3422 806 3505 861 aut
3526 809 3565 861 si
3585 811 3686 863 stul-

588 904 867 958 SALONIUS.
901 902 1074 957 Bestia
1103 908 1203 955 est.
2189 907 2298 969 tus,
2323 900 2472 955 asino
2499 905 2878 969 comparatur:
2910 896 3271 951 t'raudulentus
3287 896 3453 964 itaque
3474 904 3549 948 aut
3562 897 3687 951 simu-

585 994 855 1049 Vmwvus.
882 991 1161 1059 Quomodo
1183 991 1349 1046 bestia
1379 997 1487 1057 est,
1519 1006 1638 1046 cum
1669 992 1723 1046 in
1746 1006 1811 1047 eo
1841 989 2086 1049 videatur
2190 991 2347 1055 lator,
2399 1004 2632 1060 congrue
2672 988 2964 1058 vulpecula:
3003 987 3341 1052 assimilatur,
3364 994 3415 1041 et
3438 986 3506 1041 sic
3527 986 3579 1042 de
3599 1003 3680 1042 ce-

519 1085 753 1142 ltumana
778 1083 1071 1140 substantia
1098 1091 1152 1136 et
1180 1083 1442 1152 persona?
2193 1082 2323 1136 teris
2351 1079 2747 1151 intelligendum
2777 1086 2882 1134 est.

589 1174 867 1230 SALONIUS.
909 1171 1159 1239 Quamvis
1210 1171 1351 1225 enim
1405 1170 1612 1225 videtur
1657 1170 1853 1224 habere
1895 1170 2087 1224 huma-
2266 1172 2535 1226 Vsasxcs.
2566 1169 2694 1236 Quis
2720 1177 2801 1223 est
2830 1162 2957 1238 ergo
2989 1168 3248 1224 veraciter
3280 1164 3469 1221 homo?

520 1278 645 1319 nam
666 1262 1013 1317 substantiam
1035 1268 1086 1315 et
1111 1275 1410 1329 personam,
1442 1268 1619 1315 tamen
1644 1263 1766 1331 quia
1796 1277 1899 1315 non
1930 1261 2096 1315 ratio-
2265 1260 2541 1316 SALONIL’S.
2574 1259 2666 1314 llle
2710 1259 2800 1329 qui
2853 1260 3023 1314 Deum
3051 1258 3237 1322 timet,
3283 1264 3337 1310 et
3371 1252 3589 1308 mandata
3604 1250 3687 1320 ej:

520 1354 770 1409 nobiliter
808 1353 904 1408 sed
943 1352 1235 1407 bestialiter
1271 1352 1426 1416 vivit,
1467 1368 1574 1407 non
1609 1352 1770 1407 homo
1799 1353 1894 1407 sed
1920 1352 2089 1407 bestia
2192 1353 2441 1409 custodit.

523 1446 774 1502 dicendus
795 1452 897 1502 est.

1086 1594 3669 1625 ________________________________________.________

1196 1750 1744 1884 CERETII,
1805 1742 2311 1850 SALONII
2378 1746 2549 1847 ET
2600 1739 3094 1850 VERANI

1801 1972 2477 2086 EPISTOLA

1564 2216 1686 2293 AD
1742 2212 1822 2289 S.
1882 2208 2294 2289 LEONEM
2352 2209 2715 2285 ΡΑΡΑΜ.

1991 2374 2238 2391 .—

593 2508 783 2579 (llanc
825 2504 1106 2578 epistolam
1150 2505 1327 2574 legere
1370 2511 1452 2559 est
1495 2511 1640 2559 tumo
1681 2500 1815 2568 LIV,
1863 2498 1969 2555 col.
2026 2497 2153 2563 887,
2194 2504 2396 2553 nostra:
2436 2495 2781 2565 Patrologim,
2830 2495 2919 2550 ubi
2966 2495 3115 2552 inter
3152 2496 3323 2553 sancti
3353 2494 3529 2552 Leonis
3564 2488 3690 2560 Magni

520 2601 779 2675 epistolas
807 2610 999 2653 recusa
1027 2598 1159 2666 est.)

754 2786 755 2789 χ
1426 2786 1427 2789 χ
3542 2769 3700 2826 Ξ

2525 2863 2544 2894 Ι

1755 2961 1918 3009 ANNO
1960 2958 2193 3009 DOHIII
2238 2961 2491 3009 οσαοιν.

601 3170 1985 3380 PHILIPPUS
2074 3172 3586 3383 PRESBYTER.

1607 3698 2071 3773 NOTITIA
2127 3699 2275 3773 EX
2326 3700 2658 3775 CAVE.

584 3878 938 3943 PHILIPPUS
975 3889 1271 3961 presbyter,
1304 3889 1608 3963 Hieronymi
1638 3893 1942 3963 discipulus,
1975 3895 2087 3951 cla-
2114 3899 2160 3958 B
2187 3896 2555 3950 memoriarum
2588 3897 2646 3951 in
2680 3894 2782 3952 Job
2821 3896 2893 3950 ad
2926 3894 3244 3955 Nectarium
3282 3902 3541 3970 episcopum
3560 3895 3659 3948 libri
3681 3891 3709 3945 3

514 3978 620 4033 ruit
645 3976 912 4047 praecipue
939 3979 1080 4033 circa
1111 3994 1200 4033 an.
1231 3979 1351 4033 440.
1385 3979 1526 4034 Obiit
1550 3981 1816 4038 Marciano
1842 3992 1898 4038 et
1924 3984 2079 4039 Avito
2184 3986 2500 4057 prodierunt
2527 3986 2745 4042 Basilere
2766 4003 2906 4043 anno
2937 3986 3091 4053 1527,
3115 3997 3237 4044 tum
3263 3990 3407 4053 in-i",
3431 3997 3527 4041 tum
3548 3983 3703 4046 in-fol.,

512 4068 878 4137 regnantibus,
904 4068 955 4123 id
976 4078 1057 4125 est
1080 4086 1220 4126 anno
1364 4073 1447 4126 vel
1470 4073 1535 4126 ad
1558 4075 1829 4129 minimum
1854 4077 2080 4146 proximi
2185 4090 2322 4144 quos
2340 4092 2526 4132 revera
2545 4075 2771 4147 Philippi
2792 4093 2909 4133 esse
2923 4075 3086 4133 'ﬁdem
3109 4078 3241 4135 facit
3261 4080 3404 4136 locus
3416 4091 3557 4147 quem
3576 4073 3707 4134 Beda.

512 4159 683 4216 initio.
716 4159 902 4215 Avitus
929 4162 1088 4228 enim,
1127 4163 1217 4231 qui
1252 4178 1391 4218 anno
1420 4162 1522 4218 455
1555 4164 1677 4220 Julii
1708 4166 1774 4221 l0
1804 4167 1971 4224 factus
1999 4176 2082 4223 est
2187 4168 2323 4222 libro
2361 4168 2428 4223 de
2477 4164 2707 4224 Ratione
2735 4162 3029 4234 unciarum,
3062 4185 3128 4225 ex
3162 4171 3388 4241 Philippi
3416 4166 3707 4238 Expositione

511 4252 823 4322 imperator,
853 4251 994 4306 circa
1023 4253 1293 4321 sequentis
1319 4269 1553 4309 mensem
1576 4254 1767 4309 Maium
1797 4272 2083 4326 purpuram
2186 4257 2240 4311 in
2268 4254 2389 4322 Job,
2417 4257 2574 4323 citat;
2604 4258 2692 4325 qui
2723 4258 2777 4312 in
2805 4259 2951 4314 hisce
2976 4257 3388 4316 Commentariis
3414 4259 3556 4315 hodie
3577 4268 3704 4322 repe-

508 4342 790 4413 deposuit,
822 4358 943 4398 cum
989 4342 1265 4412 imperium
1312 4342 1497 4399 decem
1546 4360 1757 4401 menses
1806 4348 2083 4402 tenuisset.
2183 4348 2338 4413 ritur,
2363 4356 2421 4401 ut
2446 4347 2647 4403 dudum
2670 4350 2875 4404 notavit
2898 4349 3081 4404 Sixtus
3100 4348 3502 4421 Senensis(Lib.
3527 4364 3586 4409 tv,
3607 4358 3703 4413 pag.

511 4433 713 4489 Praeter
741 4435 1025 4505 familiares
1053 4434 1336 4504 Epistolas,
1365 4435 1520 4490 valde
1546 4437 1736 4504 salsas,
1771 4445 1826 4491 et
1852 4440 2083 4494 maxime
2181 4432 2330 4506 295).
2361 4435 2603 4490 Afﬁrmat
2629 4438 2793 4491 etiam
2817 4436 3106 4493 Casimirus
3135 4440 3308 4494 Oudin
3333 4455 3389 4494 se
3415 4439 3463 4492 in
3490 4431 3706 4501 antiquis-

511 4523 578 4579 ad
601 4525 928 4594 paupertatis
957 4531 1011 4577 et
1034 4523 1277 4578 dolorum
1306 4524 1640 4579 tolerantiam
1663 4527 2077 4595 exhortatorias,
2181 4524 2317 4578 simo
2339 4525 2522 4580 codice
2548 4526 2881 4582 bibliothecae
2899 4526 3224 4596 lgniacensis
3243 4529 3298 4582 in
3319 4536 3484 4582 tractu
3499 4516 3707 4578 Remensi

510 4626 631 4680 quae
653 4610 763 4680 jam
807 4610 932 4665 olim
971 4611 1305 4690 interierunt,
1338 4614 1612 4682 scripsisse
1651 4612 1949 4684 Philippum
1976 4632 2076 4670 no-
2182 4615 2282 4669 hos
2328 4614 2753 4672 Commentarios
2798 4633 2926 4673 mss.
2974 4617 3190 4681 vidisse,
3240 4620 3332 4689 qui
3383 4615 3707 4672 auctoritatem

509 4708 680 4756 strum
725 4697 1157 4756 Commentarium
1201 4703 1257 4755 in
1296 4698 1417 4765 Job,
1457 4704 1610 4757 testis
1651 4715 1734 4759 est
1775 4704 2079 4760 Gennadius
2182 4701 2445 4761 Gennadii
2468 4707 2736 4777 prmiixam
2758 4708 3075 4763 habuerunt.
3102 4707 3165 4762 Hi
3194 4704 3562 4762 Commentarii
3579 4700 3709 4755 etiam

511 4782 616 4862 (De
643 4789 835 4863 Script.
861 4808 974 4863 cap.
999 4789 1117 4862 6.9.);
1141 4799 1195 4845 et
1215 4791 1428 4861 quidem
1447 4790 1675 4865 Philippi
1695 4795 1908 4849 nomine
1929 4795 2078 4851 Com-
2184 4797 2326 4852 inter
2352 4812 2516 4867 opera
2540 4797 2697 4853 Beda:
2723 4806 2778 4857 et
2804 4797 3113 4871 Hieronymi
3140 4797 3327 4852 haberi
3350 4796 3537 4852 solent.

1085 5128 1924 5249 PHILIPPI
2004 5133 3176 5248 PRESBYTER!

1270 5371 2373 5488 COMMENTARIUS
2462 5373 2613 5486 IN
2693 5372 2980 5485 JOB.

578 5735 754 5805 (Hunc
770 5738 1220 5796 Commentarium
1245 5736 1505 5793 edidimus
1533 5735 1848 5806 Patrologiae
1875 5743 2067 5791 nostra:
2093 5742 2241 5791 tomo
2272 5732 2456 5797 XXIII,
2484 5732 2592 5787 col.
2620 5729 2772 5796 1401,
2797 5726 2885 5783 ubi
2912 5722 3153 5794 videsis.)
