4094 6204
580 323 648 378 11
2012 320 2400 383 PREFATIO.
3793 352 3852 405 η

588 414 891 510 habuerit
909 416 1430 510 (Ehrysnostomus.
1457 417 1523 479 ld
1553 436 1754 510 unum
1785 420 1924 510 sine
1949 421 2146 510 dubio
2169 424 2439 485 dicimus
2466 469 2484 497 ,
2515 440 3075 510 magnauregrum
3105 429 3353 503 partem
3385 426 3457 510 in_
3478 427 3835 510 Quadrage-

587 496 750 556 sima
788 496 1066 557 habitam
1099 496 1336 581 fuisse:
1366 496 1671 576 illamque
1697 500 2265 581 Quadragesimam
2292 520 2423 563 non
2451 496 2593 563 esse
2621 496 2777 564 anni
2803 503 2944 576 386,
2978 504 3042 564 in
3071 496 3199 581 qua
3231 512 3375 566 octo
3398 508 3482 566 ab
3501 496 3613 567 his
3640 496 3839 570 diver-

588 590 703 632 sos
746 592 1076 660 sermones
1119 575 1373 660 habuit;
1401 575 1612 660 neque
1650 578 1802 639 anni
1836 575 1991 660 387',
2021 596 2219 657 quam
2247 599 2410 658 pene
2438 586 2636 642 totam
2667 583 2733 642 in
2758 575 3151 660 depldranda
3185 585 3731 648 Antiochenorum
3759 591 3837 649 ob

581 668 841 714 eversas
871 659 1117 714 statuas
1145 654 1508 715 calamitate
1536 658 1913 734 absumpsit.

1277 778 1305 852 ᾗ
1336 776 1446 837 Ill.
1478 778 1568 836 De
1594 778 1755 856 stylo
1782 778 2210 855 Chrysostomi
2238 781 2304 841 in
2330 780 2426 841 his
2455 781 2522 841 in
2547 780 2827 842 Genesim
2857 783 3177 846 Homiliis.

659 898 949 981 Photius,
980 913 1123 981 cap.
1158 897 1296 981 t72,
1328 897 1406 981 de
1432 897 1598 975 stylo
1626 896 2155 981 Chrysostomiin
2188 898 2286 957 his
2314 898 2609 981 Homiliis
2645 900 2943 981 loquens,
2975 903 3064 962 ait
3088 902 3227 981 ejus
3256 903 3597 967 dictionem
3623 908 3842 970 istius~

580 976 762 1063 modi
783 994 951 1063 esse,
974 978 1138 1063 utin
1173 977 1250 1036 iis
1281 979 1661 1063 observetur
1688 981 1997 1063 consueta
2021 976 2485 1063 phrysostome
2497 979 2801 1063 claritas,
2827 980 3097 1063 purita‘s,
3120 976 3435 1063 'splendor
3451 990 3509 1044 et
3529 987 3710 1063 copia
3737 990 3842 1048 di-

572 1055 791 1126 cendi,
819 1055 1279 1116 sententiarum
1310 1055 1693 1132 frequentia,
1725 1058 1783 1115 et
1814 1054 2293 1132 aptissimarum
2322 1056 2808 1117 similitudinum
2829 1054 3256 1130 abundantia,
3306 1062 3416 1122 sed
3460 1080 3568 1125 eas
3612 1054 3845 1127 remis—

583 1135 754 1194 siore
782 1139 841 1193 et
862 1134 1214 1212 humiliore
1240 1133 1486 1195 dicendi
1516 1151 1751 1212 genere
1775 1134 2086 1212 scriptas;
2133 1137 2512 1210 tantumque
2554 1136 2847 1196 Homiliis
2902 1155 3017 1197 seu
3054 1137 3547 1203 Commentariis
3589 1144 3654 1203 in
3696 1148 3844 1208 Acta

576 1211 1476 1298 styleinferiores,_quantum_
1495 1210 1605 1273 illa
1632 1211 1696 1271 in
1727 1212 1883 1298 Acta
1910 1210 2381 1298 commentaria
2412 1212 2718 1298 inferiora
2752 1221 2904 1298 sunt
2924 1214 3408 1298 Commentariis
3437 1220 3501 1279 in
3532 1221 3843 1298 Epistolas

580 1289 789 1375 gauli,
821 1296 884 1375 et
915 1292 979 1350 in
1004 1291 1418 1375 Psalterium.
1446 1292 1795 1375 Aerevera
1825 1292 1922 1350 hae
1969 1289 2270 1375 homilige,
2301 1291 2451 1375 licet
2492 1308 2793 1370 magnam
2835 1295 3227 1375 ubertatem,
3268 1296 3550 1375 itemque
3588 1289 3843 1361 solitam

584 1369 1020 1457 Chrysostomi
1060 1368 1456 1457 inventionis
1493 1368 1859 1457 felicitatem
1908 1382 2040 1457 prus
2089 1384 2157 1457 se
2180 1367 2580 1457 ferantnnon
2608 1367 3026 1457 'tamen_pari_
3064 1373 3273 1457 studio
3311 1367 3846 1457 accurationeque

584 1445 985 1509 concinnatae
1017 1449 1335 1509 videntur.
1373 1448 1493 1508 Hic
1540 1464 1709 1525 saepe
1741 1445 2215 1508 animadvertas
2263 1446 2674 1524 longissimas
2726 1448 2853 1507 texi
2875 1445 3214 1526 periodos,
3255 1470 3399 1529 qute
3435 1445 3844 1532 parentheses

582 1532 745 1594 alias
777 1551 974 1611 super
1000 1534 1159 1593 alias
1198 1534 1486 1592 inductas
1512 1542 1635 1593 tam
1669 1535 2038 1609 frequenter
2064 1532 2434 1602 exhibeant,
2466 1539 2537 1592 ut
2581 1532 2879 1611 principii
2918 1534 3154 1595 oblitus
3203 1546 3424 1599 orator
3473 1547 3847 1602 sententiam

576 1610 1014 1700 imperfectum
1052 1611 1396 1700 relinquat,
1425 1619 1485 1700 et
1516 1611 1866 1700 aliquando
1898 1611 2269 1700 verbum-ad
2297 1612 2621 1700 syntaxiui
2654 1610 3587 1700 necessarium;prietermiltat.
3634 1622 3848 1700 Neque

582 1707 734 1748 vero
761 1690 819 1776 id
850 1690 1080 1776 mirum
1112 1690 1222 1750 tibi
1246 1690 1557 1776 videatur,
1583 1691 1651 1776 si.
1668 1689 2021 1766 perpendes
2039 1688 2501 1776 periodos’illas
2522 1690 2872 1776 aliquando
2895 1690 2982 1750 ita
3008 1688 3418 1776 exté_ndi,vix
3438 1704 3507 1756 ut
3529 1698 3592 1758 in
3618 1688 3843 1776 pagina

576 1785 712 1846 una
740 1769 1163 1829 absolvantur
1194 1788 1209 1826 :
1246 1767 1310 1827 in
1346 1769 1604 1845 pagina,
1638 1769 1924 1844 inquam.
1958 1785 2039 1827 ex
2083 1768 2318 1827 nostris
2346 1785 2492 1843 quae
2544 1768 2746 1846 longua
2779 1769 3051 1846 latisque
3078 1770 3419 1833 admodum
3470 1767 3640 1837 sunt.
3688 1767 3845 1843 Hinc

581 1845 821 1930 inferas
850 1853 1175 1930 oratorem
1203 1851 1492 1930 nostrum
1527 1846 1658 1906 hinc
1687 1846 2172 1930 concionantem
2204 1863 2332 1930 non
2355 1846 2443 1906 ita
2473 1845 2726 1930 semper
2745 1845 3047 1930 paratum
3062 1849 3562 1930 meditatumque
3590 1856 3667 1916 ad
3694 1875 3847 1917 con-

579 1925 831 1984 cionem
864 1925 1138 1997 venisse,
1171 1926 1281 1985 sed
1312 1926 1513 1985 multa
1543 1944 1625 1984 ex
1657 1930 1965 2001 tempore,
1997 1929 2067 1983 ut
2101 1926 2299 1984 menti
2332 1942 2472 1985 sese
2503 1922 2880 1994 offerebant,
2918 1925 3179 1987 dixisse.

661 2003 1023 2084 Sicausam
1053 2021 1547 2084 porroquaaras.
1587 2002 1944 2084 perpendas
1975 2002 2187 2084 velim,
2223 2004 2434 2084 ipsum
2482 2005 2557 2084 in
2580 2003 2700 2065 hac
2727 2003 3230 2084 Quadragesima
3259 2006 3335 2067 ad
3373 2025 3576 2084 usque
3608 2010 3842 2071 hebdo-

579 2081 781 2159 madis
809 2086 1047 2142 sanctae
1069 2082 1396 2141 dimidium
1435 2099 1562 2141 non
1593 2082 1781 2141 modo
1807 2081 1948 2142 illas
1976 2082 2235 2159 triginta
2266 2082 2426 2142 duas
2464 2082 2711 2158 priores
2740 2083 2804 2141 in
2837 2081 3135 2143 Genesim
3175 2081 3489 2145 homilias'
3513 2087 3835 2159 habuisse,

575 2157 689 2220 sed
719 2160 911 2221 etiam
928 2161 1088 2221 alias
1115 2160 1456 2221 identidem
1480 2164 1888 2230 memoratas,
1907 2160 2057 2236 (ιιιαὲ
2073 2157 2389 2220 suadente
2414 2157 2719 2237 quapiam
2737 2162 3038 2238 temporis
3062 2163 3395 2224 occasione
3422 2157 3840 2228 Homiliarum

578 2240 643 2298 in
671 2238 970 2299 Genesim
998 2255 1260 2299 cursum
1296 2238 1825 2316 interpellabant;
1857 2247 1918 2297 et
1945 2238 2214 2298 fortasse
2244 2239 2404 2299 alias
2435 2255 2697 2316 quoque
2740 2239 3043 2301 habuisse
3083 2242 3165 2303 ab
3196 2258 3265 2302 se
3293 2259 3422 2302 non
3451 2260 3841 2305 commemo-

578 2322 752 2398 ratas
780 2337 796 2376 :
821 2318 918 2398 ita
949 2324 1021 2378 ut
1049 2317 1335 2395 quotidie
1360 2316 1557 2378 ferme
1586 2321 1649 2377 et
1672 2316 1929 2398 quidem
1960 2317 2776 2398 longissimeconcionatus
2825 2320 2927 2378 sit.
2959 2319 3026 2378 ld
3055 2323 3268 2379 autem
3303 2337 3341 2380 a
3372 2322 3536 2390 viro,
3570 2340 3841 2398 praeser—

571 2396 689 2455 tim
723 2396 834 2473 qui
869 2414 982 2476 per
1007 2402 1210 2457 totum
1244 2413 1488 2457 annum
1518 2412 1638 2476 par
1672 2395 1801 2476 fere
1833 2396 2254 2476 concionandi
2291 2395 2573 2456 ofﬁcium
2604 2400 3104 2476 exsequebatur,
3139 2414 3264 2457 non
3309 2416 3498 2476 posse
3547 2395 3684 2461 sine
3714 2422 3839 2462 ex-

568 2475 914 2550 temporali
946 2474 1433 2541 declamatione.
1462 2475 1689 2535 saltem
1707 2473 2045 2534 identidem
2073 2476 2366 2551 repetita,
2398 2475 2686 2551 prtestari
2733 2474 3046 2537 fateamur
3073 2473 3331 2537 necesse
3353 2485 3468 2538 est.
3502 2480 3571 2539 ln
3604 2486 3837 2541 extem-

571 2552 1034 2634 porali‘autem
1082 2553 1568 2634 declamatione,
1614 2552 1724 2610 ubi
1773 2552 2100 2630 ingenium
2150 2558 2327 2615 tanta
2380 2554 2628 2630 pollens
2688 2554 3078 2634 inventione,
3128 2572 3294 2615 nova
3340 2575 3590 2634 semper
3633 2560 3836 2619 oranti

568 2629 967 2712 suppeditat,
1013 2631 1169 2712 quid
1209 2631 1442 2712 mirum
1497 2630 1550 2690 si
1612 2647 2103 2712 nonnumquam
2151 2629 2396 2712 contra,
2424 2632 2878 2712 praeceptiﬁones
2928 2634 3372 2711 grammaticas
3414 2629 3728 2712 peccetur,
3777 2646 3840 2697 et

568 2708 636 2789 si
670 2708 904 2789 minus
942 2710 1158 2770 stricte
1197 2711 1576 2769 observetur
1615 2710 1949 2789 syntaxis?
1978 2711 2114 2769 Non
2159 2711 2481 2788 ingratum
2527 2708 2677 2770 vero
2711 2708 2953 2771 lectori'
2976 2712 3109 2771 fore
3147 2708 3470 2783 existimo,
3504 2716 3561 2774 si.
3589 2715 3843 2775 illarum

570 2787 648 2848 in
681 2786 978 2869 Genesim
1030 2788 1440 2869 humiliarum
1492 2806 1607 2865 per
1654 2786 2633 2869 Quadragesimam'habitarum
2679 2789 2990 2869 ordinem.
3035 2795 3098 2869 et
3144 2797 3389 2866 quanto
3436 2795 3654 2869 elapso
3691 2798 3843 2854 tem-

572 2866 757 2944 .poris
792 2867 999 2943 spatio
1026 2868 1161 2928 alia
1184 2867 1377 2928 aliam
1406 2871 1682 2944 sequuta
1709 2867 1811 2936 sit,
1839 2866 1942 2927 hic
1978 2866 2405 2944 perscribam;
2445 2867 2503 2925 id
2526 2868 2695 2944 quod
2725 2868 2917 2929 etiam
2945 2868 3388 2929 'l‘illemontius
3420 2866 3585 2931 fecit.

661 2947 869 3036 Prima
899 2945 1093 3036 igitur
1121 2946 1384 3036 humilia
1406 2944 1570 3036 dicta
1597 2944 2072 3036 fuitDominico
2102 2944 2206 3036 die
2240 2950 2586 3036 antequam
2616 2946 3838 3036 quadragesimalejejuniuminiretur:

570 3024 865 3104 secunda
891 3023 993 3086 die
1023 3024 1340 3102 sequenti,
1372 3040 1502 3104 quo
1524 3024 1841 3104 jejunium
1864 3024 2333 3104 incipiebatur;
2366 3024 2551 3097 tertia
2584 3030 2646 3083 et
2672 3023 2904 3101 quarta
2936 3027 2999 3085 in
3044 3023 3214 3086 feriis
3259 3023 3443 3087 tertia
3469 3032 3527 3087 et
3558 3035 3788 3104 quarta
3820 3049 3836 3087 :

581 3102 677 3164 hic
701 3104 1104 3185 continenter
1133 3105 1402 3185 singulis
1432 3102 1656 3185 diebus
1680 3102 1860 3164 dictae
1887 3107 2059 3185 sunt.
2110 3102 2436 3166 Incertum
2468 3110 2764 3185 veroest
2785 3109 3003 3185 utrum
3052 3105 3218 3185 inter
3237 3111 3533 3181 quartam
3564 3102 3626 3166 et
3654 3107 3842 3183 quin—

569 3189 708 3243 tam
742 3183 961 3260 aliqua
988 3182 1122 3243 dies
1151 3181 1581 3243 intercesserit
1611 3187 1725 3243 aut
1755 3183 2064 3242 concione
2093 3198 2323 3251 vacua,
2350 3186 2463 3241 aut
2488 3181 2567 3243 ad
2595 3181 2769 3241 aliud
2798 3183 3220 3257 concionandi
3248 3181 3696 3260 argumentum
3727 3185 3844 3245 dc-

579 3266 840 3341 putata;
873 3265 941 3321 ut
969 3266 1042 3321 ut
1065 3266 1184 3341 est,
1214 3263 1465 3341 quinta,
1496 3266 1704 3334 sexta,
1737 3261 2293 3341 septima,gocta_va
2321 3263 2384 3319 et
2426 3276 2599 3341 noua
2644 3260 2923 3341 homilia:
2965 3263 3368 3341 continenter
3413 3262 3684 3341 singulis
3718 3263 3840 3324 sibi

579 3340 1065 3401 succedentibus
1111 3338 1334 3401 diebus
1364 3340 1545 3400 dictae
1578 3345 1750 3409 sunt,
1775 3339 2006 3418 partim
2036 3338 2102 3418 in
2132 3338 2363 3418 prima,
2396 3338 2638 3418 partim
2659 3340 2722 3397 in
2752 3340 3030 3401 secunda
3058 3338 3573 3418 Quadragesimie
3604 3341 3846 3401 hebdo-

568 3418 802 3491 made;
838 3419 1083 3481 decima
1108 3420 1300 3480 etiam
1336 3419 1403 3479 in
1435 3418 1716 3478 secunda
1747 3416 2164 3489 hebdomade,
2197 3421 2311 3478 aut
2340 3416 2497 3478 feria
2526 3417 2777 3494 quinta,
2810 3423 2924 3478 aut
2963 3424 3180 3489 sexta;
3225 3416 3563 3480 undecima
3592 3419 3657 3478 in
3688 3420 3845 3480 Sab-

577 3499 726 3558 bato
755 3497 1050 3560 secundm
1080 3497 1516 3559 hebdomadis.
1547 3496 1938 3558 Duodecima
1975 3495 2192 3556 habita
2222 3500 2320 3555 est
2346 3501 2491 3573 post
2516 3496 2725 3556 aliam'
2759 3496 2857 3555 vel
2906 3496 3091 3566 alias,
3123 3514 3268 3574 qua:
3301 3498 3380 3558 ad
3435 3497 3759 3556 diversum
3804 3514 3844 3558 a

571 3576 807 3658 Genesi
839 3582 1290 3658 argumentum
1315 3578 1710 3658 spectabant.
1743 3575 1915 3636 Inter
1948 3574 2389 3658 duodecimam
2404 3590 2680 3658 quoque
2707 3579 2769 3633 et
2792 3574 3101 3658 decimam
3132 3576 3382 3658 tertiam
3405 3576 3505 3635 vel
3536 3576 3838 3658 unusvel

570 3656 790 3732 plures
824 3652 958 3718 dies
992 3652 1443 3718 interfuerunt.
1466 3656 1726 3717 Decima
1755 3659 1989 3731 quarta
2017 3654 2233 3715 habita
2264 3657 2361 3714 est
2384 3654 2485 3713 die
2511 3652 2821 3713 decimam
2851 3655 3102 3714 tertiam
3147 3654 3569 3731 insequente;
3598 3653 3847 3715 decima

572 3735 807 3810 quinta
832 3735 1126 3795 similiter
1149 3740 1459 3811 sequente
1492 3733 1634 3800 die;
1671 3733 1917 3794 decima
1944 3737 2128 3793 sexta
2157 3732 2256 3792 die
2293 3733 2442 3792 item
2471 3736 2814 3811 sequente;
2846 3732 3089 3793 decima
3115 3733 3383 3809 septima
3410 3732 3676 3793 uno-vel
3706 3732 3849 3809 plu-

573 3812 755 3873 ribus
792 3818 937 3889 post
959 3810 1273 3873 decimam
1304 3815 1553 3872 sextam
1580 3811 1826 3872 diebus.
1857 3811 2179 3871 Decima-tn
2209 3811 2547 3888 septimam
2572 3810 2817 3872 decima
2845 3816 3095 3882 octava,
3116 3812 3291 3872 nulla
3320 3811 3420 3871 die
3442 3811 3846 3889 interposita,

576 3888 854 3967 sequuta
881 3895 1001 3951 est.
1032 3890 1294 3950 Decima
1322 3906 1496 3950 nona
1526 3906 1610 3950 an
1638 3888 2043 3967 continenter
2070 3889 2291 3950 habita
2330 3889 2409 3948 sit
2438 3889 2796 3966 ignoratur,
2829 3890 3249 3965 similiterque
3285 3888 3627 3965 vigesima,"
3646 3906 3848 3967 quam

573 3964 798 4029 diebus
843 3967 1286 4044 sequentibus,
1319 3967 1499 4027 nullo
1528 3967 1907 4046 interposito
1957 3966 2080 4037 die,
2114 3964 2509 4045 exceperunt
2559 3967 2869 4046 vigesima
2918 3964 3159 4046 prima,
3184 3964 3491 4046 vigesima
3537 3964 3848 4046 secunda,

576 4046 886 4139 vigesima
903 4046 1428 4139 tertia,vigesima
1444 4043 2025 4139 quarta—brevique
2046 4043 2991 4139 interposito'spatio'montinuis
3008 4043 3577 4139 diebus,v.iges.ima
3591 4043 3849 4139 quinta,

574 4121 882 4205 vigesima
912 4130 1120 4197 sexta,
1155 4121 1785 4205 vigesima'septima,
1822 4121 2128 4205 vigesima
2155 4121 2403 4186 octava.
2429 4121 2751 4204 Vigesima
2780 4140 2952 4186 nona
2979 4139 3063 4184 an
3087 4127 3229 4199 post
3260 4121 3636 4205 vigesimam
3665 4128 3854 4183 octa-

574 4200 745 4277 va'm,
778 4205 958 4266 nulla
989 4200 1367 4284 interposita
1395 4203 1521 4277 die,
1553 4200 1771 4284 habita
1794 4200 2293 4283 sitfignoratur.
2328 4200 2709 4284 Trigesima,
2744 4222 2890 4284 cum
2933 4219 3233 4284 magnam
3263 4200 3724 4284 hebdemadem
3745 4206 3852 4284 at-

570 4285 840 4362 tigisset,
866 4290 941 4362 ut
986 4284 1122 4361 ipse
1149 4279 1646 4362 Chrysostomus
1691 4283 1813 4355 ait;
1847 4279 2171 4362 trigesima
2212 4279 2470 4360 prima;
2495 4289 2558 4343 et
2599 4283 2927 4362 trigesima
2956 4279 3259 4353 secunda,
3308 4280 3387 4339 iis
3434 4279 3852 4342 hebdomadis

572 4302 840 4362 ugtsset,
866 4302 941 4343 ut
986 4302 1122 4361 Ipse
1149 4302 1646 4361 unrysosromus
1691 4302 1813 4355 an;
1847 4302 1926 4343 ll‘l
1975 4302 2171 4343 esnma
2212 4302 2443 4360 prima,
2495 4302 2558 4343 et
2599 4302 2813 4362 mges:

572 4368 815 4424 sancta:
847 4361 1072 4424 diebus
1102 4362 1215 4439 qui
1248 4361 1471 4423 feriam
1499 4362 1792 4440 quintam
1823 4362 1892 4422 in
1922 4302 2110 4423 ἕωηα
2138 4362 2394 4422 Domini
2423 4361 2813 4439 praecedunt.

897 4487 924 4558 §
955 4483 1062 4544 IV.
1099 4483 1192 4544 De
1221 4482 1494 4543 editione
1519 4481 1701 4543 LXX
1724 4483 2148 4561 lnterpretum
2172 4498 2296 4561 qua
2319 4501 2468 4541 usus
2498 4488 2584 4542 est
2614 4480 3104 4561 Chrysostomus,
3134 4500 3172 4541 a
3203 4480 3512 4541 communi

1885 4560 2222 4641 aliquando
2262 4561 2528 4622 diversa.

653 4684 955 4743 Diversas
993 4699 1130 4743 ωνο
1158 4682 1590 4760 Chrysostomi
1624 4680 1822 4743 fuisse
1847 4680 2194 4760 iEditiones
2218 4680 2429 4754 LXX,
2474 4685 2668 4760 atque
2728 4680 2794 4760 in
2844 4678 3112 4760 diversis
3167 4678 3469 4760 Ecclesiis
3527 4695 3655 4760 non
3685 4693 3862 4760 reas-

571 4763 716 4825 tlem
746 4763 1048 4838 usurpari
1077 4755 1307 4822 narrat
1329 4760 1756 4839 Hieronymus
1780 4804 1796 4831 ,
1828 4759 2285 4839 Chrysostomo
2327 4755 2626 4839 aequalis.
2654 4781 2682 4839 ᾳ
2717 4756 3111 4839 Alexandria
3136 4800 3152 4827 ,
3206 4757 3419 4833 inquit
3474 4755 3861 4839 prmfattone

576 4845 644 4903 in
670 4843 869 4903 libros
903 4834 1463 4918 Paralipomenon,
1496 4834 1899 4918 et'lEgyptus
1931 4834 1998 4899 in
2029 4839 2207 4918 LXX
2235 4838 2368 4899 suis
2401 4834 2795 4918 Hesychium
2824 4835 3441 4918 laudatauctorem;
3474 4834 3863 4918 Constanti-

575 4921 831 4999 nopolis
863 4938 1069 4999 usque
1086 4912 1502 4999 Antiochiam
1528 4912 1795 4979 Luciani
1827 4917 2126 4999 martyris
2172 4912 2867 4999 exemplariaﬂprobat;
2899 4914 3121 4999 media:
3152 4915 3319 4999 inter
3350 4912 3863 4999 has_provinci_aa

576 4992 947 5062 Palaestinos
966 4992 1235 5078 Codices
1263 4998 1508 5078 legunt,
1545 5015 1708 5075 quos
1738 4992 2126 5078 ab_Orig'ene
2156 4992 2521 5057 elaboratos
2550 4993 3358 5078 Eusebius_et_Pa_mphilus_
3387 4992 3857 5078 vulgaverunt:

576 5085 885 5157 totusque
909 5077 1085 5140 orbis
1117 5077 1237 5139 hac
1258 5069 1429 5157 inter
1456 5069 1526 5157 se
1564 5069 1889 5157 contraria
1922 5069 2232 5157 varietate
2262 5078 2673 5157 compugnat.
2701 5096 2728 5129 »
2763 5074 2840 5133 Et
2868 5073 2934 5133 in
2963 5069 3254 5151 Epistula
3283 5070 3360 5131 ad
3392 5069 3861 5157 Augustinum.

568 5175 725 5237 quae
750 5146 846 5219 e'st
873 5159 938 5217 in
970 5160 1294 5234 postrema
1322 5156 1614 5215 Editione
1637 5153 1717 5237 Ἧι
1737 5198 1754 5224 ,
1785 5155 2030 5237 ironice
2068 5154 2343 5237 loquens
2373 5146 2463 5216 ait
2495 5146 2567 5237 ἴς
2590 5152 2712 5237 'V_is
2740 5158 2991 5237 amator
3019 5146 3161 5237 esse
3207 5167 3408 5237 verus
3426 5146 3604 5215 LXX
3631 5146 3866 5237 inter-

578 5222 861 5316 prelum?
893 5222 1031 5297 Non
1061 5237 1235 5315 legas
1261 5252 1363 5316 ea,
1388 5251 1534 5316 qua:
1560 5235 1680 5316 sub
1711 5222 2035 5316 asteriscis
2065 5222 2218 5316 sunt
2249 5253 2263 5291 :
2296 5235 2424 5316 imo
2450 5232 3195 5316 radedevoluminibus,
3220 5234 3289 5288 ut
3313 5230 3610 5316 veterum.
3629 5228 3691 5283 te
3719 5222 3867 5316 [au—

578 5301 782 5376 torem
839 5318 1096 5393 probes.
1125 5301 1428 5393 “Quod'si'
1460 5311 2048 5393 fe_ceris,_o_mniumg
2077 5312 2511 5393 Ecclesiarum
2569 5310 3354 5393 bibliotheeasdamnare
3392 5303 3674 5393 eogeris.
3729 5301 3865 5393 Vix

580 5394 756 5454 enim
783 5380 953 5456 unus
984 5399 1099 5455 aut
1129 5380 1294 5456 alter
1319 5390 1696 5452 inveniatur
1722 5390 1910 5461 liber,
1941 5390 2055 5466 qui
2084 5391 2206 5451 ista
2236 5407 2366 5449 non
2397 5390 2653 5452 habeat.
2689 5413 2717 5445 ››
2749 5391 2844 5448 Ex
2879 5390 2976 5451 his
3007 5390 3164 5450 locis
3197 5380 3740 5466 colligiturlonge
3767 5380 3867 5439 di-

581 5488 802 5532 versas
845 5473 1014 5534 inter
1057 5492 1125 5534 se
1176 5471 1375 5532 fuisse
1403 5467 1581 5529 LXX
1609 5462 2040 5545 Interpretum
2084 5468 2446 5538 Editiones,
2482 5468 2788 5545 illamque
2839 5468 3273 5545 diversitatem
3319 5462 3447 5542 peti
3499 5462 3739 5545 debere
3776 5475 3867 5518 ex

582 5548 781 5629 variis
813 5551 1240 5629 lnterpretum
1268 5548 1424 5629 locis
1451 5591 1468 5619 ,
1500 5538 2033 5629 nemp_e__}_\_quilte
2053 5591 2069 5620 ,
2120 5546 2531 5629 Symmachi,
2554 5538 3036 5629 Τῂεὶοάρζί()ιιίε⁸
3058 5549 3119 5604 et
3157 5538 3435 5629 alierum
3465 5586 3481 5614 ,
3511 5556 3659 5629 qua;
3715 5538 3868 5599 loca

580 5628 890 5708 Origenes
922 5619 1378 5708 inserueratin
1402 5619 1880 5708 textum-LXX,
1908 5643 2053 5685 cum
2079 5619 2403 5708 asteriscis
2434 5625 2491 5685 id
2516 5622 2970 5708 iudicantibus.
2995 5624 3151 5708 Quae
3175 5622 3453 5708 aliarum
3480 5619 3865 5708 versionum

581 5699 918 5784 particqu
967 5708 1031 5766 in
1062 5705 1544 5782 exemplaribus
1581 5704 1800 5767 multis
1837 5710 2325 5777 remanserunt,
2356 5704 2423 5763 in
2477 5702 2623 5762 aliis
2655 5702 2871 5777 plures
2893 5743 2910 5773 ,
2943 5700 3008 5759 in
3044 5700 3187 5760 aliis
3220 5701 3584 5776 pauciores.
3617 5699 3869 5759 Praeter
