4104 6196
433 514 1426 564 EM-IHW.
1202 514 1216 534 Ι
1250 513 1283 537 Ι.
1327 510 1331 532 Ι
1402 509 1623 544 Iw.
1492 508 1498 530 Ι
1627 505 1824 541 ...ο--Ι
1822 502 2123 538 ΙΜΙ
2076 501 2087 520 Ι
2132 500 2225 534 ..-...¹

1024 528 2177 551 -η--η--ε-α--οο--ο--Μη-

2386 478 3655 517 ......-.--------ε-...ιει.
3319 508 3497 517 ___

1325 731 1736 821 SANCTI
1836 726 2132 815 PA'I‘R
2161 726 2257 809 lS
2353 713 2784 808 NOSTRI

775 952 1711 1156 JOANNIS,
1814 927 3365 1128 CHRYSOSTOMI

1537 1266 2002 1385 OPERA
2083 1259 2578 1374 OMNIA.

1958 1531 2186 1544 _

935 1714 1171 1772 SERMO
1207 1707 1734 1770 ADMONITORIUS
1783 1706 1915 1765 SUB
1952 1704 2070 1761 1le

2168 1702 2235 1757 ῘΜ
2273 1695 2567 1756 δΑΝσΤιις
2606 1687 3201 1760 ΩΠΑΗΙΜΕΕΒΙΜΑΕ.
3284 1710 3297 1721 ο

976 1957 1253 2014 llOMlLlA
1294 1955 1521 2012 PRIMA.

540 2138 589 2189 l.
615 2135 830 2190 Gaudeo
850 2144 903 2187 et
923 2134 1072 2187 lator
1090 2133 1275 2186 videns
1303 2131 1459 2185 hodie
1484 2130 1759 2184 ecclesiam
1783 2131 1872 2183 Dei
1903 2130 2039 2183 [ilio-

470 2240 584 2278 rmn
609 2239 823 2278 suorum
854 2221 1188 2276 nmltitudine
1212 2221 1408 2285 ornari,
1438 2234 1637 2288 vosque
1660 2233 1846 2272 omnes
1881 2220 2043 2272 multa

471 2331 591 2368 cum
610 2314 937 2382 jucunditate
964 2313 1317 2366 concurrisse.
1345 2311 1474 2364 Nam
1495 2325 1616 2363 cum
1642 2308 1843 2362 alacres
1874 2308 2046 2363 vultus

471 2415 676 2459 vestros
722 2405 949 2465 intueor,
992 2402 1295 2469 voluptatis,
1338 2417 1456 2469 quia:
1482 2400 1533 2452 in
1558 2398 1834 2453 animabus
1857 2398 2048 2452 vestris

469 2510 571 2555 est.
603 2494 958 2565 conjecturam
988 2492 1143 2562 capio
1166 2491 1448 2547 maximam
1477 2506 1491 2545 :
1522 2489 1965 2561 quemadmodtuu
1994 2497 2050 2545 et

472 2587 684 2655 intuens
724 2585 980 2652 quispiam
1028 2583 1255 2646 dicebat,
1304 2581 1465 2636 Corde
1511 2583 1712 2634 (tutante
1745 2584 1865 2632 viret
1894 2581 2049 2650 facies

450 2677 664 2744 '(Prov.
698 2675 783 2729 l5.
814 2673 936 2743 t3).
971 2673 1262 2742 Eapropter
1299 2679 1355 2725 et
1391 2671 1502 2739 ipso
1531 2670 1689 2724 hodie
1713 2670 1909 2739 ingenti
1933 2670 2048 2723 ala-

475 2766 661 2818 ('t‘itatc
688 2764 912 2827 surrexi,
943 2778 1044 2817 una
1077 2762 1348 2817 vobiscum
1378 2761 1573 2814 ιςυιιιίςυ
1601 2760 1742 2814 illius
1763 2759 2051 2827 spiritualis
2090 2794 2095 2799 -

438 2910 443 2915 ἢ
482 2856 742 2922 particeps
771 2852 999 2916 iuturus,
1028 2861 1083 2906 et
1107 2851 1294 2907 volens
1319 2850 1576 2905 adventus
1600 2858 1795 2903 sancta:
1817 2847 2054 2915 Quadra-

480 2936 717 3012 gésimw,
748 2942 988 3009 remedii,
1014 2942 1252 3009 inquam,
1285 2940 1576 2994 animarum
1606 2948 1925 3004 nostrarum,
1957 2952 2052 2991 vo-

483 3032 564 3084 bis
604 3031 942 3086 annuntiator
983 3045 1125 3085 esse.
1167 3029 1474 3085 Communis
1501 3029 1642 3083 enim
1671 3037 1909 3083 nostrum
1938 3043 2054 3082 om-

483 3123 627 3179 nium
672 3122 924 3176 Dominus
941 3162 957 3184 ,
983 3121 1145 3176 veluti
1168 3132 1316 3189 pater
1346 3121 1479 3174 tilios
1500 3135 1685 3175 amans
1702 3161 1718 3187 ,
1753 3120 1971 3188 cupiens
1994 3133 2056 3174 ea

484 3228 600 3283 quae
642 3227 886 3281 umquam
935 3212 1324 3281 peccaverimus
1350 3211 1588 3275 abluere,
1628 3212 1760 3265 hanc
1788 3211 1939 3264 nobis
1968 3226 2060 3279 per

486 3311 721 3354 sanctum
741 3300 1002 3370 jejunium
1027 3302 1352 3356 curationem
1379 3300 1664 3355 adinvenit.
1694 3300 1879 3354 Nullus
1906 3302 2060 3369 igitur

490 3402 731 3451 tumstus,
767 3393 941 3445 nullus
970 3392 1134 3446 tristis
1161 3400 1433 3460 appareat,
1462 3391 1555 3445 sed
1584 3406 1771 3445 omnes
1796 3391 2063 3445 exsultent

487 3496 540 3543 ct
562 3484 839 3557 gaudeant,
872 3502 935 3541 at:
956 3484 1179 3557 gloriam
1201 3483 1431 3541 referant
1459 3483 1510 3536 in
1538 3483 1830 3535 animarum
1858 3492 2064 3536 nostra-

491 3595 605 3633 rum
632 3589 948 3643 curatorem,
973 3580 1061 3648 qui
1085 3579 1221 3635 hanc
1239 3583 1491 3648 optimam
1513 3577 1663 3633 nobis
1680 3576 1882 3643 aperuit
1904 3576 2060 3636 viam,

490 3679 546 3723 et
585 3669 728 3724 illius
774 3668 1055 3722 adventum
1101 3685 1286 3737 magna
1330 3684 1450 3723 cum
1488 3670 1760 3722 alacritate
1784 3664 2063 3732 accipiant.

493 3759 890 3813 Coul‘uttdantur
927 3759 1171 3828 gentiles,
1212 3759 1411 3826 pudore
1438 3773 1496 3812 se
1525 3757 1721 3810 abdant
1749 3754 1938 3818 Juda-i,
1984 3751 2065 3807 vi-

496 3847 681 3901 dentes
708 3857 940 3900 nostram
961 3847 1232 3901 caritatem
1258 3847 1409 3900 hilari
1436 3846 1609 3900 studio
1627 3846 1768 3899 illius
1784 3845 2064 3898 adventum

496 3938 812 4010 salutantem
837 3952 901 3991 ac
924 3937 1293 4005 excipientem,
1326 3936 1637 4006 discantque
1668 3950 1763 4004 per
1785 3933 2067 4003 experien-
2107 3954 2120 3967 ε

498 4030 649 4088 tiam,
687 4035 938 4098 quantum
968 4028 1106 4081 inter
1133 4043 1231 4081 nos
1253 4029 1324 4083 sit
1362 4037 1417 4083 et
1445 4028 1590 4096 ipsos
1616 4026 1969 4081 intervallum.
2002 4023 2071 4079 Et

501 4119 570 4171 illi
600 4118 812 4187 quidem
844 4117 1002 4172 l‘erias
1031 4127 1086 4172 et
1113 4118 1275 4172 festas
1298 4119 1573 4174 nominent
1596 4117 1928 4182 ebrietatem,
1951 4132 2070 4172 om-

499 4221 727 4272 nemque
754 4207 910 4259 aliam
940 4207 1416 4276 intemperantiam,
1446 4221 1509 4261 ac
1535 4205 1904 4275 turpitudines,
1941 4220 2071 4275 quas

504 4299 783 4352 Vct‘isitttile
812 4310 893 4351 est
920 4313 1013 4351 eos
1060 4299 1183 4353 inde
1209 4297 1525 4352 contrahere
1553 4315 1567 4351 :
1599 4306 1655 4351 at
1694 4296 1933 4351 Ecclesia
1978 4296 2073 4351 Dei

504 4404 567 4441 ea
610 4404 726 4457 qua:
767 4388 869 4441 illis
910 4389 1130 4443 adversa
1171 4398 1313 4454 sunt,
1358 4404 1546 4457 nempe
1566 4388 1847 4457 jejunium,
1876 4387 2076 4442 ventris

504 4478 833 4547 despectum,
865 4488 918 4533 et
943 4494 1128 4534 omnes
1152 4479 1283 4532 alias
1308 4478 1526 4534 virtutes
1559 4478 1698 4534 illius
1722 4479 1966 4543 comites,
1996 4476 2073 4531 fe-

508 4569 613 4621 rius
655 4568 904 4637 appellet.
954 4568 1044 4624 lla:
1073 4569 1212 4622 enint
1241 4584 1379 4624 Vt‘l‘il.‘
1406 4568 1550 4623 feria:
1577 4577 1721 4632 sunt,
1754 4569 1841 4624 ubi
1877 4554 2080 4623 anima-

508 4675 623 4713 rum
649 4661 815 4725 salus,
845 4660 931 4715 ubi
956 4675 1055 4728 pax
1090 4669 1143 4714 et
1179 4660 1456 4716 concordia
1486 4670 1587 4724 est,
1615 4660 1703 4716 ubi
1727 4663 1899 4714 omnis
1925 4659 2079 4728 hujus

512 4749 635 4804 vita:
665 4760 949 4820 apparatus
978 4749 1238 4818 abigitur;
1270 4750 1356 4803 ubi
1401 4751 1623 4813 clamor,
1648 4757 1703 4803 et
1728 4751 1999 4811 tmnuItus,
2027 4756 2081 4801 et

511 4854 798 4906 cuquorum
824 4840 1114 4903 discursus,
1145 4850 1199 4893 et
1219 4839 1473 4908 pecudum
1500 4840 1842 4894 mactationes
1857 4852 1887 4891 e
1908 4837 2082 4891 medio

514 4931 769 4984 tolluntur
798 4947 811 4983 :
854 4930 1004 5000 quies
1046 4945 1173 4984 vero
1212 4932 1407 4995 omnis,
1435 4941 1490 4986 et
1514 4931 1881 5000 tranquillitas,
1911 4936 1967 4982 et
1993 4944 2082 4982 ca-

512 5022 661 5086 ritas,
691 5030 747 5076 et
763 5021 1033 5088 gaudium,
1051 5031 1107 5075 et
1131 5035 1252 5089 pax,
1278 5023 1717 5083 ctmansuetndo,
1737 5031 1793 5075 et
1810 5021 2083 5073 innumera

516 5110 650 5164 bona
678 5127 772 5180 pro
793 5111 893 5165 illis
919 5112 969 5165 in
998 5128 1093 5165 usu
1122 5120 1263 5165 sunt.

587 5201 892 5255 (.‘ouciouum
912 5218 1054 5255 verus
1074 5203 1193 5271 ﬁnis
1215 5212 1258 5254 et
1288 5218 1501 5255 usus.-—
1515 5202 1587 5256 De
1606 5201 1696 5257 illo
1723 5201 1879 5270 igitur
1897 5213 2083 5269 pauca,

519 5291 763 5357 obsecro,
790 5293 994 5347 caritati
1039 5304 1230 5348 vestra:
1266 5293 1647 5361 colloquantur,
1681 5291 1837 5362 idque
1864 5292 2087 5361 primum

520 5394 784 5449 rogemus,
815 5392 870 5437 ιιι
900 5399 1172 5439 sermones
1218 5383 1336 5436 illos
1362 5390 1570 5437 nostros
1598 5377 1801 5450 plicide
1836 5380 2092 5448 suscipia-

521 5471 610 5536 tis,
654 5486 760 5541 quo
798 5472 1035 5537 domum,
1082 5474 1307 5528 fructum
1350 5470 1628 5542 quemdam
1658 5470 1913 5540 insignem
1940 5485 2088 5525 assc-

490 5554 687 5630 'quuti,
734 5564 981 5619 redeatis.
1025 5563 1208 5633 Neque
1237 5564 1377 5620 enim
1427 5571 1631 5617 temere
1676 5568 1730 5613 ct
1767 5558 1958 5628 frusn-a
1988 5558 2091 5613 huc

502 5638 880 5717 convenimus,
914 5664 969 5707 ut
998 5670 1129 5709 unus
1150 5653 1361 5722 quidem
1388 5654 1650 5722 loquatur,
1668 5651 1803 5707 alius
1825 5664 1951 5705 vero
1975 5665 2091 5719 qua:

521 5746 766 5803 dicuntur
795 5744 1063 5816 plausibus
1093 5745 1344 5816 excipiat,
1385 5752 1440 5799 et
1467 5743 1543 5803 sic
1575 5743 1696 5800 hinc
1724 5741 2045 5799 excedamus
2073 5756 2087 5793 :

2141 1955 2234 2009 sed
2277 1967 2328 2009 ut
2375 1964 2427 2009 ct
2466 1971 2563 2009 nos
2602 1955 2903 2023 frugiferum
2944 1956 3195 2026 quiddam
3219 1964 3269 2012 et
3308 1955 3461 2012 saluti
3526 1966 3717 2016 vestra!

2145 2045 2474 2099 eonducibile
2519 2047 2816 2115 loquamur,
2864 2056 2917 2099 et
2967 2063 3060 2099 vos
3106 2048 3251 2102 lucro
3278 2047 3492 2103 edictis
3522 2050 3718 2104 nostris

2145 2142 2382 2200 accepto,
2410 2143 2462 2188 et
2489 2134 2677 2202 ampla:
2708 2135 2946 2187 utilitatis
2972 2136 3197 2188 fructum
3225 2136 3385 2201 nacti,
3414 2136 3533 2189 hinc
3561 2150 3721 2191 exea-

2150 2225 2236 2276 tis.
2271 2224 2505 2278 Ecclesia
2532 2239 2661 2278 sane
2698 2226 2906 2277 ofticina
2936 2226 3175 2292 quaedam
3203 2235 3280 2281 est
3313 2227 3585 2281 medicina:
3608 2226 3722 2294 spi-

2149 2313 2390 2380 ritualis;
2437 2324 2490 2367 et
2535 2329 2627 2368 eos
2666 2316 2753 2384 qui
2800 2314 2904 2368 huc
2952 2316 3188 2381 veniunt,
3236 2324 3443 2384 oportet
3471 2331 3575 2369 non
3600 2324 3724 2368 ante

2150 2402 2363 2455 domum
2406 2403 2602 2468 redire,
2644 2419 2800 2473 quam
2845 2404 2931 2457 ubi
2974 2419 3203 2474 congrua
3245 2405 3475 2460 remedia
3502 2418 3724 2471 accepe-

2153 2492 2279 2555 rint,
2327 2492 2519 2561 illaque
2561 2494 2673 2546 suis
2703 2494 3008 2547 vulneribus
3036 2495 3389 2548 adbilmerint.
3439 2493 3569 2547 Nam
3596 2507 3727 2559 quo-

2153 2581 2311 2638 modo
2338 2582 2519 2640 audire
2546 2583 2739 2649 solum,
2773 2593 2825 2637 et
2852 2585 3099 2651 operibus
3130 2584 3255 2637 nihil
3284 2592 3555 2650 prtestare,
3596 2582 3726 2636 nihil

2156 2675 2483 2745 profuturum
2512 2676 2600 2741 sit,
2634 2673 2754 2729 audi
2783 2674 2991 2730 beatum
3026 2672 3241 2731 Paulum
3271 2674 3536 2730 dicentem
3561 2671 3728 2733 :tNon

2154 2767 2286 2818 enim
2329 2767 2581 2820 auditores
2625 2767 2743 2836 legis
2769 2768 2900 2837 justi
2948 2779 3062 2820 sunt
3102 2768 3245 2838 apud
3267 2765 3452 2831 Deum,
3491 2767 3579 2820 sed
3609 2765 3732 2836 legis

2156 2858 2368 2925 factores
2388 2856 2802 2925 justiﬁcabuntur
2828 2853 3002 2924 (Rom.
3033 2856 3088 2910 2.
3124 2857 3233 2922 15).
3262 2855 3583 2910 EtChristus
3598 2870 3729 2910 con-

2156 2946 2417 3000 cionaudo
2441 2947 2684 3001 dicebat:
2720 2945 2840 3000 Non
2880 2948 3041 3000 omnis
3069 2948 3155 3015 qui
3183 2947 3301 2999 dicit
3339 2946 3461 3000 mihi
3499 2945 3731 3009 Domine,

2158 3031 2392 3100 Domine,
2422 3035 2627 3089 intrabit
2657 3036 2708 3088 in
2731 3052 2936 3105 regnum
2969 3035 3224 3099 actorum,
3252 3035 3339 3089 sed
3371 3034 3459 3104 qui
3482 3034 3603 3105 {mit
3643 3049 3733 3087 υο-

2161 3122 2398 3177 luntatem
2440 3122 2610 3178 Putris
2651 3125 2747 3178 mei
2787 3126 2872 3194 qui
2908 3125 2960 3178 in
3006 3124 3141 3178 aclis
3177 3135 3246 3178 est
3295 3124 3505 3193 (Matth.
3535 3124 3586 3178 7.
3611 3123 3730 3192 2|).

2162 3214 2323 3283 Igitur
2371 3215 2619 3277 scientes,
2668 3214 2866 3278 dilecti,
2918 3215 3114 3269 tmllam
3147 3214 3422 3269 utilitatem
3452 3228 3519 3269 ex
3557 3213 3735 3268 auditu

2162 3320 2302 3367 esse,
2347 3304 2446 3358 nisi
2496 3304 2627 3358 bona
2659 3320 2817 3373 Opera
2846 3316 3147 3375 sequantur,
3182 3322 3247 3359 ue
3284 3304 3450 3359 simus
3469 3303 3739 3357 auditores

2163 3395 2456 3462 dumtaxat,
2484 3397 2577 3449 sed
2606 3397 2764 3450 etiam
2795 3397 3039 3463 factores,
3066 3413 3170 3468 quo
3207 3397 3316 3467 ipsa
3343 3412 3502 3464 opera
3530 3408 3735 3450 sermo-

2166 3500 2261 3541 nes
2301 3487 2573 3554 anuentia
2622 3486 2800 3540 multa:
2849 3487 3001 3540 nobis
3057 3486 3263 3540 ﬁduciae
3331 3486 3440 3540 sint
3499 3483 3732 3540 occasio.

2167 3575 2395 3629 Proinde
2437 3574 2697 3641 explicitis
2740 3584 2927 3627 vestra:
2978 3575 3168 3627 mentis
3211 3573 3433 3637 sinibus,
3462 3586 3740 3627 sermones

2167 3663 2233 3717 de
2252 3661 2454 3730 jejunio
2475 3660 2743 3728 suscipite.
2778 3661 2844 3713 Et
2868 3659 3305 3728 quemadmodum
3335 3668 3531 3713 castam
3558 3672 3742 3728 quam-

2170 3752 2290 3806 dam
2316 3762 2370 3807 et
2400 3753 2677 3825 ingenuam
2706 3766 2953 3823 sponsam
2981 3750 3206 3815 dueturi,
3243 3749 3486 3808 thalamis
3511 3749 3744 3818 nudique

2173 3846 2435 3917 tapetibus
2475 3847 2696 3911 ornatis,
2725 3846 2983 3915 donthlle
3011 3857 3115 3900 tota
3146 3855 3382 3917 purgata,
3413 3856 3466 3899 et
3503 3846 3742 3914 ingreﬁu

2171 3939 2418 3992 omnibus
2457 3938 2746 3991 inhonestis
2783 3936 2986 3991 ancillis
3031 3937 3332 4004 interdicto,
3365 3938 3415 3991 in
3445 3938 3744 3993 cubiculum

2171 4028 2314 4083 illam
2346 4028 2683 4083 introducunt
2709 4044 2720 4079 :
2754 4028 2865 4096 pari
2906 4026 3063 4081 modo
3090 4028 3278 4082 vellem
3307 4026 3464 4082 etiam
3490 4042 3616 4091 vos,
3649 4043 3745 4081 ex-

2175 4129 2391 4188 purgata
2438 4128 2615 4173 mente
2654 4127 2849 4181 vestra,
2898 4117 3120 4186 valeque
3164 4118 3365 4171 deliciis
3395 4126 3448 4171 et
3475 4117 3748 4171 voracitati

2175 4210 2338 4274 dicto,
2372 4218 2591 4264 matrem
2639 4209 2871 4261 omnium
2919 4207 3197 4272 honorum,
3226 4217 3278 4260 et
3306 4204 3589 4275 pudicitiae,
3615 4205 3745 4257 alia-

2180 4314 2404 4368 rumque
2430 4299 2679 4352 virtutum
2722 4298 2959 4351 omnium
3000 4298 3323 4368 magistram,
3351 4294 3631 4365 jejunium.
3669 4293 3750 4345 itt-

2180 4404 2361 4460 quam,
2391 4389 2650 4457 explicitis
2678 4397 2866 4441 vestrae
2911 4387 3101 4440 utentis
3145 4386 3347 4439 sinibus
3376 4384 3666 4453 suscipere,
3697 4391 3753 4436 nt

2179 4491 2234 4534 et
2260 4494 2354 4533 vos
2380 4479 2566 4548 majori
2607 4475 2851 4531 fruamini
2893 4476 3179 4544 voluptate,
3220 4487 3267 4528 et
3300 4473 3426 4528 illud
3455 4487 3752 4541 congruen-

2183 4580 2289 4626 tem
2316 4569 2466 4625 vobis
2490 4584 2638 4624 suam
2669 4568 2979 4622 medicinam
3020 4567 3274 4622 conterat.
3320 4564 3451 4619 Nam
3491 4561 3755 4618 si'mediei

2183 4665 2463 4734 pharmaca
2507 4661 2635 4715 dare
2675 4659 2934 4723 volentes,
2979 4665 3034 4711 ιιι
3063 4657 3329 4726 putridum
3359 4664 3414 4709 et
3450 4662 3754 4721 corruptum

2186 4754 2461 4808 humorem
2502 4759 2815 4820 expurgem.
2863 4762 2891 4800 a
2933 4745 3192 4815 corporali
3220 4745 3319 4798 hoc
3345 4743 3464 4796 cibo
3491 4742 3759 4796 abstinere

2188 4842 2517 4912 pra-cipiunt,
2561 4840 2629 4893 ita
2674 4849 2727 4891 ut
2772 4835 3036 4905 pharmaci
3067 4832 3315 4885 efﬁcacia:
3344 4845 3445 4883 non
3475 4829 3543 4882 sit
3577 4828 3758 4880 obsta-

2186 4933 2390 4996 eulum,
2418 4928 2510 4984 sed
2535 4926 2763 4996 operari,
2803 4940 3056 4992 suamque
3102 4923 3205 4976 vim
3239 4920 3363 4975 illud
3390 4918 3556 4990 possit
3576 4928 3759 4972 osten-

2188 5023 2351 5077 dere:
2397 5020 2563 5074 multo
2602 5016 2768 5087 magis
2809 5015 2958 5070 nobis
2999 5014 3269 5085 spirituale
3312 5013 3413 5066 hoc
3446 5006 3758 5066 remedium,

2191 5114 2293 5168 hoc
2321 5124 2424 5177 cst,
2470 5111 2748 5165 utilitatem
2790 5123 2909 5179 qute
2937 5120 3002 5161 ex
3025 5107 3226 5177 jejunio
3269 5112 3370 5168 est,
3413 5096 3759 5167 suscepturis,

2194 5206 2451 5260 tenuitate
2472 5204 2640 5258 victus
2664 5211 2897 5256 nostram
2927 5210 3158 5254 mentem
3187 5207 3500 5266 expurgare,
3526 5199 3579 5245 et
3602 5189 3765 5244 levio-

2194 5311 2306 5351 rem
2336 5294 2556 5349 redderc
2583 5294 2848 5357 eonVenit,
2881 5300 2939 5345 ut
2963 5305 3033 5345 ne
3059 5287 3314 5342 ebrietate
3348 5282 3590 5337 demersa
3626 5277 3766 5333 mili-

2196 5395 2520 5454 tatum-qua:
2545 5400 2608 5439 ex
2638 5385 2727 5437 illo
2757 5381 3017 5452 provenit,
3045 5378 3260 5430 adimat.

2265 5477 2322 5532 2.
2361 5477 2528 5532 Porro
2554 5476 2665 5530 scio
2690 5473 2901 5543 quidem
2932 5470 3045 5523 fore
3076 5475 3131 5520 ut
3157 5463 3336 5519 multis
3354 5478 3438 5531 ea,
3458 5476 3578 5533 qua:
3608 5457 3765 5514 hodie

2195 5585 2226 5624 a
2257 5568 2411 5625 nobis
2432 5566 2653 5623 dicenda
2682 5571 2838 5627 sunt,
2867 5560 3000 5614 mira
3027 5556 3339 5612 vidcantur:
3366 5552 3483 5620 sed,
3521 5549 3764 5615 obsecro,

2264 5744 2284 5778 ⁸
2316 5738 2507 5794 coislin.
2530 5743 2581 5790 et
2602 5742 2705 5788 tres
2719 5732 2817 5795 alii,
2834 5738 3023 5785 nostris.
