4094 6204
541 289 610 342 25
1287 290 1345 345 S.
1384 287 1662 345 JOANNIS
1697 285 2170 344 CHRYSOSTOIII
2207 285 2528 344 ARClllEP.
2566 289 3097 349 CONSTANTINOP.
3739 296 3814 351 2i

541 425 608 464 nc
633 405 1001 463 consuetudini
1051 414 1248 461 temere
1287 405 1606 469 serviamus,
1651 403 1745 458 sed
1792 403 1996 457 ratione
2033 416 2120 457 res

541 513 748 557 nostras
787 501 1148 555 instituamus.
1191 498 1454 568 Numquid
1497 499 1639 552 enim
1691 497 1819 550 lucri
1856 495 2123 566 quidpiam

539 611 603 648 ex
622 594 924 663 quotidiana
955 591 1170 660 crapula
1187 591 1405 660 jugiquc
1427 589 1683 644 ebrietate
1711 587 1861 640 nobis
1885 587 2127 640 accedit?

544 686 606 738 lit
634 684 754 750 quid
785 684 905 738 dico
931 683 1172 738 lucrum?
1199 683 1308 735 Ιιιιο
1327 681 1548 734 multum
1575 679 1824 732 damnum
1848 689 1900 733 et
1921 679 2126 748 jactura

543 773 892 827 intolerabilis
947 772 1070 826 inde
1118 780 1476 838 exspectatur.
1535 771 1666 822 Cum
1717 770 1942 837 primum
1986 767 2125 820 cnim

543 880 692 918 mens
724 864 1008 918 vinolentia
1041 864 1204 916 multa
1229 861 1384 916 fuerit
1418 862 1627 925 obruta,
1657 862 1834 916 statim
1863 861 1987 915 etin
2013 861 2129 929 ipso

544 955 695 1008 initio
743 954 961 1016 utilitas,
1008 969 1128 1022 qua:
1175 969 1202 1005 a
1245 952 1449 1022 jejunio
1497 963 1598 1015 est,
1650 953 1943 1022 repellitur.
1992 951 2127 1017 Quid

543 1046 686 1098 enim
708 1044 995 1106 insuavius,
1015 1043 1121 1109 dic,
1149 1044 1391 1107 obsecro,
1421 1043 1544 1112 quid
1573 1044 1697 1096 item
1724 1043 1947 1112 turpius,
1972 1058 2128 1111 quam

545 1151 666 1188 cum
695 1150 863 1202 usque
891 1133 956 1186 ad
998 1134 1225 1187 mediam
1257 1144 1468 1188 noctem
1511 1149 1780 1188 meracum
1827 1134 2126 1198 sorbentes,

547 1225 646 1278 sub
671 1239 939 1287 auroram,
965 1225 1094 1276 solis
1107 1224 1293 1292 jubarc
1317 1226 1542 1289 oriente,
1567 1224 1746 1277 vinum
1769 1224 1918 1293 quasi
1947 1239 2131 1278 recens

551 1317 812 1386 ingestum
841 1317 1065 1386 spirant,
1089 1327 1142 1370 et
1169 1317 1570 1372 occurrentibus
1596 1317 1807 1386 quidem
1839 1316 2129 1384 injucundi,

551 1409 808 1462 ministris
839 1423 966 1462 vero
994 1407 1320 1476 despiciendi
1350 1416 1628 1476 apparent,
1657 1416 1712 1460 et
1733 1405 2041 1459 deridentur
2065 1406 2132 1459 ab

549 1502 816 1564 omnibus,
842 1502 930 1570 qui
959 1502 1116 1554 modo
1141 1501 1266 1570 quid
1295 1501 1478 1555 deceat
1500 1501 1580 1554 vel
1606 1501 1790 1554 leviter
1811 1500 2130 1568 intelligunt,

549 1602 605 1645 et
651 1607 758 1661 pra:
801 1592 1046 1646 omnibus
1086 1592 1211 1658 illis,
1251 1591 1462 1661 quando
1507 1600 1721 1661 propter
1745 1591 1960 1646 nimiatn
1993 1590 2134 1644 illam

551 1692 606 1736 et
636 1683 971 1736 immodicam
1018 1683 1545 1752 intempestivamque
1582 1697 1643 1737 ac
1672 1681 1913 1736 inutilem
1945 1682 2138 1734 intem-

555 1774 848 1841 perantiam
896 1775 947 1829 in
1004 1789 1063 1829 se
1089 1773 1320 1828 divinam
1351 1786 1642 1842 provocant
1682 1773 2135 1842 indignationcm?

554 1865 772 1930 Ebriosi,
819 1867 983 1929 enim,
1032 1865 1217 1932 inquit,
1273 1881 1478 1935 regnum
1532 1863 1627 1917 Dei
1677 1881 1776 1918 non
1816 1864 2142 1933 possidebunt

553 1955 632 2025 (l.
664 1954 781 2008 Cor.
813 1955 865 2009 6.
904 1956 1013 2026 l0).
1041 1955 1176 2022 Quid
1207 1956 1365 2025 igitur
1407 1955 1510 2009 illis
1550 1955 1796 2009 miserius
1840 1954 2012 2013 fuerit,
2047 1953 2135 2021 qui

553 2048 624 2101 ob
657 2062 880 2116 parvam
923 2058 976 2101 et
1003 2049 1350 2116 perniciosam
1383 2047 1703 2116 voluptatem
1733 2062 1763 2100 a
1794 2047 1939 2116 regni
1974 2047 2134 2098 vesti-

557 2136 693 2192 bulis
733 2138 1056 2207 ejiciuntur?
1099 2138 1238 2191 absit
1279 2145 1455 2190 autem
1503 2146 1559 2191 ut
1599 2138 1716 2205 quis
1741 2153 1807 2192 ex
1840 2137 1903 2190 iis
1932 2138 2020 2206 qui
2053 2135 2139 2190 hic

553 2237 934 2292 convenerunt,
983 2227 1082 2282 hoc
1129 2227 1316 2282 morbo
1358 2227 1646 2297 implicitus
1674 2228 1740 2280 sit
1771 2245 1784 2280 :
1816 2225 1908 2280 sed
1938 2225 2135 2278 utinam

554 2320 698 2373 otnni
743 2335 864 2373 cum
908 2318 1208 2389 frugalitate
1237 2327 1292 2372 et
1327 2319 1653 2372 continentia
1697 2319 1856 2372 etiam
1905 2316 2005 2371 hoc
2053 2315 2140 2370 die

553 2397 841 2475 convivati,
872 2420 924 2463 et
953 2425 983 2462 a
1007 2418 1322 2478 tempestate
1348 2424 1409 2462 ac
1437 2409 1693 2478 procella,
1723 2425 1880 2478 quam
1907 2408 2140 2463 ebrietas

555 2515 811 2570 generare
833 2501 990 2565 solet,
1023 2501 1248 2565 liberati,
1278 2499 1330 2553 in
1362 2509 1568 2567 portum
1597 2500 1893 2552 animarum
1931 2509 2140 2552 nostra-

559 2607 698 2657 rum,
724 2591 1004 2660 jejunium,
1037 2592 1270 2660 inquam,
1293 2591 1559 2660 appellere
1582 2591 1874 2660 contingat,
1900 2599 1956 2644 ut
1978 2591 2140 2645 multa

557 2699 678 2738 cum
720 2683 960 2737 ubertate
1000 2683 1139 2736 illius
1176 2682 1312 2736 bona
1339 2683 1588 2752 consequi
1633 2683 1913 2751 possimus.
1959 2683 2141 2736 Enim-

561 2791 688 2830 vero
709 2776 846 2829 sicut
869 2775 1083 2844 crapula
1111 2777 1341 2829 humano
1367 2775 1550 2845 generi
1592 2775 1990 2830 innumerorum
2033 2790 2143 2828 tua-

561 2868 733 2922 lorum
759 2883 918 2921 causa
950 2876 1031 2922 est
1059 2876 1111 2922 et
1136 2866 1323 2929 fomes,
1358 2869 1426 2922 ita
1457 2867 1614 2922 etiam
1636 2867 1896 2937 jejunium
1921 2867 2143 2922 ventris-

559 2975 664 3028 que
693 2959 963 3028 neglectus
1006 2958 1242 3012 onmium
1275 2958 1428 3014 nobis
1455 2959 1712 3014 bonorum
1754 2974 1964 3029 semper
1984 2973 2141 3013 causa

561 3049 680 3104 fuit.
723 3049 854 3104 Nam
894 3050 1035 3105 Deus
1063 3064 1183 3104 cum
1210 3051 1275 3102 ab
1301 3050 1450 3106 initio
1488 3050 1755 3104 hominem
1796 3050 2140 3117 condidisset,

561 3152 617 3197 et
641 3142 802 3197 sciret
824 3157 945 3195 eum
975 3141 1076 3196 hoc
1104 3141 1338 3195 remedio
1362 3140 1426 3195 ad
1454 3141 1642 3194 anima:
1668 3142 1889 3196 salutem
1919 3140 2142 3194 multum

565 3235 764 3290 habere
799 3249 954 3304 Opus,
1003 3237 1180 3288 statim
1224 3245 1280 3288 et
1321 3233 1372 3288 in
1405 3233 1663 3304 principio
1706 3233 1806 3288 hoc
1837 3233 2142 3287 mandatum

565 3325 738 3394 primo
764 3325 971 3394 parenti
991 3324 1159 3389 dedit,
1187 3325 1368 3379 dicens
1397 3343 1409 3378 :
1441 3324 1517 3378 De
1542 3324 1680 3379 omni
1720 3324 1878 3395 ligno,
1915 3324 2049 3394 quod
2071 3335 2146 3377 est

562 3417 616 3470 in
678 3416 949 3486 paradiso,
992 3417 1298 3470 comedenda
1353 3417 1614 3478 comedet;
1674 3417 1736 3470 de
1784 3417 1922 3486 ligno
1979 3427 2146 3467 autem

566 3507 784 3562 scientia:
837 3509 952 3563 boni
986 3519 1034 3563 et
1077 3509 1216 3576 mali,
1265 3526 1328 3564 ne
1359 3509 1631 3563 comedatis
1660 3508 1724 3560 de
1767 3508 1878 3578 ipso
1907 3507 2060 3575 (Gen.
2088 3507 2142 3561 2.

568 3598 677 3670 16).
705 3600 821 3654 Jam
843 3599 1043 3667 dicere,
1073 3601 1183 3656 lloc
1207 3601 1448 3667 comede,
1481 3601 1580 3654 hoc
1620 3616 1687 3655 ne
1715 3600 1984 3662 comedas,
2011 3599 2148 3669 jeju-

565 3694 635 3746 nii
684 3691 848 3763 ﬁgura
887 3702 1020 3748 erat.
1063 3695 1230 3748 Porro
1273 3709 1392 3747 cum
1439 3693 1542 3746 hoc
1584 3693 1888 3746 mandatum
1933 3708 2148 3746 servare

565 3787 910 3856 oportuisset,
968 3786 1070 3840 hoc
1115 3795 1291 3839 tamen
1346 3785 1435 3838 ille
1480 3800 1584 3837 non
1632 3783 1793 3838 fecit:
1823 3784 1916 3837 sed
1949 3786 2149 3837 ventris

567 3877 978 3948 intemperantia
1026 3876 1216 3938 victus,
1265 3884 1318 3929 et
1360 3875 1838 3944 transgressionem
1877 3883 2146 3944 operatus,

569 3970 635 4026 ad
661 3977 888 4026 mortem
917 3966 1300 4025 condemnatus
1322 3974 1422 4026 est.
1446 3965 1704 4038 Quoniam
1725 3965 1866 4026 enim
1891 3965 2152 4038 malignus

571 4064 660 4118 ille
687 4063 895 4118 daemon
924 4072 978 4118 ct
1006 4063 1171 4117 nostri
1199 4064 1412 4134 generis
1461 4064 1702 4118 inimicus
1752 4063 1881 4118 vidit
1924 4063 2149 4132 primum

572 4164 844 4224 parentem
869 4155 922 4210 in
951 4156 1196 4225 paradiso
1229 4164 1558 4222 versantem,
1586 4155 1851 4224 vitamque
1880 4155 2021 4209 illam
2050 4155 2152 4208 mi-

570 4247 724 4301 seriae
771 4255 1043 4313 expertem
1070 4284 1087 4310 ,
1136 4255 1191 4299 et
1246 4261 1368 4300 eum
1412 4245 1499 4315 qui
1547 4246 1754 4314 corpori
1800 4246 1877 4300 sic
1916 4261 2152 4300 annexus

573 4347 706 4402 erat,
753 4346 1021 4406 tamquam
1063 4339 1308 4408 angelum
1338 4354 1497 4408 super
1528 4347 1723 4392 terrant
1761 4353 1940 4408 agere,
1969 4338 2154 4392 volens

574 4428 721 4481 illum
767 4428 1106 4495 supplantare
1145 4437 1200 4483 et
1241 4428 1472 4497 dejicere
1499 4429 1813 4498 ampliorum
1840 4429 2148 4498 promissio-

576 4532 702 4570 num
747 4532 862 4586 spe,
903 4517 1048 4571 illunt
1095 4518 1254 4574 etiam
1296 4519 1359 4572 iis
1405 4535 1522 4587 qua:
1564 4519 1616 4572 in
1658 4519 1898 4573 manibus
1927 4518 2155 4574 habebat

576 4606 841 4674 spoliavit.
890 4607 1114 4661 Tantum
1159 4617 1243 4662 est
1281 4607 1475 4662 tnalum
1505 4625 1607 4662 non
1635 4623 1694 4662 se
1718 4609 1992 4664 continere
2019 4610 2151 4663 intra

578 4697 820 4767 proprios
875 4699 1090 4763 limites,
1134 4698 1228 4754 sed
1281 4699 1569 4769 majoribus
1622 4701 1848 4755 inhiare.
1905 4701 1972 4756 Et
2017 4701 2152 4756 istud

576 4791 746 4858 ipsum
798 4791 1010 4861 sapiens
1050 4791 1262 4861 quidam
1311 4793 1586 4846 declarans
1636 4793 1847 4848 dicebat
1889 4811 1902 4846 :
1954 4792 2156 4846 Invidia

575 4891 744 4934 autem
779 4882 966 4934 diaboli
1013 4899 1145 4936 mors
1185 4883 1384 4936 intravit
1425 4883 1475 4937 in
1503 4885 1745 4937 mundum
1771 4884 1928 4953 (Sap.
1956 4882 2008 4936 Ξ.
2039 4883 2154 4952 24).

581 4971 758 5038 Vides,
790 4971 1005 5036 dilecte,
1049 4973 1316 5040 quomodo
1343 4975 1410 5028 ah
1446 4975 1596 5028 initio
1639 4976 1816 5028 statim
1845 4990 1915 5028 ex
1943 4975 2156 5041 crapula

579 5078 723 5117 mors
764 5063 1058 5137 ingressum
1102 5063 1325 5118 habuit?
1362 5063 1650 5120 Considera
1681 5073 1855 5119 autem
1888 5063 2076 5117 iterum
2102 5055 2159 5119 et

578 5163 699 5224 post
725 5153 838 5208 haec
873 5153 1103 5209 divinam
1139 5155 1465 5226 Scripturam
1505 5155 1730 5210 subinde
1757 5155 1978 5209 delicias
2008 5155 2158 5208 incu-

577 5255 782 5314 santem
807 5262 871 5302 ac
889 5245 1153 5302 dicentem
1183 5247 1372 5302 alicubi
1400 5265 1415 5302 :
1441 5245 1587 5300 Sedit
1617 5246 1834 5315 populus
1854 5243 2162 5299 manducare

579 5349 624 5390 et
667 5337 852 5399 bibere.
894 5348 942 5391 et
981 5348 1304 5392 surrexerunt
1345 5337 1520 5392 ludere
1559 5335 1750 5405 (Exod.
1797 5336 1883 5390 52.
1926 5335 2007 5402 6);
2033 5335 2159 5389 alibi

582 5441 745 5481 vero:
790 5427 857 5478 Et
905 5429 1137 5488 comedit,
1183 5438 1230 5482 et
1271 5427 1413 5492 bibit,
1459 5435 1504 5480 et
1531 5426 1869 5495 impinguatns
1890 5435 1982 5491 est,
2011 5435 2056 5480 et
2082 5427 2161 5479 in-

581 5525 856 5580 cruentus,
884 5527 930 5571 et
954 5519 1284 5573 recalcitravit
1309 5518 1522 5572 dilectus
1557 5513 1731 5585 (Deut.
1765 5516 1854 5570 5'2.
1884 5516 1998 5585 15),
2024 5516 2160 5582 Quin

583 5622 638 5665 et
655 5609 1011 5666 Sodomorum
1033 5611 1220 5665 incola:
1241 5607 1681 5679 indeprecabilent
1703 5607 1845 5661 illam
1883 5608 2015 5661 iram
2042 5621 2161 5661 cum

587 5720 650 5760 ex
686 5704 803 5760 aliis
831 5702 986 5757 malis
1010 5711 1121 5756 tum
1150 5701 1273 5756 hinc
1299 5702 1399 5758 sibi
1426 5701 1834 5757 accersiverunt.
1861 5699 1997 5756 Audi
2019 5699 2162 5757 enim

2233 401 2546 472 prOpbetam
2563 403 2826 460 dicentem
2855 422 2870 460 :
2904 405 3026 460 Ηωο
3048 407 3285 477 iniquitas
3302 407 3819 479 Sodomorum,un

2229 495 2281 546 in
2307 496 2534 548 satietate
2553 512 2740 564 panum
2766 495 3087 550 tasciviebant
3107 496 3320 566 (Each.
3346 499 3434 552 16.
3463 497 3576 568 49).
3602 499 3818 553 Morbus

2229 584 2370 638 enim
2420 585 2506 640 ille
2544 587 2691 656 quasi
2734 586 2881 641 radix
2927 595 2981 642 et
3010 587 3132 642 l’ons
3154 589 3365 658 quidam
3396 590 3657 644 malorum
3695 607 3818 646 om-

2231 677 2374 730 nium
2402 685 2504 730 est.

2302 767 2355 821 5.
2394 766 2660 838 Jejunium
2705 771 2934 834 exemplo
2973 781 3261 824 sanctorum
3301 773 3702 827 commendatur.
3744 805 3818 816 —-

2237 858 2418 913 Vidisti
2441 859 2671 929 crapulae
2693 862 3108 915 nocumentum?
3135 860 3267 916 Vide
3289 863 3448 917 etiam
3467 862 3654 931 jejunii
3679 879 3821 933 pra:-

2233 951 2374 1004 clara
2405 951 2660 1006 facinora.
2691 953 3048 1023 Quadraginta
3076 953 3194 1008 dies
3235 971 3353 1008 cum
3381 955 3677 1024 jejunasset
3706 974 3820 1013 ma-

2233 1058 2365 1111 gnus
2387 1043 2581 1109 Moses,
2603 1043 2733 1113 legis
2756 1045 2958 1098 tabulas
2975 1047 3217 1114 accipere
3240 1047 3408 1114 potuit
3431 1065 3444 1100 :
3467 1049 3816 1115 etquoniam,

2236 1143 2290 1186 ut
2315 1133 2608 1200 descendit,
2632 1135 2761 1188 vidit
2785 1135 2964 1204 populi
2991 1135 3344 1203 iniquitatem,
3373 1151 3504 1205 quas
3522 1151 3642 1190 cum
3669 1147 3819 1191 tanto

2235 1227 2443 1292 studio,
2473 1235 2529 1281 et
2548 1227 2886 1290 assiduitate,
2931 1229 3172 1297 accipere
3216 1229 3378 1297 potuit
3407 1271 3420 1292 ,
3454 1245 3545 1283 eas
3581 1230 3818 1299 abjectas

2235 1319 2490 1371 contrivit
2527 1317 2739 1387 (Exod.
2771 1319 2863 1372 24.
2896 1319 2996 1384 18;
3029 1328 3076 1372 et
3101 1320 3188 1373 51.
3223 1319 3324 1384 18;
3352 1329 3400 1373 et
3427 1319 3515 1374 52.
3548 1319 3686 1391 l9),
3719 1321 3816 1375 ab-

2236 1407 2454 1462 surdum
2484 1423 2604 1463 esse
2630 1423 2885 1474 censens,
2917 1408 3124 1463 ebrium
3153 1418 3206 1463 et
3233 1412 3687 1478 prmvaricatorem
3721 1429 3820 1479 po.

2238 1499 2416 1568 pulum
2443 1500 2587 1568 leges
2614 1513 2644 1552 a
2681 1499 2905 1554 Domino
2932 1499 3173 1554 conditas
3198 1500 3456 1568 accipere.
3485 1500 3822 1570 Quapropter

2237 1591 2414 1647 denuo
2451 1591 2793 1661 quadraginta
2826 1591 3033 1646 diermn
3057 1590 3260 1660 jejunio
3285 1606 3420 1660 opus
3441 1591 3622 1646 habuit
3648 1593 3820 1646 admi-

2237 1682 2434 1737 randus
2459 1683 2545 1737 ille
2574 1681 2850 1751 propheta,
2881 1690 2938 1736 ut
2965 1682 3167 1736 tabulas
3204 1692 3420 1750 prepter
3447 1683 3684 1750 ipsorum
3714 1683 3820 1737 ini-

2238 1774 2488 1842 quitatem
2518 1775 2772 1828 contritas
2797 1777 2987 1828 itcrum
3009 1789 3237 1842 superne
3259 1785 3497 1843 receptas
3515 1775 3823 1843 deportaret

2241 1865 2444 1936 (Exod.
2487 1867 2574 1920 54.
2617 1865 2750 1933 28)-
2787 1866 3026 1920 Totidem
3070 1865 3274 1920 dierum
3306 1867 3559 1935 jejunium
3611 1878 3667 1921 et
3710 1883 3808 1920 ma-

2238 1973 2373 2028 gnus
2399 1957 2576 2011 llelias
2604 1958 2856 2026 transegit
2875 1997 2890 2023 ,
2930 1958 3196 2024 vitataque
3225 1959 3410 2012 mortis
3440 1958 3735 2028 tyrannide,
3765 1971 3816 2012 ct

2240 2067 2398 2104 curru
2427 2051 2581 2118 igneo
2622 2051 2770 2118 quasi
2817 2050 2868 2102 in
2907 2049 3094 2101 caelum
3127 2057 3339 2115 raptus,
3375 2049 3533 2101 etiam
3574 2064 3739 2115 usque
3767 2050 3820 2102 in

2244 2143 2380 2196 Itane
2397 2141 2538 2195 diem
2568 2151 2792 2196 mortem
2819 2155 2923 2192 non
2953 2148 3202 2208 expertus
3225 2147 3306 2194 est
3348 2140 3423 2209 (5.
3458 2139 3584 2209 Reg.
3617 2141 3703 2193 19.
3738 2141 3816 2210 8).

2246 2233 2337 2287 Vir
2362 2247 2573 2302 quoque
2612 2230 3017 2296 desideriorum,
3047 2239 3261 2300 peracto
3289 2232 3574 2284 multorum
3612 2231 3822 2285 dierum

2237 2325 2442 2394 jejunio
2465 2364 2480 2388 ,
2529 2323 2892 2377 admirandam
2935 2321 3076 2376 illam
3115 2322 3371 2376 visionem
3405 2331 3588 2376 nactus
3616 2332 3727 2390 est,
3767 2334 3820 2378 ct

2245 2417 2455 2470 leonum
2488 2415 2721 2471 furorem
2748 2419 3076 2486 compescuit
3104 2418 3154 2472 in
3186 2419 3471 2489 oviumque
3512 2429 3820 2474 mansuetu-

2244 2507 2422 2563 dinem
2448 2509 2606 2563 vertit
2634 2507 2806 2576 (Dan.
2839 2509 2925 2564 10.
2956 2509 3049 2580 5),
3077 2525 3182 2564 non
3203 2518 3443 2564 naturam
3465 2518 3818 2585 commutatis,

2244 2600 2337 2655 sed
2355 2599 2560 2654 feritate
2577 2609 2824 2655 manente
2844 2601 3134 2672 appetitum
3148 2610 3403 2655 mutatum
3419 2601 3686 2655 cohibens.
3709 2601 3818 2654 lloc

2240 2692 2443 2762 jejunio
2457 2702 2511 2748 et
2526 2693 2768 2747 Ninivitze
2786 2694 2890 2760 usi,
2913 2695 3232 2749 sententiam
3258 2695 3461 2747 Domini
3479 2701 3812 2756 revocarunt.

2245 2785 2537 2840 efﬁcientes
2565 2795 2622 2840 ut
2646 2796 2749 2838 tam
2773 2786 3011 2853 jumenta
3039 2800 3197 2854 quam
3226 2785 3468 2838 homines
3495 2784 3619 2838 illud
3649 2785 3828 2838 susci-

2247 2888 2431 2948 perent
2450 2919 2466 2942 ,
2496 2892 2549 2934 et
2585 2880 2661 2933 sic
2690 2878 3036 2933 abscedentes
3063 2877 3423 2947 unusquisque
3459 2892 3488 2930 a
3529 2877 3680 2930 tualis
3707 2886 3815 2930 stu-

2245 2970 2367 3035 diis,
2396 2970 2460 3023 ad
2491 2969 2827 3024 clementiam
2858 2969 3221 3023 universorum
3254 2968 3531 3022 Dominmn
3566 2983 3815 3037 provoca-

2248 3071 2366 3114 rent
2405 3059 2589 3129 (lana:
2617 3061 2668 3114 5.
2699 3058 2788 3130 7).
2832 3060 2896 3113 Et
2921 3059 3047 3129 quid
3076 3059 3215 3113 circa
3246 3075 3427 3114 servos
3459 3059 3680 3113 ulterius
3706 3074 3822 3112 ver-

2247 3152 2379 3206 sor?
2428 3151 2628 3204 Etenim
2663 3165 2937 3219 possemus
2973 3159 3027 3204 et
3053 3148 3186 3204 alios
3217 3148 3471 3218 plurimos
3496 3162 3820 3202 commemo-

2250 3260 2370 3298 rare
2397 3253 2446 3296 et
2465 3244 2518 3296 in
2550 3242 2748 3307 Veteri,
2774 3252 2826 3296 et
2848 3242 2900 3295 in
2923 3241 3070 3295 Novo
3089 3240 3430 3294 Testamento
3457 3256 3550 3309 per
3565 3239 3818 3308 jejunium

2248 3333 2577 3396 celebratos;
2609 3347 2792 3387 verum
2826 3347 3004 3401 operte
3031 3332 3254 3401 pretium
3275 3340 3378 3396 est,
3412 3340 3469 3384 ut
3495 3330 3557 3383 ad
3583 3345 3822 3384 commu-

2251 3440 2370 3478 nem
2417 3423 2583 3478 nostri
2628 3423 2862 3478 omnium
2905 3423 3186 3477 Dominum
3227 3423 3520 3477 veniamus.
3573 3421 3824 3474 Dominus

2250 3516 2391 3568 enim
2439 3523 2619 3568 noster
2645 3514 2804 3569 Jesus
2829 3515 3091 3568 Cuntsrus
3116 3522 3171 3568 et
3199 3514 3311 3583 ipse
3339 3511 3677 3583 quadraginta
3704 3510 3823 3563 die-

2253 3623 2366 3660 rum
2397 3607 2672 3675 prazmisso
2697 3605 2919 3674 jejunio,
2952 3606 3029 3660 sic
3056 3616 3326 3659 certamen
3347 3614 3528 3657 contra
3553 3601 3821 3655 diabolum

2252 3713 2532 3767 aggressus
2552 3707 2632 3752 est
2663 3696 2873 3768 (Matth.
2907 3698 2961 3750 4.
2989 3696 3070 3764 2),
3095 3697 3444 3765 omnibusque
3477 3693 3629 3748 nobis
3649 3707 3826 3747 exem-

2255 3789 2398 3858 plum
2427 3788 2604 3852 dedit,
2638 3797 2694 3840 ut
2724 3803 2821 3858 per
2847 3787 2971 3841 illud
3001 3803 3290 3851 armentur,
3331 3795 3386 3840 et
3423 3801 3490 3842 ex
3537 3784 3628 3840 illo
3667 3784 3826 3838 robur

2253 3894 2544 3942 sumamus,
2572 3889 2629 3933 ut
2648 3880 2713 3932 ad
2744 3895 2969 3948 pugnam
2986 3889 3168 3934 contra
3189 3877 3454 3932 diabolum
3479 3876 3819 3928 instruamur.

2256 3971 2324 4024 At
2353 3969 2438 4023 hic
2463 3968 2709 4024 fortassis
2732 3969 2996 4038 rogaverit
3018 3968 3276 4036 quispiam
3302 3978 3488 4019 eorum
3513 3964 3600 4033 qui
3625 3965 3831 4019 acutius

2255 4061 2469 4131 vident,
2515 4070 2570 4120 ct
2619 4061 2927 4118 cxcitatiore
2955 4058 3130 4111 animo
3159 4066 3280 4111 sunt
3323 4073 3337 4111 :
3375 4046 3540 4125 quare
3571 4055 3827 4120 totidem,

2254 4168 2384 4228 quot
2407 4158 2568 4221 servi,
2591 4155 2707 4210 dies
2735 4150 2986 4210 Dominus
3006 4147 3250 4222 jejunare
3275 4146 3620 4220 catisnieitur,
3653 4154 3706 4202 et
3733 4161 3831 4202 nu-

2258 4264 2462 4302 merum
2508 4248 2655 4301 illttm
2701 4261 2803 4300 non
2851 4241 3272 4313 transgreditur?
3301 4239 3416 4294 Non
3456 4240 3558 4292 hoc
3601 4247 3829 4304 temere,

2257 4353 2427 4408 neque
2453 4337 2668 4402 frustra,
2701 4336 2808 4388 imo
2837 4349 2964 4388 vero
2992 4333 3260 4402 sapienter
3288 4340 3342 4385 et
3369 4345 3464 4400 pro
3495 4326 3743 4383 ineffabili
3769 4331 3832 4378 ll-

2259 4429 2360 4483 lins
2381 4427 2701 4496 benignitate
2727 4425 2918 4478 factum
2942 4433 3042 4478 est.
3071 4423 3270 4490 Nempe
3290 4437 3356 4475 ne
3380 4420 3720 4474 existimetur
3737 4432 3834 4486 ap-

2260 4529 2508 4589 parenter
2539 4528 2742 4572 tantum
2773 4516 3053 4571 advenisse
3074 4554 3090 4580 ,
3122 4524 3176 4568 et
3205 4529 3308 4566 non
3335 4511 3686 4580 assumpsisse
3713 4523 3831 4562 car—

2261 4628 2404 4676 nem,
2439 4611 2523 4665 vel
2564 4619 2716 4664 extra
2741 4608 3025 4662 humanam
3051 4620 3171 4659 esse
3199 4614 3461 4668 naturam,
3493 4611 3708 4670 pr0pter
3736 4597 3836 4652 hoc

2261 4703 2408 4756 illum
2439 4701 2610 4770 ipsum
2650 4713 2928 4752 numerum
2953 4695 3187 4765 jejunat,
3236 4707 3407 4762 neque
3445 4691 3580 4744 alios
3615 4689 3697 4742 bis
3723 4687 3836 4741 die-

2262 4791 2360 4844 bus
2385 4789 2596 4857 adjicit,
2631 4789 2709 4842 sic
2737 4787 2920 4840 volens
2956 4783 3412 4839 contentiosorum
3459 4776 3835 4848 impudentiam

2263 4881 2494 4935 frenare.
2527 4879 2656 4933 Nam
2687 4879 2738 4950 si
2760 4877 2922 4932 rebus
2949 4877 3018 4930 ita
3053 4875 3251 4945 gestis,
3297 4871 3510 4942 quidatn
3551 4872 3837 4923 etiamnum

2264 4972 2362 5025 ista
2393 4970 2535 5040 loqui
2565 4969 2792 5034 audent,
2821 4968 2919 5021 nisi
2948 4967 3137 5020 borum
3177 4963 3429 5033 prrcscius
3458 4961 3595 5014 hanc
3622 4959 3723 5011 illis
3749 4971 3841 5008 an-

2263 5077 2375 5116 sam
2413 5061 2731 5122 ademisset,
2764 5057 2886 5128 quid
2933 5073 3038 5111 non
3088 5055 3264 5108 dicere
3307 5049 3610 5120 aggressuri
3655 5047 3844 5101 erant?

2267 5152 2389 5207 Ideo
2417 5151 2584 5205 noluit
2611 5151 2790 5220 plures
2832 5147 2948 5202 dies
2986 5147 3264 5215 jejunare,
3306 5140 3400 5196 scd
3433 5139 3651 5194 totidem
3671 5175 3687 5200 ,
3717 5142 3845 5203 quot

2263 5246 2409 5300 servi
2433 5263 2446 5299 :
2468 5255 2524 5299 ut
2540 5258 2599 5298 re
2629 5243 2740 5314 ipsa
2761 5256 2858 5296 nos
2879 5240 3110 5303 erudiat,
3129 5251 3188 5292 se
3208 5235 3394 5289 eadem
3422 5248 3523 5301 qua
3565 5245 3664 5283 nos
3687 5243 3845 5280 ειη-ιω

2265 5339 2518 5392 amictum
2560 5347 2668 5391 eta
2697 5346 2882 5390 natura
2937 5339 3116 5387 nostra
3149 5337 3462 5382 extraneum
3509 5339 3614 5376 non
3668 5319 3843 5374 fuisse.

2337 5428 2394 5483 4.
2435 5428 2696 5482 Caeterum
2745 5424 2994 5494 quoniam
3025 5435 3054 5473 a
3083 5418 3237 5472 nobis
3275 5415 3699 5470 demonstratum
3730 5418 3844 5472 est,

2269 5535 2426 5589 quam
2448 5533 2637 5588 magna
2663 5519 2733 5571 sit
2755 5514 2944 5584 jejunii
2973 5512 3072 5574 vis,
3101 5518 3156 5562 et
3178 5523 3336 5577 quam
3369 5505 3641 5572 multiplex
3669 5517 3731 5555 cx
3760 5500 3851 5553 illo

2271 5609 2489 5674 utilitas,
2519 5607 2675 5676 idque
2695 5603 2942 5672 exemplo
2962 5613 3237 5655 servorum
3259 5613 3321 5650 ac
3346 5595 3552 5649 Domini
3575 5604 3656 5645 est
3677 5601 3850 5644 osten-

2276 5718 2431 5770 sum;
2472 5701 2593 5757 ideo
2633 5699 2856 5754 obsecro
2894 5695 3168 5750 caritatem
3218 5700 3482 5758 vestram,
3523 5695 3581 5741 ut
3626 5686 3850 5739 scientes
