4104 6196
501 341 569 397 Ὦ
1282 333 1340 389 S.
1382 330 1661 388 JOANNIS
1697 327 2170 387 CHRYSOSTOMI
2209 326 2525 385 ARCHIEP.
2561 325 3100 384 CONSTANTINOP.
3713 331 3782 388 23

505 467 722 516 ramus,
756 462 808 506 et
853 449 1106 521 apposite
1148 447 1438 518 Scriptura:
1486 446 1677 501 divina:
1729 445 2085 516 dogmatibus,

506 547 778 602 subtiliora
808 543 965 596 hodie
1009 541 1156 594 adine
1187 555 1341 595 sensa
1374 547 1661 593 tentemus.
1691 536 1823 592 Nam
1862 536 1908 589 si
1944 550 2091 590 nunc

509 636 611 690 hoc
641 650 744 688 non
788 631 1093 695 fecerimus,
1125 645 1246 683 cum
1273 627 1533 698 jejunium
1578 636 1660 682 est
1701 635 1754 682 et
1797 625 1934 695 gula:
1959 639 2090 679 con-

506 733 773 794 temptus,
803 732 858 776 et
899 731 1045 775 tanta
1085 720 1342 774 bonarum
1383 718 1760 788 cogitationum
1787 717 2088 771 serenitas:

510 813 722 886 quando
752 812 878 867 talia
905 821 1098 865 vestra:
1124 809 1329 865 caritati
1356 821 1624 877 apponere
1653 806 1945 876 poterimus
1963 805 1988 856 ?
2012 806 2091 857 An

511 923 631 961 cum
653 905 881 960 aderunt
909 903 1116 957 delicia:
1138 943 1153 966 ,
1179 900 1594 954 comessationes
1614 939 1628 962 ,
1658 906 1712 952 et
1732 911 1919 966 magna
1945 893 2091 950 desi-

507 999 638 1054 dia?
659 997 796 1064 Quin
819 1006 943 1049 tunc
966 1009 1140 1063 neque
1165 993 1263 1062 ipsi
1290 1033 1304 1057 ,
1336 1001 1395 1046 ut
1422 1006 1517 1060 par
1549 1000 1651 1055 est,
1679 989 1782 1044 hoc
1817 989 2090 1052 faciemus,

513 1102 687 1158 neque
713 1099 810 1140 vos
834 1085 1030 1154 aliquid
1051 1098 1234 1138 eorum
1269 1097 1386 1151 qua:
1411 1081 1672 1146 dicentur,
1703 1080 1854 1149 quasi
1881 1094 1910 1132 a
1939 1087 2093 1133 tene-

511 1179 622 1236 bris
645 1177 958 1250 quibusdam
977 1193 1005 1229 a
1033 1173 1406 1246 cogitationum
1437 1173 1668 1244 procella
1696 1171 1980 1238 submersi,
1998 1186 2095 1226 ex-

513 1271 692 1340 cipere
717 1268 979 1339 poteritis.

589 1358 1000 1428 Quadragesima:
1033 1367 1226 1425 tempus
1260 1363 1432 1426 aptum
1457 1353 1800 1408 contionibus.
1839 1382 1911 1392 —
1946 1351 2096 1406 Nunc

517 1459 696 1504 autem
729 1458 939 1517 tempus
977 1447 1077 1500 hoc
1097 1487 1112 1511 ,
1143 1447 1188 1500 si
1215 1446 1355 1516 quod
1385 1445 1528 1500 aliud
1556 1485 1572 1509 ,
1615 1443 1760 1498 hisce
1800 1443 2096 1511 disciplinis

515 1542 745 1595 maxime
769 1539 1014 1594 idoneum
1042 1547 1157 1594 est:
1191 1537 1404 1608 quando
1423 1551 1573 1593 serva
1589 1536 1698 1604 jam
1741 1549 1847 1589 non
1873 1535 2099 1604 insurgit

514 1629 768 1684 adversus
799 1628 1066 1682 dominatu
1089 1669 1104 1692 ,
1133 1627 1227 1681 sed
1273 1626 1502 1680 libenter
1527 1625 1629 1678 fert
1652 1623 1919 1689 habenas,
1947 1623 2099 1677 facile

516 1719 885 1790 persuadetur,
913 1717 1130 1772 multam
1161 1731 1267 1786 pra:
1285 1732 1343 1770 se
1363 1716 1469 1770 fert
1501 1715 1878 1778 obedientiam,
1897 1714 2098 1768 incom-

518 1811 719 1881 positos
762 1809 937 1864 carnis
965 1819 1141 1862 motus
1165 1807 1489 1877 compescit,
1517 1814 1572 1860 et
1605 1805 1740 1860 intra
1771 1818 1896 1859 suos
1922 1813 2101 1859 manet

517 1905 793 1960 terminos.
833 1902 1102 1970 Jejunium
1149 1900 1291 1956 enim
1333 1907 1413 1953 est
1453 1898 1750 1952 animarum
1797 1907 2098 1950 nostrarum

519 1995 891 2066 tranquillitas,
923 2008 1106 2048 senum
1131 1991 1314 2056 decor,
1341 1989 1736 2044 adolescentum
1760 1985 2100 2057 pmdagogus,

519 2087 902 2142 continentium
967 2085 1254 2153 magister,
1309 2080 1448 2150 quod
1515 2095 1728 2135 omnem
1785 2087 1997 2133 aetatem
2048 2083 2104 2132 et

516 2192 704 2232 sexum
729 2177 878 2245 quasi
905 2175 1202 2228 diademate
1221 2172 1447 2242 quodam
1478 2179 1649 2224 ornat.
1690 2169 1955 2240 Nusquam
2003 2167 2106 2222 ho-

521 2267 608 2320 die
645 2266 926 2329 tumultus,
961 2263 1047 2318 vel
1088 2263 1291 2318 clamor
1312 2302 1326 2324 ,
1357 2261 1439 2316 vel
1464 2259 1702 2316 carnium
1747 2258 2100 2322 concisiones,

522 2357 602 2410 vel
623 2369 912 2424 coquorum
941 2353 1212 2408 discursus
1237 2369 1250 2404 :
1283 2350 1379 2405 sed
1410 2351 1585 2404 omnia
1615 2349 1702 2402 illa
1744 2348 2024 2410 abierunt,
2050 2354 2106 2400 et

525 2448 639 2501 luec
666 2447 853 2502 civitas
875 2446 1150 2500 honestam
1179 2442 1486 2512 quamdam,
1517 2441 1874 2498 continentem
1895 2481 1910 2502 ,
1937 2447 1991 2492 et
2013 2453 2106 2492 so-

525 2540 693 2594 briatu
727 2547 1021 2591 matronam
1065 2536 1318 2590 imitatur.
1363 2532 1510 2588 Unde
1538 2548 1658 2586 cum
1699 2546 1907 2587 mecum
1931 2530 2106 2600 cogito

528 2631 853 2700 repentinam
884 2628 1228 2682 mutationem
1269 2623 1424 2678 hodie
1458 2622 1648 2678 factam
1674 2633 1728 2678 et
1770 2631 1954 2692 repeto
1990 2636 2106 2676 me-

528 2723 694 2777 moria
715 2721 945 2776 hesterni
963 2719 1069 2775 diei
1090 2717 1558 2788 perturbationem,
1583 2715 1836 2779 admiror,
1854 2724 1908 2768 et
1926 2713 2110 2768 obstu-

531 2828 690 2884 pesco
709 2812 894 2883 jejunii
924 2811 1060 2865 vires
1085 2818 1140 2864 et
1169 2807 1477 2878 potentiam,
1511 2803 1778 2876 quomodo
1799 2804 1850 2858 in
1872 2803 2112 2872 singulo-

531 2921 646 2960 rum
676 2903 1024 2960 conscientias
1051 2902 1343 2970 ingressum
1364 2940 1379 2963 ,
1413 2895 1870 2952 transformaverit
1907 2895 2109 2963 cogita-

533 2998 743 3061 tiones,
791 2995 1160 3065 expurgaverit
1211 3000 1441 3047 mentem
1467 3031 1483 3055 ,
1543 3004 1649 3044 non
1708 2988 2108 3057 magistratuum

533 3099 735 3143 tantum
757 3128 771 3151 ,
794 3086 886 3141 sed
921 3094 976 3140 et
1004 3084 1326 3154 privatorum
1351 3100 1365 3136 :
1396 3097 1502 3136 non
1547 3079 1832 3134 liberorum
1869 3086 2070 3132 tantum
2091 3117 2107 3142 ,

533 3179 626 3232 sed
648 3186 702 3232 et
719 3191 994 3232 servorum
1028 3189 1043 3227 :
1075 3190 1178 3228 nor.
1205 3175 1436 3227 virorum
1464 3179 1690 3236 tantum,
1719 3169 1812 3224 sed
1838 3180 1892 3224 et
1920 3171 2110 3224 mulie-

532 3284 814 3334 rutn;non
853 3267 1071 3323 divitum
1119 3275 1360 3331 tantum,
1403 3263 1499 3318 sed
1532 3271 1586 3318 et
1629 3277 1958 3332 pauperum;
2006 3276 2110 3316 non

537 3377 725 3417 eorum
751 3369 953 3414 tantum
981 3360 1069 3428 qui
1091 3358 1329 3414 Grzrcam
1357 3357 1585 3424 linguam
1616 3355 1787 3409 edocti
1816 3362 1969 3418 sunt,
2017 3352 2110 3407 sed

543 3463 597 3507 et
626 3451 992 3528 barbarorum.
1032 3449 1136 3505 Sed
1165 3447 1289 3518 quid
1316 3447 1436 3501 dico
1464 3446 1862 3515 magistratuum
1910 3452 1964 3498 et
2003 3443 2113 3513 pri-

539 3543 816 3597 vatorum?
845 3541 1015 3596 Etiam
1029 3541 1142 3611 ejus
1160 3541 1176 3572 ¹
1199 3539 1286 3610 qui
1311 3537 1554 3592 diadema
1579 3546 1765 3607 gestat,
1786 3535 2030 3589 similiter
2059 3542 2116 3587 ut

537 3635 758 3687 aliorum
780 3674 796 3699 ,
824 3631 1200 3686 conscientiam
1241 3629 1305 3682 ad
1339 3627 1474 3692 hanc
1494 3627 1848 3682 obedientiam
1890 3623 2111 3678 inﬂexit.

543 3724 649 3778 Nec
687 3722 844 3777 hodie
871 3723 1036 3775 ullum
1066 3720 1350 3775 discrimen
1395 3720 1532 3774 inter
1561 3733 1799 3773 mensam
1850 3717 2026 3770 divitis
2062 3725 2117 3771 et

541 3815 828 3884 pauperis:
860 3813 953 3867 sed
995 3813 1186 3882 ubique
1227 3811 1440 3881 frugalis
1477 3811 1772 3864 victusest
1795 3849 1810 3873 ,
1845 3809 2050 3861 alienus
2084 3823 2114 3861 a

543 3907 666 3959 luxu
691 3913 744 3958 et
763 3911 1040 3972 apparatu,
1071 3903 1363 3972 majoriqne
1399 3901 1555 3956 hodie
1579 3901 1849 3968 voluptate
1871 3896 1936 3950 ad
1964 3913 2115 3951 men-

540 4011 654 4050 sam
677 4005 886 4048 tenuem
907 3995 1098 4064 quique
1113 3993 1387 4056 accedunt,
1413 4006 1568 4062 quam
1598 3988 1802 4060 pridem
1833 4002 1952 4042 cum
1982 3986 2121 4040 mul-

543 4096 592 4138 ta
621 4086 842 4139 delicata
870 4085 1062 4150 edulia,
1084 4085 1412 4154 multumque
1432 4084 1611 4137 viuum
1634 4095 1901 4136 meracum
1921 4093 2119 4149 propo-

543 4179 783 4234 nebatnr.

611 4272 666 4324 2.
710 4271 943 4333 Vidistis,
975 4270 1172 4330 dilecti.
1200 4284 1266 4323 ex
1296 4266 1426 4337 ipsis
1451 4264 1718 4334 praeludiis
1734 4262 1917 4334 jejtmii
1947 4261 2118 4316 virtu-

544 4375 648 4418 tem
675 4372 729 4418 et
754 4363 1080 4432 potentiam?
1106 4361 1304 4415 Idcirco
1343 4368 1397 4413 et
1440 4359 1552 4426 ipse
1590 4357 1774 4425 majori
1820 4353 1975 4408 hodie
2013 4352 2123 4405 ala-

543 4455 750 4520 critate,
779 4469 935 4524 quam
963 4463 1139 4518 antea,
1162 4464 1438 4506 sermones
1475 4447 1752 4518 aggredior
1783 4462 1796 4497 :
1835 4444 2010 4498 sciens
2035 4457 2122 4495 me

545 4546 596 4602 in
625 4547 799 4616 pingui
832 4544 1191 4614 profundoque
1215 4556 1342 4595 arvo
1361 4539 1738 4593 seminaturum
1761 4579 1775 4602 ,
1799 4533 1938 4605 quod
1971 4532 2123 4586 nobis

547 4638 861 4692 tnultifarios
885 4637 1084 4690 fructus
1111 4647 1206 4703 pro
1228 4630 1517 4686 seminibus
1544 4625 1861 4682 concreditis
1883 4623 2122 4691 protinus

545 4729 769 4784 reddere
800 4729 1010 4798 poterit.
1052 4725 1326 4778 Discamus
1357 4722 1532 4790 igitur,
1566 4719 1610 4772 si
1643 4719 1834 4787 placet,
1866 4713 1991 4782 qttid
2025 4726 2122 4765 ve-

545 4824 642 4879 lint
669 4823 767 4877 sibi
787 4821 943 4874 verba
977 4817 1113 4872 beati
1134 4815 1292 4870 Mosis
1325 4813 1480 4887 hodie
1507 4811 1662 4864 lecta.
1697 4807 1804 4862 Sed
1830 4803 2085 4858 attendite
2105 4839 2121 4863 ,

545 4915 802 4974 obsecro,
841 4911 1124 4978 diligenter
1167 4906 1249 4960 his
1286 4921 1405 4975 qute
1446 4917 1475 4956 a
1508 4900 1660 4955 nobis
1699 4897 1944 4952 dicuntur
1974 4911 1988 4946 :
2018 4906 2124 4945 non

545 5007 687 5060 enim
720 5011 898 5058 nostra
926 5003 977 5054 ln
1006 4999 1240 5052 medium
1267 4995 1572 5056 atl‘erimus,
1607 4989 1702 5044 sed
1740 4988 1827 5041 illa
1860 4987 1970 5053 ipsa
2006 4997 2125 5052 qua:

547 5099 700 5153 nobis
727 5095 904 5150 divina
934 5092 1100 5162 gratia
1129 5091 1181 5142 in
1210 5097 1441 5141 vestram
1471 5080 1795 5138 concesserit
1822 5076 2124 5130 utilitatem.

545 5192 673 5255 Qum
700 5197 876 5240 autem
915 5186 1028 5235 Iure
1053 5176 1230 5233 .sunt?
1291 5175 1352 5228 In
1379 5171 1627 5243 principio
1682 5168 1797 5238 fecit
1854 5163 1994 5218 Deus
2029 5178 2126 5216 cte-

547 5283 652 5335 lum
683 5288 728 5331 et
757 5286 960 5329 terram.
1002 5269 1187 5324 Merito
1208 5268 1292 5319 hic
1315 5264 1605 5322 dubitatur,
1634 5272 1787 5326 quam
1815 5255 1885 5309 ob
1911 5268 2124 5308 causam

549 5371 730 5423 beatus
774 5368 874 5419 iste
919 5361 1206 5430 propheta,
1238 5357 1325 5426 qui
1352 5355 1524 5424 ,etiatu
1559 5353 1670 5420 ipse
1701 5349 1880 5404 multis
1918 5345 2126 5401 saeculis

548 5468 669 5530 post
715 5457 1034 5510 creationem
1081 5450 1259 5506 mutuli
1305 5448 1471 5508 vixit,
1522 5444 1636 5498 haec
1675 5441 1830 5496 nobis
1873 5445 2122 5508 exponat.

546 5527 686 5605 Sane
712 5561 817 5601 non
849 5557 1049 5600 temere
1076 5543 1176 5596 hoc
1205 5541 1332 5612 agit,
1365 5552 1464 5599 nec
1493 5535 1706 5589 frustra.
1748 5529 1959 5586 Etenim
1989 5527 2127 5582 Deus

610 5685 627 5715 ί
659 5682 872 5732 misum.
894 5678 1016 5742 quid
1050 5674 1160 5726 dico
1179 5672 1545 5737 magistratum
1565 5674 1611 5720 et
1635 5665 1926 5731 primtortuu
1943 5667 1988 5714 et
2009 5659 2128 5713 (uio-

547 5759 655 5797 rum
676 5744 700 5796 ?
721 5745 872 5794 titiam
891 5741 1017 5802 eius,
1045 5747 1140 5790 etc.

2198 444 2414 500 humani
2443 446 2654 514 generis
2692 445 2938 500 conditor
2958 487 2974 510 ,
2999 445 3068 500 ab
3097 445 3248 500 initio
3281 460 3377 515 per
3417 447 3654 516 scipsutn
3685 450 3775 504 ho-

2194 535 2424 590 minibus
2450 536 2762 606 loquebatur
2779 579 2794 604 ,
2825 552 2890 592 eo
2910 531 3024 607 quo
3045 537 3290 593 homines
3312 549 3559 607 poterant
3595 542 3782 598 audire

2195 629 2373 682 modo.
2413 627 2505 684 Sic
2527 628 2667 683 enim
2693 629 2760 682 ad
2787 629 2953 684 Adam
2982 631 3154 693 venit;
3180 630 3258 683 sic
3287 629 3418 685 Cain
3456 633 3779 704 increpavit;

2194 717 2271 770 sic
2291 733 2409 770 cum
2433 717 2542 772 Noe
2565 719 2814 786 loquutus
2842 728 2951 784 cst;
2977 719 3054 772 sic
3077 720 3215 787 apud
3249 719 3514 774 Abraham
3540 723 3782 792 hospita-

2200 817 2283 862 tus
2297 817 2398 863 est.
2441 810 2510 863 At
2558 809 2644 862 ubi
2674 810 2725 862 in
2753 809 3002 862 malitiam
3035 824 3278 878 magnam
3306 825 3466 864 omne
3502 811 3776 868 hominum

2195 913 2362 967 genus
2398 901 2642 968 prorupit
2665 939 2678 962 ,
2717 913 2885 968 neque
2911 908 3034 952 tunc
3059 914 3179 952 sese
3221 909 3385 952 totum
3415 901 3482 955 ab
3508 900 3775 958 hominum

2195 1003 2394 1058 genere
2420 990 2613 1043 avertit
2638 988 2824 1058 Opifex
2850 990 3085 1043 omnium
3121 1010 3134 1045 :
3165 990 3258 1043 sed
3284 991 3405 1058 quia
3427 1006 3520 1044 sua
3553 992 3782 1046 familia-

2200 1080 2358 1133 ritate
2389 1091 2570 1148 postea
2611 1079 2810 1150 indigni
2843 1081 2961 1135 facti
2990 1080 3236 1147 fuerunt,
3261 1082 3449 1136 iterum
3478 1099 3630 1139 suam
3655 1100 3780 1156 erga

2198 1171 2318 1226 illos
2341 1173 2624 1226 amicitiam
2648 1173 2900 1227 innovare
2929 1173 3132 1234 volens.
3162 1176 3311 1242 quasi
3353 1177 3507 1246 longe
3549 1177 3784 1234 absenti.

2201 1263 2301 1319 bus
2329 1263 2512 1319 literas
2545 1265 2723 1330 mittit,
2754 1265 3130 1320 conciliaturus
3145 1267 3244 1320 sibi
3275 1269 3577 1323 universam
3607 1265 3780 1323 nomi-

2200 1371 2328 1410 num
2352 1365 2613 1410 naturam.
2641 1355 2708 1411 Et
2733 1357 2828 1410 has
2852 1356 3064 1424 quidem
3093 1357 3272 1411 literas
3297 1357 3442 1411 dedit
3465 1358 3626 1424 Deus,
3644 1369 3784 1413 attu-

2200 1447 2262 1502 lit
2289 1456 2464 1502 autem
2494 1447 2686 1501 Moses.
2727 1446 2864 1514 Quid
2918 1447 3074 1517 igitur
3125 1448 3309 1502 dicunt
3355 1449 3436 1502 ha:
3482 1449 3688 1505 liter-.2?
3718 1449 3782 1503 In

2200 1539 2450 1610 principio
2471 1539 2586 1609 fecit
2615 1537 2753 1592 Deus
2817 1538 2999 1592 osclum
3041 1548 3088 1592 et
3125 1549 3331 1592 terram.
3371 1538 3663 1594 Considera
3720 1541 3770 1594 in

2205 1632 2307 1686 hoc
2329 1673 2344 1695 ,
2375 1632 2678 1696 carissime,
2711 1646 2868 1700 quam
2896 1629 3224 1684 admirabilis
3248 1640 3301 1684 et
3337 1631 3561 1685 eximius
3587 1632 3652 1685 sit
3683 1631 3783 1686 iste

2202 1721 2480 1792 propheta.
2524 1721 2623 1774 Alii
2673 1721 2813 1774 enim
2857 1735 3044 1774 omnes
3079 1721 3350 1789 propheta:
3398 1736 3462 1774 ea
3510 1720 3778 1784 dixerunt,

2202 1815 2286 1868 vel
2311 1829 2431 1883 qua:
2459 1813 2640 1866 multis
2673 1820 2855 1881 postea
2905 1809 3234 1879 temporibus
3263 1810 3432 1863 futura
3466 1820 3622 1865 erant
3647 1851 3664 1875 ,
3701 1811 3780 1864 vel

2204 1920 2321 1975 qua:
2345 1905 2524 1959 statim
2545 1913 2797 1959 eventura
2822 1911 3001 1956 essent
3021 1917 3035 1954 :
3069 1901 3253 1955 beatus
3275 1911 3451 1956 autem
3479 1902 3598 1968 iste,
3631 1911 3784 1956 natus

2204 2009 2325 2049 cum
2349 1994 2458 2062 jam
2485 1993 2651 2048 multa
2677 1991 2857 2047 mundi
2875 1991 3188 2046 transissent
3212 1984 3425 2056 srecula,
3455 1991 3642 2047 ducem
3668 2005 3786 2046 sor-

2209 2085 2335 2140 titus
2360 2100 2644 2154 supernam
2675 2084 2946 2139 dexteram
2979 2086 3017 2148 ί,
3048 2083 3236 2153 dignus
3264 2093 3347 2138 est
3362 2083 3592 2148 habitus,
3617 2094 3675 2142 ut
3696 2085 3782 2138 illa

2207 2178 2361 2233 nobis
2386 2178 2609 2239 diceret,
2633 2193 2750 2247 qua:
2777 2187 2898 2230 ante
2914 2186 3090 2229 ortum
3107 2190 3260 2229 suum
3281 2177 3515 2230 omnium
3531 2177 3786 2230 Dominus

2208 2270 2547 2325 formaverat.
2589 2269 2792 2324 Idcirco
2834 2268 2917 2323 his
2951 2268 3134 2336 incipit
3173 2268 3348 2321 verbis
3381 2289 3394 2323 :
3426 2268 3491 2321 1η
3537 2270 3788 2336 principio

2208 2362 2326 2431 fecit
2345 2359 2480 2414 Deus
2498 2360 2676 2414 cretum
2705 2370 2750 2412 ct
2778 2368 2960 2412 terram
2988 2373 3007 2411 :
3040 2357 3185 2427 quasi
3217 2357 3280 2410 ad
3308 2370 3492 2409 omnes
3520 2370 3614 2409 nos
3639 2355 3781 2408 clara

2209 2467 2340 2506 voce
2359 2452 2570 2514 clamet,
2602 2459 2656 2505 et
2675 2451 2848 2504 dicat:
2877 2449 3012 2503 Num
3039 2448 3107 2502 ab
3141 2448 3438 2500 hominibus
3462 2447 3657 2498 doceor
3677 2486 3692 2509 ,
3726 2455 3784 2498 ttt

2212 2544 2326 2596 haec
2350 2543 2536 2611 loquar
2553 2541 2578 2593 ?
2607 2539 2655 2594 Is
2680 2541 2792 2610 ipse
2812 2541 2900 2609 qui
2933 2539 3044 2592 lucc
3070 2553 3188 2594 cum
3217 2551 3318 2590 non
3343 2545 3542 2601 essent,
3560 2535 3702 2599 fecit,
3728 2543 3788 2588 ut

2213 2644 2414 2697 essent,
2443 2633 2672 2703 linguam
2705 2646 2876 2685 meam
2905 2631 2967 2683 ad
3014 2628 3196 2683 isthaec
3234 2625 3526 2682 enarranda
3560 2625 3786 2694 impulit.

2213 2726 2375 2798 lgitttr
2397 2727 2639 2788 obsecro,
2669 2725 2739 2778 ita
2768 2724 3149 2787 auscultemus,
3178 2723 3247 2775 ita
3281 2720 3476 2774 nostris
3503 2717 3791 2772 ratiociniis

2214 2822 2428 2892 longum
2454 2820 2570 2874 vale
2588 2818 2848 2883 dicamus,
2879 2816 3028 2886 quasi
3059 2815 3172 2869 haec
3202 2829 3303 2867 non
3319 2819 3428 2882 jam
3449 2827 3478 2865 a
3505 2810 3666 2872 Mose,
3696 2809 3788 2862 sed

2214 2931 2310 2985 per
2338 2915 2568 2984 linguam
2593 2911 2754 2966 Mosis
2783 2910 2849 2965 ab
2878 2910 2994 2978 ipso
3035 2909 3400 2961 universorum
3451 2904 3558 2957 Deo
3601 2899 3788 2955 audia-

2215 3023 2352 3062 mus.
2396 3004 2679 3060 Ratiocinia
2700 3001 2840 3056 enim
2867 2999 3124 3054 hominum
3152 2997 3328 3051 timida
3346 3004 3462 3049 sunt
3485 3036 3500 3058 ,
3528 2992 3716 3062 inquit,
3747 3000 3792 3044 et

2215 3099 2419 3153 incertae
2444 3095 2769 3167 cogitationes
2795 3107 2966 3146 eorum
3004 3089 3158 3160 (Sap.
3181 3088 3234 3142 9.
3261 3087 3372 3156 l4).
3399 3084 3564 3140 Grato
3605 3080 3792 3136 admo-

2215 3191 2342 3245 dum
2369 3188 2549 3244 animo
2577 3186 2898 3255 accipiamus
2922 3197 3040 3251 quae
3069 3181 3314 3236 dicuntur
3336 3219 3352 3242 ,
3384 3194 3451 3232 ne
3491 3173 3794 3246 progredia-

2218 3296 2337 3336 mur
2369 3280 2504 3332 ultra
2534 3291 2693 3346 quam
2721 3276 2823 3328 fert
2847 3286 3112 3327 mensum
3142 3278 3336 3322 nostra:
3362 3267 3592 3321 tenuitas
3611 3307 3626 3331 ,
3661 3277 3794 3318 neve

2217 3370 2477 3424 curiosius
2502 3381 2620 3436 qua:
2665 3379 2825 3433 supra
2873 3377 2968 3416 nos
2997 3368 3122 3413 sunt
3163 3358 3475 3426 indagemus
3507 3373 3519 3407 :
3553 3355 3603 3409 id
3642 3353 3794 3423 ,quod

2218 3458 2453 3512 veritatis
2507 3455 2748 3510 hostibus
2783 3452 2982 3514 evenit,
3021 3449 3111 3519 qui
3141 3449 3420 3502 voluerunt
3447 3445 3673 3514 propriis
3707 3459 3796 3498 ra-

2219 3548 2450 3603 tiociniis
2479 3545 2723 3600 universa
2744 3541 3066 3614 expendere,
3100 3555 3202 3594 non
3233 3535 3526 3604 cogitantes
3553 3533 3797 3601 impossi-

2220 3641 2323 3696 bile
2373 3655 2492 3695 esse
2543 3637 2788 3691 humana:
2849 3642 3051 3688 natura:
3103 3629 3195 3684 Dei
3249 3625 3514 3697 opificiqu
3589 3621 3798 3692 penitus

2219 3733 2518 3802 explorare.
2559 3729 2719 3798 Quid,
2743 3728 2978 3798 inquam,
3024 3723 3114 3778 Dei
3140 3720 3428 3792 opificium,
3468 3731 3588 3770 cum
3629 3729 3798 3782 neque

2220 3821 2471 3885 hominis,
2493 3821 2582 3891 qui
2609 3820 2761 3873 nobis
2792 3827 2976 3872 natura
3005 3824 3262 3886 cognatus
3286 3820 3400 3878 est,
3429 3817 3572 3863 artes
3595 3804 3801 3874 penitus

2222 3911 2457 3980 indagari
2485 3909 2731 3978 possint?
2781 3909 2874 3962 Dic
2920 3907 3099 3972 enint,
3143 3917 3342 3974 quaeso,
3393 3897 3660 3965 quomodo
3708 3905 3803 3958 per

2223 4001 2538 4056 metallicam
2566 4009 2732 4052 artem
2760 4000 2878 4050 auri
2904 4009 3090 4049 natura
3107 3987 3398 4045 conﬂatur?
3425 3985 3506 4038 vel
3538 3980 3806 4052 quotnodo

2223 4094 2342 4148 vitri
2367 4092 2568 4162 puritas
2583 4105 2648 4144 ex
2677 4079 2837 4140 arena
2866 4083 3130 4139 efficitur?
3159 4080 3353 4134 Verum
3377 4093 3479 4131 non
3505 4076 3668 4128 habes
3687 4089 3806 4142 qute

2223 4159 2392 4241 dicas.
2431 4179 2487 4238 Si
2520 4181 2678 4252 igitur
2702 4179 2817 4232 haec
2849 4191 2966 4246 quae
2995 4159 3126 4227 ante.
3155 4172 3338 4224 oculos
3364 4177 3484 4221 sunt
3512 4164 3677 4234 posita
3704 4205 3719 4230 ,
3750 4173 3806 4217 et

2224 4294 2342 4348 qua:
2369 4291 2465 4345 per
2491 4273 2583 4327 Dei
2615 4267 2990 4334 benignitatem
3027 4263 3257 4316 humana
3302 4264 3552 4327 operatur
3594 4254 3805 4322 sapien-

2227 4371 2316 4434 tia,
2343 4363 2562 4434 intelligi
2591 4366 2880 4429 nequettnt,
2913 4369 3080 4426 quzea
3109 4353 3219 4408 Deo
3242 4353 3355 4421 ipso
3383 4348 3518 4403 facta
3548 4355 3691 4409 sunt,
3711 4361 3807 4399 cu-

2227 4459 2463 4515 riositate
2490 4465 2578 4509 tua
2600 4451 2854 4521 inquires,
2884 4445 3079 4501 homo?

2299 4549 2382 4601 Ex
2409 4545 2647 4599 creaturis
2676 4548 2870 4593 creator
2893 4536 3286 4605 agnoscitur.—
3310 4531 3478 4597 Quam
3507 4528 3806 4596 assequeris

2229 4637 2480 4694 veniam?
2503 4649 2604 4704 qua
2633 4643 2684 4686 te
2713 4629 2946 4684 tueberis
2974 4625 3310 4687 defensione,
3341 4622 3410 4675 ita
3435 4618 3718 4679 insaniens,
3754 4624 3810 4670 ut

2229 4745 2346 4800 qua!
2375 4743 2534 4796 supra
2573 4733 2774 4779 naturae
2801 4732 2903 4774 tua:
2927 4729 3140 4789 captum
3181 4725 3328 4777 sunt,
3362 4708 3689 4782 speculeris?
3717 4708 3802 4760 Di-

2229 4799 2352 4877 cere
2371 4821 2510 4875 enim
2541 4834 2601 4874 ea
2623 4831 2740 4887 qua:
2769 4824 2890 4868 sunt
2914 4828 2980 4867 ex
3007 4811 3242 4878 subjecta
3263 4806 3480 4862 materia
3503 4818 3622 4858 esse
3650 4799 3808 4864 facta,

2229 4926 2283 4970 et
2313 4929 2416 4968 non
2443 4910 2704 4974 confiteri,
2743 4906 2977 4961 omnium
3011 4904 3264 4972 Opiﬁcem
3312 4914 3374 4954 ea
3403 4913 3470 4951 ex
3496 4894 3662 4948 nihilo
3689 4907 3811 4944 erc-

2231 5007 2425 5069 avisse,
2469 5000 2796 5071 desipientia:
2839 5005 3091 5051 extrema:
3139 4994 3344 5060 signum
3391 4987 3568 5041 fuerit.
3619 4985 3811 5037 Beatus

2233 5097 2408 5166 itaque
2439 5095 2692 5165 propheta
2719 5092 2836 5154 istc,
2868 5086 3165 5142 obturando
3197 5081 3552 5150 insipientium
3581 5092 3694 5139 ora,
3719 5092 3814 5127 au-

2231 5165 2528 5260 spicaturus
2567 5185 2779 5247 librum,
2807 5181 2883 5235 sic
2908 5179 3102 5248 cmpit:
3140 5175 3205 5228 In
3247 5171 3493 5242 principio
3522 5169 3638 5236 fecit
3677 5165 3815 5218 Deus

2233 5255 2412 5335 ch'fttttt
2441 5288 2487 5332 et
2513 5288 2717 5331 terram.
2755 5272 2887 5326 Cum
2925 5271 3082 5338 igitur
3118 5264 3286 5326 audis,
3319 5260 3485 5321 Fecit,
3516 5257 3643 5310 nihil
3673 5255 3813 5308 aliud

2233 5373 2368 5428 ultra
2398 5369 2662 5426 curiosius
2699 5377 2878 5435 qu:ch
2916 5383 2927 5415 :
2972 5361 3062 5413 sed
3096 5358 3313 5410 humum
3357 5360 3623 5422 spectans,
3660 5347 3818 5400 dictis

2235 5464 2392 5520 fidem
2422 5460 2578 5516 habe.
2609 5457 2740 5511 Nam
2771 5455 2908 5507 Deus
2929 5457 3010 5506 est
3029 5447 3315 5518 quiomuia
3340 5443 3481 5506 facit,
3500 5452 3553 5494 et
3581 5441 3631 5494 in
3659 5437 3813 5491 aliam

2237 5559 2460 5614 formam
2488 5558 2677 5618 mutat,
2705 5562 2767 5600 ac
2791 5543 3081 5599 secundum
3103 5541 3428 5594 voluntatem
3458 5550 3610 5591 suam
3640 5531 3813 5586 omnia

2303 5715 2325 5763 ι,
2354 5710 2564 5768 enisum,
2590 5715 2846 5769 supernam
2863 5700 3133 5766 potentiam.
