4094 6204
287 303 356 361 27
1499 296 1566 353 IN
1606 296 1757 357 CAP.
1798 296 1814 351 1
1885 292 2128 355 GENES.
2170 295 2400 353 IIOMIL.
2438 296 2501 354 ll.
3653 306 3722 359 ‘23

285 437 404 474 τινα
427 416 799 490 διαλεχθῶμεν
832 414 968 487 πρὸς
1013 414 1112 485 τὴν
1149 414 1422 485 ὑμετέραν
1454 414 1696 485 ἀγάπην,
1750 414 1844 468 καὶ
1875 413 1957 467 λε-

291 502 568 574 πτοτέρων
605 501 845 571 σήμερον
871 496 1373 566 κατατολμήσωμεν
1414 496 1722 565 νοημάτων,
1754 496 1822 549 τὰ
1853 496 1961 549 ἀπὸ

290 587 399 641 τῶν
440 583 601 638 θείων
652 584 691 635 Γ
694 580 882 654 ραφῶν
916 577 1311 649 παρατιθέντες
1350 579 1478 648 ὑμῖν
1508 577 1834 646 διδάγματα.
1898 578 1960 630 Et

291 669 403 739 γὰρ
435 667 510 739 μή
545 666 637 720 νῦν
657 663 816 717 τοῦτο
848 662 1203 733 ποιήσαιμεν,
1237 662 1328 714 ὅτε
1358 660 1579 729 νηστεία
1602 661 1697 712 καὶ
1727 657 1961 729 γαστρὸς

294 750 584 822 ὑπεροψία,
627 746 722 801 καὶ
745 745 980 813 τοσαύτη
1016 743 1126 796 τῶν
1147 742 1324 813 όρθῶν
1349 741 1626 811 λογισμῶν
1663 742 1695 813 ή
1729 742 1960 813 γαλήνη,

296 836 427 888 πότε
476 828 837 903 δυνησώμεθα
885 827 1057 881 ταῦτα
1113 826 1440 897 παραθεῖναι
1486 824 1565 897 [8]
1602 827 1668 896 τῇ
1720 824 1964 895 ὑμετέρᾳ

294 916 521 988 ἀγάπῃς
555 914 686 967 Ὅτε
720 909 899 982 τρυφὴ
932 910 1028 962 καὶ
1064 909 1343 980 ἀδηφαγία
1371 910 1464 962 καὶ
1503 909 1672 978 πολλὴ
1711 909 1743 979 ἡ
1800 908 1963 979 ρᾳθυο

299 998 437 1070 μίας
476 995 634 1050 Ἀλλὰ
671 993 793 1047 τότε
821 992 946 1045 οὔτε
979 993 1133 1046 αὐτοὶ
1170 993 1330 1046 τοῦτο
1373 994 1602 1057 δεόντως
1645 993 1964 1063 ποιήσομεν,

298 1080 421 1134 οὐτε
452 1080 608 1150 ὑμεῖς
636 1075 927 1146 δυνήσεσθε
956 1075 1206 1148 καθάπερ
1228 1076 1332 1129 ὑπὸ
1354 1076 1550 1146 ἀχλύος
1577 1075 1722 1138 τινὸς
1742 1074 1838 1143 τῆς
1858 1072 1967 1127 τῶν

299 1162 574 1231 λογισμῶν
598 1157 770 1231 ζάλης
791 1157 1326 1229 καταϐαπτιζόμενοι
1350 1158 1605 1223 δέξασθαί
1626 1174 1678 1210 τι
1702 1157 1811 1209 τῶν
1825 1156 1971 1225 λεγο-

374 1259 500 1297 νων.

374 1259 500 1297 νων.

302 1245 487 1379 μέΝῦν
511 1323 589 1390 δὲ,
612 1323 663 1376 εί
687 1322 780 1377 καί
809 1339 941 1376 ποτε
971 1322 1181 1386 ἀλλθτε,
1207 1324 1395 1392 καιρὸς
1423 1319 1529 1374 τῶν
1544 1319 1798 1373 τοιούτων
1830 1319 1973 1372 διδα-

300 1408 549 1480 γμάτων,
576 1409 664 1462 ὅτε
687 1408 788 1461 οὐκ
819 1406 899 1459 ἔτι
920 1404 1492 1473 κατεξανίσταταιτῆς
1521 1403 1762 1474 κυρίαςή
1789 1401 1969 1471 δούλη,

302 1489 418 1545 ἀλλ’
456 1491 668 1561 εὐήνιος
691 1487 955 1559 γενομένη
984 1486 1182 1558 πολλὴν
1231 1487 1330 1559 τὴν
1360 1484 1532 1539 πειθὼ
1580 1486 1675 1539 καὶ
1707 1484 1807 1555 τὴν
1866 1485 1972 1537 ὑπ-

303 1570 474 1642 ακοὴν
494 1570 883 1634 ἐπιδείκνυται,
908 1570 977 1623 τά
995 1571 1185 1641 σκιρτή
1194 1586 1340 1640 ματα
1360 1568 1458 1638 τῆς
1490 1568 1691 1640 σαρκὸς
1709 1584 1974 1621 καταστο-

308 1653 533 1724 ρέσασα,
564 1653 657 1706 καὶ
708 1652 801 1705 ἐπὶ
833 1651 942 1705 τῶν
971 1652 1187 1705 οίκείων
1230 1652 1371 1723 ὅρων
1428 1650 1683 1721 μένουσα.
1733 1647 1975 1719 Νηστεία

306 1734 413 1806 γάρ
440 1735 586 1787 ἐστιν
614 1736 646 1805 ή
671 1733 880 1805 γαλήνη
905 1730 1013 1785 τῶν
1046 1732 1330 1804 ἡμετέρων
1367 1731 1579 1802 ψυχῶν,
1608 1732 1642 1801 ή
1682 1728 1790 1782 τῶν
1812 1745 1977 1798 γεγη-

311 1818 552 1888 ρακότων
575 1816 862 1887 εὐκοσμία,
901 1817 935 1886 ή
967 1815 1077 1868 τῶν
1101 1814 1238 1868 νέων
1276 1814 1642 1883 παιδαγωγὸς,
1679 1813 1712 1884 ἡ
1742 1812 1850 1865 τῶν
1875 1828 1979 1864 σω-

310 1898 647 1971 φρονούντων
666 1898 1001 1962 διδάσκαλος,
1022 1901 1055 1967 ἡ
1076 1898 1258 1951 πᾶσαν
1275 1897 1491 1968 ήλικίαν
1508 1896 1604 1951 καὶ
1630 1895 1791 1965 φύσιν
1807 1893 1978 1947 καθά-

313 1996 419 2050 περ
468 1978 754 2051 διαδήματι
802 1996 910 2033 τινι
940 1979 1384 2051 κατακοσμοῦσα.
1430 1976 1684 2048 Οὐδαμοῦ
1738 1977 1979 2048 σήμερον

312 2060 559 2132 θόρυϐος,
596 2060 716 2115 οὑδὲ
774 2062 1014 2134 κραυγὴ,
1067 2061 1190 2115 οὐδέ
1231 2060 1413 2132 κρεῶν
1461 2060 1797 2122 κατακοπαὶ,
1857 2056 1979 2110 οὐδὲ

322 2143 595 2213 μαγείρων
622 2143 842 2214 δρόμοι·
877 2144 1012 2197 ἀλλά
1040 2144 1218 2197 πάντα
1253 2145 1438 2198 ἐκεῖνα
1493 2141 1856 2211 ἀπελήλαται,
1887 2139 1982 2194 καὶ

320 2224 633 2294 εὐσχήμονά
660 2240 782 2278 τινα
830 2225 925 2279 καὶ
950 2229 1182 2297 κοσμίαν
1202 2228 1296 2279 καὶ
1323 2226 1577 2297 σώφρονα
1626 2224 1918 2295 ἐλευθέραν
1944 2223 1979 2293 ἡ

317 2304 472 2368 πόλις
499 2307 631 2377 ἡμῖν
652 2309 897 2378 μιμεῖται
921 2307 1038 2362 νῦν.
1060 2309 1231 2362 Ὅταν
1248 2309 1357 2379 γὰρ
1385 2310 1623 2378 ὲννοήσω
1653 2307 1751 2377 τὴν
1777 2305 1983 2379 ἀθρόαν

317 2388 626 2459 μεταϐολὴν
676 2390 774 2462 τὴν
817 2392 1055 2463 σήμερον
1109 2391 1506 2462 γεγενημένην,
1539 2390 1632 2445 καὶ
1682 2388 1986 2459 λογίσωμαι

315 2475 417 2543 τῆς
439 2474 692 2545 χθεσινῆς
716 2476 931 2546 ἡμέρας
963 2477 1063 2550 τὴν
1090 2478 1501 2532 ἀκαταστασίαν
1519 2516 1534 2541 ,
1568 2475 1854 2547 θαυμάξω,
1890 2473 1986 2528 καὶ

315 2557 687 2628 ἐκπλήττομαι
707 2559 804 2629 τῆς
831 2561 1083 2629 νηστείας
1104 2561 1204 2631 τὴν
1231 2562 1404 2631 ίσχὺν,
1438 2561 1585 2623 ὅπως
1617 2560 1698 2622 είς
1723 2558 1823 2629 τὴν
1852 2556 1985 2610 ἐκά-

316 2655 443 2692 στου
478 2638 781 2708 συνείδησιν
832 2641 1151 2695 είσελθοῦσα
1207 2642 1514 2713 μετέπλασε
1560 2643 1652 2695 τὸν
1705 2638 1984 2710 λογισμὸν,

317 2719 617 2790 ἐξεκάθαρε
643 2720 743 2790 τήν
773 2719 1030 2785 διάνοιαν,
1058 2723 1157 2775 οὐκ
1195 2725 1472 2793 ἀρχόντων
1498 2722 1677 2793 μόνον,
1707 2720 1843 2776 ἀλλὰ
1894 2722 1989 2775 καὶ

321 2802 546 2858 ἰδιωτῶν
562 2821 575 2835 ·
607 2804 708 2857 οὐκ
733 2804 1063 2877 ἐλευθέρων,
1095 2805 1231 2858 ἀλλά
1252 2807 1346 2858 καὶ
1369 2804 1570 2858 δούλων
1590 2820 1604 2836 ο
1631 2806 1732 2858 οὐκ
1755 2804 1985 2876 ἀνδρῶν,

320 2885 454 2939 ἀ).λὰ
479 2885 573 2939 καὶ
598 2887 870 2954 γυναικῶν
888 2901 902 2916 '
928 2888 989 2940 οὐ
1014 2887 1304 2953 πλουσίων,
1334 2887 1471 2941 ἀλλά
1493 2888 1587 2942 καὶ
1613 2889 1861 2960 πενήτων
1885 2904 1897 2919 ·
1925 2890 1986 2941 οὐ

317 2965 427 3019 τῶν
454 2966 553 3038 τήν
602 2966 827 3023 Ἐλλάδα
875 2970 1121 3038 γλῶτταν
1173 2969 1623 3041 πεπαιδευμένων
1649 3012 1665 3038 ,
1722 2972 1861 3026 ἀλλά
1894 2971 1989 3026 καὶ

322 3046 630 3122 βαρϐάρων.
669 3052 778 3105 Καὶ
808 3052 861 3107 τί
898 3054 1041 3122 λέγω
1088 3053 1367 3125 ἀρχόντων
1418 3052 1512 3110 καὶ
1563 3052 1822 3120 ίδιωτῶν;
1879 3054 1991 3107 Καὶ

324 3131 484 3185 αὐτοῦ
508 3144 537 3173 ι
566 3131 661 3186 τοῦ
686 3134 748 3187 τὸ
772 3133 1006 3204 διάδημα
1035 3134 1420 3205 περικειμένου
1449 3134 1513 3187 τὸ
1529 3134 1770 3198 συνειδὸς
1788 3134 1991 3206 ὁμοίως

321 3216 435 3277 τοῖς
460 3215 666 3282 λοιποῖς
695 3217 832 3290 πρὸς
861 3220 958 3289 τὴν
986 3217 1191 3290 ταύτης
1234 3216 1482 3287 ὑπακοὴν
1515 3216 1832 3288 μετέστησε.
1857 3218 1992 3290 ,Καὶ

320 3298 421 3352 οὐκ
442 3300 557 3354 ἔστι
591 3305 828 3374 σήμερον
858 3302 1121 3373 διαφοράν
1160 3302 1292 3356 ίδείν
1317 3300 1415 3372 τῆς
1444 3300 1540 3354 τοῦ
1577 3300 1835 3354 πλουσίου
1853 3317 1991 3373 τρα-

321 3381 513 3452 ⁴πέζης,
532 3385 626 3437 καὶ
642 3386 741 3456 τῆς
756 3385 850 3438 τοῦ
871 3385 1100 3455 πένητος
1116 3400 1130 3414 ⁸
1152 3384 1291 3437 ἀλλά
1306 3382 1580 3453 πανταχοῦ
1597 3382 1717 3454 λιτὴ
1739 3384 1773 3454 ή
1791 3382 1990 3448 δίαιτα,

322 3465 716 3539 ἀπηλλαγμένη
749 3468 962 3537 κόμπου
984 3468 1079 3520 καὶ¹
1108 3467 1430 3535 φαντασίας,
1456 3466 1550 3519 καὶ
1588 3466 1726 3536 μετά
1752 3464 1995 3529 πλείονος

322 3548 423 3617 τῆς
448 3549 639 3620 ἡδονῆς
663 3552 901 3621 σήμερον
926 3553 995 3621 τῇ
1029 3549 1276 3620 εὐτελείᾳ
1306 3553 1406 3621 τῆς
1442 3548 1720 3620 τραπέζης
1754 3548 1994 3619 προσέρ-

324 3647 531 3700 χονται,
561 3632 596 3701 ἢ
629 3632 718 3685 ὅτε
748 3632 918 3685 πολλά
939 3634 1122 3695 αὐτοῖς
1149 3631 1222 3684 τά
1252 3631 1651 3702 καρυκεύματα
1670 3632 1990 3703 παρέκειτο,

328 3716 423 3768 καὶ
455 3717 621 3780 πολὺς
645 3718 674 3770 6
702 3717 961 3787 ἄκρατος.

402 3795 469 3866 β’.
489 3797 692 3860 Εῐδετε,
719 3797 1015 3867 ἀγαπητοὶ,
1052 3796 1303 3861 ἐξαύτῶν
1322 3795 1432 3848 τῶν
1461 3795 1761 3865 προοιμίων
1778 3797 1877 3868 τῆς
1905 3816 1997 3870 νη-

330 3880 513 3942 στείας
560 3878 658 3949 τὴν
699 3877 888 3948 ίσχύνς
936 3878 1035 3932 Διά
1059 3878 1218 3932 τοῦτο
1247 3877 1342 3931 καὶ
1374 3878 1537 3942 αὐτὸς
1586 3878 1725 3949 μετά
1756 3879 1996 3946 πλείονος

328 3962 572 4033 σήμερον
625 3963 724 4033 τῆς
756 3963 1082 4035 προθυμίας,
1113 3963 1146 4033 ἦ
1196 3961 1494 4033 πρότερον,
1530 3960 1637 4015 τῶν
1686 3962 1822 4034 πρὸς
1852 3964 1997 4035 ὑμᾶς

328 4044 575 4113 ᾰπτομαι
606 4042 802 4112 λόγων,
845 4043 1001 4108 είδὼς
1027 4045 1108 4097 ὅτι
1140 4045 1222 4107 είς
1255 4042 1490 4114 λιπαρὰν
1521 4043 1616 4097 καὶ
1657 4043 1937 4115 βαθύγεων
1971 4046 1999 4085 δ

328 4125 566 4196 ἄρουραν
596 4125 916 4181 καταϐάλλω
935 4126 1002 4180 τὰ
1023 4127 1339 4197 σπέρματα,
1368 4127 1675 4197 δυναμένην
1700 4128 2001 4183 πολλαπλα-

328 4207 478 4270 σίους
508 4208 641 4278 ήμῖν
667 4208 876 4277 ταχέως
904 4209 1193 4263 ἀποδοῦναι
1216 4209 1325 4264 τῶν
1358 4210 1854 4281 καταϐαλλομένων
1874 4213 2000 4275 τοὺς

337 4292 593 4362 («pm-5;.
648 4292 1070 4365 Καταμάθωμεν
1114 4293 1317 4358 τοίνυν,
1343 4294 1392 4345 εἰ
1420 4292 1587 4358 δοκεῖ,
1618 4294 1727 4346 τῶν
1761 4295 2000 4366 σήμερον

329 4374 459 4443 ήμῖν
488 4374 941 4443 ἀναγνωσθέντων
974 4380 1037 4429 ἐκ
1056 4377 1165 4429 τῶν
1201 4376 1295 4429 τοῦ
1338 4375 1608 4448 μακαρίου
1638 4377 1880 4441 Μωσέως
1911 4379 1999 4430 λό-

334 4470 441 4521 γων
464 4457 562 4526 τὴν
594 4456 844 4529 δύναμιν.
904 4458 1064 4512 Ἀλλά
1096 4458 1419 4531 προσέχετε,
1482 4460 1805 4531 παρακαλῶ,
1860 4462 2001 4532 μετά

329 4536 613 4607 ἀκριϐείας
643 4543 753 4605 τοῖς
786 4543 915 4612 παρ’
947 4542 1104 4612 ήμῶν
1122 4542 1468 4612 λεγομένοιςο
1517 4544 1579 4595 οὐ
1614 4542 1723 4615 γὰρ
1762 4542 1832 4596 τά
1862 4544 2001 4615 ήμέ-

328 4640 461 4696 τερα
491 4625 743 4697 λέγομεν,
779 4627 893 4680 ἀλλ’
925 4630 1067 4699 ἆπερ
1095 4627 1161 4681 ἂν
1191 4631 1224 4700 ή
1252 4628 1346 4681 τοῦ
1393 4628 1528 4683 Θεοῦ
1552 4629 1713 4701 χάρις
1741 4631 1999 4703 παράσχῃ

328 4705 416 4760 διά
441 4709 541 4780 τὴν
569 4709 836 4779 ὠφέλειαν
866 4722 887 4748 ε
916 4710 1013 4782 τὴν
1038 4710 1334 4782 ὑμετέραν.
1359 4710 1496 4766 Τίνα
1522 4711 1579 4764 δέ
1607 4713 1781 4767 ταῦτά
1810 4715 1958 4766 ἐστιν
1984 4729 1998 4778 ;

341 4791 446 4844 Ἐν
462 4791 621 4861 ἀρχῇ
641 4792 934 4860 ἐποίησεν
967 4797 999 4847 ό
1031 4793 1175 4860 Θεὸς
1196 4793 1303 4847 τὸν
1322 4794 1584 4863 οὐρανὸν
1602 4795 1699 4849 καὶ
1723 4795 1837 4864 τὴν
1858 4797 1998 4866 γῆν.

334 4877 516 4942 Ἄξιον
553 4878 786 4933 ἐνταῦθα
806 4879 1157 4951 διαπορῆσαι,
1178 4882 1325 4943 τίνος
1348 4880 1534 4934 ἕνεκεν
1555 4882 1584 4934 6
1619 4882 1887 4951 μακάριος
1916 4875 2002 4935 οὐ·

336 4978 419 5024 τος
444 4963 751 5033 προφήτης,
791 4963 927 5033 μετά
981 4962 1179 5027 πολλάς
1212 4962 1439 5036 ὕστερον
1488 4964 1683 5032 γενεὰς
1733 4964 1997 5033 γεγονὼς,

329 5047 502 5101 ταῦτα
517 5050 647 5118 ἡμῖν
662 5048 952 5103 ἐκτίθεται.
972 5048 1084 5119 οὐχ
1111 5047 1318 5115 ἅπλῶς,
1340 5048 1463 5102 οὐδὲ
1492 5051 1635 5121 εἰκῇ.
1655 5049 1869 5120 Ἐπειδὴ
1892 5049 1999 5121 γὰρ

333 5128 392 5193 ἐξ
414 5129 591 5200 ἀρχῆς
606 5130 814 5194 πλάσας
841 5132 932 5185 τὸν
961 5132 1243 5203 ἄνθρωπον
1275 5135 1304 5185 6
1340 5132 1493 5197 Θεδς,
1520 5133 1584 5186 δι’
1610 5131 1805 5187 ἐαυτοῦ
1830 5133 2002 5187 διελέ-

332 5228 460 5280 γετο
490 5212 569 5286 [9]
600 5216 712 5278 τοῖς
731 5215 1059 5286 ἀνθρώποις,
1087 5216 1163 5281 ὡς
1190 5216 1497 5289 ἀνθρώποις
1521 5217 1751 5271 ἀκοῦσαι
1778 5217 2002 5273 δυνατὸν

330 5292 417 5367 ἦν.
449 5296 635 5363 υὺτως
661 5298 770 5371 γὰρ
809 5299 945 5371 πρὸς
972 5300 1068 5353 τὸν
1098 5300 1271 5370 ’Δδάμ
1298 5297 1464 5372 ἦλθεν
1487 5315 1502 5330 ’
1554 5299 1728 5364 οὑτως
1751 5300 1829 5373 τῷ
1860 5302 2003 5356 Κάῖν

392 5420 419 5449 ⁸
442 5418 642 5470 Coislln.
665 5421 746 5469 καὶ
761 5422 980 5481 ἰδιωτῶν,
1002 5422 1085 5469 καὶ
1103 5423 1200 5470 τῶν
1222 5421 1403 5482 ﬁnem;
1426 5422 1521 5469 Καὶ
1545 5416 1709 5468 αὐτοῦ.
1736 5417 1865 5469 Infra
1876 5418 2001 5483 Reg.

333 5493 460 5546 unus
477 5485 558 5531 καὶ
576 5484 666 5533 οὑκ
688 5486 790 5532 ἐστι
813 5484 1019 5546 σήμερον
1040 5486 1240 5546 διαφορὰ
1260 5489 1470 5546 «Acmon
1489 5487 1633 5546 male.

338 5609 349 5619 _
371 5544 425 5617 ,1)
448 5548 634 5607 Regius
667 5557 794 5593 unus
819 5542 1087 5605 βαθύγαιον,
1111 5542 1235 5593 alius
1270 5544 1429 5593 codex
1459 5544 1721 5607 βαθύγειον,
1755 5542 1884 5592 alius
1919 5544 2005 5606 βα·

334 5620 667 5733 ιῗδῖνδὲἓξέιιίμη
688 5664 931 5733 παράσχοι
972 5667 1051 5715 διὰ
1072 5666 1172 5726 ἰὴν
1196 5669 1334 5730 ἡμῶν
1376 5668 1622 5733 ὠφέλειαν,
1646 5666 1771 5718 forte
1805 5665 2005 5716 melius.

334 5728 429 5780 Λιιί
452 5734 572 5781 item
593 5727 779 5778 habent
804 5727 1061 5789 παράσχοι.

749 5836 1020 5897 Parnm”
1066 5836 1178 5893 Gn.
1232 5833 1388 5895 Llll.

2061 416 2390 487 ἐπετίμησεν
2411 433 2423 446 ·
2445 414 2618 479 οὕτως
2645 414 2718 487 τῷ
2745 415 2868 469 Νῶε
2896 416 3139 489 διελέχθη
3158 431 3174 449 ⁸
3198 416 3372 481 οὕτως
3415 416 3670 483 ἐπεξενώ(
3689 439 3722 490 η

2060 498 2137 568 τῷ
2183 496 2450 569 Ἁϐραάμ.
2469 499 2599 550 ’Ὅτε
2625 497 2682 551 δὲ
2717 499 2797 562 είς
2827 497 3025 570 πολλὴν
3055 499 3254 553 κακίαν
3292 499 3546 565 ἐξώκειλε
3577 503 3726 556 πᾶσα

2062 579 2094 648 ή
2126 579 2233 632 τῶν
2266 579 2570 650 ἀνθρώπων
2600 577 2762 648 φύσις
2785 620 2799 643 ,
2837 580 2957 633 οὐδὲ
2981 580 3125 635 οὑτω
3169 580 3353 636 τέλεον
3396 582 3726 654 ἀπεστράφη

2061 660 2124 713 τὸ
2170 661 2279 714 τῶν
2326 660 2626 732 ἀνθρώπων
2654 660 2811 729 γένος
2863 665 2892 715 6
2916 663 3025 717 τῶν
3071 664 3327 718 ἀπάντων
3363 664 3724 735 δημιουργός·

2064 745 2179 797 ἀλλ’
2208 745 2396 817 ἐπειδὴ
2424 746 2631 810 ἀνάξιοι
2653 744 2839 798 λοιπὸν
2871 746 3123 814 γεγόνασι
3146 748 3243 818 τῆς
3266 747 3480 819 ὁμιλίας
3507 749 3606 819 τῆς
3631 750 3729 803 αὑν

2065 827 2182 889 τοῦ,
2235 828 2555 899 βουλόμενος
2606 828 2767 882 πάλιν
2794 830 3205 885 ἀνανεώσασθαι
3236 833 3334 903 τὴν
3372 833 3509 903 πρὸς
3535 834 3733 897 αὐτοὺς

2068 909 2269 978 φιλίαν,
2293 910 2541 979 καθάπερ
2558 909 2864 982 ἀνθρώποις
2893 911 3111 982 μακρὰν
3128 913 3403 981 ἀφεστῶσι
3430 915 3731 985 γράμματα

2070 992 2298 1062 πέμπει,
2335 993 2471 1063 πρὸς
2524 992 2715 1047 ἑαυτὸν
2768 992 3128 1064 ἐφελκόμενος
3172 995 3352 1048 πᾶσαν
3376 996 3472 1067 τὴν
3504 996 3611 1049 τῶν
3643 997 3735 1050 ἀν-

2071 1075 2304 1146 θρώπων
2333 1073 2514 1143 φύσιν.
2556 1076 2666 1129 Καὶ
2692 1075 2866 1130 ταῦτα
2895 1076 2963 1129 τὰ
2991 1076 3296 1148 γράμματα
3322 1076 3533 1147 έπεμψε
3575 1078 3673 1148 μὲν
3708 1081 3738 1130 ὁ

2069 1157 2221 1221 Θεὸς,
2259 1159 2481 1228 ἐκόμισε
2514 1158 2570 1211 δὲ
2608 1159 2832 1228 Μωσῆς.
2870 1158 2936 1211 Τί
2977 1156 3070 1212 οὖν
3098 1158 3245 1227 λέγει
3278 1160 3346 1212 τὰ
3396 1160 3737 1229 γράμματα;

2083 1241 2186 1294 Ἐν
2210 1240 2369 1309 ἀρχῇ
2396 1241 2682 1307 ἐποίησεν
2702 1244 2735 1295 ὁ
2765 1241 2910 1306 Θεὸς
2926 1241 3033 1295 τὸν
3061 1242 3321 1310 οἰψνόν
3339 1243 3433 1296 καί
3456 1242 3570 1310 τὴν
3602 1241 3738 1312 γῆν.

2075 1320 2272 1376 Σκόπει
2294 1322 2387 1376 τοῦ
2423 1323 2737 1393 θαυμαστοῦ
2767 1323 2958 1377 τούτου
2994 1326 3278 1395 προφήτου
3301 1366 3316 1390 ,
3347 1323 3615 1395 ἀγαπητέ,
3651 1326 3744 1377 καὶ

2074 1405 2134 1458 ἐν
2155 1404 2330 1475 τούτῳ
2353 1406 2416 1458 τὸ
2444 1404 2742 1476 ἐξαίρετον.
2771 1403 2838 1459 Οἱ
2866 1405 2966 1475 μὲν
2986 1406 3095 1475 γὰρ
3132 1404 3281 1459 ἄλλοι
3304 1406 3579 1479 προφῆται
3609 1405 3744 1458 πάν-

2074 1486 2224 1557 τεςῆ
2256 1486 2328 1540 τά
2358 1487 2497 1558 μετὰ
2529 1487 2696 1540 πολὺν
2748 1487 2984 1557 ἐσόμενα
3032 1488 3220 1559 χρόνον
3260 1484 3433 1549 εἷπον,
3470 1488 3503 1560 ἢ
3530 1488 3599 1541 τά
3625 1491 3745 1541 κατ’

2076 1570 2237 1623 αὐτὸν
2268 1569 2528 1640 μέλλοντα
2554 1567 2931 1640 συμϐήσεσθαι
2961 1568 3054 1623 τὸν
3083 1569 3275 1641 καιρόν
3299 1585 3312 1599 ·
3345 1572 3374 1623 ὁ
3394 1570 3451 1623 δέ
3478 1568 3749 1640 μακάριος

2076 1646 2231 1714 οὐτος
2266 1649 2406 1721 μετὰ
2428 1649 2629 1714 πολλὰς
2650 1650 2846 1719 γενεὰς
2866 1648 3130 1718 γεγονὼς,
3154 1650 3260 1703 ὑπὸ
3289 1651 3388 1721 τῆς
3434 1651 3639 1705 ἀνωθεν
3666 1648 3750 1701 δε-

2080 1733 2199 1799 ad;
2245 1733 2613 1804 ὁδηγούμενος
2641 1733 2670 1772 ἀ
2715 1735 2901 1786 ἐκεῖνα
2947 1733 3121 1787 εἰπεῖν
3158 1732 3494 1804 κατηξιώθη,
3553 1731 3588 1786 ἃ
3643 1730 3749 1802 πρὸ

2080 1815 2176 1885 τῆς
2202 1813 2367 1868 αὐτοῦ
2394 1815 2663 1884 γενέσεως
2688 1814 2793 1868 ὑπὸ
2816 1814 2909 1867 τοῦ
2929 1814 3038 1868 τῶν
3058 1814 3314 1869 ἁπάντων
3346 1811 3749 1885 ἐδημιουργήθη

2081 1898 2372 1953 Δεσπότου.
2430 1899 2530 1954 Διά
2579 1898 2739 1953 τοῦτο
2788 1898 2884 1952 καὶ
2939 1897 3113 1962 οὕτως
3164 1897 3367 1970 ήρξατο
3394 1897 3603 1966 λέγων’
3651 1899 3753 1950 Ἔα·

2081 1980 2237 2050 ἀρχῇ
2284 1982 2573 2050 ἐποίησεν
2603 1985 2636 2036 ό
2675 1982 2821 2048 Θεὸς
2849 1981 2957 2035 τὸν
2981 1980 3246 2049 οὐρανὸν
3289 1979 3390 2034 και
3432 1980 3549 2047 τὴν
3600 1978 3747 2048 τῆν·

2085 2066 2369 2135 μονονουχὶ
2405 2065 2542 2135 πρὸς
2573 2065 2821 2129 ἅπαντας
2880 2066 3029 2136 ἡμᾶς
3058 2065 3290 2136 λαμπρᾷ
3321 2064 3460 2134 βοῶν
3485 2066 3552 2135 τῇ
3580 2063 3751 2132 φωνῇ.

2083 2146 2178 2199 καὶ
2198 2146 2371 2214 λέγων
2397 2164 2408 2175 ·
2445 2148 2520 2218 μή
2545 2147 2654 2219 γὰρ
2684 2147 2833 2218 παρά
2855 2145 3144 2215 ἀνθρώπου
3176 2146 3557 2217 διδασκόμενος
3581 2142 3753 2198 ταῦτα

2084 2228 2426 2301 φθέγγομα“ι;
2489 2231 2546 2283 '0
2576 2230 2682 2285 ἀπὸ
2711 2230 2803 2283 τοῦ
2835 2229 2909 2301 μὴ
2961 2229 3114 2292 ὄντος
3149 2239 3173 2267 ο
3201 2231 3282 2292 εἰς
3336 2228 3398 2281 τὸ
3432 2223 3572 2281 εἶναι
3615 2226 3755 2280 αὐτᾶ

2085 2312 2444 2383 παραγαγὼν,
2484 2309 2637 2376 οὗτος
2659 2314 2753 2367 καὶ
2783 2312 2882 2384 τὴν
2907 2311 3045 2383 ἐμὴν
3078 2311 3324 2379 γλῶτταν
3345 2311 3481 2382 πρὸς
3502 2311 3602 2379 τήν
3630 2310 3756 2362 τού-

2084 2411 2191 2449 των
2221 2397 2479 2466 ἐξήγησιν
2512 2395 2905 2466 παρώρμησεν.
2971 2395 3059 2458 Ὠς
3090 2389 3183 2448 οῦν
3210 2393 3392 2447 οὐκέτι
3440 2390 3595 2462 παρὰ
3624 2393 3755 2446 Μω·

2087 2474 2225 2548 σέως
2257 2475 2426 2529 ταῦτα
2457 2475 2765 2539 ἀκούοντες,
2797 2474 2933 2528 ἀλλὰ
2963 2475 3092 2546 παρ’
3125 2474 3292 2529 αὐτοῦ
3330 2473 3425 2528 τοῦ
3474 2474 3585 2526 τῶν
3617 2474 3756 2527 ὅλων

2087 2558 2221 2612 Θεοῦ
2254 2558 2342 2612 διὰ
2363 2558 2461 2627 τῆς
2484 2558 2575 2612 τοῦ
2605 2557 2849 2621 Μωσέως
2886 2556 3155 2627 γλώττης,
3187 2556 3331 2610 οὑτω
3360 2559 3475 2620 τοῖς
3531 2555 3760 2627 λεγομέ-

2058 2658 2200 2720 ,νοις
2228 2642 2605 2713 προσέχωμεν,
2656 2639 2979 2711 παρακαλῶ,
3029 2640 3126 2693 καὶ
3158 2638 3333 2693 πολλά
3387 2638 3603 2710 χαίρειν
3649 2640 3759 2700 τοῖς

2092 2724 2378 2795 ἡμετέροις
2427 2724 2709 2794 λογισμοῖς
2742 2723 3026 2786 εἰπόντες·
3059 2722 3346 2793 Λογισμοὶ
3388 2723 3519 2795 γὰρ,
3573 2721 3759 2793 φησιν,

2091 2806 2415 2875 ἀνθρώπων
2438 2807 2645 2872 δειλοί,
2669 2807 2765 2860 καὶ
2797 2806 3154 2875 ἐπισφαλεῖς
3175 2808 3235 2860 αἱ
3257 2806 3514 2859 ἐπίνοιαι
3537 2804 3758 2858 αὐτῶν.

2091 2889 2245 2946 Μετά
2270 2891 2468 2962 πολλῆς
2490 2890 2592 2961 τῆς
2642 2889 3060 2969 εὐγνωμοσύνης
3103 2889 3386 2961 δεχώμεθα
3418 2888 3485 2942 τά
3533 2886 3761 2959 λεγόμεο

2095 2990 2182 3040 να,
2218 2973 2292 3045 μὴ
2331 2972 2750 3045 ὑπερϐαίνοντες
2780 2971 2842 3026 τὸ
2874 2974 3069 3026 οίκεῖον
3106 2972 3321 3043 μέτρον,
3360 2971 3494 3044 μηδέ
3527 2971 3596 3024 τά
3624 2970 3764 3042 ὑπὲρ

2094 3057 2239 3127 ἡμᾶς
2257 3054 2773 3127 περιεργαζόμενοι·
2796 3055 2939 3126 ὅπερ
2956 3054 3288 3110 πεπόνθασιν
3306 3057 3354 3109 ot
3381 3055 3482 3125 τῆς
3507 3054 3765 3125 ἀληθείας

2093 3137 2302 3210 ἐχθροὶ,
2333 3138 2685 3210 βουληθέντες
2730 3140 2843 3201 τοῖς
2896 3138 3119 3201 οἰκείοις
3168 3136 3448 3209 λογισμοῖς
3476 3138 3767 3210 ἐπιτρέψαι

2091 3218 2154 3273 τὸ
2188 3222 2318 3286 πᾶν,
2361 3221 2458 3274 καὶ
2488 3221 2591 3274 οὐκ
2636 3221 2989 3291 ἐννοήσαντες
3018 3221 3100 3273 ὅτι
3129 3220 3389 3274 ἀδύνατον
3432 3220 3533 3293 τὴν
3563 3221 3768 3291 ἀνθρωο

2094 3302 2254 3356 πείαν
2308 3302 2473 3372 φύσιν
2526 3302 2545 3340 ί
2585 3303 2686 3373 τὴν
2721 3301 2815 3355 τοῦ
2855 3302 2992 3356 Θεοῦ
3021 3302 3382 3375 δημιουργίαν
3410 3302 3769 3374 περιεργάζε-

2097 3383 2235 3438 σθαι.
2272 3385 2382 3439 Kal
2410 3385 2466 3439 τί
2486 3384 2627 3454 λέγω
2651 3386 2749 3456 τήν
2771 3384 2865 3438 τοῦ
2891 3384 3024 3438 Θεοῦ
3049 3385 3438 3458 δημιουργίαν;
3475 3386 3614 3440 Ἀλλ’
3646 3386 3767 3440 οὐδὲ

2095 3466 2383 3538 ἀνθρώπου
2428 3468 2624 3541 τέχνην
2672 3467 2768 3522 τοῦ
2801 3467 3101 3539 ὁμογενοῦς
3131 3470 3264 3540 ημῖν
3306 3469 3767 3541 περιεργάζεσθαι

2095 3548 2335 3605 δυνατόν.
2366 3550 2501 3604 Είπέ
2530 3550 2640 3623 γάρ
2675 3568 2787 3622 μοι,
2815 3551 2927 3615 πῶς
2961 3550 3069 3604 ἀπὸ
3090 3551 3189 3621 τῆς
3221 3551 3548 3621 μεταλλικῆς
3575 3551 3767 3621 τέχνης

2097 3632 2320 3704 χρυσίου
2349 3633 2663 3687 συνίσταται
2687 3632 2882 3703 φύσις;
2920 3632 3095 3703 ῆπῶς
3130 3632 3230 3701 τῆς
3262 3632 3416 3685 ὑέλου
3450 3634 3483 3703 ή
3533 3632 3767 3704 καθαρό-

2098 3734 2196 3789 της
2230 3716 2338 3771 άπὺ
2371 3716 2596 3787 ψάμμου
2636 3716 2876 3784 γίνεται;
2918 3714 3055 3767 Ἀλλ’
3083 3713 3185 3768 οὐκ
3206 3715 3271 3768 ἂν
3310 3714 3455 3785 ἔχοις
3484 3716 3680 3769 εἰπεῖν.
3707 3716 3768 3767 El

2099 3802 2278 3856 τοίνυν
2300 3800 2473 3854 ταῦτα
2494 3799 2563 3853 τά
2590 3799 2695 3871 πρὸ
2724 3797 2832 3852 τῶν
2860 3796 3154 3870 ὀφθαλμῶν
3187 3798 3434 3869 κείμενα,
3501 3799 3594 3852 καὶ
3629 3798 3770 3869 άπερ

2097 3884 2186 3938 διὰ
2213 3884 2313 3955 τὴν
2333 3881 2429 3937 τοῦ
2468 3881 2605 3937 Θεοῦ
2634 3881 3045 3954 φιλανθρωπίαν
3073 3881 3232 3951 σοφία
3267 3879 3586 3954 ἀνθρωπίνη
3607 3882 3771 3953 ὲργὰ-

2101 3967 2273 4033 ζεται,
2326 3966 2663 4037 καταμαθεῖν
2701 3963 2760 4017 οὐ
2799 3962 3023 4017 δυνατὸν
3052 3963 3100 4027 ⁸,
3132 3962 3199 4015 τά
3232 3962 3342 4016 ἀπὸ
3388 3960 3481 4015 τοῦ
3515 3960 3649 4016 Θεοῦ
3676 3962 3770 4033 δη-

2105 4048 2507 4121 μιουργηθέντα
2533 4045 2894 4119 περιεργάζει,
2921 4045 3174 4116 ἄνθρωπε
3200 4062 3214 4111 ;

2172 4132 2283 4185 Καὶ
2316 4131 2475 4194 ποίας
2497 4129 2564 4184 ἂν
2587 4129 2772 4200 τύχοις
2811 4126 3171 4197 συγγνώμης;
3196 4126 3342 4189 τίνος
3380 4126 3438 4179 δὲ
3476 4126 3771 4194 ἀπολογίας

2100 4212 2245 4267 οὕτω
2271 4210 2552 4284 μεμηνὼς,
2583 4212 2679 4264 καὶ
2708 4208 2778 4263 τά
2805 4209 2947 4280 ὑπὲρ
2980 4209 3078 4279 τὴν
3105 4207 3304 4261 σαυτοῦ
3332 4208 3493 4278 φύσιν
3513 4210 3773 4278 φανταζόο

2106 4312 2294 4365 μενος;
2327 4294 2401 4347 T6
2432 4294 2543 4365 γὰρ
2566 4292 2746 4362 λέγειν
2774 4292 2834 4356 ἐξ
2860 4291 3227 4363 ὑποκειμένης
3256 4290 3389 4362 ὕλης
3415 4291 3484 4345 τά
3512 4293 3642 4346 ὄντα
3676 4311 3773 4362 γε·

2102 4377 2385 4446 γενῆσθαι,
2418 4377 2514 4430 καὶ
2576 4376 2650 4448 μὴ
2709 4376 2994 4447 ὁμολογεῖν
3042 4376 3124 4428 ὅτι
3170 4374 3229 4439 ἐξ
3258 4375 3361 4428 οὐκ
3413 4374 3585 4429 ὄντων
3632 4376 3773 4431 αὑτά

2105 4467 2425 4532 παρήγαγεν
2449 4460 2478 4512 6
2521 4459 2632 4512 τῶν
2681 4459 2937 4513 ἁπάντων
2992 4457 3340 4530 δημιουργὸς,
3394 4459 3495 4529 τῆς
3540 4461 3771 4532 ἐσχάτης

2104 4542 2530 4614 παραφροσύνης
2552 4542 2620 4596 ἂν
2648 4542 2737 4612 εἴη
2758 4545 3003 4614 σημεῖον.
3050 4541 3408 4613 Ἐμφράττων
3450 4542 3629 4597 τοίνυν
3664 4545 3774 4596 τῶν

2101 4626 2434 4697 ἀγνωμόνων
2462 4627 2529 4680 τά
2551 4625 2791 4697 στόματα
2814 4628 2843 4679 ό
2871 4624 3141 4696 μακάριος
3153 4618 3306 4688 οὗτος
3324 4627 3630 4698 προφήτης,
3652 4628 3776 4697 μέλ-

2101 4709 2208 4762 λων
2240 4707 2503 4780 ἄρχεσθαι
2520 4707 2613 4761 τοῦ
2637 4707 2864 4778 βιϐλίου,
2881 4705 3052 4770 οὕτως
3082 4705 3302 4777 ήρξατο·
3325 4705 3429 4760 Ἐν
3442 4706 3600 4775 ἀρχῇ
3613 4709 3775 4760 ἐποί-

2102 4808 2257 4861 ησεν
2283 4789 2451 4864 [1016
2470 4790 2614 4856 Θεὸς
2636 4790 2742 4844 τὸν
2767 4789 3028 4858 οὐρανὸν
3063 4787 3161 4842 καί
3184 4786 3297 4854 τὴν
3331 4786 3466 4856 γῆν.
3493 4789 3663 4842 Ὅταν
3679 4786 3773 4843 οὖν

2104 4875 2344 4946 ἀκούσης
2388 4875 2468 4939 τὸ,
2527 4875 2832 4941 Ἐποίησε,
2886 4871 3052 4943 μηδὲν
3101 4871 3286 4941 ἕτερον
3318 4870 3345 4910 ιι
3380 4870 3768 4942 περιεργάζου,

2104 4959 2240 5013 ἀλλά
2298 4958 2450 5013 κάτω
2503 4957 2747 5020 κύπτων,
2810 4954 3032 5009 πίστευε
3074 4952 3155 5023 τῷ
3200 4950 3463 5023 λεχθέντι.
3503 4952 3632 5014 Θεὸς
3664 4953 3773 5024 γάρ

2105 5045 2252 5097 ἐστιν
2282 5045 2311 5096 6
2358 5042 2535 5095 πάντα
2583 5040 2752 5094 ποιῶν
2782 5038 2877 5092 καὶ
2923 5036 3368 5109 μετασκευάζων,
3405 5035 3498 5089 καὶ
3539 5034 3675 5104 πρὸς
3713 5038 3776 5088 τὸ

2106 5127 2269 5181 αὐτοῦ
2307 5127 2557 5198 βούλημα
2584 5126 2655 5180 τὰ
2688 5124 2868 5179 πάντα
2902 5120 3377 5195 μεταρρυθμίζων.
3410 5119 3519 5173 Καὶ
3546 5120 3646 5191 ὅρα
3674 5118 3776 5190 τῆς

2168 5293 2196 5335 δ
2218 5293 2428 5366 ἓοίξιὲηο.
2441 5295 2536 5366 (ἐπὸ
2557 5300 2644 5366 τῆς
2661 5294 2836 5366 ἀνωθεν
2861 5289 3227 5366 έεονεέεξε.⁶ἔ’1ϊ·

2174 5370 2199 5398 ο
2225 5342 2434 5408 ἶὶῦίξίίό
2452 5342 2525 5406 ἐκ
2544 5342 2729 5418 τοῦμή
2757 5342 2907 5418 όντοςξ
2952 5342 3099 5401 A'lii‘b
3122 5342 3323 5418 ἀπὸτοῦ
3344 5346 3408 5408 μή
3432 5344 3576 5418 ὄντος.
3604 5342 3775 5407 Pergit

2108 5406 2308 5472 (Σοίθιῖιι.
2330 5406 2403 5474 είς
2426 5420 2484 5467 τὸ
2507 5419 2624 5467 εἶναι
2645 5406 2797 5464 ταῦτα
2818 5406 2973 5463 πάντα
2992 5410 3296 5474 παραγαγών,
3325 5406 3420 5456 lion
3445 5406 3590 5455 male.

2174 5478 2498 5549 {Cpiglimfrﬁ
2521 5477 2962 5549 ἀνθρωπεία-φύσει.
3034 5534 3048 5549 θ
3097 5534 3119 5549 ᾳ
3182 5531 3257 5549 by,
3360 5529 3467 5549 “ﬂ
3521 5531 3585 5549 __

2176 5544 2200 5583 ε
2231 5529 2450 5603 Ἀιισιιιοι
2478 5529 2618 5589 'ms.‘
2661 5529 2946 5586 καταλαϐεῖν
3000 5534 3055 5582 οὑ
3092 5531 3304 5583 δυνατόν.
3360 5529 3469 5579 Mox
3518 5531 3620 5585 πῶς
3659 5536 3775 5600 auge

2152 5605 2167 5638 ι
2215 5605 2345 5638 nnnd
2391 5611 2495 5638 ιιι-αι
2542 5608 2589 5638 m
2633 5600 2825 5638 llnrnI_
2872 5601 3017 5638 deost
3041 5598 3088 5638 in
3132 5596 3330 5638 Lolsl'm.
3369 5601 3422 5638 et
3459 5592 3685 5638 δαὶ-11.οι
3725 5601 3774 5637 ιιι

2110 5605 2188 5664 τά,
2215 5593 2359 5665 (ιυοιῑ
2391 5611 2501 5651 crat
2542 5608 2590 5650 In
2633 5600 2827 5658 δῖοι-ειη
2872 5598 3088 5646 decslin
3132 5596 3330 5643 Loisl'm.
3369 5601 3422 5641 et
3459 5593 3609 5640 Sam.
3633 5597 3685 5638 cl

2111 5666 2341 5715 omnibus
2358 5666 2465 5713 aliis
2490 5676 2621 5725 pone
2647 5657 3017 5723 manuscriplis;
3044 5658 3256 5717 ideoque
3280 5667 3580 5718 oxpuncmm
3603 5650 3710 5701 ίιιίι.

2175 5726 2202 5765 li
2225 5727 2411 5788 Regius
2431 5739 2556 5774 unus
2579 5726 2642 5785 μή
2661 5725 2834 5786 ἕτερον.

3279 5826 3317 5885 2
