4104 6196
341 313 412 371 99
1516 297 1578 354 iN
1615 297 1767 354 CAP.
1812 296 1849 350 Ι.
1892 295 2138 350 CENES.
2183 295 2481 352 llOMll..ll.
3544 306 3609 362 30

338 440 461 500 apte
502 425 780 483 convertit.
828 421 894 477 Et
923 419 1040 476 vide
1071 424 1322 489 quantum
1363 422 1560 468 nostrae
1596 408 1836 481 parvitati
1865 422 1924 462 se

338 527 657 588 attemperat
691 534 703 569 :
738 513 868 569 nihil
897 511 964 566 de
991 506 1342 564 invisibilibus
1379 502 1660 558 virtutibus
1689 500 1920 566 disserit,

342 625 516 680 neque
544 607 688 673 dicit,
724 605 780 660 In
826 601 1087 673 principio
1133 599 1258 654 fecit
1298 598 1438 652 Deus
1471 595 1685 666 angelos
1719 593 1800 647 vel
1831 607 1923 646 ar-

338 697 626 767 changelos
653 714 665 750 :
698 709 803 749 non
823 687 1158 762 simpliciter,
1192 703 1364 758 neque
1383 695 1582 742 temere
1609 684 1744 738 hanc
1767 681 1924 737 nobis

289 826 292 829 -
339 789 600 843 doctrinae
626 784 764 839 viam
797 781 1016 853 paravit.
1044 779 1176 846 Quia
1203 777 1344 833 enim
1369 775 1566 830 Judaeis
1588 773 1921 844 loquebatur,

336 881 426 950 qui
478 879 573 933 toti
619 875 970 948 praesentibus
1011 872 1169 926 rebus
1209 869 1510 934 inhiabant,
1555 881 1725 937 neque
1763 866 1921 936 spiri-

337 972 482 1028 tuale
508 970 791 1040 quidquam
818 967 997 1021 animo
1023 963 1304 1033 concipere
1331 961 1596 1026 valebant,
1628 975 1720 1014 eos
1746 975 1776 1014 a
1803 973 1924 1014 scn-

336 1062 578 1118 sibilibus
608 1060 673 1115 ad
700 1055 1130 1130 cognoscendum
1159 1054 1387 1110 universi
1415 1051 1668 1124 Opificem
1701 1051 1919 1115 inducit,

337 1165 396 1210 ut
420 1171 486 1210 ex
525 1153 788 1209 creaturis
829 1149 1226 1205 Fabricalorem
1267 1147 1446 1202 mundi
1476 1144 1764 1209 discentes,
1796 1133 1922 1197 allo:

337 1254 520 1300 rarent
545 1244 850 1299 Creatorem
889 1240 1148 1305 omnium,
1187 1247 1241 1293 et
1280 1253 1384 1292 non
1427 1238 1478 1291 itt
1506 1235 1760 1291 creaturis
1794 1233 1924 1304 ipsis

338 1344 712 1406 permanerent
740 1343 794 1388 et
821 1333 1177 1403 quiescerent.
1221 1329 1352 1384 Nam
1387 1343 1509 1384 cum
1541 1329 1663 1384 licet
1694 1328 1807 1382 haec
1851 1327 1922 1383 ita

341 1425 479 1480 facta
511 1426 636 1490 sint,
665 1440 768 1478 non
791 1422 1169 1486 intermiserint
1195 1437 1257 1476 ex
1285 1420 1540 1476 creaturis
1571 1419 1698 1474 deos
1720 1419 1917 1486 facere,

339 1525 395 1572 et
423 1517 662 1571 divinum
698 1514 952 1570 hon’orem
994 1512 1300 1569 fuedissimis
1329 1511 1499 1567 brutis
1527 1510 1779 1566 exhibere
1817 1527 1828 1563 :
1869 1512 1921 1566 in

336 1622 498 1678 quam
532 1621 637 1660 non
681 1605 968 1660 amentiam
1005 1603 1332 1671 incidissent,
1375 1604 1476 1659 nisi
1505 1612 1648 1658 tanta
1678 1618 1804 1676 erga
1829 1617 1922 1659 eos

336 1697 780 1766 attemperatione
805 1694 990 1750 fuisset
1017 1693 1179 1750 usus?
1615 1708 1620 1713 ·

408 1789 462 1844 3.
493 1787 601 1842 Nec
626 1788 854 1853 mireris,
881 1786 1094 1854 dilecte,
1122 1786 1261 1856 quod
1291 1785 1466 1842 Moses
1492 1785 1592 1842 hac
1626 1786 1708 1842 via
1736 1786 1918 1844 inces-

337 1881 530 1946 serit‘,
551 1880 638 1950 qui
666 1880 718 1934 in
759 1880 1036 1950 principio,
1068 1886 1122 1934 et
1154 1879 1206 1934 itt
1247 1878 1541 1950 praeludiis,
1570 1879 1921 1935 orassion'hus

338 1971 584 2040 loquutus
620 1979 702 2026 est
739 1971 936 2025 Judaeis
979 1988 992 2024 :
1029 1971 1454 2041 quandoquidem
1494 1971 1688 2026 Paulus
1711 1985 1920 2041 quoque

339 2070 579 2128 tempore
607 2061 811 2128 gratiae,
846 2073 966 2112 cum
995 2068 1197 2113 tantum
1242 2060 1633 2129 praedicationis
1659 2069 1801 2115 esset
1834 2061 1918 2114 in-

339 2158 689 2214 crementum,
720 2149 1081 2217 disputaturos
1119 2163 1239 2203 cum
1269 2149 1703 2216 Atheniensibus,
1731 2165 1763 2205 at
1791 2152 1920 2204 visi-

342 2241 536 2296 bilibtts
579 2239 874 2295 doctrinam
924 2239 1086 2310 erepit
1121 2239 1205 2294 his
1248 2240 1427 2295 verbis
1469 2257 1482 2295 :
1522 2239 1659 2294 Deus
1693 2241 1778 2311 qui
1807 2242 1921 2310 fecit

339 2334 603 2396 mundum,
639 2341 686 2386 et
713 2333 882 2386 omnia
917 2348 1032 2402 qua:
1068 2333 1119 2386 in
1156 2348 1214 2387 eo
1242 2343 1392 2398 sunt;
1429 2333 1510 2387 hic
1547 2333 1664 2387 cwli
1697 2342 1742 2388 et
1777 2345 1923 2388 terra:

335 2438 451 2475 cum
478 2422 540 2476 sit
568 2420 848 2489 Dominus,
893 2439 996 2476 non
1032 2422 1085 2476 in
1121 2424 1426 2493 manu/actis
1467 2423 1658 2477 habitat
1699 2426 1916 2496 templis,

336 2530 426 2568 nec
454 2514 687 2569 humanis
715 2515 944 2568 manibus
969 2515 1152 2568 colitur
1178 2514 1313 2585 (Act.
1346 2516 1433 2569 17.
1464 2514 1580 2586 24).
1618 2517 1750 2584 Quia
1774 2519 1915 2572 enim

336 2607 493 2660 talem
515 2606 592 2662 eis
617 2614 920 2676 competere
948 2607 1148 2662 sciebat
1183 2606 1500 2672 doctrinam,
1531 2607 1668 2663 hanc
1693 2609 1917 2664 docendi

336 2699 473 2752 viam
495 2698 736 2769 arripuit.
767 2697 848 2752 Ad
875 2713 968 2752 eos
991 2698 1132 2753 enim
1151 2698 1237 2768 qui
1259 2713 1407 2753 suam
1431 2699 1791 2770 suscipiebant
1815 2701 1914 2755 do-

334 2791 581 2856 ctrinam,
610 2806 638 2843 a
667 2789 867 2860 Spiritu
893 2790 961 2844 ita
989 2789 1336 2860 dirigebatur,
1363 2799 1417 2846 et
1444 2805 1537 2846 eos
1563 2792 1634 2846 ita
1671 2789 1913 2846 docebat.

337 2881 400 2936 Et
426 2890 481 2936 ut
500 2880 638 2936 scias
670 2880 825 2951 hujus
849 2879 924 2936 rei
949 2896 1163 2936 causam
1193 2880 1354 2936 fuisse
1381 2896 1723 2952 personarum
1755 2882 1917 2938 varie-

336 2979 520 3037 tatem,
543 2979 596 3026 et
621 2970 924 3025 auditorum
943 2969 1372 3038 crassitudinem,
1392 2970 1513 3025 audi
1534 2971 1682 3026 illum
1705 2971 1872 3043 ipsum
1899 2989 1912 3026 :

332 3063 399 3118 ad
441 3062 787 3118 Colossenses
833 3063 975 3117 enim
1023 3061 1300 3134 epistolam
1357 3062 1637 3130 scribens,
1674 3078 1780 3118 non
1819 3063 1917 3119 hac

332 3153 567 3208 ambulat
609 3153 713 3218 via,
755 3151 848 3208 sed
886 3151 1041 3207 aliter
1080 3168 1200 3208 cum
1235 3152 1311 3208 eis
1351 3152 1618 3223 loquitur,
1657 3162 1712 3207 et
1749 3154 1912 3211 dicit:

335 3248 468 3314 Quia
498 3247 550 3300 in
579 3247 690 3316 ipso
715 3255 882 3300 creata
908 3253 1023 3300 sunt
1052 3246 1222 3300 omnia
1240 3288 1253 3310 ,
1302 3261 1414 3316 quae
1439 3247 1490 3300 in
1520 3246 1656 3301 cazlis
1695 3257 1830 3311 sunt,
1869 3255 1917 3300 et

329 3353 442 3408 qum
459 3339 513 3392 in
539 3348 692 3406 terra,
725 3336 938 3392 cisibilia
965 3345 1012 3391 et
1033 3336 1319 3404 invisibilia,
1347 3337 1448 3391 sive
1475 3338 1664 3404 throni,
1697 3338 1796 3393 sive
1818 3338 1914 3391 do-

333 3431 652 3495 minationes,
693 3431 794 3486 sive
820 3431 1153 3501 principatus,
1186 3431 1287 3486 sive
1311 3439 1592 3500 potestates,
1629 3432 1799 3485 omnia
1828 3448 1916 3502 per

329 3524 497 3589 illum,
525 3531 571 3576 et
593 3523 646 3575 in
682 3522 837 3576 illum‘
863 3531 1031 3576 creata
1056 3532 1172 3576 sunt
1209 3520 1424 3592 (Coloss.
1456 3523 1506 3575 1.
1540 3519 1651 3592 lli).
1682 3521 1916 3577 Joannes

330 3621 508 3668 autem
539 3613 756 3666 tonitrui
781 3612 923 3667 filius
948 3612 1230 3678 clamabat,
1256 3612 1475 3667 dicens:
1510 3611 1694 3665 Omnia
1723 3629 1810 3681 per
1837 3614 1918 3682 ip-

331 3720 442 3759 sum
467 3703 603 3772 facta
631 3711 768 3769 sunt,
801 3713 846 3756 et
879 3703 986 3756 sine
1009 3703 1118 3771 ipso
1146 3705 1336 3774 factum
1373 3711 1446 3754 est
1489 3701 1616 3754 nihil
1650 3701 1826 3770 (Joan.
1860 3705 1910 3757 1.

329 3795 409 3865 3).
439 3797 508 3850 At
532 3807 643 3849 non
673 3795 750 3850 sic
779 3795 983 3860 Moses;
1012 3802 1066 3848 et
1092 3793 1318 3849 merito:
1349 3807 1448 3848 nec
1469 3793 1610 3849 enim
1640 3801 1755 3848 erat
1783 3808 1912 3848 con-

330 3897 666 3950 sentaneum,
699 3893 753 3940 ut
788 3883 958 3940 solido
987 3892 1330 3956 pascerentur
1364 3884 1485 3940 eiho
1525 3883 1716 3954 quibus
1740 3883 1913 3942 adhuc

331 3979 482 4032 lactis
501 3974 744 4029 alimonia
781 3989 916 4044 opus
949 3984 1081 4029 erat.
1113 3974 1244 4029 Nam
1286 3973 1730 4046 quemadmodum
1776 3975 1912 4030 ludi-

329 4066 566 4138 magistri
587 4066 782 4136 pueris,
806 4066 939 4136 quia
956 4066 1260 4135 parentibus
1282 4067 1302 4097 ²
1322 4066 1450 4136 ipsis
1470 4067 1912 4122 commendantur

330 4158 621 4225 erudiendi,
651 4159 820 4231 prima
860 4157 1074 4212 tradunt
1102 4159 1363 4214 elementa
1389 4199 1404 4225 ,
1436 4173 1569 4230 quos
1599 4173 1795 4228 pueros
1818 4160 1909 4230 qui

327 4252 396 4306 ab
424 4251 527 4305 illis
554 4259 735 4320 postea
767 4249 1080 4319 suscipiunt,
1111 4248 1505 4304 sublimioribus
1533 4259 1585 4304 et
1623 4249 1906 4320 perfectio-

328 4341 475 4396 ribus
501 4340 756 4396 doctrinis
793 4338 1035 4395 itnbuunt
1067 4357 1079 4392 :
1113 4338 1181 4392 ita
1206 4347 1260 4393 et
1297 4337 1480 4394 beatus
1503 4339 1695 4404 Moses,
1725 4349 1779 4395 et
1811 4339 1906 4396 do-

326 4441 442 4487 ctor
466 4431 722 4502 gentium,
753 4445 816 4485 ac
840 4429 980 4484 filius
1010 4429 1224 4484 tonitrui
1267 4427 1523 4484 fecerunt.
1568 4429 1698 4484 Nam
1733 4431 1908 4488 Moses

327 4525 541 4595 quidem
572 4537 694 4579 cum
725 4523 926 4594 primus
955 4523 1191 4577 omnium
1220 4522 1598 4578 instituendam
1637 4524 1902 4594 suscepis-

325 4627 406 4672 set
437 4616 721 4670 humanam
762 4623 1026 4680 naturam,
1068 4613 1247 4668 docuit
1288 4614 1557 4670 auditores
1593 4616 1762 4686 prima
1793 4617 1904 4672 ele-

327 4717 501 4762 menta
531 4725 546 4763 :
576 4705 813 4762 Joannes
853 4714 1030 4759 autem
1061 4714 1115 4760 et
1156 4705 1351 4760 Paulus
1403 4706 1468 4760 iis
1501 4723 1634 4776 quos
1679 4724 1709 4763 a
1761 4709 1908 4765 Mose

325 4808 660 4871 acceperant,
701 4807 885 4868 postea
926 4798 1236 4868 perfectiora
1281 4798 1566 4856 tradidere.
1615 4799 1774 4872 Igitur
1795 4803 1906 4872 jam

323 4893 626 4957 didicimus,
665 4903 832 4961 quare
873 4890 945 4944 ita
991 4904 1049 4944 se
1090 4894 1523 4960 attemperaverit
1564 4893 1627 4947 ad
1670 4905 1903 4948 nostram

325 4985 657 5048 tenuitatem,
685 4990 742 5038 et
765 4996 888 5037 eum
923 4980 1123 5052 Spiritu
1166 4991 1354 5036 sancto
1392 4982 1716 5053 loquentem,
1751 4994 1908 5055 prout

323 5073 655 5127 auditoribus
678 5072 1023 5144 congruebat,
1050 5071 1227 5127 omnia
1252 5075 1569 5143 exposuisse
1599 5094 1612 5130 :
1643 5077 1907 5148 simulque

325 5165 414 5218 ille
455 5179 641 5218 omnes
689 5161 942 5231 haereses,
986 5180 1104 5234 quae
1147 5165 1284 5220 sicut
1325 5167 1523 5222 zizania
1575 5169 1907 5238 pullulaturae

326 5269 479 5312 erant
515 5261 568 5315 in
613 5265 868 5333 Ecclesia,
899 5266 1132 5322 eradicat
1175 5282 1270 5338 per
1313 5266 1417 5324 hoc
1461 5269 1603 5338 quod
1641 5268 1809 5326 dicit:
1839 5267 1906 5324 In

324 5352 574 5423 principio
600 5359 716 5426 fecit
752 5358 888 5416 Deus
922 5362 1100 5416 cretum
1127 5374 1174 5418 et
1212 5372 1415 5418 terram.
1459 5366 1608 5423 Unde
1651 5369 1696 5423 si
1741 5370 1908 5427 Mani-

325 5443 507 5501 chacus
531 5447 598 5504 ad
627 5459 678 5504 te
703 5457 1190 5516 accesseritdicens
1205 5457 1488 5514 materiam
1504 5462 1902 5534 pracexsistere;

390 5687 406 5750 ξ
443 5684 498 5736 in
523 5686 642 5750 ﬁdit.
670 5687 855 5750 March,
877 5696 1159 5747 cucurrerit.

387 5748 410 5780 ⁸
441 5749 582 5800 savil.
611 5757 661 5800 et
683 5749 822 5803 multi
841 5748 978 5817 Mss,
1004 5769 1034 5806 a
1057 5759 1268 5820 patribus
1286 5777 1306 5826 ,°
1331 5766 1510 5832 Morel”
1537 5781 1567 5818 a
1589 5770 1841 5827 matribus.

2033 407 2075 461 si
2105 406 2356 472 Marcion,
2385 410 2427 463 si
2461 409 2767 466 Valentinus
2797 413 2896 482 (ιι),
2921 413 2965 469 si
2991 413 3235 485 gentiles,
3264 414 3348 471 dic
3378 418 3479 472 tllis
3505 439 3517 474 :
3549 420 3611 474 In

2031 498 2276 570 principio
2305 500 2420 569 fecit
2441 500 2581 554 Deus
2607 503 2785 556 ratium
2809 514 2854 557 et
2884 513 3086 558 terram.
3124 505 3230 563 Sed
3258 509 3404 578 quid,
3435 510 3478 564 si
3506 527 3610 564 non

2029 590 2196 644 credit
2238 591 2326 646 ille
2370 592 2691 663 Scriptum?
2731 594 2812 648 Tu
2853 597 3072 664 posthac
3104 613 3277 667 ipsum
3324 604 3608 668 averseris,

2029 681 2171 736 velut
2197 681 2530 738 furibundum
2556 693 2612 739 et
2636 694 2812 740 mente
2837 696 3068 756 captum.
3101 690 3228 744 Nam
3256 692 3345 761 qui
3376 694 3610 748 omnium

2029 772 2216 844 Opiliei
2247 790 2351 830 non
2381 776 2571 844 credit,
2603 785 2657 832 et
2682 778 2957 833 veritatem
2989 780 3249 836 mendacii
3287 784 3478 854 arguit,
3508 802 3610 855 qua

2029 880 2277 935 umquam
2307 865 2605 937 dignandus
2634 878 2716 923 est
2737 871 2922 925 venia?
2953 871 3122 927 liabet
3151 873 3240 929 ille
3266 874 3496 932 fucatunt
3518 892 3610 933 co-

2029 955 2194 1010 lorem
2238 957 2277 1020 ¹,
2309 966 2364 1012 et
2401 967 2794 1014 mansuctorutn
2839 975 3093 1030 personas
3140 964 3326 1031 induit,
3379 970 3610 1039 legitque

2028 1047 2129 1102 sub
2154 1048 2311 1102 ovilla
2344 1049 2481 1118 pelle
2503 1050 2701 1121 lupum.
2735 1052 2841 1108 Sed
2869 1061 2923 1108 tu
2956 1069 3022 1110 ne
3043 1055 3345 1126 decipiaris,
3375 1059 3482 1115 imo
3511 1061 3612 1115 hac

2028 1141 2139 1210 ipsa
2167 1141 2233 1196 de
2257 1157 2418 1197 causa
2457 1143 2604 1198 illum
2641 1147 2807 1216 magis
2836 1160 3056 1202 exosum
3087 1148 3242 1215 habe,
3281 1151 3420 1220 quod
3460 1167 3612 1206 man-

2027 1233 2362 1289 suetudinem
2390 1235 2601 1306 quidem
2628 1252 2753 1308 erga
2785 1248 2836 1294 te
2864 1254 3184 1295 conservum
3212 1242 3442 1311 simulet,
3477 1260 3609 1300 con-

2029 1331 2109 1378 tra
2139 1324 2417 1379 Dominum
2461 1335 2637 1382 autem
2685 1328 3052 1385 universorum
3095 1331 3257 1386 Deum
3290 1333 3484 1390 bellum
3514 1352 3609 1405 ge-

2027 1423 2127 1481 rat,
2157 1422 2212 1469 et
2235 1429 2406 1485 neque
2428 1417 2662 1487 seipsutn
2690 1419 2916 1474 salutem
2939 1436 3089 1475 suam
3123 1423 3348 1490 prodere
3369 1426 3609 1481 anitnad-

2026 1515 2215 1560 vertat.
2246 1505 2510 1562 Caeterum
2553 1524 2652 1564 nos
2678 1510 2885 1564 firmam
2914 1519 3184 1566 teneamus
3210 1524 3434 1583 petram,
3460 1526 3509 1571 et
3541 1518 3608 1572 ad

2027 1597 2344 1668 principium
2390 1600 2581 1656 iterum
2630 1603 2995 1673 regrediamur
3040 1622 3053 1659 :
3099 1604 3167 1660 In
3206 1609 3454 1679 principio
3491 1611 3609 1679 fecit

1972 1771 1975 1776 ἱ
2025 1691 2163 1747 Deus
2191 1694 2370 1748 cretum
2408 1707 2455 1749 et
2492 1705 2696 1750 terram.
2743 1697 2972 1754 Attende
3015 1715 3192 1766 nunc,
3233 1704 3500 1770 quomodo
3541 1719 3607 1758 ex

1975 1787 1979 1800 ‘
2025 1782 2141 1853 ipso
2167 1784 2360 1854 opificii
2392 1786 2552 1842 modo
2579 1787 2773 1843 divinae
2820 1799 3020 1844 naturae
3051 1789 3280 1860 dignitas
3314 1793 3604 1860 enitescat;

2025 1875 2292 1944 quomodo
2318 1877 2460 1933 Deus
2487 1887 2680 1948 praeter
2705 1878 2991 1934 humanum
3014 1895 3238 1951 morem,
3269 1897 3421 1938 suum
3446 1886 3605 1954 perli-

2022 1966 2170 2021 cieus
2198 1967 2498 2034 aedilicium,
2527 1969 2673 2040 prius
2697 1970 2884 2026 caelum
2901 1972 3184 2040 extendat,
3214 1985 3396 2043 postea
3425 1983 3479 2031 et
3501 1985 3607 2031 ter-

2024 2072 2136 2110 ram
2168 2058 2473 2114 substernat
2505 2078 2519 2114 :
2547 2061 2697 2131 prius
2728 2062 2959 2130 culmen,
2994 2074 3048 2120 et
3077 2075 3258 2135 postea
3290 2066 3603 2123 fundamen-

2027 2155 2159 2200 tum.
2189 2147 2318 2214 Quis
2357 2149 2461 2204 tale
2489 2150 2614 2219 quid
2641 2151 2806 2205 vidit?
2831 2154 2954 2221 quis
2981 2155 3212 2210 audivit?
3237 2155 3292 2210 In
3331 2158 3604 2214 hominum

2024 2248 2154 2290 sane
2180 2237 2428 2305 operibus
2453 2239 2586 2294 nihil
2625 2240 2728 2295 tale
2754 2257 3002 2312 umquam
3035 2243 3191 2298 fuerit
3223 2263 3236 2299 :
3268 2247 3360 2300 sed
3382 2248 3606 2316 jubente

2027 2324 2158 2392 Deo,
2188 2327 2446 2382 voluntati
2468 2329 2584 2398 ejus
2617 2340 2802 2400 parent
2830 2340 2883 2387 et
2903 2333 3098 2389 cedunt
3119 2336 3316 2391 omnia.
3345 2336 3422 2392 Ne
3446 2338 3606 2409 igitur

2025 2416 2268 2474 humanis
2288 2420 2582 2476 rationibus
2597 2421 2770 2477 divina
2793 2439 2952 2494 opera
2972 2426 3234 2482 curiosius
3253 2429 3602 2498 excutiamus,

2022 2509 2116 2564 sed
2164 2524 2232 2564 ex
2272 2513 2523 2580 operibus
2569 2513 2872 2570 manudueti
2897 2557 2912 2579 ,
2952 2515 3277 2572 admiremur
3321 2520 3600 2575 artificem.

2025 2598 2163 2652 Nam
2191 2600 2462 2654 invisibilia
2497 2604 2628 2672 ejus,
2661 2603 2852 2674 inquit,
2883 2621 2946 2659 ea:
2978 2608 3228 2660 creatione
3256 2609 3450 2676 mundi,
3481 2610 3601 2664 dum

2021 2707 2110 2761 per
2134 2709 2288 2762 Opera
2314 2694 2681 2766 intelliguntur,
2715 2697 3033 2766 pervidentur
3056 2698 3230 2772 (Rom.
3265 2701 3316 2754 1.
3343 2701 3458 2772 20).

2089 2785 2143 2839 4.
2176 2784 2364 2840 Contra
2391 2802 2475 2840 eos
2499 2788 2586 2855 qui
2609 2789 2836 2844 dicebant
2856 2800 3039 2844 terram
3055 2808 3118 2846 ea:
3143 2792 3365 2864 subjecta
3393 2799 3601 2851 materia

2021 2874 2245 2943 factam;
2266 2886 2399 2931 terra
2425 2879 2590 2948 patria
2628 2891 2800 2933 nostra
2826 2890 2916 2943 est,
2945 2892 2995 2956 et
3014 2898 3275 2937 commune
3293 2885 3597 2955 sepulcrum.

2021 2965 2236 3022 Moralis
2256 2969 2782 3038 exltortatio.—Quod
2798 2973 2842 3027 si
2863 2973 3100 3029 veritatis
3118 2974 3298 3030 hostes
3323 2977 3498 3033 adhuc
3521 2980 3602 3034 di-
3690 3003 3694 3006 ~

2019 3067 2165 3124 cunt,
2198 3073 2304 3113 non
2334 3075 2490 3130 posse
2524 3075 2588 3116 ex
2619 3061 2787 3119 nihilo
2817 3063 3010 3134 aliquid
3041 3066 3177 3133 fieri,
3212 3065 3600 3138 interrogemus

2019 3163 2113 3204 eos
2143 3165 2157 3204 :
2184 3148 2462 3207 Primusne
2487 3151 2648 3207 homo
2677 3167 2741 3208 ex
2768 3162 2908 3209 terra
2953 3153 3212 3211 formatus
3231 3165 3343 3225 est;
3371 3175 3436 3213 an
3467 3161 3599 3217 forte

2019 3238 2270 3295 aliunde?
2299 3238 2528 3296 Omnino
2547 3243 2725 3299 dicent
2751 3259 2814 3298 ac
2843 3244 3166 3315 fatebuntur,
3184 3248 3324 3319 quod
3344 3264 3410 3305 ex
3437 3259 3595 3306 terra.

2024 3329 2212 3384 Dieant
2252 3331 2412 3401 igitur
2436 3332 2610 3399 nobis,
2638 3334 2906 3404 quomodo
2944 3351 3010 3391 ex
3046 3345 3185 3393 terra
3224 3338 3360 3395 facta
3399 3341 3469 3396 sit
3508 3359 3602 3398 na-

2020 3431 2136 3477 tura
2166 3424 2360 3478 carnis.
2391 3425 2472 3479 Ex
2501 3433 2637 3480 terra
2667 3427 2807 3481 enim
2844 3427 3030 3494 lutum,
3064 3439 3118 3483 et
3148 3429 3362 3499 lateres,
3391 3441 3446 3488 et
3469 3434 3599 3504 figu-

2019 3515 2182 3569 linum
2210 3531 2324 3580 vas,
2366 3525 2420 3570 et
2445 3524 2578 3571 testa
2613 3509 2728 3572 fieri
2758 3517 2896 3572 solet
2923 3535 2936 3571 :
2969 3520 3234 3588 quomodo
3261 3536 3388 3591 ergo
3413 3536 3597 3577 natura

2018 3605 2195 3661 carnis
2219 3607 2354 3660 facta
2391 3608 2510 3660 est?
2535 3608 2802 3676 quomodo
2823 3623 2966 3675 ossa,
3002 3621 3056 3663 et
3090 3613 3260 3679 nervi,
3288 3623 3343 3668 et
3365 3617 3595 3680 arteriae,

2019 3702 2073 3747 et
2111 3692 2294 3762 adeps,
2337 3700 2390 3748 et
2417 3695 2574 3760 cutis,
2605 3703 2660 3749 et
2705 3711 2928 3766 ungues,
2974 3706 3029 3753 et
3055 3700 3250 3768 capilli,
3296 3709 3351 3757 et
3383 3719 3447 3758 ex
3493 3720 3597 3759 una

2017 3781 2327 3852 subjacente
2366 3784 2584 3838 materia
2612 3784 2940 3842 diversarum
2982 3789 3396 3848 substantiarum
3429 3797 3598 3865 quali-

2017 3872 2192 3928 tates?
2221 3871 2326 3928 Sed
2350 3872 2415 3927 ad
2449 3873 2564 3928 haec
2591 3890 2673 3953 ne
2700 3876 2893 3932 mutire
2919 3879 3131 3947 quidem
3168 3891 3434 3950 poterunt.
3457 3887 3593 3952 Quid

2015 3974 2192 4022 autem
2215 3965 2334 4021 dico
2357 3965 2425 4021 de
2449 3981 2673 4036 corpore
2702 3971 2922 4026 nostro?
2948 3971 3135 4028 Dicant
3160 3976 3315 4032 nobis
3342 3977 3409 4032 de
3437 3993 3592 4049 pane,

2014 4069 2121 4126 quo
2142 4056 2380 4126 quotidie
2409 4058 2698 4126 relieimur,
2731 4061 3018 4131 quomodo,
3048 4079 3169 4119 cum
3205 4068 3360 4124 unius
3397 4072 3594 4139 speciei

2014 4148 2103 4214 sit,
2132 4153 2512 4202 transmutatur
2531 4148 2583 4202 in
2605 4148 2940 4218 sanguinem,
2965 4159 3020 4207 et
3046 4149 3311 4222 pituitam,
3333 4166 3388 4211 et
3410 4158 3590 4226 bilem,

2012 4247 2068 4293 et
2094 4239 2148 4293 in
2174 4239 2350 4294 varios
2391 4238 2661 4296 humores.
2703 4240 2773 4296 Et
2822 4242 2973 4312 panis
3006 4245 3218 4314 quidem
3256 4263 3399 4319 saepe
3437 4251 3596 4308 habet

2013 4333 2248 4387 colorem
2271 4332 2542 4398 frumenti;
2561 4334 2775 4404 sanguis
2792 4344 2967 4392 autem
2998 4337 3157 4393 ruber
3177 4340 3258 4396 vel
3281 4343 3429 4412 niger
3452 4347 3590 4399 est'.

2014 4424 2071 4479 Si
2113 4424 2272 4494 igitur
2310 4425 2445 4491 haec,
2476 4441 2595 4496 quae
2637 4428 2873 4496 quotidie
2914 4439 3038 4486 ante
3077 4433 3262 4488 oculos
3292 4444 3590 4503 versantur,

2013 4531 2303 4586 numquam
2343 4517 2498 4572 nobis
2534 4517 2712 4573 dicere
2752 4528 3015 4588 poterunt,
3059 4522 3322 4580 difficilius
3367 4526 3433 4581 de
3475 4529 3592 4583 aliis

2015 4609 2107 4663 Dei
2151 4608 2391 4678 opificiis.
2411 4609 2565 4680 digna
2621 4610 2922 4680 loquentur.
2954 4615 3107 4681 Quod
3157 4618 3200 4671 si
3244 4629 3364 4687 post
3389 4627 3591 4675 tantum

2013 4699 2522 4756 demonstrationum
2550 4704 2755 4772 copiam
2801 4705 2976 4761 adhuc
3019 4722 3168 4761 suam
3197 4712 3590 4766 contentionem

2015 4792 2266 4849 roborare
2299 4795 2502 4860 volunt,
2546 4811 2716 4866 neque
2744 4813 2840 4852 nos
2865 4799 3189 4856 desistetnus
3227 4814 3369 4869 ειῐψο
3403 4805 3589 4859 eadem

2014 4883 2143 4954 ipsis
2171 4885 2422 4956 objicerc,
2452 4875 2690 4943 dicentes
2722 4909 2734 4943 :
2759 4886 2824 4942 In
2842 4889 3087 4959 principio
3113 4891 3228 4961 fecit
3258 4891 3391 4946 Deus
3411 4895 3591 4946 etclam

2013 4985 2059 5028 et
2080 4985 2282 5031 terram.
2314 4975 2424 5032 Hoc
2456 4979 2598 5032 enim
2629 4981 2842 5034 unicum
2875 4981 3094 5036 verbum
3122 4982 3316 5039 sufficit
3345 4984 3497 5039 nobis
3522 4985 3590 5040 ad

2011 5067 2392 5124 subvertendas
2420 5084 2609 5126 omnes
2639 5070 3060 5130 adversariorum
3093 5086 3285 5140 turres,
3319 5086 3373 5131 et
3399 5077 3464 5130 ad
3501 5095 3591 5131 re-

2015 5158 2255 5214 vellenda
2299 5159 2366 5214 ab
2412 5161 2541 5231 ipsis
2596 5163 2950 5221 fundamentis
2995 5165 3224 5222 humana
3263 5167 3570 5236 ratiocinia;

2012 5259 2174 5322 atque
2200 5253 2242 5306 si
2265 5253 2460 5308 vellent
2480 5255 2563 5310 vel
2591 5272 2712 5312 sero
2737 5271 2766 5312 a
2801 5273 2898 5314 sua
2927 5259 3266 5316 contentione
3303 5259 3588 5328 desistere,

2076 5344 2093 5412 ξ
2127 5343 2335 5412 Coislin.,
2359 5345 2572 5406 fucatam
2590 5361 2781 5412 corpus.

2073 5406 2094 5437 ²
2108 5405 2436 5475 Coislinianus,
2445 5415 2498 5458 Et
2511 5411 2648 5472 panis
2659 5405 2868 5475 quidem,
2883 5416 2933 5462 ut
2943 5410 3216 5475 plurimm
3229 5412 3368 5464 habet
3384 5413 3590 5466 colorem

2009 5466 2251 5578 ﬁgmenti,
2271 5466 2439 5532 pituita
2458 5466 2616 5522 autem
2634 5466 2744 5522 alba
2759 5466 3047 5536 estfsanyuis
3068 5486 3179 5524 vero
3201 5466 3342 5526 ruber
3365 5477 3438 5526 vel
3453 5477 3590 5541 niger

2011 5543 2097 5580 eat.

2074 5593 2146 5648 la)
2162 5593 2458 5653 Manichaeus,
2483 5597 2700 5652 Marcion,
2723 5604 2772 5644 et
2793 5594 3077 5646 Valentinus
3091 5597 3317 5649 dicebant
3339 5605 3589 5651 materiam

2012 5665 2127 5716 ante
2150 5665 2366 5702 creatum
2389 5657 2615 5704 mundum
2636 5659 2897 5706 evstitisse.
2920 5665 2987 5707 De
3005 5661 3257 5716 Manichu-i,
3279 5666 3519 5713 Marcionis
3536 5674 3583 5714 et

2017 5715 2256 5826 Vslentin‘i
2279 5718 2504 5777 opinione
2527 5720 2650 5767 circa
2689 5721 2850 5768 mundi
2873 5721 3128 5782 primordia
3147 5715 3254 5774 vide
3266 5723 3587 5788 Epiphanium

2017 5791 2041 5824 a
2093 5790 2235 5826 stnau
2255 5791 2324 5826 us.

2016 5790 2073 5826 au
2093 5790 2324 5840 stngutus.
