4094 6204
677 276 737 328 31
1458 265 1514 322 S.
1557 264 1834 322 JOANNIS
1872 257 2344 320 CHRYSOSTOMI
2385 257 2700 316 ARCIIIEP.
2738 257 3272 316 CONSTANTINOP.
3879 266 3924 318 δέ

677 398 894 459 possent
923 401 1020 457 per
1051 385 1151 439 hoc
1181 385 1232 439 in
1269 383 1508 440 veritatis
1527 384 1668 438 viam
1690 382 1990 438 manuduci.
2017 381 2082 435 2.‘
2100 380 2259 435 Terra

675 492 842 536 autem
867 478 1128 534 invisibilis
1152 486 1258 532 erat
1286 485 1331 531 et
1359 478 1709 546 incomposita.
1737 476 1904 547 Cujus
1923 476 2112 544 gratia,
2145 475 2253 540 dic,

674 584 876 640 quaeso,
907 567 1097 622 caelum
1133 567 1333 622 clarum
1367 575 1422 621 et
1463 565 1756 636 perfectum
1791 566 2021 630 creavit;
2062 575 2255 620 terram

673 672 848 728 autem
877 659 1160 715 informem
1205 659 1414 714 eflccit?
1444 659 1627 730 Neque
1661 658 1764 714 hoc
1805 668 2006 714 temere
2037 658 2254 724 factum,

671 751 765 808 sed
799 759 874 815 nt,
903 766 1024 805 cum
1053 749 1300 804 didiceris
1329 749 1606 804 meliorem
1635 750 1924 804 creationis
1955 758 2159 818 partem
2189 748 2257 802 ab

671 859 734 898 eo
766 842 1046 897 formatam
1070 848 1124 894 et
1157 839 1476 904 absolutam,
1523 840 1653 894 nihil
1685 849 1867 910 postea
1889 839 2131 895 dubites:
2162 855 2256 894 ne-

667 949 773 1003 que
825 940 980 1002 putes
1034 930 1087 985 id
1151 946 1216 984 ex
1279 932 1560 999 potestatis
1615 931 1978 987 imbecillitate
2032 931 2252 987 factum.

671 1022 750 1077 Ad
800 1022 913 1077 haec
963 1031 1018 1077 et
1071 1021 1174 1076 alia
1212 1023 1418 1076 ratione
1463 1021 1744 1077 informem
1786 1032 1982 1078 terram
2029 1025 2251 1079 creavit.

669 1114 803 1180 Quia
839 1115 982 1168 enim
1028 1113 1142 1182 ipsa
1172 1121 1254 1167 est
1295 1113 1494 1178 nutrix,
1539 1123 1594 1167 et
1643 1121 1813 1169 mater
1848 1124 2050 1181 nostra,
2088 1125 2142 1170 et
2189 1131 2255 1170 ex

668 1220 730 1259 ea
778 1204 903 1259 facti
950 1219 1168 1271 sumus,
1217 1213 1376 1276 atque
1426 1205 1754 1271 educamur,
1802 1207 2022 1277 ipsaque
2074 1221 2254 1265 nostra

671 1297 837 1365 patria
865 1305 969 1364 est,
991 1307 1045 1351 et
1071 1311 1356 1352 commune
1385 1298 1720 1368 sepulcrum:
1757 1298 1956 1354 reditus
1983 1301 2125 1356 enim
2154 1319 2254 1359 no-

667 1395 780 1441 ster
806 1387 871 1442 ad
903 1403 1019 1443 eam
1049 1402 1234 1443 rursus
1256 1399 1338 1444 est
1361 1405 1376 1454 ;
1402 1399 1456 1444 et
1483 1389 1604 1459 quia
1639 1388 1802 1443 variis
1828 1405 1923 1460 per
1951 1406 2069 1446 eam
2099 1393 2255 1450 bonis

669 1477 931 1532 fruimur:
965 1478 1105 1542 ideo,
1135 1487 1193 1532 ut
1231 1493 1298 1534 ne
1339 1477 1581 1536 homines
1609 1480 1679 1535 ob
1707 1496 1836 1536 usus
1877 1485 2252 1539 necessitatem

670 1569 788 1638 plus
812 1584 969 1638 quam
994 1569 1209 1638 dignum
1237 1577 1320 1624 est
1339 1585 1458 1625 eam
1481 1571 1738 1639 colerent,
1763 1575 1996 1630 ostendit
2022 1576 2253 1646 primum

669 1661 854 1717 rudem
892 1671 947 1718 et
990 1661 1292 1725 informem,
1348 1672 1406 1718 ut
1448 1678 1516 1719 ne
1561 1664 1818 1722 beneficia
1860 1676 2014 1723 terra:
2053 1669 2254 1724 telluris

669 1761 870 1808 natura:
895 1752 1144 1824 imputes,
1171 1754 1264 1810 sed
1297 1754 1347 1810 ei
1367 1754 1589 1824 tribuas,
1620 1758 1709 1828 qui
1738 1759 1881 1813 illam
1910 1774 1977 1815 ex
2001 1759 2170 1816 nihilo
2197 1769 2255 1816 ut

668 1855 814 1900 esset
839 1845 1058 1900 creavit.
1105 1845 1328 1916 Propter
1356 1847 1458 1904 hoc
1484 1847 1558 1902 ait
1593 1865 1606 1902 :
1639 1848 1798 1904 Terra
1839 1859 2006 1904 autem
2033 1861 2141 1904 erat
2169 1852 2252 1906 in-

667 1935 874 1990 visibilis
920 1945 968 1990 et
1029 1937 1376 2009 incomposita.
1433 1937 1593 1995 Forte
1631 1940 1811 1995 statim
1865 1948 1919 1996 et
1980 1942 2050 1998 ab
2101 1942 2253 1999 initio

669 2034 904 2083 mentem
968 2036 1200 2084 vestram
1267 2027 1632 2086 subtilioribus
1682 2031 1964 2087 sententiis
2023 2033 2250 2089 nimium

667 2117 950 2182 tursimus;
984 2117 1103 2173 ideo
1128 2118 1213 2173 hic
1235 2134 1538 2175 sermonem
1571 2125 1764 2177 sistere
1791 2138 1886 2192 par
1926 2132 2030 2179 est.
2073 2123 2249 2196 Roga-

668 2224 786 2264 mus
811 2217 990 2264 autem
1018 2210 1294 2264 caritatem
1316 2219 1572 2280 vestram,
1604 2222 1661 2268 ut
1686 2213 1952 2270 dictorum
1979 2216 2101 2273 sitis
2130 2233 2248 2273 me-

665 2313 866 2366 mores,
889 2309 944 2355 et
969 2314 1184 2370 semper
1210 2301 1324 2356 hac
1353 2303 1609 2358 memoria
1643 2305 1866 2360 teneatis
1896 2322 1910 2358 :
1942 2316 2103 2374 atque
2141 2323 2244 2363 una

661 2404 782 2444 cum
805 2390 1043 2445 sensibili
1073 2407 1282 2460 mensa,
1311 2406 1435 2447 cum
1466 2392 1591 2448 hinc
1615 2394 1854 2450 abieritis
1878 2436 1894 2462 ,
1921 2399 2174 2468 apponite
2193 2410 2247 2456 et

661 2481 993 2552 spiritualem
1050 2499 1314 2540 mensam.
1369 2485 1518 2541 Dicat
1547 2485 1627 2541 vir
1674 2487 1848 2558 aliqua
1879 2504 2064 2545 eorum
2085 2531 2103 2559 ,
2129 2507 2248 2562 qua:

661 2590 803 2630 nunc
833 2576 920 2631 hic
949 2585 1074 2631 sunt
1099 2576 1239 2632 dicta
1272 2595 1286 2632 :
1314 2576 1494 2632 audiat
1543 2579 1734 2634 mulier
1753 2621 1768 2646 ,
1797 2581 2007 2637 discant
2050 2585 2244 2654 pueri,

659 2665 870 2720 discant
895 2676 951 2721 et
973 2666 1252 2723 domestici
1287 2710 1302 2737 ,
1335 2669 1530 2739 fiatque
1563 2668 1753 2727 domus
1778 2673 2004 2729 ecclesia
2030 2715 2045 2740 ,
2079 2683 2138 2730 ut
2161 2674 2244 2731 ef-

659 2754 876 2825 fngetur
903 2756 1182 2825 diabolus,
1214 2758 1267 2812 in
1307 2757 1482 2830 fugam
1531 2769 1769 2817 vertatur
1809 2764 1980 2820 malus
2006 2765 2095 2820 ille
2134 2765 2244 2822 dre-

661 2861 785 2902 mon
809 2888 826 2913 ,
854 2856 908 2902 et
949 2847 1196 2903 inimicus
1239 2851 1423 2906 salutis
1450 2862 1647 2908 nostrae
1677 2872 1689 2909 :
1723 2856 2024 2926 requiescat
2060 2867 2239 2914 autem

663 2937 738 2992 ibi
759 2937 990 3008 Spiritus
1011 2940 1181 2995 sancti
1207 2941 1398 3011 gratia,
1430 2948 1486 2998 et
1522 2944 1697 3000 omnis
1737 2960 1840 3016 pax
1878 2957 1931 3003 et
1955 2949 2238 3005 concordia

658 3029 860 3084 muniat
897 3028 1275 3086 inhabitantes.
1317 3030 1450 3086 Nam
1493 3033 1536 3088 si
1576 3049 1760 3090 eorum
1797 3052 1916 3100 qua:
1960 3039 2070 3108 jam
2099 3039 2240 3096 dicta

657 3129 803 3188 sunt,
829 3136 1092 3178 memores
1120 3123 1348 3193 fueritis,
1367 3133 1422 3181 et
1463 3126 2080 3201 majorestudioea,quaa
2093 3145 2241 3206 post-

643 3215 759 3271 ‘hac
797 3215 1113 3271 seminaturi
1193 3231 1400 3286 sumus,
1445 3219 1825 3287 susceperitis,
1873 3234 1974 3275 nos
2025 3237 2238 3293 quoque

655 3305 844 3373 majori
865 3305 1042 3360 studio
1067 3313 1226 3377 atque
1250 3307 1491 3364 ubertate
1519 3309 1760 3364 dicemus
1785 3327 1904 3381 qua:
1921 3312 2077 3368 nobis
2102 3327 2233 3384 sup-

656 3396 913 3466 peditabit
934 3399 1103 3470 gratia
1147 3401 1281 3468 Dei,
1305 3403 1349 3456 si
1384 3401 1685 3472 germinare
1711 3401 2000 3459 viderimus
2028 3420 2091 3460 ea
2115 3422 2236 3476 qua:

653 3503 796 3545 nunc
823 3505 854 3544 a
903 3491 1056 3546 nobis
1101 3492 1242 3549 dicta
1287 3501 1430 3549 sunt.
1457 3493 1893 3566 Quandoquidem
1923 3505 1978 3553 et
2002 3498 2233 3569 agricola

651 3596 772 3638 cum
794 3581 983 3638 viderit
1004 3584 1208 3640 semina
1228 3585 1394 3652 nasci,
1418 3585 1620 3656 majore
1645 3587 1919 3644 alacritate
1947 3604 2073 3645 arva
2100 3604 2232 3646 con-

647 3673 842 3731 siderat
873 3683 928 3730 et
954 3677 1171 3743 excolit,
1202 3686 1360 3748 atque
1384 3677 1486 3733 alia
1515 3691 1698 3735 serere
1731 3681 1910 3751 gestit.

720 3768 772 3824 5.
816 3766 886 3823 Ut
909 3769 1067 3836 igitur
1089 3768 1377 3823 alacriores
1412 3783 1510 3824 nos
1533 3770 1768 3826 reddatis
1786 3813 1801 3838 ,
1825 3772 1936 3842 jam
1965 3774 2226 3831 dictorum

645 3866 850 3914 certam
901 3857 1198 3912 custodiam
1228 3857 1609 3926 demonstrate,
1641 3869 1694 3915 et
1741 3876 1862 3916 cum
1908 3874 2068 3920 recta:
2108 3868 2230 3923 fidei

647 3947 983 4018 dogmatibus
1014 3948 1175 4002 vitam
1201 3962 1412 4018 quoque
1443 3959 1675 4005 vestram
1705 3952 1985 4023 diligenter
2023 3969 2228 4016 curate.

647 4039 838 4092 Luceat
864 4037 1028 4098 enim.
1075 4038 1258 4110 inquit,
1291 4039 1381 4093 tua:
1418 4049 1582 4095 vestra
1612 4058 1784 4097 coram
1829 4045 2132 4119 hominibus,
2174 4062 2230 4107 ut

647 4130 845 4185 videant
866 4145 1020 4200 opera
1041 4135 1201 4184 vestra
1217 4128 1367 4195 bona,
1391 4141 1439 4186 et
1455 4131 1738 4203 gloriﬁcent
1752 4134 1960 4191 Patrem
1987 4147 2224 4212 uestrum,

643 4222 730 4292 qui
768 4222 822 4276 in
854 4222 991 4277 caelis
1018 4230 1096 4278 est
1129 4220 1344 4291 (Matth.
1374 4224 1428 4278 5.
1463 4223 1551 4296 10)
1587 4242 1600 4278 :
1634 4234 1691 4281 ut
1729 4238 1784 4284 et
1825 4229 1929 4284 vita
1969 4245 2227 4292 consonet

645 4312 766 4366 fidei
793 4304 1144 4383 dogmatibus,
1175 4321 1232 4368 et
1254 4312 1500 4384 dogmata
1526 4315 1818 4385 praedicent
1846 4321 2027 4378 vitam.
2066 4323 2226 4383 Fides

643 4402 786 4456 enim
811 4403 922 4458 sine
954 4402 1192 4472 operibus
1229 4415 1429 4461 mortua
1456 4416 1530 4462 est
1558 4407 1700 4480 (Jac.
1719 4410 1774 4464 Ξ.
1805 4411 1933 4484 26),
1963 4425 2018 4472 et
2061 4433 2222 4488 opera

640 4493 758 4548 sine
803 4493 909 4549 fide
949 4503 1156 4550 mortua
1199 4505 1342 4553 sunt.
1373 4497 1504 4554 Nam
1549 4500 1676 4557 licet
1720 4517 1902 4560 sanam
1945 4515 2223 4567 teneamus

642 4581 969 4650 doctrinam,
1009 4585 1054 4638 si
1083 4584 1243 4641 vitam
1285 4587 1636 4660 negligamus,
1687 4593 1820 4651 nihil
1846 4597 2000 4653 nobis
2026 4601 2222 4669 prode-

635 4671 706 4726 rit
730 4673 970 4728 doctrina
1000 4691 1014 4728 :
1047 4689 1252 4743 rursus,
1274 4679 1321 4733 sl
1346 4678 1470 4735 vita:
1497 4695 1679 4738 curam
1703 4683 2008 4757 diligentem
2037 4705 2222 4762 gesse-

636 4760 824 4827 rimus,
858 4761 912 4818 in
934 4763 1053 4819 fidei
1083 4774 1262 4823 autem
1293 4767 1498 4839 placitis
1524 4773 2018 4848 claudicaverimus,
2045 4760 2226 4852 neque

633 4851 712 4907 sic
742 4852 898 4942 nobis
928 4854 1128 4925 aliquid
1155 4857 1288 4914 lucri
1338 4858 1514 4917 fuerit.
1542 4862 1669 4920 Ideo
1692 4868 1940 4924 convenit
1969 4851 2218 4942 utrinque

631 4941 915 4996 aedificium
945 4942 1049 5000 hoc
1077 4956 1316 5003 nostrum
1347 4951 1621 5020 spirituale
1649 4959 1967 5021 communiri
1997 4977 2008 5013 :
2035 4941 2217 5017 Omnis

631 5033 795 5100 enim,
820 5033 1008 5104 inquit,
1037 5038 1122 5106 qui
1141 5039 1284 5103 audit
1313 5041 1404 5096 hos
1423 5058 1675 5122 sermones
1701 5065 1858 5116 meos,
1887 5060 1932 5104 et
1957 5053 2081 5122 facit
2103 5071 2212 5122 eos,

630 5123 987 5178 assimifubitur
1027 5127 1132 5181 viro
1161 5132 1395 5198 prudenti
1416 5118 1628 5202 (Matth.
1663 5138 1714 5192 7.
1743 5141 1861 5210 24).
1892 5118 2023 5201 Vide
2076 5118 2210 5216 quo;

629 5214 789 5270 modo
832 5231 937 5272 non
967 5219 1139 5274 solum
1187 5223 1372 5281 audire
1403 5242 1500 5283 nos
1528 5229 1673 5295 velit,
1715 5232 1808 5288 sed
1843 5235 2002 5291 etiam
2037 5214 2212 5296 facere

626 5316 680 5362 et
703 5309 954 5378 operibus
995 5312 1349 5372 obedientiam
1377 5320 1672 5378 exhibere:
1711 5323 1851 5382 hunc
1894 5329 2210 5398 prudentem

625 5402 855 5469 vacavit,
884 5404 974 5474 qui
1004 5407 1255 5475 operibus
1280 5423 1557 5468 sermones
1583 5414 2026 5488 subsequentibus
2069 5437 2197 5478 con-

627 5489 841 5558 Spicuus
867 5494 937 5547 sit
965 5512 982 5549 :
1017 5497 1106 5566 qui
1133 5513 1260 5554 vero
1290 5507 1494 5558 tantum
1533 5503 1600 5560 ad
1630 5520 1906 5564 sermones
1935 5515 2207 5583 pervenit,

625 5589 676 5633 et
709 5597 814 5636 non
837 5582 903 5637 ad
929 5598 1115 5656 opera,
1137 5598 1257 5645 eum
1287 5592 1505 5649 stultum
1533 5597 1742 5652 vocavit
1769 5616 1782 5652 :
1814 5601 2005 5656 merito
2030 5582 2204 5663 certe:

627 5673 748 5741 quia
779 5673 867 5732 ille
893 5676 1108 5736 domum
1131 5696 1281 5739 suam
1307 5697 1468 5755 super
1496 5703 1712 5748 arenam
1731 5690 2042 5763 aedificavit;
2083 5710 2209 5767 pro-

2370 387 2548 446 pterea
2572 394 2744 450 neque
2775 392 3053 436 ventorum
3098 384 3204 438 vim
3245 383 3385 440 ferre
3412 383 3602 455 putuit,
3645 385 3738 442 sed
3767 393 3922 444 statin

2365 471 2571 526 corruit
2593 472 2809 541 (Matth.
2838 475 2892 528 7.
2913 474 3030 544 26).
3061 475 3216 532 Tales
3239 479 3379 533 enim
3410 489 3532 535 sunt
3573 479 3783 537 desides
3828 485 3924 538 ani.

2366 576 2487 628 nun,
2512 577 2618 617 non
2648 563 2891 620 solidata:
2919 579 3080 635 super
3109 567 3317 623 firmam
3348 579 3553 640 petram
3577 573 3904 642 spiritualem

2365 667 2470 706 non
2496 653 2636 707 enim
2657 653 2724 709 de
2749 655 2974 711 mdilicio
3000 667 3053 712 et
3071 658 3139 714 de
3167 659 3325 715 domo
3353 677 3493 716 nunc
3517 673 3600 718 est
3625 679 3821 732 sermo,
3851 683 3924 723 δε(

2363 742 2432 796 de
2460 742 2658 811 anima,
2677 759 2796 814 quae
2823 760 2853 800 a
2881 749 3171 804 tentatione
3191 765 3375 820 quavrs
3389 753 3638 822 quatitur.
3662 754 3793 810 Nam
3822 773 3923 811 ven

2365 833 2422 896 ti,
2449 835 2660 902 pluviae,
2711 845 2765 890 et
2789 835 3070 893 fluviorum
3103 842 3404 898 nominibus
3444 847 3762 902 tentationes
3792 851 3924 904 nobi:

2363 926 2733 982 subindicavit.
2771 931 2839 984 At
2867 931 3011 985 enim
3047 932 3136 1002 qui
3167 943 3446 1001 constans,
3476 937 3707 1008 vigil,et
3735 941 3924 996 sobriw

2362 1028 2468 1086 est,
2499 1019 2595 1074 hac
2625 1022 2830 1078 ratione
2857 1024 3060 1080 firmior
3085 1027 3286 1094 evadit;
3305 1037 3360 1083 et
3386 1041 3584 1098 quanto
3601 1032 3830 1101 majores
3858 1035 3926 1088 in-

2362 1119 2634 1169 tentantur
2661 1115 2993 1182 afflictiones,
3027 1128 3173 1175 tanto
3200 1121 3316 1191 ejus
3347 1123 3568 1179 virilitas
3593 1133 3648 1180 et
3689 1126 3926 1183 fortitudt

2361 1205 2530 1276 magis
2557 1215 2816 1277 augentur
2856 1226 2870 1262 :
2917 1209 3074 1266 deses
3109 1221 3284 1267 autem
3315 1222 3368 1268 et
3396 1215 3639 1284 supinus,
3671 1218 3716 1272 si
3743 1220 3825 1274 vel
3859 1232 3926 1276 te~

2360 1297 2480 1352 nuis
2519 1299 2762 1368 quaedam
2794 1301 3144 1357 tentationum
3167 1320 3294 1359 aura
3325 1305 3538 1375 afﬂarit,
3575 1309 3753 1366 statim
3779 1313 3926 1367 vacil.

2361 1388 2449 1455 lat,
2481 1398 2536 1444 et
2567 1391 2745 1446 animo
2770 1393 3022 1458 concidit,
3056 1411 3159 1450 non
3197 1396 3266 1452 ob
3293 1407 3536 1454 naturam
3568 1403 3926 1471 tentationum,

2357 1479 2453 1534 sed
2497 1481 2568 1536 ob
2592 1482 2875 1538 voluntatis
2905 1485 3286 1541 infirmitatem.
3309 1488 3568 1556 Quocirca
3595 1503 3808 1562 oportet
3849 1510 3926 1550 so-

2359 1572 2505 1627 brios
2530 1587 2674 1642 esse,
2699 1583 2755 1630 et
2781 1576 2966 1647 vigiles
2985 1619 3000 1645 ,
3030 1587 3085 1633 et
3110 1579 3175 1634 ad
3207 1582 3384 1635 omnia
3413 1596 3737 1653 przeparatos
3769 1605 3781 1638 :
3811 1597 3869 1642 ut
3889 1605 3925 1644 e‘

2358 1663 2412 1718 in
2451 1666 2804 1735 prosperitate
2832 1668 3056 1724 modesti
3087 1685 3150 1724 ac
3177 1686 3282 1725 non
3312 1671 3487 1741 effusi,
3516 1683 3570 1728 et
3609 1676 3662 1730 in
3691 1677 3926 1733 afflictio-

2358 1755 2518 1810 nibus
2531 1771 2652 1827 qua:
2675 1756 2826 1812 nobis
2851 1756 3180 1829 mitigantur,
3214 1761 3379 1818 sobrii
3403 1771 3457 1818 et
3483 1764 3794 1838 prudentes,
3815 1785 3926 1840 per-

2355 1854 2545 1919 petuas
2567 1848 2768 1918 gratias
2795 1848 3088 1906 referamus
3109 1850 3335 1922 benigno
3361 1853 3490 1909 Deo.
3523 1855 3578 1912 Si
3607 1858 3683 1913 sic
3718 1875 3806 1915 res
3840 1876 3926 1915 no-

2353 1949 2490 1994 stras
2509 1939 2916 2011 instituerlmus,
2935 1942 3157 1998 multum
3175 1945 3355 2014 grati-.e
3368 1945 3559 2002 divina:
3573 1964 3921 2022 assequemur

2357 2029 2752 2100 poterimusque
2774 2043 3093 2100 praesentem
3139 2034 3302 2089 vitam
3333 2051 3521 2093 secure
3554 2041 3928 2110 transmittere,

2355 2127 2410 2172 et
2435 2119 2486 2173 in
2515 2118 2693 2176 futura
2715 2122 2824 2177 vita
2851 2138 3056 2194 magna:
3074 2125 3280 2181 fiduciae
3301 2141 3428 2197 opes
3457 2143 3716 2199 reponere
3742 2147 3756 2184 :
3780 2149 3927 2203 quan:

2355 2211 2511 2268 nobis
2537 2213 2787 2269 omnibus
2805 2216 3016 2286 assequi
3035 2218 3327 2290 contingat,
3349 2221 3516 2289 gratia
3538 2232 3591 2276 et
3612 2222 3928 2295 benignitate

2355 2301 2567 2358 Domini
2595 2305 2764 2360 nostri
2791 2305 2918 2361 Jesu
2943 2303 3161 2375 Christi,
3205 2324 3326 2364 cum
3373 2325 3478 2379 quo
3509 2308 3656 2363 Patri
3695 2315 3854 2368 simul
3885 2328 3928 2370 et

2351 2403 2538 2450 sancto
2553 2395 2770 2466 Spiritui
2795 2397 2982 2464 gloria,
3009 2397 3312 2468 imperium,
3337 2400 3530 2468 honor,
3553 2417 3695 2458 nunc
3719 2413 3774 2458 et
3794 2418 3928 2460 scm-

2351 2502 2471 2557 per,
2501 2496 2556 2543 et
2580 2488 2635 2543 in
2655 2488 2851 2543 srecula
2877 2489 3217 2545 saeculorum.
3246 2493 3436 2546 Amen.

2930 2619 3211 2678 HOMILIA
3259 2621 3345 2677 Ill.

2349 2729 2428 2785 De
2444 2730 2508 2785 iis
2536 2745 2650 2801 qua:
2668 2741 2938 2802 supersunt
2961 2733 3176 2788 dicenda
3195 2736 3248 2790 in
3276 2736 3428 2803 illud,
3462 2735 3518 2792 In
3561 2740 3826 2811 principio
3854 2741 3928 2798 fe-

2416 2823 2488 2878 cit
2509 2823 2647 2878 Deus
2675 2823 2865 2879 caelum
2894 2833 2949 2880 et
2978 2834 3178 2880 terram
3212 2826 3362 2899 (Gen.
3395 2829 3445 2883 1.
3481 2828 3559 2900 1),
3587 2847 3745 2901 usque
3763 2835 3834 2887 ad
3860 2835 3927 2887 ίι-

2414 2913 2526 2982 Iud,
2555 2914 2620 2968 Et
2646 2913 2842 2968 factum
2892 2925 2974 2971 est
3017 2930 3262 2988 vespere,
3311 2928 3366 2975 et
3407 2920 3602 2976 factum
3632 2933 3715 2978 est
3739 2940 3928 2992 mane,

2411 3004 2526 3061 dies
2550 3021 2685 3060 unus
2706 3004 2854 3078 (Gen.
2887 3007 2937 3062 1.
2967 3007 3046 3079 5).

2413 3120 2466 3174 1.
2507 3119 2781 3177 Thesauro
2806 3123 3035 3192 cuipiam
3074 3136 3416 3194 comparatur
3443 3127 3744 3186 divinarum
3783 3132 3929 3188 Scri-

2341 3217 2615 3280 pturarum
2663 3211 2842 3268 lectio.
2867 3213 3000 3269 Nam
3039 3216 3178 3271 sicut
3206 3233 3273 3273 ex
3303 3219 3394 3274 illo
3422 3222 3658 3292 quisquis
3687 3224 3769 3279 vel
3814 3224 3928 3279 fru-

2338 3300 2536 3357 stulum
2567 3317 2787 3372 carpere
2835 3305 3005 3372 valet,
3053 3307 3249 3362 multas
3273 3308 3374 3366 sibi
3403 3320 3552 3381 parat
3580 3311 3789 3368 divitias
3815 3332 3828 3366 :
3855 3315 3927 3370 ita

2339 3401 2393 3446 et
2413 3391 2467 3446 in
2493 3405 2642 3450 sacra
2666 3393 2958 3466 Scriptura,
2989 3397 3150 3452 etiam
3176 3399 3228 3454 in
3258 3400 3404 3456 brevi
3433 3403 3700 3471 dictione,
3731 3405 3922 3476 ingen-

2342 3489 2448 3538 tem
2476 3485 2861 3540 sententiarum
2904 3487 3011 3542 vim
3041 3500 3095 3544 et
3122 3489 3408 3547 immensas
3433 3492 3644 3549 divitias
3683 3495 3926 3552 invenire

2337 3575 2480 3631 licet.
2510 3576 2578 3631 Et
2621 3593 2729 3634 non
2754 3579 2924 3634 solum
2954 3579 3203 3636 thesauro
3232 3584 3423 3639 similia
3458 3597 3582 3642 sunt
3606 3587 3783 3643 divina
3807 3590 3922 3643 elo-

2335 3667 2478 3737 quia,
2494 3667 2591 3723 sed
2611 3666 2745 3724 fonti
2763 3686 2974 3742 quoque
2989 3670 3153 3748 largis
3169 3675 3596 3746 perennibusque
3609 3678 3920 3734 scaturienti

2335 3757 2587 3815 fluentis:
2623 3761 2675 3816 id
2713 3762 2854 3833 quod
2882 3778 2948 3818 ex
2978 3765 3138 3821 rebus
3165 3767 3293 3837 ipsis
3343 3767 3458 3823 heri
3493 3784 3681 3826 omnes
3724 3770 3916 3826 didici-

2335 3865 2474 3905 mus.
2501 3850 2634 3906 Nam
2664 3863 2722 3907 ut
2759 3856 3018 3924 prooemia
3042 3857 3162 3911 libri
3188 3858 3460 3916 Geneseos
3486 3862 3800 3932 incepimus,
3859 3865 3913 3918 in

2334 3941 2666 4012 explananda
2696 3943 2799 4001 hoc
2839 3945 3001 4013 dicto,
3052 3946 3118 4001 In
3147 3950 3396 4019 principio
3424 3951 3540 4020 fecit
3569 3951 3707 4006 Deus
3735 3953 3920 4030 cretum

2333 4042 2380 4086 et
2405 4041 2610 4098 terram,
2635 4043 2800 4089 totum
2827 4036 3096 4090 tradendae
3134 4037 3389 4092 doctrina:
3432 4039 3752 4096 destinatum
3777 4051 3920 4097 tem-

2332 4139 2433 4195 pus
2454 4127 2852 4198 insumpsimus,
2895 4136 2947 4183 et
2969 4142 3140 4198 neque
3168 4128 3245 4184 sic
3271 4138 3437 4184 totum
3465 4132 3716 4201 expedire
3747 4135 3919 4188 valui-

2331 4233 2470 4274 mus.
2509 4219 2696 4291 Magna
2720 4219 2864 4275 enim
2905 4228 2986 4274 est
3013 4219 3171 4288 hujus
3212 4219 3443 4275 thesauri
3472 4222 3817 4293 abundantia,
3861 4237 3916 4282 ct

2329 4308 2472 4380 larga
2497 4309 2657 4364 fontis
2674 4307 2832 4378 hujus
2855 4307 3144 4379 Spiritualis
3173 4310 3388 4366 fluenta.
3421 4311 3531 4368 Nec
3563 4313 3794 4382 mireris,
3819 4330 3914 4371 ca-

2328 4399 2556 4465 rissime,
2605 4399 2651 4452 si
2691 4398 2844 4454 nobis
2872 4399 2974 4455 hoc
3004 4399 3260 4456 accidat:
3293 4403 3457 4458 etiam
3503 4404 3594 4472 qui
3643 4414 3769 4462 ante
3812 4423 3912 4464 nos

2329 4491 2473 4548 fuere
2497 4505 2596 4562 pro
2623 4491 2824 4548 viribus
2845 4493 2956 4548 suis
2982 4507 3149 4564 aquas
3177 4494 3300 4550 inde
3321 4494 3640 4566 hauserunt,
3666 4507 3720 4554 et
3757 4499 3910 4555 simi-

2324 4581 2445 4636 liter
2470 4581 2558 4651 qui
2608 4590 2727 4653 post
2753 4597 2850 4638 nos
2880 4581 3047 4638 futuri
3069 4593 3194 4639 sunt
3244 4583 3384 4640 idem
3424 4588 3780 4656 attentabunt,
3809 4605 3908 4643 nc-

2323 4687 2426 4745 que
2453 4673 2532 4727 sic
2559 4680 2725 4728 totum
2765 4687 3025 4730 evacuare
3047 4684 3330 4744 poterunt;
3364 4675 3459 4732 sed
3487 4678 3655 4747 magis
3693 4677 3906 4734 interim

2323 4773 2613 4834 augescunt
2629 4764 2850 4831 fluenta,
2881 4773 2936 4820 et
2963 4773 3212 4820 crescunt
3248 4766 3408 4822 alvei.
3434 4767 3558 4822 Haec
3583 4767 3722 4822 enim
3751 4769 3909 4838 spiri-

2324 4858 2545 4914 tualium
2573 4857 2853 4913 fluminum
2875 4865 3062 4913 natura
3093 4865 3193 4922 est,
3221 4865 3279 4912 ut
3306 4871 3372 4913 eo
3399 4859 3566 4928 magis
3590 4859 3903 4925 scaturiant,

2323 4960 2380 5009 et
2422 4959 2693 5008 accrescat
2731 4950 3018 5022 spirituaiis
3047 4950 3234 5020 gratia,
3292 4965 3400 5020 quo
3427 4950 3546 5020 quis
3580 4949 3748 5020 magis.
3781 4949 3904 5004 inde

2324 5044 2539 5101 haurire
2564 5043 2762 5101 studet.
2795 5043 3017 5114 Propter
3044 5042 3145 5097 hoc
3181 5051 3237 5098 et
3278 5043 3522 5097 Christus
3547 5041 3758 5098 dicebat
3793 5059 3807 5096 :
3843 5042 3904 5096 Si

2321 5139 2432 5212 quis
2460 5140 2583 5205 sitit,
2613 5138 2774 5194 ueniat
2802 5137 2870 5190 ad
2900 5152 2996 5199 me,
3023 5145 3067 5190 et
3089 5135 3238 5188 bibat.
3271 5133 3369 5198 Qui
3390 5133 3546 5186 credit
3567 5133 3619 5187 in
3647 5148 3746 5200 me,
3773 5133 3901 5186 sicut

2323 5235 2450 5289 dixit
2477 5232 2764 5303 Scriptura,
2786 5231 3001 5301 ﬂumina
3029 5229 3091 5308 de
3126 5236 3292 5282 ventre
3315 5227 3427 5297 ejus
3467 5225 3625 5296 [luent
3647 5239 3794 5293 aqua:
3827 5223 3901 5276 vi-

2319 5327 2476 5382 ventis
2506 5325 2684 5400 (Joan.
2721 5324 2771 5382 7.
2788 5323 2876 5389 57,
2897 5319 3221 5390 38):quibus
3239 5318 3418 5374 verbis
3454 5318 3642 5373 horum
3671 5316 3894 5372 fluento-

2321 5435 2441 5475 rum
2471 5414 2847 5474 abundantiam
2893 5411 3046 5466 nobis
3077 5409 3290 5464 indicat.
3323 5411 3584 5478 Quoniam
3611 5408 3768 5478 igitur
3790 5407 3895 5476 spi-

2320 5511 2591 5567 ritualium
2622 5507 2941 5563 fluentorum
2976 5511 3162 5557 natura
3195 5502 3315 5558 talis
3341 5511 3450 5568 est,
3485 5517 3582 5574 age
3611 5501 3898 5557 affcramus

2319 5619 2507 5659 omnes
2553 5601 2748 5657 mentis
2789 5605 2987 5652 [10$le
3008 5611 3154 5660 vasa,
3182 5605 3240 5650 ut
3277 5595 3511 5665 impletis
3538 5596 3642 5652 illis
3683 5595 3895 5650 domum

2321 5701 2621 5751 redeamus.
2673 5689 2804 5747 Nam
2831 5687 3044 5760 quando
3078 5687 3220 5745 videt
3242 5689 3408 5758 gratia
3435 5687 3664 5758 Spiritus
3690 5686 3898 5741 fervens
