4094 6204
417 362 487 419 3;
1545 353 1608 408 IN
1647 354 1800 410 car.
1841 354 1883 409 ι.
1922 353 1985 408 Gl

2092 353 2174 407 IS.
2209 352 2437 410 llOMlL.
2481 352 2565 408 Ill.
3629 366 3701 420 ἴτε

414 469 834 533 desiderium,ct
852 465 1063 536 vigilem
1095 471 1352 532 mentem,
1383 472 1505 518 tunc
1534 474 1587 518 et
1608 465 1828 534 gratiam
1854 480 2002 518 suam

413 564 722 634 cpulentam
764 558 1041 614 liberalius
1068 557 1306 627 largitur.
1340 556 1677 613 Abducamus
1708 557 1866 628 igitur
1909 573 2006 613 nos

415 654 483 709 ab
527 651 772 707 omnibus
804 649 962 719 hujus
985 649 1106 702 vita:
1149 648 1314 712 curis,
1343 655 1398 701 et
1429 647 1645 702 resectis
1684 648 1746 701 iis
1773 663 1890 717 qua:
1916 662 2004 703 co-

414 744 700 815 gitationes
743 750 954 796 nostras
983 739 1124 794 velut
1151 739 1317 810 Spinze
1340 738 1635 805 suffocant,
1662 739 1726 793 ad
1758 741 2006 809 spiritua-

419 838 548 890 lium
598 834 920 889 desiderium
967 840 1203 886 mentem
1241 838 1477 885 nostram
1510 839 1676 885 totam
1712 831 2004 886 transfera-

418 943 559 994 mus,
613 936 670 980 ut
719 938 908 994 magno
931 921 1054 977 inde
1096 920 1566 995 reportatolucro,
1594 930 1648 977 et
1675 921 1871 993 ingenti
1896 922 2004 976 uti-

418 1021 564 1073 litate
582 1025 850 1087 percepta,
909 1015 979 1068 ita
1018 1012 1143 1067 hinc
1171 1012 1503 1068 recedamus.
1535 1011 1798 1068 Caeterum
1825 1023 1880 1066 ut
1905 1028 1997 1068 vo-

417 1110 498 1163 bis
528 1107 860 1162 manifestior
900 1105 972 1160 sit
997 1118 1195 1172 sermo,
1225 1118 1389 1173 pauca
1416 1103 1658 1172 quaedam
1686 1119 1750 1159 ex
1794 1103 2002 1159 hester-

415 1202 496 1256 nis
539 1201 694 1254 dictis
720 1200 773 1253 in
805 1196 1116 1252 memoriam
1152 1195 1361 1250 caritati
1388 1204 1580 1249 vestrae
1601 1196 1912 1260 referemus,
1946 1203 2003 1249 ut

414 1294 491 1348 sic
518 1293 585 1347 iis
609 1307 729 1362 qua:
755 1289 870 1363 heri
907 1287 1048 1344 dicta
1075 1279 1224 1367 sunt,
1274 1288 1387 1341 haec
1415 1301 1556 1340 nunc
1582 1284 1805 1340 dicenda
1848 1286 1999 1357 ραιιεί

417 1384 472 1438 in
500 1398 661 1437 unum
701 1395 895 1450 corpus
915 1379 1322 1449 conjungamus.
1343 1377 1684 1431 Ostendimus
1704 1378 1843 1431 enim
1861 1377 1993 1444 heri,

417 1487 471 1530 ut
498 1475 835 1536 meministis,
865 1471 1130 1542 quomodo
1159 1472 1343 1524 beatus
1361 1469 1532 1523 Moses
1560 1484 1816 1524 euarrans
1846 1470 1999 1524 nobis

415 1571 609 1625 horum
658 1565 943 1620 visibilium
997 1563 1378 1616 elementorum
1408 1560 1730 1614 creationem
1767 1569 1822 1615 et
1848 1559 2000 1631 opifi-

410 1664 574 1728 cium,
597 1657 792 1714 dixerit
821 1675 834 1710 :
863 1655 927 1709 In
943 1654 1193 1726 principio
1213 1654 1327 1725 fecit
1355 1651 1492 1705 Deus
1512 1652 1690 1706 cretum
1710 1663 1754 1706 et
1777 1663 1997 1708 terram:

410 1765 544 1810 terra
570 1761 739 1806 autem
776 1759 881 1804 erat
905 1748 1167 1803 invisibilis
1194 1757 1240 1800 et
1270 1748 1638 1816 incomposita:
1673 1757 1727 1803 et
1749 1762 1840 1802 vos
1870 1762 1996 1802 cau-

411 1862 525 1903 sam
563 1842 864 1906 docuimus,
889 1854 1053 1910 quare
1082 1837 1225 1893 Deus
1251 1847 1445 1893 terram
1469 1835 1773 1903 informem,
1805 1847 1860 1892 et
1880 1838 1999 1891 nul-

411 1938 477 1992 lis
521 1935 704 2006 figuris
724 1933 1008 2002 espolitam
1047 1931 1346 1995 creaverit;
1391 1945 1531 2000 quae,
1579 1931 1793 2000 opinor,
1817 1931 1993 1985 omnia

412 2035 589 2082 mente
619 2025 814 2080 tenetis
847 2041 859 2077 :
887 2022 1247 2078 necessarium
1280 2029 1363 2076 est
1393 2021 1552 2091 igitur
1574 2035 1671 2076 nos
1695 2020 1761 2075 ad
1792 2035 1853 2075 ea
1874 2037 1994 2092 qua:

415 2125 706 2189 sequuntur
732 2115 890 2170 hodie
911 2113 1173 2185 progredi.
1200 2113 1332 2167 Nam
1363 2121 1640 2183 postquam
1663 2111 1815 2179 dixit,
1836 2111 1995 2167 Terra

417 2221 582 2263 autem
621 2218 728 2262 erat
754 2207 1010 2261 invisibilis
1035 2223 1092 2260 ac
1120 2205 1466 2277 incomposita,
1496 2219 1595 2260 nos
1623 2213 1870 2258 accurate
1895 2201 1992 2258 do-

416 2313 518 2366 cet,
567 2300 707 2356 unde
735 2299 1014 2354 invisibilis
1051 2305 1194 2354 esset
1221 2305 1274 2352 ct
1302 2296 1520 2362 inculta,
1550 2296 1732 2351 dicens
1761 2312 1776 2346 :
1810 2295 1876 2350 Et
1919 2304 1992 2350 te-

412 2395 577 2448 nebra:
617 2402 760 2447 erant
793 2408 944 2462 super
970 2391 1228 2461 abyssum,
1253 2398 1300 2443 et
1330 2389 1557 2460 Spiritus
1583 2389 1677 2443 Dei
1706 2392 1988 2460 superfere-

409 2487 556 2538 batur
577 2500 730 2553 super
752 2499 956 2553 aquam.
992 2481 1120 2537 Vide
1141 2481 1247 2548 hic,
1293 2495 1449 2551 quam
1467 2480 1871 2551 nihilsuperflui
1898 2481 1994 2536 ad-

405 2576 630 2629 misceat
667 2573 853 2627 beatus
913 2571 1194 2642 propheta,
1249 2581 1302 2625 et
1346 2571 1613 2641 quomodo
1656 2586 1761 2626 non
1813 2572 1988 2626 omnia

407 2662 759 2734 particulatim
792 2670 992 2726 narret,
1019 2676 1138 2730 qua:
1167 2669 1344 2714 creata
1365 2670 1508 2726 sunt,
1531 2659 1624 2716 sed
1645 2675 1766 2715 cum
1787 2660 1988 2714 docue-

408 2756 476 2810 rit
501 2771 598 2810 nos
623 2755 691 2810 de
718 2754 852 2809 cazlo
877 2764 924 2808 et
953 2764 1112 2824 terra,
1143 2769 1260 2824 qua:
1285 2753 1509 2824 plurima
1542 2753 1592 2807 in
1625 2768 1684 2808 se
1713 2754 1990 2808 continent

404 2845 701 2910 elementa,
736 2843 1105 2913 praetermittat
1143 2843 1266 2898 alia.
1295 2843 1426 2897 Nam
1455 2857 1576 2897 cum
1618 2842 1686 2898 de
1731 2857 1985 2911 aquarum

400 2935 616 3006 opifieio
642 2935 898 2990 nihildum
922 2935 1164 3000 dixisset,
1185 2936 1259 2989 ait
1286 2954 1299 2988 :
1330 2934 1397 2987 Et
1427 2935 1642 2988 tenebrat
1665 2945 1806 2988 erant
1837 2951 1988 3005 super

400 3030 659 3099 abyssum,
691 3038 737 3082 et
771 3027 996 3097 Spiritus
1030 3026 1127 3083 Dei
1172 3028 1575 3100 super-ferebatur
1599 3044 1752 3098 super
1779 3045 1980 3093 aquam.

406 3120 528 3174 Ιιιεο
554 3119 695 3174 enim
725 3119 972 3190 tegebant
998 3120 1185 3175 faciem
1217 3128 1408 3186 teme;
1433 3119 1500 3176 de
1531 3120 1765 3176 tenebris
1797 3121 1986 3190 loquor

399 3221 455 3265 et
481 3211 673 3282 abysso
701 3225 982 3281 aquarum.
1007 3210 1142 3266 Hinc
1167 3211 1468 3279 didicimus,
1491 3227 1649 3267 omne
1672 3211 1812 3282 quod
1840 3211 1989 3267 vide-

400 3301 556 3355 batur
587 3301 749 3356 fuisse
777 3301 1030 3374 abyssum
1065 3317 1320 3371 aquarum
1371 3302 1606 3358 tenebris
1641 3301 1897 3367 velatam,
1933 3311 1986 3356 et

400 3406 535 3459 Opus
574 3391 821 3447 habuisse
841 3392 1081 3462 sapiente
1108 3391 1328 3462 Opifice,
1360 3391 1450 3463 qui
1486 3407 1697 3447 omnem
1725 3391 1862 3448 hanc
1897 3390 1983 3446 in-
2021 3444 2032 3454 ,

402 3483 724 3538 formitatem
752 3483 1019 3538 discutere
1043 3525 1059 3549 ,
1087 3491 1142 3536 et
1171 3492 1414 3538 ornatqu
1446 3483 1675 3552 aliquem
1721 3483 1777 3537 in
1805 3483 1982 3536 omnia

403 3581 581 3639 posset
602 3573 870 3627 inducere.
894 3573 957 3626 Et
989 3573 1220 3634 teuebrw,
1251 3572 1444 3641 inquit,
1472 3589 1622 3641 super
1647 3572 1902 3642 abyssum,
1935 3581 1981 3625 et

399 3663 626 3728 Spiritus
679 3661 778 3716 Dei
820 3663 1220 3731 superferebatur
1255 3678 1406 3730 super
1449 3678 1649 3730 aquam.
1700 3660 1836 3727 Quid
1881 3661 1980 3715 sibi

403 3751 516 3802 vult
551 3750 692 3819 quod
723 3751 888 3804 dicit:
924 3749 989 3802 Et
1029 3749 1252 3818 Spiritus
1289 3748 1384 3802 Dei
1406 3748 1813 3819 superferebatur
1834 3765 1983 3820 super

401 3839 619 3908 aquam?
645 3839 770 3892 Mihi
800 3839 1008 3892 videtur
1037 3839 1137 3893 hoc
1164 3837 1458 3908 signiﬁcare
1477 3879 1494 3904 ,
1545 3840 1706 3894 fuisse
1737 3838 1790 3894 in
1830 3841 1981 3910 aquis

399 3930 673 3984 efficacem
692 3929 973 4000 quamdam
999 3939 1046 3985 et
1071 3932 1281 3986 vitalem
1299 3932 1681 4001 operationem,
1699 3948 1796 3988 nec
1815 3932 1980 3990 fuisse

399 4021 710 4092 simpliciter
737 4035 928 4091 aquam
958 4029 1185 4077 stantem
1217 4031 1270 4077 et
1302 4023 1650 4091 immobilem,
1679 4023 1772 4078 sed
1803 4024 1976 4080 mobi-

393 4113 534 4179 lem,
566 4122 619 4166 et
662 4111 872 4166 vitalem
903 4111 1180 4182 quamdam
1213 4113 1317 4168 vim
1348 4113 1647 4169 habentem.
1673 4111 1805 4169 Nam
1834 4113 1976 4185 quod

395 4204 691 4270 immobile,
716 4205 935 4260 omnino
973 4205 1157 4261 inutile
1182 4216 1293 4274 est;
1343 4209 1484 4277 quod
1533 4224 1660 4264 vero
1702 4217 1974 4275 movetur,

393 4297 461 4351 ad
493 4299 653 4352 multa
683 4298 950 4353 conducit.

463 4388 517 4441 2.
559 4385 628 4442 Ut
658 4387 817 4457 igitur
833 4387 1048 4443 doceret
1075 4403 1172 4444 nos
1187 4389 1372 4444 beatus
1391 4389 1481 4445 ille
1509 4391 1762 4460 propheta
1782 4406 1972 4462 aquam

393 4479 535 4533 illam
571 4493 813 4547 magnam
858 4487 912 4532 et
957 4479 1275 4534 ineffabilem
1319 4480 1513 4536 habere
1544 4481 1650 4536 vim
1688 4481 1972 4552 quamdam

390 4569 626 4634 vitalem,
667 4567 838 4623 dicit:
877 4567 941 4622 Et
972 4568 1196 4638 Spiritus
1238 4569 1330 4623 Dei
1365 4573 1772 4641 superferebatur
1817 4589 1973 4642 super

390 4674 594 4726 aquam.
651 4657 815 4727 quue
860 4675 966 4712 non
1015 4659 1215 4729 absque
1245 4661 1450 4715 ratione
1478 4661 1750 4730 Scriptura
1793 4661 1969 4717 divina

387 4749 766 4821 pmveniendo
813 4750 976 4816 dicit;
1017 4752 1112 4806 sed
1143 4768 1210 4808 eo
1255 4752 1397 4823 quod
1427 4763 1609 4824 postea
1653 4754 1857 4808 dictura
1901 4755 1970 4809 sit

389 4845 542 4898 nobis
590 4843 839 4897 animalia
869 4859 935 4899 ex
963 4845 1114 4914 aquis
1145 4844 1261 4899 istis
1294 4861 1359 4900 ex
1401 4857 1668 4916 prmcepto
1716 4848 1806 4901 Dei
1855 4863 1970 4902 om-

388 4934 530 4984 nimn
561 4933 854 4987 conditoris
875 4933 1128 5003 producta
1157 4934 1338 5000 fuisse,
1366 4947 1643 5007 propterea
1671 4937 1966 4993 auditorem

385 5022 472 5076 hic
503 5039 642 5076 nunc
673 5023 828 5078 docet
852 5039 957 5077 non
986 5025 1101 5079 siue
1125 5041 1283 5081 causa
1310 5041 1499 5098 aquam
1533 5028 1677 5082 illam
1699 5031 1970 5085 constitis-

385 5128 465 5178 se,
489 5112 583 5166 sed
609 5121 665 5166 ut
691 5124 1014 5181 moveretur,
1042 5115 1385 5183 discurreret,
1414 5126 1470 5172 et
1515 5120 1693 5173 omnia
1720 5120 1962 5175 allueret.

379 5204 820 5275 Quandoquidem
867 5207 1023 5277 igitur
1072 5208 1261 5264 diffusa
1328 5220 1444 5265 erat
1495 5227 1682 5283 magna
1730 5215 1962 5268 universi

384 5295 604 5350 visibilis
633 5295 952 5364 informitas,
981 5309 1248 5369 prreccpto
1275 5317 1374 5356 suo
1405 5301 1572 5369 Deus,
1615 5305 1847 5374 optimus
1879 5307 1965 5360 ille

380 5386 592 5452 artifex,
615 5388 1004 5447 deformitatem
1033 5392 1177 5447 illam
1198 5393 1420 5463 depulit,
1463 5403 1517 5450 et
1541 5395 1800 5451 immensa
1830 5397 1961 5454 lucis

378 5479 604 5534 visibilis
631 5481 968 5550 pulchritudo
1003 5484 1254 5552 producta
1285 5485 1533 5540 tenebras
1561 5486 1757 5555 fugavit
1779 5489 1952 5543 sensi-

378 5571 533 5636 hiles,
576 5572 963 5644 illustravitque
983 5576 1182 5630 omnia.
1213 5577 1266 5630 5.
1305 5574 1368 5630 Et
1399 5577 1550 5642 dixit,
1581 5578 1768 5648 inquit,
1803 5578 1961 5648 Deus,

375 5665 466 5732 [int
487 5666 612 5728 lux;
645 5675 692 5718 ct
727 5671 862 5738 facta
885 5677 957 5722 est
987 5669 1093 5721 lux.
1128 5667 1295 5733 Dixit,
1323 5679 1377 5724 et
1422 5668 1558 5724 facta
1583 5681 1666 5724 est
1699 5689 1710 5724 :
1743 5673 1961 5728 manda-

373 5756 470 5825 sit,
503 5768 555 5814 et
582 5759 815 5814 tenebra:
844 5758 1057 5830 quidem
1091 5758 1280 5831 fugata:
1329 5768 1472 5830 sunt,
1495 5760 1588 5817 lux
1619 5773 1796 5820 autem
1828 5780 1954 5836 pro-

2113 466 2290 520 ducta.
2337 465 2495 520 Vides
2539 463 2861 521 ineffabilem
2905 467 3234 536 potentiam?
3265 468 3463 525 Verum
3491 474 3700 544 quier-

2113 571 2232 611 rore
2259 556 2613 626 prmoecnpati
2635 565 2776 619 sunt,
2799 573 2901 610 non
2921 558 3258 614 attendentes
3279 561 3540 615 dictorum
3569 577 3700 618 con-

2109 647 2468 716 sequentiam,
2517 663 2689 717 neque
2715 647 2989 705 audientes
3013 648 3226 706 beatum
3272 652 3472 709 Mosen:
3513 654 3698 710 dicen-

2111 747 2217 792 tem
2251 757 2264 791 :
2296 737 2364 792 In
2412 739 2661 809 principio
2713 741 2830 810 fecit
2877 740 3015 797 Deus
3062 745 3242 799 calum
3293 757 3341 802 et
3393 757 3617 818 terram;
3645 760 3700 806 et

2108 843 2229 884 mox
2257 830 2572 886 subdentem
2597 847 2612 884 :
2646 832 2804 885 Terra
2829 845 2993 888 autem
3016 844 3122 889 erat
3143 837 3403 893 invisibilis
3430 850 3474 895 et
3502 843 3698 897 incom—

2110 921 2294 986 posita,
2338 937 2403 976 eo
2445 923 2584 991 quod
2610 924 2843 980 tenebris
2871 935 2926 981 et
2966 929 3117 997 aquis
3153 937 3297 984 esset
3323 931 3566 1001 obtecta;
3610 935 3692 990 sic

2107 1010 2249 1065 enim
2278 1013 2446 1066 visum
2469 1012 2569 1068 fuit
2597 1015 2819 1071 Domino
2838 1015 2907 1072 ab
2936 1017 3085 1072 initio
3101 1033 3218 1073 eam
3247 1021 3576 1089 producere:
3601 1025 3694 1080 di-

2107 1113 2235 1157 cunt
2272 1111 2427 1159 antea
2455 1105 2616 1162 fuisse
2649 1106 2940 1177 subjectam
2988 1109 3302 1176 materiam,
3355 1121 3410 1166 et
3446 1114 3693 1171 tenebras

2107 1196 2506 1263 prmesstitisse.
2539 1196 2675 1263 Quid
2698 1197 2798 1252 hac
2829 1200 3062 1254 amentia
3093 1199 3286 1270 pejus?
3311 1200 3479 1256 Audis
3529 1203 3693 1259 Deum

2106 1283 2157 1338 in
2195 1285 2454 1356 principio
2485 1286 2677 1344 fecisse
2711 1289 2896 1344 caelum
2955 1298 3008 1345 et
3038 1297 3269 1358 terram,
3314 1300 3369 1346 et
3403 1307 3472 1348 ex
3520 1291 3691 1350 nihilo

2104 1391 2221 1444 qua:
2241 1386 2365 1432 sunt
2396 1377 2532 1434 facta
2563 1379 2754 1446 fuisse,
2779 1391 2838 1437 et
2866 1381 2998 1438 dicis
3027 1384 3172 1453 prius
3219 1385 3489 1442 exstitisse
3516 1399 3686 1444 matc-

2104 1470 2274 1523 riam?
2303 1471 2432 1538 Quis
2458 1488 2646 1527 eorum
2675 1474 2763 1543 qui
2817 1485 3050 1530 mentem
3082 1475 3309 1542 habent,
3338 1485 3536 1532 tantam
3580 1478 3690 1534 fer-

2103 1568 2184 1615 ret
2207 1560 2499 1617 insaniam?
2521 1565 2795 1640 Numquid
2821 1566 2980 1621 homo
3007 1575 3090 1621 est
3115 1565 3300 1638 Upifex
3321 1567 3438 1635 ille,
3474 1581 3531 1625 ut
3555 1586 3691 1642 opus

2104 1649 2557 1723 habeatsubjecto
2599 1655 2779 1724 aliquo
2805 1653 2873 1711 ad
2901 1655 3368 1712 demonstrandam
3411 1675 3561 1714 suasu
3601 1677 3691 1715 ar-

2104 1751 2208 1796 tem
2233 1741 2255 1795 ?
2284 1743 2424 1798 Deus
2449 1752 2531 1799 est
2557 1746 2641 1799 cui
2671 1746 2851 1800 omnia
2880 1746 3096 1812 cedunt,
3125 1750 3213 1819 qui
3243 1749 3406 1805 verbo
3450 1763 3508 1807 et
3548 1768 3688 1823 pra:-

2100 1841 2254 1902 cepto
2279 1848 2377 1888 suo
2403 1836 2579 1890 omnia
2601 1835 2857 1891 condidit.
2886 1839 3116 1894 Attende
3141 1840 3282 1893 enim
3310 1860 3322 1894 :
3350 1839 3688 1912 dicitsolum,

2101 1931 2152 1976 et
2183 1923 2436 1992 producta
2462 1935 2542 1980 est
2584 1926 2670 1981 lux
2691 1967 2706 1994 ,
2739 1935 2794 1982 et
2825 1927 3202 1984 abscesserunt
3249 1931 3504 1986 tenebrae.
3531 1935 3583 1988 4.
3617 1933 3686 1989 Et

2100 2014 2328 2069 distinxit
2357 2016 2494 2072 Deus
2528 2019 2657 2072 inter
2696 2019 2856 2074 lucem
2886 2029 2933 2075 et
2971 2022 3102 2075 inter
3142 2023 3390 2077 tenebras.
3419 2023 3556 2092 Quid
3581 2036 3688 2095 est,

2099 2105 2386 2163 Distinxit?
2413 2110 2706 2181 Unicuique
2734 2112 2906 2166 locum
2936 2115 3205 2182 proprium
3234 2115 3524 2181 distribuit,
3555 2133 3690 2172 con-

2099 2215 2398 2271 gruensque
2426 2211 2636 2272 tempus
2656 2202 2915 2257 detinivit.
2950 2203 3016 2257 Et
3045 2214 3322 2274 postquam
3355 2205 3457 2260 hoc
3488 2206 3682 2262 factum

2098 2301 2199 2357 est,
2234 2302 2356 2346 tunc
2379 2307 2532 2347 suum
2583 2293 2775 2362 cuique
2803 2293 3116 2348 vocabulum
3148 2294 3355 2349 indidit.
3385 2295 3436 2350 5.
3478 2295 3687 2350 Voearit

2096 2382 2260 2446 enim,
2291 2382 2496 2451 inquit,
2547 2382 2684 2436 Deus
2728 2385 2888 2436 lucem
2919 2384 3051 2437 diem
3093 2401 3106 2438 :
3144 2394 3192 2438 et
3226 2386 3453 2441 tenebras
3492 2390 3684 2442 vocavit

2095 2472 2799 2542 noctem.'Vidi5ti0ptimam
2830 2474 3225 2530 distinctionem
3247 2517 3263 2545 ,
3292 2487 3349 2532 et
3373 2476 3685 2534 admirabile

2094 2564 2385 2633 opiﬁcium,
2433 2565 2576 2635 quod
2613 2580 2826 2620 omnem
2864 2568 3124 2622 rationem
3168 2571 3532 2636 transcendit,
3574 2587 3682 2626 uno

2096 2655 2262 2710 verbo
2305 2667 2360 2710 et
2407 2667 2670 2726 prmcepto
2699 2657 2936 2711 factum?
2965 2659 3151 2714 Vidisti
3198 2670 3454 2730 quantum
3493 2679 3550 2717 se
3578 2679 3682 2716 nn-

2094 2756 2325 2801 strorum
2342 2747 2672 2816 ingeniorum
2692 2749 2934 2817 parvitati
2948 2756 3239 2819 attempera
3248 2751 3386 2804 verit
3398 2752 3580 2806 beatus
3597 2752 3685 2809 ille

2093 2837 2372 2907 propheta,
2401 2838 2508 2892 imo
2532 2837 2792 2909 benignus
2843 2839 2982 2896 Deus
3021 2855 3116 2910 per
3142 2842 3415 2910 pr0plieta:
3446 2843 3676 2914 linguam

2092 2927 2386 2984 erudiendo
2411 2944 2571 2985 omne
2597 2929 2872 2991 hominum
2895 2945 3082 3002 genus,
3111 2939 3167 2986 ut
3199 2934 3332 2987 sciat
3354 2948 3539 2989 eorum
3561 2951 3682 3007 qua:

2092 3017 2231 3072 facta
2257 3027 2382 3074 sunt
2410 3020 2672 3088 ordinem,
2703 3021 2822 3092 quis
2850 3022 3082 3078 universi
3127 3024 3204 3080 sit
3241 3024 3438 3094 opifex,
3471 3037 3526 3082 et
3549 3043 3682 3098 quo-

2093 3109 2254 3164 modo
2298 3109 2714 3181 unumquodque
2743 3111 3059 3181 productum
3106 3113 3208 3168 sit?
3235 3115 3494 3183 Quoniam
3533 3119 3677 3172 enim

2091 3201 2263 3256 adhuc
2285 3201 2601 3257 imbecillius
2630 3213 2746 3258 erat
2777 3203 3062 3259 humanum
3091 3221 3450 3278 genus,quam
3475 3220 3529 3264 ut
3558 3227 3681 3280 per-

2093 3290 2313 3346 fectiora
2343 3307 2535 3363 capere
2563 3305 2778 3364 posset;
2810 3305 3087 3366 propterea
3119 3313 3216 3367 pro
3243 3301 3546 3357 auditorum
3569 3304 3670 3357 im-

2091 3382 2379 3439 becillitate
2397 3384 2670 3456 propheta:
2698 3386 2930 3457 linguam
2961 3404 3181 3444 movens
3199 3387 3433 3460 Spiritus
3459 3407 3678 3451 sanctus

2091 3475 2144 3529 in
2199 3475 2339 3530 hunc
2387 3476 2600 3531 modum
2629 3477 2783 3532 nobis
2812 3479 2990 3534 omnia
3016 3479 3365 3537 edisserebat.
3397 3484 3461 3538 Et
3501 3495 3558 3539 ut
3597 3485 3677 3541 di-

2089 3579 2207 3621 scas
2235 3567 2378 3620 illum
2409 3567 2479 3622 ob
2499 3569 2690 3622 mentis
2720 3578 2917 3623 nostra:
2946 3569 3359 3626 imbecillitatem
3385 3573 3486 3629 hoc
3512 3590 3668 3630 enar-

2089 3657 2309 3710 rationis
2359 3667 2776 3727 temperamento
2819 3657 2983 3712 fuisse
3030 3674 3206 3726 usum,
3254 3662 3378 3717 vide
3405 3667 3674 3733 quomodo

2089 3747 2305 3803 tonitrui
2335 3747 2493 3814 filius,
2525 3764 2644 3801 cum
2668 3748 2776 3817 jam
2808 3747 3080 3804 hominum
3115 3766 3281 3822 genus
3309 3753 3375 3807 ad
3423 3755 3670 3812 virtutem

2099 3838 2431 3908 profecisset,
2461 3853 2565 3892 non
2582 3839 2690 3909 jam
2713 3837 2813 3894 hac
2841 3839 2925 3893 via
2953 3839 3297 3911 ingrediatur,
3329 3844 3421 3899 sed
3459 3845 3512 3900 in
3539 3847 3671 3903 sub-

2091 3931 2350 3984 limiorem
2384 3929 2736 3992 eruditionem
2788 3930 3083 3987 auditorem
3127 3933 3405 3990 subducat.
3448 3937 3578 3992 Nam
3617 3948 3674 3994 ut

2087 4022 2217 4077 dixit
2249 4040 2262 4076 :
2298 4022 2364 4076 In
2395 4023 2644 4093 principio
2673 4032 2777 4076 erat
2817 4021 3051 4091 Verbum,
3075 4033 3120 4078 et
3173 4025 3384 4082 Verbum
3410 4040 3514 4086 erat
3534 4033 3674 4101 apud

2087 4112 2270 4181 Deum,
2294 4125 2339 4168 et
2361 4113 2498 4168 Deus
2524 4125 2627 4169 erat
2654 4113 2866 4168 Verbum
2886 4113 3064 4187 (Joan.
3090 4119 3140 4170 l.
3170 4119 3240 4186 l);
3259 4135 3385 4174 mox
3415 4122 3630 4189 subjicit
3655 4142 3668 4176 :

2086 4206 2212 4260 Erat
2236 4208 2326 4260 lux
2366 4223 2505 4275 vera,
2532 4222 2643 4278 qua:
2668 4206 2924 4260 illuminat
2951 4224 3149 4262 omnem
3183 4211 3436 4271 hominem
3465 4216 3670 4268 venien-

2085 4309 2184 4352 tem
2211 4299 2261 4352 in
2284 4297 2525 4352 mundum
2555 4297 2720 4370 (Ibid.
2749 4315 2795 4352 υ.
2825 4298 2904 4368 9).
2935 4297 3064 4357 Nam
3087 4301 3533 4371 quemadmodum
3566 4304 3666 4360 hoc

2085 4390 2202 4444 loco
2243 4389 2329 4444 lux
2361 4390 2460 4443 ista
2507 4388 2774 4444 sensibilis
2816 4401 3088 4461 prrecepto
3137 4393 3347 4450 Domini
3386 4395 3664 4465 producta,

2086 4479 2336 4535 tenebras
2365 4479 2486 4535 illas
2513 4480 2744 4534 visibiles
2770 4482 3047 4537 abscondit
3075 4502 3086 4538 :
3110 4484 3186 4538 sic
3211 4495 3265 4540 et
3302 4485 3388 4539 lux
3426 4489 3670 4544 montalis

2083 4571 2331 4626 tenebras
2355 4585 2597 4626 errorum
2623 4570 2893 4640 effugavit,
2926 4583 2981 4628 et
3006 4574 3071 4629 ad
3100 4576 3376 4632 veritatem
3397 4579 3670 4634 crrabun.

2079 4664 2176 4719 dos
2203 4665 2534 4719 manuduxil.

2147 4756 2200 4810 5.
2233 4754 2593 4825 Suscipiamus
2619 4771 2746 4827 ergo
2769 4754 3068 4826 gratissimo
3096 4755 3273 4808 animo
3293 4755 3381 4808 illa
3408 4769 3437 4809 a
3466 4756 3660 4813 divinis

2077 4845 2367 4915 Scripturis
2413 4847 2768 4910 documenta,
2816 4852 2872 4899 et
2900 4861 2967 4899 ne
3018 4845 3364 4898 adversentur
3412 4847 3663 4911 veritati,

2078 4953 2252 5008 neque
2282 4937 2333 4992 in
2365 4937 2598 4992 tenebris
2629 4949 2939 4992 maneamus
2973 4952 2985 4987 :
3015 4934 3108 4990 sed
3148 4935 3214 4990 ad
3265 4935 3436 4990 lucem
3469 4952 3663 5005 propc«

2075 5043 2274 5095 remus,
2303 5041 2690 5098 Operemurquc
2716 5025 2871 5097 digna
2895 5026 3012 5082 luce
3027 5035 3082 5081 et
3099 5025 3209 5092 die,
3233 5027 3370 5080 sicut
3396 5034 3451 5080 et
3471 5023 3664 5080 Paulus

2075 5123 2360 5189 admonet,
2399 5120 2584 5177 dicens
2636 5137 2648 5174 :
2702 5120 2847 5175 Sic-ut
2891 5119 2942 5173 in
2985 5120 3066 5172 die
3106 5120 3310 5172 honeste
3351 5115 3661 5170 ambulemus

2074 5217 2250 5286 (Rom.
2283 5216 2379 5271 15.
2403 5213 2513 5285 15),
2540 5224 2594 5269 ct
2620 5229 2686 5269 ne
2710 5228 2995 5282 operemur
3019 5227 3177 5282 opera
3204 5208 3560 5264 tenebrarum.
3596 5204 3662 5261 Et

2073 5309 2287 5376 vocavit,
2344 5307 2513 5378 inquit
2533 5347 2550 5373 ,
2594 5305 2730 5360 Deus
2757 5307 2916 5360 lucem
2959 5305 3122 5365 diem,
3153 5312 3198 5355 et
3228 5300 3452 5354 tenebras
3473 5301 3659 5353 vocavit

2073 5409 2287 5454 noctem.
2320 5396 2423 5452 Sed
2451 5395 2593 5467 quod
2619 5395 2784 5450 ferme
2807 5409 2905 5470 nos
2927 5391 3272 5462 prmterieral,
3297 5389 3656 5445 necessarium

2072 5491 2230 5545 fuerit
2261 5490 2452 5543 iterant
2486 5497 2750 5556 repetere.
2804 5483 2932 5537 Nam
2963 5489 3237 5552 postquam
3268 5478 3508 5545 dixerat,
3543 5478 3656 5533 Fiat

2071 5583 2160 5635 lux
2185 5589 2230 5633 et
2255 5583 2388 5650 facta
2416 5587 2486 5630 est
2513 5577 2622 5640 lux,
2664 5573 2942 5642 subjnnxit
2965 5588 2980 5625 :
3003 5571 3057 5626 4.
3092 5569 3154 5623 Et
3177 5571 3298 5624 vidit
3321 5569 3453 5626 Deus
3476 5570 3656 5637 lucem,

2070 5671 2202 5742 quod
2228 5670 2354 5724 bona
2384 5676 2530 5721 esset.
2563 5665 2694 5719 Vide
2723 5679 2904 5732 quaiso
2934 5661 3040 5726 hic.
3068 5660 3281 5727 dilecte,
3314 5677 3472 5733 quam
3519 5670 3644 5716 tem-

2070 5771 2254 5834 perata
2298 5757 2577 5814 verborum
2627 5756 2782 5811 ratio.
2819 5752 2961 5820 Quid
2997 5756 3194 5830 igitur?
3222 5774 3289 5814 an
3325 5757 3633 5828 priusquam
