4104 6196
427 347 492 399 33
1167 344 1223 401 S.
1266 340 1540 399 JOANNIS
1577 337 2052 395 CllllYSOSTOMl
2095 338 2411 398 ARCHIEP.
2453 342 2988 403 CONSTANTINOP.
3643 349 3706 406 36

430 466 576 518 ﬁt'l‘cl
610 463 696 518 lux
720 507 732 529 ,
769 460 1036 516 nesciebat
1066 474 1182 514 eam
1211 459 1402 513 bonam
1437 456 1662 510 futuram
1690 470 1704 519 ;
1736 453 1829 509 sed
1861 463 2008 524 post-

431 572 588 622 quam
629 553 882 624 producta
918 551 1032 617 fuit,
1077 567 1140 606 ex
1183 560 1399 619 aspectu
1429 549 1654 619 primum
1685 547 1872 617 Opifex
1903 547 2017 616 pul-

427 645 781 700 cltrttudinetn
809 653 863 698 ct
890 643 1180 698 bonitatem
1210 641 1325 711 ejus
1354 639 1622 710 producta:
1654 637 1926 709 percepit?
1949 638 2016 692 Et

425 735 541 807 quis
566 751 708 791 sana:
730 735 925 790 mentis
949 734 1054 788 tale
1080 732 1346 803 quidpiam
1377 731 1610 785 dixerit?
1629 729 1758 784 Nam
1785 730 1828 783 si
1853 729 2014 782 homo

423 828 510 898 qui
545 827 740 897 aliquid
775 842 868 896 per
893 833 1061 880 artem
1089 835 1358 894 operatur,
1389 823 1695 892 priusquam
1731 818 2016 875 fabricetur

424 919 565 988 quod
600 919 710 973 vult
740 918 915 972 facere
937 959 952 982 ,
985 924 1039 970 ct
1070 916 1374 985 priusquam
1416 913 1666 968 eii‘ormet
1687 952 1704 978 ,
1736 911 1835 966 scit
1863 925 2014 964 usum

427 1013 544 1079 ejus
584 1010 726 1081 quod
761 1010 1038 1065 elaborare
1068 1007 1253 1062 statuit
1285 1025 1298 1061 :
1333 1013 1530 1076 quanto
1574 1004 1742 1075 magis
1777 1004 2014 1059 omnium

425 1105 634 1173 Opifex,
666 1103 755 1173 qui
774 1102 935 1158 verbo
964 1101 1142 1156 omnia
1172 1115 1240 1155 ex
1265 1099 1430 1154 nihilo
1453 1106 1510 1153 ut
1543 1105 1726 1152 essent
1749 1095 2013 1166 produxit,

431 1199 633 1253 sciebat
659 1206 940 1266 antequam
988 1196 1158 1249 lucem
1208 1193 1438 1258 faceret,
1485 1205 1602 1245 eam
1633 1204 1753 1245 esse
1778 1189 2011 1245 bonam!

426 1289 602 1356 Quare
644 1304 770 1358 ergo
810 1289 908 1342 hac
951 1285 1182 1341 dictione
1231 1299 1360 1338 usus
1406 1283 1526 1338 est?
1573 1282 1932 1345 Demittitsc,
1964 1288 2018 1334 et

425 1379 716 1435 secundum
762 1377 1048 1431 humanam
1080 1373 1522 1429 consuetudinem
1569 1371 1683 1425 h:cc
1723 1370 1901 1425 omnia
1935 1370 2014 1424 lo-

424 1472 604 1541 quitur
630 1470 813 1525 beatus
841 1468 928 1522 ille
959 1467 1233 1537 propheta.
1265 1464 1332 1518 Et
1361 1460 1809 1533 quemadmodum
1840 1459 2015 1514 homi-

426 1577 521 1617 nes
549 1578 670 1617 cunt
699 1559 893 1629 aliquid
917 1573 1107 1628 magno
1143 1557 1319 1611 studio
1347 1554 1753 1621 elaboraverint,
1781 1561 1835 1608 et
1857 1552 2015 1607 finem

426 1654 694 1709 laboribus
719 1653 829 1708 suis
879 1650 1260 1720 imposuerint,
1290 1657 1416 1703 tunc
1455 1647 1667 1702 tandem
1714 1662 1809 1716 per
1852 1661 2016 1716 expe-

427 1747 668 1802 rientiam
697 1755 750 1800 et
781 1745 1146 1814 probationem
1178 1757 1310 1812 Opus
1341 1741 1586 1796 laudibus
1607 1741 1865 1796 extollunt
1899 1759 1912 1796 :
1938 1741 2009 1794 ita

426 1847 483 1894 et
511 1838 687 1893 divina
717 1837 990 1906 Scriptura
1024 1849 1186 1901 nunc,
1219 1849 1338 1889 cum
1372 1849 1429 1889 se
1479 1832 1546 1887 ad
1576 1842 1876 1887 nostrarum
1909 1847 2006 1886 au-

427 1931 565 1987 rium
592 1930 956 1986 infirmitatem
1009 1926 1258 1993 demisit,
1317 1934 1373 1980 et
1418 1925 1551 1980 dixit
1581 1941 1595 1980 :
1624 1924 1693 1978 Et
1727 1923 1849 1978 vidit
1877 1923 2015 1978 Deus

427 2023 627 2085 lucem,
668 2019 802 2090 quod
831 2019 959 2073 bona
987 2025 1146 2083 esset,
1196 2024 1319 2070 tunc
1349 2014 1575 2084 subjecit
1618 2032 1631 2068 :
1678 2013 1745 2068 Et
1791 2013 2020 2067 distinxit

428 2113 568 2168 Deus
593 2114 723 2166 inter
757 2111 917 2166 lucem
943 2152 959 2176 ,
1014 2119 1061 2163 et
1103 2110 1234 2162 inter
1261 2107 1486 2164 tenebras
1525 2123 1544 2160 :
1581 2115 1628 2162 et
1659 2106 1848 2160 vocavit
1883 2105 2021 2160 Deus

431 2209 592 2263 lucem
617 2208 770 2270 diem,
795 2216 840 2259 et
872 2205 1097 2260 tenebras
1119 2203 1308 2258 vocavit
1335 2211 1546 2268 noctem,
1576 2210 1629 2257 et
1654 2193 1804 2256 suain
1829 2201 2020 2270 cuique

429 2299 702 2369 regionem
742 2296 1011 2352 distribuit
1055 2313 1068 2348 :
1113 2309 1234 2348 nam
1266 2292 1333 2348 ab
1360 2293 1511 2348 initio
1540 2291 1733 2362 cuique
1758 2305 1886 2347 suos
1916 2301 2020 2347 ter-

429 2395 605 2446 minos
634 2390 857 2461 praelixit
883 2431 898 2457 ,
930 2403 1066 2459 quos
1106 2397 1362 2458 perpetuo
1403 2387 1605 2456 absque
1642 2386 2020 2457 impedimento

428 2482 740 2537 custodiret.
768 2481 826 2535 ld
855 2480 995 2550 quod
1017 2479 1254 2545 cuilibet,
1280 2478 1370 2548 qui
1396 2487 1542 2532 recte
1567 2478 1756 2546 sapiat,
1779 2476 2020 2532 contueri

429 2574 593 2640 licet,
635 2571 904 2642 quomodo
949 2586 1020 2626 ex
1069 2585 1135 2624 eo
1185 2578 1423 2639 tempore
1467 2583 1635 2637 usque
1684 2569 1735 2622 in
1785 2583 2021 2638 praesens

435 2678 609 2734 neque
666 2662 755 2715 lux
817 2661 1077 2715 terminos
1134 2675 1262 2715 suos
1319 2668 1646 2729 transgressa
1695 2659 1796 2725 sit,
1851 2675 2023 2730 neque

443 2755 677 2809 tenebrze
707 2767 862 2807 suum
891 2751 1132 2806 ordinem
1177 2750 1573 2820 praeterierint,
1617 2750 1930 2806 confusione
1967 2760 2023 2807 et

432 2845 832 2918 perturbatione
875 2841 1105 2913 quadam
1150 2841 1472 2897 introducta.
1520 2841 1661 2897 Sane
1708 2841 1810 2897 hoc
1855 2858 2019 2898 unum

432 2937 650 3008 ingratis
679 2936 786 2990 illis
815 2933 1064 2990 sufﬁcere
1093 2933 1347 3001 deberet,
1375 2941 1434 2988 ut
1457 2932 1736 2990 crederent
1759 2941 1815 2989 et
1838 2933 2022 2990 obedi-

431 3037 551 3085 reut
605 3029 670 3084 iis
713 3043 831 3097 quae
874 3042 904 3081 a
944 3025 1119 3082 divina
1161 3025 1433 3095 Scriptura
1481 3024 1618 3080 dicta
1649 3033 1817 3080 sunt:
1851 3025 1922 3081 ita
1967 3034 2024 3081 ut

434 3121 520 3176 vel
586 3119 848 3175 elementa
895 3117 1203 3181 imitantes,
1260 3130 1381 3186 quae
1437 3130 1654 3170 cursum
1705 3115 2022 3172 inoll‘ensnm

436 3219 693 3281 perpetuo
748 3217 1006 3276 servant,
1063 3207 1336 3262 dimensos
1405 3207 1660 3262 terminos
1727 3222 1852 3264 suos
1914 3222 2021 3262 non

433 3303 971 3374 prsetergrediantur,
1032 3301 1126 3357 sed
1182 3309 1474 3371 agnoscant
1537 3301 1809 3371 propriam
1869 3310 2024 3356 natu-

437 3412 573 3450 ram.
625 3394 762 3449 Exin
809 3403 1088 3464 postquam
1137 3391 1346 3461 utrique
1390 3405 1544 3446 suum
1593 3405 1786 3445 nomen
1831 3391 2019 3457 dedit,

435 3499 720 3557 utrumque
764 3486 816 3540 in
858 3499 1018 3540 unum
1058 3483 1313 3554 copulans
1341 3481 1501 3548 dicit,
1544 3483 1600 3538 5.
1632 3479 1700 3534 Et
1727 3485 1917 3553 factum
1951 3491 2022 3536 est

440 3595 659 3648 vespere,
687 3586 734 3631 et
775 3581 966 3648 factum
989 3584 1062 3630 est
1091 3591 1238 3629 tuane
1257 3616 1271 3640 ,
1304 3573 1410 3628 dies
1442 3589 1590 3627 unus.
1623 3573 1807 3629 Finem
1835 3573 1940 3629 diei
1969 3585 2023 3629 et

439 3673 599 3725 tinem
641 3668 812 3725 noctis
841 3683 1004 3723 unum
1036 3681 1289 3737 expresse
1332 3665 1658 3731 nominavit,
1689 3673 1745 3721 ut
1782 3666 2019 3721 ordinem

435 3762 669 3832 aliquem
692 3769 744 3815 et
765 3759 1199 3828 consequentiam
1226 3765 1489 3812 statueret
1511 3757 1816 3825 visibilium,
1841 3759 2012 3813 nulla-

439 3866 545 3922 que
567 3851 716 3905 fieret
742 3847 1004 3904 confusio.

501 3941 604 3996 Cur
626 3939 765 3992 Deus
800 3953 901 3990 non
935 3936 1105 3989 omnia
1120 3933 1274 3989 simul
1290 3949 1388 3988 uno
1401 3934 1482 3988 die
1497 3934 1824 4004 produxerit;
1839 3946 2020 3992 contra

431 4047 515 4086 eos
539 4031 626 4102 qui
640 4029 810 4084 omnia
827 4027 1032 4098 fortuito
1060 4025 1170 4097 ﬁeri
1206 4024 1400 4078 dicunt.
1428 4053 1500 4063 —
1534 4024 1728 4079 Verum
1751 4024 2018 4083 discamus

431 4133 644 4196 oportet
668 4138 698 4178 a
725 4121 928 4193 Spiritu
955 4129 1141 4177 sancto
1172 4135 1268 4190 per
1287 4118 1517 4189 linguam
1551 4117 1692 4172 beati
1722 4118 1877 4189 hujus
1899 4135 2022 4190 pro-

437 4217 628 4288 phetaa,
661 4231 779 4285 qua:
797 4213 966 4283 primo
992 4211 1079 4267 die
1105 4208 1318 4264 condita
1347 4215 1491 4288 sunt,
1515 4216 1569 4264 et
1592 4223 1710 4279 qua:
1731 4209 1868 4265 aliis.
1888 4209 2018 4266 Nam

436 4286 491 4365 et
518 4307 659 4363 istud
687 4308 858 4375 ipsum
889 4305 1210 4359 clementem
1235 4286 1544 4356 Deum'sese
1579 4309 2018 4370 attemperantem

437 4399 672 4456 exhibet.
692 4396 872 4464 Neque
897 4394 1039 4450 enim
1062 4393 1214 4462 inops
1238 4401 1354 4447 erat
1375 4392 1709 4462 omnipotens
1736 4392 1874 4448 illius
1904 4408 2019 4447 ma-

437 4504 537 4544 nus
563 4498 616 4543 et
645 4485 850 4540 infinita
896 4483 1175 4553 sapientia,
1206 4491 1264 4537 ut
1297 4497 1401 4536 non
1435 4489 1614 4552 posset
1638 4497 1743 4537 uno
1763 4481 1850 4538 die
1895 4471 2021 4554 pro-

436 4581 634 4636 ducere
672 4577 870 4632 omnia.
907 4575 1042 4643 Quid
1081 4574 1222 4641 dico,
1251 4589 1359 4629 uno
1382 4573 1513 4630 die?
1557 4574 1623 4629 Et
1650 4575 1876 4645 simplici
1904 4591 2019 4630 mo-

417 4680 618 4727 ~mento
648 4677 872 4740 poterat.
908 4666 1012 4725 Sed
1052 4665 1482 4737 quandoquidem
1511 4681 1596 4721 res
1627 4681 1733 4721 nou
1775 4667 1845 4722 ob
1869 4682 2020 4722 suam

439 4762 722 4817 tttilitatem
765 4759 1047 4831 produxit;
1077 4773 1248 4827 neque
1270 4757 1410 4811 enim
1441 4757 1544 4811 ulla
1574 4771 1630 4811 re
1660 4771 1794 4827 Opus
1823 4756 2018 4822 habet;

435 4855 529 4912 sed
561 4854 629 4908 ob
656 4867 804 4907 suam
834 4851 1213 4921 benignitatem
1241 4857 1296 4904 et
1325 4848 1615 4903 bonitatem
1645 4847 1882 4902 condidit
1903 4863 2018 4900 om-

436 4947 523 5002 nia
567 4963 580 5000 :
621 4944 818 5000 idcirco
847 4942 1182 4997 Successione
1210 4939 1436 5011 quadam
1467 4947 1521 4993 et
1566 4953 1660 5008 per
1691 4947 1867 5008 partes
1891 4952 2017 4992 con-

437 5038 591 5107 didit,
615 5043 670 5092 ct
696 5034 991 5090 doctrinam
1031 5033 1186 5106 nobis
1228 5030 1564 5086 manifestam
1607 5029 1674 5083 de
1705 5028 1863 5083 rebus
1887 5043 2020 5082 con-

439 5131 564 5186 ditis
595 5143 693 5199 per
738 5128 973 5198 linguam
1005 5123 1145 5179 beati
1171 5122 1330 5192 hujus
1374 5120 1649 5191 pr0pheuc
1694 5119 1932 5186 tradidit,
1966 5129 2023 5174 ut

440 5222 554 5276 haec
581 5227 828 5276 accurate
855 5215 1017 5282 docti,
1046 5230 1152 5268 non
1195 5212 1487 5268 incidamus
1509 5211 1562 5266 in
1591 5225 1776 5266 eorum
1805 5220 2022 5266 senten-

440 5314 564 5367 tiam
592 5311 682 5382 qui
708 5308 954 5363 humanis
1001 5304 1292 5360 ratiociniis
1334 5311 1635 5358 moventur.
1664 5301 1722 5357 Si
1770 5317 2020 5372 namque,

442 5403 526 5458 his
558 5403 647 5456 illo
684 5400 843 5455 modo
884 5398 1135 5468 peractis,
1181 5411 1288 5452 non
1333 5395 1526 5451 desunt
1554 5394 1646 5466 qui
1672 5394 1889 5449 fortuito
1936 5408 2023 5450 res

444 5507 632 5546 omnes
661 5491 829 5546 factas
856 5503 976 5545 esse
1005 5497 1249 5543 asserant
1281 5505 1294 5542 :
1327 5487 1373 5543 si
1403 5502 1507 5542 non
1538 5495 1642 5540 tam
1675 5492 2022 5555 attemperata

447 5582 667 5637 docendi
699 5582 904 5636 ratione
934 5595 1032 5636 nos
1058 5579 1304 5650 dignatus
1318 5588 1483 5646 esset,
1516 5578 1643 5649 quid
1666 5594 1768 5632 non
1797 5578 2024 5633 fuissent

448 5671 587 5734 ausi,
638 5671 730 5739 qui
753 5669 970 5726 adersus
994 5669 1218 5727 salutem
1256 5685 1404 5727 suam
1426 5683 1650 5742 quaeque
1675 5677 1728 5725 et
1762 5667 1940 5724 dicere
1969 5677 2024 5725 et

440 5762 614 5817 facere
641 5760 852 5818 student
885 5764 908 5817 ?
1844 5747 1851 5754 ’

2197 456 2248 509 4.
2291 453 2427 522 Quid
2457 457 2596 512 enim
2626 459 2873 515 miserius
2910 470 2964 517 et
2990 461 3325 533 insipientius
3343 465 3423 532 iis,
3456 467 3545 538 qui
3587 471 3707 526 talia

2121 545 2296 602 dicere
2337 557 2619 615 attentant,
2649 559 2702 605 et
2731 551 3001 608 affirmant
3037 569 3124 610 res
3153 555 3370 613 fortuito
3404 557 3537 625 fieri,
3567 560 3708 616 frau—

2120 636 2351 708 dantque
2391 654 2604 696 onmem
2627 645 2950 700 creationem
2981 646 3158 700 divina
3183 649 3513 718 providentia
3540 653 3563 707 ?
3591 654 3706 720 Qttn

2124 738 2276 798 pacto
2317 731 2456 786 enim
2504 734 2696 789 rationi
2737 747 3157 794 consentaneum
3196 740 3373 808 fuerit,
3422 743 3530 812 dic,
3585 762 3702 812 orn,

2123 831 2266 875 tanta
2314 823 2597 892 elementa,
2644 836 2698 882 et
2745 837 2949 883 tantum
2981 841 3227 888 ornatum
3280 835 3482 906 absque
3528 838 3705 908 aliquo

2123 915 2457 972 moderatore
2486 926 2540 973 et
2567 917 2744 975 omnia
2760 934 3122 978 .conservaute
3153 926 3437 995 gubernari
3465 928 3490 982 ?
3517 929 3583 984 Et
3613 946 3704 984 na-

2123 1007 2202 1062 vis
2225 1025 2508 1079 numquam
2532 1013 2724 1080 poterit
2753 1013 2956 1085 absque
2999 1017 3353 1086 gubernatore
3394 1019 3557 1075 maris
3606 1020 3702 1076 ilu-

2121 1108 2237 1155 ctns
2275 1117 2569 1170 permeare,
2599 1104 2855 1176 milesque
2894 1107 3026 1162 nihil
3051 1117 3326 1165 strenuum
3354 1120 3407 1166 et
3433 1114 3702 1184 egregium

2121 1191 2323 1262 absque
2372 1198 2613 1262 praetoris
2661 1196 2822 1251 ductu
2867 1207 2920 1253 ct
2949 1200 3198 1269 auSpiciis
3242 1202 3397 1271 gerit,
3428 1212 3483 1258 et
3511 1203 3701 1260 domus

2121 1293 2368 1339 constare
2426 1287 2608 1356 nequit
2639 1328 2653 1353 ,
2697 1288 2796 1342 nisi
2850 1289 2990 1344 adsit
3018 1289 3106 1360 qui
3133 1306 3251 1345 eam
3278 1292 3611 1348 administret
3640 1295 3657 1325 ί
3687 1313 3699 1346 :

2123 1377 2352 1432 mundus
2397 1388 2572 1433 autem
2606 1379 2692 1435 hic
2721 1381 3035 1449 immensus,
3069 1391 3124 1439 et
3164 1384 3551 1440 elementorum
3582 1387 3702 1441 illo-

2121 1483 2238 1523 rum
2285 1479 2522 1537 ornatus,
2556 1470 2772 1527 fortuito
2801 1482 2853 1528 et
2894 1483 3094 1530 temere
3123 1474 3243 1529 ferri
3290 1476 3517 1546 poterit,
3558 1477 3703 1531 nullo

2121 1561 2414 1616 exsistente
2460 1563 2546 1632 qui
2589 1564 2764 1617 omnia
2819 1566 2987 1634 possit
3038 1566 3325 1634 moderari,
3371 1577 3425 1622 et
3473 1568 3562 1637 qui
3609 1580 3704 1635 per

2121 1667 2270 1706 suam
2314 1653 2626 1722 sapientiam
2657 1669 2719 1710 ea
2759 1656 3028 1710 centineat
3056 1666 3110 1712 et
3133 1659 3463 1714 conservet?
3507 1659 3699 1714 Verum

2121 1744 2248 1824 quid
2278 1745 2499 1800 ulterius
2539 1747 2911 1802 contendimus
2950 1747 3053 1803 illis
3089 1749 3313 1818 probare
3359 1765 3444 1818 ea,
3497 1765 3614 1822 qua:
3652 1761 3704 1808 et

2124 1837 2300 1904 caecis,
2344 1846 2401 1891 ut
2444 1837 2497 1892 in
2528 1837 2810 1908 proverbio
2835 1848 2935 1904 est,
2962 1840 3236 1908 perSpicua
3263 1841 3428 1895 sunt?
3457 1841 3704 1896 Attamen

2124 1941 2192 1982 ne
2214 1927 2519 1984 omittamus
2541 1944 2840 1999 proponere
2869 1932 2947 1986 eis
2975 1931 3268 1987 doctrinam
3288 1933 3702 2004 Scripturarum,

2124 2015 2218 2071 sed
2250 2032 2407 2073 omne
2445 2019 2813 2089 impendamus
2863 2023 3117 2090 studium,
3166 2033 3222 2078 ttt
3263 2025 3331 2080 ab
3352 2042 3534 2083 errore
3573 2029 3706 2084 libe-

2124 2107 2247 2175 rati,
2271 2107 2338 2162 ad
2361 2110 2632 2164 veritatem
2651 2111 2994 2167 reducantur.
3018 2113 3146 2168 Nam
3169 2115 3474 2172 licetadhuc
3500 2133 3703 2187 pratoc-

2125 2201 2301 2270 cupati
2331 2202 2606 2258 erroribus
2633 2203 2760 2272 sint,
2790 2205 3028 2275 ejusdem
3057 2215 3252 2273 tamen,
3286 2209 3438 2278 cujus
3465 2226 3581 2277 nus,
3607 2228 3702 2282 ge-

2125 2293 2269 2347 neris
2298 2301 2423 2348 sunt
2464 2310 2478 2348 :
2507 2303 2562 2350 et
2591 2309 2686 2364 par
2712 2307 2790 2351 est
2822 2307 2880 2351 ut
2907 2313 3152 2368 magnam
3183 2315 3367 2354 eorum
3398 2317 3576 2356 curam
3605 2304 3703 2358 ha-

2126 2383 2362 2449 beamus,
2394 2400 2679 2456 numquam
2696 2395 3074 2458 torpescentes,
3091 2390 3183 2444 sed
3202 2391 3469 2461 diligentia
3495 2408 3699 2448 summa

2127 2475 2382 2532 facientes
2402 2492 2466 2532 ea
2491 2493 2608 2547 qua:
2625 2478 2678 2533 in
2706 2480 2859 2535 nobis
2884 2491 3028 2547 sunt,
3062 2482 3243 2537 utilem
3263 2483 3362 2536 illis
3386 2484 3700 2540 medicinam

2127 2566 2496 2635 adhibeamus,
2547 2579 2603 2624 ut
2648 2571 2835 2626 saltem
2880 2573 3089 2628 tandem
3120 2575 3403 2646 aliquando
3430 2576 3496 2631 ad
3521 2593 3702 2634 veram

2126 2659 2406 2716 sanitatem
2435 2661 2675 2718 redeant.
2705 2663 2847 2719 Nihil
2873 2666 3012 2721 enim
3042 2667 3111 2721 ita
3141 2676 3292 2722 curat
3317 2669 3477 2732 Deus,
3502 2677 3559 2722 ut
3583 2669 3704 2723 ani-

2127 2767 2332 2807 marum
2377 2753 2625 2810 salutem.
2659 2755 2714 2811 Id
2753 2757 2947 2812 clamat
2971 2758 3184 2827 Paulus,
3215 2759 3403 2816 dicens
3436 2779 3448 2814 :
3476 2761 3575 2828 Qui
3600 2762 3705 2816 vult

2127 2861 2297 2900 omnes
2341 2847 2565 2904 homines
2595 2849 2762 2904 salvos
2795 2851 2925 2919 fieri,
2971 2861 3018 2906 et
3044 2853 3112 2906 ad
3140 2854 3444 2924 agnitionem
3487 2855 3705 2910 veritatis

2126 2937 2292 2990 venire
2323 2938 2398 3008 (Ι.
2433 2936 2563 2992 Tim.
2601 2939 2656 2993 2.
2686 2941 2766 3010 4).
2798 2941 2863 2995 ΕΙ.
2892 2942 3082 2996 iterum
3114 2943 3253 2998 Deus
3281 2945 3392 3014 ipse
3419 2946 3493 3000 ait
3521 2965 3534 3001 :
3567 2945 3704 3008 Nolo

2127 3035 2336 3081 mortetn
2367 3031 2662 3098 peccatoris,
2701 3032 2790 3087 sed
2816 3047 2869 3086 ut
2895 3043 3231 3102 convertatur,
3266 3045 3312 3090 et
3335 3037 3464 3091 vivat
3491 3037 3703 3108 (Ezeclt.

2128 3119 2214 3175 i8.
2238 3120 2353 3193 25).
2382 3122 2606 3192 Pr0pter
2627 3125 2725 3180 hoc
2750 3125 2907 3180 etiam
2931 3137 3172 3182 naturam
3202 3127 3338 3184 hanc
3354 3145 3566 3186 omnem
3585 3146 3706 3201 pro-

2126 3209 2298 3279 duxit,
2330 3223 2384 3268 et
2416 3227 2513 3267 nos
2539 3214 2812 3282 formavit,
2834 3231 2938 3271 non
2966 3225 3023 3272 ut
3047 3233 3350 3287 pereamus,
3384 3235 3555 3291 neque
3581 3223 3703 3276 utin

2126 3303 2440 3372 supplicium
2467 3319 2566 3360 nos
2590 3306 2797 3373 mittat;
2824 3307 2918 3363 sed
2948 3317 3004 3362 ut
3033 3309 3208 3364 salvos
3237 3309 3415 3376 faciat,
3447 3313 3592 3367 etab
3614 3328 3705 3368 er-

2127 3409 2249 3449 rore
2271 3394 2527 3462 liberatis,
2579 3413 2745 3468 regno
2783 3399 2884 3454 frui
2932 3401 3086 3456 nobis
3115 3403 3391 3458 concedat.
3424 3405 3534 3459 lloc
3560 3406 3702 3461 enim

2129 3484 2282 3539 nobis
2308 3489 2640 3556 praeparavit,
2673 3505 2780 3543 non
2826 3506 2968 3547 nunc
3004 3503 3280 3563 postquam
3321 3495 3445 3549 facti
3497 3511 3702 3562 sumus,

2127 3577 2221 3634 sed
2259 3587 2382 3634 ante
2417 3577 2559 3647 jacta
2605 3578 2948 3636 fundamenta
2993 3584 3196 3649 mundi,
3228 3586 3363 3640 sicut
3386 3586 3500 3656 ipse
3529 3587 3700 3641 dicit:

2136 3669 2327 3739 Venite,
2377 3671 2620 3727 benedicti
2662 3672 2835 3730 Patris
2876 3676 2994 3743 mei,
3037 3676 3090 3729 in
3117 3676 3457 3730 Itwreditatent
3494 3677 3706 3747 accipite

2129 3774 2470 3832 prteparatum
2499 3765 2636 3820 vobis
2677 3781 2887 3835 regnum
2929 3774 3048 3820 ante
3082 3767 3489 3821 constitutionem
3529 3767 3707 3820 mundi

2130 3854 2341 3923 (Matth.
2369 3857 2458 3910 25.
2484 3858 2596 3926 54).
2622 3857 2754 3913 Vide
2781 3859 3159 3930 benignitatem
3182 3862 3411 3928 Domini,
3437 3861 3706 3932 quomodo

2125 3953 2408 4014 antequam
2429 3944 2748 4002 formarctur
2768 3950 3020 4014 mundus,
3043 3959 3097 4004 et
3120 3951 3499 4018 produceretur
3521 3951 3702 4018 homo,

2126 4034 2333 4091 infinita
2365 4035 2463 4104 ipsi
2506 4037 2643 4091 bona
2672 4039 3051 4105 praeparaverit
3088 4053 3101 4089 :
3133 4038 3422 4093 ostendens
3449 4052 3703 4108 quantam

2125 4128 2294 4183 nostri
2321 4128 2533 4199 generis
2562 4127 2945 4199 providentiam
2968 4136 3139 4200 gerat,
3171 4139 3225 4182 et
3251 4144 3310 4184 se
3335 4131 3570 4184 omnium
3613 4146 3705 4187 sa-

2129 4225 2292 4282 lutem
2315 4223 2471 4281 velle.

2206 4316 2325 4371 Non
2354 4325 2577 4371 nostram
2618 4313 2802 4380 solum,
2835 4313 2926 4367 sed
2955 4322 3001 4367 et
3039 4311 3257 4366 aliorum
3295 4312 3507 4367 salutem
3529 4330 3711 4373 curare

2128 4406 2682 4464 debemus.——Talem
2725 4404 2883 4473 igitur
2931 4403 3186 4460 habentes
3240 4404 3543 4474 Dominum,
3599 4416 3706 4463 tam

2128 4498 2546 4562 misericordem,
2578 4506 2685 4551 tam
2713 4496 3018 4566 benignum,
3049 4504 3153 4549 tam
3185 4506 3544 4563 mansuetum,
3586 4512 3704 4552 cunt

2127 4598 2345 4655 nostra-3,
2379 4598 2486 4644 tum
2522 4589 2741 4643 fratrum
2771 4596 3074 4642 nostrorum
3102 4589 3286 4642 salutis
3331 4602 3511 4642 curam
3551 4605 3698 4659 gera-

2128 4699 2266 4740 mus.
2297 4683 2426 4738 Nam
2458 4682 2638 4738 ethoc
2674 4689 2871 4737 nostra;
2914 4681 3100 4735 salutis
3127 4691 3496 4750 argumentum
3527 4684 3628 4736 erit
3651 4692 3705 4739 et

2127 4776 2360 4841 occasio,
2391 4774 2434 4828 si
2478 4790 2584 4829 non
2609 4774 2780 4828 solum
2808 4788 2901 4842 pro
2928 4773 3080 4828 nobis
3107 4772 3237 4842 ipsis
3263 4773 3498 4838 solliciti,
3532 4773 3624 4828 sed
3653 4781 3703 4828 et

2129 4868 2372 4939 proximo
2414 4867 2569 4921 utiles
2610 4865 2883 4929 fuerimus,
2925 4874 2976 4919 et
3005 4865 3174 4934 ipsum
3201 4862 3268 4917 ad
3296 4863 3433 4916 viam
3466 4863 3703 4918 veritatis

2128 4959 2468 5017 deducamus.
2526 4957 2593 5013 Et
2641 4965 2698 5012 ut
2737 4956 2911 5012 discas
2950 4964 3205 5027 quantum
3253 4954 3449 5010 bonum
3480 4955 3546 5008 sit
3586 4970 3708 5008 cum

2129 5033 2313 5107 nostra
2339 5051 2560 5104 aliorum
2584 5049 2743 5104 etiam
2765 5049 2991 5104 salutem
3016 5046 3232 5110 lucrari,
3251 5045 3371 5098 audi
3398 5045 3710 5114 prophetam

2127 5160 2198 5201 ex
2228 5159 2451 5215 persona
2480 5142 2572 5198 Dei
2598 5140 2862 5196 dicentem
2897 5157 2910 5193 :
2941 5139 3041 5206 Qui
3067 5138 3231 5192 educit
3258 5137 3527 5206 pretiosum
3551 5153 3583 5188 a
3605 5137 3707 5202 cili,

2127 5239 2268 5312 quasi
2295 5255 2352 5294 os
2393 5253 2557 5292 nteant
2606 5237 2696 5290 erit
2741 5233 2872 5307 (Jer.
2904 5233 2989 5288 15.
3022 5231 3132 5302 19).
3161 5229 3296 5296 Quid
3326 5229 3428 5282 hoc
3455 5238 3538 5283 est
3565 5227 3588 5280 ?
3612 5228 3707 5296 Qui

2192 5399 2207 5430 ι
2245 5404 2370 5445 Unus
2391 5393 2692 5444 Oolbertinus
2713 5389 2874 5439 Codex
2905 5388 3054 5436 habet
3074 5397 3259 5445 vocem,
3284 5382 3605 5434 admitti-trct.
3626 5382 3707 5432 Alii

2127 5444 2308 5510 οωηῶ
2319 5470 2427 5508 cum
2451 5456 2567 5504 [aliti
2586 5461 2687 5502 tum
2712 5451 3023 5516 Mssferunt,
3041 5444 3269 5509 aediﬁcet.
3295 5446 3388 5516 sed
3412 5459 3576 5516 veram
3600 5456 3714 5493 esse

2129 5507 2387 5571 lectionem
2401 5516 2661 5565 Colhertini
2680 5514 2862 5562 codicis
2883 5511 3127 5571 existimo.
3142 5507 3412 5557 Secundum
3435 5507 3574 5571 aliam
3597 5518 3715 5553 vero

2128 5570 2389 5632 lectionem
2413 5591 2508 5628 non
2531 5582 2690 5638 potest
2710 5573 2954 5638 sententia
2974 5570 3230 5638 quadrare:
3276 5577 3393 5618 Num
3414 5570 3713 5638 dicatnqttott

2130 5627 2490 5705 paganorum
2511 5627 2797 5705 consistere,
2820 5634 2907 5682 nisi
2921 5627 3154 5705 _ad§it_qui
3179 5629 3310 5705 illam
3330 5627 3608 5705 catastrttttt‘:t
3629 5629 3718 5705 llic

2129 5691 2463 5762 de’dotnojam
2484 5705 2665 5749 structa
2688 5698 2863 5762 agitur,
2885 5696 2968 5744 ubi
2993 5691 3154 5743 nullus
3176 5691 3300 5743 ultra
3311 5691 3608 5744 architectus
3628 5691 3715 5743 de-

2133 5763 2389 5812 sidcratur.
