4104 6196
373 312 439 366 37
1188 305 1246 362 S.
1284 303 1569 359 IOANNIS
1604 299 2026 359 CIIRYSOSTOI

2136 299 2454 360 Ah‘ClllEP.
2493 274 3038 363 εοΝετΑΝτιΝυι).
3657 291 3672 308 ⁸
3727 308 3797 363 τε

370 424 529 497 φησὶ,
557 421 929 494 χειραγωγῶν,
965 421 998 490 ἢ
1033 419 1140 474 ἀπὸ
1166 420 1264 491 τῆς
1289 419 1485 483 κακίας
1514 417 1649 489 πρὸς
1684 417 1886 490 ἀρετὴν
1911 416 2032 486 όδηα

371 513 486 580 γῶν
513 510 603 566 τὸν
641 509 887 580 πλησίον,
922 506 1063 560 κατά
1088 506 1315 577 δύναμιν
1342 505 1689 577 ἀνθρωπίνην
1721 504 1820 575 ἐμὲ
1847 506 2034 575 μιμεῖ-

370 614 477 651 ται.
519 597 627 649 Kal
663 595 769 665 7&9
797 594 890 647 καὶ
919 593 1081 657 αὑτὸς
1117 593 1183 645 δι’
1217 593 1367 646 οὐδὲν
1398 592 1603 663 ἕτερον,
1635 590 1766 655 Θεὸς
1805 588 1901 654 ὢν,
1934 590 2034 661 τὴν

373 684 643 753 ἡμετέραν
671 680 838 735 ὑπέδυ
873 681 1074 752 σάρκα,
1117 680 1211 735 καὶ
1236 679 1322 733 διά
1349 680 1448 748 τὴν
1492 677 1761 749 σωτηρίαν
1788 675 1884 731 τοῦ
1924 676 2033 729 τῶν

369 769 670 839 ἀνθρώπων
701 769 889 837 γένους
925 768 1144 838 γέγονεν
1170 766 1472 837 ἄνθρωπος.
1505 765 1615 819 Kal
1648 764 1701 818 τί
1746 763 1907 833 λέγω,
1935 762 2033 834 τὴν

370 855 644 927 ἡμετέραν
687 856 854 909 ὑπέδυ
884 856 1081 928 σάρκα.
1126 855 1220 908 καὶ
1246 854 1313 909 τά
1340 854 1475 908 ἄλλα
1503 854 1681 908 πάντα
1722 852 1791 906 τά
1819 848 2032 923 ἀνθρώ-

371 960 502 997 πινα
534 944 846 1015 ὑπέμεινεν,
878 944 1011 995 ὅπου
1050 958 1114 1010 γε
1157 941 1253 995 καὶ
1293 938 1386 992 τὸν
1426 938 1657 1010 σταυρὸν
1690 937 2030 1004 κατεδέξατο,

370 1030 459 1083 ἵνα
491 1031 637 1101 ἡμᾶς
662 1030 789 1093 τοὺς
821 1029 925 1083 ὑπὸ
968 1027 1248 1100 ἁμαρτιῶν
1276 1025 1696 1097 προδεδομένους
1735 1025 1836 1095 τῆς
1865 1023 2034 1077 κατά-

371 1133 470 1187 ρας
497 1115 869 1191 ἐλευθερώσῃ;
895 1116 1002 1169 Kal
1024 1115 1121 1186 βοᾷ
1145 1113 1301 1168 τοῦτο
1325 1112 1531 1177 Παῦλος
1550 1112 1722 1180 λέγων
1742 1128 1755 1143 ο
1780 1111 2032 1180 Χριστὸς

369 1199 528 1271 ἡμᾶς
556 1201 932 1271 ἐξηγόρασεν
970 1200 1038 1254 ἐκ
1068 1198 1179 1267 τῆς
1208 1197 1469 1267 κατάρας
1494 1194 1601 1253 τοῦ
1631 1198 1837 1266 νόμου,
1865 1197 2032 1266 τενό-

367 1306 549 1358 μενος
578 1289 729 1357 ὑπὲρ
774 1286 944 1358 ἡμῶν
968 1286 1215 1356 κατάρα.
1259 1288 1322 1340 Εἰ
1362 1286 1540 1339 τοίνυν
1580 1286 1761 1348 αὑτὸς,
1791 1284 1923 1348 Θεὸς
1957 1282 2033 1338 ὢν

374 1376 465 1429 καὶ
492 1376 590 1445 τῆς
634 1376 821 1438 οὑσίας
857 1375 1071 1446 ἐκείνης
1102 1375 1203 1445 τῆς
1245 1374 1556 1446 ἀπορρήτου
1600 1371 1900 1443 τυγχάνων,
1945 1370 2034 1424 διὰ

373 1462 781 1538 φιλανθρωπίαν
803 1462 1011 1533 ἄφατον
1026 1462 1197 1518 ταῦτα
1219 1464 1435 1518 ἅπαντα
1457 1459 1777 1525 κατεδέξατο
1799 1460 1865 1514 δι’
1884 1460 2033 1529 ἡμᾶς

373 1550 466 1603 καὶ
491 1551 589 1621 τὴν
617 1550 888 1620 σωτηρίαν
915 1551 1017 1622 τὴν
1043 1549 1316 1621 ἡμετέραν
1336 1564 1351 1578 ⁸
1380 1548 1433 1601 τί
1458 1548 1557 1601 οὑκ
1574 1546 1640 1603 ἂν
1672 1547 1862 1618 εῖημεν
1882 1545 2033 1600 αὑτοὶ

371 1636 569 1691 δίκαιοι
597 1640 725 1710 περὶ
749 1640 875 1702 τοὺς
899 1641 1177 1709 ὁμογενεῖς
1201 1635 1565 1703 ἐπιδείξασθαι
1588 1633 1681 1689 καὶ
1706 1634 1773 1687 τά
1802 1632 1939 1703 μέλη
1964 1630 2033 1685 τά

373 1722 636 1793 ἡμέτερα,
671 1723 809 1778 ὥστε
860 1725 955 1779 καὶ
995 1728 1093 1796 τῆς
1134 1723 1412 1794 φάρυγγος
1441 1722 1638 1785 αὑτοὺς
1671 1731 1696 1761 α
1727 1720 2031 1790 ἐξαρπάσαι

372 1808 467 1861 τοῦ
495 1809 760 1875 διαϐόλου,
792 1812 887 1865 καὶ
917 1812 1052 1881 πρὸς
1092 1810 1191 1882 τὴν
1236 1810 1333 1879 τῆς
1366 1808 1570 1881 ἀρετῆς
1614 1807 1730 1861 ὁδὸν
1761 1821 2030 1877 χειραγω-

373 1895 575 1965 γῆσαι;
604 1893 755 1967 Ὀσῳ
798 1896 907 1969 γὰρ
954 1896 1099 1968 ψυχὴ
1147 1897 1394 1967 σώματος
1442 1895 1745 1967 κρείσσων,
1794 1892 2032 1962 τοσούτῳ

371 1982 482 2035 τῶν
519 1985 761 2053 χρήμασι
793 1982 1126 2054 βοηθούντων
1153 1987 1263 2046 τοῖς
1298 1982 1570 2053 δεομένοις
1601 1974 1743 2035 οῦτοι
1770 1977 2032 2050 μειζόνων

373 2068 649 2133 ἀξιοῦνται
676 2070 785 2122 τῶν
813 2071 1057 2141 ἀμοιϐῶν
1091 2071 1141 2124 οί
1173 2070 1261 2124 διὰ
1289 2070 1388 2140 τῆς
1415 2069 1788 2141 παραινέσεως
1815 2067 1907 2119 καὶ
1933 2066 2031 2136 τῆς

374 2158 629 2228 συνεχοῦς
648 2158 990 2223 διδασκαλίας
1010 2160 1132 2224 τοὺς
1167 2157 1441 2231 ῥᾳθύμους
1460 2159 1554 2211 καὶ
1574 2153 2032 2217 ἀναπεπτωκότας

370 2244 661 2312 ἀνάγοντες
686 2245 780 2298 ἐπὶ
804 2246 903 2317 τὴν
931 2246 1144 2300 εὐθεῖαν
1175 2246 1314 2309 ὁδὸν,
1339 2245 1433 2298 καὶ
1466 2242 1771 2306 δεικνύντες
1799 2241 1899 2312 τῆς
1932 2240 2030 2311 μὲν

372 2332 567 2396 κακίας
596 2332 656 2386 τὸ
677 2333 930 2400 δυσειδὲς,
959 2334 1058 2405 τῆς
1079 2334 1134 2387 δὲ
1162 2334 1301 2389 κατά
1326 2333 1458 2388 Θεὸν
1481 2331 1681 2404 ἀρετῆς
1706 2330 1805 2402 τὴν
1830 2327 2031 2399 πολλὴν

370 2419 670 2490 εὐμορφίαν
694 2421 744 2477 ιι.

409 2528 471 2575 ε’.
486 2523 671 2577 Ταῦτα
684 2525 862 2578 τοίνυν
881 2526 1093 2579 ἅπαντα
1111 2524 1330 2589 εἰδότες,
1348 2524 1454 2595 πρὸ
1472 2522 1580 2577 τῶν
1591 2523 1764 2579 ἄλλων
1779 2521 2030 2576 ἁπάντων

370 2619 477 2674 τῶν
506 2619 774 2691 βιωτικῶν
803 2622 932 2694 περὶ
957 2622 1059 2692 τῆς
1091 2622 1230 2676 κατά
1260 2622 1439 2692 ψυχὴν
1467 2619 1740 2691 σωτηρίας
1772 2617 2031 2685 διαλεγώ-

372 2714 511 2783 μεθα
549 2714 663 2787 τοῖς
699 2713 959 2784 πλησίον,
1007 2714 1088 2777 είς
1129 2713 1333 2783 ταύτην
1367 2713 1564 2776 αὑτοὺς
1608 2712 1889 2781 ἐνάγοντες
1931 2708 2031 2779 τὴν

371 2811 659 2882 μέριμναν.
704 2810 1011 2882 ’Δγαπητδν
1063 2810 1201 2882 γάρ,
1234 2809 1549 2883 ἀγαπητὸν,
1590 2809 1828 2879 συνεχῶς
1860 2807 2031 2862 ταῦτα

369 2905 736 2978 ὶνηχουμένην
771 2906 870 2978 τήν
915 2906 1094 2981 ψυχὴν
1140 2904 1435 2975 δυνηθῆναι
1476 2906 1790 2973 ἀνενεγκεῖν
1824 2905 1889 2958 ἐκ
1930 2904 2031 2974 τῆς

369 2998 606 3052 ἀϐύσσου
634 2997 743 3052 τῶν
779 2998 966 3052 κακῶν
992 2998 1102 3052 τῶν
1136 3000 1193 3051 ἐν
1218 2996 1298 3068 τῷ
1329 2995 1479 3068 μέσῳ
1513 2995 1912 3067 στρεφομένων,
1937 2993 2031 3047 καὶ

370 3085 751 3157 περιγενέσθαι
784 3087 882 3158 τῆς
919 3087 1028 3141 τῶν
1062 3085 1249 3141 παθῶν
1276 3083 1725 3149 ἐπαναστάσεως,
1772 3082 1914 3152 ἅπερ
1953 3080 2033 3134 δι-

368 3176 580 3247 ηνεκῶς
610 3175 888 3247 πολιορκεῖ
934 3174 1031 3246 τὴν
1073 3174 1342 3246 ἡμετέραν
1389 3173 1588 3244 ψυχήν.
1609 3171 1719 3225 Kal
1753 3169 1843 3225 διά
1871 3169 2030 3224 τοῦτο

367 3262 527 3333 χρεία
547 3263 677 3334 ἡμῖν
721 3262 919 3333 πολλῆς
942 3262 1043 3333 τῆς
1070 3262 1395 3332 ἀγρυπνίας,
1434 3260 1622 3331 ἐπειδὴ
1653 3259 1745 3313 καὶ
1778 3257 2030 3328 διηνεκὴς

368 3351 501 3421 ἡμῖν
532 3350 677 3403 ἐστιν
707 3351 735 3403 6
756 3349 1009 3421 πόλεμος.
1040 3350 1134 3403 κα)⁸
1162 3348 1452 3421 ἀνακωχὴν
1472 3347 1725 3401 οὐδέποτε
1753 3345 1893 3417 ἔχων
1911 3361 1925 3376 ·
1948 3343 2030 3397 διὸ

369 3436 464 3489 καὶ
501 3436 710 3501 Παῦλος
736 3434 919 3505 ἔλεγεν
955 3436 1221 3506 Ἐφεσίοις
1247 3435 1507 3507 γράφωνο
1538 3435 1660 3489 οὐκ
1688 3434 1859 3487 ἐστιν
1883 3430 2031 3501 ἡμῖν

368 3525 408 3591 ἢ
431 3524 592 3592 πάλη
624 3523 774 3592 πρὸς
795 3521 938 3593 alga
960 3524 1058 3578 καί
1088 3523 1305 3592 σάρκα,
1334 3521 1495 3577 ἀλλὰ
1514 3520 1663 3590 πρὸς
1689 3520 1795 3587 τὰς
1817 3519 2026 3589 ἀρχὰς,

369 3609 484 3683 [‘20]
514 3610 664 3678 πρὸς
696 3612 802 3677 τὰς
831 3609 1139 3678 ἐξουσίας,
1181 3611 1331 3679 πρὸς
1361 3608 1503 3676 τοὺς
1543 3604 2027 3677 κοσμοκράτορας

366 3698 473 3752 τοῦ
510 3697 772 3763 σκότους
803 3696 910 3750 τοῦ
936 3695 1152 3764 αίῶνος
1192 3696 1427 3761 τούτου,
1462 3694 1613 3765 πρὸς
1661 3693 1733 3749 τὰ
1766 3709 2027 3764 πνευμα-

366 3783 500 3838 τικά
522 3782 633 3852 τῆς
655 3784 947 3851 πονηρίας
966 3783 1037 3836 ἐν
1059 3782 1183 3848 τοῖς
1203 3783 1601 3849 ἐπουρανίοις.
1631 3782 1723 3853 Μὴ
1745 3782 2024 3852 νομίσητε,

367 3870 523 3938 φησὶ,
543 3870 634 3923 τὸν
658 3869 889 3939 τυχόντα
907 3870 1040 3939 ἡμῖν
1071 3867 1389 3939 προκεῖσθαι
1416 3866 1602 3936 ἀγῶνα
1623 3883 1636 3897 ·
1655 3868 1718 3920 οὑ
1739 3867 1874 3937 πρὸς
1896 3868 2028 3938 δμο-

366 3958 542 4024 γενεῖς
566 3957 695 4027 ἡμῖν
725 3958 873 4009 ἐστιν
910 3957 944 4027 ἠ
974 3955 1141 4027 πάλη.
1165 3954 1286 4009 οὐδἒ
1311 3955 1495 4026 ἐξίσης
1522 3956 1654 4025 ἡμῖν
1685 3956 1801 4007 ἐστι
1828 3954 1896 4008 τὰ
1925 3955 2027 4026 τῆς

366 4044 742 4115 παρατάξεως.
793 4044 903 4097 Kal
932 4043 1041 4115 7&9
1088 4042 1298 4115 σώματι
1356 4041 1859 4114 συμπεπλεγμένοι,
1905 4046 2039 4108 ταῖς¹

352 4130 676 4202 ἀσωμάτοις
708 4130 958 4185 παλαίειν
986 4131 1248 4203 δυνάμεσι
1271 4130 1751 4204 προστετάγμεθα·
1785 4130 1921 4184 ἀλλά
1948 4132 2022 4203 μὴ

348 4217 608 4289 νδείσητε·
645 4220 694 4272 εί
721 4218 830 4290 γὰρ
861 4219 956 4272 καὶ
1006 4217 1292 4289 ἀνώμαλος
1332 4220 1366 4289 ἡ
1410 4219 1591 4291 μάχη,
1638 4216 1774 4271 ἀλλά
1813 4218 2022 4290 μεγάλη

361 4305 470 4359 τῶν
515 4305 694 4359 ὃπλων
739 4304 846 4357 τῶν
887 4304 1171 4376 ἡμετέρων
1220 4307 1254 4377 ἡ
1290 4304 1538 4375 δύναμις.
1593 4307 1872 4377 Ἐπήγαγε
1914 4306 2023 4379 7&9

351 4391 645 4461 ,μονονουχὶ
674 4390 867 4460 λέγων,
898 4391 1085 4462 ἐπειδὴ
1114 4390 1315 4461 ἔγνωτε
1347 4392 1457 4445 τῶν
1495 4393 1767 4464 πολεμίων
1797 4392 1894 4465 τὴν
1918 4393 2021 4465 φύ-

367 4495 470 4543 σιν,
498 4478 571 4551 μη
602 4478 967 4550 καταπέσητε,
1000 4479 1134 4552 μηδέ
1160 4481 1473 4553 ναρκήσητε
1509 4480 1645 4553 πρὸς
1677 4481 1775 4553 τὴν
1808 4482 2016 4550 πάληνο

365 4566 502 4621 ἀλλά
531 4567 632 4620 Διὰ
660 4566 835 4622 τοῦτο
862 4569 1190 4623 ἀναλάϐετε
1211 4568 1326 4638 τὴν
1349 4569 1695 4625 πανοπλίαν
1713 4570 1819 4625 τοῦ
1849 4570 2018 4637 Θεοῦ,

350 4652 512 4721 πρὸς
545 4653 611 4707 τὸ
648 4653 943 4710 δύνασθαι
969 4653 1124 4725 ὑμᾶς
1152 4655 1372 4726 στῆναι
1400 4657 1549 4724 πρὸς
1583 4656 1687 4722 τὰς
1709 4656 2012 4727 μεθοδείας

355 4739 468 4794 ,τοῦ
498 4738 796 4795 διαϐόλου.
824 4740 1023 4795 Πολλαὶ
1055 4741 1165 4813 7&9
1190 4753 1213 4781 ο
1243 4746 1297 4796 αἱ
1330 4742 1517 4795 τούτου
1551 4742 1843 4812 μεθοδεῑαι,
1874 4742 2018 4797 τοῦτ’

358 4826 509 4880 ἐστιν
533 4827 660 4893 όδοὶς
680 4827 748 4881 δι’
768 4823 843 4883 ὧν
870 4828 1243 4893 ὑποσκελίζειν
1264 4830 1534 4900 ἐπιχειρεῖ
1568 4829 1695 4893 τοὺς
1718 4829 2021 4902 ῥᾳθυμοτέ-

362 4930 514 4985 ρους,
546 4914 639 4968 καί⁸
661 4915 743 4968 δεῖ
768 4915 970 4978 ταύτας
995 4914 1240 4987 ἀκριϐῶς
1268 4915 1615 4982 ἐπίστασθαι,
1648 4915 1789 4972 ὥστε
1823 4916 2017 4987 διαφυ-

360 5004 478 5069 γεῖν
506 5001 670 5056 αὑτοῦ
711 5001 811 5066 τάς
837 5002 1029 5067 λαϐὰς,
1063 5004 1156 5057 καὶ
1187 5003 1458 5074 μηδεμίαν
1485 5002 1633 5074 αὑτῷ
1667 5004 2017 5076 παρείσδυσιν

352 5088 601 5156 ἀφιέναι,
625 5088 762 5144 ἀλλά
787 5089 882 5143 καὶ
905 5087 1149 5159 γλώττης
1177 5089 1461 5160 ἀκρίϐειαν
1483 5089 1899 5155 ἐπιδείκνυσθαι,
1922 5090 2017 5144 καὶ

346 5172 648 5244 ὸφθαλμῶν
704 5175 1040 5244 ἀσφάλειαν,
1086 5177 1181 5230 καὶ
1211 5176 1448 5240 διανοίας
1497 5177 1880 5247 καθαρότητα,
1924 5177 2016 5231 καὶ

344 5259 621 5330 διηνεκῶς
651 5261 942 5329 ἐναγώνιον
964 5257 1123 5327 εἶναι,
1162 5263 1415 5333 καθάπερ
1447 5262 1636 5334 θηρίου
1663 5263 1807 5326 τινὸς
1839 5264 2018 5318 ἐπιόν-

352 5362 469 5410 τος,
508 5348 602 5400 καὶ
622 5347 961 5418 λυμήνασθαι
995 5350 1124 5420 ἡμῖν
1152 5349 1572 5423 ἐπιχειροῦντος.
1608 5350 1706 5403 Διά
1732 5350 1839 5421 γάρ
1858 5351 2016 5406 τοῦτο

345 5432 451 5487 καὶ
476 5434 509 5502 ἡ
543 5433 925 5510 οὐρανομήκης
951 5436 1133 5509 ἐκείνη
1162 5438 1327 5510 ψυχὴ,
1365 5439 1394 5492 6
1427 5436 1533 5491 τῶν
1563 5435 1731 5491 ἐθνῶν
1765 5436 2015 5492 διδάσκα-

350 5518 467 5584 λος,
500 5520 532 5589 ἡ
567 5517 781 5587 γλῶττα
810 5508 907 5592 τῆς
936 5508 1282 5595 οίκουμένης,
1321 5525 1351 5577 6
1383 5523 1523 5596 ὑπὲρ
1558 5523 1659 5594 τῆς
1695 5523 1805 5576 τῶν
1834 5522 2013 5594 μαθη-

416 5674 444 5740 _‘
466 5674 715 5740 SicASavil.
740 5676 864 5739 Reg.
886 5684 940 5726 el
956 5677 1189 5740 Cois!in.;
1219 5680 1369 5729 Morel
1384 5716 1395 5727 .
1416 5678 1581 5728 αὑτοῦ.

346 5736 841 5860 ψῃιὶζωεεῖ
853 5740 938 5787 τὴν
963 5741 1139 5799 πολλὴν
1165 5736 1379 5791 εὐωδίαν.
1406 5742 1535 5792 Infra
1565 5741 1764 5792 Coislin.
1788 5746 1871 5800 τῆς
1889 5740 2011 5790 κατὰ

421 5862 441 5888 τ
467 5858 667 5909 Οήείὶιι.
695 5860 839 5908 πόσαι
874 5859 979 5922 γάρ.

2141 416 2445 487 τευομένων
2477 421 2750 491 σωτηρίας
2787 421 3001 476 ἅπαντα
3032 420 3568 493 πραγματευόμενος,
3604 419 3796 486 εἰπὼν,

2152 503 2504 559 Ἀναλάϐετε
2531 506 2645 575 τὴν
2662 510 3007 563 πανοπλίαν
3019 507 3124 564 τοῦ
3146 507 3313 573 Θεοῦ,
3344 508 3503 562 πάλιν
3527 510 3797 580 ἐπήγαγε,

2139 588 2403 644 πάντοθεν
2438 594 2588 662 ἡμᾶς
2624 594 3005 667 περιφράττων
3028 635 3043 659 ,
3078 595 3172 649 καὶ
3201 593 3533 665 ἀχειρώτους
3571 596 3799 666 ἐργαζό-

2142 692 2321 746 μενος,
2372 677 2514 733 οὑτω
2558 679 2764 750 λέγων’
2816 682 3005 750 Στῆτε
3051 677 3164 737 οὖν
3203 678 3649 750 περιεζωσμένοι
3681 679 3798 750 τὴν

2140 763 2342 834 ὀσφὺν
2375 767 2545 835 ὑμῶν
2570 768 2642 822 ἐν
2669 768 2938 837 ἀληθείᾳ,
2978 770 3076 826 καί
3108 767 3505 837 ἐνδυσάμενοι
3546 768 3655 823 τὸν
3689 768 3797 823 θώ-

2130 867 2291 918 ρακα
2319 850 2430 921 τῆς
2457 854 2714 922 πίστεως
2736 853 2785 922 ά,
2826 857 2921 910 καί
2956 855 3404 925 ὑποδησάμενοι
3428 855 3569 921 τοὺς
3605 854 3798 922 πόδας

2136 938 2208 991 ἐν
2225 939 2535 1009 ἑτοιμασίᾳ
2553 942 2662 995 τοῦ
2688 945 3039 1013 εὐαγγελίου
3066 942 3178 1012 τῆς
3196 930 3461 1012 είρήνής,
3484 941 3583 996 ἐπί
3605 940 3799 997 πᾶσιν

2138 1024 2541 1096 ἀναλαϐόντες
2565 1029 2675 1084 τὸν
2717 1032 2932 1099 θυρεὸν
2967 1029 3077 1099 τῆς
3107 1030 3384 1096 πίστεως,
3420 1029 3492 1084 ἐν
3526 1021 3575 1096 ᾧ
3616 1028 3798 1097 δυνή-

2137 1118 2322 1169 σεσθε
2352 1115 2551 1171 πάντα
2582 1119 2653 1174 τὰ
2674 1118 2833 1185 ,βέλη
2860 1118 2967 1173 τοῦ
2995 1118 3261 1187 πονηροῦ
3297 1116 3369 1171 τὰ
3402 1116 3797 1185 πεπυρωμένα

2136 1201 2371 1266 σϐέσαι,
2398 1202 2495 1256 καὶ
2530 1203 2647 1271 τὴν
2675 1205 3143 1273 περικεφαλαίαν
3160 1204 3267 1258 τοῦ
3298 1203 3593 1272 σωτηρίου
3618 1203 3796 1268 δέξα-

2136 1290 2265 1351 σθε,
2300 1290 2399 1343 καί
2427 1289 2543 1359 τὴν
2562 1291 2863 1360 μάχαιραν
2883 1291 2988 1345 τοῦ
3023 1293 3382 1360 Πνεύματος,
3421 1291 3455 1345 ὅ
3478 1291 3608 1345 ἐστι
3628 1289 3795 1359 ῥῆμα

2138 1374 2306 1429 Θεοῦ.
2325 1372 2477 1439 Εἶδες
2506 1378 2682 1431 πάντα
2700 1378 2769 1432 τὰ
2799 1378 2933 1449 μέλη
2961 1379 3108 1442 ὅπως
3138 1375 3488 1450 περιέφραξε,
3506 1375 3795 1431 καλοκαθά·

2138 1479 2244 1533 περ
2273 1480 2358 1527 τις
2386 1464 2468 1526 είς
2495 1464 2729 1534 πόλεμόν
2756 1481 2875 1518 τινα
2904 1464 3115 1535 μέλλων
3139 1464 3450 1534 ἐξαγαγεῖν,
3474 1463 3617 1518 οὑτω
3645 1462 3793 1535 πρῶ-

2134 1565 2227 1602 τον
2258 1549 2357 1619 μὲν
2383 1552 2451 1621 τῇ
2481 1548 2625 1621 ζώνῃ
2668 1550 3023 1620 ἠσφαλίσατο,
3056 1550 3199 1604 ὥστε
3225 1550 3443 1606 εὔκολον
3484 1546 3623 1605 εἶναι
3663 1552 3794 1622 ἡμῖν

2135 1634 2226 1689 τὸν
2254 1635 2473 1707 δρόμον,
2506 1636 2694 1690 ἔπειτα
2742 1637 2834 1691 τὸν
2862 1637 3087 1708 θώρακα
3117 1637 3360 1692 ἐνέδυσεν
3380 1677 3396 1703 ,
3441 1638 3529 1691 ῖνα
3571 1638 3646 1709 μὴ
3688 1637 3793 1691 ὑπὸ

2134 1722 2245 1775 τῶν
2290 1722 2459 1793 βελῶν
2486 1723 2870 1797 πληττώμεθα,
2914 1725 3010 1779 καὶ
3055 1725 3182 1789 τοὺς
3225 1725 3389 1790 πόδας
3438 1725 3790 1795 ἠσφαλίσατο,

2136 1808 2232 1862 καὶ
2259 1809 2591 1880 πανταχόθεν
2612 1813 2679 1881 τῇ
2701 1811 2879 1865 πίστει
2899 1812 3291 1884 περιέφραξεν;
3316 1812 3462 1883 Αὕτη
3484 1813 3611 1884 7&9,
3630 1813 3790 1883 αῦτη,

2137 1896 2291 1966 φησὶ,
2321 1898 2418 1951 καὶ
2444 1897 2513 1951 τά
2541 1897 2668 1968 βέλη
2697 1896 2790 1952 τοῦ
2826 1899 3063 1969 πονηροῦ
3098 1898 3166 1952 τὰ
3197 1899 3567 1971 πεπυρωμένα
3604 1897 3791 1952 σϐέσαι

2134 1982 2440 2055 δυνήσεται.
2470 1984 2604 2039 Τίνα
2650 1984 2708 2038 δέ
2741 1986 2856 2038 ἐστι
2897 1984 2990 2039 τοῦ
3023 1984 3268 2040 διαϐόλου
3314 1984 3575 2057 τάβέλης
3604 1986 3670 2064 ᾼί
3699 2002 3791 2039 πο.

2135 2070 2296 2140 νηραὶ
2340 2069 2647 2141 ἐπιθυμίαι,
2676 2072 2727 2124 οί
2771 2071 3072 2143 ἀκάθαρτοι
3116 2072 3382 2142 λογισμοὶ,
3414 2071 3486 2126 τά
3531 2071 3677 2142 πάθη
3723 2071 3790 2124 τά

2134 2154 2378 2226 ὀλέθρια,
2416 2156 2608 2228 θυμὸς,
2641 2156 2945 2228 βασκανία,
2971 2158 3191 2229 φθόνος,
3231 2159 3401 2231 ὀργὴ,
3438 2161 3622 2231 μῖσος.
3654 2175 3790 2229 χρηο

2138 2242 2323 2313 μάτων
2366 2242 2631 2314 ἐπιθυμία
2675 2245 2768 2298 καὶ
2813 2247 2846 2315 η
2888 2245 3020 2316 άλλη
3052 2246 3238 2300 ἀπασα
3272 2245 3532 2318 ῥᾳθυμία.
3572 2245 3790 2307 Ταῦτα,

2136 2329 2321 2399 φησὶν,
2357 2331 2572 2385 ἅπαντα
2602 2331 2793 2385 σϐέσαι
2822 2332 3169 2403 δυνήσεταιή
3217 2334 3458 2404 μάχαιρα
3494 2331 3587 2384 τοῦ
3622 2329 3792 2384 Πνεύ-

2137 2433 2328 2487 ματος.
2368 2417 2478 2472 Kal
2518 2418 2573 2472 τί
2613 2418 2757 2487 λέγω
2801 2418 3023 2485 σϐέσαι;
3072 2418 3182 2473 Kal
3212 2418 3309 2490 τὴν
3350 2416 3585 2489 κεφαλὴν
3622 2416 3790 2486 αὑτὴν

2134 2503 2228 2556 τοῦ
2255 2503 2512 2574 πολεμίου
2539 2505 2833 2575 ἀποτεμεῖν
2859 2504 3167 2577 δυνήσεται.
3196 2501 3345 2570 Εἶδες
3376 2504 3490 2567 πῶς
3521 2502 3791 2572 ἐνεύρωσε

2133 2588 2260 2652 τοὺς
2290 2589 2795 2662 μαθητευομένους;
2836 2591 2954 2655 πῶς
2991 2591 3163 2663 κηροῦ
3193 2590 3605 2663 μαλακωτέρους
3632 2588 3789 2653 ὄντας

2134 2675 2353 2747 σιδήρου
2387 2678 2772 2750 στερροτέρους
2809 2681 3135 2752 εἰργάσατο;
3185 2679 3398 2750 Ἐπειδὴ
3431 2677 3540 2748 γάρ
3563 2678 3697 2749 ¹ἡμῖν
3726 2678 3789 2730 οὑ

2135 2763 2271 2835 πρὸς
2298 2758 2436 2835 αἷμα
2460 2765 2555 2818 καὶ
2583 2765 2761 2837 σάρκα
2783 2767 2813 2819 6
2841 2767 3091 2837 πόλεμος,
3121 2765 3257 2821 ἀλλά
3290 2766 3425 2838 πρὸς
3453 2764 3550 2829 τάς
3571 2764 3793 2836 ἀσωμά-

2133 2866 2261 2914 τους
2290 2850 2568 2922 δυνάμεις,
2616 2852 2702 2906 διά
2734 2853 2893 2908 τοῦτο
2927 2854 3049 2907 οὑδὲ
3092 2852 3162 2907 τά
3210 2853 3351 2907 ὅπλα
3395 2855 3525 2925 ἡμῖν
3555 2850 3792 2924 σαρκικά

2135 2937 2476 3009 περιέθηκεν,
2506 2939 2643 2993 ἀλλά
2685 2940 2862 2995 πάντα
2910 2941 3289 3013 πνευματικὰ,
3321 2940 3415 2995 καὶ
3450 2939 3622 3004 οὕτως
3656 2940 3792 2993 ἀπο-

2136 3024 2436 3093 στίλϐοντα,
2481 3024 2622 3079 ὥστε
2656 3028 2790 3100 μηδὲ
2817 3028 2917 3100 τὴν
2955 3028 3021 3082 ἐκ
3070 3027 3278 3083 τούτων
3306 3028 3499 3100 αῐγλην
3546 3028 3790 3097 ἐνεγκεῖν

2131 3109 2391 3165 δύνασθαι
2421 3112 2515 3166 τὸν
2551 3113 2785 3184 πονηρὸν
2818 3115 3023 3168 ἐκεῖνον
3058 3115 3304 3185 δαίμονα.

2204 3215 2319 3289 [ει]
2338 3222 2399 3279 ς’.
2418 3215 2655 3271 Τοιαῦτα
2671 3217 2849 3271 τοίνυν
2864 3219 3003 3272 ὅπλα
3017 3219 3353 3291 ἐνδεδυμένοι
3383 3219 3459 3292 μὴ
3477 3219 3789 3293 φρίττωμεν

2117 3313 2231 3380 -τὴν
2259 3311 2454 3383 πάλην,
2487 3313 2622 3384 μηδὲ
2661 3314 2759 3385 τὴν
2789 3314 3104 3387 συμπλοκὴν
3144 3316 3452 3388 φεύγωμεν,
3491 3318 3625 3371 ἀλλὰ
3655 3319 3790 3389 μηδέ

2134 3410 2484 3482 ρᾳθυμῶμεν.
2534 3412 2743 3483 Ὥσπερ
2780 3412 2887 3485 γάρ
2926 3414 3203 3484 νηφόντων
3234 3415 3391 3488 ημῶν
3418 3416 3517 3470 οὐκ
3555 3416 3621 3471 ἀν
3660 3433 3789 3470 ποτε

2134 3506 2468 3579 περιγένοιτο
2502 3510 2531 3563 6
2563 3509 2798 3580 πονηρὸς
2835 3510 3043 3581 δαίμων
3086 3513 3290 3578 ἐκεῖνος
3329 3513 3425 3586 τῆς
3459 3513 3566 3568 τῶν
3611 3511 3789 3568 ὃπλων

2131 3603 2430 3674 δυνάμεως,
2473 3605 2569 3660 ἐάν
2613 3603 2927 3678 βουλώμεθα
2973 3607 3151 3681 ἄκυρα
3196 3610 3360 3664 αὑτοῦ
3410 3611 3629 3684 ποιῆσαι
3673 3610 3787 3665 τά⁶

2133 3700 2498 3772 μηχανήματα
2518 3715 2531 3728 ·
2560 3699 2730 3767 οὕτως
2755 3701 2849 3760 ἐὰν
2877 3704 3228 3777 ρᾳθυμῶμεν,
3251 3706 3400 3761 οὑδέν
3431 3708 3561 3779 ἡμῖν
3596 3705 3788 3777 δφελος

2130 3795 2306 3861 ἔσται,
2334 3793 2429 3849 τοῦ
2480 3796 2735 3867 πολεμίου
2772 3799 2873 3869 τῆς
2917 3801 3191 3874 ἡμετέρας
3221 3803 3492 3875 σωτηρίας
3527 3803 3787 3875 διηνεκῶς

2128 3892 2513 3961 ἐγρηγορότος,
2545 3893 2640 3947 καὶ
2670 3894 2847 3949 πάντα
2877 3896 3017 3949 κατά
3048 3898 3147 3969 τῆς
3181 3899 3451 3969 σωτηρίας
3479 3899 3636 3969 ἡμῶν
3668 3898 3779 3951 διαο

2129 3978 2529 4049 πραττομένου.
2577 3980 2916 4051 Πανταχόθεν
2949 3984 3127 4036 τοίνυν
3169 3983 3478 4055 όπλίζωμεν
3520 3986 3783 4050 ἑαυτοὺς,

2130 4067 2221 4119 καὶ
2267 4067 2529 4138 ῥημάτων
2580 4067 2903 4137 φειδόμενοι,
2946 4068 3042 4121 καὶ
3078 4069 3416 4141 πραγμάτων
3459 4071 3786 4141 ἀπεχόμενοι

2126 4163 2235 4215 τῶν
2269 4162 2524 4235 βλάπτειν
2574 4163 2721 4235 ἡμᾶς
2755 4162 3100 4232 δυναμένων,
3136 4166 3228 4218 καὶ
3264 4165 3401 4235 μετά
3432 4165 3531 4235 τῆς
3570 4166 3786 4237 ἀποχῆς

2126 4248 2235 4304 τῶν
2259 4250 2583 4322 βρωμάτων,
2607 4251 2700 4303 καὶ
2726 4253 2825 4320 τῆς
2849 4248 3012 4321 ἄλλης
3035 4250 3253 4323 ἀρετῆς,
3273 4252 3367 4305 καὶ
3384 4251 3483 4323 τὴν
3506 4253 3635 4325 περὶ
3660 4256 3784 4319 τοὺς

2127 4339 2364 4409 πένητας
2396 4337 2674 4408 δαψίλειαν
2713 4336 3177 4410 ἐπιδεικνυώμεθα
3209 4337 3254 4406 ί,
3295 4340 3495 4407 εἰδότες
3539 4341 3638 4413 ὅση
3683 4342 3783 4412 τῆς

2128 4425 2256 4496 περὶ
2294 4424 2513 4490 τούτους
2552 4424 2847 4496 θεραπείας
2894 4425 3027 4496 ημῖν
3070 4425 3309 4480 κείσεται
3346 4428 3380 4498 ἡ
3411 4428 3778 4493 ἀνταπόδοσις.

2136 4512 2201 4565 ὀ
2241 4510 2350 4580 γὰρ
2392 4510 2613 4577 ἐλεῶν,
2653 4514 2820 4582 φησὶ,
2861 4512 3128 4582 πτωχὸν,
3168 4511 3415 4574 δανείζει
3458 4513 3598 4580 Θεῷ.
3640 4515 3783 4585 Ὅρα

2122 4598 2334 4654 δανείου
2383 4600 2544 4669 φύσιν
2597 4598 2753 4668 ξένην
2807 4599 2899 4652 καὶ
2947 4598 3264 4672 παράδοξον.
3293 4603 3517 4673 ’Έτερός
3566 4604 3713 4657 ἐστιν
3753 4604 3783 4657 6

2123 4688 2433 4760 λαμϐάνων,
2480 4687 2575 4740 καὶ
2619 4686 2805 4758 ἕτερος
2842 4689 2872 4740 6
2906 4687 2985 4757 τῷ
3029 4687 3224 4759 δανείῳ
3255 4690 3446 4743 ἑαυτὸν
3486 4689 3782 4743 ὑπεύθυνον

2124 4774 2416 4837 καθιστάς
2448 4774 2543 4826 καὶ
2567 4773 2627 4826 οὑ
2677 4773 2836 4826 τοῦτο
2863 4773 3042 4843 μόνον,
3083 4774 3196 4828 ἀλλ’
3236 4776 3315 4828 ὅτι
3344 4776 3437 4829 ἐπὶ
3460 4776 3649 4829 τούτου
3686 4775 3780 4829 τοῦ

2121 4862 2330 4917 δανείου
2362 4862 2463 4914 οὑκ
2490 4859 2636 4914 ἐστιν
2668 4860 3061 4932 ἀγνωμοσύνην
3089 4861 3404 4932 ὑποστῆναι,
3434 4863 3552 4916 οὑδὲ
3590 4863 3782 4935 ἑτέραν

2120 4948 2243 5002 τινα
2284 4946 2505 5019 ζημίαν.
2538 4947 2672 5000 Οὑδέ
2722 4946 2863 5017 γὰρ,
2897 4947 3146 5020 καθάπερ
3175 4947 3440 5012 ἐνταῦθα,
3486 4949 3781 5022 ἑκατοστὴν

2124 5035 2283 5106 μόνον
2311 5034 2649 5104 ὑπισχνεῖται
2675 5032 2865 5087 δώσειν
2886 5035 2932 5101 ⁸,
2957 5032 3095 5087 ἀλλά
3122 5035 3647 5090 ἑκατονταπλασίονα
3669 5036 3780 5091 τῶν

2118 5121 2431 5192 διδομένων,
2472 5121 2563 5174 καὶ
2593 5119 2715 5174 οὑδέ
2744 5120 2906 5191 μέχρι
2936 5120 3129 5175 τούτου
3168 5120 3402 5189 ἵσταται,
3433 5122 3569 5177 ἀλλά
3608 5122 3780 5177 ταῦτα

2123 5210 2219 5279 μὲν
2242 5210 2299 5261 ἐν
2332 5206 2409 5278 τῷ
2432 5206 2680 5278 παρόντι,
2702 5207 2795 5261 καὶ
2832 5210 2890 5261 ἐν
2914 5206 2993 5277 τῷ
3022 5206 3269 5278 μέλλοντι
3297 5209 3350 5262 δὲ
3377 5208 3520 5279 ζωὴν
3542 5210 3777 5265 αἰώνιον.

2120 5295 2228 5349 Kal
2257 5294 2349 5347 ἐπὶ
2406 5293 2504 5365 μὲν
2536 5293 2629 5347 τοῦ
2679 5295 2943 5364 παρόντος
2976 5295 3090 5363 βίου
3137 5297 3189 5350 εἰ
3224 5314 3306 5360 τις
3350 5297 3482 5367 ἡμῖν
3516 5296 3780 5367 ὑπέσχετο

2117 5383 2434 5438 διπλασίονα
2468 5383 2627 5455 μόνον
2656 5381 2768 5436 τῶν
2815 5382 3103 5453 διδομένων
3136 5385 3226 5454 ὑφ’
3268 5384 3425 5456 ⁴ἡμῶν
3455 5388 3776 5457 παρασχεῖν,

2119 5472 2412 5545 προθύμως
2449 5472 2517 5527 ἂν
2541 5471 2756 5528 ἃπασαν
2784 5472 2940 5544 ἡμῶν
2973 5473 3069 5544 τὴν
3102 5474 3333 5546 ὓπαρξιν
3362 5474 3777 5548 προσηκάμεθα,

2180 5611 2207 5651 ἆ
2229 5612 2427 5676 ςρίειὶη.
2450 5614 2531 5663 τὸν
2557 5613 2748 5676 θώρακα
2769 5620 2854 5672 τῆς
2877 5615 3196 5674 δικαιοσύνης.

2186 5673 2310 5741 e_Sjc
2330 5677 2561 5741 quinqpq
2588 5673 2705 5723 m'ss.
2729 5680 2783 5741 οἱ
2811 5673 3159 5741 δεινὶιηλιοτειζ
3200 5697 3212 5741 ι
3259 5678 3515 5741 δυνάμεως,
3555 5678 3657 5727 ἀλλ’
3697 5677 3778 5728 ἐὰν

2122 5734 2414 5800 βουλώμεθα,
2425 5736 2515 5800 καὶ,
2533 5736 2690 5800 ἇ-κυρα
2702 5734 2847 5785 αὑτοῦ
2873 5739 3134 5800 ποιήσομεν
3154 5740 3232 5787 τά.

2192 5794 2213 5861 ξ
2234 5794 2446 5861 ίξοΙὺρΐι.
2469 5794 2743 5861 ςι-(ζοὶὲιὶγη.
2767 5794 3135 5861 ἐπιδεικνύμεθα.

2188 5856 2213 5895 8
2233 5855 2354 5919 Bog.
2385 5863 2438 5907 cl
2461 5858 2656 5908 Coislin.
2681 5860 2974 5922 ὑπισχνεῖται
3005 5855 3156 5910 δόσιν.
3190 5860 3285 5912 Mil
3312 5861 3494 5911 δώσει-ν.
