4104 6196
501 249 569 306 3']
1637 239 1700 294 lN
1737 239 1888 294 CAP.
1932 238 1970 295 1.
2011 238 2254 295 GENES.
2298 238 2525 296 IlOMlL
2571 240 2655 297 lll.
3700 252 3768 308 δε

505 359 572 414 ab
598 371 779 413 errore
799 353 862 408 ad
879 352 1172 414 veritatem,
1190 350 1282 413 ait,
1305 349 1694 415 manuduxerit,
1714 351 1794 404 vel
1816 367 1842 402 a
1864 358 2082 420 peccato

505 453 571 505 ad
605 458 849 504 virtutem
880 447 1176 516 proximum
1205 443 1492 503 induxerit,
1523 457 1619 513 pro
1648 443 1782 496 virili
1815 453 1963 511 parte
1986 443 2074 495 lut-

505 558 660 596 mana
691 557 774 595 me
801 538 1056 594 imitatur.
1088 537 1296 593 Etenim
1318 537 1430 607 ipse
1455 551 1574 591 cum
1599 536 1737 590 Deus
1757 536 1841 597 sit,
1865 544 2083 604 pr0ptcr

505 633 634 688 nihil
659 631 798 686 aliud
828 640 1063 684 nostram
1086 628 1256 683 induit
1283 642 1519 693 carnem,
1543 635 1600 680 et
1625 636 1841 696 propter
1864 625 2080 680 humani

504 723 714 794 generis
755 721 981 776 salutem
1024 718 1193 774 factus
1219 729 1300 773 est
1339 718 1518 774 homo.
1550 717 1655 773 Sed
1694 717 1818 785 quid
1861 732 1961 787 ego
1987 731 2082 771 no-

504 825 668 868 stram
711 813 854 866 illum
884 810 1118 866 induisse
1159 825 1374 865 carnem
1404 809 1544 875 dico,
1582 818 1878 878 cmteraquc
1904 809 2080 862 omnia

503 904 822 958 sustinuisse
867 903 1118 967 humana,
1149 899 1362 970 quando
1396 899 1555 953 etiam
1583 913 1799 954 crucem
1828 899 2080 968 suscepit,

502 1006 556 1049 nt
577 1011 672 1050 nos
693 1002 911 1066 peccato
937 994 1196 1048 obnoxios
1217 1007 1246 1046 a
1273 992 1554 1048 maledicto
1580 992 1867 1046 liberaret?
1898 991 1962 1045 Et
1983 991 2083 1046 hoc

499 1101 710 1158 quoque
756 1085 948 1141 Paulus
998 1084 1211 1151 clamat,
1257 1083 1482 1138 dicens:
1534 1081 1758 1137 Christus
1805 1098 1895 1135 nos
1937 1081 2084 1135 rede-

501 1181 592 1232 mit
641 1197 672 1233 a
720 1178 985 1232 maledicto
1033 1177 1174 1248 legis,
1218 1180 1382 1247 factus
1431 1191 1522 1245 pro
1575 1174 1715 1228 nobis
1762 1173 2084 1227 maledictum

506 1270 645 1343 (Gal.
681 1272 733 1325 '5.
762 1271 872 1340 15).
901 1269 954 1325 Si
986 1270 1144 1339 igitur
1172 1269 1306 1338 ipse,
1329 1269 1416 1337 qui
1449 1268 1586 1321 Deus
1614 1276 1696 1322 est
1720 1277 1774 1322 et
1803 1266 2084 1322 incll'abilis

505 1362 785 1427 essentite,
831 1361 901 1417 ob
953 1361 1333 1431 benignitatem
1377 1360 1694 1415 inell‘abilem
1746 1360 1860 1418 hmc
1906 1360 2083 1418 omnia

505 1461 724 1522 prepter
767 1467 865 1508 nos
907 1460 960 1506 et
999 1462 1214 1522 propter
1256 1452 1480 1507 salutem
1521 1461 1758 1506 nostram
1802 1453 2078 1522 suscepit:

503 1544 629 1613 quid
661 1559 766 1598 non
813 1559 844 1598 a
897 1543 1050 1599 nobis
1079 1559 1288 1614 :equum
1316 1552 1396 1598 est
1423 1552 1675 1613 praestare
1701 1559 1823 1616 erga
1849 1559 1962 1610 eos,
1995 1546 2081 1615 qui

501 1637 709 1704 cognati
735 1644 860 1690 sunt
883 1651 946 1692 ac
968 1636 1201 1691 membra
1235 1645 1435 1699 nostra,
1459 1645 1517 1690 ut
1542 1647 1756 1706 ereptos
1773 1652 1864 1692 eos
1889 1652 1953 1692 ex
1973 1637 2085 1691 dia-

503 1725 606 1780 holi
653 1725 912 1793 faucibus,
946 1727 997 1780 in
1027 1726 1164 1780 viam
1208 1726 1422 1781 virtutis
1451 1725 1810 1782 inducamus?
1851 1727 1983 1782 Nam
2029 1737 2085 1782 ut

501 1818 678 1871 anima
717 1830 944 1888 corpore
973 1817 1308 1886 praestantior
1335 1826 1435 1882 est,
1471 1819 1540 1873 ita
1572 1818 1652 1883 iis,
1681 1819 1770 1888 qui
1799 1819 2078 1888 indigenti-

502 1910 603 1965 bus
647 1911 906 1980 pecunias
951 1918 1005 1965 et
1050 1911 1324 1966 facultates
1375 1911 1740 1981 suppeditant,
1795 1912 2085 1982 majoribus

503 2003 739 2069 przemiis
783 1997 928 2070 digni
975 2011 1098 2054 sunt
1139 2001 1198 2066 ii,
1242 2001 1329 2070 qui
1376 2001 1714 2056 admonendo
1749 2011 1801 2056 et
1832 2002 2082 2057 continue

507 2091 750 2145 docendo
776 2092 828 2144 in
855 2092 995 2145 viam
1024 2102 1226 2146 rectam
1255 2091 1472 2160 supinos
1498 2101 1551 2144 et
1567 2092 1780 2146 desides
1809 2092 2084 2160 inducunt,

508 2179 858 2235 monstrando
885 2181 962 2235 eis
995 2190 1050 2236 et
1071 2181 1319 2234 vitiorum
1349 2179 1741 2235 deformitatem
1771 2220 1786 2248 ,
1818 2190 1872 2236 et
1893 2181 2086 2238 divina:

507 2272 718 2326 virtutis
745 2287 986 2342 magnam
1017 2271 1459 2342 pulchritudinem
1484 2270 1524 2325 ⁸.

453 2429 456 2433 _
573 2365 624 2419 5.
659 2363 875 2418 Moralis
926 2364 1228 2418 exhortatio.
1273 2394 1343 2402 —
1389 2365 1512 2419 llaec
1553 2363 1710 2433 igitur
1741 2364 1917 2418 omnia
1956 2379 2076 2420 cum

499 2456 752 2522 sciamus,
777 2472 886 2526 pra:
911 2457 1156 2511 omnibus
1184 2457 1303 2510 aliis
1322 2456 1476 2525 hujus
1503 2456 1620 2510 vita:
1641 2457 1785 2510 curis
1815 2457 1882 2512 de
1910 2457 2081 2512 salute

501 2549 691 2603 anima:
722 2549 990 2618 proximos
1031 2549 1380 2618 alloquamur,
1413 2547 1656 2603 eamdem
1687 2548 1790 2603 illis
1831 2548 2081 2603 sollicitu-

501 2641 679 2696 dinem
706 2641 1025 2710 ingerentes.
1057 2639 1298 2710 Optabile
1327 2641 1468 2695 enim
1497 2679 1514 2707 ,
1545 2641 1774 2710 optabile
1807 2640 1980 2710 plane,
2027 2649 2085 2694 ut

502 2731 699 2798 anima,
733 2731 817 2785 cui
866 2729 979 2784 haec
1017 2729 1270 2785 continuo
1319 2729 1670 2794 inculcantur,
1703 2730 1870 2800 possit
1900 2727 2084 2785 reduci

500 2835 568 2876 ex
607 2820 803 2891 abysso
828 2821 1114 2888 malorum,
1145 2820 1196 2874 in
1230 2835 1452 2890 quorum
1487 2819 1664 2876 medio
1710 2835 2004 2887 versamur,
2033 2830 2088 2876 et

499 2926 843 2982 compescere
884 2911 1167 2968 affectuum
1195 2952 1212 2977 ,
1257 2912 1346 2981 qui
1399 2920 1660 2981 perpetuo
1705 2911 1938 2966 animam
1991 2926 2088 2967 no-

502 3012 668 3057 stram
710 3002 982 3067 infestant,
1026 3002 1390 3058 rebellionem.
1421 3001 1624 3058 Idcirco
1667 3003 1822 3058 nobis
1846 3018 1980 3074 opus
2005 3011 2088 3059 est

500 3109 690 3164 magna
734 3094 1024 3164 vigilantia,
1062 3094 1313 3165 quoniam
1352 3101 1405 3149 et
1446 3093 1757 3150 continuum
1801 3095 1956 3150 nobis
2002 3105 2086 3150 est

501 3186 724 3251 bellum,
770 3194 825 3241 et
871 3185 1096 3241 induciae
1138 3185 1299 3240 nulla:
1331 3203 1343 3240 :
1375 3185 1600 3257 ideoque
1637 3185 1834 3240 Paulus
1875 3185 2085 3241 dicebat

499 3281 747 3352 Ephesiis
787 3281 1028 3337 scribens
1069 3299 1082 3336 :
1115 3280 1232 3335 Non
1262 3290 1332 3336 est
1366 3281 1508 3336 nobis
1537 3281 1826 3338 colluctatio
1846 3282 2086 3339 adversus

498 3377 794 3444 sanguinem
824 3384 868 3428 et
911 3391 1133 3442 carnem,
1160 3375 1250 3430 sed
1277 3375 1512 3429 adversus
1539 3375 1869 3446 principatus,
1900 3375 2081 3428 adver-

500 3484 584 3520 sus
605 3475 890 3536 potestates,
919 3467 1157 3520 adversus
1199 3466 1375 3519 mundi
1403 3467 1654 3530 dominos,
1684 3476 1899 3519 rectores
1945 3475 2084 3519 tene-

500 3557 706 3609 brorum
741 3558 910 3610 seaculi
939 3557 1112 3626 hujus,
1144 3556 1387 3608 adversus
1414 3555 1702 3626 spirituales
1745 3555 1989 3620 nequitias
2033 3556 2086 3609 in

501 3647 778 3698 crrlestibus
805 3643 1017 3713 (Ephes.
1051 3643 1105 3698 6.
1137 3643 1250 3711 12).
1284 3642 1360 3696 Ne
1386 3642 1723 3708 existimetis,
1753 3642 1848 3706 ait,
1871 3642 2087 3712 vulgare

504 3733 656 3788 nobis
684 3741 950 3787 certamen
981 3734 1199 3802 proponi
1235 3749 1248 3786 :
1279 3746 1383 3786 non
1415 3730 1672 3786 adversus
1719 3731 1959 3801 ejusdem
1986 3747 2084 3804 ge-

477 3825 645 3886 neris
674 3823 1008 3879 adversarios
1037 3824 1189 3879 nobis
1215 3832 1297 3880 est
1321 3831 1613 3889 certamen,
1646 3839 1818 3895 neque
1844 3840 1909 3878 ex
1931 3840 2085 3895 aequo

504 3903 770 3972 exercitus
797 3925 980 3970 noster
1009 3916 1297 3971 instructus
1327 3925 1430 3970 est.
1460 3915 1568 3970 Nos
1595 3916 1736 3970 enim
1772 3917 1860 3986 qui
1892 3931 2085 3986 corpo.

501 4009 647 4064 ribus
671 4024 856 4064 sumus
882 4009 1102 4076 annexi,
1135 4009 1184 4063 in
1222 4023 1338 4063 acte
1365 4008 1610 4063 collocati
1645 4023 1846 4074 sumus,
1880 4019 1935 4063 ut
1961 4025 2082 4065 cum

503 4099 835 4169 incorporeis
861 4099 1141 4154 virtutibus
1173 4099 1521 4170 conﬂigamus
1551 4116 1564 4152 :
1591 4098 1685 4154 sed
1714 4115 1780 4154 ne
1813 4100 2081 4156 timeatis:

500 4207 622 4247 nam
649 4190 774 4246 licet
802 4190 1078 4261 inzequalis
1121 4188 1192 4244 sit
1231 4203 1428 4261 pugna,
1474 4203 1663 4258 magna
1696 4197 1872 4244 tamen
1901 4205 2084 4244 anno-

503 4298 622 4337 rum
651 4291 952 4335 nostrorum
975 4282 1140 4335 virtus
1165 4290 1266 4335 est.
1298 4280 1580 4350 Subjungit
1606 4281 1748 4334 enim
1776 4281 1910 4348 huic,
1933 4283 2082 4349 quasi

499 4373 737 4430 diceret:
762 4372 1020 4441 Quoniam
1037 4374 1260 4426 novistis
1284 4372 1513 4427 hostium
1540 4383 1802 4438 naturam,
1827 4390 1893 4428 ne
1909 4375 2086 4430 animo

499 4465 811 4530 concidatis,
839 4480 905 4520 ne
931 4465 1239 4534 torpescatis
1256 4463 1320 4519 ad
1341 4480 1592 4535 pugnam;
1616 4465 1731 4530 scd,
1760 4464 1976 4535 Propter
1994 4467 2088 4521 hoc

499 4559 734 4627 suscipite
742 4566 1049 4612 armaturam
1067 4555 1239 4624 Dei,ut
1250 4557 1446 4626 possitis
1462 4557 1685 4611 resistere
1698 4557 1892 4612 insidiis
1904 4558 2090 4613 diaboli

500 4651 718 4722 (Ephes.
761 4650 814 4706 6.
845 4648 957 4720 ll).
987 4648 1163 4704 Multa:
1214 4649 1355 4704 enim
1397 4648 1514 4718 ejus
1561 4658 1685 4703 sunt
1719 4647 1944 4714 insidiae,
1980 4647 2083 4705 hoc

500 4752 584 4796 est
614 4742 732 4808 vim,
765 4756 860 4811 per
895 4755 1028 4811 quas
1051 4739 1464 4810 negligentiores
1492 4739 1831 4810 supplantare
1857 4740 2042 4793 nititur
2069 4757 2085 4795 :

501 4846 634 4901 quas
675 4830 957 4902 diligenter
986 4845 1313 4901 cognoscere
1336 4843 1511 4898 epene
1537 4830 1764 4900 pretium
1792 4837 1892 4894 est,
1924 4830 1992 4883 ita
2024 4838 2084 4883 ut

503 4921 812 4992 effugiamus
832 4921 946 4993 ejus
965 4929 1205 4988 conatus,
1229 4929 1283 4976 et
1303 4921 1506 4975 nullum
1530 4920 1630 4990 ipsi
1654 4920 1948 4990 ingressum
1969 4935 2092 4991 per-

504 5013 793 5068 mittamus.
808 5013 944 5082 Quin
961 5023 1014 5069 et
1030 5013 1222 5082 linguze
1239 5011 1463 5082 diligens
1475 5009 1718 5066 habenda
1729 5019 1809 5066 est
1828 5011 2089 5081 custodia,

427 5175 432 5180 _
505 5115 556 5159 et
575 5105 710 5160 oculi
739 5105 1009 5162 muniendi
1035 5113 1180 5171 sunt,
1202 5114 1256 5160 et
1281 5119 1430 5158 mens
1447 5102 1738 5173 purganda,
1762 5111 1814 5157 et
1831 5112 2088 5174 perpetuo

509 5196 574 5248 ad
606 5212 828 5266 pugnam
871 5205 1088 5268 paratos
1117 5209 1236 5249 esse
1283 5194 1557 5256 convenit,
1597 5193 1748 5263 quasi
1775 5193 1880 5247 fera
1911 5193 2086 5261 aliqua

511 5301 609 5340 nos
638 5285 886 5351 invadat,
916 5296 970 5342 et
994 5287 1190 5342 laedere
1214 5293 1456 5340 conetur.
1494 5283 1719 5352 Propter
1746 5281 1888 5353 quod
1929 5281 2088 5336 etule-

507 5378 608 5433 stis
637 5377 722 5432 illa
740 5379 934 5445 anima,
959 5379 1146 5435 doctor
1166 5378 1422 5448 gentium,
1449 5377 1624 5446 lingua
1642 5375 1806 5438 orbis,
1833 5373 1963 5428 nihil
1986 5388 2084 5429 nor

512 5482 676 5540 agens
701 5483 798 5538 pro
823 5469 996 5524 salute
1024 5469 1424 5540 discipulorum,
1455 5476 1734 5539 postquam
1766 5465 1919 5531 dixit,
1952 5466 2073 5521 Acci

572 5645 591 5676 ⁵
623 5649 841 5712 Quinque
865 5653 992 5702 Mss,
1017 5643 1185 5694 bonum
1203 5646 1415 5706 odorem,
1441 5658 1543 5708 pro,
1569 5641 1991 5707 pulchritudinem.

2194 358 2300 419 ptte
2318 360 2631 406 armaturam
2676 352 2768 407 Dei
2792 371 2809 418 ;
2840 343 3030 410 iterum
3059 353 3293 427 subiicit,
3321 367 3376 414 et
3404 374 3502 415 nos
3532 363 3764 434 undique

2189 443 2454 509 muniens,
2508 453 2558 498 et
2609 445 2832 498 invictos
2879 446 3100 515 faciens,
3133 449 3212 505 sic
3234 450 3361 506 dicit
3399 470 3414 507 :
3451 451 3594 508 State
3613 457 3766 526 igitur

2168 533 2398 599 accincti
2445 536 2628 590 lutulu's
2668 538 2840 590 vestris
2877 539 2930 592 in
2972 542 3206 608 veritate,
3236 552 3281 596 et
3309 545 3472 598 induti
3513 549 3764 602 thoracem

2187 625 2308 693 fidei
2336 626 2373 690 ¹,
2402 635 2448 680 et
2476 627 2683 681 calceati
2722 628 2870 698 pedes
2907 639 3093 685 vestros
3117 633 3167 684 in
3200 637 3568 704 praeparatione
3609 655 3764 692 evan-

2186 716 2304 785 gelii
2347 718 2504 786 pacis.
2553 717 2618 772 In
2665 718 2892 780 omnibus
2935 723 3171 776 assumite
3194 733 3389 778 scutum
3424 727 3563 792 fidet,
3590 729 3643 782 in
3670 746 3768 798 quo

2187 809 2388 878 possitis
2424 810 2594 864 omnia
2627 811 2726 865 tela
2769 812 2908 866 illius
2951 813 3109 884 ignita
3133 817 3466 886 exstinguere,
3495 830 3542 874 et
3565 823 3766 892 galeam

2186 898 2427 952 salutaris
2455 900 2684 970 accipite,
2706 910 2752 954 et
2777 901 3003 970 gladium
3033 901 3276 972 Spiritus,
3307 907 3442 974 quod
3465 918 3538 962 est
3563 912 3765 966 verbum

2189 988 2284 1044 Dei
2331 989 2546 1062 (Ephes.
2585 991 2638 1046 6.
2689 991 2918 1064 14-17).
2969 992 3159 1049 Vidisti
3211 997 3480 1065 quomodo
3527 1002 3764 1056 omnium

2190 1082 2428 1136 membra
2473 1083 2790 1148 muniverit,
2821 1094 2874 1139 et
2899 1085 3045 1154 quasi
3087 1085 3137 1139 in
3170 1088 3408 1154 prazlium
3458 1107 3765 1161 egressuros

2191 1172 2419 1240 primum
2445 1189 2578 1228 zona
2605 1174 2802 1244 cingat,
2827 1189 2934 1244 quo
2965 1177 3330 1245 expeditiores
3353 1180 3520 1236 simus
3559 1183 3624 1237 ad
3645 1198 3766 1238 cur-

2188 1275 2342 1329 sum;
2375 1263 2496 1318 dein
2538 1263 2719 1318 induat
2746 1279 2844 1319 nos
2883 1265 3121 1332 thorace,
3150 1283 3217 1323 ne
3245 1283 3274 1322 a
3298 1269 3490 1338 jaculis
3518 1273 3768 1329 vulnere-

2189 1369 2327 1419 mur,
2362 1353 2455 1409 sed
2479 1364 2532 1410 et
2558 1355 2719 1424 pedes
2747 1357 2990 1421 munivit,
3021 1366 3076 1412 et
3100 1359 3336 1430 undique
3362 1363 3590 1417 armavit
3619 1363 3763 1420 ﬁde?

2192 1443 2337 1512 llzrc,
2372 1445 2466 1510 ait,
2515 1445 2629 1501 hmo
2656 1446 2815 1516 ignita
2843 1446 2942 1502 tela
2974 1447 3144 1502 hostis
3179 1451 3518 1522 exstinguere
3549 1457 3764 1523 poterit.

2189 1535 2441 1602 Qumnam
2466 1545 2640 1591 autem
2661 1546 2785 1591 sunt
2817 1538 2917 1592 tela
2945 1538 3181 1594 diaboli?
3207 1540 3356 1596 Malze
3382 1545 3764 1614 concupiscen-

2192 1626 2297 1691 tizc,
2328 1627 2611 1682 immundte
2629 1630 2999 1698 cogitationes,
3023 1633 3309 1702 perniciosi
3331 1633 3573 1700 affectus,
3597 1636 3764 1704 furor,

2190 1717 2502 1784 invidentia,
2533 1719 2749 1786 invidia,
2775 1721 2873 1788 ira,
2897 1721 3101 1789 odium,
3127 1726 3364 1793 pecunim
3385 1730 3767 1798 concupiscen-

2192 1813 2281 1878 tia,
2311 1821 2365 1868 et
2401 1821 2591 1868 cmtera
2619 1815 2792 1868 omnis
2821 1814 3046 1884 ignavia.
3079 1817 3222 1881 lla~c,
3250 1819 3342 1884 ait,
3371 1821 3548 1874 omnia
3573 1822 3770 1876 exstin'

2187 1917 2352 1972 gnere
2390 1904 2579 1972 poterit
2624 1904 2831 1974 gladius
2871 1905 3116 1976 Spiritus.
3147 1907 3216 1962 Et
3240 1908 3366 1978 quid
3395 1910 3534 1978 dico,
3561 1913 3769 1966 exstin-

2190 1993 2388 2062 guere?
2435 1992 2608 2047 Etiam
2648 1995 2819 2063 ipsum
2865 1994 3032 2050 hostis
3073 2008 3229 2066 caput
3252 2008 3527 2068 amputare
3551 2001 3768 2056 valebit.

2196 2083 2381 2138 Vidisti
2423 2085 2692 2154 quomodo
2721 2085 2989 2140 roboravit
3021 2087 3307 2156 discipulos
3332 2091 3356 2144 ?
3383 2092 3652 2160 quomodo
3678 2109 3772 2149 eos

2192 2183 2346 2228 antea
2371 2190 2492 2229 cera
2516 2175 2810 2242 molliores,
2840 2175 2980 2231 ferro
3004 2175 3250 2232 fortiores
3270 2179 3441 2234 cll‘ecit
3463 2181 3486 2233 ?
3509 2181 3769 2247 Quoniam

2192 2265 2334 2320 enim
2360 2265 2514 2321 nobis
2537 2265 2731 2320 bellum
2749 2276 2850 2330 est,
2881 2283 2986 2321 non
3009 2266 3264 2324 adversus
3309 2285 3524 2326 carnem
3550 2283 3602 2327 et
3644 2288 3771 2328 san-

2191 2356 2422 2426 guinem,
2443 2357 2535 2411 sed
2553 2354 2806 2412 adversus
2826 2358 3164 2426 incorporeas
3186 2359 3440 2416 virtutes:
3469 2362 3588 2417 ideo
3604 2379 3776 2433 neque

2191 2446 2490 2502 carnalibus
2512 2461 2610 2501 nos
2637 2447 2801 2502 armis
2818 2449 3061 2514 munivit,
3093 2449 3184 2504 sed
3211 2465 3358 2505 arma
3389 2461 3564 2508 nostra
3596 2457 3773 2510 omnia

2191 2538 2488 2608 Spiritualia
2534 2548 2677 2603 sunt,
2727 2540 2805 2594 sic
2847 2539 3129 2610 radiantia,
3178 2553 3236 2598 ut
3281 2558 3466 2600 eorum
3508 2545 3768 2618 fulgorem

2191 2630 2400 2688 daemon
2434 2633 2519 2688 ille
2545 2633 2714 2687 malus
2739 2632 2880 2689 ferre
2907 2643 3156 2705 nequeat.

2263 2726 2316 2782 6.
2350 2727 2569 2790 Talibus
2603 2727 2762 2798 igitur
2797 2728 2961 2782 armis
2988 2727 3194 2793 induti,
3224 2745 3291 2786 ne
3331 2731 3643 2788 horreamus
3670 2749 3770 2804 pu-

2191 2832 2373 2888 gnam,
2421 2834 2488 2873 ne
2533 2819 2791 2890 fugiamus
2828 2833 3216 2890 congressum;
3260 2822 3353 2876 sed
3398 2837 3571 2892 neque
3604 2825 3774 2894 ignavi

2195 2909 2386 2964 simus.
2417 2908 2548 2964 Nam
2602 2909 2758 2978 sicut,
2789 2909 2944 2965 nobis
2976 2910 3332 2981 vigilantibus,
3382 2913 3644 2983 malignus
3670 2915 3778 2969 da:-

2190 3015 2316 3056 mon
2347 3015 2634 3071 numquam
2661 3015 2931 3056 armorum
2963 3010 3267 3056 nostrorum
3307 3003 3484 3058 virtuti
3518 3005 3773 3075 prazvalc-

2193 3091 2291 3158 bit,
2319 3090 2364 3146 si
2397 3092 2719 3147 voluerimus
2748 3093 2926 3148 irritas
2949 3091 3128 3149 facere
3154 3094 3270 3164 ejus
3297 3096 3714 3153 machinationes
3732 3091 3780 3152 ’Ξ

2189 3177 2266 3231 sic
2319 3176 2364 3231 si
2409 3175 2626 3232 desides
2669 3176 2942 3242 fuerimus,
2998 3177 3143 3233 nulla
3183 3178 3339 3233 uobis
3386 3180 3584 3236 utilitas
3636 3182 3774 3248 erit;

2189 3267 2616 3339 quandoquidem
2638 3267 2884 3324 inimicus
2903 3267 3088 3323 salutis
3115 3278 3314 3324 nostr:e
3345 3287 3630 3342 numquam
3652 3272 3778 3328 dor-

2190 3359 2359 3423 milat,
2383 3368 2438 3413 et
2457 3359 2658 3427 omnia,
2687 3375 2805 3429 qua:
2833 3359 2992 3414 saluti
3025 3369 3221 3415 nostra:
3255 3360 3470 3429 obsunt,
3499 3372 3769 3432 operatur.

2191 3447 2436 3516 Undique
2485 3448 2644 3518 igitur
2695 3463 2965 3502 armemus
3025 3463 3123 3503 nos
3169 3450 3315 3518 ipsos
3351 3493 3368 3519 ,
3418 3460 3474 3508 et
3515 3468 3543 3506 a
3596 3455 3778 3511 verbis

2193 3545 2574 3603 temperemus,
2605 3543 2660 3588 ct
2698 3537 2766 3590 ab
2812 3537 3063 3602 Operibus
3107 3539 3486 3602 abstineamus,
3537 3556 3655 3610 qua:
3681 3558 3780 3599 nos

2192 3622 2388 3676 laedere
2435 3631 2690 3692 possunt;
2743 3631 2798 3678 et
2843 3638 2966 3678 cum
3018 3623 3338 3680 abstinentia
3377 3642 3407 3682 a
3457 3628 3609 3695 cibis,
3668 3640 3781 3684 tum

2189 3712 2412 3767 aliarum
2441 3713 2693 3768 virtutum
2719 3753 2737 3782 ,
2785 3721 2894 3768 tum
2925 3713 3254 3770 liberalitatis
3284 3717 3337 3772 in
3368 3709 3624 3789 pauperes
3652 3737 3749 3794 spe
3762 3755 3777 3760 --

2189 3804 2362 3862 cimen
2389 3803 2734 3860 exhibeamus
2765 3823 2778 3859 :
2806 3803 3035 3861 scientes
3072 3816 3267 3878 quanta
3300 3808 3453 3865 nobis
3482 3826 3688 3868 merces
3709 3813 3784 3868 ob

2188 3909 2371 3951 curam
2400 3894 2504 3949 illis
2521 3894 2808 3950 exhibitam
2839 3896 3068 3964 reposita
3093 3897 3179 3950 sit.
3198 3896 3350 3962 Nam,
3376 3898 3477 3966 Qui
3496 3902 3779 3969 miseretur,

2190 3987 2300 4052 ait,
2344 3985 2586 4057 pauperi,
2636 3987 2911 4058 fceneratur
2953 3985 3062 4040 Deo
3116 3987 3311 4056 (Prov.
3344 3989 3586 4062 19.17).
3646 3995 3781 4051 Vide

2191 4091 2367 4132 usura:
2393 4091 2568 4131 raram
2597 4085 2838 4131 naturam
2859 4117 2874 4143 ,
2907 4084 2962 4131 ct
2989 4077 3375 4135 admirabilem.
3406 4082 3555 4137 Alius
3580 4094 3663 4138 est
3687 4087 3778 4155 qui

2190 4169 2401 4236 accipit,
2433 4177 2488 4223 et
2512 4169 2646 4224 alius
2666 4169 2756 4238 qui
2785 4182 2845 4224 se
2875 4168 3053 4225 dando
3081 4167 3270 4226 [ωηοτί
3297 4171 3584 4228 obnoxium
3613 4175 3736 4231 facit
3760 4193 3777 4243 ;

2192 4277 2364 4330 neque
2407 4261 2509 4316 hoc
2552 4261 2724 4316 solum
2760 4261 3130 4331 spectandum,
3179 4262 3271 4318 sed
3321 4265 3482 4320 etiam
3530 4266 3672 4336 quod
3725 4269 3778 4323 in

2194 4352 2298 4408 hoc
2344 4368 2517 4406 usura:
2555 4367 2752 4423 genere
2797 4368 2972 4422 neque
3002 4353 3264 4424 ingratum
3291 4355 3560 4422 animum,
3605 4372 3782 4428 neque

2195 4443 2359 4498 ullum
2381 4443 2520 4498 aliud
2545 4443 2794 4498 damnum
2812 4445 3171 4515 experiamur.
3195 4446 3376 4517 Neque
3402 4449 3565 4513 enim,
3589 4464 3779 4519 quem-

2193 4534 2477 4590 admodum
2509 4534 2615 4603 hic,
2657 4536 3001 4592 centesimam
3049 4536 3122 4610 (a)
3175 4539 3346 4594 solum
3379 4542 3657 4610 promittit,
3684 4543 3778 4598 sed

2195 4627 2442 4697 centuplo
2482 4627 2631 4698 plura
2661 4628 2824 4695 datis,
2857 4643 2957 4684 nec
2983 4629 3155 4683 solum
3186 4630 3436 4698 centuplo
3464 4631 3632 4700 plura,
3681 4632 3777 4687 sed

2194 4720 2311 4774 hmo
2338 4720 2532 4776 dantur
2561 4720 2613 4775 in
2639 4719 2888 4790 praesenti
2930 4720 3056 4784 vita,
3110 4720 3162 4773 in
3209 4718 3386 4773 futuro
3437 4732 3614 4776 autem
3671 4723 3778 4778 vita

2195 4822 2415 4868 mterna.
2471 4812 2537 4866 Et
2576 4812 2629 4866 in
2677 4811 2922 4881 praesenti
2973 4809 3185 4880 quidem
3214 4810 3337 4876 vita,
3381 4812 3427 4867 si
3463 4813 3582 4882 quis
3625 4814 3782 4869 nobis

2197 4905 2367 4958 solum
2395 4901 2622 4971 duplicia
2665 4901 3006 4970 polliceretur
3035 4915 3132 4970 pro
3168 4901 3232 4957 iis
3269 4918 3388 4973 qua:
3415 4918 3444 4956 a
3473 4903 3624 4958 nobis
3650 4902 3782 4959 dan-

2197 5007 2306 5067 tur,
2337 4995 2506 5068 parati
2545 5009 2785 5050 cssemus
2815 4993 2888 5049 illi
2917 4987 3128 5050 omnem
3159 5004 3392 5051 nostram
3431 4995 3778 5053 substantiam

2263 5199 2280 5232 ¹
2316 5194 2528 5253 Coislin.,
2551 5188 2766 5252 Iustititv,
2792 5204 2896 5253 pro.
2921 5189 3055 5254 fidei.

2263 5263 2284 5294 θ
2317 5248 2628 5323 5ἱορυὶιῂίυο
2649 5248 2831 5323 ωεξηςξι
2855 5248 2997 5323 δείλίι.
3022 5259 3075 5322 in
3110 5248 3272 5323 litorei.
3294 5257 3468 5320 autem.
3477 5251 3543 5323 ita
3566 5249 3782 5323 legeba-

2199 5329 2280 5375 ωι-
2304 5335 2318 5370 :
2352 5311 2524 5382 Virtuti
2546 5311 2838 5382 prtvvalebit,
2860 5314 2965 5371 sed,
2990 5311 3033 5363 si
3054 5312 3356 5368 voluerimus,
3378 5311 3540 5362 irritus
3555 5311 3784 5377 faciemus

2199 5383 2306 5446 ejus
2326 5379 2728 5446 machinationes.
2748 5445 2757 5446 ί
2785 5414 2792 5420 .

2266 5448 2337 5508 (a)
2366 5445 2679 5495 Ccntesimam
2713 5444 2815 5506 (Gr.
2848 5441 3151 5508 tuaroorﬁv).
3189 5456 3207 5488 α
3245 5441 3462 5501 Allndit,
3489 5443 3652 5507 inquit
3683 5447 3755 5497 Sa-

2203 5503 2394 5567 vil.,'ad
2419 5521 2580 5570 usura
2612 5503 2771 5570 genus
2816 5503 3187 5570 usitatissimum
3232 5507 3406 5566 priscis
3443 5503 3753 5570 temporibus

2203 5564 2336 5631 quod
2357 5564 2908 5631 centesimadicebatur,
2936 5564 3065 5631 quod
3089 5564 3288 5631 centum
3313 5564 3565 5618 mensibus
3585 5581 3763 5619 sortcn-

2204 5627 2435 5694 aequaret.
2470 5644 2487 5676 ι
2516 5627 2639 5677 Vide
2661 5628 2800 5676 'l‘omi
2827 5627 2973 5690 hujus
2995 5627 3136 5677 Praef.
3161 5629 3188 5693 ὃ
3212 5627 3268 5678 ν.
