4094 6204
559 301 626 356 39
1319 304 1374 360 S.
1406 306 1682 366 JOANNIS
1719 311 2193 372 CllliYSOSTONlI
2234 320 2548 384 ARCIHEP.
2578 331 3109 402 CONSTANTINOP.

557 412 786 479 offerre,
839 413 1046 468 tametsi
1091 428 1232 484 saepe
1278 418 1426 472 multi
1460 419 1648 490 ingrati
1677 425 1804 490 sint,
1852 427 2140 498 multzeque

558 504 666 557 sint
689 519 970 559 avarorum
1002 504 1234 561 fraudes.
1261 507 1468 564 Etenim
1501 513 1713 581 plurimi
1746 517 1832 585 qui
1864 517 2013 586 probi
2045 519 2140 573 ha-

557 593 767 660 bentur,
817 594 1052 649 debitum
1098 613 1205 653 non
1243 600 1474 669 solvunt,
1507 603 1588 657 vel
1619 607 1758 673 quod
1791 609 1978 679 ingrati
2010 611 2137 678 sint,

557 688 634 741 vel
682 701 825 754 sa-pe
867 687 1042 757 inopia
1088 691 1421 759 prohibente.
1470 695 1620 751 Circa
1655 699 1932 756 Dominum
1960 712 2135 758 autem

547 777 787 831 omnium
816 779 944 832 nihil
977 779 1280 850 lmjusmodi
1305 786 1706 856 suspicandum,
1751 793 1845 847 sed
1887 802 1941 848 et
1985 797 2134 866 capi-

545 870 667 924 talis
696 885 903 925 summa
934 871 985 925 in
1016 881 1126 927 tuto
1152 881 1253 940 est,
1299 885 1352 930 et
1376 880 1676 948 centuplum
1707 884 1790 938 iiie
1815 886 2136 953 promittitur

545 962 816 1028 dantibus,
857 975 912 1019 et
940 967 991 1020 in
1043 965 1276 1022 futurum
1323 970 1428 1024 vita
1473 981 1672 1027 a-terna
1703 976 1854 1032 nobis
1885 992 2132 1034 reserva-

546 1067 651 1113 tur.
701 1057 831 1123 Qua:
875 1057 1034 1127 igitur
1080 1061 1234 1114 nobis
1277 1061 1519 1118 defensio
1560 1067 1682 1131 erit,
1718 1070 1760 1123 si
1802 1071 2130 1142 negligentes

542 1146 815 1212 fuerimus,
849 1157 904 1203 et
931 1164 1034 1203 non
1066 1149 1491 1208 festinaverimus
1528 1159 1773 1228 centupla
1815 1175 1910 1229 pro
1947 1164 2129 1232 paucis

541 1240 804 1308 accipere,
849 1251 903 1295 et
934 1258 1028 1310 pro
1057 1244 1405 1309 prtesentibus
1435 1245 1627 1314 futura,
1655 1259 1709 1304 et
1734 1267 1830 1320 pro
1862 1262 2127 1323 tempora-

540 1328 678 1384 libus
703 1339 898 1385 a-terna
925 1349 939 1396 ;
970 1333 1062 1386 sed
1093 1333 1298 1402 placide
1328 1338 1578 1405 pecunias
1604 1339 1779 1409 januis
1805 1351 1860 1397 ct
1891 1347 2127 1402 vectibus

541 1423 933 1489 incluserimus,
977 1434 1029 1479 et
1059 1426 1412 1496 indigentibus
1459 1445 1562 1485 non
1605 1435 2017 1503 expendcrimus
2064 1455 2126 1494 ea

537 1529 656 1582 qua:
697 1513 766 1567 ibi
818 1515 962 1568 nullo
1020 1531 1118 1570 usu
1167 1526 1217 1572 et
1269 1527 1469 1576 temere
1506 1523 1707 1592 jacent,
1760 1536 1817 1581 ut
1867 1528 1919 1582 in
1950 1527 2125 1586 futuro

536 1604 735 1658 sa-culo
773 1621 958 1660 eorum
999 1608 1234 1663 subsidia
1272 1613 1648 1670 inveniamus?
1702 1617 1899 1687 Facite,
1932 1622 2120 1694 inquit,

536 1694 673 1748 vobis
717 1695 906 1749 amicos
952 1713 1014 1751 ea:
1055 1715 1341 1756 mammona
1379 1703 1655 1775 iniquitatis
1687 1724 1705 1760 :
1733 1718 1787 1763 ut
1833 1727 1947 1766 cum
1985 1713 2121 1784 ἀνίει

535 1785 724 1851 seritis,
766 1787 1009 1856 recipiant
1035 1805 1120 1843 vos
1151 1791 1201 1844 in
1228 1802 1416 1847 (eterna
1447 1795 1772 1853 tabernacula
1824 1801 1993 1872 (Luc.
2033 1805 2120 1860 16.

535 1874 613 1946 9).
663 1878 805 1942 Seio,
854 1880 1050 1935 multos
1080 1898 1187 1936 non
1222 1884 1382 1939 modo
1407 1901 1511 1940 non
1538 1888 1848 1960 adstipulari
1877 1893 1962 1954 iis.
2004 1912 2121 1964 qua:

531 1981 560 2019 a
593 1967 744 2022 nobis
769 1983 909 2023 nunc
937 1982 1063 2025 sunt
1092 1972 1256 2038 dicta,
1293 1975 1386 2030 sed
1425 1979 1586 2033 etiam
1615 1997 1676 2036 ea
1706 1991 1761 2036 ut
1793 1983 2037 2040 delirium
2067 1997 2122 2043 et

533 2055 758 2111 fabulam
805 2060 1106 2128 audientes,
1154 2064 1330 2120 verbis
1377 2071 1572 2124 nostris
1616 2072 1834 2128 minime
1878 2091 1999 2131 esse
2041 2088 2120 2134 at-

533 2158 728 2204 tentos.
757 2151 904 2207 Unde
933 2169 1032 2223 ego
1053 2156 1262 2210 crucior
1289 2168 1342 2213 et
1367 2159 1546 2228 doleo,
1572 2164 1712 2231 quod
1741 2181 1912 2237 neque
1941 2185 2117 2226 rerum

527 2243 878 2309 experientia,
935 2259 1106 2314 neque
1146 2253 1306 2300 tanta'
1345 2248 1436 2304 Dei
1484 2253 1885 2322 promissiones,
1944 2274 2118 2330 neque

527 2333 685 2388 timor
739 2335 1078 2403 futurorum,
1143 2354 1318 2409 neque
1364 2345 1686 2412 quotidianae
1728 2347 2117 2410 admonitiones

526 2433 720 2477 nostra:
761 2427 899 2496 apud
948 2427 1080 2483 tales
1109 2431 1395 2501 quidquam
1424 2435 1721 2503 proficiant.
1771 2439 1888 2495 Non
1938 2452 2113 2501 tamen

522 2514 766 2579 cessabo,
817 2517 978 2570 etiam
1030 2517 1128 2583 sic,
1179 2521 1246 2575 ab
1295 2521 1398 2577 hoc
1437 2523 1613 2580 dando
1655 2530 1901 2597 consilio,
1945 2533 2116 2594 donec

525 2620 617 2660 eos
665 2607 957 2674 frequentia
1001 2610 1322 2666 monitorum
1369 2626 1685 2684 superatos,
1751 2631 1982 2680 attentos
2029 2638 2083 2683 at

522 2712 624 2762 que
655 2697 933 2766 vigilantes
963 2698 1279 2766 reddidero,
1325 2712 1484 2773 atque
1529 2721 1591 2761 ex
1634 2712 1850 2781 crapula
1881 2724 1935 2770 et
1963 2717 2108 2772 ebri-

523 2796 683 2853 etate,
713 2802 869 2856 quam
902 2788 954 2842 in
981 2789 1383 2847 obtenebratam
1421 2795 1635 2853 illorum
1675 2813 1909 2860 mentem
1939 2809 2108 2864 avidi-

522 2889 603 2932 tas
642 2881 984 2948 pecuniarum
1030 2882 1247 2950 invexit,
1293 2899 1483 2943 eruere
1511 2890 1746 2948 valuere.
1789 2894 1914 2953 Scio
1933 2900 2107 2968 enim,

518 2971 632 3025 scio
675 2969 788 3026 fore
838 2979 896 3025 ut
935 2988 1030 3042 per
1072 2975 1295 3044 gratiam
1331 2978 1420 3033 Dei
1459 2995 1763 3041 sermonum
1805 2999 2108 3047 nostrorum

522 3059 837 3130 frequentia,
887 3071 942 3117 et
986 3063 1176 3134 jejunii
1226 3069 1460 3125 studium
1511 3073 1655 3143 ipsos
1692 3079 1773 3134 vel
1801 3084 2107 3138 seroadif-

507 3149 642 3206 1ieili
671 3153 771 3208 hoc
799 3159 985 3210 morbo
1009 3154 1236 3215 liberare
1258 3202 1274 3229 ,
1323 3164 1676 3239 perfectzeque
1709 3173 1922 3230 sanitati
1949 3179 2105 3232 resti-

519 3253 666 3299 tuere
718 3247 916 3316 possit,
949 3256 1008 3303 ut
1035 3258 1089 3304 et
1115 3249 1210 3320 ipsi
1239 3267 1268 3306 a
1295 3257 1602 3327 suppliciis,
1657 3277 1776 3332 qua:
1822 3266 1886 3322 iis
1926 3281 2103 3338 parata

516 3346 660 3400 smn,
699 3337 1008 3408 liberentur,
1039 3352 1095 3397 et
1124 3359 1222 3399 nos
1253 3360 1282 3399 a
1313 3347 1524 3405 tristitia
1563 3368 1846 3426 eruamur,
1901 3371 1956 3417 et
2011 3380 2106 3434 pro

513 3426 759 3482 omnibus
798 3429 1020 3498 gloriam
1070 3431 1363 3493 referamus
1418 3439 1525 3495 Deo
1555 3442 1719 3513 Patri,
1774 3456 1828 3504 et
1858 3450 2015 3522 Filio,
2049 3466 2103 3511 et

513 3515 734 3586 Spiritui
774 3531 978 3590 sancto,
1013 3541 1154 3581 nunc
1183 3536 1237 3583 et
1280 3545 1513 3602 semper,
1560 3547 1614 3593 et
1662 3540 1714 3596 in
1761 3546 1953 3600 saecula
2002 3565 2104 3605 sae-

510 3611 767 3666 culorum.
810 3614 998 3670 Amen.

1099 3729 1379 3790 ΠΟΜΙῌΑ
1425 3737 1512 3794 IV.

512 3829 650 3886 Dixit
670 3851 862 3905 quoque
886 3834 1022 3890 Deus
1055 3853 1073 3892 :
1100 3839 1215 3894 Fiat
1239 3843 1628 3906 firmamentum
1648 3854 1699 3909 in
1725 3859 1900 3916 medio
1919 3878 2095 3934 aquae,

579 3937 634 3980 et
657 3925 856 3981 dividat
884 3929 1022 3984 inter
1045 3945 1235 4001 aquam
1262 3943 1316 3990 et
1343 3952 1535 4008 aquam
1567 3961 1579 3997 :
1613 3953 1668 4000 et
1691 3946 1887 4006 factum
1911 3925 1995 4011 est
2024 3925 2096 4014 ita

580 4013 745 4082 (Gen.
781 4017 832 4070 ι.
862 4016 958 4092 6).

579 4149 632 4202 1.
679 4149 875 4205 Videns
916 4167 1037 4224 ego,
1087 4156 1439 4233 dilectissimi,
1487 4169 1718 4230 alacrem
1746 4186 1800 4234 et
1829 4186 2091 4251 quotidia-

507 4256 634 4296 num
664 4253 899 4299 vestrum
928 4259 1272 4320 conventum,
1320 4272 1562 4331 magnam
1595 4270 1828 4341 percipio
1849 4280 2091 4349 volupta-

507 4337 635 4395 tem,
676 4341 730 4387 et
769 4334 1018 4391 clementi
1047 4339 1154 4396 Deo
1181 4343 1404 4413 gloriam
1429 4349 1497 4406 de
1528 4334 1764 4422 profectu
1792 4334 2091 4428 vestrolre-

506 4420 706 4476 ferendi
749 4423 910 4480 finem
951 4443 1054 4483 non
1101 4431 1257 4489 facio.
1312 4438 1444 4495 Nam
1490 4445 1627 4503 sicut
1665 4456 1866 4512 esurire
1894 4475 2088 4532 corpo-

506 4511 630 4565 ralis
659 4514 899 4570 sanitatis
924 4517 1171 4579 indicium
1200 4537 1302 4593 est,
1323 4529 1390 4586 ita
1419 4545 1472 4588 et
1498 4539 1672 4594 studio
1699 4511 2089 4616 magnoaudrirc

503 4603 686 4657 divina
731 4605 940 4677 eloquia
987 4611 1140 4670 bona:
1181 4621 1344 4676 animi
1391 4627 1705 4689 valetudinis
1734 4639 2085 4701 certissimum

500 4701 582 4746 est
611 4707 1007 4764 argumentum.
1033 4702 1156 4760 Ideo
1182 4717 1238 4763 et
1265 4711 1516 4774 Dominus
1545 4734 1725 4780 noster
1744 4727 1902 4789 Jesus
1925 4735 2088 4793 Chria

499 4793 614 4841 stus
676 4786 726 4840 in
767 4790 878 4845 suis
925 4792 1355 4869 beatitudinibus,
1388 4823 1521 4877 quas
1555 4813 1606 4868 in
1633 4829 1816 4878 monte
1845 4830 2082 4898 protulit,

503 4877 702 4898 _.,-_.-_-.
784 4879 819 4898 ..
890 4885 920 4898 _.
1021 4887 1030 4898 .
1177 4893 1186 4898 -

497 4877 708 4932 dicebat
734 4898 746 4934 :
773 4879 920 4936 Beati
945 4887 1030 4955 qui
1055 4893 1278 4948 esuriant
1301 4906 1347 4950 et
1365 4899 1541 4956 sitiunt
1557 4907 1830 4980 justitiam,
1845 4877 2085 4988 quoniam;

499 4968 599 5036 ipsi
625 4973 986 5030 mturabttntur
1011 4978 1222 5048 (Matth.
1247 4988 1300 5042 5.
1333 4990 1408 5060 6).
1442 4968 1574 5062 Quis
1605 4999 1762 5071 igitur

500 5060 717 5116 laudare
740 5065 935 5133 valeat,
977 5071 1068 5138 qui
1112 5079 1280 5133 semel
1317 5081 1386 5136 ab
1432 5090 1667 5146 omnium
1700 5060 1923 5156 Domino
1952 5103 2082 5162 bea-

498 5150 773 5206 titudinem
801 5159 1100 5228 accepistis,
1150 5174 1204 5220 et
1241 5169 1309 5224 ab
1355 5187 1421 5228 eo
1469 5177 1669 5237 infinita
1713 5185 1851 5244 bona
1891 5207 2080 5265 exspe-

499 5242 781 5265 ὼηημ,
849 5249 894 5265 ί.
1002 5251 1040 5265 ..
1139 5255 1208 5265 ..

496 5242 700 5297 etatis?
735 5243 784 5299 ls
811 5249 953 5305 enim
1002 5251 1211 5311 Domini
1255 5265 1421 5318 nostri
1463 5284 1580 5325 mos
1615 5283 1719 5341 est,
1765 5289 1824 5334 ut
1869 5242 2079 5353 quoties

497 5329 634 5353 ..2.l-.
685 5336 813 5353 -_'.~
998 5341 1030 5353 "

497 5329 639 5385 videt
681 5336 909 5392 animam
963 5341 1192 5414 aliquam
1247 5353 1414 5410 multo
1473 5359 1740 5422 desiderio
1794 5329 2078 5449 stu1dioque

499 5424 730 5479 maximo
796 5431 1162 5499 spiritualibns
1223 5443 1554 5522 inhiantem,
1601 5456 1888 5521 liberaliter
1934 5424 2076 5528 illium

499 5516 665 5581 gratia
704 5526 760 5572 et
808 5525 1073 5590 opulentis
1123 5533 1277 5592 donis
1325 5541 1438 5597 suis
1492 5545 1798 5620 locupletet.
1851 5559 2000 5618 Unde
2025 5577 2080 5622 et

497 5619 596 5673 ego
626 5606 676 5660 in
707 5619 939 5669 vestram
965 5619 1241 5680 utilitatem
1267 5638 1323 5684 et
1363 5633 1768 5698 mdiftcationem
1797 5663 2074 5720 exspecto,

497 5704 547 5720 ..ι
596 5697 807 5720 ..1..---2....
894 5713 906 5720 .
1048 5710 1059 5720 ι
1084 5712 1094 5720 .
1198 5715 1209 5720 -

1802 5697 2070 5718 ---ν-πυ,

497 5704 550 5749 ut
596 5697 808 5756 uberior
859 5713 911 5760 et
972 5710 1125 5769 nobis
1177 5715 1432 5780 doctrina:
1483 5743 1662 5790 sermo
1733 5697 2070 5802 concedatur.

1519 5965 1556 5980 κ

3763 387 3834 441 40

2255 434 2476 508 Propter
2525 460 2619 500 vos
2665 451 2828 519 enim,
2885 465 2940 512 et
2987 474 3202 531 propter
3236 473 3465 527 vestrum
3515 480 3830 548 profectum,

2248 541 2458 586 omnem
2503 533 2644 593 hunc
2685 540 2922 600 laborem
2967 551 3276 623 toleramus,
3328 570 3385 615 ut
3431 574 3486 620 et
3538 585 3631 624 vos
3674 573 3832 634 citius

2243 619 2310 674 ad
2352 621 2525 692 ipsum
2566 628 2774 688 virtutis
2817 635 3081 710 fastigium
3135 650 3454 721 ascendatis,
3499 657 3659 718 futuri
3707 668 3830 724 vitae

2243 709 2434 769 divina:
2471 721 2708 791 magistri
2756 730 3005 786 onmibus
3042 736 3132 805 qui
3163 753 3256 795 vos
3293 747 3602 817 respiciunt,
3635 763 3690 809 et
3730 773 3830 812 no-

2241 802 2322 858 bis
2366 809 2537 878 major
2572 813 2782 872 dicendi
2833 820 3021 879 fiducia
3059 802 3302 900 accedat,
3333 802 3420 906 qui
3449 802 3689 900 videmus
3720 802 3827 905 non

2241 895 2292 950 in
2339 913 2552 968 vanum,
2606 922 2706 962 nec
2749 909 2943 969 frustra
2991 933 3089 972 nos
3138 921 3417 994 laborare;
3469 931 3563 987 Sed
3589 939 3827 1004 quotidie

2235 1001 2421 1045 semen
2453 991 2554 1048 hoc
2581 997 2852 1065 Spirituale
2881 1004 2934 1059 in
2963 1009 3112 1064 vobis
3151 1027 3416 1085 crescere,
3471 1037 3644 1094 neque
3687 1030 3824 1086 sicut

2238 1079 2291 1135 in
2337 1089 2618 1157 evangelio
2663 1095 2945 1153 seminanti
2991 1103 3189 1172 evenit,
3264 1107 3336 1162 ita
3380 1119 3435 1167 et
3481 1116 3634 1172 nobis
3686 1135 3820 1177 con-

2233 1173 2458 1242 tingere.
2505 1177 2580 1232 lbi
2632 1183 2776 1238 enim
2816 1202 2919 1242 una
2964 1200 3164 1248 tantum
3219 1212 3338 1266 pars
3363 1202 3678 1277 salva-fuit,
3713 1221 3822 1270 tres

2236 1265 2526 1331 perierunt.
2576 1271 2709 1338 Quia
2754 1290 2960 1346 semen,
3030 1286 3171 1354 quod
3223 1304 3376 1348 secus
3427 1295 3563 1352 viam
3603 1303 3818 1371 cecidit,

2233 1356 2349 1408 sine
2383 1354 2577 1414 ‘fructu
2631 1367 2848 1430 mansit,
2903 1380 2956 1424 et
3003 1375 3144 1442 quod
3191 1376 3330 1434 inter
3383 1385 3595 1456 spinas,
3647 1393 3815 1448 suffoo

2231 1453 2407 1500 catum
2457 1459 2570 1515 est;
2611 1455 2752 1522 quod
2805 1467 2984 1514 autem
3043 1464 3094 1518 in
3147 1477 3380 1536 petram,
3434 1473 3485 1528 in
3535 1485 3816 1549 superficie

2229 1551 2471 1607 manens,
2518 1542 2748 1604 fructum
2797 1552 2990 1610 afferre
3034 1562 3269 1630 nequivit
3292 1563 3500 1636 (ΜαιιΙι.
3527 1542 3615 1628 i5:
3640 1574 3812 1646 4-7):

2231 1629 2315 1686 hic
2358 1632 2412 1686 in
2463 1638 2632 1704 gratia
2686 1641 2779 1697 Dei
2823 1660 2946 1715 Spes
3001 1661 3116 1717 est,
3179 1654 3328 1725 fore,
3389 1669 3445 1715 ut
3489 1678 3607 1720 cum
3653 1683 3816 1728 omne

2229 1722 2281 1776 in
2333 1733 2528 1782 terram
2597 1730 2789 1789 bonam
2833 1739 3120 1811 ceciderit,
3175 1748 3264 1802 alii
3307 1722 3532 1810 reddant
3585 1758 3812 1818 fructum

2225 1819 2552 1887 centuplum,
2582 1822 2671 1878 alii
2714 1830 3123 1900 sexagesimum,
3166 1838 3255 1893 alii
3310 1841 3657 1913 trigesimum.
3701 1852 3813 1909 lloc

2227 2283 2418 2328 vestrae
2440 2275 2582 2343 dico,
2623 2283 2716 2336 sed
2746 2287 2989 2355 conjecto
3016 2293 3340 2354 alacritatem
3362 2317 3426 2356 ex
3449 2304 3515 2358 iis
3540 2323 3659 2374 qua:
3693 2309 3806 2367 heri

2219 2375 2249 2415 a
2280 2365 2434 2419 nobis
2461 2366 2602 2424 dicta
2633 2386 2773 2430 sunt.
2826 2378 3077 2438 Videbam
3109 2388 3249 2442 enim
3281 2406 3373 2446 vos
3401 2407 3586 2451 omnes
3622 2402 3807 2459 avidos

2219 2455 2476 2516 doctrinae
2503 2464 2571 2519 ab
2601 2484 2695 2523 ore
2723 2487 2844 2525 meo
2876 2476 3188 2543 pendentes.
3237 2492 3291 2537 et
3318 2488 3493 2543 omnia
3525 2491 3802 2562 facientes,

2219 2565 2286 2605 ne
2314 2554 2440 2622 quid
2467 2571 2563 2612 vos
2591 2558 2851 2617 dictorum
2893 2569 3218 2637 praeteriret;
3268 2586 3523 2643 prmterea
3565 2585 3803 2642 continui

2218 2644 2432 2712 plausus
2469 2652 2708 2709 maxime
2737 2657 3087 2727 testabantur,
3133 2678 3230 2719 vos
3266 2667 3402 2722 dicta
3434 2687 3620 2743 magna
3648 2678 3802 2733 volu-

2203 2745 2359 2818 ptate
2401 2741 2692 2810 suscipere.
2769 2746 2868 2813 Qui
2918 2758 3094 2806 autem
3133 2755 3331 2826 aliquid
3381 2741 3574 2832 volupe
3619 2767 3801 2836 audit,

2215 2839 2418 2885 certum
2447 2843 2530 2888 est
2571 2835 2698 2892 illud
2741 2839 3000 2907 profunde
3046 2845 3099 2900 in
3146 2849 3323 2903 animo
3366 2851 3572 2924 figere:
3605 2859 3800 2931 ubique

2214 2920 2370 2975 altius
2414 2937 2700 2992 reponens,
2753 2930 2880 2986 facit
2923 2949 2991 2989 ne
3035 2937 3183 2992 eradi
3204 2920 3439 2999 delerive
3459 2959 3636 3015 queat.
3671 2951 3802 3019 Quis

2214 3009 2374 3079 igitur
2417 3013 2574 3084 digne
2617 3032 2712 3072 vos
2749 3019 3001 3090 laudare,
3051 3035 3105 3081 et
3144 3044 3241 3085 nos
3287 3009 3801 3106 beatos-pradicas:

2214 3113 2414 3171 posset,
2463 3110 2552 3177 qui
2599 3110 2653 3164 in
2700 3126 2858 3169 aures
2896 3115 3162 3187 loquimur
3206 3123 3574 3184 audientium?
3610 3131 3800 3190 Beatus

2211 3196 2375 3260 cnim,
2406 3200 2500 3263 ait,
2536 3201 2624 3270 qui
2651 3201 2875 3272 loquitur
2897 3207 2951 3262 in
2978 3225 3126 3266 aures
3154 3214 3466 3272 audientium
3497 3220 3680 3293 (Ecclt'.
3703 3226 3793 3282 25.

2211 3284 2321 3355 12).
2351 3286 2462 3343 Hoc
2501 3292 2813 3358 prmclarum
2851 3311 2986 3367 opus
3021 3300 3224 3369 jejunio
3266 3284 3541 3378 acceptum
3583 3315 3792 3386 refero,

2210 3375 2312 3431 hoc
2359 3380 2650 3437 remedium
2693 3385 2918 3444 salutem
2960 3401 3235 3462 operatum
3263 3407 3346 3454 est
3370 3403 3667 3462 animarum
3699 3425 3796 3465 no—

2207 3474 2458 3523 strarum.
2484 3471 2635 3538 Quod
2667 3476 2710 3529 si
2739 3477 2807 3532 ab
2837 3480 2988 3535 initio
3012 3487 3190 3542 statim
3221 3499 3422 3547 tantum
3451 3498 3604 3553 nobis
3631 3501 3794 3558 robur

2206 3561 2460 3629 ostendit,
2507 3568 2917 3634 procedentibus
2959 3575 3149 3634 diebus
3192 3594 3388 3650 quanta
3435 3595 3788 3660 exspectanda

2206 3653 2407 3709 utilitas
2435 3657 2706 3714 allatura?
2743 3662 2912 3720 Unum
2938 3667 3039 3724 hoc
3065 3685 3160 3727 vos
3185 3673 3427 3746 obsecro,
3459 3680 3522 3735 In
3543 3686 3720 3742 timore
3741 3699 3790 3743 et

2205 3755 2418 3803 tremore
2458 3751 2672 3806 salutem
2714 3765 2928 3812 vestram
2967 3766 3240 3831 aperemini
3293 3767 3459 3841 (Phil.
3488 3773 3542 3828 2.
3578 3776 3690 3847 12),
3736 3790 3790 3835 et

2203 3837 2405 3893 nullum
2432 3841 2631 3897 aditum
2661 3848 2937 3905 concedite
2967 3851 3181 3911 inimico
3206 3837 3389 3916 salutis
3419 3875 3631 3923 vestrae.
3654 3870 3784 3926 Nam

2202 3929 2388 3987 videns
2433 3949 2574 3990 nunc
2621 3938 2924 4007 spirituales
2974 3955 3178 4005 vestras
3224 3951 3451 4020 divitias,
3491 3957 3685 4015 insanit
3731 3972 3785 4017 et

2201 4022 2422 4091 ferocit,
2497 4038 2551 4082 et
2596 4030 2732 4086 sicut
2791 4033 2876 4089 leo
2929 4038 3143 4107 rugiens
3203 4034 3485 4114 circumit,
3537 4065 3782 4120 quaerens

2198 4128 2357 4184 quem
2397 4115 2622 4173 devoret
2642 4121 2720 4190 (1.
2750 4121 2865 4177 Pet.
2895 4125 2948 4180 5.
2978 4127 3054 4195 8).
3114 4129 3310 4188 Verum
3342 4137 3388 4191 si
3423 4115 3585 4194 sobrii
3616 4141 3779 4200 fueri-

2197 4218 2338 4269 mus,
2368 4206 2494 4260 nulli
2525 4211 2835 4278 praevalebit
2873 4230 2967 4284 per
2989 4219 3211 4287 gratiam
3242 4224 3352 4280 Dei.

2265 4293 2320 4348 2.
2372 4295 2519 4352 Talia
2547 4301 2686 4354 enim
2718 4313 2841 4358 sunt
2865 4321 3012 4363 arma
3037 4319 3215 4367 nostra
3242 4316 3554 4387 spiritualia,
3591 4324 3782 4392 quibus

2198 4399 2295 4438 nos
2341 4386 2510 4440 induit
2550 4388 2779 4458 Spiritus
2806 4397 2993 4462 gratia,
3033 4401 3171 4456 sicut
3218 4404 3330 4460 heri
3373 4411 3646 4468 caritatem
3685 4431 3778 4472 ve-

2196 4481 2360 4528 stram
2404 4475 2701 4535 docuimus.
2752 4481 2810 4537 Si
2837 4484 2994 4555 igitur
3023 4488 3104 4544 his
3133 4495 3386 4552 continuo
3413 4494 3649 4558 membra
3680 4520 3778 4560 no-

2197 4573 2305 4618 stra
2345 4569 2712 4636 munierimus,
2765 4575 2904 4632 nulla
2957 4581 3055 4635 tela
3101 4584 3170 4639 ab
3209 4587 3298 4642 Illo
3340 4592 3533 4648 emissa
3571 4596 3638 4650 ad
3681 4612 3779 4654 nos

2193 4656 2498 4727 pertingere
2542 4670 2808 4730 poterunt,
2861 4667 2955 4722 sed
3006 4669 3155 4727 irrita
3208 4675 3274 4730 ad
3323 4678 3494 4748 ipsum
3544 4685 3776 4743 reditura

2190 4755 2317 4801 sunt
2343 4767 2356 4803 :
2389 4752 2669 4809 adamante
2697 4758 2838 4811 enim
2862 4760 3141 4819 solidiores
3169 4765 3258 4822 Dei
3281 4772 3446 4838 gratia
3467 4789 3563 4828 nos
3593 4778 3774 4845 efficit,

2189 4845 2246 4892 et
2270 4837 2316 4892 si
2346 4840 2608 4910 volumus,
2655 4848 2874 4903 omnino
2903 4851 3148 4911 invictos.
3194 4858 3374 4930 Itaque
3403 4865 3539 4920 sicut
3565 4868 3654 4936 qui
3683 4871 3776 4923 ad-

2189 4942 2456 4988 amantem
2501 4936 2691 5004 tundit,
2735 4940 2867 4996 nihil
2905 4943 3172 5003 adamanti
3215 4962 3392 5021 nocet,
3421 4956 3515 5012 sed
3543 4959 3773 5029 seipsum

2187 5020 2395 5094 fatigat,
2439 5034 2492 5080 et
2535 5027 2700 5083 robur
2728 5047 2881 5087 suum
2914 5035 3211 5107 imminuit;
3253 5051 3306 5098 et
3345 5045 3432 5116 qui
3472 5020 3654 5105 contra
3680 5052 3776 5106 sti-

2187 5114 2360 5169 mulos
2384 5117 2642 5186 calcitrat,
2675 5136 2800 5177 suos
2827 5125 2991 5194 pedes
3011 5141 3254 5188 cruentat
3278 5152 3292 5190 :
3315 5134 3366 5190 in
3394 5135 3533 5193 hunc
3558 5141 3770 5196 modum

2185 5219 2273 5260 res
2316 5219 2375 5260 se
2403 5207 2600 5262 habent
2626 5222 2822 5269 nostra:
2847 5231 2966 5273 cum
2993 5221 3178 5278 salutis
3206 5236 3401 5283 nostra:
3443 5231 3768 5302 adversario,
3831 5273 3842 5282 .

2127 5322 2144 5329 -
2186 5297 2231 5350 si
2256 5297 2439 5363 armis,
2492 5315 2612 5369 qua:
2653 5305 2806 5360 nobis
2837 5307 3065 5377 Spiritus
3104 5317 3274 5371 sancti
3321 5321 3489 5388 gratia
3531 5323 3766 5390 exhibet,

2185 5390 2439 5446 continuo
2467 5407 2563 5449 nos
2592 5397 2912 5455 muniamus.
2961 5401 3128 5460 Tanta
3170 5409 3314 5464 enim
3354 5413 3564 5470 illorum
3607 5418 3772 5474 virtus

2184 5490 2285 5546 est,
2330 5491 2389 5538 ut
2427 5485 2604 5542 radios
2631 5488 2756 5544 inde
2792 5489 3116 5561 fulgurantes
3140 5498 3480 5559 adversarius
3505 5509 3772 5565 sustinere

2184 5585 2288 5626 non
2331 5575 2519 5642 possit,
2562 5577 2657 5632 sed
2708 5580 2812 5634 illis
2865 5585 3003 5637 oculi
3043 5587 3160 5655 ejus
3205 5606 3563 5653 excmcentnr.
3641 5600 3770 5668 llis,

2183 5677 2385 5732 quaeso,
2432 5667 2598 5722 armis
2634 5684 2846 5739 semper
2890 5688 2989 5730 nos
3034 5680 3357 5750 muniamus,
3387 5697 3442 5740 et
3469 5691 3546 5743 sic
3586 5693 3771 5746 mitniti

2185 5752 2236 5808 in
2268 5751 2438 5812 forum
2466 5769 2563 5813 nos
2607 5760 2977 5822 conferamus:
3027 5768 3105 5825 sic
3153 5771 3290 5844 apud
3327 5777 3528 5836 amicos
3571 5782 3763 5852 simus,
