4104 6196
391 227 451 283 ιι.
1556 232 1619 289 ΙΝ
1659 232 1809 289 CAP.
1855 234 1891 289 Ι.

2030 234 2169 293 .‘t'ES.
2213 243 2442 304 HOMIL.
2487 251 2574 308 IV.
3386 303 3390 310 '
3600 296 3670 349 .ιὲ

386 345 464 398 sic
511 357 672 412 opera
721 343 1116 414 aggrediamur.
1186 344 1251 400 Et
1296 345 1420 417 quid
1472 347 1592 404 dico
1648 350 1697 403 in
1753 349 1973 405 forum?

386 434 559 490 Etiam
603 435 656 490 in
703 437 984 494 ecclesiam
1029 448 1312 508 pergentes
1355 440 1597 498 instructi
1640 442 1743 498 illis
1786 443 1970 510 simus,

387 540 440 586 et
489 530 710 587 domum
759 531 1067 599 redeuntes,
1122 545 1177 590 et
1219 535 1570 605 dormientes,
1615 547 1670 594 et
1714 538 1969 610 evigilan-

385 630 486 684 tes,
539 637 712 692 neque
756 639 1007 694 umquam
1063 640 1158 695 per
1200 635 1366 682 totam
1412 628 1573 684 vitam
1608 639 1841 685 nostram
1881 631 1968 686 illa

381 712 742 783 deponamus;
770 715 1123 786 commigrent
1147 717 1290 772 enim
1321 719 1618 787 nobiscum,
1646 729 1702 776 et
1738 721 1804 776 ad
1827 722 1967 777 illam

381 806 543 860 vitam
570 820 818 876 magnum
848 806 1054 864 fiducia:
1083 809 1236 864 nobis
1264 819 1634 881 argumentum
1661 821 1804 868 sunt.
1852 814 1966 871 Non

381 897 524 951 enim
545 898 678 953 sicut
702 900 972 955 sensibilia
998 916 1144 957 arma
1165 919 1357 975 corpus
1382 917 1602 976 gravant
1635 925 1648 962 :
1673 909 1768 964 sed
1797 909 1968 967 levius

382 989 608 1044 reddunt
650 999 703 1044 et
751 992 1076 1060 expeditius,
1125 1007 1188 1049 ac
1228 996 1531 1062 sublimius,
1576 999 1843 1070 roburque
1866 1018 1963 1057 au-

295 1073 308 1085 '
376 1087 502 1147 gent
533 1095 548 1131 :
586 1089 788 1135 tantum
815 1097 958 1136 cura:
981 1083 1069 1150 sit,
1098 1093 1153 1138 ut
1179 1086 1293 1155 ipsa
1313 1087 1549 1156 quotidie
1575 1089 1987 1161 abstergemus;

375 1173 444 1225 ita
488 1181 545 1226 ut
573 1171 769 1243 fulgida
801 1176 926 1240 sint,
953 1185 1007 1230 et
1035 1176 1196 1232 radiis
1224 1189 1494 1236 excincent
1521 1182 1705 1238 oculos
1747 1185 1959 1254 maligni

371 1259 660 1327 daemonis,
699 1264 877 1319 omnia
915 1276 1098 1320 contra
1139 1268 1362 1323 salutem
1393 1281 1625 1325 nostram
1654 1273 1949 1328 machinan-

374 1351 461 1405 tis.
494 1353 625 1422 Age,
655 1356 903 1423 quoniam
943 1357 1072 1412 satis
1118 1373 1212 1413 vos
1237 1359 1401 1416 armis
1431 1361 1798 1432 instruximus,
1825 1379 1955 1420 con-

370 1455 580 1499 suetam
623 1461 763 1502 nunc
792 1449 941 1504 vobis
979 1465 1216 1506 mensam
1251 1467 1600 1524 apponamus,
1650 1466 1704 1511 et
1738 1471 1802 1512 ea
1838 1473 1956 1528 quae

369 1534 676 1592 hesternam
726 1540 1007 1596 lectionem
1062 1553 1392 1614 sequuntur,
1447 1545 1701 1617 deinceps
1747 1548 1953 1604 caritati

363 1638 558 1683 vesme
587 1643 968 1699 proponamus,
1002 1649 1210 1688 rursum
1249 1635 1619 1692 admirabilem
1649 1638 1795 1693 illum
1825 1654 1955 1694 con-

366 1717 493 1771 vivii
524 1717 879 1776 exhibitorem
923 1721 1130 1780 beatum
1166 1724 1391 1793 Mosem,
1425 1743 1673 1798 maguum
1722 1729 1951 1800 prephe-

363 1817 492 1877 tam,
539 1811 692 1868 bona:
724 1813 880 1884 hujus
917 1814 1174 1872 doctrina:
1214 1817 1405 1874 ducem
1453 1817 1725 1876 facientes.
1754 1821 1948 1878 Videa-

361 1915 480 1954 mus
519 1901 676 1973 igitur
720 1921 961 1973 quautam
1010 1908 1117 1962 sint
1163 1922 1224 1963 ea
1255 1924 1374 1978 quis
1417 1908 1575 1966 hodie
1607 1926 1706 1968 nos
1751 1911 1948 1969 docere

360 1991 492 2058 vult,
541 2002 594 2048 et
625 1993 910 2065 diligenter
942 1997 1095 2054 dictis
1121 1999 1238 2068 ejus
1266 2001 1626 2059 attendamus.
1657 2004 1772 2059 Non
1799 2005 1944 2060 enim

358 2095 458 2134 sua
506 2081 700 2138 virtute
746 2085 1010 2154 loquitur,
1066 2089 1160 2144 sed
1201 2105 1550 2162 quacumque
1592 2093 1669 2149 illi
1717 2096 1945 2166 Spiritus

360 2175 532 2230 sancti
579 2177 748 2245 gratia
802 2177 1048 2245 insonat,
1087 2195 1150 2235 ea
1191 2197 1285 2250 per
1320 2197 1471 2238 suam
1515 2184 1783 2256 linguam,
1847 2188 1948 2244 do-

358 2264 528 2319 cendo
557 2265 842 2322 humanum
866 2284 1055 2340 genus,
1104 2272 1322 2342 profert.
1371 2273 1750 2332 Consummato
1785 2278 1945 2350 igitur

353 2353 423 2408 de
473 2354 560 2411 die
587 2355 762 2426 primo
793 2373 1062 2426 sermone,
1098 2371 1376 2434 postquam
1399 2365 1622 2422 formata
1653 2369 1771 2426 luce
1786 2371 1939 2440 dixit,

351 2443 568 2500 Factum
603 2457 676 2502 est
717 2464 934 2520 vespere,
987 2461 1034 2506 et
1079 2455 1270 2525 factum
1313 2464 1384 2510 est
1421 2473 1586 2524 mane,
1633 2461 1740 2516 dies
1783 2478 1934 2532 unus,

349 2535 540 2593 iterum
569 2539 698 2595 dicit
729 2557 743 2595 :
777 2542 831 2596 6.
873 2541 1110 2615 Dixitque
1146 2545 1286 2602 Deus
1334 2564 1354 2602 :
1397 2548 1519 2604 Fiat
1561 2552 1936 2621 ﬁrmamentum

345 2626 398 2680 in
443 2629 606 2684 medio
657 2646 802 2704 aqua
823 2673 839 2700 ,
900 2644 946 2688 et
1007 2637 1071 2690 sit
1128 2637 1442 2709 distinguens
1480 2641 1611 2696 inter
1654 2660 1838 2714 aquam
1887 2657 1934 2701 et

343 2734 547 2789 aquam.
609 2722 840 2780 Attende
889 2725 1011 2795 hic,
1065 2731 1378 2799 carissime,
1434 2733 1693 2792 doctrinae
1740 2753 1933 2795 conse-

341 2812 634 2879 quentiam.
667 2815 927 2882 Quoniam
977 2820 1119 2875 enim
1172 2831 1327 2878 antea
1379 2825 1534 2883 nobis
1580 2829 1748 2894 dixit,
1811 2841 1931 2901 post

339 2900 456 2954 cteli
501 2911 556 2957 et
601 2913 758 2960 teme
808 2910 1132 2966 creationem
1184 2931 1199 2968 :
1251 2914 1405 2971 Terra
1432 2927 1598 2973 autem
1625 2930 1735 2976 erat
1764 2923 1928 2978 invisi-

339 2990 454 3047 bilis
489 3002 536 3047 et
583 2997 959 3070 incomposita;
1009 3012 1067 3058 et
1104 3019 1320 3062 causam
1372 3013 1658 3081 apposuit,
1709 3027 1926 3085 propter

337 3081 439 3137 hoc
479 3082 644 3142 fuisse
689 3089 1027 3161 invisibilem,
1078 3097 1203 3166 quia
1253 3101 1489 3157 tenebris
1525 3113 1578 3159 et
1623 3081 1779 3176 aquis
1807 3081 1926 3164 —ob-

337 3175 610 3245 tegebatur
645 3197 660 3235 :
697 3185 874 3239 omnia
909 3187 1052 3243 enim
1103 3202 1255 3248 erant
1295 3208 1430 3265 aqua
1479 3207 1535 3252 et
1575 3175 1826 3270 tenebrae,
1866 3212 1921 3260 et

333 3267 463 3324 nihil
508 3267 770 3341 praeterea
789 3293 804 3342 ;
865 3288 919 3334 et
969 3291 1150 3350 postea
1209 3299 1474 3359 praecepto
1526 3292 1737 3349 Domini
1793 3267 1913 3366 pro.

330 3359 540 3417 duciam
586 3379 705 3422 esse
746 3367 917 3425 lucem
974 3371 1276 3448 factamque
1326 3379 1723 3441 distinctionem
1779 3389 1913 3445 lueis

327 3459 380 3503 et
435 3453 812 3523 tenebrarum;
881 3461 950 3515 ita
989 3473 1045 3518 ut
1085 3466 1171 3520 illa
1209 3468 1313 3523 diei
1354 3473 1765 3541 appellationem
1817 3494 1912 3535 ac-

325 3542 550 3610 ceperit,
605 3544 720 3600 ha:c
759 3565 886 3603 vero
926 3554 1098 3607 noctis
1128 3572 1143 3610 :
1174 3557 1366 3612 iterum
1411 3577 1510 3618 nos
1543 3563 1739 3620 docere
1777 3568 1910 3636 vult,

325 3643 470 3694 eum,
503 3634 639 3688 sicut
666 3637 912 3694 tenebras
938 3646 1200 3710 separavit
1232 3647 1482 3714 producta
1511 3651 1648 3716 luce,
1672 3663 1728 3708 et
1753 3634 1916 3711 utris-

323 3734 428 3788 que
469 3735 758 3792 congruum
805 3729 1122 3786 vocabulum
1171 3734 1396 3804 indidit,
1443 3739 1515 3795 ita
1573 3751 1628 3797 et
1670 3745 1910 3802 multitu-

322 3808 502 3865 dinem
537 3826 798 3881 aquarum
843 3831 1112 3889 praecepto
1159 3837 1462 3896 segregare.

391 3899 446 3953 5.
488 3899 728 3957 Potentia
755 3897 850 3961 Dei
878 3910 1072 3966 nullam
1096 3931 1289 3971 moram
1331 3919 1589 3990 admittit;
1613 3925 1902 3993 [innantem

321 3999 425 4044 tum
449 3995 571 4064 quid
584 3996 670 4063 sit,
700 3999 782 4053 via:
805 4002 928 4055 sciri
949 4013 1150 4073 potest;
1173 4009 1358 4064 multos
1381 4013 1531 4069 aetas
1551 4032 1656 4071 esse
1679 4035 1780 4074 non
1809 4037 1902 4089 pu-

317 4090 390 4135 tat
443 4083 504 4137 Β.
557 4085 962 4158 Cltrysostomus.
997 4125 1068 4136 —
1095 4099 1159 4153 Et
1201 4101 1322 4157 vide
1359 4103 1682 4164 ineffabilem
1712 4083 1894 4181 poten-

315 4171 461 4240 tiam,
482 4192 602 4247 quze
628 4193 842 4238 omnem
884 4183 1172 4244 humanam
1210 4193 1421 4250 excedit
1449 4199 1734 4256 rationem.
1763 4202 1898 4258 Nam

310 4265 480 4320 solum
505 4267 678 4336 jubet,
719 4281 773 4326 et
805 4277 1014 4332 accedit
1049 4279 1193 4336 aliud
1221 4283 1631 4358 elementorum,
1663 4302 1718 4348 et
1754 4295 1905 4351 aliud.

307 4356 534 4414 decedit.
561 4360 821 4434 Dixitque,
844 4367 938 4433 ait,
966 4369 1099 4425 Deus
1121 4387 1143 4427 :
1170 4373 1288 4429 Fiat
1309 4356 1685 4446 firmamentum
1715 4386 1769 4439 in
1793 4403 1898 4442 ma-

306 4448 392 4504 dio
415 4467 580 4521 aqum,
609 4464 656 4509 et
677 4457 742 4510 sit
762 4459 1074 4529 distinguens
1097 4462 1432 4538 inter'aquam
1456 4481 1504 4525 et
1525 4489 1729 4543 aquam.
1754 4477 1893 4544 Quid

303 4551 406 4604 est,
435 4542 554 4599 Fiat
583 4547 1001 4614 ﬁrmamentum!
1033 4553 1195 4621 Quasi
1214 4558 1335 4627 quis
1359 4560 1503 4616 dicat
1524 4542 1754 4621 humana
1779 4542 1892 4624 lin-

301 4649 401 4704 gua
430 4657 446 4692 :
475 4637 592 4694 Fiat
613 4642 788 4709 paries
813 4643 1028 4713 quidam
1055 4656 1111 4703 et
1133 4659 1341 4719 septum
1365 4652 1417 4708 in
1448 4655 1624 4713 medio
1643 4657 1890 4718 dividens

300 4736 354 4780 et
383 4731 776 4796 separationem
803 4733 1083 4792 inducens.
1124 4739 1192 4795 Et
1216 4750 1272 4798 ut
1295 4742 1471 4801 discas
1497 4763 1743 4820 magnam
1771 4752 1891 4808 ele-

300 4829 600 4877 mentorum
664 4824 1062 4899 obedientiam,
1124 4835 1584 4909 excellentemque
1634 4843 1885 4900 virtutem

297 4906 534 4976 Opiﬁcis,
573 4915 647 4970 ait
671 4933 684 4969 :
708 4915 777 4971 Et
801 4918 993 4990 factum
1022 4932 1093 4977 est
1121 4924 1214 4978 ita.
1245 4925 1387 4982 Dixit
1428 4906 1626 4999 solum,
1670 4942 1722 4989 et
1751 4950 1893 5006 opus

299 5009 580 5066 sequutum
619 5015 720 5060 est.
753 5008 806 5062 7.
841 5008 905 5064 Et
934 5013 1073 5082 fecit,
1102 5014 1197 5081 ait,
1232 5015 1376 5072 Deus
1409 5021 1804 5093 ﬁrmamentum,
1836 5039 1882 5082 et

300 5085 465 5142 divisit
505 5089 643 5148 Deus
685 5096 814 5151 inter
837 5117 1044 5172 aquam,
1065 5121 1179 5175 qua:
1204 5116 1314 5162 erat
1341 5085 1442 5164 sui}
1461 5085 1804 5184 ﬁrmamento,
1834 5128 1891 5174 et“

298 5173 428 5229 inter
450 5194 652 5250 aquam,
692 5202 807 5256 quae
831 5201 936 5244 erat
978 5173 1131 5264 super
1162 5173 1556 5266 ﬁrmamentum.
1596 5173 1878 5264 Facto

297 5279 589 5336 mamento,
618 5273 808 5345 inquit,
831 5279 991 5350 jussit
1014 5299 1179 5356 aquas
1201 5287 1336 5346 alias
1361 5291 1463 5347 sub
1482 5292 1878 5358 ﬁrmamentum

295 5353 445 5424 ferri,
477 5360 610 5416 alias
625 5374 801 5421 autem
827 5385 984 5440 supra
1012 5353 1230 5433 dorsum
1252 5395 1372 5436 esse
1399 5384 1741 5445 ﬁrmamenti.
1771 5391 1877 5449 Sed

291 5447 416 5518 quid
435 5452 648 5510 tandem
672 5471 793 5514 esse
807 5461 1046 5523 dicemus
1065 5470 1165 5526 hoc
1180 5473 1615 5536 ﬁrmamentum?
1639 5447 1874 5555 Aquam;

291 5557 358 5598 ne
401 5543 700 5617 densatam,
732 5553 814 5607 vel
842 5569 1020 5614 aerem
1059 5565 1340 5632 quemdam
1379 5574 1749 5648 convolutum,
1789 5584 1870 5639 vel

289 5634 442 5692 aliam
465 5639 853 5704 substantiam?
879 5647 1044 5708 Nemo
1069 5656 1408 5724 prudentium
1431 5663 1535 5723 hoc
1565 5676 1766 5728 temere
1787 5689 1870 5731 as-

3005 450 3030 458 ν
3245 450 3405 460 “””’“”
3435 450 3486 464 ν.
3531 450 3663 475 γιαιυ

2085 450 2265 506 animo
2303 471 2368 512 ea
2390 476 2509 528 qua:
2533 463 2783 526 dicuntur
2820 490 2850 529 a
2896 482 3048 538 nobis
3073 489 3262 560 accipi,
3296 505 3349 550 et
3391 450 3663 566 nuntiiltr'a

2082 551 2324 602 naturam
2349 561 2586 610 nostram
2609 566 2876 635 progredi,
2907 581 2961 625 et
2985 582 3208 635 scrutari
3233 601 3351 654 qua:
3375 605 3535 663 supra
3567 615 3667 658 nos

2081 649 2236 698 sunt:
2266 645 2360 699 sed
2388 647 2488 704 hoc
2514 655 2687 710 solum
2720 660 2861 718 scire
2900 678 2954 722 et
2995 679 3174 731 tenere
3199 685 3337 751 apud
3371 645 3486 757 nos,
3521 710 3661 764 pra}-

2081 740 2232 764 nnnsn
2264 735 2471 764 ΠΑ...ξ..ε
2501 758 2589 764 __-
2610 747 2631 764 λ
2687 759 2719 764 ν-
3000 761 3017 764 -

2076 740 2232 800 cepto
2264 735 2471 794 Domini
2498 747 2815 812 productum
2842 770 2963 814 esse
2991 735 3403 846 ﬁrmamehtum,
3430 735 3486 836 iii
3508 735 3662 856 slepa-

2079 824 2340 856 ration...“
2383 845 2632 856 -..-.-_____A_
2836 847 2849 856 .
2947 851 2959 856 _

2077 824 2340 882 rationem
2381 845 2662 904 aquarum,
2707 847 2849 912 quod
2879 851 3049 909 valeat
3091 859 3222 916 alias
3263 867 3362 923 sub
3388 824 3464 928 ’se
3495 824 3656 936 COlllli-

2073 929 2222 982 nere,
2255 920 2386 978 alias
2410 940 2539 982 vero
2574 933 2786 992 s'ursnm
2818 943 2870 994 in
2899 942 3062 1002 dorso
3090 964 3187 1007 suo
3216 954 3354 1013 ferre
3379 965 3652 1029 sublimes.

2073 1004 2104 1029 ο
2182 1007 2240 1029 η·
2286 1027 2306 1029 υ
2445 1017 2476 1029 ’λ
2585 1022 2597 1029 ⁸
2701 1025 2725 1029 “

3163 1004 3179 1007 -
3216 1004 3354 1013 -ν-.ν
3379 1004 3652 1029 υιιυΙΙΙιΙυδι

2070 1004 2125 1060 8.
2153 1007 2240 1090 'Et
2282 1017 2498 1082 vocavit,
2547 1022 2643 1090 ait,
2688 1025 2827 1084 Deus
2863 1033 3240 1101 firmamentum
3277 1053 3475 1110 caelum.
3523 1060 3656 1120 Vide

2072 1099 2328 1120 ιιι-Α-ΑΑΑ.⁴¹⁸
2471 1107 2484 1120 .

2864 1099 2872 1101 _
3281 1099 3293 1101 -
3307 1099 3475 1110 νν-ν---υσ
3538 1099 3551 1113 1
3570 1099 3650 1120 ΙὶΙυ

2069 1099 2336 1165 quomodo
2386 1107 2572 1165 eadem
2630 1128 3009 1190 consequentia
3065 1134 3225 1190 etiam
3279 1155 3420 1198 nunc
3469 1147 3650 1206 divina

2069 1185 2182 1206 ομ)
2227 1199 2238 1206 ι
2625 1204 2665 1206 “ᾼ

2066 1185 2338 1260 Scriptura
2370 1212 2462 1252 usa
2491 1210 2592 1256 est.
2622 1204 2753 1264 Nam
2793 1185 2930 1270 sicut
2955 1217 3089 1275 dixit
3133 1223 3271 1294 beri,
3307 1230 3424 1288 Fiat
3451 1185 3646 1307 [ωλι

2065 1287 2343 1399 postquam
2371 1289 2625 1356 producta
2661 1294 2918 1365 fuit,i.une
2941 1307 3170 1379 subjecit
3195 1337 3208 1372 :
3231 1287 3650 1399 Sitdistingwuen;

3040 1368 3059 1379 _
3134 1368 3167 1370 -_
3195 1368 3206 1372 -
3231 1368 3490 1383 η..

2065 1368 2195 1423 inter
2224 1371 2386 1430 lucem
2411 1389 2458 1432 et
2487 1381 2620 1439 inter
2642 1391 2888 1458 tenebras,
2931 1408 2987 1454 et
3011 1403 3088 1458 sic
3113 1405 3284 1466 lucem
3316 1413 3455 1473 dietn
3485 1368 3644 1478 :oca-

2061 1461 2177 1517 vit:
2212 1464 2282 1520 ita
2327 1478 2379 1524 et
2413 1473 2573 1531 hodie
2609 1478 2780 1537 dixit:
2812 1485 2931 1542 Fiat
2972 1493 3346 1562 ﬁrmamentum
3388 1511 3441 1563 in
3482 1499 3646 1572 medie

2060 1569 2223 1625 aquae.
2255 1559 2382 1615 Dein
2405 1565 2543 1622 sicut
2569 1569 2638 1626 de
2667 1572 2785 1631 luce
2809 1577 3037 1651 dixerat,
3062 1587 3130 1642 ita
3157 1602 3209 1646 et
3233 1596 3317 1650 hic
3345 1598 3523 1658 docuit
3545 1623 3642 1663 nos

2058 1661 2211 1703 nsum
2258 1651 2596 1727 ﬁrmamenti,
2655 1664 2722 1720 Ut
2771 1668 2985 1743 dividat,
3047 1682 3141 1748 ait,
3185 1686 3318 1743 inter
3363 1709 3544 1764 aquam
3593 1711 3642 1755 et

2055 1755 2257 1810 aquam.
2295 1744 2360 1799 Et
2386 1759 2665 1822 postquam
2694 1756 2836 1817 hunc
2853 1767 2967 1834 ejus
2992 1785 3142 1827 usum
3171 1744 3477 1852 declaraifit,
3515 1797 3638 1846 tunc

2053 1831 2191 1887 sicut
2217 1835 2320 1891 luci
2347 1854 2539 1896 nomen
2572 1845 2741 1913 dedit,
2787 1852 2856 1908 ita
2884 1831 2952 1912 vet
2982 1859 3318 1924 ﬁrmamento
3355 1831 3508 1932 suum
3538 1895 3638 1936 no-

2054 1938 2175 1978 men
2208 1925 2479 1997 ίιηροευῖι·
2529 1935 2596 1990 E‘
2633 1945 2844 2011 υοεαυίι,
2891 1949 2984 2019 δὴ,
3015 1955 3391 2024 ﬁrmamentum
3431 1974 3634 2042 malum,

2054 2013 2152 2042 Ιιυι..
2181 2024 2476 2042 ---ΑλκριΛ
2590 2030 2648 2042 ε-γ
2885 2041 2892 2042 ,

2051 2013 2153 2072 hoc
2177 2024 2318 2089 quod
2343 2024 2568 2084 videtur.
2590 2030 2953 2110 thuomodo,
2983 2046 3210 2120 inquies,
3241 2059 3423 2116 volunt
3450 2018 3632 2135 aliqui:

2052 2108 2216 2135 ειμι.--
2238 2115 2426 2135 _.-_I._-
2541 2122 2556 2135 ι
2633 2124 2655 2135 -
2931 2134 2938 2135 ,

2049 2108 2218 2166 factos
2238 2115 2435 2173 multos
2461 2122 2656 2178 cados?
2681 2142 2788 2183 non
2813 2145 2880 2186 ex
2910 2134 3086 2193 divina
3122 2140 3391 2215 Scriptura
3423 2108 3632 2212 ΙιοοῚᾶίΣ

2048 2201 2315 2272 dicerunt,
2345 2210 2438 2264 sed
2463 2227 2527 2267 ex
2556 2216 2668 2272 suis
2698 2222 2990 2283 ratiociniis
3019 2229 3121 2288 hoc
3155 2235 3407 2296 inferunt.
3439 2241 3630 2307 Beatus

2045 2305 2222 2351 autem
2252 2299 2425 2358 Moses
2453 2306 2583 2362 nihil
2622 2309 2706 2367 his
2731 2318 2961 2386 amplius
2983 2325 3138 2381 docet
3167 2347 3179 2382 :
3214 2347 3334 2388 nam
3379 2348 3435 2393 ut
3471 2341 3623 2410 dixit,

2054 2383 2112 2410 1.-
2137 2389 2299 2410 μμξμ-ε
2341 2393 2353 2405 ι
2414 2398 2434 2410 ρ
2490 2397 2520 2410 o,
2568 2399 2600 2410 -ι
2803 2409 2811 2410 ,

2044 2383 2112 2439 In
2134 2389 2384 2462 principio
2403 2397 2523 2465 fecit
2556 2399 2693 2457 Deus
2719 2383 2900 2464 caelum
2929 2424 2977 2467 et
3012 2424 3195 2476 terram
3225 2439 3244 2478 :
3269 2435 3322 2480 et
3342 2428 3464 2486 dein
3494 2388 3625 2489 can:

2041 2491 2156 2533 sam
2179 2479 2360 2539 docuit
2385 2501 2550 2556 quare
2580 2499 2718 2548 terra
2748 2511 2889 2556 esset
2919 2503 3220 2579 invisibilis,
3264 2532 3455 2590 nempe
3483 2527 3623 2594 quod

2042 2569 2245 2594 ..ι---.Α
2277 2589 2296 2594 Α
2328 2585 2367 2594 ιθ
2453 2581 2465 2594 ¹
2519 2583 2529 2594 ³
2779 2591 2788 2594 “

2039 2569 2250 2628 obtecta
2273 2589 2302 2629 a
2327 2581 2561 2639 tenebris
2591 2596 2644 2641 et
2669 2591 2822 2660 aquis
2855 2595 3068 2670 abyssi;
3099 2617 3220 2672 post
3248 2569 3620 2675 formatiohcni

2037 2658 2190 2730 lucis,
2220 2667 2407 2724 ordine
2433 2681 2487 2726 et
2515 2685 2894 2750 consequentia
2929 2691 3158 2759 quadam
3204 2708 3377 2769 utens,
3408 2705 3576 2777 inquit
3604 2729 3617 2765 :

2045 2750 2106 2777 η.
2154 2754 2279 2777 ,ιε-ει
2321 2758 2357 2777 h
2528 2763 2587 2777 "'
2701 2771 2720 2777 ‘

2038 2750 2106 2868 ft
2147 2754 2279 2810 dixit
2309 2758 2468 2828 Deus,
2516 2763 2641 2821 Fiat
2681 2750 3076 2840 ﬁrmamentum.
3112 2787 3311 2847 Deinde
3341 2750 3619 2868 postquam

2072 2845 2386 2868 ,.,...:.J:..-.,
2442 2865 2450 2868 _
2738 2863 2752 2868 -
2810 2867 2819 2868 ,

2032 2840 2212 2900 docuit
2236 2846 2520 2921 diligenter
2547 2873 2696 2915 usum
2736 2863 2889 2924 istius
2906 2869 3246 2948 ﬁrmamenti,
3272 2895 3326 2939 et
3341 2840 3513 2956 ldixii,
3548 2893 3616 2948 Ut

3195 2934 3246 2948 ,,
3279 2934 3326 2939 _-
3359 2934 3513 2956 _.....,
3549 2934 3610 2948 ν.

2030 2934 2354 3010 distingueret
2393 2946 2522 3002 inter
2540 2967 2734 3020 aquam»
2753 2968 2800 3012 et
2828 2977 3030 3034 aquam,
3064 2969 3199 3027 istud
3232 2976 3401 3047 ipsum
3434 2982 3610 3040 ﬁrma-

2029 3039 2265 3087 mentum
2294 3038 2432 3105 quod
2459 3057 2716 3112 aquarum
2738 3058 3126 3122 separatiouem
3150 3065 3395 3140 faciebat,
3424 3079 3613 3134 cadum

2026 3125 2254 3180 vocavit.
2287 3129 2416 3196 Quis
2451 3131 2610 3204 igitur
2647 3150 2765 3209 post
2794 3154 2990 3203 tantam
3028 3151 3322 3214 doctrinam
3353 3125 3486 3220 feret
3519 3184 3614 3226 eos

2023 3216 2112 3285 qui
2139 3232 2205 3272 ex
2249 3235 2345 3277 sua
2374 3239 2554 3284 mente
2584 3222 2748 3303 loqui,
2781 3248 2834 3293 et
2873 3252 3057 3298 contra
3102 3246 3334 3307 divinam
3367 3255 3612 3328 Scriptu-

2021 3321 2135 3361 ram
2163 3312 2358 3368 multos
2383 3319 2547 3375 caelos
2567 3323 2747 3382 dicere
2776 3331 3012 3389 audent?
3051 3338 3120 3394 At
3147 3341 3392 3411 inquiunt
3425 3366 3438 3402 :
3471 3312 3608 3410 [Ecce

2019 3397 2208 3456 beatus
2258 3406 2420 3462 David
2465 3411 2676 3470 laudem
2721 3418 2830 3475 Deo
2868 3424 3119 3496 oll‘erens,
3156 3397 3337 3492 dixit:
3379 3439 3608 3498 Laudate

2019 3507 2154 3558 eum,
2184 3497 2296 3550 etuti
2321 3501 2558 3557 caelorum
2586 3507 2758 3576 (Psal.
2783 3512 2902 3568 M8.
2930 3518 3004 3588 l).
3031 3519 3107 3576 Nc
3129 3525 3604 3602 turheris,dileetc,

2017 3597 2191 3652 neque
2221 3597 2374 3654 putes
2407 3606 2611 3648 sacram
2642 3597 2968 3669 Seripturam
3001 3611 3206 3683 sibiipsi
3248 3619 3440 3678 alicubi
3467 3597 3598 3682 con;

2018 3674 2233 3730 lrariam
2269 3696 2283 3731 :
2313 3680 2408 3736 sed
2435 3682 2578 3742 disce
2605 3691 2780 3757 potius
2805 3693 3064 3756 dictorum
3091 3674 3364 3766 veritatem
3384 3757 3398 3780 ,
3440 3728 3494 3772 et
3521 3729 3600 3774 te-

2016 3779 2148 3824 nens
2190 3767 2473 3840 diligenter
2519 3776 2662 3834 illius
2702 3781 3026 3858 doctrinam,
3075 3794 3264 3854 obtura
3304 3767 3467 3864 auios
3519 3811 3594 3867 illi

2011 3863 2278 3918 contraria
2303 3864 2623 3926 dicentibus.

2076 3953 2131 4007 4.
2177 3953 2484 4014 Ptolemaius
2510 3977 2748 4020 convocat
2767 3966 2919 4025 LXX
2927 3971 3267 4054 interpretes.
3290 4014 3361 4026 —
3376 3987 3443 4044 Et
3463 3993 3596 4062 quid

2009 4041 2110 4098 hoc
2135 4045 2224 4112 sit,
2257 4049 2397 4118 quod
2426 4052 2604 4110 dicere
2649 4057 2791 4125 volo,
2822 4050 3002 4120 audite
3044 4084 3230 4139 magna
3274 4041 3618 4151 altentidne,

2005 4145 2062 4191 ut
2089 4153 2157 4194 ne
2183 4139 2336 4197 facile
2356 4148 2672 4203 moveamini
2696 4165 2725 4204 a
2757 4153 3053 4214 volentibus
3075 4162 3328 4234 quidquid
3361 4169 3411 4224 in
3440 4188 3590 4228 mcu-

2006 4237 2111 4285 tem
2139 4233 2344 4288 venerit
2372 4233 2571 4294 dicere.
2598 4239 2798 4298 Omnes
2823 4245 2987 4303 divini
3018 4250 3136 4306 libri
3171 4233 3377 4314 veteris
3405 4261 3594 4318 Testa:

2003 4321 2167 4376 menti
2199 4322 2543 4383 llebrieorum
2571 4330 2746 4402 lingua
2790 4335 2859 4390 ab
2906 4338 3056 4396 initio
3100 4344 3252 4402 fuere
3280 4357 3593 4424 compositi,

1999 4422 2052 4466 et
2081 4412 2134 4467 in
2167 4416 2268 4470 hoc
2295 4416 2570 4474 uobiscum
2614 4429 2984 4484 consenserint
3021 4447 3230 4492 omnes.
3260 4438 3376 4496 Non
3407 4447 3592 4503 multis

1997 4512 2174 4558 autem
2201 4507 2357 4563 annis
2385 4518 2510 4564 ante
2543 4511 2830 4587 adventum
2859 4518 3057 4577 Christi
3087 4540 3183 4581 rex
3210 4531 3424 4599 quidam
3456 4535 3583 4592 Pto-

1996 4594 2212 4652 lcmteus
2242 4597 2341 4672 (a),
2375 4603 2426 4656 in
2450 4605 2764 4676 colligendis
2802 4609 2949 4666 libris
2975 4594 3260 4675 admodum
3286 4627 3580 4697 studiosus,

1994 4688 2320 4746 multis-aliis
2347 4691 2680 4768 diversisque
2712 4703 2934 4770 coactis,
2963 4721 3141 4776 opera:
3162 4716 3390 4780 pretium
3419 4729 3578 4786 puta-

1991 4779 2068 4833 vit
2096 4781 2194 4836 hos
2218 4784 2380 4839 etiam
2423 4785 2589 4844 libros
2626 4787 2896 4861 colligere.
2933 4797 3019 4850 Ea.
3035 4798 3102 4854 de
3129 4809 3585 4875 causasquosdam»

1989 4869 2294 4928 Judieorum
2341 4875 2912 4951 Jerosolymitauorum,
2964 4888 3184 4959 accivit,
3227 4869 3462 4965 qui-eos
3517 4902 3579 4956 in

1989 4959 2227 5017 Griecam
2257 4965 2486 5036 linguam
2511 4980 2818 5028 verterent:
2849 4978 2989 5047 quod
3016 4981 3176 5037 etiam
3207 4959 3497 5054 perfectum
3523 5003 3580 5049 et

1986 5051 2286 5109 absolutum
2318 5055 2433 5112 fuit.
2467 5058 2686 5116 Factum
2709 5074 2887 5121 autem
2910 5071 3114 5128 esthoc
3132 5051 3326 5132 divinae
3357 5079 3578 5150 dispen-

1987 5145 2208 5200 sationis
2239 5157 2614 5222 Opus,.utnon
2655 5155 2829 5210 solum
2875 5159 3147 5218 llebraica:
3178 5166 3370 5238 lingua:
3393 5173 3578 5240 periti,

1987 5235 2080 5290 sed
2108 5246 2162 5292 et
2189 5252 2378 5296 omnes
2402 5241 2490 5312 qui
2522 5251 2700 5299 totum
2717 5247 2902 5304 orbem
2930 5235 3338 5320 iuliabitaut,‘ex
3364 5235 3442 5316 eis
3469 5265 3588 5320 uti-~

2041 5435 2124 5521 (al
2149 5435 3391 5521 'itv'eeﬁeﬁaﬂsuoeelevetis:Cernemus.
3417 5459 3577 5510 Phili-

1979 5499 2187 5560 delphus
2209 5499 2357 5572 fuisse
2379 5502 2555 5575 dicitur
2578 5499 2628 5575 in
2661 5499 3573 5575 Historia-Aristetefcujusﬁdem";

1983 5569 2184 5626 teraque
2205 5563 2363 5648 omt'iia
2385 5564 2445 5634 ad
2471 5566 3076 5648 versionemrseptuazlqiuta
3096 5563 3426 5648 interpretii};
3455 5563 3574 5648 .517...

1983 5625 2178 5648 Ιὸιιηηιέσι
2199 5634 2294 5648 nun
2316 5635 2555 5648 nun-"nan...
2579 5640 2624 5648 ..ι
2651 5633 2749 5648 περ...
2772 5639 2954 5648 ..η-ηρ...
2977 5641 3049 5648 ...η
3085 5644 3103 5648 _
3167 5643 3199 5648 --

1977 5621 2181 5714 “negti?
2198 5621 2559 5714 gstitat-agnus;
2579 5627 2626 5697 in
2651 5621 3052 5680 tmﬁminaribus
3083 5633 3142 5683 ad
3165 5621 3573 5714 incitatior'i'g;

1983 5691 2059 5714 nl.
2173 5713 2181 5714 κ
2207 5709 2219 5714 -
2282 5696 2311 5714 Il
2389 5698 2415 5714 υ
2469 5700 2498 5714 ιλ
2519 5699 2588 5714 ι

1981 5681 2059 5730 nis
2080 5691 2184 5738 cap.
2207 5681 2366 5738 3.1tbl
2389 5684 2498 5737 vide
2518 5682 2606 5738 sis;
