4094 6204
606 281 671 336 Π
1309 277 1365 331 S.
1408 277 1684 333 JO.\N.\'IS
1721 275 2198 336 CllllYSOSTOMl
2241 279 2561 340 AllClllEl’.
2601 283 3139 344 CONSTANTINOP.
3825 288 3896 344 48

603 426 696 472 rev
729 414 937 484 aliquis
963 421 1205 467 terrenus
1239 410 1424 480 legem
1468 414 1726 481 poniisset
1749 456 1764 479 ,
1801 425 1856 469 ut
1882 416 1964 470 vel
2013 417 2191 470 inimi-

607 523 790 562 corum
816 515 1122 559 nostrorum
1151 517 1336 559 curam
1379 519 1626 575 geramus
1651 547 1667 572 ,
1694 508 1775 562 vel
1807 520 1979 562 morte
2007 510 2194 572 punia-

605 613 743 663 mur,
776 610 954 650 annon
1004 605 1147 651 metu
1195 597 1703 667 mortiseerporalis
1731 615 1918 655 omnes
1945 617 2192 656 accurre-

602 699 720 742 rent
748 686 814 742 ad
844 687 1168 756 implzndam
1199 690 1396 761 legent?
1418 691 1624 758 Quanta
1651 693 1808 764 igitur
1824 695 2196 752 criminatione

601 780 792 850 dignus
825 779 982 834 fuerit
1011 780 1056 835 is
1079 823 1092 847 ,
1123 783 1212 853 qui
1243 782 1313 838 ob
1359 786 1691 854 Corporalem
1742 796 1966 842 mortem
1996 831 2009 850 ,
2037 804 2194 857 quam

599 872 800 941 alioqui
834 882 1037 927 natura:
1065 877 1358 930 necessitas
1384 875 1588 941 alTeret,
1621 880 1796 933 omnia
1821 880 2069 948 amplecti
2096 896 2192 950 pa-

599 971 772 1027 ratus,
793 965 1060 1032 proposita
1092 977 1268 1020 autem
1300 981 1454 1037 [uena
1480 971 1702 1032 mortis,
1735 985 1853 1038 qua:
1886 971 2081 1024 nullam
2113 973 2194 1024 in-

601 1053 809 1106 venerit
852 1054 1311 1117 consolationem,
1348 1057 1522 1111 minus
1570 1068 1718 1112 curat
1768 1059 1936 1130 legem
1966 1061 2032 1114 ab
2083 1062 2195 1114 tini-

590 1157 883 1198 'versorum
899 1143 1136 1199 'Dontino
1168 1146 1367 1200 latam?

669 1233 726 1291 8.
755 1234 862 1290 Sed
892 1235 994 1290 mei
1036 1235 1232 1291 oblitus
1271 1252 1390 1292 sum
1420 1281 1433 1303 ,
1461 1237 1584 1292 dum
1612 1240 1724 1295 hinc
1752 1240 1940 1310 loquor
1973 1242 2072 1307 iis,
2107 1244 2194 1312 qtti

597 1338 702 1379 nec
741 1325 1196 1383 bettcfacicntibus
1239 1343 1418 1398 parem
1455 1331 1677 1400 gratiam
1724 1333 2041 1400 rependunt.
2069 1333 2197 1400 Quis

601 1415 762 1484 igitur
785 1416 1008 1486 posthac
1031 1435 1061 1473 e
1082 1419 1348 1488 supplicio
1371 1420 1461 1474 illo
1489 1437 1583 1474 nos
1615 1423 1826 1492 eripiet,
1853 1425 2065 1493 quanio
2091 1442 2193 1479 lmtt

599 1508 773 1562 solum
796 1508 864 1562 ab
885 1509 985 1566 hoc
1017 1511 1268 1565 mandato
1293 1513 1448 1584 longe
1487 1513 1749 1567 distaann
1771 1557 1783 1575 ,
1814 1515 1905 1569 sed
1935 1533 2104 1585 neque
2134 1535 2194 1571 ea

602 1599 824 1654 facimus
875 1617 994 1671 qua:
1043 1603 1352 1672 publicani?
1408 1604 1468 1660 Si
1513 1607 1642 1658 cnim
1686 1607 1896 1675 diligitis
1936 1609 2196 1678 diligentes

602 1707 723 1758 t'os,‘
746 1692 820 1746 ait
847 1734 861 1755 ,
894 1693 1016 1764 quid
1059 1695 1232 1765 magni
1260 1697 1470 1765 facitis?
1511 1715 1677 1750 nonne
1704 1709 1749 1751 ct
1795 1699 2054 1769 publicani
2101 1700 2196 1753 Itnc

568 1785 735 1839 idem
765 1787 959 1856 faciunt
992 1787 1200 1861 (Matth.
1225 1790 1278 1844 5.
1321 1791 1460 1860 46)?
1508 1789 1639 1846 Cum
1679 1791 1837 1862 igitur
1879 1809 2051 1862 neque
2099 1795 2198 1847 hoc

583 1889 633 1928 -a
664 1891 697 1929 η
721 1876 817 1930 ιὺίε
849 1877 966 1941 fiat,
999 1895 1117 1949 quze
1159 1881 1346 1935 salutis
1390 1891 1586 1936 nostra:
1627 1882 1792 1952 Spes?
1838 1885 1960 1938 Ideo
1991 1901 2103 1947 oro,
2132 1900 2197 1939 nc

597 1967 775 2021 simus
790 1968 1239 2028 imntisericmdes
1257 1972 1293 2040 ί,
1312 1972 1404 2025 sed
1428 1984 1640 2026 nostras
1656 1975 2003 2043 cogitationes
2024 1976 2197 2030 dome-

585 2071 727 2114 ‘mus
751 2102 765 2124 ,
795 2071 847 2117 et
869 2063 1096 2132 primum
1121 2064 1333 2130 quidem
1362 2064 1476 2119 disc
1512 2080 1631 2119 mus
1652 2066 1864 2121 vincere
1893 2084 1924 2136 p
1956 2068 2048 2121 Oxi
2074 2083 2195 2120 num

601 2152 856 2220 caritate,
880 2165 934 2209 et
960 2155 1253 2210 secundum
1285 2156 1497 2212 beatum
1527 2158 1822 2228 apostolum
1847 2203 1858 2221 ,
1903 2161 2061 2212 alium
2086 2160 2199 2214 sin-

602 2243 710 2312 guli
742 2259 800 2300 se
840 2245 1042 2302 lmnore
1073 2249 1500 2317 pnestantiorcm
1544 2249 1863 2305 arbitrantes
1889 2249 2108 2322 (Philip.
2141 2252 2195 2305 2.

606 2335 687 2403 5),
721 2337 771 2390 in
796 2336 898 2392 hoc
929 2338 1064 2392 vinci
1095 2356 1200 2394 non
1230 2339 1484 2406 feramus,
1514 2341 1606 2395 sed
1637 2343 1910 2396 vincamus
1949 2351 2001 2396 et
2043 2359 2199 2411 supc-

605 2441 808 2491 remus,
832 2429 928 2483 sed
944 2440 996 2485 et
1019 2431 1274 2498 majorem
1304 2443 1354 2486 et
1373 2431 1750 2486 l'erventiorcm
1774 2448 1896 2502 erga
1919 2434 2199 2503 diligentes

604 2519 850 2575 allectum
879 2523 1331 2578 demonstremus.
1364 2525 1474 2579 [loc
1523 2527 1664 2578 enim
1699 2525 1929 2579 maxime
1960 2527 2196 2578 omnium

605 2613 768 2666 vitam
801 2623 1036 2668 nOSIram
1064 2615 1304 2669 continet
1328 2626 1382 2670 et
1405 2623 1688 2670 conservat
1709 2657 1723 2682 ,
1757 2626 1809 2670 ct
1840 2617 1940 2670 hoc
1967 2631 1996 2669 a
2028 2617 2198 2670 brutis

607 2703 840 2775 ferisque
889 2706 1146 2761 distamus
1173 2749 1185 2772 ,
1210 2707 1349 2777 quod
1403 2712 1666 2778 possimus
1687 2750 1702 2776 ,
1753 2711 1796 2763 si
1830 2711 2155 2765 voluerimus
2181 2753 2194 2778 ,

611 2805 992 2865 congruentem
1021 2798 1176 2852 nobis
1205 2813 1524 2855 conservare
1550 2801 1795 2856 ordinem
1819 2843 1833 2867 ,
1862 2811 1915 2856 et
1954 2818 2198 2872 magnam

599 2899 731 2939 cum
767 2887 1022 2954 proximis
1046 2889 1384 2944 concordiam
1407 2889 1662 2947 exhibere
1687 2909 1701 2944 :
1733 2891 1925 2947 deinde
1957 2908 2083 2948 vero
2110 2908 2202 2947 co-

592 2979 918 3046 gitat'oncm
962 2987 1197 3034 nostram
1243 2997 1524 3047 coercere,
1569 2998 1630 3037 ac
1658 2983 2009 3038 truculentam
2058 2984 2198 3038 illam

593 3071 774 3122 ‘l'eram
805 3112 818 3130 ,
854 3069 983 3124 iram
1014 3071 1166 3138 dico,
1205 3071 1478 3128 lancinate
1505 3116 1518 3138 ,
1547 3089 1610 3128 ac
1641 3075 1898 3129 tremendi
1931 3076 2071 3131 illius
2103 3077 2198 3130 tri-

590 3157 822 3212 'lnmalis
851 3159 1125 3216 horrorem
1155 3163 1250 3231 ipsi
1277 3176 1682 3234 reprmsentare,
1711 3165 1957 3236 illamque
1982 3166 2198 3235 dooere,

597 3250 660 3302 si
690 3249 878 3305 adduci
913 3254 1082 3321 possit
1110 3264 1164 3308 ut
1193 3254 1418 3310 inimicis
1448 3257 1821 3312 reconcilietur
1840 3299 1852 3323 ,
1885 3257 1997 3312 fore
2022 3268 2080 3311 ut
2110 3258 2206 3312 bo-

604 3340 702 3393 nis
733 3340 1036 3412 ingentibus
1065 3345 1385 3411 enuntietur;
1419 3347 1500 3401 sin
1541 3357 1720 3403 autem
1763 3349 1813 3402 in
1859 3349 2203 3403 contentione

617 3443 922 3497 perseveret
942 3476 955 3492 ,
978 3436 1122 3502 gravi
1154 3437 1415 3507 supplicio
1448 3438 1712 3506 tornatur.
1748 3437 1930 3509 Neque
1955 3440 2095 3495 enim
2121 3448 2201 3494 te-

618 3537 764 3578 mere
789 3533 837 3577 et
867 3523 1128 3580 inutiliter
1156 3536 1366 3598 tempus
1389 3530 1694 3599 expendere
1720 3545 1818 3586 nos
1848 3540 2077 3601 Oportet,
2109 3530 2202 3586 sed

592 3613 834 3684 singulis
860 3616 1046 3673 diebus
1075 3630 1129 3673 et
1181 3620 1326 3676 horis
1361 3631 1485 3678 ante
1527 3623 1715 3678 oculos
1746 3635 1956 3680 nostros
2005 3639 2202 3694 prOpo-

591 3721 745 3759 nere
777 3707 988 3761 Domini
1022 3709 1278 3778 judicium
1306 3729 1320 3777 ;
1353 3723 1405 3767 ct
1427 3730 1545 3783 qua:
1571 3715 1680 3769 sint
1722 3731 1782 3770 ea
1812 3731 1932 3786 qua:
1957 3731 2202 3785 magnam

591 3798 768 3850 amitis
801 3799 1041 3853 lidnciam
1065 3802 1255 3855 afferre
1281 3813 1492 3870 queant,
1519 3819 1761 3872 quaenam
1789 3807 1914 3859 item
1941 3823 2059 3875 qua:
2088 3823 2202 3875 pa:-

593 3900 738 3937 -nam
768 3887 1017 3940 inferant.
1049 3890 1219 3958 Atque
1241 3890 1353 3946 ha'c
1399 3894 1465 3945 ita
1497 3903 1769 3948 versantes
1799 3895 1852 3948 in
1895 3901 2090 3950 nostris
2115 3912 2205 3951 co-

615 3976 962 4041 εῑιειιξυιιῐιηις
989 4020 1003 4044 ,
1032 3994 1343 4046 superemus
1370 3982 1592 4037 allectus
1611 4022 1627 4048 ,
1656 3998 2061 4054 compescamus
2082 4002 2202 4041 ear-

621 4064 702 4117 nis
725 4064 987 4134 lascivias,
1008 4078 1061 4123 et
1085 4071 1486 4138 mortilicemus,
1512 4075 1801 4129 secundum
1833 4077 2044 4130 beatum
2069 4078 2202 4132 Peu-

619 4155 749 4221 lutn,
784 4157 1009 4213 Membra
1052 4171 1222 4217 nostra
1247 4180 1359 4234 qure
1385 4175 1502 4218 sunt
1545 4182 1696 4236 super
1725 4176 1946 4232 terram,
1977 4171 2202 4237 fornica-

618 4249 802 4300 tionem
833 4291 847 4315 ,
910 4251 1328 4320 immunditiam,
1383 4255 1684 4322 mollitiem,
1748 4261 2203 4328 concupiscentiam

615 4339 802 4391 malum
829 4338 1005 4406 (Calas
1029 4362 1164 4398 sons.
1181 4346 1231 4398 5.
1257 4344 1332 4409 Ei),
1368 4343 1601 4400 furorem
1628 4389 1644 4414 ,
1673 4348 1940 4402 avaritiam
1962 4392 1976 4414 ,
2011 4366 2199 4405 vanam

614 4430 855 4496 gloriam,
872 4431 1390 4504 invidentiam.Quotl
1409 4439 1450 4492 si
1471 4437 1552 4494 his
1567 4439 1932 4496 allectionibm
1947 4459 2042 4498 nos
2057 4461 2201 4498 mor-

615 4532 736 4575 tuos
767 4523 1175 4594 reddiderimus,
1212 4530 1281 4584 ita
1328 4542 1382 4585 ut
1429 4533 1478 4586 in
1511 4533 1664 4588 nobis
1703 4536 1832 4589 nihil
1859 4539 2067 4606 operari
2108 4554 2198 4592 va-

615 4612 773 4677 leant,
795 4618 1082 4684 poterimus
1100 4623 1338 4692 accipere
1357 4624 1554 4679 fructus
1569 4625 1911 4698 Spiritus,qni
1929 4637 2052 4683 sunt
2067 4629 2203 4684 Cari-

613 4716 709 4772 tas,
735 4708 995 4776 gaudium,
1017 4729 1136 4780 pax,
1161 4714 1534 4786 longanimitas,
1560 4718 1857 4790 benignitas,
1889 4720 2104 4785 bonitas,
2135 4724 2202 4788 ﬁ-

603 4799 718 4859 des,
739 4803 1088 4859 mansuetudo.
1106 4809 1406 4861 continentia
1425 4813 1440 4878 (
1451 4809 1566 4864 Gal.
1586 4812 1637 4867 5.
1653 4812 1770 4882 29.).
1790 4813 1901 4868 lloc
1911 4811 2086 4868 Christ
2099 4815 2201 4869 iani

611 4889 680 4942 ab
708 4890 906 4947 inﬁdeli
938 4893 1219 4952 discrimen
1263 4901 1330 4953 sit
1367 4918 1379 4953 :
1411 4900 1493 4956 his
1535 4903 1821 4973 signaculis
1864 4903 2197 4959 internosca-

609 4996 750 5044 mnr,
787 4997 852 5034 ne
873 4983 984 5037 sola
1015 4987 1368 5056 appellatione
1393 5006 1669 5060 ornemur,
1695 5009 1868 5065 neque
1895 4995 2076 5049 habitu
2107 5011 2202 5050 cx-

610 5081 767 5124 terno
808 5071 1053 5129 inllenmr
1087 5087 1141 5131 et
1167 5081 1544 5148 superbiamus
1567 5126 1579 5145 ,
1612 5085 1718 5139 imo
1747 5085 1868 5139 licet
1897 5086 2199 5155 possidere-

606 5176 732 5215 -mus
759 5165 934 5217 omnia
961 5207 976 5231 ,
1006 5180 1124 5235 qua:
1169 5183 1310 5224 nunc
1349 5175 1694 5240 enumeravi,
1729 5190 1797 5230 ne
1827 5176 2198 5245 superbiamus

609 5267 891 5322 umquam,
931 5256 1037 5310 imo
1083 5259 1250 5329 magis
1303 5276 1398 5316 nos
1449 5261 1807 5319 hutniliemus.
1857 5265 2023 5333 Nam,
2073 5270 2196 5322 (iam

611 5347 780 5397 anmia
811 5350 1046 5416 feceritis,
1079 5352 1171 5418 ait,
1205 5353 1356 5407 dicite
1389 5371 1405 5408 :
1432 5355 1580 5410 Servi
1607 5356 1813 5413 inutiles
1836 5375 2011 5414 sumus
2042 5359 2196 5433 (Luc.

614 5436 699 5489 l7.
739 5438 844 5504 l0).
877 5439 929 5494 Si
961 5443 1031 5498 ita
1053 5444 1264 5500 solliciti
1290 5455 1524 5501 nostram
1551 5449 1771 5504 salutem
1805 5451 2193 5518 curaverimus,

675 5589 811 5666 attic-
829 5590 1029 5666 multum
1050 5597 1236 5666 variant
1251 5599 1566 5666 exemplaria.
1586 5601 1725 5653 Savil.
1748 5613 1796 5652 et
1818 5602 2028 5654 (Tolbert.
2053 5619 2193 5666 unus,

609 5659 666 5724 ζει·
691 5660 837 5724 While
863 5659 1016 5723 ’τίίιιιιεῤ
1040 5659 1170 5724 t‘it't‘q
1193 5659 1561 5724 olfacrt'at'iom-ttt
1585 5675 1934 5714 mandatorum.
1985 5667 2150 5714 (.trlaiiti
2177 5659 2189 5724 ξ

606 5719 666 5758 ue
683 5711 947 5770 publicanis
966 5714 1111 5765 simias
1130 5719 1324 5769 similes.
1347 5711 1524 5785 \torel.,
1539 5711 1594 5776 ne
1611 5711 1908 5777 Sittittsiinuni
1926 5711 2192 5778 cuiauis:

2312 401 2605 468 poterimus
2629 411 2682 455 et
2708 402 2860 456 nobis
2887 403 3016 472 ipsis
3051 403 3303 472 prodeSse
3336 403 3642 474 plurimum,
3669 414 3718 461 et
3749 423 3778 460 a
3813 407 3888 462 lu-

2310 500 2426 545 taro
2451 494 2709 562 supplicio
2736 495 2866 564 eripi
2893 536 2907 560 ,
2930 505 2986 550 et
3009 495 3072 549 iis
3107 497 3194 566 qui
3225 512 3322 550 nos
3350 496 3578 551 viderint
3600 539 3615 561 ,
3649 500 3890 568 magistri

2306 600 2424 638 esse
2463 601 2641 639 rerum
2675 586 2881 641 utilium
2915 605 2928 640 :
2957 598 3014 642 ut
3058 589 3343 658 diligenter
3372 600 3556 644 exacta
3611 591 3711 645 liae
3736 592 3845 646 vita
3876 637 3887 656 ,

2304 688 2651 744 as'scqnamnr
2678 691 2818 741 eam,
2847 694 2967 746 qua:
2999 678 3049 732 in
3075 677 3250 732 futuro
3281 680 3477 733 Sic-culo
3500 681 3620 747 erit,
3646 682 3890 752 benigni-

2306 772 2491 831 tatem,
2519 783 2674 838 qnam
2693 769 2843 824 nobis
2868 771 3115 825 omnibus
3139 772 3396 827 concedat
3413 774 3575 841 gratia
3604 782 3658 829 et
3679 777 3890 829 miseri—

2303 858 2486 912 cordia
2512 861 2716 914 l)omini
2746 863 2912 917 nostri
2937 862 3060 918 Jesu
3087 863 3306 928 Christi,
3331 879 3450 918 eum
3473 880 3580 934 quo
3610 865 3750 920 l‘atri
3770 869 3890 936 glo-

2306 950 2402 1015 ria,
2434 951 2734 1020 imperiutn,
2760 953 2865 1008 bon
2888 970 2931 1008 ir
2951 955 3002 1008 in
3033 956 3222 1010 sa‘cula
3242 957 3580 1014 Stccnlorum.
3601 961 3766 1014 Amen
3789 961 3890 1029 (α).

2870 1065 3145 1120 llOMlLlA
3191 1067 3251 1122 γ.

2309 1191 2370 1242 Et
2407 1193 2533 1244 dixit
2559 1191 2619 1245 Β.
2640 1209 2696 1246 us
2729 1211 2740 1246 :
2769 1193 3134 1264 Congrcgctur
3172 1210 3303 1264 aqua
3332 1211 3453 1265 qum
3484 1195 3583 1251 sub
3607 1196 3738 1250 cu'lo
3769 1207 3849 1250 est
3878 1240 3893 1262 ,

2307 1284 2355 1336 in
2382 1285 2842 1353 COXIgf.‘galiUl;eill
2863 1303 2910 1339 ut
2932 1301 3038 1350 azn,
3061 1296 3380 1356 etappareat
3398 1287 3538 1341 arida
3564 1287 3717 1358 (Gen.
3745 1290 3896 1357 1.9),

2378 1414 2427 1466 l.
2454 1410 3046 1484 Scriptura'anrifodtnis
3073 1383 3416 1485 comparatur:
3441 1447 3510 1458 —
3531 1420 3639 1488 Age
3661 1430 3712 1472 et
3735 1418 3893 1473 hodie

2304 1521 2367 1561 cx
2400 1505 2538 1560 hcati
2569 1508 2774 1563 Moseos
2808 1511 2987 1564 verbis
3008 1512 3308 1564 convivium
3341 1513 3660 1565 instruamus
3702 1525 3894 1567 vestra:

2304 1600 2544 1664 caritati,
2577 1610 2630 1654 et
2655 1617 2772 1669 qua-
2807 1617 2834 1653 a
2867 1590 3095 1655 Domino
3129 1602 3216 1656 die
3251 1604 3404 1657 tertio
3433 1602 3565 1657 facta
3597 1606 3699 1656 sint
3722 1646 3736 1668 ,
3769 1605 3895 1657 dili-

2303 1698 2490 1757 genter
2505 1691 2925 1744 consideremus.
2951 1691 3079 1744 Nam
3107 1693 3149 1745 si
3180 1692 3210 1746 ii
3231 1693 3315 1762 qui
3337 1693 3385 1746 in
3405 1691 3719 1747 auril'odinis
3743 1693 3894 1746 labo-

2301 1790 2418 1834 rant
2448 1778 2520 1852 (Ιι)
2542 1823 2555 1846 ,
2585 1781 2670 1836 tibi
2703 1798 2863 1836 vt-nas
2889 1784 3144 1852 quasdam
3177 1794 3414 1839 ramenta
3448 1801 3554 1854 pra:
3585 1801 3641 1840 se
3663 1785 3894 1840 ferentes

2301 1874 2594 1942 conspicati
2638 1875 2824 1929 fuerint
2854 1919 2866 1939 ,
2900 1892 2927 1928 τι
2965 1877 3215 1931 fodiendo
3246 1893 3349 1932 non
3383 1879 3682 1945 desistunt,
3725 1881 3894 1934 donec

2289 1979 2422 2034 qum
2439 1966 2651 2020 obstant
2668 1969 2984 2034 amaverint,
3007 1979 3055 2023 et
3078 1971 3128 2022 in
3152 1969 3468 2038 profundum
3487 1971 3892 2034 descendentes.

2303 2071 2434 2125 opes
2457 2057 2578 2113 inde
2605 2075 2822 2128 magnas
2857 2062 3230 2130 perceperint:
3259 2062 3426 2115 multo
3467 2063 3632 2132 magis
3667 2079 3762 2115 nos
3787 2081 3890 2116 non

2304 2148 2418 2201 auri
2437 2159 2672 2204 ramenta
2691 2151 3036 2220 inquirentes,
3057 2152 3149 2206 sed
3169 2152 3568 2207 inenarrabilem
3589 2155 3890 2209 thesaurum

2306 2241 2617 2296 inventuros
2638 2255 2936 2312 sperantes,
2957 2245 3112 2299 decet
3133 2245 3367 2314 quotidie
3392 2247 3535 2299 illum
3556 2247 3890 2317 investigare,

2315 2346 2373 2388 ut
2403 2336 2579 2389 multis
2611 2338 2970 2406 Spiritnalibus
2995 2337 3193 2392 divitiis
3228 2336 3348 2392 inde
3376 2339 3636 2401 collectis,
3677 2339 3891 2393 domum

2307 2426 2608 2482 redeamus.
2630 2428 2756 2480 Nam
2779 2429 2882 2482 illic
2910 2428 3122 2498 quidem
3141 2429 3336 2484 divitia:
3363 2431 3641 2485 scnsibiles
3667 2431 3894 2484 dominis

2305 2518 2415 2571 suis
2448 2519 2753 2588 frequenter
2777 2520 3064 2574 multorum
3094 2522 3450 2590 periculorum
3478 2537 3635 2576 causa
3662 2522 3891 2584 fuerunt,

2309 2617 2361 2662 et
2403 2617 2526 2663 ante
2556 2610 2789 2678 pericula
2820 2611 3034 2666 brevem
3071 2613 3392 2680 voluptatem
3431 2611 3728 2681 pra~bentes
3756 2613 3856 2664 illis
3876 2653 3890 2673 ,

2305 2700 2489 2753 statim
2534 2701 2810 2754 avolarunt
2837 2741 2852 2764 ,
2881 2701 2963 2755 vel
2991 2701 3336 2771 st‘cotiliantis
3380 2701 3746 2755 insidiantibus
3769 2745 3781 2764 ,
3810 2703 3891 2754 vel

2308 2789 2528 2850 furibus.
2561 2791 2643 2846 vel
2676 2792 2970 2846 latronibus
2997 2792 3658 2863 parietescili-ingentibus,
3692 2796 3770 2846 vel
3800 2812 3894 2846 eu-

2309 2882 2552 2936 stodibus
2581 2881 2787 2936 famulis
2813 2883 3224 2952 S'trripit-ntihus
3252 2925 3264 2944 ,
3305 2893 3358 2937 et
3389 2885 3506 2955 fuga
3546 2885 3891 2942 clabentibus.

2309 2973 2407 3029 llic
2451 2984 2628 3028 autem
2658 2976 2784 3028 nihil
2816 2977 2919 3029 tale
2959 2977 3213 3046 suspiCari
3247 2978 3402 3031 l'eet:
3436 2978 3588 3047 diripi
3619 2979 3757 3033 enim
3785 2980 3892 3047 spi-

2312 3067 2521 3120 ritualis
2547 3067 2646 3122 iste
2675 3067 2952 3121 thesaurus
2998 3068 3205 3138 nequit,
3241 3079 3292 3123 et
3329 3069 3412 3122 tibi
3445 3069 3494 3123 in
3528 3085 3693 3138 promi
3717 3071 3893 3123 luat-iis

2309 3159 2503 3214 mentis
2529 3169 2721 3212 nostrae.
2759 3159 3067 3214 reconditus
3110 3159 3295 3222 fuerit,
3327 3161 3392 3214 ab
3423 3163 3668 3214 omnibus
3696 3162 3892 3215 insidiis

2308 3262 2389 3307 est
2420 3268 2637 3307 securus
2664 3269 2675 3304 :
2703 3252 2861 3306 modo
2910 3268 3013 3306 non
3061 3266 3158 3322 per
3185 3252 3448 3322 ignaviam
3492 3253 3663 3308 locum
3712 3254 3894 3308 demus

2311 3343 2358 3398 ci
2390 3344 2478 3412 qui
2526 3345 2674 3397 illum
2707 3343 2861 3398 nobis
2893 3343 3104 3398 auferre
3138 3345 3306 3413 cupit.
3337 3343 3768 3415 Quandoquidem
3797 3346 3894 3399 ini-

2311 3435 2479 3489 micus
2512 3444 2712 3498 noster,
2743 3436 3028 3506 malignus,
3058 3437 3270 3506 inquam
3297 3479 3310 3502 ,
3343 3437 3580 3500 da-mon,
3608 3453 3724 3492 eum
3758 3439 3895 3493 videt

2309 3528 2606 3597 quempiam
2657 3529 2959 3596 spirituales
3012 3529 3289 3598 collegisse
3343 3528 3552 3583 divitias
3584 3572 3600 3595 ,
3659 3529 3784 3582 furit
3837 3541 3892 3583 et

2308 3620 2554 3675 dentibus
2585 3617 2759 3674 fremit
2785 3661 2796 3681 ,
2827 3620 3154 3689 multumque
3195 3620 3409 3689 vigilat,
3441 3631 3494 3672 ιιι
3537 3629 3888 3689 opportunum

2310 3722 2519 3784 tempus
2547 3721 2756 3782 captet,
2786 3728 2892 3783 quo
2929 3712 3090 3766 furari
3123 3722 3279 3782 queat
3311 3713 3504 3783 aliquid
3544 3729 3605 3767 ex
3638 3715 3776 3767 intus
3807 3731 3890 3766 re-

2312 3805 2564 3857 conditis.
2594 3803 2806 3857 Nullum
2851 3814 3029 3857 autem
3055 3803 3392 3857 commodum
3427 3803 3498 3856 illi
3531 3813 3732 3873 tempus
3773 3817 3847 3857 est
3876 3847 3892 3866 ,

2311 3903 2664 3964 pratterquam
2695 3895 2818 3948 dtnn
2850 3895 3020 3964 ignavi
3052 3908 3236 3948 sumus
3269 3912 3280 3946 :
3317 3894 3434 3948 ideo
3463 3906 3710 3964 perpetua
3744 3895 3892 3948 nobis

2309 3986 2575 4056 vigilantia
2605 4002 2738 4054 Opus
2773 3995 2855 4039 est
2895 3985 2960 4039 ad
2992 3985 3348 4041 excludendas
3373 3985 3508 4038 illius
3539 3985 3890 4038 incursiones.

2310 4077 2438 4133 Nam
2481 4092 2576 4132 eos
2617 4092 2753 4147 quos
2800 4076 2991 4130 viderit
3022 4076 3312 4131 admodum
3355 4077 3562 4131 sobrios
3592 4086 3643 4130 et
3670 4077 3848 4144 vigiles
3875 4119 3890 4140 ,

2308 4184 2428 4222 eum
2457 4167 2623 4222 semel
2651 4176 2810 4236 atque
2837 4166 3028 4220 iterum
3073 4181 3353 4236 aggressus
3378 4207 3392 4231 ,
3417 4167 3617 4220 irritum
3647 4177 3890 4218 eonattun

2309 4259 2484 4324 videt,
2527 4259 2780 4328 relinquit
2827 4257 3036 4313 laudent
3070 4257 3274 4327 pudore
3314 4257 3568 4316 allectus,
3601 4271 3790 4327 gnarus
3833 4272 3893 4309 se

2312 4350 2439 4404 nihil
2472 4351 2732 4418 proﬁt-ere.
2753 4391 2766 4415 ,
2799 4351 2842 4403 si
2875 4349 2926 4404 in
2955 4350 3195 4404 custodia
3225 4350 3629 4419 perstilrrimus.
3671 4347 3893 4400 l‘roinde

2307 4456 2426 4495 cum
2458 4442 2690 4494 sciamus
2721 4456 2815 4508 per
2847 4449 3010 4494 totam
3044 4441 3180 4495 hanc
3218 4442 3379 4494 vitam
3414 4441 3564 4494 nobis
3585 4441 3890 4493 certandum

2309 4547 2449 4594 esse,
2488 4534 2562 4586 sic
2589 4547 2686 4584 nos
2713 4547 2979 4585 armemus
3001 4571 3014 4596 ,
3047 4533 3194 4601 quasi
3225 4541 3539 4601 prtesenlem
3567 4546 3774 4598 semper
3803 4533 3892 4580 l.a-

2310 4625 2526 4677 Iicatnns
2553 4625 2843 4685 inimicum,
2875 4625 2960 4694 qui
2989 4625 3189 4693 alisque
3212 4625 3604 4678 intermissione
3624 4626 3885 4688 observet,

2309 4731 2432 4768 mnu
2481 4715 2764 4783 aliquando
2808 4716 2887 4768 vel
2937 4732 2977 4784 p-
3004 4731 3120 4768 rum
3173 4715 3560 4780 dormitantes,
3612 4715 3888 4768 insidiandi

2307 4809 2639 4862 occasionem
2666 4809 2712 4862 ei
2747 4809 3100 4879 prmbt-amus.

2391 4901 2636 4954 Viuticum
2663 4903 2730 4953 ad
2753 4903 2903 4954 vitam
2934 4904 3160 4969 futuram
3187 4901 3328 4955 nobis
3365 4899 3757 4970 comparandum
3783 4907 3852 4952 cst
3871 4939 3887 4963 ,

2353 5004 2425 5064 (τι)
2460 5004 2708 5056 Conclusio
2729 5006 2936 5071 ltotnilite
2977 5010 3024 5057 in
3059 5015 3163 5071 Mss.
3193 5015 3243 5056 et
3265 5008 3404 5057 Savil.
3432 5011 3584 5059 variat
3607 5024 3692 5071 iro
3716 5024 3867 5058 littttt‘.

2288 5073 2398 5132 Haec
2421 5075 2586 5132 autem
2611 5070 2831 5132 apposite
2853 5077 2988 5132 notat
3021 5070 3256 5118 savilius:
3301 5089 3322 5115 ct
3348 5072 3454 5118 Mira
3497 5079 3575 5120 est
3599 5070 3779 5132 ubique
3820 5073 3866 5120 iu

2288 5127 2518 5177 clausulis
2551 5127 2852 5193 humiliarqu
2881 5131 3203 5193 inconstantia
3244 5135 3290 5180 in
3315 5133 3458 5178 Codd.
3498 5139 3624 5188 Mss,
3661 5127 3869 5193 ideoque

2289 5202 2376 5238 eas
2399 5203 2494 5238 non
2517 5190 2673 5240 semel
2698 5203 2722 5237 a
2747 5192 2920 5240 scribis
2941 5194 3115 5252 potius,
3142 5205 3285 5252 quam
3325 5196 3387 5240 ab
3419 5195 3627 5242 auctoris
3663 5190 3871 5240 eereiuo

2289 5254 2640 5320 enatasﬁputavi
2667 5266 2679 5300 :
2707 5260 2760 5300 ιιι
2783 5266 2876 5300 non
2901 5253 3205 5320 iuscttetmbi
3231 5254 3406 5320 iecisse
3431 5255 3682 5303 videantur
3716 5255 3868 5320 γενος

2287 5325 2428 5361 nens.
2455 5314 2571 5361 uta.
2597 5314 2911 5374 (:ltrysestomi
2939 5313 2986 5360 in
3013 5315 3152 5375 Epist.
3169 5313 3385 5363 Pauliuas
3398 5325 3639 5373 auctores,
3663 5313 3870 5377 qui'ruiu

2289 5386 2489 5450 ventum
2516 5385 2593 5450 est
2615 5380 2673 5426 ad
2709 5378 2845 5450 illud,
2876 5380 3037 5450 gratia
3066 5389 3121 5450 ret
3142 5381 3504 5450 misericordia
3527 5423 3539 5443 ,
3583 5390 3734 5450 χάριτι
3778 5389 3856 5433 γαὶ

2296 5441 2624 5510 μλανᾷρωπίᾳ,
2652 5440 2840 5500 reliqua
2865 5440 2952 5501 pro
2983 5446 3179 5492 lettoris
3204 5446 3410 5496 arbitrio
3433 5440 3677 5510 explenda
3705 5456 3855 5496 rettu-

2285 5507 2464 5562 quunL
2506 5517 2526 5548 ι

2349 5569 2417 5642 (ὑ)
2454 5571 2567 5618 Hinc
2588 5571 2891 5643 dcsumptum
2919 5581 2991 5620 est
3017 5575 3200 5643 initium
3219 5577 3430 5643 ttotnilizc
3455 5578 3582 5628 illitis
3603 5596 3711 5643 qua!
3745 5583 3870 5632 inter

2284 5644 2321 5689 s;
2344 5634 2443 5678 uria
2478 5640 2519 5678 s.
2564 5635 2793 5703 Atliztncsii
2832 5648 2872 5692 υ,
2897 5640 3057 5703 tis-ila
3084 5639 3433 5703 circumfertur,
3463 5651 3514 5690 et
3549 5634 3692 5703 quam
3715 5645 3868 5693 edidi-

2287 5707 2391 5765 nnts
2426 5701 2557 5738 tono
2592 5693 2625 5739 ll
2668 5707 2715 5753 tu
2738 5708 2874 5740 t‘l‘ltJt
2917 5698 3154 5746 Athanasii
3201 5714 3243 5760 ι»,
3280 5702 3381 5750 itit.
3414 5693 3519 5762 i‘jus
3547 5693 3731 5754 malum
3769 5716 3861 5765 (35b

2292 5755 2407 5814 ὑπιρ
2433 5767 2465 5802 εἰ
2493 5782 2547 5812 την
2573 5771 2716 5816 ιξνσῖτι·
2753 5773 2805 5817 τή-
2832 5782 3069 5812 ﬁlia/Attua-
