4094 6204
448 296 512 350 ‘9
1594 264 1656 319 ΙΝ
1693 261 1848 318 CAP;
1890 262 1930 318 l.‘
1969 263 2044 319 (ἓὲ

2147 263 2209 319 LS.
2254 260 2482 322 HOMlL.
2528 260 2596 318 γε
3650 278 3730 332 se

426 405 796 456 exeratattonc
820 405 1060 448 virtutum
1089 399 1136 444 et
1161 386 1370 443 assidua
1391 397 1710 457 peccotormn
1739 383 2017 454 confessio-

439 488 714 544 ηιμ-λου
731 483 879 540 vides
906 480 1224 553 pecuniosos
1241 478 1378 544 illos,
1402 492 1524 532 cum
1543 476 1772 532 hostium
1791 482 2031 529 metuunt

443 580 826 643 incursionem,
848 583 1047 646 qttanta
1074 571 1281 628 scilicet
1302 585 1431 626 cura
1459 583 1546 624 res
1566 583 1690 622 suos
1705 563 2032 621 custodiant?

445 671 575 724 Nam
601 669 690 724 alii
718 668 858 723 seris
886 675 940 720 et
967 663 1242 734 repagulis
1264 661 1456 731 januas
1484 659 1746 721 muniunt,
1780 667 1836 710 ut
1860 670 1953 711 eas
1979 654 2030 710 in

445 775 557 817 toto
577 761 844 818 collucent
865 776 878 812 :
903 757 990 813 alii
1016 759 1069 811 in
1093 766 1288 811 terram
1315 752 1666 818 abscondunt,
1697 751 1766 805 ita
1792 759 1845 804 ut
1874 763 2032 804 nemo

444 855 580 909 scire
607 853 774 923 possit
812 852 900 906 ubi
929 851 1150 906 lateant.
1181 847 1379 902 Eadem
1409 845 1681 915 diligentia
1706 854 1762 900 et
1795 857 1893 899 nos
1919 843 2030 896 col-

447 946 644 1000 lectam
667 944 923 998 virtutum
949 955 1135 1012 gazam
1157 937 1430 994 custodire
1457 951 1550 1006 par
1569 945 1670 1000 est,
1696 944 1751 991 et
1777 942 2054 989 nouante-

444 1037 685 1094 omnium
712 1035 900 1090 oculos
948 1045 1252 1104 proponere
1276 1072 1291 1096 ,
1320 1027 1413 1084 sed
1452 1027 1505 1082 in
1535 1026 1800 1082 tutissimo
1841 1023 2036 1079 mentis

447 1130 811 1200 promptuario
839 1141 1100 1198 reponere
1125 1165 1141 1190 ,
1171 1135 1226 1178 et
1247 1137 1438 1178 omnes
1464 1135 1653 1190 rapere
1683 1119 1913 1173 volentis
1951 1118 2032 1170 in-

403 1221 610 1276 Isidias
638 1220 956 1284 excludere,
989 1226 1047 1271 ut
1075 1232 1195 1272 cum
1227 1230 1256 1268 a
1289 1213 1538 1284 praedone
1564 1221 1731 1266 tutam
1757 1225 1874 1264 eam
1917 1223 2036 1263 ser-

451 1311 752 1367 vaverimus
772 1350 792 1376 ,
811 1311 888 1369 sit
913 1307 1343 1363 nobisviaticnm
1374 1304 1439 1358 ad
1471 1303 1697 1357 futuram
1723 1301 1885 1354 vitam
1912 1299 2037 1355 hinc

451 1400 822 1472 migrantibus.
866 1397 1075 1454 Etenim
1098 1397 1238 1451 sicut
1267 1394 1301 1448 ii
1329 1394 1417 1464 qui
1449 1393 1501 1447 in
1527 1401 1665 1447 terra
1692 1390 1861 1445 aliena
1891 1397 2035 1455 sunt,

450 1493 666 1562 quando
695 1493 747 1547 in
777 1492 1001 1562 patriam
1033 1504 1190 1544 suam.
1215 1487 1393 1543 redire
1427 1484 1647 1554 cupiunt
1671 1525 1685 1548 ,
1713 1483 1879 1540 multo
1904 1491 2039 1537 tem-

453 1601 582 1656 pore
627 1585 888 1656 paulatim
928 1582 1145 1638 student
1171 1589 1225 1636 et
1269 1587 1459 1635 curant
1506 1587 1708 1632 tantum
1754 1575 2039 1631 corradere

453 1677 624 1733 viatici
651 1719 666 1744 ,
712 1685 968 1747 quantmn
1013 1673 1080 1729 ad
1111 1673 1210 1728 viae
1255 1669 1638 1743 longitudinem
1678 1669 1767 1724 eis.
1797 1668 2052 1725 sufficere.

452 1780 656 1840 queat,
685 1779 747 1824 ut
773 1783 839 1823 ne
863 1764 1246 1822 incuria-fame
1287 1764 1495 1834 seipsos
1518 1762 1742 1833 perdant
1771 1779 1784 1816 :
1815 1762 1883 1816 ita
1909 1776 2041 1818 sane

453 1867 628 1919 facere
669 1873 724 1917 et
761 1877 859 1916 nos
903 1869 1157 1929 oportet,
1198 1858 1320 1928 quia
1350 1855 1612 1927 peregrini
1653 1854 1738 1910 hic
1779 1870 1960 1910 sumus
1987 1863 2043 1910 ct

453 1955 713 2018 advena),
758 1962 814 2006 ut
839 1950 1210 2022 provideamus
1236 1959 1300 2005 et-
1333 1961 1656 2018 reponamus
1679 1945 1847 2001 .nobis
1887 1945 2052 2016 Spir-it

457 2045 677 2098 tualium
706 2043 955 2097 virtutum
980 2043 1166 2097 viatica
1194 2059 1208 2096 :
1238 2048 1294 2094 ιιι
1315 2038 1528 2110 quando
1546 2037 1861 2110 pracceperit
1879 2037 2034 2092 nobis

461 2136 720 2191 lustinus
739 2135 790 2189 in
819 2145 1050 2189 nostram
1079 2133 1258 2190 redire
1285 2132 1530 2202 patriam,
1566 2131 1734 2201 parati
1770 2130 1958 2197 simus,
1986 2138 2043 2184 et

460 2227 563 2282 alia
585 2227 795 2297 quidem
817 2227 1088 2281 nobiseum
1113 2225 1414 2290 all'eramus,
1445 2223 1548 2278 alia
1568 2231 1748 2279 autem
1769 2222 1879 2294 jam
1901 2237 2040 2292 pra:-

459 2315 623 2370 missa
653 2316 963 2371 habeamus.
999 2315 1196 2371 Horum
1217 2314 1358 2368 enim
1380 2313 1690 2368 viaticorum
1717 2313 1837 2368 talis
1857 2321 2042 2368 natura

455 2417 558 2472 est,
589 2417 645 2462 ut
671 2423 732 2464 ea
762 2425 888 2478 qua;
910 2423 1005 2478 per
1033 2408 1294 2463 bonorum
1324 2406 1692 2474 operationem
1713 2405 2040 2460 voluerimus

453 2507 577 2554 ante
619 2513 719 2554 nos
765 2499 1132 2569 praemittere,
1179 2513 1301 2553 cum
1350 2496 1474 2552 illuc
1516 2511 1616 2551 nos
1645 2497 2040 2566 prazvenerint,

453 2590 642 2658 junuas
668 2590 820 2645 nobis
848 2589 1091 2659 aperiant
1135 2587 1342 2643 fiduciae
1368 2586 1436 2642 ad
1464 2587 1742 2642 Domimnn
1771 2597 1823 2642 et
1854 2587 2043 2642 introi-

457 2690 567 2734 tum
593 2679 822 2745 facilem,
851 2690 904 2734 et
932 2679 1130 2750 absque
1160 2693 1359 2750 pavore
1378 2720 1393 2744 ,
1420 2687 1480 2734 et
1503 2694 1748 2750 magnam
1776 2677 1914 2750 apud
1944 2677 2042 2735 Ju-

454 2769 638 2826 dicem-
659 2770 1074 2826 benevolentiam
1102 2769 1404 2824 concilient.

523 2861 578 2916 2.
613 2861 677 2915 Ει
721 2870 778 2914 ιιι
804 2861 982 2915 discas
1007 2900 1023 2924 ,
1050 2859 1248 2915 dilecte
1269 2901 1284 2926 ,
1317 2859 1439 2915 lucc.
1460 2861 1512 2915 in
1544 2861 1687 2916 hunc
1728 2875 1792 2914 se
1829 2860 2042 2914 modum

457 2951 670 3014 habere,
691 2951 881 3021 collige
907 2950 1051 3017 hinc,
1069 2950 1210 3021 quod
1231 2951 1321 3020 qui
1337 2949 1630 3007 liberaliter
1649 2951 2043 3022 elcemosynam

457 3043 724 3111 impertit,
755 3051 817 3097 et
839 3041 925 3096 hic
955 3057 1075 3096 etnn
1109 3041 1247 3096 bona
1291 3041 1619 3097 conscientia
1649 3050 1925 3107 versatur,
1956 3042 2042 3096 ubi

455 3134 574 3187 hinc
601 3133 884 3188 translatus
917 3132 1092 3199 fuerit,
1127 3149 1372 3202 magnam
1399 3133 1538 3204 apud
1566 3132 1807 3191 Iudicem
1837 3134 2048 3190 miseri-

451 3224 687 3278 cordiam
716 3225 984 3291 inveniat,
1016 3235 1179 3295 atque
1206 3225 1359 3280 beata
1386 3226 1472 3280 illa
1502 3226 1662 3282 verba
1688 3242 1807 3282 cum
1837 3230 2057 3284 exteris.

451 3317 631 3372 audiat
657 3335 671 3371 :
713 3316 906 3384 Venite,
936 3317 1182 3372 benedicti
1209 3317 1384 3373 Patris
1423 3319 1553 3386 mei,
1582 3321 1795 3390 accipite
1816 3322 1866 3375 in
1889 3325 2047 3376 hane-

452 3410 657 3464 dt'tatem
677 3428 920 3482 regnum,
945 3412 1081 3482 quod
1102 3412 1236 3466 vobis
1261 3425 1607 3483 prazpnratum
1636 3424 1709 3468 est
1743 3431 1774 3466 a
1809 3416 2045 3468 constitu-

455 3503 586 3558 tione
614 3502 964 3571 ntundi:quia
999 3503 1186 3557 esurhi
1203 3544 1220 3569 ,
1269 3512 1312 3558 et
1339 3504 1551 3559 dedistis
1586 3505 1708 3559 milii
1741 3507 2046 3560 manducare

455 3593 680 3664 (Matth.
704 3593 796 3649 25.
822 3595 912 3652 35.
945 3594 1072 3662 35).
1104 3594 1333 3663 Idipsum
1361 3603 1508 3650 certe
1549 3605 1603 3648 ct
1629 3595 1681 3649 in
1723 3595 1842 3650 aliis
1872 3596 2042 3652 virtu-

461 3684 599 3738 tibus
624 3685 936 3754 contingere
962 3685 1224 3738 invenias.
1252 3683 1346 3739 Sic
1371 3694 1426 3739 et
1462 3685 1514 3738 in
1558 3685 1897 3741 confessione
1923 3702 2047 3756 pec-

457 3785 698 3827 calorum
724 3813 740 3838 ,
771 3783 826 3828 ct
868 3773 1275 3829 inassiduitate
1319 3773 1637 3846 fervoreqne
1682 3778 2043 3846 precatiomun

463 3875 780 3920 eventurum
827 3873 929 3921 est.
976 3865 1199 3933 Quando
1240 3866 1380 3921 etaim
1425 3867 1477 3922 iu
1528 3868 1774 3936 przesenti
1803 3868 1906 3923 vita
1954 3886 2048 3938 per

455 3956 845 4011 confessionem
877 3967 1089 4026 peccata
1119 3957 1364 4024 abluere,
1398 3968 1451 4013 et
1481 3959 1848 4016 remiSs-ioncm
1878 3977 1908 4015 a
1941 3962 2047 4015 Do-

467 4054 611 4104 mino
637 4051 846 4120 assequi
889 4049 1255 4120 potuerimus,
1299 4051 1560 4106 abibimus
1590 4051 1715 4107 illuc
1760 4070 1788 4104 a
1818 4053 2049 4122 peccatis

456 4140 591 4210 puri,
622 4149 677 4195 et
700 4156 966 4210 magnam,
992 4156 1111 4211 qua:
1137 4150 1262 4197 tunc
1285 4141 1440 4198 nobis
1463 4142 1770 4210 donabitur,
1803 4143 2046 4198 fiduciam

456 4231 808 4286 inveniemus.
835 4230 1018 4302 Neque
1033 4231 1174 4286 enim
1190 4232 1302 4286 fieri
1332 4241 1504 4301 potest
1526 4241 1584 4286 ut
1612 4233 1693 4298 iis,
1721 4233 1810 4303 qui
1839 4233 1891 4288 in
1914 4250 2049 4304 pne-

453 4325 588 4379 senti
617 4326 718 4378 vita
748 4333 962 4394 peccata
991 4340 1094 4379 non
1123 4324 1350 4380 ablucrit
1370 4368 1383 4388 ,
1417 4333 1598 4394 postea
1627 4326 2046 4381 consolationem

452 4417 680 4485 aliquant
714 4416 819 4470 illic
849 4416 1160 4470 inventurus
1184 4417 1272 4470 sit.
1306 4415 1370 4469 In
1400 4416 1597 4486 inferno
1622 4418 1785 4483 enim,
1816 4417 1909 4481 ait,
1937 4418 2070 4486 quis.

452 4507 768 4576 conﬁtebitur
791 4507 879 4561 tibi
903 4507 922 4578 (
943 4507 1091 4562 Psal.
1119 4507 1172 4563 6.
1193 4507 1227 4563 6
1251 4508 1307 4577 )‘i
1338 4508 1403 4562 Et
1433 4509 1621 4565 merito
1645 4526 1657 4562 :
1686 4508 1949 4564 ltoeenim
1967 4517 2049 4565 est

453 4601 744 4656 stadiorum
772 4608 1002 4670 tempus,
1037 4609 1089 4655 et
1117 4599 1478 4667 conflictuum,
1505 4610 1558 4656 ct
1577 4601 1959 4656 certaminum:
1985 4601 2052 4656 il-

457 4695 543 4748 Iud
573 4711 699 4750 vero
717 4708 1057 4758 coronarum,
1072 4693 1355 4757 mercedis,
1371 4702 1425 4749 et
1441 4695 1801 4764 pnemiorum.
1821 4693 2056 4750 Proinde

453 4792 719 4838 certeums
741 4783 870 4838 dum
897 4782 1071 4837 adhuc
1095 4783 1147 4837 iu
1168 4782 1341 4838 stadio
1358 4798 1650 4850 versamur,
1681 4799 1747 4839 ne
1771 4793 2042 4855 tempore,

453 4891 560 4946 quo
575 4890 790 4931 corona:
816 4884 873 4931 et
909 4875 1395 4946 Iaborumprzemia
1433 4888 1749 4942 sumuntur,
1780 4877 1920 4932 inter
1954 4892 2065 4933 eos.

455 4967 643 5033 cintus,
672 4968 761 5037 qui
795 4966 1010 5038 pudore
1025 4966 1366 5034 afficientur;
1398 4968 1491 5024 sed
1524 4968 1666 5025 inter
1694 4983 1788 5024 eos
1812 4971 1901 5040 qui
1926 4985 2058 5024 cum

456 5057 644 5112 fiducia
660 5059 923 5129 capitibus
941 5073 1173 5115 coronas
1190 5059 1474 5131 excipient.
1498 5060 1608 5116 lloc
1625 5061 1886 5130 prommio
1907 5061 2060 5132 apud.

454 5148 727 5206 caritatem
747 5160 972 5206 vestram
989 5165 1095 5206 non
1121 5160 1535 5221 temere,.neque
1550 5151 1812 5208 invanum
1831 5153 2047 5209 utimur:

455 5238 550 5294 sed
569 5239 806 5310 quotidie
827 5240 895 5297 de
916 5241 1068 5297 bonis
1090 5242 1339 5312 operibus
1361 5257 1455 5298 vos
1471 5243 1761 5300 admonere
1781 5245 2046 5314 cupimus,

456 5339 513 5384 ut
538 5332 761 5401 perfecti
785 5372 800 5396 ,
827 5333 1183 5388 consummati
1208 5375 1224 5398 ,
1266 5333 1655 5406 virtutibusque
1685 5335 1907 5406 praedita
1945 5336 2050 5392 vita

455 5424 776 5492 spectabiles
806 5424 1088 5492 facti,sitis
1109 5425 1602 5497 irrepreheusibiles
1627 5438 1680 5484 ct
1710 5429 1925 5496 sinceri,
1947 5431 2051 5484 im-

456 5516 710 5571 maculati
740 5516 830 5570 filii
861 5517 952 5572 Dei
986 5534 1000 5574 :
1031 5529 1084 5574 et
1111 5518 1332 5574 lueeatis
1351 5519 1490 5574 sicut
1511 5520 1789 5575 luminaria
1820 5521 1872 5576 in
1895 5537 2052 5576 mun-

455 5609 526 5662 do
552 5651 566 5672 ,
612 5624 914 5665 sermonem
950 5610 1072 5666 vita:
1104 5610 1364 5668 habentes
1392 5613 1444 5667 in
1485 5613 1653 5667 nostri
1682 5612 2048 5682 gloriatioucm

458 5699 510 5756 io
531 5700 619 5756 die
637 5700 854 5768 Christi,
889 5710 945 5756 ut
966 5701 1047 5757 vel
1078 5703 1194 5758 solo
1220 5712 1436 5774 aspecto
1465 5705 1528 5761 iis
1558 5703 1810 5776 prodesse
1835 5704 2048 5777 possitis

2139 383 2227 454 qui
2250 383 2524 442 vobiscum
2547 397 2844 457 versantur,
2877 400 2933 446 ut
2953 400 3142 447 vestra:
3163 394 3449 466 spiritualis
3480 393 3720 466 fragran-

2138 477 2222 529 tize
2246 517 2261 539 ,
2297 485 2589 548 vestrteque
2615 480 2828 546 optima:
2855 481 2974 537 vitae
3003 485 3308 541 rationis'es
3338 487 3528 540 vestris
3555 487 3721 542 collo-

2137 567 2274 636 quiis
2301 568 2428 622 flant
2456 569 2994 641 participes..Etenim
3019 576 3154 631 sicut
3199 577 3560 649 improborqu
3593 595 3720 632 cono

2143 661 2370 716 suetudo
2398 661 2748 720 familiaribus
2778 666 2892 722 suis
2920 668 3140 723 multum
3167 680 3342 737 nocet,
3371 671 3722 740 quemadmo-

2137 751 2263 806 dum
2305 753 2489 810 beatus
2522 756 2718 812 Paulus
2747 757 2953 828 inquit:
2983 757 3326 830 Corrumpunt
3367 762 3521 817 bonos
3558 779 3722 816 mores

2137 843 2390 914 colloquia
2417 861 2570 916 prava
2596 848 2614 918 (
2640 849 2687 902 Ι.
2722 849 2840 904 Cor.
2873 850 2959 906 15.
2991 851 3062 906 33
3085 854 3104 921 )
3128 867 3141 905 :
3167 851 3244 906 sic
3267 861 3322 907 et
3349 851 3609 908 bonorum
3641 852 3723 905 fa-

2141 935 2419 994 miliaritas
2457 957 2560 995 una
2589 943 2924 998 versantibus
2951 944 3184 998 maxima
3228 946 3504 1000 commoda
3544 946 3719 1002 affert.

2140 1031 2498 1096 Quamobrem
2543 1034 2822 1105 benignus.
2853 1035 3105 1092 Dominus
3144 1044 3326 1091 uester
3369 1035 3507 1091 inter
3554 1038 3724 1091 malos

2141 1123 2382 1190 permisit
2426 1124 2595 1180 bonos
2637 1127 2857 1194 vivere,
2897 1137 2949 1182 ut
2997 1128 3223 1197 improbi
3268 1127 3470 1182 lucrum
3511 1128 3726 1198 aliquod

2142 1211 2370 1267 habeant
2396 1229 2459 1268 ex
2485 1231 2550 1269 ea
2577 1218 2960 1272 consuetudine
2980 1259 2995 1285 ,
3028 1233 3126 1274 nec
3164 1233 3378 1288 semper
3405 1218 3454 1272 in
3483 1233 3575 1274 sua
3605 1235 3726 1290 pcr-

2143 1314 2390 1359 maneant
2434 1307 2632 1362 malitia
2675 1325 2687 1360 :
2732 1308 2830 1364 sed
2877 1309 3046 1366 bonos
3088 1309 3342 1365 continuo
3378 1322 3501 1366 ante
3541 1310 3728 1365 oculos

2141 1405 2464 1465 Spectantes,
2491 1397 2688 1468 aliquid
2718 1401 2956 1456 utilitatis
2977 1417 3042 1457 ex
3063 1417 3246 1458 eorum
3269 1403 3475 1472 capiant
3504 1400 3726 1458 familia«

2143 1485 2318 1540 ritate.
2349 1485 2515 1542 Tanta
2545 1489 2685 1544 enim
2712 1490 2920 1546 virtutis
2949 1493 3181 1561 potentia
3207 1501 3286 1549 est
3307 1534 3321 1556 ,
3356 1501 3410 1547 ut
3445 1507 3728 1548 revereari-

2145 1585 2323 1633 tur-et
2365 1581 2588 1634 multum
2615 1581 2828 1638 laudent
2869 1599 2987 1640 eam
3012 1625 3028 1649 ,
3069 1585 3236 1645 etiam
3266 1584 3356 1654 qui
3387 1583 3474 1639 illa
3521 1594 3726 1639 carent.

2143 1666 2290 1723 Sicut
2331 1679 2388 1725 et
2414 1671 2593 1726 vitium
2631 1673 2793 1729 etiam
2829 1674 2897 1729 ab
2923 1675 2986 1730 iis
3006 1718 3022 1741 ,
3045 1675 3134 1746 qui
3166 1676 3288 1731 mali
3309 1683 3437 1730 sunt
3457 1718 3471 1740 ,
3501 1674 3729 1731 subindo

2143 1769 2420 1816 accusatur
2446 1771 2506 1818 et
2529 1763 2765 1832 carpitur
2786 1781 2798 1820 :
2817 1765 2952 1820 adeo
2972 1766 3156 1821 vitium
3179 1767 3426 1822 omnibus
3448 1774 3531 1821 est
3559 1767 3731 1820 mani-

2142 1850 2336 1906 festum
2366 1863 2420 1908 et
2461 1855 2796 1925 perspicuum
2824 1899 2837 1922 ,
2866 1873 3038 1928 neque
3067 1858 3230 1913 ullum
3279 1874 3527 1927 umquam
3576 1857 3734 1914 facile

2144 1944 2380 2013 reperias
2421 1946 2510 2015 qui
2552 1945 2716 2003 libere
2759 1949 2952 2002 malum
2997 1965 3058 2005 se
3097 1964 3230 2005 esse.
3255 1950 3564 2020 profiteatur
3591 1967 3605 2004 :
3635 1951 3729 2004 sed

2145 2035 2286 2106 quod
2314 2037 2505 2092 mirum
2554 2046 2674 2105 est,
2721 2039 2932 2107 ipsimct
2971 2055 3031 2095 ea
3059 2082 3073 2106 ,
3100 2055 3218 2111 qua:
3260 2042 3510 2110 operibus
3556 2041 3732 2097 facere

2151 2136 2426 2193 attentam,
2460 2129 2638 2183 verbis
2663 2129 2798 2183 mala
2823 2145 2943 2185 csse
2969 2130 3222 2197 fatentur,
3251 2147 3315 2185 ac
3342 2131 3608 2202 plerisque
3633 2145 3729 2186 οε·-

2146 2221 2284 2276 culta
2304 2236 2423 2276 esse
2443 2221 2660 2278 vellent.
2688 2222 2838 2289 Quod
2863 2232 2917 2278 et
2941 2224 3112 2294 ipsum
3137 2224 3327 2279 divina!
3350 2224 3730 2281 misericordia:
3754 2267 3760 2273 .

2146 2321 2246 2375 est,
2275 2328 2394 2382 quze
2425 2313 2697 2366 hominum
2727 2314 2907 2384 generi
2933 2315 3218 2381 concessit,
3252 2324 3307 2370 ut
3329 2316 3611 2386 unicuique
3637 2331 3732 2373 no-

2145 2411 2315 2457 strum
2344 2404 2557 2459 insitum
2585 2404 2653 2458 sit.
2675 2405 3036 2475 incorruptum
3060 2405 3317 2474 judicium
3347 2408 3690 2462 conscientia:
3713 2450 3726 2469 .

2146 2495 2287 2564 quod
2309 2503 2552 2550 accurate
2576 2503 2749 2564 potest
2773 2510 2800 2548 a
2825 2496 2966 2551 malo
2987 2497 3181 2552 bonum
3205 2497 3512 2552 discernere
3536 2515 3550 2563 ;
3576 2499 3734 2568 idque

2149 2584 2486 2654 potissimum
2527 2601 2739 2640 omnem
2782 2586 2936 2641 nobis
2975 2584 3340 2643 defensionem
3371 2588 3545 2654 tollit,
3589 2592 3731 2659 quod

2149 2690 2254 2729 non
2287 2689 2380 2744 per
2409 2674 2757 2745 ignorantiam
2800 2676 2851 2729 iu
2883 2686 3095 2746 peccata
3138 2677 3471 2744 incidamus,
3518 2679 3612 2734 sed
3639 2695 3734 2749 per.

2149 2769 2339 2823 anima:
2364 2767 2622 2824 desidiam
2647 2779 2700 2824 et
2728 2769 2935 2824 virtutis
2961 2777 3341 2842 contemptum.

2219 2862 2272 2917 '5.
2316 2860 2440 2917 liae
2468 2861 2690 2932 singulis
2716 2861 2860 2918 horis
2886 2873 3070 2918 nostro
3089 2878 3363 2920 versemus
3387 2865 3584 2931 animo,
3618 2879 3734 2921 ma-

2147 2971 2316 3025 gnam
2353 2955 2538 3010 salutis
2583 2963 2780 3010 nostra:
2830 2955 3084 3011 habentes
3130 2955 3578 3025 sollicitudinem,
3628 2973 3732 3025 ne,

2151 3055 2502 3118 praetereunte
2541 3055 2799 3118 tempore,
2845 3047 3170 3118 ignorantes,
3215 3049 3368 3105 nobis
3414 3049 3542 3118 ipsis
3569 3053 3736 3104 maxi-

2151 3153 2294 3192 mum
2338 3135 2628 3194 inferamus
2671 3136 2944 3192 damnum.
2990 3137 3093 3192 Sed
3140 3139 3517 3208 prooemiorum
3563 3141 3731 3194 satis:

2147 3227 2424 3283 audiamus
2448 3236 2624 3284 autem
2645 3269 2662 3293 ,
2694 3228 2739 3283 si
2770 3227 2959 3298 placet,
2991 3245 3109 3298 qua:
3138 3239 3191 3285 et
3210 3229 3374 3285 hodie
3412 3247 3508 3285 nos
3537 3229 3732 3285 docere

2150 3321 2263 3376 vult
2287 3321 2515 3390 Spiritus
2539 3321 2706 3376 sancti
2733 3321 2900 3392 gratia
2929 3337 3023 3392 per
3051 3322 3188 3377 beati
3218 3321 3380 3379 Mosis
3401 3324 3651 3395 linguam.
3675 3325 3729 3379 9.

2153 3412 2219 3466 Et
2247 3413 2396 3478 dixit,
2421 3412 2612 3482 inquit,
2646 3411 2780 3466 Deus
2801 3429 2820 3467 :
2845 3413 3184 3484 Congregctur
3205 3430 3338 3482 aqua
3361 3431 3474 3484 quo:
3499 3415 3589 3469 sub
3610 3417 3735 3470 coelo

2150 3515 2251 3571 est,
2285 3505 2338 3560 in
2379 3506 2812 3576 congregationem
2859 3522 3031 3573 unam,
3079 3515 3126 3559 et
3166 3517 3412 3576 apparent
3454 3507 3621 3563 arida.
3671 3507 3734 3562 Et

2150 3600 2340 3668 factum
2363 3605 2435 3649 est
2456 3596 2546 3649 ita.
2577 3593 2708 3651 Vide
2732 3593 2848 3660 hic,
2877 3595 3132 3658 obsecro,
3158 3595 3351 3651 dilecte
3372 3639 3384 3658 ,
3409 3597 3648 3653 ordinem
3679 3611 3733 3654 et

2149 3685 2581 3756 consequentiam
2621 3684 2896 3753 Optimam.
2928 3683 3061 3752 Quia
3103 3684 3308 3739 dixerat
3347 3685 3398 3740 in
3437 3688 3729 3758 principio:

2151 3777 2309 3832 Terra
2337 3791 2444 3832 erat
2467 3776 2729 3831 invisibilis
2757 3785 2802 3830 et
2840 3777 3196 3846 incomposita,
3227 3792 3293 3832 co
3332 3779 3469 3848 quod
3500 3780 3778 3835 tenebris.-

2151 3878 2206 3924 et
2233 3869 2383 3940 aquis
2402 3868 2744 3938 obtegeretur
2768 3886 2781 3921 :
2807 3876 2862 3923 et
2886 3867 3076 3923 deinde
3102 3871 3354 3939 pracepit
3375 3870 3460 3926 die
3477 3872 3730 3936 secundo,

2154 3973 2210 4014 ut
2255 3968 2397 4016 esset
2450 3961 2882 4025 firmamentum,
2940 3968 2993 4013 et
3037 3973 3294 4029 aquarum
3343 3962 3732 4029 separationcm

2153 4051 2296 4116 fecit,
2325 4051 2634 4122 voeavitque
2677 4052 3066 4105 firmamentum
3104 4051 3290 4106 etclum
3320 4069 3334 4106 :
3364 4070 3501 4108 nunc
3542 4055 3734 4109 iterum

2151 4143 2305 4198 docet
2333 4158 2465 4208 nos,
2493 4155 2562 4205 se
2599 4141 2686 4197 die
2717 4141 2873 4196 tertio
2902 4142 3216 4211 praecepisse
3255 4158 3408 4213 aqua:
3429 4185 3444 4210 ,
3472 4161 3591 4214 qua:
3636 4148 3736 4201 sub

2151 4235 2314 4301 caelo,
2343 4233 2444 4288 hoc
2479 4240 2592 4298 est,
2622 4233 2976 4299 firmamento,
3011 4242 3067 4288 ut
3095 4233 3148 4290 in
3171 4248 3327 4288 unam
3368 4237 3734 4306 congregatio-

2153 4327 2656 4392 nemconveniret,
2701 4334 2756 4380 et
2798 4325 2972 4381 locum
3013 4326 3200 4389 daret,
3247 4337 3416 4397 atque
3451 4339 3736 4398 appareret

2152 4416 2336 4472 arida:
2381 4425 2436 4473 et
2476 4416 2675 4472 factum
2700 4425 2783 4472 est
2820 4417 2911 4473 ita.
2938 4417 3072 4485 Quia
3107 4417 3251 4473 enim
3297 4419 3474 4475 omnia
3520 4419 3736 4490 impleta

2152 4513 2306 4563 erant
2338 4507 2492 4578 aquis
2513 4550 2527 4575 ,
2547 4507 2702 4578 jussit
2730 4509 2781 4563 in
2808 4523 2966 4563 unam
2991 4513 3454 4580 congregationem
3477 4527 3734 4582 aquarum

2152 4597 2547 4653 multitudinem
2575 4598 2888 4662 concedere,
2915 4608 2970 4653 ut
2995 4600 3074 4654 sic
3100 4612 3380 4669 appareret
3405 4602 3573 4657 arida.
3603 4602 3736 4658 Vide

2151 4688 2420 4758 quomodo
2471 4689 2723 4760 paulatim
2783 4690 2922 4744 illius
2974 4689 3129 4744 nobis
3183 4691 3626 4759 pulchritudinem
3683 4704 3742 4747 et

2152 4791 2396 4837 ornatmn
2421 4780 2672 4835 ostendit.
2705 4780 2770 4834 Et
2811 4784 2998 4850 [octout
3034 4788 3134 4844 est,
3161 4779 3269 4845 ait,
3300 4781 3388 4832 ita.
3417 4781 3696 4847 Quomodo
3716 4787 3740 4836 't

2151 4874 2298 4930 Sicut
2350 4880 2671 4945 praeceperat
2725 4871 2994 4927 Dominus.
3058 4871 3196 4926 Dixit
3239 4871 3450 4938 solum,
3498 4878 3555 4927 et
3604 4887 3738 4942 opus

2153 4965 2532 5036 subsequutum
2579 4971 2682 5018 est.
2730 4962 2842 5017 Hoc
2875 4962 3016 5016 enim
3061 4963 3325 5033 peculiare
3375 4962 3466 5017 Dei
3523 4970 3622 5025 est,
3673 4974 3733 5018 ut

2153 5056 2445 5114 secundum
2475 5053 2800 5111 voluntatem
2830 5069 2978 5109 suam
3014 5063 3285 5110 creaturas
3315 5053 3636 5108 moderetur.
3671 5052 3740 5108 1ιί

2153 5158 2457 5220 congregata
2493 5154 2564 5202 est
2581 5187 2596 5213 ,
2625 5145 2826 5216 inquit,
2856 5162 2988 5216 aqua
3011 5161 3124 5216 qua:
3146 5146 3236 5200 sub
3261 5146 3384 5198 ratio
3403 5185 3416 5206 .
3445 5145 3496 5197 in
3521 5160 3737 5216 congre-

2154 5240 2378 5312 gatione:
2406 5254 2546 5306 suas,
2592 5247 2640 5292 et
2687 5238 2926 5309 apparuit
2971 5236 3139 5291 arida.
3184 5234 3639 5301 Quemadmodum
3668 5235 3740 5292 de

2153 5332 2272 5388 luce
2299 5330 2496 5386 dictum
2527 5339 2608 5386 est
2631 5370 2652 5396 ,
2677 5329 2966 5399 quodcum
3007 5335 3196 5384 essent
3222 5324 3420 5395 ubique
3467 5326 3701 5383 tenebrat
3723 5367 3738 5393 ,

2153 5423 2369 5495 iusserit
2397 5422 2614 5493 produci
2643 5423 2812 5477 lucem
2834 5462 2849 5488 ,
2881 5428 2936 5474 et
2963 5419 3351 5490 sepamtionem
3384 5418 3568 5476 fecerit
3607 5421 3740 5477 lucis

2155 5531 2216 5572 ac
2237 5517 2594 5579 tenebrarum,
2618 5523 2672 5568 et
2694 5514 2828 5568 hanc
2854 5511 3099 5568 tribuerit
3118 5511 3244 5579 diei,
3259 5509 3396 5565 istas
3415 5519 3544 5564 vero
3565 5509 3709 5567 nocti
3731 5525 3745 5572 ;

2155 5610 2396 5666 similiter
2426 5607 2622 5662 dictqu
2653 5614 2732 5661 est
2754 5647 2767 5672 ,
2794 5603 2935 5675 quod
2979 5619 3098 5660 cum
3142 5604 3392 5676 produxit
3429 5603 3738 5660 firmamen-

2158 5712 2288 5771 tum,
2315 5715 2568 5772 aquarum
2597 5700 2727 5755 alias
2752 5698 3080 5770 superiorem
3105 5699 3277 5756 locum
3300 5713 3586 5771 occupare,
3608 5700 3738 5756 alias
