4094 6204
600 257 665 314 ει
1255 272 1311 327 S.
1350 272 1627 334 JOANXIS
1663 276 2134 338 CllllYSOSTOMl
2180 285 2495 347 AltClllEP.
2535 295 3066 363 CONSTANTINOP.
3792 323 3863 376 59.

601 383 777 431 autem
802 378 902 434 sub
928 379 1260 442 firmamento
1291 401 1412 442 esse
1435 388 1688 458 jusserit:
1713 395 1791 450 sic
1815 406 1868 452 et
1895 414 2033 454 nunc
2059 400 2179 456 illas

604 468 745 533 ipsas
783 485 977 540 aquas,
1006 487 1124 540 qua:
1169 475 1270 531 sub
1311 476 1648 538 ﬁrmamento
1692 498 1880 554 erant,
1937 490 1988 544 in
2018 506 2176 548 unam

600 564 1058 628 congregationem
1075 563 1228 633 jubet
1252 571 1415 636 coire,
1441 584 1494 628 ut
1517 590 1768 645 appareat
1787 582 1954 646 arida,
1979 597 2031 640 ct
2056 598 2183 647 tttnc

603 649 722 700 huic
751 651 908 704 etiam
938 667 1092 708 suum
1136 673 1328 715 nomen
1367 663 1638 734 imponat;
1681 670 1817 726 sicut
1853 673 1922 729 de
1962 674 2080 731 luce
2123 687 2176 733 et

601 738 834 794 tenebris
861 741 1056 800 dictum
1085 759 1184 804 est.
1215 751 1541 827 Congregatte
1562 762 1692 815 enim
1715 776 1858 832 sunt,
1885 769 1994 834 ait,
2030 787 2178 841 aqua:

597 847 708 895 quw
733 833 823 886 sub
852 837 975 890 ca'lo
999 853 1162 916 erant,
1191 845 1243 898 in
1273 853 1678 921 congregationes
1703 875 1842 923 suas,
1865 872 1911 915 et
1939 867 2177 931 apparuit

595 923 782 978 arida:
838 927 922 982 10.
969 942 1016 984 et
1059 938 1246 990 vocarit
1288 938 1426 995 Deus
1466 945 1664 1000 aridam
1710 960 1912 1005 terram.
1947 955 2172 1021 Vidisti,

597 1011 807 1077 dilecte,
833 1022 1099 1087 quomodo
1131 1026 1267 1083 Deus
1291 1039 1503 1099 terram,
1532 1053 1651 1105 qum
1683 1041 1956 1099 invisibilis
1984 1058 2096 1100 erat
2120 1061 2174 1104 ct

599 1104 962 1176 incomposita,
996 1121 1050 1166 ct
1087 1117 1235 1183 aquis
1264 1113 1422 1188 quasi
1476 1127 1820 1187 velaminibns
1858 1135 2171 1203 quibusdam

596 1194 959 1264 obtegchatur,
986 1202 1317 1273 despolLavit,
1343 1221 1398 1265 ut
1422 1215 1498 1268 sic
1522 1217 1716 1282 dicam,
1746 1231 1799 1275 et
1824 1194 2010 1279 faciem
2036 1228 2176 1284 illius

598 1286 750 1340 nobis
783 1296 1113 1361 monstravit,
1139 1302 1352 1369 pr0prio
1375 1306 1532 1360 etiam
1562 1310 1776 1366 nomine
1800 1314 2084 1384 imposito?
2105 1317 2172 1374 lat

596 1384 1021 1453 congregationes,
1053 1389 1158 1455 ait,
1204 1408 1447 1462 aquarum
1489 1402 1676 1454 vocavit
1723 1406 1904 1458 maria.
1955 1408 2093 1464 Ecce
2119 1420 2174 1466 et

594 1486 746 1540 amne
775 1490 964 1532 nomen
996 1494 1149 1535 suum
1177 1486 1376 1541 sortita:
1406 1500 1546 1544 sunt.
1569 1491 1698 1546 Nam
1729 1498 2169 1563 tptematlmodum

594 1563 826 1631 opimus
861 1570 1045 1624 artifex
1085 1583 1198 1629 arte
1237 1592 1328 1630 sua
1374 1594 1464 1634 vas
1504 1583 1715 1652 aliquod
1759 1585 2013 1655 facturus,
2065 1608 2168 1647 non

594 1667 746 1710 antea
769 1658 842 1712 illi
869 1676 1058 1717 nomen
1091 1665 1333 1736 itnponit,
1356 1671 1525 1727 donec
1547 1675 1817 1732 absolvat:
1845 1680 1914 1734 ita
1939 1693 1992 1737 et
2022 1683 2170 1738 beni-

592 1761 726 1812 gnus
768 1747 1019 1806 Dominus
1045 1758 1255 1810 nomina
1287 1760 1563 1818 element's
1599 1781 1706 1820 non
1735 1779 1886 1824 antea
1923 1771 2168 1842 impetit,

591 1839 762 1893 donec
796 1856 856 1894 ea
892 1843 943 1896 in
979 1849 1203 1916 jrnpriis
1232 1850 1360 1906 locis
1390 1868 1487 1906 Sttt)
1513 1869 1775 1928 princepto
1799 1873 1977 1930 ponat.
2010 1865 2168 1934 Igitur

593 1940 866 2000 postquam
895 1944 1031 1991 terra
1060 1955 1250 1996 nomen
1289 1958 1441 1998 suum
1468 1952 1689 2018 accepit,
1723 1963 1776 2008 et
1801 1955 1864 2008 ad
1900 1959 2164 2026 propriam

588 2019 810 2074 formam
859 2029 1134 2096 pervenit,
1172 2033 1330 2088 etiam
1371 2052 1524 2105 aqua:
1568 2054 1898 2112 congregata:
1951 2051 2166 2116 propr'o

590 2111 840 2166 vocabulo
879 2118 1161 2174 nmninatze
1203 2133 1345 2178 sunt.
1392 2125 1592 2182 Vocavit
1619 2132 1790 2200 enim,
1824 2136 1931 2205 ait,
1959 2154 2166 2209 congre-

583 2201 807 2268 gutioues
851 2223 1096 2274 aquarum
1136 2215 1317 2268 maria.
1364 2217 1610 2276 δυὺάὶάὶι
1661 2225 1890 2282 iterum:
1940 2229 2001 2283 Et
2043 2233 2164 2285 viait

589 2294 721 2348 licus
745 2299 877 2364 quod
907 2301 1108 2357 bonum.
1140 2305 1268 2360 Nam
1295 2310 1416 2379 quia
1446 2311 1672 2371 lnnnana
1711 2329 1893 2374 natura
1925 2322 2162 2378 imbch-

587 2385 648 2437 lis
695 2397 794 2451 est,
844 2401 897 2444 et
953 2410 1113 2463 opera
1170 2399 1262 2452 Dei
1309 2400 1468 2471 digne
1508 2405 1725 2462 laudare
1773 2426 1875 2463 non
1917 2424 2159 2480 poterat,

587 2493 956 2548 prmoccupans
983 2485 1156 2540 divina
1188 2488 1460 2562 Scriptura
1489 2507 1757 2565 acceptam
1790 2501 1858 2555 ab
1884 2501 1998 2572 ipso
2031 2505 2160 2574 Opi-

583 2565 679 2621 tice
703 2569 907 2625 laudem
931 2590 1027 2629 nos
1057 2577 1229 2633 docet.

650 2659 703 2713 4.
745 2660 906 2730 Igitur
942 2668 1152 2735 quando
1190 2671 1388 2738 discis,
1440 2675 1537 2745 ipsi
1577 2677 1850 2736 Couditori
1890 2695 2160 2742 creaturas

582 2749 746 2806 bonas
776 2756 912 2809 visas
941 2772 1092 2825 esse,
1144 2763 1399 2832 majorem
1429 2768 1640 2837 quidem
1670 2772 1720 2826 in
1748 2775 1960 2830 modmn
1984 2779 2157 2832 admi-

577 2843 712 2898 reris
735 2861 950 2903 necesse
967 2861 1047 2906 est
1071 2868 1086 2918 ;
1116 2853 1245 2910 nihil
1268 2865 1440 2913 tamen
1463 2863 1526 2914 ad
1549 2862 1757 2920 laudem
1779 2876 1831 2921 et
1857 2870 2155 2926 enconimn

575 2937 800 3004 amplius
833 2941 1022 2999 afferre
1050 2949 1269 3012 p0teris.
1301 2949 1479 3006 Talem
1511 2956 1651 3009 enim
1699 2959 1917 3014 sortitus
1957 2977 2015 3016 es
2049 2964 2155 3017 Do-

577 3027 798 3094 tnimnn,
824 3033 912 3100 qui
944 3036 1202 3101 ejusmodi
1231 3055 1391 3108 opera
1424 3042 1566 3106 facit,
1594 3062 1714 3115 qua:
1739 3065 1765 3101 a
1799 3050 1951 3106 nobis
1981 3069 2153 3122 neque

573 3116 776 3175 laudari
816 3123 944 3176 satis
966 3138 1208 3194 possunt.
1241 3129 1519 3197 Quomodo
1542 3137 1682 3192 enim
1729 3156 1976 3211 umquam
2022 3161 2154 3214 opus

575 3213 666 3267 Dei
715 3231 811 3284 pro
851 3219 1104 3290 dignitate
1155 3226 1369 3286 laudare
1419 3244 1595 3302 po-sct
1643 3237 1868 3294 lmmana
1926 3247 2152 3300 natura?

573 3305 836 3361 Ca'terum
863 3325 959 3379 per
979 3328 1037 3367 ca
1065 3332 1181 3384 qum
1217 3320 1622 3393 subjunguntur,
1653 3331 1930 3386 considera
1961 3334 2148 3390 ineffao

572 3396 730 3450 hiietn
756 3397 847 3454 Dei
870 3405 1069 3474 egregii
1091 3409 1307 3464 artificis
1335 3414 1668 3482 sapientiam.
1699 3419 1983 3492 Postquam
2005 3426 2146 3480 enim

569 3489 721 3544 nobis
746 3505 980 3561 apertam
1007 3507 1159 3554 terrte
1187 3502 1371 3558 faciem
1399 3511 1726 3572 monstravit.
1758 3527 2150 3583 consequenttr

565 3595 664 3636 suo
693 3597 962 3653 praecepto
982 3589 1256 3647 decentem
1285 3595 1331 3649 ei
1361 3601 1603 3654 Concedit
1623 3604 1878 3673 speciem,
1907 3619 1960 3662 ct
1981 3611 2145 3664 semi-

563 3685 688 3724 num
718 3676 970 3752 varietate
997 3680 1110 3748 c-jns
1136 3682 1359 3740 adornat
1389 3687 1596 3745 faciem.
1632 3694 1712 3747 ll.
1743 3693 1808 3747 Et
1835 3697 1994 3760 dixit,
2029 3702 2142 3768 ait,

563 3761 700 3818 Deus
723 3782 742 3820 .°
787 3767 1039 3824 Cerntinet
1086 3784 1220 3827 ttrra
1269 3778 1471 3832 herbam
1509 3784 1658 3850 fwni,
1691 3789 1942 3843 seminans
1977 3808 2141 3846 srnwn

559 3856 831 3910 secundum
851 3877 1007 3929 genus
1029 3873 1073 3914 ct
1096 3866 1474 3922 sittttliludlttcttt
1491 3885 1509 3922 :
1531 3883 1577 3925 el
1605 3873 1794 3941 lignum
1816 3880 2136 3948 frugiferum,

559 3947 749 4015 faciens
787 3949 1044 4018 fructum,
1072 3957 1216 4023 cujus
1258 3975 1426 4015 semen
1475 3963 1525 4016 in
1567 3967 1832 4036 semetipso
1864 3973 2139 4028 secundum

556 4036 955 4109 similitudinem,
980 4047 1250 4101 secundum
1276 4067 1433 4120 genus
1455 4070 1607 4123 super
1626 4065 1830 4111 terram.
1857 4059 1920 4112 Et
1949 4066 2136 4131 fartum

555 4139 628 4182 est
653 4131 742 4185 ita.
773 4133 909 4202 Quid
948 4148 1030 4191 est
1073 4139 1200 4194 illud
1227 4183 1242 4204 ,
1278 4143 1344 4195 Et
1373 4147 1561 4214 factum
1590 4157 1661 4202 est
1697 4150 1809 4206 ita?
1836 4152 2093 4222 Praecepit
2119 4198 2132 4221 ,

555 4219 756 4290 inquit,
793 4225 1079 4291 Dominus,
1111 4239 1167 4284 et
1199 4232 1377 4285 statim
1413 4244 1550 4288 terra
1587 4252 1713 4292 suos
1742 4253 1924 4308 partus
1961 4253 2135 4297 matu-

553 4327 696 4374 rans,
729 4314 794 4368 ad
824 4319 1085 4371 seminum
1116 4337 1332 4388 germen
1359 4326 1588 4394 seipsatn
1619 4329 1913 4386 adornavit.
1953 4334 2034 4387 l2.
2064 4335 2130 4390 Et

551 4404 758 4466 protulit
807 4415 940 4458 terra
986 4407 1188 4462 Itcrbant
1232 4413 1354 4479 [mni
1377 4456 1390 4476 ,
1444 4415 1634 4486 inquit,
1677 4422 1928 4478 seminans
1966 4441 2130 4480 semen

546 4494 820 4547 secundum
843 4513 1018 4566 genus,
1047 4509 1093 4553 et
1121 4505 1396 4558 secundum
1423 4507 1799 4564 similitudinem
1821 4531 1840 4567 :
1867 4523 1912 4568 et
1937 4516 2128 4587 lignum

547 4583 848 4654 frugiferum
875 4588 1065 4657 faciens
1091 4593 1349 4660 fructum,
1377 4598 1524 4667 cujus
1551 4615 1718 4654 semen
1746 4619 1892 4658 suum
1921 4605 1972 4660 in
2018 4609 2128 4676 ipso

542 4675 817 4730 secundant
858 4696 1017 4749 genus
1041 4698 1193 4753 super
1222 4694 1426 4740 terram.
1473 4687 1568 4744 Hic
1610 4692 1972 4751 animadverte
1993 4737 2007 4760 ,
2042 4698 2124 4752 di-

547 4764 702 4832 lecte,
732 4771 999 4838 quomodo
1024 4775 1188 4829 verbo
1215 4777 1421 4834 Domini
1449 4783 1624 4837 omnia
1657 4783 1790 4839 facta
1816 4797 1939 4841 sunt
1966 4804 2127 4858 super

542 4864 758 4912 terram.
791 4859 904 4915 Non
961 4865 1104 4919 enim
1147 4877 1261 4922 erat
1306 4869 1466 4925 liotno
1495 4873 1585 4943 qui
1635 4889 1964 4945 operaretur,
2017 4896 2123 4936 non

538 4957 771 5002 aratrum
797 4991 814 5017 ,
847 4967 950 5006 non
993 4954 1152 5010 boum
1179 4962 1486 5028 cooperatio
1509 5004 1524 5030 ,
1554 4980 1658 5020 non
1696 4967 1836 5023 aliud
1857 4969 2120 5040 ejusmodi

537 5039 768 5094 studium
800 5059 815 5096 :
846 5043 939 5098 scd
979 5047 1150 5101 solum
1199 5051 1399 5106 audivit
1444 5065 1787 5127 praeceptum,
1834 5039 1893 5117 et
1941 5067 2120 5120 statim

535 5128 677 5195 quod
720 5145 872 5186 suum
903 5144 1018 5188 erat
1059 5136 1202 5192 fecit.
1244 5139 1319 5194 Ex
1348 5158 1453 5210 quo
1487 5143 1764 5215 discimus,
1788 5151 1947 5206 etiam
1979 5170 2120 5211 tuine

535 5236 708 5288 neque
751 5238 934 5278 caram
977 5229 1369 5299 agricolarum,
1416 5250 1587 5305 neque
1630 5239 1903 5310 laborem,
1950 5261 2118 5316 neque

533 5313 666 5368 alias
709 5313 761 5369 in
811 5317 1054 5376 colendis
1099 5323 1242 5392 agris
1285 5341 1592 5394 terumnas,
1648 5328 1914 5390 fructuum
1965 5338 2121 5394 nobis

535 5415 846 5471 proventum
899 5425 1183 5479 promere;
1216 5415 1309 5470 sed
1356 5429 1482 5474 ante
1512 5419 1626 5477 haec
1662 5425 1840 5480 omnia
1894 5431 2113 5484 verbum

535 5496 662 5562 bri,
693 5499 834 5566 quod
871 5502 939 5555 ab
983 5504 1132 5562 initio
1174 5508 1240 5563 ad
1287 5520 1482 5568 terram
1528 5513 1726 5573 factum
1767 5529 1866 5575 est.
1895 5521 2035 5588 Quin
2061 5533 2116 5581 et

533 5587 762 5644 futuram
801 5593 1053 5662 ingratam
1108 5599 1379 5659 hominum
1432 5618 1665 5664 mentem
1714 5614 1985 5684 corrigens
2029 5617 2112 5672 di-

534 5682 646 5737 mna
707 5683 1018 5757 Scriptum,
1069 5690 1346 5762 diligenter
1391 5699 1568 5758 cateia
1619 5701 1771 5763 nobis
1819 5682 2108 5765 secundum

2285 405 2528 464 ordinem
2559 411 2813 472 factorum
2844 431 3058 486 narrat,
3088 433 3143 478 ut
3170 437 3468 494 compescat
3507 434 3859 492 temeritatem

2283 506 2337 551 et
2372 498 2716 560 deliramenta
2744 523 2927 563 eorum
2955 513 3041 580 qui
3084 512 3328 581 figmenta
3365 533 3458 573 sua
3497 523 3770 579 venditant
3806 539 3860 583 et

2281 587 2460 646 dicere
2479 593 2696 662 audent,
2720 599 2846 653 Solis
2867 603 3239 671 Coeperatione
3257 607 3321 661 ad
3348 607 3608 665 frnctnmn
3633 629 3860 682 proven-

2283 686 2393 733 tum
2421 696 2556 750 Opus
2584 699 2722 741 esse.
2754 687 2890 742 Sunt
2917 704 2964 746 et
3007 693 3116 760 alii,
3147 698 3232 766 qni
3263 697 3378 753 nec
3408 701 3570 756 astris
3596 705 3859 775 aliquibus

2279 770 2581 830 adscribere
2607 778 2844 832 nituntur
2876 780 2970 852 (ιι).
3001 783 3283 853 Propterea
3313 789 3469 845 docet
3502 809 3598 848 nos
3627 770 3858 864 spiritus

2277 875 2514 931 sanctus,
2541 877 2664 922 ante
2703 869 3066 929 formationem
3096 876 3282 933 harum
3322 882 3703 939 elementorum
3742 902 3858 942 ser-

2278 956 2421 1008 moni
2444 967 2494 1011 et
2519 970 2783 1030 prarccpto
2808 964 2896 1018 Dei
2925 967 3375 1037 obtemperantem
3405 973 3648 1029 tellurem
3677 980 3854 1032 onmia

2277 1047 2479 1101 semina
2519 1048 2766 1117 edidisse,
2814 1056 2958 1108 nullo
3001 1058 3106 1112 alio
3142 1060 3208 1113 ad
3250 1067 3675 1131 cooperationem
3721 1084 3854 1137 opus

2277 1135 2578 1193 habentem.
2608 1143 2913 1200 Sufficiebat
2949 1149 3088 1202 enim
3123 1153 3171 1203 ei
3217 1167 3310 1219 pro
3351 1155 3597 1210 Omnibus
3633 1135 3851 1213 verbum

2278 1226 2445 1283 illud:
2495 1230 2745 1288 Cet-minet
2784 1245 2918 1290 terra
2961 1240 3163 1293 herbam
3191 1243 3332 1311 freni.
3374 1246 3628 1310 Quocirca
3657 1249 3861 1306 divina!

2275 1319 2560 1390 Scriptum:
2591 1327 2805 1396 vestigia
2847 1345 3152 1399 sequamur,
3190 1351 3357 1404 neque
3385 1337 3614 1392 feramus
3641 1356 3735 1394 eos
3760 1345 3848 1410 qni

2275 1411 2497 1468 adversa
2535 1415 2640 1470 illis
2671 1428 2870 1475 temere
2900 1422 3174 1478 blaterant.
3205 1427 3335 1482 Nam
3373 1431 3578 1486 etiamsi
3608 1435 3849 1488 homines

2277 1509 2470 1558 terram
2501 1519 2804 1577 operentur,
2833 1513 3257 1581 etjumcntorum
3287 1520 3480 1574 auxilio
3505 1521 3762 1590 fruantur,
3793 1537 3847 1578 ct

2273 1611 2516 1666 magnam
2561 1607 2717 1655 terra:
2748 1617 2928 1658 Curam
2973 1606 3217 1669 habeant.
3259 1615 3364 1669 etsi
3399 1628 3585 1682 magna
3626 1616 3694 1668 sit
3730 1617 3845 1670 caeli

2273 1690 2581 1758 temperies,
2614 1703 2665 1747 ct
2695 1696 2871 1749 omnia
2913 1697 3014 1750 alia
3044 1711 3380 1762 concurrant,
3427 1703 3525 1756 nisi
3557 1715 3708 1759 nutus
3741 1707 3846 1759 Do-

2271 1780 2400 1834 mini
2425 1781 2676 1847 accedat,
2707 1785 2884 1839 omnia
2911 1787 3013 1841 alia
3044 1789 3233 1844 frustra
3261 1803 3312 1844 et
3339 1791 3392 1846 in
3421 1808 3609 1847 vanum
3634 1794 3841 1862 cedent,

2270 1879 2322 1926 ct
2353 1872 2481 1926 nihil
2527 1875 2766 1943 proficiet
2803 1878 2974 1946 quivis
3020 1880 3168 1935 labor
3204 1891 3254 1936 et
3299 1885 3482 1949 sudor,
3516 1886 3615 1942 nisi
3658 1905 3845 1944 manus

2272 1963 2479 2019 Domini
2506 1981 2738 2035 superne
2777 1969 3010 2039 adjuvet,
3055 1981 3108 2028 et
3147 1973 3522 2042 perfectionem
3567 1979 3650 2033 his
3690 1981 3844 2035 rebus

2271 2055 2484 2110 tribuat.
2511 2059 2640 2125 Quis
2669 2075 2775 2115 non
2799 2062 3195 2132 obstupesceret
3217 2075 3270 2120 ct
3293 2068 3642 2125 admiraretur
3661 2113 3675 2136 ,
3697 2075 3836 2142 cogi.

2269 2153 2384 2200 tan;
2414 2150 2680 2216 quomodo
2710 2153 2928 2208 verbum
2970 2157 3175 2211 Domini
3221 2159 3384 2228 illud,
3429 2160 3678 2216 Cerminet
3713 2173 3844 2218 terra

2267 2237 2469 2293 herbam
2499 2243 2640 2311 farti,
2670 2244 2719 2297 in
2747 2243 2857 2313 ipsa
2887 2247 3084 2302 viscera
3109 2258 3264 2305 terra:
3284 2251 3590 2321 descendat,
3614 2265 3665 2309 et
3693 2258 3839 2325 quasi

2265 2331 2560 2388 admirabili
2589 2338 2814 2406 quodam
2846 2343 3017 2411 peplo,
3043 2353 3198 2402 terra:
3227 2345 3411 2403 faciem
3441 2351 3598 2404 variis
3625 2351 3841 2406 florilms

2265 2421 2527 2479 adornet?
2554 2427 2843 2499 Videreque
2866 2443 2980 2486 erat
3005 2436 3178 2490 subito
3205 2445 3417 2505 terram,
3447 2457 3566 2510 qua:
3589 2452 3739 2497 antea
3764 2445 3841 2496 in-

2266 2513 2448 2569 formis
2477 2527 2530 2570 et
2567 2517 2760 2573 inculta
2788 2533 2901 2575 erat
2925 2565 2939 2588 ,
2970 2535 3166 2580 tantam
3205 2531 3474 2598 aCCt‘plSSC
3501 2532 3839 2600 pulchritudi-

2262 2616 2407 2666 nem,
2443 2614 2497 2658 ut
2534 2608 2683 2675 quasi
2718 2625 2836 2663 cum
2878 2614 3008 2668 caslo
3047 2625 3296 2672 certaret.
3332 2618 3461 2674 Nam
3489 2621 3624 2674 sicut
3650 2623 3834 2676 czelnzn

2263 2693 2418 2760 paulo
2446 2706 2565 2763 post
2605 2700 2898 2754 ornandum
2929 2715 3039 2758 erat
3077 2718 3340 2762 astrorum
3367 2711 3645 2777 varietate,
3673 2714 3748 2766 sic
3784 2724 3837 2767 et

2265 2784 2416 2839 tellus
2441 2786 2627 2842 florum
2661 2793 2933 2863 multijnga
2967 2797 3221 2853 varietate
3246 2801 3561 2863 ornabatur,
3593 2803 3658 2855 ila
3693 2814 3745 2856 nt
3784 2815 3836 2858 et

2261 2875 2444 2943 Opifex
2491 2879 2543 2932 in
2587 2879 2793 2936 laudem
2833 2887 2946 2954 ejus
2991 2900 3396 2960 prorumperet:
3442 2895 3636 2948 etenim
3678 2893 3830 2960 Vidit,

2259 2969 2362 3032 ait,
2394 2968 2546 3026 Deus.
2574 2973 2710 3040 quod
2735 2986 2859 3028 esset
2888 2977 3090 3033 bonum.

2329 3062 2384 3116 5.
2430 3062 2612 3117 Vidisti
2656 3069 2922 3135 quomodo
2960 3086 3053 3138 per
3096 3072 3300 3143 singula
3354 3091 3472 3146 qua:
3513 3079 3647 3133 facta
3677 3089 3829 3144 sunt,

2256 3153 2500 3208 ostendat
2525 3156 2822 3212 laudantem
2845 3160 3116 3228 Opiticem,
3142 3174 3197 3219 ut
3218 3165 3460 3222 homines
3485 3179 3685 3238 postea,
3719 3171 3830 3226 ha-c

2255 3243 2449 3309 cdocti,
2475 3261 2538 3299 ex
2566 3249 2821 3303 creaturis
2847 3251 2912 3304 ad
2949 3252 3252 3310 Creatorem
3292 3263 3674 3321 recurrerent?
3698 3263 3826 3318 Nam

2253 3333 2298 3389 si
2325 3345 2584 3392 creatura:
2623 3340 2925 3409 hujusmodi
2955 3344 3059 3398 sint
3081 3388 3096 3408 ,
3127 3355 3183 3400 ut
3205 3348 3271 3402 ab
3299 3348 3510 3405 homine
3542 3368 3638 3421 pio
3662 3354 3830 3422 digni-

2255 3434 2360 3481 tate
2400 3427 2598 3484 laudari
2639 3443 2940 3501 nequeant:
2983 3436 3108 3504 quid
3151 3437 3218 3492 dc
3256 3441 3446 3509 opitiee
3495 3444 3610 3513 ipso
3653 3445 3827 3501 dicere

2250 3519 2371 3588 quis
2392 3521 2622 3589 poterit?
2648 3523 2711 3576 Et
2737 3524 2887 3591 vidit,
2919 3527 3020 3590 ait,
3047 3526 3187 3584 Deus
3211 3532 3344 3599 quod
3366 3544 3490 3588 esset
3511 3535 3709 3589 bonum.
3740 3539 3823 3590 15.

2252 3611 2320 3664 Et
2348 3616 2533 3682 factum
2564 3626 2634 3670 cst
2659 3632 2858 3687 vespere
2878 3660 2891 3682 ,
2923 3630 2971 3674 et
3001 3623 3189 3691 factum
3218 3635 3289 3678 est
3311 3642 3476 3690 mane,
3501 3627 3606 3680 dies
3633 3632 3823 3682 tertius.

2251 3703 2409 3760 Vides
2428 3709 2696 3777 quomodo
2727 3710 2967 3767 iterando
2995 3712 3298 3783 frequenter
3319 3717 3633 3785 doctrinam,
3661 3725 3822 3775 tllt‘tlll

2247 3807 2442 3851 nostra-
2481 3798 2744 3855 dict0rum
2777 3803 2878 3856 vim
2916 3804 3133 3874 infigere
3165 3807 3310 3860 vult?
3355 3806 3643 3878 Oportebat
3681 3812 3821 3864 enim

2244 3887 2458 3943 dicere:
2495 3891 2557 3944 Et
2587 3892 2752 3946 factus
2779 3902 2860 3948 est
2892 3893 3006 3949 dies
3037 3897 3246 3951 tertius.
3276 3899 3379 3953 Sed
3406 3899 3525 3954 vide
3557 3901 3821 3969 quomodo

2242 3979 2309 4034 de
2337 3980 2554 4050 singulis
2581 3982 2769 4038 diebus
2797 3987 2873 4040 sic
2898 3987 3040 4043 dicat
3064 4007 3075 4041 :
3106 3989 3175 4043 Et
3202 3990 3391 4058 [actum
3416 4001 3488 4045 est
3513 4008 3744 4060 vespere,
3777 4006 3821 4046 et

2241 4077 2430 4143 factum
2468 4085 2539 4128 est
2579 4093 2743 4140 mane,
2791 4080 2896 4132 dies
2943 4081 3156 4136 tertius:
3199 4099 3304 4138 non
3349 4084 3678 4155 simpliciter,
3722 4103 3821 4141 nec

2239 4164 2440 4236 absque
2468 4181 2661 4224 causa:
2694 4170 2787 4225 sed
2821 4187 2886 4227 ne
2915 4174 3155 4229 ordinem
3190 4177 3576 4232 confundamus
3600 4219 3614 4244 ,
3649 4194 3819 4248 neque

2239 4267 2483 4325 putemus
2529 4275 2748 4332 vespera
2795 4265 3072 4334 ingruente
3124 4268 3280 4321 tinem
3321 4269 3589 4339 accepisse
3637 4270 3814 4335 diem;

2235 4349 2329 4403 sed
2372 4353 2603 4407 sciamus
2645 4370 2919 4423 vesperam
2960 4357 3116 4411 tinem
3161 4375 3280 4415 esse
3325 4361 3476 4426 lucis,
3522 4373 3573 4417 et
3627 4365 3818 4431 princi-

2235 4443 2378 4511 pium
2406 4445 2615 4498 noctis:
2649 4461 2805 4500 mane
2842 4457 3018 4503 autem
3063 4449 3218 4505 finem
3261 4453 3463 4520 noctis,
3501 4462 3554 4508 ct
3580 4455 3814 4524 c:nnple-

2235 4542 2470 4588 meutum
2495 4534 2622 4590 diei.
2649 4537 2758 4592 lloc
2778 4540 2917 4592 enim
2939 4540 3132 4596 docere
3155 4557 3252 4596 nos
3276 4543 3385 4598 vult
3413 4545 3599 4600 beatus
3620 4546 3810 4609 Moses,

2231 4626 2414 4681 dicens
2437 4644 2452 4681 :
2483 4625 2552 4680 Et
2576 4627 2764 4696 factum
2786 4641 2858 4684 est
2885 4649 3104 4703 vespere,
3137 4643 3182 4688 et
3212 4637 3401 4704 factum
3427 4645 3497 4689 est
3525 4653 3689 4699 mane,
3709 4636 3814 4690 dies

2231 4719 2420 4772 tertius.
2454 4719 2518 4773 Et
2537 4736 2604 4775 ne
2629 4721 2857 4788 mireris,
2886 4723 3098 4788 dilecte,
3125 4725 3170 4779 si
3193 4724 3308 4781 [nec
3329 4741 3470 4794 smpe
3492 4735 3542 4780 et
3561 4728 3813 4782 continuo

2229 4809 2370 4864 dicat
2417 4811 2592 4866 divina
2643 4812 2934 4883 Scriptura.
2981 4813 3037 4870 Si
3085 4816 3225 4870 enim
3275 4826 3394 4885 post
3441 4827 3636 4872 tantam
3684 4818 3810 4873 dicti

2229 4903 2579 4972 frequentiam
2606 4903 2773 4959 Judaei
2811 4906 2986 4961 adhuc
3011 4923 3198 4963 errore
3224 4910 3612 4979 praeoccupati,
3641 4926 3810 4964 esca:-

2226 5006 2348 5050 cato
2367 4997 2531 5052 corde
2551 4997 2901 5060 contendunt,
2925 5008 2980 5054 et
3001 5015 3272 5069 vesperam
3303 5001 3508 5055 initimn
3541 5001 3812 5069 sequentis

2225 5086 2331 5142 diei
2374 5102 2495 5144 esse
2538 5089 2824 5159 opinantur
2849 5089 2958 5162 (li),
2999 5091 3327 5162 tlccipienles
3373 5093 3710 5161 semctipsos,
3757 5102 3811 5146 et

2223 5179 2400 5233 adlmc
2430 5179 2481 5233 in
2513 5180 2699 5233 mnbra
2730 5181 2918 5236 sedent
2940 5223 2954 5246 ,
2989 5184 3209 5242 veritate
3235 5184 3481 5238 omnibus
3511 5185 3767 5252 patefacta
3793 5226 3807 5247 ,

2223 5279 2276 5324 et
2304 5269 2368 5323 ad
2399 5269 2670 5324 lucernam
2711 5271 2979 5336 assident,
3007 5273 3120 5326 sole
3152 5273 3371 5340 justitire
3414 5285 3580 5328 totum
3623 5275 3808 5329 orbem

2223 5360 2454 5430 undique
2476 5361 2792 5424 illustrante,
2817 5361 2916 5416 nisi
2941 5370 3081 5415 tanta
3109 5363 3376 5432 diligentia
3398 5375 3450 5420 et
3471 5366 3811 5420 accuratione

2221 5453 2513 5520 docuisset,
2545 5451 2704 5524 aliqui
2753 5461 2858 5508 tam
2904 5452 3210 5507 indocilium
3255 5456 3657 5511 contentionem
3705 5455 3810 5511 fer-

2219 5554 2356 5602 rent.

2281 5659 2353 5732 ζει)
2387 5663 2528 5732 Erant
2548 5671 2630 5732 qui
2654 5659 2798 5732 astris
2821 5664 2966 5706 terra:
2991 5660 3215 5732 regimen
3241 5660 3594 5711 adscriberent.
3623 5721 3649 5732 Α
3706 5719 3734 5732 υ
3775 5720 3784 5732 θ

2281 5661 2331 5713 (u
2387 5663 2528 5707 Erant
2548 5671 2630 5706 (IIII
2654 5659 2798 5707 astris
2821 5664 2966 5706 terra:
2991 5660 3215 5719 regimen
3241 5660 3594 5711 adscriberent.
3640 5721 3649 5731 .
3727 5722 3734 5731 ε
3775 5720 3784 5732 .

2281 5657 2354 5782 (bl
2378 5719 2524 5771 Judaei
2549 5721 2776 5771 dicebant
2799 5733 3054 5786 vesperam
3078 5723 3262 5774 initiqu
3423 5731 3678 5788 sequentis
3690 5719 3804 5771 dict.
