4094 6204
412 284 483 352 63

485 405 791 466 Adhortatus
813 404 883 459 ad
905 400 1358 473 obtemperantium
1376 399 1681 471 Seripturi‘s,
1706 409 1755 454 et
1789 397 1861 452 at!
1888 399 1994 467 glu-

418 502 549 557 ἤειιή
573 497 991 556 contemnendam
1015 512 1035 560 ,'
1064 492 1231 566 gloria
1256 492 1480 549 tantm
1505 494 1733 548 virtutem
1759 492 2007 563 sequitur-

412 623 487 636 —
512 596 581 648 At
613 592 688 647 illi
726 589 940 663 quidem
976 586 1228 643 amentia
1263 603 1376 642 sua:
1410 585 1626 658 prtemia
1660 592 2007 656 exspectent:

415 694 517 740 nos
543 688 743 745 autem,
785 680 981 751 quibus
1021 677 1277 733 donatum
1319 685 1403 733 est
1433 676 1565 732 solis
1590 676 1810 747 jttS‘ititt:
1848 673 2015 730 radiis

417 776 696 843 illustrari,
720 772 1020 829 divinarum
1042 770 1439 841 Scripturarum
1461 768 1719 825 doctrina:
1738 768 2011 837 obtempe-

416 875 635 926 mnu’s:
664 877 721 925 et
746 867 886 923 hunc
910 872 1171 922 eanouem
1196 873 1507 935 sequentes,
1524 877 1652 918 sana
1680 861 1926 933 dogmata
1957 860 2011 915 in

418 960 613 1016 mentis
636 967 835 1014 nostra:
861 955 1231 1028 prommuario
1260 962 1604 1025 reponamus,
1621 962 1675 1008 et
1698 965 1802 1007 una
1825 960 2014 1007 eorum

415 1064 600 1106 caram
619 1090 635 1115 ,
664 1054 721 1104 et
758 1056 957 1104 nostra:
983 1045 1174 1102 salutis
1202 1056 1446 1116 magnam
1476 1036 1885 1100 sollicitudinem
1921 1048 2014 1113 ge-

418 1149 600 1198 rentes
622 1183 637 1209 ,
668 1155 734 1198 ea
759 1146 878 1211 qius
901 1140 1096 1195 animze
1133 1144 1331 1193 nasute
1366 1137 1645 1193 sanitatem
1685 1134 1899 1199 laedunt,
1933 1131 2013 1188 fu-

419 1232 647 1302 giamus,
687 1228 762 1286 ab
797 1229 1102 1300 liujusufotli
1142 1227 1394 1283 omnibus
1440 1227 1593 1297 quasi
1635 1241 1665 1280 a
1703 1224 2013 1295 penniciosis

422 1321 696 1377 veneficiis
713 1320 1061 1377 abstinentes.
1088 1314 1445 1387 ﬂultomajus
1470 1316 1611 1372 enim
1634 1314 1736 1370 huc
1756 1314 2010 1370 damnum

420 1424 526 1477 est,
572 1422 627 1468 et
670 1420 817 1468 tanto
853 1410 1047 1481 majus,
1078 1412 1284 1480 querito
1309 1407 1487 1463 anima
1533 1422 1762 1476 corpore
1800 1405 2009 1461 metior.

424 1499 517 1560 illa
544 1506 688 1561 enini
719 1506 921 1560 venena
944 1503 1276 1574 corporalem
1307 1501 1445 1555 hanc
1472 1506 1698 1554 mortem
1722 1498 2017 1553 inducunt:

422 1600 539 1654 inec
578 1604 758 1654 autem
805 1597 1089 1653 sanitatem
1127 1596 1322 1651 animum
1366 1586 1706 1658 ofi'endentia,
1755 1600 2012 1647 retentam

420 1689 574 1744 nobis
628 1696 855 1743 mortem
910 1687 1161 1743 afferunt.
1209 1685 1471 1754 Quaenam
1521 1686 1703 1739 autem
1746 1690 1872 1737 sunt
1922 1681 2012 1738 illa

421 1780 577 1835 nobis
602 1780 620 1812 ⁸
648 1776 985 1849 perniciosa?
1008 1774 1167 1833 Multa
1206 1786 1262 1834 et
1289 1776 1458 1842 varia,
1488 1774 1719 1830 maxime
1741 1782 1919 1829 autem
1943 1771 2014 1829 ad

423 1872 709 1928 ltutnauutn'
764 1870 988 1943 gloriam
1046 1872 1290 1941 spectare
1341 1877 1398 1925 et
1448 1868 1659 1925 nescire
1713 1874 1833 1929 eam
1884 1875 2015 1922 coti-

423 1969 683 2019 tetnuere.
712 1962 822 2018 iloc
845 1964 989 2019 enim
1028 1952 1317 2017 multorum
1354 1958 1510 2015 nobis
1549 1958 1808 2015 malorum
1851 1960 2011 2015 eausa

425 2064 507 2110 est
536 2073 551 2108 :
580 2054 702 2110 etsi
726 2070 859 2125 quas
886 2053 1189 2125 spirituales
1218 2050 1482 2109 habemus
1504 2050 1737 2120 divitias,
1767 2055 1858 2107 ea's
1882 2058 2013 2106 eva-

428 2153 575 2210 cuat,
600 2153 656 2200 et
684 2145 911 2200 utilitate
931 2186 947 2210 ,
977 2150 1096 2215 qum
1119 2156 1184 2201 ex
1210 2145 1292 2201 eis
1324 2144 1440 2214 capi
1474 2149 1680 2214 potest,
1709 2156 1807 2197 nos
1840 2141 2012 2197 desti-

432 2237 548 2292 tuit.
603 2236 740 2306 Quid
794 2237 954 2309 igitur
997 2236 1157 2293 Merit
1207 2234 1403 2293 damno
1458 2235 1562 2292 huc
1617 2234 2012 2307 perniciosius?

426 2326 861 2400 Quandoquidem
905 2329 959 2384 id
985 2336 1233 2400 prtestat,
1273 2337 1328 2385 ut
1366 2338 1398 2385 ει
1432 2329 1586 2385 uobis
1614 2326 1825 2384 avolem
1848 2326 2009 2383 etiam

423 2426 486 2477 ea
515 2424 633 2490 qua:
678 2435 777 2475 nos
817 2419 1011 2476 habere
1036 2428 1302 2491 putamus.
1334 2419 1425 2477 Sic
1466 2414 1768 2475 Pharisa'ns
1794 2418 1881 2475 ille
1910 2435 2013 2490 pu~

423 2510 634 2565 blicauo
659 2511 835 2565 tuiuur
866 2508 1038 2566 factus
1062 2518 1177 2578 cst,
1208 2526 1274 2567 eo
1298 2506 1441 2582 quod
1470 2510 1663 2581 lingua:
1696 2524 1808 2565 sum
1844 2509 2013 2580 impe-

424 2618 544 2659 rare
577 2617 683 2657 non
724 2603 893 2673 potuit
918 2601 1068 2673 (Luc.
1107 2600 1240 2675 18):
1287 2602 1381 2659 sed
1424 2614 1520 2674 per
1559 2603 1701 2658 illam
1740 2600 1878 2657 sicut
1918 2612 2014 2671 per

426 2693 713 2750 fenestram
742 2695 972 2765 aliquam
999 2708 1188 2751 omnes
1218 2692 1432 2751 divitias
1472 2710 1596 2752 snas
1628 2690 1837 2750 effudit.
1864 2693 2010 2749 Tan-'-

427 2792 537 2841 ιιιιιι
566 2795 651 2842 est
679 2787 853 2842 inanis
872 2786 1055 2858 gloriae
1079 2778 1297 2843 malum.

493 2876 547 2933 6.
591 2876 722 2942 Die.
754 2876 1018 2946 obsecro,
1060 2877 1189 2933 milli
1212 2920 1229 2946 ,
1258 2890 1354 2933 cur
1393 2888 1449 2935 et
1489 2890 1591 2948 qua
1633 2877 1703 2935 de
1746 2886 1903 2935 causa
1940 2877 2010 2933 ita

426 2965 699 3022 hominum
731 2958 887 3023 laude
927 2968 1164 3024 teneris?
1187 2960 1372 3024 Nescis
1394 3009 1411 3035 ,
1449 2968 1590 3039 quod
1619 2967 1755 3024 sicut
1782 2968 1967 3023 utubra
1992 3008 2008 3035 ,

423 3070 478 3114 et
503 3060 547 3115 si
571 3058 698 3132 quid
727 3050 813 3116 ilia
844 3059 1023 3126 Vilius,
1053 3061 1121 3115 ita
1146 3056 1358 3116 illorum
1386 3060 1499 3115 laus
1530 3060 1582 3115 in
1611 3066 1790 3116 acrem
1818 3059 2009 3115 diffusa

424 3150 748 3206 evanescat?
773 3144 1019 3221 Altaquin
1046 3150 1353 3207 ineonstaus
1377 3159 1432 3206 et
1456 3151 1712 3206 mutabile
1732 3161 1815 3206 est
1838 3149 2013 3205 homi-

427 3248 551 3295 num
577 3246 766 3312 geuus,
812 3238 866 3298 et
895 3236 970 3297 illi
1000 3241 1098 3313 ipsi
1124 3241 1394 3308 eumdem,
1421 3250 1579 3313 quem
1605 3256 1748 3298 nunc
1773 3241 2010 3308 laudant,

428 3338 532 3387 non
575 3326 743 3389 multo
782 3340 900 3405 poet
940 3333 1289 3404 vituperant:
1327 3334 1471 3405 quod
1510 3330 1563 3389 in
1608 3335 1874 3391 seruantia
1918 3333 2010 3389 Dei

430 3432 720 3496 numquam
764 3426 1036 3482 usuvenit.
1067 3425 1146 3482 Ne
1172 3427 1330 3497 igitttr
1360 3427 1431 3482 ita
1459 3426 1805 3497 desipiamu’s,
1834 3432 1905 3482 ne
1928 3434 2010 3482 tc-

428 3528 576 3574 tuere
613 3528 668 3574 et
704 3519 907 3589 absque
946 3515 1116 3575 fructu
1144 3518 1389 3574 fallamus
1417 3524 1515 3574 nes
1544 3518 1707 3587 ipsos.
1750 3516 1882 3575 Nam
1911 3519 2014 3575 etsi

431 3608 626 3663 bonum
651 3604 903 3678 quiddam
935 3606 1182 3676 facimus,
1208 3616 1314 3663 non
1339 3618 1518 3663 autem
1549 3614 1766 3679 propter
1794 3609 1894 3665 hoc
1919 3626 2011 3665 so-

433 3695 542 3751 lum
565 3698 790 3769 agimus,
818 3707 877 3753 ut
901 3694 1206 3753 mandatum
1236 3697 1447 3753 Domini
1476 3700 1643 3755 nostri
1674 3700 2010 3769 impleamus,

431 3791 587 3861 eique
623 3780 721 3845 soli
764 3790 959 3863 cogniti
990 3791 1155 3846 simus
1178 3833 1194 3859 ,
1222 3792 1456 3849 laborem
1494 3792 1637 3850 hunc
1665 3794 1857 3850 frustra
1886 3812 2012 3852 sus-

427 3881 655 3952 cipimus
674 3924 690 3945 ,
726 3892 930 3953 uosque
959 3880 1226 3953 primores
1280 3880 1450 3939 fruetu
1474 3926 1491 3952 ,
1518 3890 1674 3956 quem
1712 3884 1836 3943 inde
1860 3896 2012 3943 asse-

429 3975 520 4044 qui
565 3974 769 4032 liceret.
818 3966 950 4031 Nunt
999 3976 1044 4033 is
1089 3977 1177 4047 qui
1226 3986 1285 4033 tit
1324 3976 1395 4032 ab
1436 3977 1739 4036 hominibus
1784 3981 2009 4052 gloriam

429 4070 668 4130 tenetur.
693 4068 819 4141 quid
847 4068 969 4124 b‘oni
996 4074 1265 4139 cpt-ratur.
1293 4071 1408 4127 sive
1434 4087 1496 4127 ea
1528 4071 1628 4127 frui
1657 4074 1873 4143 poterit,
1898 4073 2012 4130 sive

426 4165 566 4227 non;
594 4168 738 4229 smne
763 4160 904 4215 enim
927 4170 981 4215 et
999 4161 1088 4232 qui
1113 4170 1328 4232 propter
1350 4162 1562 4218 inanem
1585 4164 1809 4235 gleriam
1831 4165 2008 4221 omnia

429 4249 588 4316 facit,
615 4250 776 4306 etiam
816 4251 928 4321 ipsa
957 4248 1274 4319 frustratur;
1319 4253 1435 4310 sive
1460 4255 1621 4325 igitur
1644 4270 1705 4311 ea
1739 4258 2006 4327 potiatur,

425 4340 538 4396 sire
566 4348 669 4394 non
690 4380 707 4407 ,
734 4341 866 4396 satis
910 4337 996 4397 hic
1025 4336 1393 4400 retributionis
1426 4347 1663 4416 accepit,
1691 4356 1747 4403 et
1781 4348 1850 4405 ibi
1879 4349 2006 4404 nihil

426 4430 651 4500 accipiet
678 4432 1038 4502 prrctnioruut.
1066 4432 1242 4501 Quare
1272 4434 1415 4491 hoc?
1439 4436 1572 4505 Quia
1605 4438 1893 4507 prmfercns
1921 4438 2007 4493 fu-

426 4520 559 4576 turis
607 4520 926 4590 pr.esentia,
966 4531 1023 4578 et
1054 4523 1184 4592 justi
1227 4523 1429 4581 iudicis
1472 4528 1679 4582 calculo
1721 4528 2006 4585 humanam

421 4610 667 4679 gloriam,
695 4608 967 4682 indignum
997 4622 1057 4669 se
1096 4614 1270 4670 reddit
1303 4616 1448 4685 quia
1471 4617 1656 4675 iudice
1693 4619 1999 4677 Ironoretur.

419 4698 619 4756 Contra
643 4700 689 4755 si
721 4706 935 4772 propter
959 4700 1063 4758 hoc
1088 4704 1260 4759 solum
1290 4718 1574 4776 operemur
1601 4710 1876 4778 spirituule
1903 4712 2005 4767 ali-

420 4789 562 4858 quod
591 4790 791 4846 bonum
815 4832 830 4856 ,
858 4796 917 4848 ut
951 4793 1253 4864 placeamus
1278 4797 1433 4853 ocqu
1458 4799 1657 4856 ΜηθυΙί
1681 4842 1697 4868 ,
1724 4805 1813 4874 qui
1840 4805 2005 4875 sopiri

422 4883 617 4948 nescit,
640 4890 695 4937 et
718 4882 809 4937 cui
834 4883 974 4938 nuda
1002 4893 1057 4940 et
1083 4894 1264 4955 aperta
1288 4897 1413 4944 sunt
1437 4891 1615 4946 omnia
1659 4909 1674 4947 :
1703 4902 1759 4950 et
1787 4893 2004 4952 thesau-

418 4976 511 5026 ius
541 4978 725 5029 numer
750 4974 801 5029 in
828 4982 943 5029 toto
966 4976 1088 5039 erit,
1109 4985 1164 5032 et
1188 4978 1510 5051 incorrupta:
1538 4997 1636 5038 nos
1663 4998 1872 5044 merces
1891 5002 2004 5043 ma-

421 5061 651 5128 nebunt.
681 5068 736 5120 et
771 5082 836 5120 ex
883 5066 994 5136 ipsa
1035 5082 1219 5123 carum
1252 5072 1400 5125 suavi
1427 5075 1823 5144 exspectatione
1850 5079 2004 5135 nobis

419 5153 582 5208 multa
605 5156 904 5213 enuntiatio
922 5160 1044 5222 erit.
1062 5159 1189 5214 dum
1213 5160 1264 5215 in
1288 5167 1671 5234 promptuario,
1687 5169 1827 5239 quod
1844 5184 2004 5227 nemo

418 5242 648 5314 diripere
673 5248 864 5317 poterit
887 5290 903 5314 ,
938 5249 1026 5305 illa
1056 5251 1212 5307 nobis
1244 5256 1390 5307 salva
1422 5259 1720 5314 custoditur
1743 5274 1953 5318 merces
1982 5283 1998 5321 :

418 5334 530 5388 nuo
573 5338 809 5403 sequitur
850 5340 1012 5395 etiam
1053 5341 1220 5412 gloria
1261 5342 1512 5402 butuana.
1560 5348 1711 5405 Tunc
1737 5351 1881 5408 enim
1911 5354 2000 5411 illa

416 5424 589 5479 taultu
610 5425 823 5482 uberius
844 5429 1085 5496 lmimur,
1106 5433 1321 5503 quando
1338 5449 1456 5491 eam
1473 5436 1816 5512 despicimus,
1833 5458 2002 5516 quan-

415 5517 493 5576 do
529 5532 651 5577 eam
690 5535 797 5576 nou
825 5524 1110 5593 quarrituus
1131 5567 1147 5592 ,
1178 5527 1393 5598 quando
1419 5544 1537 5592 cam
1572 5549 1684 5594 non
1711 5544 1997 5595 sectantur.
2022 5526 2036 5539 ’

485 5701 508 5738 θ
537 5701 681 5757 aaut.
705 5710 760 5754 et
777 5702 1081 5769 qtutlamtu
1098 5746 1112 5769 .
1135 5707 1280 5764 rubis.

1575 274 1638 346 IN
1674 287 1827 344 can.
1869 282 1908 341 l.
1947 270 2189 341 emes.
2232 278 2460 348 uouit.
2497 284 2591 346 νι.

3637 294 3721 350 ω

2120 396 2184 452 Et
2230 399 2354 469 quid
2395 399 2604 457 miraris
2628 442 2645 466 ,
2673 399 2720 457 si
2762 398 2863 459 boe
2901 400 3118 458 eveniat
3162 402 3230 459 iis
3270 402 3361 475 qui
3401 404 3709 476 spiritualea

2118 489 2465 561 philosophos
2504 500 2705 563 agunt,
2733 506 2856 548 cum
2893 501 2950 549 et
2991 494 3141 549 multi
3185 507 3370 550 eorum
3411 496 3504 566 qui
3545 495 3715 568 hujus

2116 578 2301 634 mundi
2339 579 2517 636 studia
2551 590 2840 647 sectantur,
2870 597 2966 638 eos
3003 584 3234 641 maxime
3270 594 3619 644 contemnant
3644 599 3706 644 et

2115 670 2432 741 despiciant,
2459 674 2550 744 qui
2578 673 2647 729 ab
2669 673 2972 729 hominibus
2994 675 3216 746 gloriam
3238 687 3483 748 quaerqu
3503 719 3519 744 ,
3549 679 3703 735 inre-

2117 767 2339 833 niesque
2362 764 2431 820 ab
2454 766 2701 821 omnibus
2722 764 2962 822 dieteriis
2990 766 3192 824 incessi
3216 780 3312 825 eos
3336 769 3429 841 qui
3456 770 3703 825 humana:

2115 857 2299 928 gloria:
2328 857 2575 915 inhiant?
2597 859 2736 929 Quid
2765 860 2924 930 igitur
2950 860 3207 915 miserius
3221 861 3511 934 nobis,.qui
3537 864 3700 934 spiri—

2118 948 2275 1004 utalia
2306 958 2572 1005 sectamur
2589 992 2605 1018 ,
2631 951 2675 1006 si
2703 951 2906 1007 similes
2936 950 3039 1007 illis
3058 992 3073 1017 ,
3097 951 3355 1011 celebrari
3382 954 3450 1009 ab
3476 954 3707 1009 hornini-

2116 1037 2217 1094 bus
2237 1039 2534 1110 cupiamus,
2556 1049 2610 1097 et
2632 1041 2676 1095 si
2701 1053 2809 1097 non
2831 1050 2913 1097 sat
2933 1039 3087 1098 fuerit
3109 1042 3264 1098 nobis
3279 1058 3311 1097 a
3335 1044 3445 1099 Deo
3464 1044 3663 1100 laudari
3676 1046 3709 1099 ἓ

2116 1129 2256 1185 sicut
2275 1139 2329 1185 ct
2358 1129 2553 1186 Paulus
2576 1131 2705 1188 dicit
2737 1150 2750 1187 :
2781 1132 2946 1203 Cujus
2968 1133 3135 1205 gratia
3161 1150 3263 1187 non
3289 1150 3356 1190 ea;
3377 1135 3661 1189 hominibus
3680 1177 3707 1201 ..

2116 1222 2206 1275 sed
2246 1238 2310 1276 ea:
2353 1221 2459 1277 Deo
2490 1223 2508 1293 (
2530 1224 2682 1279 lieni.
2719 1224 2773 1278 2.
2813 1222 2947 1295 29.).
2991 1224 3105 1280 Non
3149 1225 3298 1280 vides
3323 1266 3340 1290 ,
3377 1224 3604 1291 dilecte,
3648 1227 3713 1281 ire

2116 1310 2457 1370 Circensibus
2483 1314 2639 1382 ludis,
2670 1314 2939 1387 quomodo
2970 1315 3002 1369 ii
3031 1315 3121 1386 qui
3147 1330 3327 1386 equus.
3342 1316 3563 1387 agitant,
3595 1331 3714 1371 non

2116 1403 2404 1460 advertunt
2453 1407 2697 1477 plausum
2737 1417 2791 1463 et
2838 1407 3074 1463 furorem
3115 1407 3296 1479 populi
3336 1408 3623 1464 assidentis
3648 1418 3705 1465 et

2117 1498 2480 1568 acclanmntis,
2509 1515 2679 1571 neque
2702 1515 2858 1557 exeo
2885 1501 3070 1572 plausu
3098 1500 3421 1571 voluptatem
3445 1502 3699 1571 capiunt:

2116 1589 2213 1645 sed
2239 1590 2306 1645 ad
2338 1605 2499 1645 unum
2541 1593 2981 1662 solumspceiant
3017 1590 3396 1662 imperatorem
3427 1592 3479 1647 in
3525 1591 3713 1647 metire

2115 1679 2413 1748 sedentem,
2438 1689 2500 1738 et
2516 1681 2583 1737 ad
2610 1690 2797 1739 uatum
2824 1683 3349 1751 illiusatteudc‘ntes,
3374 1690 3537 1740 totam
3563 1685 3701 1738 mul-

2118 1772 2395 1829 titudinem
2425 1773 2722 1845 despiciunt
2744 1817 2772 1844 ,,
2795 1783 2850 1830 et
2877 1784 3003 1831 tunc
3027 1776 3202 1831 solum
3226 1776 3406 1831 animo
3434 1776 3702 1833 extulimu-

2118 1870 2223 1929 tur,
2241 1880 2360 1920 eum
2379 1865 2469 1921 ille
2485 1880 2581 1922 eos
2596 1868 2969 1922 eor‘ouavcrit?
2990 1866 3103 1922 nos
3121 1866 3280 1938 igitur
3298 1876 3352 1922 et
3373 1877 3427 1923 tu
3445 1867 3711 1936 inritatus,

2116 1969 2221 2013 Ion
2262 1959 2436 2031 magni
2464 1959 2720 2016 momenti
2764 1957 2929 2016 facito
2954 1960 3228 2016 horninutn
3268 1960 3462 2015 fatuam
3484 2002 3498 2024 ,
3527 1976 3706 2031 neque

2118 2054 2336 2121 ιιι-θρια-
2378 2060 2497 2106 eam
2538 2051 2787 2107 virtutem
2823 2060 3079 2108 exerceas
3103 2094 3119 2119 ,
3151 2052 3245 2108 sed
3273 2067 3304 2107 ιι
3339 2052 3485 2122 justo
3514 2050 3705 2108 Judice

2114 2141 2431 2198 sententiam
2456 2148 2724 2214 exspecta,
2748 2149 2805 2199 et
2826 2143 2893 2198 ad
2921 2143 3065 2198 illius
3088 2154 3272 2199 nutum
3301 2144 3535 2198 intentus
3558 2152 3697 2199 esto.

2112 2231 2204 2290 Sic
2227 2246 2443 2289 omnem
2473 2234 2635 2289 vitam
2667 2242 2809 2289 tuam
2836 2233 3084 2305 dispeusa
3100 2275 3129 2300 μ
3145 2242 3202 2288 ιιι
3224 2244 3277 2289 et
3302 2233 3390 2289 hic
3414 2234 3710 2289 emrtiueu-.

2115 2334 2199 2381 ter
2224 2326 2363 2382 bona
2402 2336 2500 2396 spe
2539 2325 2771 2397 pascaris
2794 2367 2814 2393 ,
2840 2334 2897 2381 et
2934 2325 3040 2381 illic
3066 2324 3283 2381 .eternis
3308 2324 3484 2381 fruare
3510 2326 3661 2381 bouis
3679 2362 3696 2392 ,

2112 2422 2234 2488 qua:
2272 2422 2328 2470 ut
2358 2429 2455 2470 nos
2482 2426 2671 2471 omnes
2694 2426 3077 2485 assequamur,
3104 2414 3237 2470 faxit
3262 2415 3428 2487 gratia
3453 2425 3505 2470 et
3535 2416 3697 2471 mise-

2112 2508 2343 2565 ricordia
2385 2508 2591 2563 Domini
2632 2508 2798 2562 nostri
2837 2506 2963 2564 less
2991 2507 3188 2564 Christi
3213 2547 3229 2574 .
3259 2521 3384 2563 eam
3414 2521 3521 2578 quo
3555 2508 3711 2562 Patri.

2113 2609 2168 2658 et
2195 2598 2416 2671 Spiritui
2450 2607 2639 2655 saneto
2662 2599 2730 2655 sit
2755 2600 2922 2672 gloria
2948 2641 2963 2663 .
2992 2611 3047 2657 et
3077 2599 3359 2670 imperium
3392 2608 3450 2654 et
3488 2599 3658 2655 honor
3680 2640 3714 2667 ,ι

2113 2703 2256 2747 nunc
2277 2700 2331 2747 et
2356 2700 2601 2762 semper,
2628 2700 2683 2745 ct
2708 2689 2763 2746 in
2792 2691 2989 2746 sreeula
3013 2690 3353 2747 seculorum.
3385 2692 3576 2746 Amen.

2698 2803 2981 2862 ΙῘΟΜΙΜΛ
3023 2805 3109 2862 Vl.

2115 2921 2181 2977 Et
2203 2920 2338 2976 dixit
2365 2919 2509 2975 Deus
2536 2936 2550 2975 :
2583 2910 2736 2973 Fiant
2762 2918 3039 2974 lantiunt-ia
3066 2919 3119 2974 in
3146 2918 3464 2989 ﬁrmamento
3497 2916 3607 2973 mli
3631 2918 3713 2971 mi

2183 3011 2606 3069 illuminalt'oueut
2629 3017 2781 3081 super
2805 3020 2990 3066 terram
3033 3051 3050 3079 ,
3076 3021 3129 3065 tu
3158 3009 3385 3065 dividant
3410 3010 3539 3064 inter
3565 3008 3713 3064 dirus

2184 3117 2230 3162 et
2258 3107 2390 3161 inter
2410 3114 2627 3170 noctem,
2652 3112 2700 3159 et
2727 3103 2826 3158 siut
2852 3102 2903 3158 iu
2925 3102 3071 3173 signa
3095 3144 3111 3173 ,
3138 3112 3185 3158 et
3210 3102 3264 3158 in
3292 3111 3518 3175 (corpora
3538 3143 3555 3170 ,
3578 3112 3624 3158 cl
3647 3102 3712 3156 in.

2185 3198 2313 3266 dies,
2342 3206 2391 3253 et
2416 3198 2467 3252 in
2494 3212 2654 3251 annos
2675 3190 2828 3270 (Gen.
2863 3195 2914 3250 l.
2949 3194 3058 3266 Η).

2186 3334 2240 3389 1.
2283 3332 2418 3389 Volo
2453 3332 2665 3388 solizarn
2704 3339 2933 3386 tractare
2969 3328 3265 3385 doctrinam
3288 3370 3304 3392 ,
3331 3337 3389 3384 et
3426 3338 3612 3400 torpeo
3637 3343 3701 3384 ae

2113 3425 2398 3479 detrecto:
2427 3428 2661 3478 merrtem
2705 3421 2846 3477 enim
2890 3435 3061 3477 meam
3104 3418 3344 3477 confudit
3383 3427 3440 3475 et
3478 3427 3697 3475 contur-

2115 3516 2261 3573 bavit
2298 3513 2681 3585 superveniens
2724 3512 2954 3568 tristitia:
2992 3510 3163 3566 nubes
3195 3528 3210 3567 :
3241 3511 3348 3565 iniu
3387 3526 3492 3565 non
3525 3509 3709 3565 solum-

2118 3605 2374 3672 tristititr,
2403 3602 2500 3660 sed
2524 3613 2579 3659 et
2602 3603 2694 3658 irae
2713 3642 2729 3666 ,
2757 3601 2826 3656 ita
2856 3609 2915 3655 ut
2941 3598 3175 3655 nesciant
3200 3599 3326 3671 quid
3352 3598 3647 3653 Ιὶιοὶοιιδιιιιι
3679 3615 3695 3653 :

2116 3707 2348 3755 tuentem
2388 3696 2533 3752 enim
2559 3702 2785 3765 occupat
2812 3691 3099 3750 haesitatio.
3148 3691 3282 3746 Cum
3308 3689 3451 3746 enim
3478 3689 3656 3760 cogito
3678 3726 3695 3756 ,

2116 3804 2212 3846 vos
2236 3803 2452 3845 omnem
2481 3786 2627 3842 illam
2656 3793 2891 3842 nostram
2918 3781 3238 3848 doctrinam,
3259 3790 3315 3836 ct
3335 3779 3705 3853 quotidianam

2113 3881 2532 3939 adtuouijouem
2569 3877 2638 3934 ad
2678 3876 2947 3932 modicum
2990 3873 3187 3931 diaboli
3229 3873 3409 3929 flatum
3438 3871 3703 3929 oblivioni

2116 3974 2396 4038 tradidisse
2419 4014 2437 4041 ,
2460 3981 2519 4029 et
2559 3971 2627 4027 ad
2654 3970 2950 4026 satanictuu
2988 3967 3139 4024 illum
3177 3975 3480 4039 equestrem
3512 3964 3700 4021 ludunt

2113 4078 2302 4122 otnnes
2327 4062 2690 4130 concurrisse,
2719 4074 2823 4133 qua
2851 4059 3125 4115 alacritate
3164 4068 3351 4128 potero
3380 4058 3568 4112 iterum
3594 4055 3694 4112 do—

2112 4157 2337 4212 ctrinam
2369 4153 2578 4211 tradere
2601 4190 2617 4219 ,
2641 4167 2763 4209 cum
2799 4150 2977 4222 priora
3004 4157 3111 4204 tam
3139 4149 3249 4205 cito
3273 4149 3455 4202 animo
3479 4147 3694 4203 excide-

2108 4246 2256 4303 rint?
2298 4246 2407 4301 lioc
2433 4244 2576 4301 enim
2601 4251 2685 4300 est
2710 4240 2853 4313 Quod
2882 4238 3213 4311 potissimum
3251 4249 3337 4292 tne
3364 4244 3612 4308 torquet,
3639 4246 3695 4292 et

2111 4338 2177 4393 ad
2221 4338 2351 4394 iram
2394 4345 2696 4392 commovet
2719 4373 2735 4399 ,
2775 4331 2918 4405 quod
2946 4346 3069 4388 cum
3111 4340 3292 4387 nostra
3334 4327 3696 4384 adntotutinne

2112 4429 2464 4486 reverentiam
2488 4428 2649 4484 etiam
2666 4467 2683 4495 ,
2703 4442 2863 4497 quam
2883 4439 3052 4481 sacra:
3074 4421 3504 4493 Quadragcsima:
3527 4419 3695 4476 debe-

2111 4521 2196 4585 tis,
2229 4535 2294 4575 ex
2322 4520 2504 4574 animo
2524 4525 2707 4574 vestro
2731 4516 2889 4573 simul
2916 4515 3182 4586 ejeceritis
3202 4552 3220 4581 ,
3248 4528 3449 4585 resque
3475 4512 3553 4568 sic
3575 4510 3694 4568 dii-

2109 4610 2216 4667 boli
2247 4610 2448 4666 retibus
2473 4606 2820 4664 involveritis.
2848 4606 3127 4674 Quomodo
3146 4605 3265 4676 quis
3291 4604 3506 4675 poterit,
3532 4602 3698 4659 etiam

2107 4703 2193 4757 cui
2219 4716 2412 4758 saxeus
2430 4701 2639 4757 animus
2654 4740 2669 4765 ,
2695 4706 2901 4755 tantum
2924 4705 3286 4765 contemptum
3308 4711 3414 4750 non
3433 4696 3693 4767 gravatim

2108 4793 2288 4850 ferre?
2315 4794 2522 4851 Pudore
2548 4793 2775 4860 afficior,
2801 4792 3040 4857 credite;
3066 4799 3124 4846 et
3145 4789 3425 4855 erubesco,
3456 4803 3578 4844 eum
3608 4789 3688 4843 ri-

2105 4885 2209 4942 deo
2231 4901 2330 4941 uos
2350 4887 2542 4940 frustra
2565 4883 2829 4948 laborare,
2850 4881 2978 4938 etin
3004 4892 3150 4952 petra
3171 4888 3465 4936 sementem
3482 4876 3692 4948 jacere.

2106 4980 2177 5035 At
2205 4979 2334 5034 mibi
2362 4977 2574 5049 quidem
2604 4976 2716 5033 sive
2741 4975 2881 5032 dicta
2927 4989 3048 5032 mea
3071 4973 3296 5031 audiatis
3320 5013 3336 5039 ,
3366 4971 3477 5027 sive
3504 4970 3692 5026 audire

2104 5073 2499 5138 contemnens,
2542 5083 2750 5126 merces
2795 5084 2912 5125 mea
2954 5069 3158 5141 integra
3201 5067 3321 5123 erit.
3362 5066 3494 5122 Nam
3527 5078 3691 5121 omne

2103 5162 2245 5233 quod
2272 5177 2448 5219 meum
2472 5171 2610 5230 erat,
2640 5161 2741 5220 feci
2771 5180 2785 5218 :
2811 5162 3092 5234 pecuniam
3119 5156 3470 5220 dinumerari.
3499 5154 3689 5212 admo-

2106 5256 2339 5312 nitiones
2362 5254 2579 5312 adhibui
2604 5273 2618 5312 :
2641 5255 2805 5313 timeo
2827 5266 3027 5321 autem,
3047 5262 3103 5310 et
3122 5251 3311 5308 anxius
3335 5263 3476 5315 sum,
3500 5263 3566 5305 ne
3587 5246 3691 5304 hoe

2106 5348 2260 5404 vobis
2293 5346 2362 5403 ad
2396 5347 2655 5419 majorem
2696 5346 3089 5404 accusationem
3127 5341 3301 5399 cedat.
3335 5339 3526 5396 Seruus
3555 5338 3691 5392 enim

2103 5440 2220 5505 ille,
2247 5440 2344 5506 ait,
2372 5441 2460 5512 qui
2485 5440 2581 5495 scit
2624 5439 2928 5494 voluntatem
2963 5434 3155 5492 domini
3190 5433 3294 5499 uti,
3325 5441 3372 5488 et
3397 5449 3498 5488 non
3527 5431 3651 5504 fecit
3669 5468 3689 5499 ,

2105 5530 2359 5600 ηραίαὸἕῑ
2385 5531 2554 5585 maliis
2586 5527 2738 5599 (Luc.
2769 5528 2858 5586 ιε.
2888 5525 3000 5598 47).
3031 5524 3247 5583 Nullum
3269 5524 3411 5582 erum
3436 5523 3686 5595 cuiquam

2105 5633 2337 5678 nstrum
2364 5623 2432 5678 ad
2475 5621 2826 5692 ignorantiam
2851 5620 2954 5677 crit
2982 5617 3243 5691 refugium
3270 5659 3287 5688 ,
3315 5633 3438 5676 cum
3470 5632 3569 5673 nos
3593 5630 3688 5673 ea-

2107 5713 2228 5772 dem
2266 5713 2500 5788 quotidie
2543 5711 2886 5786 bisouemus,
2922 5721 2978 5771 ct
3014 5713 3360 5772 ostendamus
3397 5709 3695 5769 diabolieos
