4094 6204
559 288 628 342 55
1322 283 1375 338 S.
1419 281 1692 338 JO.\.\'.\'|S
1731 281 2207 338 ClllthSOSTOMl
2249 283 2569 339 ARClllEl‘.
2609 283 3145 341 CONSTANTINOP.
3777 282 3848 337 56

562 401 802 471 laqueus,
832 412 884 456 et
910 415 1149 468 magnam
1182 398 1388 452 virtutis
1419 395 1748 464 facilitatem,
1779 397 1824 451 si
1856 408 2029 450 tamen
2061 397 2141 450 vi-

559 493 693 562 giles
730 507 850 546 esse
884 490 1225 544 voluerimus.
1274 489 1354 543 An
1401 489 1612 542 nescitis
1637 502 1731 542 eos
1772 488 1859 558 qui
1889 488 1968 542 sic
1993 502 2144 542 suam
2189 521 2210 561 λ

563 586 786 636 salutem
817 581 1107 650 negligunt,
1141 589 1194 633 et
1213 579 1497 650 aliquando
1528 579 1629 632 huc
1655 578 1892 644 veniunt,
1914 578 2149 648 aliquan-
2180 572 2182 575 ’

569 675 640 728 do
665 685 842 727 autem
876 673 926 726 in
955 672 1256 727 daemonum
1283 672 1413 726 retia
1442 687 1498 725 se
1529 671 1789 742 injiciuut,
1817 687 1846 725 a
1875 672 2148 741 Scriptura

563 765 734 818 divina
769 764 990 820 canibus
1033 763 1368 832 comparari?
1413 762 1580 816 Homo
1615 764 1755 818 enim
1781 803 1797 828 ,
1827 764 2032 833 inquit,
2065 763 2149 831 qui

560 857 863 908 convertitur
890 873 920 907 a
949 865 1152 926 peccato
1177 873 1268 908 suo
1286 897 1299 920 ,
1328 866 1372 908 et
1413 857 1593 909 iterum
1619 856 1670 908 in
1712 856 1933 924 idipsum
1977 855 2106 908 redit
2131 895 2147 919 ,

561 946 742 1000 similis
781 957 851 1000 cst
889 947 1004 998 cani
1047 946 1114 998 ad
1156 946 1392 999 vomitum
1425 963 1570 999 suum
1609 944 2034 1017 redeunti(Prov.
2057 944 2147 999 26.

566 1036 676 1107 Η).
710 1036 868 1090 Vides
895 1037 976 1090 cui
1005 1036 1206 1090 similes
1236 1036 1358 1091 facti
1397 1037 1634 1107 suntqui
1675 1036 1738 1090 ad
1779 1037 2019 1091 illicitum
2053 1036 2153 1091 hoc

564 1127 926 1199 Spectaculqu
975 1128 1363 1182 accurrerunt?
1406 1127 1518 1181 Non
1567 1128 1790 1182 audistis
1838 1127 2148 1193 Christum,

566 1221 833 1274 dicentem
867 1237 878 1272 :
913 1219 1089 1271 Uinnis
1120 1221 1204 1290 qui
1229 1220 1370 1272 audit
1399 1220 1490 1272 lios
1520 1235 1956 1282 sermones-meos,
1979 1229 2024 1271 et
2053 1235 2152 1272 non

568 1310 692 1380 facit
719 1327 801 1364 cos
823 1351 835 1375 ,
865 1310 1042 1364 similis
1076 1311 1169 1364 erit
1196 1311 1300 1364 viro
1325 1310 1479 1364 stulto
1499 1351 1513 1375 ,
1545 1311 1629 1380 qui
1653 1311 1920 1379 wdiﬁcavit
1947 1309 2155 1364 domum

567 1419 712 1458 suam
739 1419 891 1473 super
919 1418 1163 1466 arenam;
1205 1417 1252 1457 et
1291 1414 1526 1457 venerunt
1555 1404 1767 1472 ﬂumina
1792 1443 1805 1467 ,
1836 1412 1882 1456 et
1910 1403 2154 1470 ﬂarerunt

568 1498 700 1552 venti
723 1537 738 1562 ,
778 1508 823 1549 et
853 1498 1106 1550 irruerunt
1144 1497 1194 1549 in
1227 1497 1431 1550 domum
1460 1497 1632 1560 illam,
1666 1508 1711 1549 et
1750 1496 1960 1562 cecidit,
1989 1504 2034 1550 et
2060 1495 2157 1566 fuit

569 1591 718 1643 ruina
757 1590 892 1642 illius
922 1606 1104 1659 magna
1135 1588 1343 1660 (Matth.
1375 1590 1426 1642 7.
1455 1588 1543 1643 96.
1574 1589 1712 1659 ‘27)?
1743 1590 1811 1643 At
1835 1589 1924 1658 qui
1956 1588 2021 1641 ad
2048 1588 2156 1641 eir-

570 1696 759 1734 ceuses
800 1680 952 1734 ludos
982 1679 1189 1741 ierunt,
1221 1679 1310 1734 illo
1350 1680 1505 1750 longe
1529 1680 1822 1735 deteriores
1849 1679 1969 1734 facti
2009 1690 2154 1735 sunt.

574 1771 716 1828 Illius
757 1773 898 1826 enim
925 1772 1114 1826 domus
1142 1772 1346 1842 dejeeta
1372 1781 1490 1838 est,
1522 1771 1618 1826 Sl'd
1647 1783 1766 1843 post
1798 1771 2023 1826 validam
2055 1772 2157 1824 im-

575 1864 916 1934 pnlsionem:
964 1865 1180 1918 flumina
1221 1865 1361 1919 enim
1412 1876 1465 1919 et
1511 1875 1698 1920 ventos
1737 1865 1906 1932 dixit,
1952 1881 2058 1919 non
2106 1871 2161 1918 ut

576 1966 852 2011 ventorum
895 1957 1124 2026 impetus
1151 1966 1205 2011 et
1231 1973 1487 2027 aquarum
1521 1957 1884 2013 multitudines
1921 1957 2146 2024 indicet,

573 2049 668 2104 sed
714 2059 768 2103 ut
814 2051 1161 2104 tentationum
1204 2050 1510 2104 violentiam
1553 2051 1818 2114 insinuet;
1857 2059 1911 2104 et
1951 2051 2160 2104 ruinam

573 2141 764 2194 domus
789 2182 802 2204 ,
836 2157 944 2194 non
986 2149 1043 2194 ut
1075 2142 1378 2196 sensibilem
1417 2141 1633 2194 dommn
1665 2142 2016 2212 imaginemur
2046 2159 2058 2194 :
2096 2140 2162 2196 de

571 2231 749 2284 anima
779 2232 923 2286 enim
969 2246 1146 2286 sermo
1187 2242 1264 2286 est
1291 2273 1306 2298 ,
1340 2248 1456 2302 qlttl:
1501 2233 1750 2302 gravibus
1787 2232 2162 2288 afflictionibus

575 2328 822 2398 dejieitur
846 2368 862 2395 ,
894 2343 1065 2398 neque
1091 2329 1193 2384 illis
1231 2329 1480 2383 resistere
1519 2337 1727 2398 petest;
1777 2328 1828 2382 in
1859 2345 1953 2382 vos
1983 2338 2161 2384 autem

578 2435 750 2490 neque
797 2429 984 2475 ventus
1027 2419 1264 2486 afflavit,
1311 2436 1480 2489 neque
1521 2421 1664 2474 fluvii
1710 2419 2018 2483 iri-uerunt;
2068 2419 2162 2474 sed

577 2513 854 2566 dui‘ntaxat
894 2513 1066 2568 tenuis
1105 2514 1347 2583 qumdam
1375 2529 1505 2568 aura
1535 2513 1796 2568 diabolica
1827 2514 2082 2582 spiravit,
2109 2523 2164 2569 et

577 2621 765 2661 omnes
805 2622 896 2660 vos
936 2607 1214 2662 subvertit.
1263 2606 1398 2674 Quid
1443 2607 1542 2662 hac
1585 2607 1886 2677 insipientia
1929 2606 2164 2661 deterius

577 2695 770 2751 fuerit?
799 2713 914 2766 qua:
938 2697 1124 2767 jejunii
1155 2698 1388 2752 utilitas?
1412 2698 1516 2763 die,
1545 2711 1670 2763 oro;
1704 2697 1844 2767 quod
1873 2697 2073 2751 lucrum
2097 2712 2163 2751 ex

580 2788 678 2842 hac
721 2789 1169 2858 congregatione?
1213 2790 1341 2855 Quis
1372 2807 1476 2844 non
1519 2799 1574 2845 et
1613 2804 1706 2844 vos
1732 2789 2069 2859 deploraret,
2110 2798 2165 2844 et

578 2895 676 2933 nos
707 2879 930 2934 miseros
957 2880 1198 2934 diceret?
1229 2879 1337 2936 Vos
1361 2922 1376 2947 ,
1413 2883 1622 2950 inquam
1649 2922 1664 2948 ,
1698 2881 1816 2950 quia
1843 2882 2018 2934 omnia
2045 2895 2163 2949 qua:

575 2971 864 3040 eoilcgistis
884 3013 898 3038 ,
928 2973 1084 3027 simul
1111 2973 1370 3028 eliudistis
1392 3016 1406 3040 ,
1436 2983 1488 3029 et
1511 2973 1702 3045 januas
1739 2974 1932 3028 mentis
1970 2983 2163 3028 vestra:

578 3080 739 3134 pravo
766 3063 993 3120 d;emi-ni
1019 3068 1303 3136 aperuistis
1325 3109 1338 3135 ,
1371 3078 1424 3122 ut
1456 3069 1622 3122 facilis
1649 3069 1695 3123 ei
1726 3067 1900 3122 aditus
1926 3076 2069 3123 esset
2097 3067 2164 3122 ad

578 3156 874 3210 efferendus
903 3173 1090 3213 omnes
1122 3170 1326 3215 vestras
1351 3160 1654 3229 spiritualcs
1678 3159 1920 3226 divitias;
1954 3175 2049 3215 nos
2072 3176 2165 3216 ve-

580 3263 639 3301 ro
665 3248 889 3302 miseros
916 3251 1033 3319 quis
1056 3251 1178 3320 jure
1204 3250 1415 3319 dixerit,
1443 3252 1583 3322 quod
1608 3253 1676 3306 ita
1703 3251 1925 3307 mortuis
1947 3252 2162 3308 auribus

577 3341 959 3397 coneionemur
981 3385 995 3409 ,
1028 3359 1091 3398 ac
1119 3354 1314 3399 tantam
1341 3343 1601 3415 iacturam
1627 3344 1884 3400 faciamus
1905 3387 1917 3406 .
1948 3356 2000 3399 et
2030 3363 2163 3416 quo-

578 3432 702 3486 tidie
723 3433 1065 3497 seininantes,
1092 3435 1293 3489 milium
1320 3436 1596 3505 percipere
1622 3436 1848 3489 fructum
1876 3435 2159 3505 possimus.

575 3521 709 3577 Num
733 3524 831 3580 hac
851 3526 962 3580 sola
985 3525 1050 3582 de
1070 3541 1227 3583 causa
1254 3536 1359 3582 tam
1385 3527 1607 3582 studiosi
1632 3528 1682 3582 in
1705 3528 1932 3583 dicendo
1954 3543 2159 3596 smnus,

575 3627 630 3668 ut
659 3632 816 3672 aures
847 3627 1052 3673 vestras
1079 3619 1431 3689 oblectenms,
1459 3622 1541 3676 vel
1565 3622 1708 3692 quod
1732 3622 1932 3676 laudari
1956 3638 1985 3677 a
2015 3622 2162 3677 vobis

570 3709 884 3778 cupiamus?
909 3710 1019 3765 Nisi
1063 3711 1266 3767 lucrum
1298 3714 1448 3769 vobis
1485 3714 1554 3768 sit
1587 3731 1651 3768 ex
1690 3715 2026 3770 sermonibus
2066 3729 2163 3768 no-

573 3801 699 3855 stris
725 3841 740 3864 ν
771 3801 938 3854 satius
966 3801 1120 3855 fuerit
1159 3817 1257 3856 nos
1296 3803 1516 3872 posthac
1546 3804 1720 3858 silere.
1771 3803 1975 3859 Nollem
2018 3805 2161 3858 enim

574 3891 724 3944 vobis
749 3891 963 3960 majoris
988 3891 1343 3946 damnationis
1364 3907 1521 3947 causa
1549 3894 1681 3947 fieri.
1710 3895 1996 3949 Enimvero
2024 3896 2162 3950 sicut

574 3983 872 4049 negotiator
893 4023 906 4046 ,
938 3982 1026 4051 qui
1067 3999 1187 4036 eum
1216 3984 1394 4038 multis
1428 3985 1696 4039 mercibus
1734 3994 1788 4040 et
1813 3987 2001 4055 opibus
2027 4002 2155 4041 coa-

573 4073 805 4142 gregatis
836 4089 1023 4128 navem
1053 4073 1372 4144 impleverit,
1407 4076 1581 4131 subito
1605 4087 1719 4131 orta
1746 4087 2081 4148 tempestate,
2106 4087 2160 4133 et

575 4163 892 4232 praevalente
917 4173 1191 4220 ventorum
1215 4167 1463 4222 violentia
1481 4208 1495 4230 ,
1521 4183 1695 4223 mersa
1718 4183 1837 4224 cum
1861 4170 2160 4225 vectoribus

572 4271 726 4321 nave,
756 4257 812 4310 lit
840 4257 1088 4312 omnibus
1115 4259 1418 4313 miserabile
1454 4261 1840 4328 spectaculum,
1869 4261 2040 4315 nudus
2067 4277 2156 4318 re-

575 4356 731 4414 pente
759 4361 1022 4415 apparens
1045 4389 1060 4412 ,
1091 4358 1144 4403 et
1172 4359 1291 4419 post
1322 4350 1574 4418 plurimas
1602 4350 1990 4422 immensasiiue
2017 4355 2155 4410 divi-

572 4436 673 4490 tias
696 4436 746 4491 in
773 4445 1065 4493 extremam
1092 4440 1338 4495 redactus
1365 4451 1672 4512 egestatem,
1703 4443 1772 4498 ita
1803 4455 1854 4500 et
1884 4447 2154 4502 vobiscum

569 4530 810 4584 diabolus
842 4547 980 4587 nunc
1005 4533 1133 4603 egit.
1166 4533 1295 4588 Nam
1323 4535 1443 4605 quia
1478 4535 1680 4591 invenit
1705 4552 1891 4592 navem
1921 4548 2151 4595 vestram

567 4620 898 4689 spiritualem
926 4624 1106 4678 multis
1131 4624 1329 4680 divitiis
1357 4634 1649 4694 oneratam,
1676 4638 1729 4682 et
1748 4629 1876 4683 vidit
1900 4631 2153 4700 grandem

574 4713 903 4782 thesaurum,
933 4732 1090 4787 quem
1134 4734 1199 4773 ex
1239 4719 1457 4789 jejuuiis
1494 4728 1548 4775 et
1591 4722 1860 4776 continuis
1897 4724 2154 4781 doctrinis

566 4806 814 4876 eoll'gere
843 4809 1086 4876 potuistis
1116 4827 1129 4862 :
1157 4810 1305 4879 quasi
1335 4819 1648 4880 tempestate
1679 4815 1922 4884 quapiam
1954 4815 2154 4869 immis-

569 4913 625 4952 sa
657 4939 671 4964 ,
704 4898 887 4954 inutile
931 4911 985 4955 et
1033 4902 1388 4970 perniciosum
1433 4905 1561 4960 illud
1609 4915 1854 4976 equestre
1881 4916 2150 4964 cet-Lanen

567 4990 687 5046 d'co
711 5032 726 5056 ,
762 5008 857 5062 per
895 4993 1021 5048 illud
1069 4995 1239 5065 ipsutu
1283 4998 1528 5055 omnibus
1558 5014 1649 5055 vos
1688 4999 1884 5056 divitiis
1913 4999 2154 5057 destltuit

567 5094 610 5136 et
641 5085 907 5152 spoliavit.

633 5177 687 5228 2.
748 5175 872 5232 Scio
919 5194 1006 5234 me
1054 5179 1451 5238 vehementiore
1491 5184 1850 5256 increpatione
1892 5189 1962 5241 uti
1989 5229 2004 5254 ,
2053 5188 2148 5243 sed

562 5275 871 5342 ignoscatis,
899 5289 995 5328 oro
1019 5292 1030 5327 :
1059 5275 1127 5330 ita
1155 5277 1352 5346 quippe
1371 5277 1558 5333 dolens
1587 5281 1760 5334 anima
1787 5282 1940 5336 solet.
1967 5281 2148 5352 Neque

567 5365 701 5417 enim
733 5380 800 5420 ex
830 5368 1040 5422 :nunicn
1073 5377 1287 5438 pectore
1315 5370 1428 5425 hare
1458 5372 1678 5441 loquor,
1709 5373 1801 5426 sed
1832 5389 1894 5427 ex
1923 5374 2146 5429 sollicita

567 5449 832 5525 veStrique
853 5459 1208 5514 amantissima
1232 5461 1404 5514 anima
1432 5479 1444 5514 :
1470 5472 1752 5531 propterea
1776 5478 1840 5518 ex
1865 5468 2146 5520 severitate

565 5546 758 5616 aliquid
793 5551 1003 5605 remitto
1025 5592 1038 5616 ,
1067 5560 1120 5604 et
1145 5553 1268 5622 quia
1296 5553 1442 5607 ulcus
1472 5569 1694 5624 serpens
1721 5554 1932 5610 cobibui
1959 5599 1972 5619 ,
2005 5558 2146 5612 cari-

567 5647 723 5692 tatem
751 5652 974 5694 vestram
1004 5643 1193 5696 iterum
1219 5645 1353 5699 bona
1380 5661 1474 5714 spe
1503 5647 1741 5702 animare
1767 5649 1891 5702 volo
1912 5691 1926 5715 ,
1957 5665 2022 5705 ne
2045 5652 2140 5706 de-

583 5724 831 5790 st‘eretis,
868 5741 965 5780 nec
991 5729 1232 5784 animum
1267 5732 1661 5797 despondeatis.
1695 5739 1810 5796 Neu
1842 5742 1980 5798 enim
2010 5742 2145 5798 sicut

2254 397 2305 450 in
2333 399 2679 454 sensibilibus
2709 400 2883 466 rebus,
2915 400 2985 454 ita
3013 410 3066 454 et
3092 400 3178 455 hic
3205 415 3300 455 usu
3326 400 3535 464 evenit;
3562 399 3668 453 illic
3697 413 3848 452 nam-

2251 504 2358 558 que
2398 489 2444 544 is
2489 491 2579 560 qui
2627 506 2693 546 ex
2738 490 2937 546 divitiis
2973 491 3025 546 in
3057 503 3350 546 extremam
3394 491 3639 545 redactus
3688 489 3850 544 fuerit

2254 578 2486 650 inopiam
2511 622 2526 646 ,
2555 582 2702 638 brevi
2743 597 2833 637 eas
2867 598 3114 653 reparare
3147 584 3366 650 nequit;
3418 582 3503 634 hic
3541 588 3718 634 autem
3753 597 3849 649 per

2257 673 2674 729 misericordiam
2704 675 2821 740 Dei,
2849 676 2894 729 si
2920 675 3078 730 modo
3097 674 3451 729 COudcmttarc
3477 673 3611 727 facta
3637 684 3846 736 nostra,

2259 773 2309 818 et
2335 765 2444 833 jam
2473 765 2663 820 sistere
2686 765 2946 835 ignaviam
2975 767 3318 824 voluerimus,
3346 765 3635 832 pUit'l'illllIS
3665 765 3848 817 statim

2256 855 2322 909 ad
2348 857 2624 928 pristinam
2656 858 3033 912 abundantiam
3064 859 3258 913 redire.
3288 857 3432 911 Talis
3461 857 3602 910 enim
3633 867 3714 909 est
3743 857 3850 908 lto-

2258 948 2434 1000 minus
2476 957 2660 1002 noster
2684 991 2698 1015 ,
2733 959 2944 1018 tamque
2976 948 3283 1018 magnificus
3314 959 3368 1003 et
3399 947 3631 1001 liberalis
3664 965 3676 1000 :
3709 963 3743 1000 ιι
3784 947 3852 1000 de

2258 1047 2311 1092 et
2357 1039 2549 1092 clamat
2591 1055 2686 1109 per
2734 1039 3083 1109 prophetam,
3131 1039 3312 1093 dicens
3356 1055 3370 1092 :
3423 1037 3690 1090 Votuntate
3733 1038 3853 1090 nolo

2258 1138 2468 1182 mortem
2496 1131 2772 1199 peccatoris
2793 1171 2806 1197 ,
2834 1130 2922 1183 sed
2950 1139 3004 1182 ut
3034 1140 3367 1191 convertatur,
3397 1139 3442 1184 et
3474 1130 3602 1182 vivat
3634 1129 3845 1199 (Ezech.

2263 1220 2348 1274 18.
2390 1221 2460 1276 9.5
2482 1221 2519 1290 ).
2551 1221 2671 1276 Scio
2700 1238 2792 1276 vos
2820 1218 2954 1292 frugi
2985 1221 3226 1276 ilOlllilIlS
3252 1236 3370 1275 esse
3395 1263 3410 1286 ,
3442 1231 3494 1274 et
3521 1221 3725 1290 lapsum
3757 1236 3849 1274 ve-

2259 1321 2427 1364 strmn
2457 1327 2490 1382 p
2511 1313 2866 1367 'rseutiscere.
2897 1312 3014 1368 Non
3043 1321 3219 1366 autem
3249 1327 3408 1381 parva
3434 1311 3498 1364 ad
3532 1312 3740 1365 virtutis
3769 1329 3851 1364 re-

2260 1401 2428 1456 ditum
2471 1404 2552 1456 via
2581 1413 2690 1466 est,
2723 1404 2863 1458 seire
2895 1413 3231 1473 peccatorum
3260 1402 3697 1472 magnitudinem.
3731 1401 3848 1456 iam

2262 1511 2331 1549 ne
2355 1497 2476 1566 quis
2517 1495 2644 1550 mihi
2685 1497 2875 1552 iterum
2904 1496 3150 1551 diaboliei
3182 1496 3325 1550 illius
3352 1496 3552 1550 erroris
3582 1495 3738 1549 verba
3768 1496 3849 1547 af-

2264 1587 2396 1641 ferat
2419 1628 2434 1652 ,
2460 1587 2641 1642 dicens
2681 1607 2693 1642 :
2725 1589 2889 1654 Quale
2919 1598 3191 1657 peceatum
3217 1599 3298 1643 est
3319 1630 3332 1654 ,
3366 1589 3544 1642 videre
3573 1595 3852 1642 currentes

2263 1682 2468 1748 equos?
2494 1681 2548 1734 Si
2581 1679 2811 1734 volueris
2853 1681 3141 1749 prudenter
3179 1681 3356 1735 omnia
3389 1680 3596 1736 discere
3629 1697 3748 1749 quae
3781 1681 3848 1732 ibi

2265 1768 2418 1836 fiunt,
2457 1769 2697 1826 invenies
2735 1772 2913 1825 omnia
2947 1788 3013 1826 ex
3052 1771 3286 1826 satauica
3327 1770 3636 1840 operatione
3669 1771 3851 1839 prodl-

2264 1875 2322 1914 re
2350 1860 2444 1930 (ιι).
2477 1859 2593 1915 Νοιι
2623 1862 2764 1916 enim
2791 1862 3034 1916 videntur
3061 1863 3158 1918 sofi
3188 1862 3309 1932 equi
3337 1872 3612 1917 currentes
3633 1904 3647 1927 ,
3676 1861 3767 1915 sed
3799 1874 3852 1916 et

2263 1953 2527 2008 clamores
2551 1997 2565 2019 ,
2597 1964 2648 2008 et
2680 1955 3020 2025 blasphemia:
3045 1997 3060 2021 ,
3089 1963 3143 2010 et
3169 1955 3317 2010 multi
3343 1955 3710 2024 intempestivi
3740 1970 3852 2007 ser-

2265 2061 2451 2099 mones
2479 2045 2764 2100 audiuntur
2785 2087 2800 2111 ,
2832 2055 2886 2102 et
2915 2047 3167 2102 mulieres
3192 2047 3493 2116 prostituta:
3535 2046 3584 2098 in
3619 2045 3848 2099 llll‘dlum

2266 2137 2565 2206 prodeunt,
2596 2148 2650 2192 et
2689 2147 2996 2208 spectantur
3035 2138 3223 2193 molles
3262 2148 3313 2193 et
3353 2136 3639 2192 eiferninati
3681 2138 3848 2207 pueri.

2265 2228 2398 2282 Num
2430 2244 2588 2298 parva
2622 2229 2714 2284 tibi
2746 2229 2860 2284 luce
2889 2229 3154 2296 videntur,
3185 2241 3236 2284 et
3261 2246 3381 2299 qua:
3411 2228 3476 2282 ad
3503 2229 3738 2299 captivas
3761 2230 3850 2281 ab-

2267 2319 2537 2374 ducendus
2563 2321 2766 2376 animas
2795 2337 2979 2392 parum
3011 2321 3244 2375 faciant?
3270 2321 3400 2374 Nam
3424 2321 3466 2374 si
3497 2321 3695 2374 fortuiti
3724 2337 3851 2375 eon-

2267 2420 2456 2464 veutus
2485 2411 2724 2466 incautos
2753 2427 2895 2482 sa'pc
2924 2413 3350 2482 supplantarttnl,
3379 2422 3431 2467 et
3462 2412 3511 2466 in
3544 2411 3853 2480 perililienis

2269 2502 2583 2572 profundum
2603 2521 2743 2574 sa‘pe
2767 2513 3064 2571 traxerunt,
3081 2505 3202 2574 quid
3227 2504 3510 2560 verisimiie
3522 2505 3852 2560 estaeeiilere

2269 2592 2394 2659 illis,
2428 2595 2514 2664 qui
2546 2596 2672 2652 illuc
2694 2611 2755 2651 ea
2784 2596 2852 2650 de
2882 2612 3042 2650 causa
3072 2597 3308 2662 veniunt,
3338 2605 3389 2650 et
3419 2597 3601 2650 oculos
3634 2608 3850 2665 pascunt

2266 2683 2460 2740 illicitis
2489 2687 2632 2741 hisee
2659 2687 3063 2756 spectaculis,et
3089 2687 3210 2741 inde
3238 2686 3452 2756 perfecti
3483 2687 3702 2740 adulteri
3733 2686 3850 2740 dis-

2267 2780 2502 2834 cedunt?
2547 2779 2816 2850 Bcniguus
2855 2781 2998 2834 enim
3048 2780 3299 2834 Dominus
3349 2789 3530 2834 noster
3554 2780 3728 2832 sciens
3757 2796 3848 2830 na-

2268 2884 2440 2928 turam
2471 2881 2704 2927 nostram
2725 2872 2997 2926 tentationi
3028 2875 3343 2941 expositam,
3367 2879 3419 2925 et
3449 2871 3511 2924 ι1.ι
3533 2870 3705 2924 monis
3728 2885 3846 2922 ver-

2266 2973 2441 3018 sutam
2488 2973 2541 3018 et
2587 2963 2784 3017 variam
2834 2962 3126 3027 malitiam,
3183 2961 3316 3016 bene
3366 2977 3464 3015 nos
3517 2961 3758 3014 muniens
3801 2970 3849 3013 et

2268 3054 2704 3126 inexpugnabiles
2744 3054 2966 3108 reddere
3004 3053 3189 3108 volens
3213 3094 3228 3118 ,
3263 3052 3433 3123 legem
3478 3055 3610 3107 hanc
3641 3053 3849 3123 posuit,

2266 3149 2448 3203 dicens
2482 3166 2495 3202 :
2532 3147 2630 3213 Qui
2658 3148 2857 3217 inspicit
2887 3148 3142 3200 mulierem
3170 3156 3221 3199 ut
3243 3147 3560 3216 concupiscat
3589 3163 3721 3214 eam,
3738 3147 3847 3215 jam

2266 3241 2581 3294 adulteratus
2607 3250 2677 3294 est
2705 3257 2814 3294 eam
2839 3241 2890 3294 in
2921 3240 3072 3294 corde
3098 3256 3189 3295 suo
3211 3239 3426 3309 (.llattli.
3454 3240 3506 3294 5.
3535 3239 3627 3311 28)
3649 3281 3663 3306 ,
3695 3240 3845 3292 adul-

2269 3334 2457 3388 terium
2489 3343 2916 3388 consummatum
2948 3332 3186 3387 vocando
3217 3340 3491 3401 aspectum
3523 3348 3641 3386 cuni
3671 3333 3847 3387 curio-

2265 3427 2422 3480 sitate
2468 3424 2684 3480 factum.
2732 3424 2808 3478 Ne
2840 3424 2997 3494 igitur
3025 3423 3109 3478 die
3141 3425 3273 3478 ultra
3305 3441 3317 3477 :
3349 3425 3484 3491 Quid
3513 3425 3636 3478 mali
3663 3440 3726 3478 ex
3759 3424 3844 3478 illa

2267 3515 2728 3584 frequentatione?
2774 3515 2916 3569 istud
2963 3515 3133 3584 ipsum
3181 3515 3322 3569 enim
3368 3515 3546 3570 videre
3591 3532 3846 3585 equorum

2266 3616 2540 3660 certamen
2564 3647 2579 3673 ,
2606 3604 2796 3660 sufficit
2827 3604 2890 3658 ad
2921 3604 3140 3659 multam
3168 3605 3456 3674 perniciem
3484 3606 3673 3659 anima:
3715 3605 3847 3659 infe-

2267 3696 2507 3752 rendam.
2534 3697 2664 3752 Nain
2696 3712 2815 3751 eum
2849 3698 2899 3751 in
2929 3695 3128 3750 inutilia
3149 3737 3162 3761 ,
3193 3705 3246 3750 et
3269 3711 3332 3750 ea
3359 3713 3477 3767 qua:
3502 3697 3691 3751 anima:
3721 3696 3848 3752 nihil

2265 3791 2587 3857 conducunt,
2611 3791 2704 3846 sed
2732 3799 2785 3845 et
2812 3790 3066 3846 danmosa
3094 3801 3213 3844 sunt
3231 3833 3245 3857 ,
3272 3799 3478 3861 tempus
3500 3791 3813 3845 inSumimus
3832 3834 3846 3856 ,

2264 3885 2618 3950 aftereamur,
2651 3894 2704 3939 et
2749 3886 3024 3939 innumera
3072 3884 3229 3938 verba
3255 3926 3268 3951 ,
3301 3893 3356 3940 et
3397 3895 3516 3954 qua:
3558 3886 3697 3956 loqui
3743 3901 3844 3939 non

2265 3983 2475 4046 Oportet
2499 4016 2513 4040 ,
2545 3975 2812 4045 loquimur
2841 3993 2852 4028 :
2883 3991 3042 4046 quam
3072 3975 3384 4030 habebimus
3413 3975 3665 4029 veniam?
3691 3991 3845 4044 quam

2264 4065 2705 4122 excusationem?
2756 4067 2822 4120 Et
2853 4065 2938 4120 hic
2962 4066 3172 4136 quidem
3204 4066 3248 4119 si
3284 4065 3438 4134 paulo
3470 4066 3722 4135 prolixius
3749 4067 3846 4120 do-

2262 4175 2470 4227 cemus,
2498 4160 2650 4214 multi
2681 4168 2993 4215 succensent
3021 4169 3072 4214 et
3103 4175 3243 4230 zegre
3269 4158 3463 4222 ferunt,
3492 4167 3545 4213 et
3576 4160 3846 4213 infiriui:a-

2264 4262 2368 4310 tem
2408 4254 2650 4324 corporis
2688 4265 2740 4309 et
2770 4254 2976 4308 labores
3009 4261 3303 4321 praitexunt
3329 4293 3343 4318 ,
3377 4251 3502 4306 licet
3539 4251 3846 4306 admirabile

2262 4345 2420 4414 hujus
2449 4347 2626 4414 templi
2662 4354 2855 4400 lectum
2888 4344 3104 4398 multum
3137 4344 3375 4408 soletur;
3409 4343 3535 4397 nihil
3567 4345 3704 4396 enim
3736 4361 3846 4396 mo-

2261 4439 2426 4494 lestim
2448 4440 2587 4508 parit
2609 4438 2796 4508 frigus,
2818 4437 2901 4490 vel
2923 4437 3118 4506 pluvia,
3141 4447 3234 4489 aut
3257 4446 3532 4489 Ventorum
3554 4437 3841 4505 asperitas;

2261 4532 2366 4586 illic
2397 4548 2544 4597 vero,
2577 4531 2698 4585 licet
2725 4530 2945 4584 multum
2977 4529 3368 4598 eotnpluantur,
3401 4543 3431 4581 a
3461 4529 3630 4583 ventis
3658 4529 3844 4581 validis

2261 4634 2536 4684 vexentur,
2558 4632 2611 4678 et
2633 4623 2810 4676 calore
2828 4622 2956 4675 solis
2972 4621 3250 4690 aliquando
3267 4627 3513 4686 a-stueut,
3535 4635 3639 4674 non
3664 4635 3840 4683 uuam,

2260 4732 2432 4785 neque
2471 4715 2605 4770 duas
2648 4723 2850 4769 tantum
2893 4714 3089 4776 horas,
3123 4711 3217 4767 sed
3261 4711 3454 4766 bonam
3495 4711 3597 4765 diei
3643 4721 3841 4780 partem

2259 4818 2554 4871 versantur,
2575 4817 2627 4860 et
2651 4821 2820 4876 neque
2841 4821 3003 4861 εειιωι
3026 4819 3188 4860 οιιιιοε
3213 4819 3338 4858 SUOS
3359 4814 3650 4865 TCVCI‘CIUI',
3672 4818 3843 4872 neque

2253 4897 2504 4968 juvenem
2537 4899 2695 4969 pudet
2720 4899 2786 4952 ad
2811 4913 3062 4952 canorum
3091 4897 3418 4952 irritamenta
3446 4897 3524 4950 ire
3545 4911 3559 4948 :
3584 4895 3678 4950 sed
3702 4903 3838 4948 tanta

2257 5002 2337 5046 est
2372 4992 2485 5046 hinc
2514 4990 2756 5058 deceptio
2781 5030 2796 5058 ,
2829 4998 2886 5044 ut
2910 5005 3029 5044 cum
3058 4991 3325 5060 voluptate
3355 4987 3471 5042 haec
3495 5002 3616 5043 esca
3643 4988 3840 5041 anima-

2259 5098 2375 5136 rum
2404 5081 2731 5148 admittatur,
2760 5094 2859 5134 nec
2879 5079 3166 5150 cogitetur,
3189 5079 3501 5135 damnosam
3532 5077 3669 5132 hanc
3693 5077 3842 5132 volu-

2259 5185 2454 5246 ptatem
2496 5175 2709 5228 brevem
2749 5187 2871 5227 esse
2905 5182 2958 5228 ct
2998 5171 3370 5240 temporariam
3396 5210 3413 5237 ,
3443 5169 3682 5225 dolorem
3713 5183 3840 5224 vero

2259 5277 2568 5336 perpetuum
2593 5306 2608 5330 ,
2659 5274 2712 5320 et
2753 5264 2985 5334 graviter
3025 5271 3392 5316 aceusatnram
3433 5260 3837 5315 conscientiam.

2260 5356 2424 5412 \‘ideo
2452 5356 2593 5411 enim
2623 5370 2762 5410 nunc
2789 5354 3084 5423 aliquorum
3117 5351 3298 5417 facies,
3326 5362 3380 5408 et
3407 5352 3649 5421 conjecto
3669 5351 3840 5420 qualis

2253 5450 2444 5504 animae
2474 5465 2657 5502 eorum
2687 5459 2853 5502 status
2873 5487 2887 5511 ,
2920 5453 3220 5515 quantaque
3251 5459 3391 5498 nunc
3419 5442 3726 5516 pmniletitia
3758 5451 3841 5495 tc-

2257 5553 2499 5599 nea;.tur.
2536 5541 2732 5597 Verum
2764 5556 2830 5594 ne
2860 5540 3047 5594 iterum
3077 5537 3130 5590 in
3158 5537 3344 5593 eadem
3374 5538 3644 5606 recidatis,
3670 5551 3839 5607 neque

2315 5748 2389 5804 (ai
2423 5747 2478 5797 in
2499 5747 2630 5796 Circo
2655 5743 2809 5807 turpia
2833 5738 3106 5805 spectacula
3131 5736 3481 5789 atterebantur.
