4094 6204
387 302 455 364 57
1571 292 1643 349 1N
1678 290 1832 349 (ΞΜ).
1858 288 1906 346 1.
1943 288 1982 346 C

2089 286 2191 344 ES.
2235 285 2465 342 ιιοιιιι.
2507 285 2596 342 Ἠ.
3613 290 3682 347 58

389 438 506 500 post
541 429 1006 480 tantam'nostram
1032 413 1451 473 admonitionem
1484 411 1674 466 iterum
1701 409 1765 464 ad
1793 407 1979 464 diabo-

391 522 489 574 lica
520 518 607 571 illa
637 513 862 570 concilia
902 521 958 566 ct
989 506 1293 578 spectacula
1323 503 1551 559 curratis
1574 545 1590 568 ,
1624 501 1984 555 necessarium

388 619 470 663 est
503 623 597 662 vos
632 603 908 659 obtestari.
961 599 1146 670 Neque
1173 597 1314 652 enim
1343 609 1556 665 semper
1583 591 1797 662 expedit
1825 590 1988 660 phar-

391 716 542 756 maca
582 698 716 754 leuia
742 694 1001 750 adbibere
1032 709 1046 746 :
1073 689 1168 746 sed
1193 686 1406 759 quando
1431 686 1584 741 ulcus
1609 683 1866 739 cuiationi
1899 697 1983 736 re.-

391 793 569 855 sistit,
615 796 826 860 oportet
856 785 1088 838 violenta
1128 790 1182 835 et
1223 776 1493 834 mordacis
1529 776 1814 830 admovere
1842 815 1857 841 ,
1880 786 1986 844 quo

392 883 583 937 morbo
604 886 920 935 occurratur
947 875 1126 929 citius.

462 975 516 1028 5.
551 973 763 1026 Discant
799 969 957 1038 igitur
983 976 1173 1020 omnes
1198 960 1282 1016 his
1309 957 1621 1016 criminibus
1645 953 1858 1012 obnoxii
1891 995 1906 1021 ,
1940 952 1985 1008 si

393 1073 511 1134 post
549 1063 686 1116 hanc
730 1071 966 1116 nostram
997 1053 1418 1111 admonitionem
1460 1050 1513 1106 in
1560 1064 1622 1104 ea
1667 1045 1983 1120 negligentia

395 1155 706 1213 manserint.
737 1167 842 1207 non
874 1149 1196 1205 toleraturos
1226 1157 1356 1209 nos,
1384 1141 1481 1197 sed
1509 1139 1708 1210 legibus
1733 1137 1987 1193 ecclesia-

397 1247 543 1300 sticis
565 1256 778 1306 usuros,
806 1249 860 1296 et
887 1253 1077 1310 magna
1105 1233 1439 1291 vehementia
1464 1232 1736 1296 docturos,
1769 1245 1837 1284 ne
1865 1230 1986 1283 talia

399 1337 620 1409 posthac
665 1334 1034 1396 cunnuittant,
1087 1344 1220 1384 neve
1265 1334 1414 1381 tanto
1456 1332 1763 1393 contemptu
1809 1320 1985 1376 divina

397 1429 615 1484 audiant
637 1425 864 1496 eloquia.
888 1423 1022 1478 '“tﬁc
1050 1431 1227 1475 autem
1256 1433 1360 1472 non
1387 1417 1454 1472 de
1480 1414 1728 1470 omnibus
1755 1414 1839 1468 hic
1853 1429 1989 1468 con-

395 1520 631 1591 gregatis
667 1518 820 1584 dico,
851 1514 944 1571 sed
982 1513 1049 1570 de
1077 1513 1201 1566 huic
1228 1509 1400 1580 culpa:
1426 1505 1692 1562 obnoxiis.
1731 1504 1988 1559 Omnibus

393 1614 609 1682 quidem
640 1609 942 1680 loquimur;
981 1604 1076 1661 sed
1103 1619 1269 1659 suum
1295 1600 1567 1656 auditores
1591 1598 1789 1670 quique
1816 1611 1990 1652 reme-

394 1706 540 1759 dium
565 1703 781 1774 capiant
807 1718 821 1754 :
850 1714 976 1756 reus
1002 1697 1218 1769 quidem
1265 1703 1322 1750 ut
1357 1709 1387 1748 a
1427 1692 1622 1748 delicto
1649 1689 1904 1756 desistat,
1935 1695 1991 1744 α

397 1813 502 1852 non
531 1797 665 1852 ultra
693 1793 1092 1866 progrediatur,
1116 1788 1215 1845 sed
1245 1786 1423 1843 studio
1447 1799 1547 1840 suo
1566 1783 1799 1852 seipsum
1836 1797 1991 1836 revo-

385 1899 579 1952 -eet,~et
603 1895 776 1942 etrata
803 1885 1068 1954 corrigat;
1099 1881 1346 1936 innoxius
1365 1891 1494 1932 vero
1512 1875 1715 1930 cautior
1735 1875 1820 1926 tiat
1844 1882 1899 1926 ut
1923 1885 1990 1925 ne

400 1980 660 2050 capiatur,
688 1992 819 2032 neve
843 1972 1128 2044 aliquando
1157 1986 1281 2026 reus
1307 1969 1415 2024 liat.
1434 1963 1708 2022 'Ctetcrum
1732 1974 1786 2018 ut
1808 1979 1875 2017 ex
1906 1977 1990 2016 re-

406 2073 506 2126 hus
526 2071 653 2140 ipsis
674 2079 863 2124 vestra:
885 2066 1088 2122 caritati
1117 2063 1550 2135 persuadeamus,
1573 2075 1637 2113 ex
1669 2071 1852 2112 amore
1878 2063 1992 2111 stu-

410 2162 605 2232 dioque
633 2161 792 2215 vestri
819 2159 959 2216 hunc
984 2169 1219 2213 nostrum
1246 2153 1408 2210 animi
1433 2153 1670 2208 dolorem
1696 2149 1988 2221 profectum

410 2267 546 2317 esse,
572 2263 624 2306 et
653 2265 750 2306 uos
772 2250 838 2304 ad
865 2249 980 2305 h-rc
1009 2248 1224 2304 dicenda
1255 2245 1511 2317 impulsos
1537 2258 1656 2298 esse
1685 2240 1824 2312 quod
1855 2240 1991 2295 mul-

407 2354 516 2398 tum
546 2343 704 2399 saluti
727 2350 922 2397 vestra:
949 2342 1255 2396 timeremus
1286 2355 1301 2393 :
1331 2353 1428 2409 age
1473 2337 1664 2393 iterum
1707 2349 1808 2390 nos
1847 2335 1991 2405 ipsos

400 2433 543 2490 bona
582 2447 679 2503 spe
711 2432 972 2498 foventes,
1001 2442 1308 2486 consuetam
1341 2429 1492 2484 vobis
1531 2442 1857 2498 apponamus
1886 2424 1988 2480 do-

393 2527 650 2591 ctrinam,
683 2525 1018 2581 declaranles
1059 2533 1356 2594 patemam,
1385 2536 1543 2592 quam
1571 2534 1695 2590 erga
1725 2533 1820 2572 vos
1845 2517 1989 2589 geri-

405 2636 543 2686 mus,
560 2619 993 2674 benevolentiam
1024 2635 1038 2672 :
1068 2613 1161 2672 sed
1181 2658 1198 2682 ,
1239 2631 1356 2682 oro,
1401 2613 1683 2684 diligenter
1716 2611 1870 2665 dictis
1897 2624 1992 2663 au-

404 2711 651 2776 scultate,
682 2719 740 2764 ut
775 2707 977 2779 majore
1008 2722 1126 2762 cum
1155 2707 1330 2761 fructu
1353 2705 1570 2760 domum
1609 2703 1782 2758 redire
1811 2701 1986 2756 l‘ccat.

402 2802 593 2871 Opera:
625 2801 849 2871 pretium
897 2789 1074 2854 autem
1108 2806 1210 2864 est,
1256 2811 1318 2852 ea
1356 2810 1475 2868 qua:
1514 2809 1655 2850 nunc
1695 2794 1827 2850 lecta
1867 2798 1992 2847 sunt

402 2893 607 2946 caritati
663 2901 854 2946 vestra:
906 2889 1100 2945 dicere.
1146 2889 1230 2944 Η.
1284 2886 1351 2942 Et
1385 2888 1536 2954 dixit,
1580 2888 1767 2958 inquit,
1804 2887 1990 2946 Deus:

409 2984 562 3037 Fiant
589 2984 860 3037 luminaria
903 2983 954 3036 in
993 2983 1312 3051 ﬁrmamento
1341 2979 1451 3034 ewli
1477 2979 1544 3032 ad
1569 2980 1988 3035 illuminationem

398 3092 556 3143 super
579 3086 782 3137 terram,
805 3084 860 3128 ut
881 3073 1104 3127 dividant
1133 3075 1260 3126 inter
1283 3072 1416 3126 diem
1445 3081 1490 3125 et
1517 3074 1648 3126 inter
1679 3082 1892 3128 noctem.
1923 3073 1988 3128 Et

403 3166 501 3218 sint
530 3166 580 3218 in
608 3165 772 3236 signa,
800 3175 845 3217 et
872 3165 923 3216 in
950 3174 1196 3234 tempora,
1229 3173 1275 3216 et
1303 3163 1352 3215 in
1378 3163 1504 3227 dies,
1533 3173 1580 3216 et
1609 3163 1660 3215 in
1687 3179 1869 3218 annos.
1900 3165 1986 3220 15.

405 3256 470 3310 Et
509 3258 609 3310 sint
650 3257 717 3310 ad
757 3257 1172 3310 illuminationem
1214 3255 1265 3308 in
1307 3254 1624 3322 ﬁrmamento
1652 3255 1764 3308 mli
1793 3270 1812 3308 :
1836 3256 1906 3309 ita
1933 3266 1988 3309 ut

394 3347 600 3400 luceant
620 3363 770 3417 super
789 3355 994 3400 terram.
1022 3343 1092 3397 Et
1113 3348 1303 3415 factum
1325 3355 1397 3398 est
1419 3345 1511 3398 ita.
1539 3344 1826 3415 Postquam
1846 3347 1986 3399 enim

398 3436 515 3490 heri
562 3452 659 3490 nos
697 3435 878 3490 docuit
919 3435 1106 3489 beatus
1152 3433 1346 3500 Moses,
1393 3434 1662 3504 quomodo
1706 3434 1984 3488 iniormem

401 3536 601 3580 terram
627 3527 898 3581 ornaverit
927 3525 1159 3580 universi
1189 3525 1444 3580 Conditor
1471 3523 1649 3578 herbis
1669 3566 1682 3588 ,
1714 3533 1768 3579 et
1796 3526 1986 3579 ﬂorum

402 3619 656 3671 varietate
677 3657 692 3681 ,
728 3625 780 3671 et
818 3615 1079 3670 seminum
1107 3616 1370 3684 germine,
1404 3613 1560 3668 hodie
1589 3630 1889 3668 sermonem
1918 3615 1984 3669 ad

403 3717 649 3761 ornatum
695 3707 811 3761 cteli
856 3706 1036 3760 vertit.
1085 3704 1218 3758 Nam
1263 3705 1400 3758 sicut
1448 3713 1586 3758 terra
1632 3715 1851 3758 ornatur
1895 3722 1988 3774 per

401 3812 463 3852 ca
506 3812 624 3869 qua:
657 3811 722 3850 ex
768 3795 880 3866 ipsa
922 3795 1266 3865 proveniunt,
1294 3794 1372 3849 sic
1410 3794 1596 3849 caelum
1639 3794 1739 3850 hoc
1781 3796 1982 3854 visiliile

398 3891 596 3945 clarius
621 3897 678 3945 et
705 3887 951 3960 fulgidius
974 3888 1118 3956 fecit,
1141 3897 1406 3943 astrorum
1429 3889 1683 3944 varietate
1707 3889 1835 3944 illud
1861 3891 1983 3946 hinc

402 3982 524 4036 inde
551 3981 880 4052 distinguens
897 4022 912 4046 ,
953 3981 1246 4051 prtesertim
1265 3979 1588 4038 formatione
1611 3980 1838 4037 duorum
1873 3999 1984 4036 nza-

396 4091 620 4144 guortuu
650 4076 1008 4139 huuinarium,
1033 4074 1181 4142 solis,
1210 4075 1421 4146 inquam
1449 4117 1462 4140 ,
1496 4085 1550 4130 ct
1590 4075 1749 4130 lunas.
1784 4076 1870 4131 16.
1917 4073 1982 4130 Et

396 4170 511 4240 fecit
542 4169 695 4235 Deus,
721 4170 815 4234 ait,
833 4171 935 4223 duo
955 4169 1228 4224 luminaria
1250 4186 1455 4240 magna,
1475 4171 1724 4224 luminare
1743 4187 1982 4241 maguum

395 4272 450 4313 ut
477 4271 706 4328 prwesset
735 4261 856 4327 diei,
879 4273 923 4316 et
951 4261 1200 4314 luminare
1227 4263 1393 4315 minus
1417 4270 1470 4314 ut
1495 4271 1723 4328 prwesset
1751 4263 1904 4326 uorti,
1934 4270 1980 4314 et

397 4351 583 4404 stellas.
634 4350 818 4404 Vidisti
858 4351 1169 4420 sapientiam
1213 4350 1468 4421 Opilieis?
1518 4350 1659 4405 Dixit
1705 4352 1895 4415 solum,
1927 4360 1982 4406 et

396 4441 710 4510 productum
760 4449 840 4496 est
892 4440 993 4496 hoc
1043 4442 1358 4497 admirabile
1407 4442 1770 4508 elementum,
1813 4441 1977 4496 solem

394 4532 533 4586 dico.
585 4533 735 4587 llunc
781 4533 923 4589 enim
958 4543 1112 4587 vocat
1156 4533 1416 4588 luminare
1458 4548 1740 4604 maguum,
1769 4544 1820 4588 et
1852 4533 1978 4588 dicit

395 4626 564 4692 ip-um
589 4623 782 4678 factum
809 4638 952 4689 esse,
975 4633 1026 4678 ut
1058 4625 1236 4694 prmsit
1257 4625 1383 4680 dici.
1412 4624 1504 4679 Sol
1527 4626 1668 4679 enim
1695 4625 1976 4679 clariorem

390 4715 530 4768 diem
577 4713 762 4780 eilicit,
809 4715 1034 4768 rutilans
1081 4730 1244 4771 aureo
1285 4731 1384 4771 suo
1416 4715 1603 4786 jubare
1632 4726 1684 4770 et
1714 4715 1894 4778 radiis,
1923 4727 1976 4770 et

390 4807 624 4874 quotidie
653 4806 884 4877 Speciem
915 4820 1063 4859 suam
1093 4806 1446 4876 vigesccntcm
1473 4807 1780 4872 ostendens,
1813 4817 1865 4862 et
1896 4809 1970 4861 si-

391 4898 498 4950 mul
535 4907 693 4966 atque
733 4912 889 4951 mane
925 4905 1146 4952 exortus
1187 4897 1366 4964 fuerit,
1395 4913 1553 4954 omne
1578 4899 1848 4953 Ιιοιιιίιιιιτιι
1878 4913 1973 4969 ge-

389 5004 488 5042 nus
513 4989 577 5042 ad
607 5005 822 5043 suorum
847 5004 1068 5058 operum
1091 4989 1262 5043 studia
1288 4992 1544 5045 excitans.
1580 4991 1744 5059 Ilujns
1777 4989 1974 5045 formo-

388 5081 597 5132 sitatem
624 5079 901 5134 declarans
937 5081 1122 5135 beatus
1150 5081 1344 5147 David,
1374 5082 1544 5151 inquit
1575 5099 1587 5135 :
1621 5079 1688 5134 Et
1713 5083 1818 5149 ipse
1843 5093 1973 5135 tam-

385 5189 535 5230 quant
573 5187 788 5242 sponsus
830 5172 1087 5243 egrediens
1129 5174 1192 5228 de
1231 5174 1452 5227 thalamo
1481 5189 1594 5239 suo,
1624 5174 1889 5228 exsultabit
1916 5185 1972 5228 ut

387 5265 529 5332 gigas
560 5263 625 5314 ad
647 5264 948 5316 currendum
972 5264 1140 5328 riam;
1167 5281 1198 5316 a
1226 5280 1420 5317 summo
1440 5264 1562 5317 ca’lo
1585 5281 1810 5334 egressus
1839 5266 1972 5334 ejus,

385 5363 430 5406 et
459 5369 692 5407 accursus
735 5357 848 5426 ejus
887 5371 1042 5423 usque
1074 5354 1142 5408 ad
1177 5371 1424 5408 summum
1451 5355 1561 5408 ειτιὶ
1590 5354 1761 5424 (Psal.
1797 5356 1882 5410 l8.
1915 5356 1970 5410 6.

385 5443 462 5503 7).
494 5440 653 5496 Vides
681 5443 950 5511 quomodo
989 5445 1105 5514 ejus
1149 5445 1615 5515 pulchritudinem,
1646 5456 1700 5499 et
1746 5446 1798 5499 in
1844 5461 1969 5513 ope-

384 5535 552 5588 rando
583 5533 915 5589 velocitatem
943 5536 1266 5592 dctlamvit?
1299 5536 1533 5592 llicendo
1559 5537 1722 5601 enim,
1756 5536 1796 5588 Α
1824 5552 1963 5589 sunt-

384 5643 461 5676 mo
487 5629 609 5679 ea'lo
638 5640 863 5696 egressus
889 5628 1018 5696 ejus,
1047 5637 1092 5680 et
1117 5644 1354 5683 oceumus
1393 5628 1505 5697 ejus
1547 5643 1700 5696 usque
1735 5629 1800 5679 ad
1835 5643 1970 5680 sum-

382 5735 515 5771 mum
539 5718 666 5784 ea‘li,
695 5716 1013 5788 signiﬁcavit
1040 5719 1211 5783 nobis,
1239 5719 1507 5790 quomodo
1539 5720 1591 5773 in
1622 5735 1725 5773 uno
1758 5729 1964 5789 tempo-

2095 405 2171 460 ris
2199 412 2472 458 momento
2513 418 2608 474 per
2643 410 2810 457 totum
2844 401 3027 457 orbem
3058 401 3404 469 discurrit,et
3433 418 3462 456 a
3488 403 3683 460 liuihns

2093 500 2146 555 iu
2173 500 2304 554 lines
2329 499 2506 554 radios
2534 498 2712 563 mittit,
2732 497 2955 552 multum
2979 497 3219 552 utilitatis
3243 506 3516 567 prmstaas.
3549 496 3681 552 Nam

2093 607 2197 646 non
2241 592 2410 646 solum
2450 590 2710 655 calefacit,
2748 589 2842 645 sed
2883 598 2937 644 et
2972 590 3218 654 arefacit;
3261 599 3316 644 et
3363 605 3466 644 non
3510 590 3680 644 solum

2093 684 2332 746 a‘rel'aeit,
2356 683 2448 737 sed
2476 691 2530 737 et
2559 681 2754 746 adurit,
2778 680 3078 750 multosque
3098 681 3231 736 alios
3253 690 3307 736 et
3329 681 3504 736 varius
3528 681 3683 734 nobis

2092 789 2220 828 usus
2245 773 2465 842 prtebet,
2491 782 2650 842 atque
2675 770 2808 824 adeo
2834 785 3082 841 magnum
3111 780 3196 826 est
3221 770 3532 825 miraculum
3559 771 3678 826 cle-

2091 875 2325 921 mentum
2354 865 2457 920 hoc
2475 907 2489 928 ,
2519 879 2691 935 neque
2717 872 2798 920 est
2819 865 2908 935 qui
2937 862 3119 918 Iaudes
3147 863 3263 934 ejus
3293 880 3388 934 pro
3416 864 3678 938 dignitate

2091 958 2316 1030 prmdica
2326 957 2478 1012 verit.
2509 957 2632 1012 [hee
2649 966 2824 1018 autem
2845 957 2983 1020 dico,
3006 965 3058 1011 et
3081 970 3328 1011 sermone
3347 958 3670 1012 elementum

2090 1048 2308 1114 extollo,
2341 1063 2448 1103 non
2493 1057 2551 1102 ut
2597 1049 2647 1101 in
2693 1062 2758 1102 eo
2800 1048 3084 1112 subsistas,
3113 1045 3321 1111 dilecte,
3353 1045 3446 1100 Sed
3479 1058 3534 1101 ut
3559 1049 3683 1104 inde

2091 1141 2368 1206 ascendas,
2389 1149 2444 1194 et
2470 1139 2519 1194 in
2543 1138 2790 1194 clementi
2813 1138 3066 1210 Opificem
3088 1137 3492 1192 admirationem
3513 1148 3682 1194 trans-

2094 1231 2253 1287 feras.
2285 1230 2416 1286 Nam
2439 1239 2636 1302 quanto
2657 1230 2828 1298 majus
2847 1228 3145 1284 ostenditur
3166 1227 3512 1292 elementum.
3533 1236 3684 1283 tanto

2094 1322 2265 1392 majus
2290 1330 2614 1376 monstratur
2637 1319 2854 1393 Opiﬁcis
2885 1319 3218 1374 miraculum.

2162 1416 2218 1470 4.
2250 1414 2482 1469 Stultitia
2502 1413 2822 1467 adorantium
2849 1413 3039 1476 solem;
3057 1427 3153 1466 cur
3179 1422 3290 1484 post
3313 1411 3518 1465 tertium
3543 1410 3678 1464 diem

2091 1507 2168 1560 sol
2201 1507 2450 1560 conditus.
2471 1535 2541 1546 -ο
2567 1505 2760 1561 Verum
2801 1505 3027 1577 gentiles
3063 1505 3388 1560 admirantes
3415 1515 3466 1560 et
3493 1504 3682 1560 obstu-

2095 1607 2369 1668 pesccntes
2397 1607 2597 1652 tantum
2627 1598 2968 1664 elementum,
2999 1597 3220 1652 ulterius
3248 1596 3548 1667 perspicere
3575 1611 3680 1651 nou

2092 1700 2396 1762 potuerunt,
2439 1707 2610 1762 neque
2655 1691 2774 1760 ejus
2817 1689 3158 1746 Conditorem
3191 1689 3556 1752 laudaverunt,
3585 1690 3679 1744 scd

2093 1783 2147 1837 iu
2179 1783 2448 1839 elemento
2484 1782 2947 1852 conquieseentes,
2981 1781 3152 1850 ipsum
3195 1795 3292 1851 pro
3339 1779 3442 1835 deo
3481 1781 3680 1834 habue-

2093 1883 2215 1928 runt
2238 1893 2252 1928 :
2276 1882 2554 1945 propterea
2595 1882 2651 1928 et
2697 1873 2884 1928 beatus
2923 1871 3118 1927 Paulus
3157 1871 3284 1926 dicit
3316 1889 3330 1926 :
3358 1870 3424 1926 Et
3461 1872 3681 1925 venerati

2091 1975 2229 2030 sunt,
2261 1965 2620 2035 colueruutqus
2656 1973 2938 2019 creaturam
2977 1963 3170 2034 magis,
3205 1979 3355 2032 quam
3390 1962 3680 2019 Creatorem

2093 2055 2268 2125 (liam.
2305 2057 2353 2110 l.
2379 2055 2494 2128 25).
2540 2053 2676 2122 Quid
2716 2055 2858 2110 enim
2912 2054 3244 2124 insipientius
3285 2054 3404 2120 illis,
3441 2055 3528 2124 qui
3573 2069 3679 2108 non

2095 2155 2381 2214 potuerunt
2422 2161 2487 2201 ex
2529 2145 2788 2200 creaturis
2815 2158 3103 2214 agnoscere
3142 2144 3469 2206 Creatorem,
3503 2144 3594 2199 sed
3627 2145 3678 2198 in

2092 2246 2298 2292 tantum
2330 2246 2684 2307 pervenerunt
2710 2251 2980 2301 errorem,
3013 2245 3069 2289 ut
3107 2244 3403 2290 creaturam
3435 2246 3487 2290 et
3515 2236 3680 2292 factu-

2093 2345 2207 2384 ram
2247 2330 2299 2383 in
2331 2329 2573 2384 ordinem
2598 2327 2870 2383 Creatoris
2897 2326 3194 2383 referrent?
3235 2329 3568 2398 Quapropter
3593 2329 3678 2382 di-

2093 2421 2213 2475 vina
2242 2419 2512 2492 Scriptura
2538 2420 2834 2490 prtevidens
2862 2433 3154 2491 propensos
3173 2419 3238 2474 ad
3257 2435 3501 2476 errorem
3531 2421 3680 2494 igua-

2091 2528 2208 2581 νος,
2247 2513 2402 2568 ducet
2444 2527 2562 2577 nos,
2606 2521 2724 2582 post
2765 2513 2977 2567 tertium
3017 2513 3159 2568 diem
3207 2511 3309 2567 hoc
3353 2513 3676 2570 cleu'icututu

2089 2620 2213 2660 esse
2260 2605 2574 2670 conditum,
2623 2612 2903 2674 postquam
2954 2613 3095 2660 terra
3143 2603 3426 2675 omnigeua
3472 2605 3676 2660 semina

2086 2698 2334 2768 protulit,
2366 2707 2421 2752 et
2449 2713 2603 2753 suum
2635 2699 2842 2766 accepit
2869 2707 3114 2752 ornatum
3143 2715 3155 2753 :
3187 2706 3248 2753 ut
3290 2698 3418 2751 nulli
3460 2697 3680 2767 [msulae

2092 2789 2269 2846 dicere
2290 2790 2465 2852 liceat,
2495 2789 2610 2845 sine
2634 2789 2762 2843 solis
2783 2789 3161 2859 coeperatioue
3187 2803 3293 2843 non
3321 2795 3681 2843 maturescere

2093 2882 2270 2955 fruges
2299 2892 2353 2938 et
2384 2891 2672 2953 proventus
2701 2891 2876 2937 teme.
2924 2880 3125 2936 Idcirco
3151 2880 3386 2936 declarat
3413 2880 3502 2934 tibi
3529 2888 3679 2935 ante.

2092 2990 2250 3045 quam
2272 2974 2352 3030 sol
2382 2975 2722 3040 formaretur,
2752 2974 2929 3030 omnia
2962 2972 3122 3028 fuisse
3143 2971 3378 3043 impleta,
3410 2981 3464 3025 ut
3489 2987 3556 3026 ne
3579 2971 3677 3027 soli

2094 3068 2355 3122 fructuum
2399 3073 2686 3137 proventus
2725 3065 3030 3132 adscribas,
3076 3063 3170 3118 sed
3216 3065 3452 3120 omnium
3500 3063 3675 3133 opilici

2095 3159 2226 3225 Deo,
2252 3160 2340 3230 qui
2371 3159 2498 3214 dixit
2529 3158 2596 3214 ab
2623 3157 2772 3213 initio
2805 3175 2818 3212 :
2851 3155 3105 3212 Germinet
3141 3165 3275 3210 terra
3301 3157 3504 3210 herbam
3532 3155 3677 3226 freni.

2091 3252 2242 3317 Quod
2267 3252 2310 3308 si
2338 3250 2588 3338 dixerint,
2617 3251 2746 3305 solis
2781 3249 3105 3305 iunctionem
3143 3250 3300 3304 etiam
3327 3248 3526 3320 aliquid
3549 3264 3678 3318 ope-

2094 3345 2220 3408 rari,
2257 3353 2314 3398 ut
2354 3343 2554 3400 fructus
2589 3352 2970 3404 maturescunt.
3002 3355 3176 3414 neque
3211 3355 3308 3412 ego
3346 3340 3675 3396 coutradico.

2090 3437 2223 3492 Nam
2254 3437 2388 3491 sicut
2413 3437 2457 3492 si
2484 3435 2768 3506 agricolam
2790 3435 2961 3490 dicam
2983 3433 3262 3503 cooperari
3287 3431 3354 3487 ad
3383 3442 3541 3486 terra:
3565 3432 3676 3485 cul-

2093 3538 2224 3590 tum,
2255 3545 2358 3582 non
2383 3528 2502 3583 ideo
2531 3529 2835 3583 universum
2859 3527 3031 3581 tribuo
3049 3525 3316 3595 agricolae,
3343 3525 3439 3580 sed
3465 3525 3674 3580 etiamsi

2092 3621 2136 3674 is
2165 3621 2465 3675 sexcenties
2486 3634 2638 3674 suum
2665 3628 2786 3687 agat
2811 3616 3066 3679 ofﬁcium,
3086 3616 3186 3670 nisi
3216 3615 3262 3669 is
3286 3615 3374 3684 qui
3405 3629 3503 3669 suo
3533 3631 3676 3669 man.

2089 3715 2214 3770 dato
2251 3713 2319 3767 ab
2358 3712 2508 3767 initio
2555 3720 2749 3766 terram
2795 3709 2860 3764 ad
2909 3707 3177 3765 faciendos
3203 3707 3672 3763 lructusiduuram

2090 3805 2233 3871 fecit,
2266 3803 2331 3859 ad
2359 3803 2459 3857 hoc
2487 3818 2603 3858 eam
2631 3816 2841 3872 quoque
2863 3815 3078 3855 movere
3101 3798 3247 3866 velit,
3281 3798 3407 3853 nihil
3437 3798 3675 3869 prolicict

2089 3897 2272 3953 tnultis
2308 3893 2581 3950 laboribus
2612 3910 2626 3947 :
2656 3892 2902 3948 similiter
2938 3891 3078 3956 dico,
3107 3890 3314 3951 etiamsi
3345 3905 3463 3945 cum
3491 3889 3675 3945 labore

2088 3990 2270 4046 rustici
2310 3988 2581 4058 consuiret
2617 3985 2746 4041 solis
2771 3994 2824 4040 et
2851 3985 2988 4040 luna:
3013 3984 3253 4055 operatio
3272 4025 3287 4048 ,
3313 3993 3370 4038 et
3397 3983 3510 4038 ca-li
3535 3992 3675 4038 tem-

2089 4082 2283 4152 pcrics,
2308 4095 2479 4151 neque
2498 4079 2576 4134 sic
2597 4079 2876 4132 utilitatem
2897 4077 3127 4147 aliquam
3150 4075 3286 4141 fore,
3313 4077 3410 4129 nisi
3439 4089 3672 4144 superne

2087 4175 2205 4228 illos
2233 4172 2450 4228 dextera
2479 4169 2686 4228 Domini
2713 4168 2979 4238 adjuverit
3012 4185 3026 4223 :
3056 4167 3152 4221 hac
3175 4175 3352 4220 autem
3391 4181 3548 4219 manu
3577 4182 3671 4218 va-

2087 4264 2191 4318 lida
2214 4264 2432 4333 juvante
2453 4263 2610 4318 etiam
2628 4259 2893 4318 elementa
2917 4259 3202 4330 plurimum
3225 4257 3523 4312 conferunt.
3549 4256 3673 4311 llaec

2086 4356 2248 4426 prole
2275 4355 2535 4410 memoria
2568 4363 2830 4420 tenentes,
2873 4351 3196 4422 compescite
3234 4364 3330 4405 eos
3371 4349 3458 4419 qui
3501 4347 3674 4404 adhuc

2085 4461 2264 4502 errare
2290 4447 2491 4511 volunt,
2523 4455 2576 4501 et
2613 4461 2719 4500 non
2761 4445 3059 4510 concedite,
3093 4453 3151 4500 ut
3194 4441 3462 4500 Creatoris
3505 4440 3675 4495 honor

2083 4549 2342 4596 creatum
2374 4540 2713 4596 concedatur.
2763 4540 3056 4608 Eapropter
3089 4547 3142 4592 et
3182 4536 3363 4592 divina
3401 4535 3674 4608 Scriptura

2085 4647 2189 4685 non
2216 4631 2387 4686 solum
2420 4629 2863 4701 pulchritudinem
2891 4629 3002 4698 ejus
3027 4669 3042 4692 ,
3073 4637 3127 4681 et
3154 4626 3592 4698 magnitudinem,
3621 4635 3674 4680 et

2085 4723 2364 4776 utilitatem
2408 4722 2669 4788 ostendit,
2700 4720 2926 4775 dicendo
2956 4738 2969 4773 :
3004 4719 3149 4773 Sicut
3194 4734 3428 4788 sponsus,
3457 4729 3532 4780 ct,
3567 4717 3674 4772 E1-

2081 4815 2286 4870 sultabit
2311 4815 2440 4868 sicut
2467 4816 2610 4885 gigas
2653 4813 2720 4866 ad
2758 4811 3060 4866 currendum
3095 4810 3261 4872 riam;
3288 4809 3381 4864 sed
3413 4818 3465 4863 et
3503 4809 3668 4864 inube-

2082 4907 2355 4962 cillitatem
2383 4905 2815 4972 debilitatemqne
2841 4904 2877 4956 ι.
2922 4900 3060 4956 Audi
3094 4901 3236 4958 enim
3273 4899 3398 4970 quid
3436 4899 3557 4953 alibi
3593 4898 3673 4953 di-

2081 5009 2167 5052 cat
2201 5015 2213 5050 :
2247 4997 2382 5063 Quid
2406 4998 2510 5050 sole
2532 4994 2787 5049 lucidius?
2815 4993 2978 5047 ethoc
3007 4992 3176 5062 deﬁcit
3219 4990 3406 5060 (Ereti.
3438 4991 3522 5046 l7.
3553 4990 3668 5059 50).

2077 5090 2157 5146 Ne
2185 5099 2235 5145 te
2260 5089 2486 5158 decipiat
2514 5128 2530 5155 ,
2571 5087 2762 5158 inquit,
2787 5085 3148 5158 spectaculum
3180 5101 3192 5136 :
3223 5099 3341 5138 nam
3371 5082 3415 5136 si
3445 5081 3672 5137 voluerit

2078 5185 2336 5241 Conditor
2367 5185 2651 5254 imperare,
2680 5183 2828 5252 quasi
2867 5195 3152 5251 numquam
3185 5177 3358 5240 fuerit,
3389 5177 3459 5230 ita
3489 5175 3670 5245 dispa-

2081 5280 2238 5334 rchit.
2286 5277 2410 5333 llzcc
2449 5276 2492 5330 si
2542 5276 2928 5333 intellexissent
2965 5272 3226 5344 gentiles,
3270 5270 3572 5339 neutiquam
3616 5269 3669 5322 in

2083 5381 2286 5427 tantum
2330 5369 2639 5426 incidissent
2676 5382 2942 5429 (rrorem,
2983 5363 3076 5422 scd
3112 5371 3255 5417 recte
3281 5360 3573 5425 vidissent,
3601 5374 3667 5414 cx

2079 5474 2446 5521 'reaturarum
2487 5461 2936 5532 contemplatione
2972 5473 3066 5526 par
3103 5470 3221 5510 esse
3257 5454 3322 5507 ad
3359 5453 3667 5508 Creatorem

2079 5554 2393 5610 ascendere.
2441 5554 2661 5622 Propter
2700 5551 2800 5604 hoc
2836 5556 3026 5618 quarto
3065 5545 3152 5602 die
3192 5546 3358 5600 solent
3400 5542 3557 5606 fecit,
3600 5558 3670 5600 ne

2143 5669 2157 5700 ¹
2197 5675 2322 5718 Ila‘c.
2339 5667 2424 5715 sed
2438 5671 2481 5714 rt
2506 5662 2872 5713 iutbet‘illt'littt'nt
2893 5660 3414 5724 ιιώϋὶωιεηιιιιιινμιυίιι
3439 5661 3488 5710 in
3505 5654 3665 5709 \toreL

2079 5731 2303 5786 tle-crant,
2331 5732 2377 5779 in
2403 5738 2591 5777 tuteris
2613 5727 2870 5774 habentur.
