4094 6204
551 339 623 397 59
1256 339 1312 396 Β.
1352 337 1628 396 «ΙΟᾹΝΝΙΞ
1652 335 2133 429 ’CllRYSOSTOMI

2257 336 2494 394 lCillEl‘.
2534 337 2794 400 CONSTA
2803 342 3068 403 NTINOP.
3751 342 3820 403 (ιο

554 465 708 521 putes
735 453 880 507 illum
909 449 1012 505 diei
1040 459 1333 506 auctorem.
1363 449 1494 505 Nam
1522 451 1661 521 quod
1689 451 1757 507 de
1777 450 2068 506 seminibus
2099 464 2127 501 a

556 544 710 597 tiobis
738 542 937 597 dictum
968 550 1071 605 εει,
1099 549 1153 594 et
1177 540 1244 596 de
1269 541 1356 597 die
1384 542 1504 597 licet
1529 543 1727 608 dicere,
1752 557 1942 611 nempe
1973 539 2135 594 fuisse

556 645 664 688 tres
690 633 803 686 dies
828 641 952 687 ante
979 633 1108 687 Solis
1134 631 1525 688 formationem.
1554 633 1724 686 Voluit
1753 643 1930 686 autem
1960 629 2138 684 Dtnni-

556 740 655 777 nns
680 731 734 776 et
759 737 855 792 per
885 723 985 779 hoc
1013 722 1334 778 elementum
1365 724 1645 778 clariorem
1671 723 1774 778 dici
1805 724 1977 777 lucem
2007 720 2135 776 red-

555 813 681 868 dere
705 830 718 865 :
740 813 790 867 id
818 815 956 884 quod
981 824 1035 869 et
1063 814 1130 870 de
1155 816 1345 870 minori
1374 816 1641 877 luminari.
1668 815 1767 870 hoc
1793 824 1893 879 est,
1922 813 1990 869 de
2018 814 2136 867 luna

556 906 895 962 dixerimus:
930 904 1080 962 facta:
1132 908 1272 962 enim
1316 917 1441 962 sunt
1487 917 1594 962 tris
1632 916 1815 962 noctes
1857 916 1980 961 ante
2024 905 2139 973 ejus

557 993 951 1052 formationem.
994 999 1241 1051 Attamen
1285 1008 1336 1052 et
1380 998 1494 1052 lucc
1533 998 1782 1068 producta
1812 1012 1959 1051 suam
1988 995 2141 1049 affert

558 1089 840 1144 utilitatem
874 1090 1130 1159 :dissipat
1168 1089 1309 1145 enim
1351 1091 1521 1144 noctis
1561 1090 1827 1156 tenebras,
1851 1097 1909 1141 et
1938 1088 2138 1149 ferme,

558 1190 617 1235 ut
645 1182 712 1235 ita
744 1181 936 1247 dicam,
964 1181 1148 1235 eadem
1173 1197 1287 1250 qua-
1300 1182 1383 1235 sol
1403 1182 1514 1250 ipse
1535 1179 1651 1234 facit
1676 1195 1798 1250 erga
1821 1180 1919 1233 alia
1942 1179 2139 1231 omnia.

564 1272 654 1325 Sol
684 1271 825 1325 enim
853 1271 1128 1324 ordinatus
1153 1279 1235 1324 est
1260 1270 1324 1324 ad
1355 1271 1458 1325 hoc
1492 1269 1560 1324 Ut
1586 1279 1819 1340 prwesset
1848 1269 1949 1323 diei
1972 1310 1986 1332 ,
2019 1267 2141 1321 luna

564 1371 766 1426 autent,
797 1360 865 1415 Ut
885 1369 1115 1431 prwesset
1137 1361 1288 1414 nocti.
1319 1360 1453 1429 Quid
1484 1369 1566 1416 cst
1597 1359 1664 1415 Ut
1690 1370 1920 1431 prwesset
1943 1359 2059 1437 diei,
2092 1365 2146 1411 et

565 1450 633 1505 Ut
681 1460 912 1521 prwesset
953 1452 1126 1506 nocti?
1168 1452 1490 1506 Potestatem
1511 1494 1524 1517 ,
1559 1452 1763 1522 inquit,
1794 1451 2024 1520 accepit,
2056 1450 2145 1505 ille

561 1540 772 1608 quidem
803 1540 929 1604 diei,
960 1539 1072 1594 lucc
1100 1554 1226 1595 vero
1252 1542 1422 1596 noctis
1442 1583 1457 1607 ,
1489 1550 1547 1595 ut
1573 1543 1649 1596 sol
1678 1541 1815 1595 diem
1847 1541 1958 1594 suis
1986 1538 2147 1594 radiis

564 1633 842 1685 clariorem
867 1632 1088 1697 reddat;
1119 1632 1242 1687 luna
1266 1643 1444 1690 autem
1475 1642 1531 1687 ut
1557 1633 1794 1703 dispellat
1830 1633 2073 1689 tenebras
2094 1643 2148 1688 et

566 1723 838 1778 hominum
867 1725 1049 1793 generi
1080 1724 1276 1779 lumine
1309 1740 1407 1779 suo
1436 1724 1736 1779 facultatem
1766 1724 2003 1795 pra-heat
2038 1724 2148 1776 suis

568 1815 789 1883 negotiis
804 1814 1046 1868 vaeamli.
1079 1815 1227 1869 'l'nnc
1254 1816 1395 1870 enim
1414 1817 1583 1869 viator
1605 1815 1847 1870 fidentius
1872 1815 1973 1869 iter
2002 1815 2143 1877 facit,

564 1914 618 1957 et
663 1914 819 1958 nauta
865 1905 1036 1957 navim
1066 1905 1219 1974 regit,
1245 1915 1299 1960 ct
1325 1905 1488 1960 maria
1518 1906 1730 1974 trajicit,
1755 1914 1809 1961 et
1834 1920 1929 1960 sua
1959 1907 2149 1975 cuique

567 1994 762 2055 studia,
787 2010 1014 2066 suasque
1043 2007 1186 2051 artes
1225 2006 1367 2051 metu
1411 1998 1582 2067 posito
1617 1999 2011 2068 aggrediuntur.
2046 2000 2146 2052 De-

569 2085 691 2140 inde
732 2096 1009 2156 postquam
1044 2102 1141 2141 nos
1172 2087 1348 2143 docuit
1381 2089 1601 2144 istorum
1641 2090 1976 2145 luminarium
2010 2091 2152 2144 utili-

568 2185 751 2241 tatem,
783 2178 948 2248 inquit
979 2196 992 2232 :
1028 2179 1112 2233 l7.
1149 2176 1214 2231 Et
1241 2180 1429 2233 stellas.
1476 2180 1538 2232 Et
1567 2182 1732 2250 posuit
1769 2179 1907 2234 Deus
1946 2181 2063 2234 illas
2098 2180 2149 2233 in

566 2269 883 2336 firmamento
924 2272 1069 2335 ewli,
1107 2270 1177 2324 ita
1221 2282 1274 2325 ut
1321 2272 1519 2325 luceant
1560 2290 1711 2343 super
1752 2283 1952 2337 terram,
1986 2272 2071 2327 18.
2106 2282 2151 2325 et

565 2362 770 2431 pra'sint
792 2362 892 2415 diei
914 2379 975 2414 ac
994 2362 1145 2426 nocti,
1167 2374 1213 2416 et
1236 2374 1464 2433 separent
1489 2363 1617 2416 inter
1642 2365 1805 2417 lucem
1834 2374 1881 2416 et
1902 2363 2148 2417 tenebras.

637 2453 690 2507 5.
729 2452 1060 2507 Pulcltritudo
1090 2465 1136 2508 et
1162 2455 1352 2508 utilitas
1372 2455 1484 2508 eteli
1497 2472 1518 2520 ;
1556 2455 1726 2508 omnia
1761 2465 1962 2525 propter
1992 2455 2156 2508 Itami-

567 2558 679 2595 nem
703 2551 870 2596 creata
893 2553 1118 2596 sunt.—
1145 2543 1520 2597 Animadverte
1553 2542 1636 2597 hic
1657 2552 1910 2614 quantum
1941 2552 1997 2598 et
2027 2545 2154 2598 ista-

570 2647 687 2686 rum
720 2648 872 2687 ttsum
905 2633 1057 2687 nobis
1082 2632 1388 2688 declaravit.
1426 2631 1603 2686 Posuit
1626 2634 1762 2698 illas,
1784 2634 1970 2704 inquit,
1990 2636 2040 2687 in
2062 2635 2154 2703 [ir-

569 2735 816 2777 mamento
835 2727 963 2779 ereti.
986 2724 1123 2792 Quid
1142 2737 1243 2792 est,
1268 2724 1481 2780 Posuit?
1501 2725 1763 2795 Numquid
1784 2727 1930 2797 quasi
1953 2726 2156 2783 diceret

571 2814 780 2884 aliquis,
808 2814 985 2869 Fixit?
1014 2815 1167 2870 Absit
1190 2834 1203 2871 :
1230 2816 1470 2870 videmus
1496 2818 1636 2871 enim
1669 2817 1811 2888 ipsas
1836 2833 1977 2887 smpe
2000 2820 2154 2874 unico

573 2906 832 2974 temporis
889 2915 1161 2962 momento
1216 2924 1463 2977 magnum
1512 2911 1741 2965 transire
1790 2912 2052 2980 spatium,
2102 2920 2156 2967 et

569 3011 856 3066 numquam
907 2997 955 3051 in
997 3013 1106 3052 uno
1149 2997 1267 3053 loco
1314 3008 1477 3067 stare,
1522 3002 1614 3056 sed
1653 3017 1828 3065 suum,
1866 3018 2021 3071 quem
2054 3002 2155 3056 illis

570 3085 825 3139 Dominus
855 3087 1126 3157 pra'cepit,
1156 3103 1369 3142 cursum
1400 3091 1673 3159 perﬁcere.
1703 3090 1838 3159 Quid
1867 3093 2024 3160 igitur
2049 3101 2151 3158 est,

573 3173 794 3229 Posuit?
835 3177 889 3231 ld
925 3186 1021 3243 ρει,
1056 3178 1332 3247 imperavit
1359 3190 1414 3233 ut
1441 3181 1567 3249 ipsa:
1590 3188 1769 3235 essent
1794 3182 1845 3235 in
1875 3183 2024 3235 cado.
2059 3181 2153 3236 Et-

571 3268 713 3321 enim
761 3268 861 3324 hoc
903 3286 966 3323 ex
1007 3270 1233 3325 decursu
1269 3271 1561 3342 Scriptura:
1590 3273 1999 3340 licebitvidere,
2032 3275 2151 3344 quia

570 3359 693 3412 aiihi
722 3360 850 3415 dicit
880 3379 893 3413 :
929 3359 1104 3416 Posuit
1129 3362 1262 3417 Deus
1289 3365 1449 3417 Adam
1472 3366 1521 3418 in
1544 3367 1780 3436 paradiso
1807 3366 1956 3433 (Gen.
1992 3367 2046 3421 2.
2071 3366 2152 3437 8),

571 3466 676 3504 non
702 3452 843 3521 quod
877 3453 1108 3508 infixerit
1125 3470 1246 3508 eum
1278 3456 1543 3525 paradiso,
1567 3456 1659 3512 sed
1681 3458 1821 3527 quod
1845 3460 2157 3527 pra'ceperit

569 3550 628 3595 ut
651 3553 792 3598 esset
822 3544 873 3597 in
908 3546 1169 3614 paradiso.
1203 3546 1463 3603 Similiter
1481 3557 1533 3604 et
1560 3550 1626 3604 de
1649 3551 1818 3605 stellis
1841 3551 2153 3619 dixerimus,

548 3632 862 3704 imperasse
893 3651 1083 3706 nempe
1110 3638 1187 3692 eis
1220 3647 1276 3692 ut
1301 3650 1481 3695 essent
1508 3640 1560 3694 in
1588 3638 1920 3696 ﬁrmamento
1945 3642 2082 3707 ca-li,
2104 3650 2159 3696 et

572 3738 726 3777 suum
758 3725 934 3779 lumen
966 3742 1125 3795 super
1160 3739 1353 3783 terram
1386 3733 1709 3786 emitterent.
1741 3733 2155 3799 Animadverte,

570 3815 814 3875 obsecro.
839 3815 1051 3882 dilecte,
1084 3818 1397 3885 quibusnam
1427 3822 1589 3889 pratis
1605 3831 1660 3874 et
1679 3820 1846 3874 hortis
1870 3823 2158 3891 jucundius

578 3923 683 3960 non
726 3908 881 3961 fuerit
910 3918 1153 3978 spectare
1183 3910 1234 3964 in
1267 3911 1437 3966 media
1467 3922 1620 3966 nocte
1648 3913 1834 3966 ca-lunt
1866 3915 2035 3968 stellis
2069 3914 2157 3968 di-

572 3999 915 4061 stinctum,ct
940 4000 1213 4055 stellarum
1240 4001 1496 4058 varietate
1520 4004 1669 4073 qttasi
1698 4004 1917 4060 ﬁoribus
1943 4001 2161 4076 quibus-

574 4090 696 4143 dam
717 4106 1063 4159 conspersum
1086 4102 1140 4148 et
1159 4104 1427 4159 ornatum,
1460 4097 1682 4149 multum
1711 4096 1841 4151 lucis
1865 4112 2028 4167 super
2053 4109 2156 4155 ler-

574 4199 686 4237 ram
732 4183 1046 4241 effundere?
1089 4186 1216 4241 Nam
1260 4196 1315 4242 et
1358 4189 1410 4243 in
1458 4188 1560 4243 hoc
1601 4189 1861 4244 ordinata:
1904 4200 2061 4257 sunt,
2104 4202 2161 4247 ut

574 4278 784 4331 luceant
812 4291 972 4348 super
999 4287 1190 4332 terram
1215 4321 1226 4340 ,
1256 4290 1310 4333 et
1339 4280 1552 4348 prmsint
1579 4280 1685 4335 diei
1717 4295 1780 4336 ac
1808 4282 1980 4347 nocti,
2014 4285 2154 4353 quod

574 4367 894 4436 generaliter
914 4376 966 4422 et
991 4368 1059 4422 de
1082 4369 1284 4438 magnis
1310 4370 1654 4425 luminaribus
1675 4372 1873 4428 dictum
1895 4383 1994 4429 est.
2025 4374 2156 4429 Nam

576 4466 854 4528 postquam
880 4459 1060 4513 docuit
1102 4475 1197 4514 nos
1223 4503 1237 4526 ,
1279 4461 1544 4531 quomodo
1577 4463 1797 4520 formata
1827 4466 2025 4522 fuerint
2053 4467 2160 4522 duo

580 4552 857 4606 luminaria
889 4568 1100 4624 magna.
1139 4563 1193 4610 et
1228 4556 1399 4611 stella:
1426 4573 1440 4609 :
1468 4556 1535 4612 de
1577 4559 1827 4614 omnibus
1869 4561 1920 4615 itt
1960 4576 2160 4630 genere

575 4642 722 4707 dicit,
757 4640 818 4696 Et
844 4644 1047 4712 prwsint
1069 4646 1168 4698 diei
1192 4662 1252 4699 ac
1277 4647 1430 4712 nocti,
1448 4657 1498 4700 et
1517 4660 1749 4717 separent
1775 4651 1905 4704 inter
1931 4652 2092 4705 lucem
2113 4663 2158 4705 et

577 4735 823 4789 tenebras.
866 4735 1155 4792 Enimvero
1191 4738 1327 4793 sicut
1357 4740 1584 4795 interdiu
1616 4740 1784 4796 stella:
1809 4742 1859 4796 in
1890 4743 2023 4797 ezelo
2052 4758 2156 4796 non

574 4827 820 4884 videntur
863 4828 1163 4885 discurrere
1197 4831 1443 4896 (illarum
1471 4834 1612 4887 enim
1640 4848 1792 4888 usum
1824 4834 2000 4889 lumen
2031 4833 2160 4893 solis

536 4924 541 4929 ’
574 4923 738 4977 multa
766 4922 1009 4978 claritate
1035 4923 1279 4995 obtegit),
1313 4926 1382 4979 ita
1411 4941 1583 4996 neque
1613 4937 1768 4982 noctu
1799 4927 1879 4983 sol
1908 4939 2156 4998 apparet,

573 5016 870 5072 sufﬁciente
897 5017 1018 5071 luna
1046 5031 1142 5071 suo
1174 5019 1373 5074 lumine
1411 5019 1477 5074 ad
1517 5020 1857 5076 illustrandas
1882 5022 2051 5076 noctis
2079 5031 2157 5076 tc-

576 5109 770 5163 neliras
800 5127 814 5163 :
839 5125 1024 5165 verum
1054 5110 1317 5166 elementa
1338 5127 1561 5183 qumque
1587 5114 1722 5169 intra
1749 5130 1875 5169 suos
1902 5114 2159 5171 terminos

578 5209 815 5268 manent,
843 5210 897 5256 et
927 5217 1211 5274 numquam
1239 5218 1391 5258 suam
1423 5220 1724 5261 mensuram
1758 5208 2158 5277 transgrediun-

574 5305 661 5349 tur
684 5313 699 5352 :
722 5296 816 5352 sed
842 5295 1243 5369 dispositionem
1266 5306 1319 5353 et
1339 5297 1579 5354 ordinem
1606 5300 1810 5354 Domini
1833 5301 2156 5368 custodiunt,

576 5403 839 5460 suumque
865 5406 996 5462 opus
1027 5390 1245 5448 facittut.
1289 5389 1419 5459 Quis
1458 5401 1635 5447 autem
1672 5393 1773 5446 alia
1800 5398 1977 5448 omnia
2003 5409 2163 5450 enar-

578 5485 791 5547 raverit,
836 5499 954 5552 qua:
995 5486 1183 5540 horum
1228 5487 1566 5542 luminavium
1614 5495 1670 5541 et
1712 5487 1988 5541 stellarum
2032 5503 2160 5542 usus

579 5575 812 5630 humano
840 5579 1020 5648 generi
1050 5579 1299 5635 confert?
1342 5583 1457 5638 Sint
1491 5581 1655 5649 enim,
1688 5582 1875 5654 inquit,
1903 5582 1955 5634 in
1991 5583 2154 5653 signa,

567 5680 614 5721 et
651 5669 701 5722 in
734 5679 979 5738 tempore,
1006 5683 1051 5725 et
1077 5672 1277 5738 indies,
1304 5684 1352 5726 et
1378 5675 1430 5726 in
1458 5690 1638 5726 mmor.
1678 5673 1814 5740 Quid
1842 5675 1959 5729 est?
1990 5673 2053 5727 In
2085 5677 2156 5728 si-

580 5777 682 5830 gna
714 5769 759 5814 et
785 5761 835 5814 in
866 5773 1107 5834 tempora,
1137 5775 1184 5819 et
1217 5766 1268 5817 in
1295 5765 1418 5831 dies,
1447 5774 1490 5816 et
1519 5766 1570 5817 in
1599 5767 1798 5820 annos?
1828 5766 2025 5823 Docere
2055 5785 2150 5824 nos

2245 451 2353 506 vult
2381 451 2556 507 divina
2583 454 2851 524 Scriptura
2872 496 2888 518 ,
2917 453 3106 510 horum
3131 467 3342 511 cursum
3374 454 3647 510 scientiam
3672 458 3823 513 nobis

2243 554 2538 615 temporum
2569 545 2832 614 conferre,
2861 547 3250 603 vicissitudines
3276 562 3403 601 com
3417 549 3709 613 etsionum,
3738 567 3822 603 nu-

2244 652 2449 691 merum
2479 637 2706 699 tliernm,
2729 639 2851 693 anni
2874 640 3192 695 curriculum
3222 650 3312 696 :et
3336 656 3401 696 ex
3435 640 3516 695 his
3546 654 3826 710 possumus

2242 726 2556 798 dignoscere
2582 730 2778 784 omnia.
2826 730 3030 785 Etenim
3062 730 3384 800 gubernator
3401 731 3466 785 ad
3492 733 3681 786 borum
3708 746 3828 784 eur-

2244 834 2361 872 sum
2405 830 2671 889 spectans,
2721 830 2775 875 et
2815 819 2866 875 in
2910 820 3098 875 czelum
3145 822 3400 885 intentus,
3443 821 3829 892 diligenterque

2244 909 2457 964 discens
2499 912 2697 975 omnia,
2727 913 2973 982 navigare
3012 912 3215 981 incipit,
3249 914 3414 966 maria
3444 915 3651 979 tmnsit,
3683 923 3737 969 et
3776 916 3828 968 in

2245 1000 2562 1056 densissima
2599 1012 2774 1067 nocte,
2804 1003 2932 1058 visis
2955 1004 3161 1058 stellis‘
3196 1006 3372 1059 navim
3400 1005 3630 1077 dirigere
3656 1017 3709 1061 et
3735 1023 3829 1061 sua

2247 1102 2361 1147 arte
2403 1095 2629 1149 salutem
2662 1095 3030 1165 navigantibus
3059 1095 3186 1152 dare
3212 1096 3370 1152 solet.
3401 1096 3491 1153 Sic
3516 1107 3570 1153 et
3591 1099 3823 1169 agricola

2248 1198 2312 1237 ex
2344 1183 2447 1239 illis
2475 1184 2632 1239 discit
2659 1185 2873 1256 quando
2899 1195 3140 1256 oporteat
3168 1188 3371 1242 semina
3403 1196 3556 1242 terra:
3583 1190 3836 1243 commit-

2251 1285 2381 1340 tere,
2414 1276 2625 1347 quando
2657 1287 2851 1333 terram
2876 1279 3166 1348 pastinare,
3192 1288 3246 1334 et
3274 1293 3453 1342 arare,
3483 1280 3698 1349 quando
3731 1278 3831 1334 fal-

2250 1386 2364 1424 cem
2392 1386 2586 1425 acuere
2614 1380 2667 1424 ut
2698 1370 2872 1441 fruges
2900 1370 3155 1428 demetat.
3188 1371 3303 1426 Non
3336 1386 3499 1441 pauca
3525 1372 3648 1426 vita:
3676 1372 3835 1442 hujus

2251 1463 2527 1516 connnoda
2575 1472 2869 1532 temporum
2912 1462 3161 1529 scientia,
3205 1462 3408 1517 dierum
3451 1476 3737 1527 numerus,
3781 1472 3837 1516 et

2251 1555 2375 1608 anni
2406 1554 2636 1609 circulus
2673 1554 2901 1609 all'erunt
2932 1572 2946 1608 ε
2982 1555 3248 1625 multaque
3293 1555 3344 1609 in
3396 1555 3460 1609 iis
3506 1555 3833 1625 deprehendi

2254 1658 2471 1717 possent
2510 1647 2574 1701 ad
2619 1647 2896 1702 fovendam
2939 1647 3222 1703 humanam
3250 1648 3411 1702 vitam
3453 1648 3624 1714 utilia,
3665 1664 3836 1718 neque

2252 1748 2333 1791 est
2380 1738 2469 1808 qui
2512 1748 2697 1792 exacte
2745 1753 3026 1794 recensere
3066 1738 3269 1809 singula
3318 1739 3528 1808 possit:
3557 1753 3621 1793 ex
3655 1739 3837 1808 paucis

2256 1838 2431 1883 tamen
2461 1838 2688 1900 quantus
2727 1844 2913 1884 eorum
2952 1829 3022 1883 sit
3057 1845 3184 1884 usus
3217 1829 3623 1899 conjectandtnn
3654 1840 3756 1894 est,
3784 1840 3840 1884 et

2253 1939 2374 1976 cum
2403 1922 2645 1978 admirati
2671 1923 2928 1978 fuerimus
2953 1931 3245 1988 creaturas,
3282 1937 3467 1977 earum
3494 1921 3682 1990 Opifex
3705 1937 3837 1991 quo-

2255 2030 2355 2084 que
2384 2014 2686 2070 adorandus
2728 2025 2782 2070 et
2823 2014 3177 2071 celebrandus
3200 2023 3281 2068 est
3307 2032 3322 2068 :
3352 2014 3685 2082 suspicienda
3716 2015 3837 2067 item

2258 2106 2539 2161 incllahilis
2568 2108 2705 2162 illius
2734 2108 3052 2179 benignitas,
3081 2123 3239 2178 quam
3270 2122 3396 2178 erga
3428 2107 3712 2161 humanum
3742 2122 3837 2178 ge-

2258 2214 2357 2252 nus
2401 2198 2646 2254 exhibuit
2677 2218 2690 2254 :
2718 2201 2912 2269 quippe
2951 2209 3168 2271 propter
3214 2198 3284 2252 nil
3324 2198 3464 2252 aliud
3510 2198 3623 2253 lucc
3664 2202 3838 2253 onmia

2258 2292 2523 2360 produxit,
2551 2308 2709 2363 quam
2749 2305 2964 2363 propter
3012 2293 3281 2347 hominem
3326 2309 3483 2363 quem
3530 2309 3632 2347 non
3676 2293 3840 2348 multo

2259 2393 2377 2453 post
2404 2386 2550 2454 quasi
2580 2401 2756 2455 regem
2785 2395 2837 2440 et
2868 2387 3158 2457 principem
3189 2387 3436 2441 omnibus
3464 2402 3493 2441 a
3528 2402 3586 2443 se
3614 2386 3843 2441 conditis

2260 2477 2604 2547 prmfecturns
2631 2490 2767 2532 erat.
2795 2477 2858 2531 Et
2883 2480 3022 2543 vidit,
3050 2480 3146 2544 ait,
3174 2478 3306 2532 Deus
3325 2481 3459 2549 quod
3480 2488 3606 2533 esset
3634 2482 3837 2536 bonum.

2262 2569 2419 2621 Vides
2448 2569 2668 2638 singulis
2696 2568 2880 2622 diebus
2911 2570 3191 2625 oste:.dere
3216 2570 3447 2625 ιΙενίιιτιιη
3478 2571 3804 2641 Scripturam
3823 2614 3838 2633 ,

2260 2659 2370 2715 Deo
2407 2661 2619 2729 placere
2660 2669 2954 2723 creaturas,
2996 2670 3051 2715 nt
3089 2677 3301 2717 onmem
3336 2672 3574 2733 amputet
3601 2665 3840 2718 occasio-

2261 2769 2380 2809 nem
2413 2770 2594 2809 eorum
2617 2798 2632 2821 ,
2660 2757 2746 2825 qtti
2778 2755 3172 2824 reprehendere
3200 2756 3397 2811 audent
3420 2773 3479 2811 ea
3515 2773 3631 2827 qua:
3660 2758 3727 2811 ab
3755 2758 3843 2810 illo

2258 2858 2380 2902 sunt
2414 2849 2589 2903 facta?
2633 2849 2783 2915 Quod
2821 2849 2962 2904 enim
3005 2849 3159 2919 hujus
3199 2849 3273 2903 rei
3315 2851 3483 2919 gratia
3525 2864 3844 2919 unoquoque

2259 2943 2346 2997 die
2385 2942 2655 3011 Scriptura
2696 2941 2872 2996 divina
2917 2942 3018 2997 hoc
3064 2940 3344 3013 signiticet,
3374 2958 3438 2998 ex
3466 2946 3840 3014 consequentia

2261 3032 2598 3088 manifestum
2629 3045 2730 3089 est.
2763 3033 3074 3090 Sufliciebat
3098 3035 3238 3089 enim
3269 3035 3336 3090 de
3362 3034 3610 3090 omnibus
3635 3046 3840 3089 creatu-

2258 3124 2333 3179 ris
2357 3125 2525 3179 semcl
2553 3124 2731 3179 dicere
2749 3166 2765 3191 ,
2794 3125 2971 3180 onmia
2998 3141 3346 3196 quaecumque
3371 3125 3493 3181 fecit
3514 3167 3528 3190 ,
3558 3142 3678 3181 esse
3707 3126 3840 3180 bona

2259 3218 2413 3273 valde
2443 3236 2457 3271 :
2490 3218 2585 3274 sed
2615 3218 2792 3274 sciens
2821 3228 3012 3290 quanta
3041 3221 3111 3275 sit
3135 3221 3389 3275 mentium
3417 3230 3715 3276 nostrarum
3758 3222 3840 3275 in-

2261 3310 2504 3376 ﬁrmitas,
2527 3310 2832 3382 singillatim
2862 3311 2963 3367 hoc
2988 3310 3131 3376 facit,
3152 3321 3209 3366 ut
3229 3311 3403 3367 discas
3429 3313 3687 3382 sapientia
3716 3330 3844 3382 qna-

2258 3404 2381 3459 datn
2435 3405 2661 3471 solerti,
2710 3414 2767 3459 et
2822 3404 3143 3475 benignitate
3197 3406 3532 3462 inenarrabili
3586 3406 3839 3477 producta

2261 3494 2423 3551 fuisse
2445 3497 2642 3550 onmia.
2677 3495 2761 3551 19.
2795 3496 2857 3550 Et
2886 3498 3077 3566 factum
3101 3504 3192 3563 est,
3221 3497 3407 3567 inquit,
3435 3513 3654 3566 vespere,
3682 3506 3728 3550 et
3758 3500 3843 3567 [a-

2260 3598 2393 3642 ctum
2423 3598 2497 3642 est
2520 3606 2699 3655 omne,
2736 3588 2843 3643 dies
2871 3599 3103 3660 quartus.
3139 3587 3422 3659 Postquam
3449 3590 3588 3642 enim
3617 3587 3847 3642 absolvit

2261 3690 2507 3736 ornatum
2540 3681 2677 3745 casli,
2709 3690 2761 3736 et
2786 3681 2956 3735 stellis
2986 3679 3111 3734 illud
3141 3680 3431 3743 decoravit,
3453 3679 3665 3751 duoque
3691 3679 3849 3733 lumi-

2262 3773 2408 3827 naria
2441 3787 2629 3842 magna
2654 3772 2921 3843 produxit,
2959 3770 3117 3827 ﬁnem
3148 3771 3254 3826 dici
3285 3770 3566 3840 imposuit;
3595 3780 3645 3823 et
3671 3769 3845 3824 dixit:

2263 3864 2333 3919 Et
2359 3868 2544 3934 [actum
2570 3875 2641 3918 est
2670 3883 2890 3937 vespere,
2919 3876 2966 3919 et
2992 3866 3183 3936 factum
3201 3876 3271 3919 est
3294 3881 3458 3929 mane,
3483 3864 3590 3918 dies
3616 3875 3845 3935 quartus.

2263 3956 2396 4012 Vide
2423 3973 2528 4027 quo
2555 3966 2708 4028 pacto
2733 3968 2786 4012 et
2811 3958 2909 4013 hoc
2939 3973 3034 4028 per
3051 3957 3285 4029 singulos
3305 3956 3419 4010 dies
3437 3966 3847 4021 commemorat,

2262 4050 2438 4104 divina
2469 4050 2714 4121 dogmata
2755 4049 3019 4121 frequenti
3059 4048 3420 4104 admonitione
3458 4058 3653 4104 nostra:
3682 4051 3847 4104 menti

2265 4143 2483 4214 infigere
2513 4143 2715 4196 volens.

2335 4238 2386 4292 6.
2432 4236 2964 4291 Moralisexhortatio.
2997 4266 3071 4276 —
3112 4235 3237 4290 Hmc
3278 4234 3437 4306 igitur
3477 4233 3653 4287 omnia
3698 4235 3848 4303 quasi

2266 4330 2527 4399 insculpta
2559 4330 2850 4384 retinentes
2888 4328 2939 4381 in
2972 4327 3251 4382 latitudine
3281 4327 3490 4393 eordis,
3546 4341 3652 4396 quo
3676 4326 3816 4394 negli

2263 4424 2494 4493 gentiam
2526 4438 2737 4477 omnem
2764 4422 3262 4481 cxcutiamns,saua
3291 4426 3539 4473 accurate
3571 4426 3849 4473 teneamus

2263 4516 2529 4586 dogmata,
2564 4526 2723 4584 atque
2745 4530 2837 4569 eos
2859 4514 2946 4582 qui
2974 4513 3155 4581 gentili
3176 4526 3359 4566 errore
3388 4519 3845 4579 prteoccnpantur,

2263 4608 2408 4660 muni
2442 4604 2851 4660 mansuetudine
2877 4604 3185 4666 doceamus,
3238 4617 3305 4656 ne
3347 4600 3591 4654 ordinem
3621 4599 3850 4653 confun-

2263 4697 2413 4755 dant.
2439 4713 2611 4767 neque
2641 4698 2827 4751 relicto
2851 4696 3109 4750 Creatore
3140 4704 3416 4747 creaturas
3440 4690 3701 4754 adorent,
3729 4706 3850 4758 qua:

2263 4789 2333 4842 ob
2358 4796 2596 4841 nostram
2625 4788 2850 4842 salutem
2892 4794 2949 4841 ct
2994 4785 3274 4839 utilitatem
3325 4783 3478 4837 facta:
3523 4788 3668 4835 sunt.
3714 4780 3848 4835 Nam

2264 4879 2363 4936 etsi
2394 4880 2588 4934 millies
2608 4877 2981 4948 dirumpantttr
3023 4874 3273 4946 gentiles,
3323 4884 3499 4927 tamen
3536 4873 3677 4927 clara
3721 4886 3852 4923 voce

2263 4973 2462 5039 clamo,
2516 4980 2734 5040 propter
2789 4971 3077 5023 humanum
3109 4981 3278 5033 genus
3335 4963 3449 5018 lure
3490 4962 3666 5017 omnia
3711 4961 3849 5015 facta

2262 5079 2420 5131 csse;
2454 5062 2553 5118 sibi
2580 5062 2719 5117 enim
2747 5060 3021 5115 sufficiens
3061 5057 3239 5128 opifex
3278 5057 3426 5111 nullo
3451 5056 3671 5109 istorum
3716 5068 3852 5122 opus

2263 5154 2494 5211 habebat
2524 5171 2538 5209 :
2566 5154 2660 5208 sed
2688 5164 2746 5209 ut
2766 5169 2890 5224 erga
2919 5171 3014 5207 nos
3040 5165 3189 5205 Suam
3241 5148 3619 5218 benignitatem
3660 5154 3851 5197 osten-

2262 5249 2434 5313 deret,
2467 5247 2581 5301 lucc
2601 5247 2779 5301 omnia
2810 5245 3076 5316 produxit,
3098 5242 3473 5297 demonstrans
3524 5246 3725 5306 quanto
3755 5235 3854 5288 hn-

2263 5356 2393 5396 nore
2417 5346 2770 5409 prosequatur
2799 5336 3087 5389 humanum
3118 5348 3307 5405 genus,
3336 5341 3394 5386 ut
3420 5331 3501 5385 bis
3539 5327 3849 5383 manudueti

2262 5432 2500 5490 debitam
2531 5430 2630 5503 ipsi
2657 5429 3022 5484 adorationem
3053 5426 3366 5482 referamus.
3424 5422 3654 5490 Quanta;
3705 5422 3850 5475 enim

2262 5523 2499 5580 stultitim
2527 5532 2608 5578 est
2632 5530 2756 5576 ante
2778 5520 3027 5590 pulchras
3050 5528 3325 5575 creaturas
3350 5516 3699 5587 procumbere
3720 5523 3768 5568 et
3800 5516 3852 5566 in

2265 5618 2368 5675 illis
2393 5616 2709 5679 consistere,
2740 5627 2837 5668 nec
2866 5612 3108 5669 attollere
3139 5610 3330 5667 tuentis
3358 5609 3542 5664 oculos
3588 5609 3654 5664 ad
3701 5607 3855 5662 illum

2331 5778 2344 5806 ¹
2380 5774 2590 5834 Coislin.,
2605 5773 2752 5834 juxta
2776 5770 3020 5825 stellarum
3042 5766 3333 5832 positionem.
