4094 6204
474 357 540 416 ιι
1626 355 1698 413 IN
1735 357 1890 414 CAP.
1919 355 1962 411 1.
2005 355 2251 414 GENES.
2298 361 2518 420 llOMtL.
2571 367 2681 427 VH.
3694 393 3766 450 ea

471 473 562 545 qui
580 468 952 541 easproduxit,
964 482 1146 538 neque
1167 465 1328 522 Paulo
1345 468 1564 526 credere
1581 469 1777 527 dicenti
1795 489 1807 523 :
1830 471 1854 523 1
1865 471 2071 525 ηυὶεῑὸὶ-

474 567 544 620 lia
562 565 702 618 illius
715 579 780 618 ex
790 561 1044 616 creatione
1058 559 1234 614 mundi
1253 577 1342 630 per
1357 577 1537 633 (aqua?
1548 562 1684 631 facta
1702 563 2074 617 suntintellecta

474 655 826 724 pervidentur(
837 653 991 708 Rom.
1013 655 1065 708 1.
1083 651 1196 725 20)ῐ
1213 653 1348 720 Quid
1360 653 1512 719 dicis,
1528 654 1711 710 homo?
1725 656 1858 711 Cum
1877 656 2072 760 videris

475 746 685 813 czrlum,
717 744 1002 800 admiraris
1029 743 1145 814 ejus
1171 743 1580 813 formositatem,
1607 756 1871 801 astrorum
1899 748 2072 803 varie-

478 848 664 902 tatem,
681 836 957 891 claritatis
977 835 1365 890 eminentiam?
1392 836 1468 892 Ne
1486 837 1556 891 ibi
1578 837 1856 902 subsistas,
1880 840 1972 894 sed
2001 839 2068 893 ad

473 927 731 998 Opificem
764 929 938 998 ipsum
968 937 1111 981 tuam
1141 927 1370 982 extende
1398 937 1631 982 mentem
1663 947 1676 983 :
1713 930 1763 984 in
1787 938 2066 999 stuporem

469 1032 529 1076 te
554 1036 743 1076 rursus
764 1021 983 1090 conjicit
1005 1021 1095 1075 lux
1131 1021 1282 1086 solis,
1315 1029 1370 1075 et
1383 1021 1666 1076 admiraris
1687 1021 2066 1092 ejusmultipli-

470 1126 585 1164 cem
617 1126 809 1165 usum:
842 1112 1048 1182 etquia
1078 1111 1227 1166 vides
1278 1112 1456 1167 radios
1502 1112 1832 1170 illustrantes
1881 1116 2068 1171 oculos

475 1210 615 1265 tuos,
643 1203 928 1257 admiraris
949 1203 1203 1258 elementi
1242 1203 1729 1273 pulchritudinem?
1756 1206 1860 1262 Sed
1893 1224 2066 1278 neque

473 1291 560 1344 hic
587 1292 885 1358 subsistas;
918 1293 1025 1348 imo
1048 1291 1148 1349 hoc
1178 1295 1372 1364 cogita,
1404 1296 1717 1351 sicreatura
1735 1305 1848 1352 tam
1897 1299 2066 1354 admi-

474 1382 658 1435 rabilis
675 1391 776 1447 est,
800 1391 854 1438 et
868 1397 1026 1452 supra
1045 1385 1284 1439 omnium
1304 1386 1608 1455 Opinionem
1635 1397 1688 1444 et
1708 1389 2057 1460 intellectum,

466 1482 708 1541 quantus
731 1483 813 1529 est
841 1476 930 1545 qui
959 1475 1128 1546 ipsam
1157 1478 1272 1532 solo
1299 1479 1464 1534 verbo
1490 1490 1542 1534 et
1572 1492 1839 1552 prmeepto
1868 1484 2064 1554 produ-

473 1565 586 1618 xit?
612 1565 847 1634 ldipsunt
875 1576 930 1621 et
959 1567 1025 1622 de
1081 1576 1221 1623 terra
1272 1579 1449 1625 tecum
1495 1573 1772 1628 considera
1802 1592 1818 1630 :
1847 1577 2062 1646 quando

472 1655 666 1712 videris
694 1673 813 1712 eam
840 1657 1058 1714 floribus
1076 1662 1278 1724 ornari,
1310 1661 1449 1717 sicut
1475 1666 1849 1720 vestimentum
1879 1669 2057 1724 multis

460 1747 739 1804 coloribus
765 1748 1098 1816 distinctum,
1121 1752 1267 1805 varia
1292 1751 1579 1809 herbarum
1616 1765 1800 1826 segete
1829 1758 2060 1830 undique

464 1838 574 1906 tegi
605 1854 618 1890 :
654 1853 720 1894 ne
735 1839 913 1894 virtuti
929 1849 1084 1895 terrm
1100 1841 1374 1898 adscribas
1385 1859 1447 1899 ea
1463 1860 1580 1915 qua:
1603 1861 1668 1901 ex
1687 1847 1797 1917 ipsa
1821 1863 2060 1904 nascun-

464 1939 577 1993 tur,
607 1945 779 2000 neque
799 1932 929 1987 solis
951 1933 1032 1988 vel
1063 1935 1204 1989 lunae
1223 1937 1625 2005 cooperationi;
1656 1939 1749 1994 Sed
1775 1941 1942 2009 probe
1962 1957 2058 1996 co-

466 2021 579 2088 gita
607 2022 769 2076 Deum
795 2033 919 2080 ante
942 2024 1157 2080 illorum
1184 2028 1511 2084 creationem
1533 2029 1732 2088 dixisse
1757 2034 2054 2104 dumtaxat,

477 2110 737 2165 Producat
765 2124 896 2168 terra
921 2115 1123 2170 herbam
1143 2118 1287 2185 freni,
1318 2129 1372 2174 et
1401 2135 1524 2174 mox
1553 2135 1767 2178 omnem
1799 2133 1956 2182 terra:
1981 2127 2059 2182 fa-

476 2205 615 2258 ciem
634 2215 870 2261 ornatam
886 2206 1065 2264 fuisse.
1085 2209 1139 2264 Si
1158 2209 1274 2266 htec
1300 2212 1520 2282 singulis
1549 2214 1737 2271 diebus
1780 2220 2055 2276 nobiscum

473 2311 772 2365 versemus,
788 2300 1036 2371 ipsigrati
1050 2306 1270 2370 erimus,
1290 2313 1344 2358 et
1359 2305 1586 2362 Domino
1598 2317 1654 2362 ut
1668 2308 1840 2379 decet,
1861 2312 1970 2366 imo
1999 2323 2057 2368 ut

474 2398 671 2444 nostra:
686 2390 1037 2459 viresferunt,
1068 2393 1288 2470 gloriam
1315 2395 1581 2453 dabimus.
1615 2399 1848 2455 Gloriam
1871 2411 2054 2458 autem

465 2481 569 2550 ipsi
588 2483 898 2548 tribuemus,
920 2500 1022 2539 non
1039 2501 1134 2556 per
1151 2487 1253 2542 hoc
1265 2490 1459 2556 solum,
1495 2492 1589 2546 sed
1614 2501 1671 2551 et
1689 2509 1783 2564 per
1800 2495 2054 2564 optimam

462 2572 653 2638 vitam,
677 2573 721 2628 si
745 2588 848 2629 non
865 2576 916 2630 in
942 2577 1128 2632 eadem
1155 2587 1370 2648 peccata
1388 2581 1706 2650 recidamus,
1729 2586 1820 2640 sed
1840 2586 2052 2657 longum

465 2666 586 2719 vale
611 2665 848 2722 dicentes
873 2667 1153 2724 diabolicis
1181 2671 1534 2740 illusionibus,
1567 2675 1805 2747 diligenti
1833 2681 2053 2748 posthac

465 2757 796 2823 attentione,
828 2759 1106 2830 multoque
1130 2762 1331 2831 studio,
1364 2774 1417 2820 et
1437 2767 1684 2822 continua
1715 2770 2052 2830 confessione

466 2863 756 2918 supernam
785 2850 1213 2909 benevolentiam
1235 2858 1396 2912 nobis
1419 2860 1790 2918 conciliemus.
1846 2863 2054 2921 Sufficit

461 2944 607 2994 enim
638 2940 714 2996 illi
743 2942 812 2996 ob
841 2957 1089 3014 magnam
1118 2959 1270 3001 suam
1314 2949 1762 3020 misericordiam,
1797 2965 1856 3009 ut
1898 2955 2048 3012 desi-

465 3040 668 3086 strmus
693 3048 721 3085 a
746 3036 996 3103 peccatis.
1027 3037 1082 3092 Si
1111 3041 1252 3095 enim
1282 3041 1385 3096 hoc
1413 3046 1779 3114 statuerimus,
1804 3048 1961 3105 facile
1997 3058 2052 3105 et

465 3121 530 3174 ad
565 3122 821 3178 bonorum
862 3141 1086 3196 Operum
1112 3131 1378 3186 actionem
1423 3133 1780 3204 impellemur.
1811 3138 1889 3194 Ne
1908 3141 2048 3210 quis,

461 3215 711 3283 obsecro,
745 3219 965 3286 posthac
986 3220 1038 3275 in
1066 3223 1398 3279 circensibus
1451 3227 1587 3284 ludis
1634 3239 1924 3301 appareat,
1985 3249 2052 3292 ne

461 3306 583 3374 quis
611 3305 661 3360 in
683 3311 1069 3368 conventiculis
1086 3313 1486 3384 intempestivis
1527 3318 1631 3376 diei
1674 3332 1876 3391 partem
1917 3325 2051 3382 dila-

465 3398 644 3466 pidet;
674 3416 739 3454 ne
758 3402 877 3470 quis
898 3403 1135 3459 talorum
1165 3405 1313 3471 ludo,
1347 3416 1400 3464 et
1424 3410 1645 3466 clamori
1671 3415 1761 3484 qui
1790 3415 1912 3471 inde
1942 3418 2050 3471 ori-

458 3497 549 3541 tur
576 3503 639 3543 ac
660 3490 875 3560 reliqum
905 3494 1156 3560 perniciei
1187 3498 1409 3566 posthac
1461 3515 1519 3556 se
1565 3503 1874 3561 admisceat.
1917 3507 2050 3576 Qua:

463 3578 608 3631 enim
642 3580 842 3634 utilitas
866 3583 1077 3651 jejunii,
1107 3587 1216 3652 die,
1239 3589 1464 3644 obsecro
1491 3633 1504 3656 ,
1554 3594 1599 3647 si
1630 3605 1741 3650 toto
1786 3598 1874 3654 die
1916 3600 2049 3656 nihi‘l

463 3669 725 3736 comedis,
755 3671 894 3726 ludis
920 3684 1098 3729 autem
1127 3679 1367 3744 tesseris,
1396 3691 1448 3736 et
1465 3685 1700 3754 nugaris,
1727 3702 1869 3756 smpe
1887 3692 2046 3747 etiam

468 3759 676 3827 peieras
707 3771 760 3816 et
782 3761 1142 3834 blasphemas,
1172 3778 1228 3823 et
1257 3770 1328 3825 ita
1377 3781 1546 3829 totum
1595 3775 1816 3834 insumis
1856 3779 1996 3838 diem
2023 3785 2049 3840 ?

463 3847 562 3916 Ne,
591 3849 842 3921 obsecro,
875 3870 941 3911 ne
973 3856 1041 3910 ita
1074 3860 1403 3930 negligentes
1432 3864 1600 3928 simus
1628 3868 1679 3922 in
1703 3881 1881 3927 nostra
1899 3873 2048 3944 ipso-

461 3957 580 3996 rum
611 3943 812 4010 salute;
842 3949 976 4018 quin
1001 3953 1186 4020 potius
1209 3968 1388 4012 sermo
1425 3967 1610 4015 noster
1660 3963 1730 4016 sit
1777 3966 1845 4020 de
1885 3943 2046 4037 spiri-

461 4035 717 4101 tualibus,
747 4046 802 4092 et
825 4039 1016 4096 librum
1050 4043 1290 4100 divinum
1318 4050 1548 4120 accipiat
1575 4053 1768 4125 aliquis
1798 4057 1851 4112 in
1871 4035 2049 4115 mani-

461 4123 580 4191 bus,
604 4131 1017 4201 convocatisque
1055 4137 1334 4206 proximis,
1363 4156 1456 4210 per
1480 4144 1656 4199 divina
1700 4148 1914 4220 eloquia
1971 4154 2046 4208 ri-

456 4228 545 4284 get
567 4225 787 4272 etsuam
817 4230 870 4276 et
894 4226 1236 4292 praesentium
1269 4241 1503 4287 mentem
1530 4253 1542 4288 :
1568 4246 1622 4290 ut
1650 4237 1728 4292 sic
1755 4239 2046 4299 diabolicas

461 4308 687 4365 insidias
715 4313 954 4385 effugere
981 4319 1274 4389 valeamus,
1305 4340 1527 4396 magnos
1546 4333 1831 4400 percipere
1855 4334 2043 4405 jejunii

456 4399 684 4470 fructus,
703 4415 759 4461 et
785 4406 884 4462 frui
912 4409 1239 4482 benignitate
1262 4415 1376 4483 Dei,
1406 4419 1578 4488 gratia
1601 4432 1655 4477 et
1685 4399 2042 4484 miserationi-

459 4493 555 4550 bus
581 4497 839 4568 unigeniti
867 4501 987 4558 Filii
1009 4504 1146 4574 ejus,
1198 4523 1320 4565 cum
1363 4527 1472 4582 quo
1528 4513 1670 4570 Patri
1721 4529 1775 4574 et
1821 4519 2041 4590 Spiritui

455 4599 641 4642 sancto
660 4591 732 4646 sit
754 4592 943 4662 gloria,
970 4596 1274 4668 imperium,
1295 4601 1483 4671 honor,
1513 4622 1653 4664 nunc
1680 4618 1736 4666 et
1785 4625 2000 4686 semper
2020 4659 2038 4686 ,

454 4686 510 4733 et
539 4679 588 4734 in
621 4684 813 4737 stecula
839 4689 1178 4746 surculorum.
1207 4695 1399 4751 Arnen.

1034 4802 1312 4862 HUMILIA
1341 4810 1449 4866 VII.

455 4881 522 4938 Et
545 4885 678 4941 dixit
698 4887 838 4946 Dens
865 4912 876 4947 :
911 4891 1146 4951 Educant
1171 4916 1316 4968 aqua:
1340 4905 1538 4974 reptilia
1563 4911 1846 4968 animamur
1869 4917 2037 4972 viren-

523 4977 668 5043 tium,
696 4991 743 5032 et
771 4983 996 5038 volatilia
1017 4987 1238 5042 volantia
1261 5008 1412 5061 super
1436 5007 1620 5052 terram
1649 5007 1923 5060 secundum
1950 5011 2041 5077 ﬁr-

522 5081 828 5124 mamentum
855 5075 987 5142 cwlt',
1016 5088 1062 5131 et
1089 5079 1280 5147 factum
1309 5098 1380 5139 est
1406 5088 1515 5159 sic(
1543 5089 1669 5145 Cen.
1719 5096 1768 5148 i.
1799 5097 1913 5170 20).
1951 5075 2037 5155 -Ει

523 5159 641 5228 fecit
665 5158 802 5215 Deus
826 5173 930 5219 cete
953 5182 1156 5239 magna,
1194 5184 1240 5226 et
1269 5190 1463 5230 onmem
1481 5181 1702 5236 animam
1737 5187 2038 5245 animalium

517 5253 798 5320 nptilium,
845 5271 960 5324 qua:
999 5262 1353 5330 produxerunt
1380 5286 1524 5338 aqua:
1551 5278 1821 5332 secundant
1851 5298 2036 5352 genera

522 5344 655 5411 sun(
684 5341 818 5398 Ibid.
849 5347 913 5402 at
950 5349 992 5420 ).
1197 5357 1208 5367 '

441 5563 792 5622 Circensibus.
823 5600 894 5611 —
918 5573 1040 5631 lleri
1066 5593 1160 5633 eos
1187 5583 1275 5650 qui
1303 5583 1368 5638 ad
1398 5563 1660 5657 equestris
1692 5592 1798 5650 ludi
1828 5611 2037 5668 specta-

448 5658 623 5710 rufum
647 5659 909 5728 abierant,
942 5669 1071 5722 satis
1101 5674 1530 5744 perstrinximus,
1559 5681 1920 5746 demonstrata
1954 5710 2034 5751 ets

448 5746 666 5816 jerttua:
721 5771 880 5826 quant
926 5758 1165 5821 fecerunt
1212 5771 1616 5840 magnitudine:
1651 5796 1841 5854 nempe
1893 5746 2032 5860 quod

2182 473 2512 541 spiritualem
2539 481 2846 541 thesaurum
2874 503 2936 542 ex
2949 491 3161 561 jejunio
3191 497 3474 555 collectum
3497 505 3655 562 simul
3684 510 3766 565 ef-

2180 565 2432 634 fuderint,
2461 580 2515 626 et
2538 588 2604 627 ex
2645 589 2835 647 magna
2863 579 3182 640 abundantia
3209 588 3266 642 in
3296 602 3595 652 extremam
3645 600 3767 655 ino-

2179 657 2318 726 piam
2341 660 2516 717 subito
2562 666 2768 736 seipsos
2811 671 3165 738 coniecerim.
3213 683 3345 751 Age,
3377 684 3583 743 leniore
3605 688 3770 749 hodie

2179 756 2390 804 utamur
2407 754 2666 822 remedio,
2695 765 2750 811 et
2769 756 2984 815 illorum
3015 766 3304 833 spiritualia
3338 775 3579 848 vulnera,
3610 788 3761 852 quasi

2176 841 2416 896 membra
2441 856 2619 900 nostra
2651 860 2852 915 essent,
2877 853 3172 925 obligemus
3194 875 3212 912 τ
3245 867 3366 932 quia
3395 879 3448 922 et
3466 869 3580 925 heri
3607 889 3763 943 aspe—

2176 929 2316 984 riora
2345 933 2698 994 medicamina
2732 939 3108 1014 imposuimus,
3133 964 3237 1004 non
3271 964 3325 1006 ttt
3349 969 3562 1026 quoquo
3602 966 3762 1017 modo

2175 1025 2486 1081 mmstitiam
2515 1028 2854 1100 inferremus,
2884 1049 2950 1091 ac
2973 1037 3213 1094 dolorem
3263 1057 3578 1115 augeremus
3599 1095 3614 1117 ,
3669 1062 3762 1111 sed

2173 1121 2233 1166 ut
2258 1114 2593 1172 vehementia
2613 1121 2718 1176 .illa
2750 1125 2899 1179 ulcus
2943 1126 3116 1196 ipsum
3147 1114 3408 1203 attingere
3457 1114 3761 1207 possemus.

2172 1202 2385 1260 Etenim
2411 1209 2623 1275 medici,
2653 1222 2707 1267 et
2750 1226 2927 1285 patres
2970 1219 3049 1274 sic
3093 1223 3269 1278 facere
3317 1241 3709 1290 consueverunt
3745 1257 3758 1291 :

2173 1299 2366 1354 medici
2392 1303 2533 1358 enim
2579 1307 2806 1375 primunt
2852 1326 3132 1382 apponunt
3176 1321 3556 1390 cataplasmata
3597 1334 3764 1400 magis

2171 1386 2428 1458 efficacia,
2474 1404 2534 1449 et
2559 1395 2679 1452 dein
2706 1410 2862 1470 rupto
2884 1405 3064 1460 ulcere
3090 1407 3293 1466 leniora
3319 1414 3602 1473 admovent
3629 1439 3642 1474 :
3665 1438 3766 1491 pa-

2173 1484 2282 1534 tres
2311 1497 2521 1554 quoque
2545 1503 2664 1542 cum
2697 1491 2924 1550 viderint
2949 1495 3088 1554 filios
3108 1514 3235 1556 suos
3253 1503 3620 1577 incompositis
3641 1529 3763 1568 lllO-

2170 1570 2339 1639 ribus,
2376 1576 2523 1644 prius
2563 1582 2796 1649 graviter
2844 1587 3159 1646 verberibus
3201 1570 3513 1667 corripiunt,
3547 1613 3601 1657 et
3637 1606 3758 1661 dein

2171 1662 2461 1722 admonent
2485 1679 2539 1724 et
2560 1670 2858 1732 hortantur.
2883 1677 2997 1734 Hoc
3022 1683 3182 1739 modo
3237 1697 3292 1742 et
3348 1662 3466 1758 nos,
3517 1699 3761 1765 quamvis

2173 1751 2289 1810 heri
2320 1759 2708 1821 vehementiori
2731 1783 2979 1828 sermone
3009 1778 3087 1830 nsi
3107 1777 3380 1850 fuerimus,
3402 1784 3564 1843 hodie
3582 1798 3761 1848 tamen

2169 1844 2419 1905 blandius
2449 1854 2602 1910 vobis
2624 1857 2964 1930 loquemur‘,
3023 1875 3078 1921 et
3117 1870 3256 1926 sicut
3304 1844 3483 1931 nostra
3515 1882 3755 1938 metnbra

2167 1940 2495 1998 curabimus.
2516 1945 2648 2002 Nam
2667 1959 2724 2005 ut
2746 1953 3014 2028 profectus
3027 1970 3206 2016 vester
3225 1965 3483 2034 majorem
3502 1969 3757 2042 loquendi

2167 2029 2414 2089 fiduciam
2432 2038 2592 2093 nobis
2616 2043 2887 2113 conciliat,
2933 2057 2988 2102 et
3014 2052 3306 2121 spiritualis
3337 2070 3520 2116 noster
3536 2062 3756 2119 thesau-

2166 2137 2258 2179 rus
2285 2134 2387 2193 est,
2407 2128 2449 2182 si
2483 2144 2577 2184 vos
2601 2146 2885 2192 cernamus
2911 2139 2963 2193 in
3007 2144 3373 2212 Spiritualibus
3426 2153 3754 2212 incrementa

2165 2227 2379 2283 capere,
2405 2219 2765 2280 etvirtutibus
2816 2242 2939 2284 esse
2994 2237 3334 2304 conspicuus,
3377 2251 3536 2313 atque
3577 2246 3644 2300 ab
3692 2250 3755 2304 iis

2164 2319 2286 2375 quae
2317 2322 2511 2365 nocere
2541 2313 2741 2382 valent,
2771 2317 2922 2374 vobis
2964 2337 3190 2382 cavere:
3222 2330 3300 2385 sic
3343 2335 3556 2402 quando
3604 2339 3754 2395 vide-

2165 2411 2284 2452 mus
2311 2414 2405 2454 vos
2425 2403 2778 2474 supplantari,
2808 2419 2863 2465 et
2887 2411 3166 2474 diabolicis
3197 2421 3530 2482 iilusiouibus
3559 2430 3742 2488 seduci

2164 2495 2219 2539 et
2243 2487 2457 2557 subjici,
2481 2497 2733 2550 maestitia
2759 2498 3062 2572 implemur,
3080 2517 3132 2561 et
3150 2511 3320 2577 pudor
3347 2517 3581 2584 quidam,
3607 2525 3755 2578 utsic

2169 2574 2365 2643 dicam,
2417 2583 2649 2640 animam
2690 2601 2925 2647 neStram
2975 2610 3221 2667 occnpat.
3275 2603 3407 2658 Nam
3459 2613 3752 2669 sccumlum

2162 2668 2378 2726 beatum
2400 2673 2644 2742 Paulum,
2673 2679 2816 2736 Tunc
2846 2701 2936 2740 nos
2964 2688 3194 2759 vivimus,
3221 2694 3266 2747 si
3283 2711 3369 2752 vos
3391 2702 3535 2755 statis
3559 2703 3611 2757 in
3646 2705 3752 2761 Do-

2163 2761 2301 2814 mino
2327 2761 2418 2833 (1.
2449 2764 2625 2821 Thess.
2659 2770 2712 2826 5.
2737 2771 2825 2845 8).

2236 2851 2399 2922 igitur
2425 2864 2480 2909 ut
2507 2857 2746 2927 perfecti,
2771 2874 2828 2918 et
2858 2868 3046 2936 repleti
3072 2870 3346 2930 intellectu
3371 2919 3387 2945 ,
3438 2881 3516 2936 sic
3559 2898 3746 2942 eorum

2162 2954 2281 3009 qua:
2307 2952 2449 2999 retro
2475 2957 2600 3002 sunt
2628 2950 3040 3026 obliviscamini,
3079 2971 3134 3018 ut
3159 2965 3224 3020 ad
3251 2982 3313 3021 ea
3341 2984 3460 3039 qua:
3489 2984 3614 3030 ante
3655 2993 3752 3033 vos

2162 3039 2287 3084 sunt
2311 3034 2583 3092 enitaniiui
2609 3058 2622 3094 :
2660 3050 2715 3096 et
2740 3041 2941 3102 ftedera
2966 3065 3084 3119 quae
3109 3067 3228 3110 cum
3253 3034 3465 3116 Christo
3509 3065 3701 3124 iniistis
3733 3114 3749 3136 ,

2163 3134 2438 3192 renovata,
2461 3129 2675 3186 stabilia
2700 3145 2755 3189 et
2786 3137 3036 3196 inviolata
3067 3145 3289 3213 posthac
3336 3156 3603 3214 custodite
3637 3177 3652 3214 :
3682 3177 3746 3217 ac

2163 3215 2455 3280 prudenter
2471 3219 2767 3280 intercluso
2781 3227 3060 3288 diabolicis
3077 3239 3560 3304 machinationibus
3577 3251 3721 3307 aditu
3733 3297 3747 3318 ,

2160 3304 2521 3377 subsequente
2541 3315 2716 3370 studio
2748 3317 3059 3392 inscriptam
3090 3328 3242 3385 vobis
3297 3332 3516 3392 desidia:
3563 3304 3747 3400 macu:

2161 3393 2268 3449 lam
2298 3396 2608 3472 abstergite,
2638 3405 2846 3464 devicta
2862 3411 3232 3485 intempestiva
3264 3423 3350 3478 illa
3371 3436 3425 3480 et
3447 3432 3745 3497 perniciosa

2160 3494 2550 3551 consuetudine
2579 3514 2593 3548 :
2621 3507 2676 3552 et
2701 3503 2951 3571 cogitate,
2981 3522 3085 3562 non
3110 3509 3214 3566 hoc
3229 3514 3400 3570 solum
3422 3494 3584 3588 grave
3601 3539 3744 3594 esse,

2159 3580 2300 3648 quod
2325 3585 2412 3651 qui
2441 3585 2532 3640 illo
2551 3589 2827 3646 confluunt
2859 3634 2874 3658 ,
2915 3611 3165 3667 magnum
3189 3604 3289 3658 sibi
3321 3580 3572 3667 damnum
3598 3580 3742 3671 asci:

2165 3681 2338 3738 scant,
2357 3675 2452 3729 sed
2473 3685 2527 3732 et
2544 3680 2686 3749 quod
2705 3683 2886 3738 multis
2906 3687 3024 3742 aliis
3044 3689 3364 3752 nli’eitdiculo
3384 3700 3511 3756 sint.
3531 3704 3738 3780 Quippe

2158 3763 2386 3831 gentiles
2411 3775 2467 3822 et
2486 3767 2658 3824 Judaei
2681 3771 2922 3831 videntes
2939 3793 3041 3834 eos
3062 3783 3150 3851 qui
3172 3787 3410 3854 quotidie
3434 3791 3491 3847 in
3511 3763 3738 3856 ecclesia

2159 3865 2462 3926 versantur,
2493 3871 2549 3916 et
2588 3861 2854 3936 frequenti
2899 3869 3143 3930 doctrina
3199 3876 3530 3954 imbuuntur,
3581 3891 3740 3948 simul

2158 3948 2230 4003 ibi
2259 3965 2590 4024 comparere,
2621 3969 2676 4013 et
2702 3960 2802 4016 sibi
2823 3965 3191 4038 commisceri,
3217 3979 3486 4044 quomodo
3524 4001 3610 4042 res
3641 4005 3740 4045 no-

2157 4051 2295 4098 stras
2311 4059 2409 4115 pro
2431 4046 2833 4120 deceptionibus
2858 4073 2964 4112 non
2994 4059 3283 4134 habebunt,
3298 4079 3357 4126 et
3384 4088 3490 4130 non
3513 4078 3652 4134 idem
3675 4083 3741 4138 de
3827 4087 3829 4090 ⁴

2158 4135 2403 4190 omnibus
2433 4140 2587 4194 nobis
2611 4145 3061 4214 suspicabantur?
3089 4156 3279 4213 Annon
3317 4163 3470 4220 audis
3525 4135 3737 4229 beatum

2157 4223 2376 4282 Paulum
2417 4230 2814 4306 admonentem,
2859 4251 2914 4296 et
2959 4247 3325 4307 consulentem
3375 4258 3517 4315 clara
3568 4279 3736 4321 voce:

2155 4319 2666 4390 Absqueo/I'ettdiculo
2689 4334 2879 4406 estote(
2901 4336 2952 4391 1.
2977 4338 3096 4393 Cor.
3118 4341 3204 4398 10.
3225 4346 3299 4400 32
3324 4345 3386 4421 )?
3414 4350 3636 4422 Deinde,
3670 4319 3737 4415 ne

2155 4419 2309 4478 putes
2355 4412 2424 4468 de
2466 4419 2664 4474 nostris
2695 4431 2898 4480 tantum
2919 4427 3230 4502 admonere,
3253 4412 3426 4509 deque
3457 4443 3521 4499 iis
3546 4412 3635 4517 qui
3685 4449 3736 4504 in

2153 4499 2341 4556 eodem
2373 4504 2563 4563 ordine
2583 4511 2739 4578 positi
2775 4527 2919 4583 sunt,
2972 4499 3250 4581 subdidit:
3395 4499 3633 4604 Iudicis,

2152 4592 2416 4661 gentibus;
2444 4607 2498 4652 et
2528 4601 2739 4657 tandem
2765 4607 2993 4676 adjecit:
3025 4611 3093 4666 Et
3139 4615 3380 4674 Ere/exitu
3427 4623 3538 4679 Dei.
3595 4592 3738 4687 nihil

2153 4683 2296 4737 enim
2323 4684 2393 4740 ita
2415 4689 2574 4746 obest
2600 4703 2656 4746 et
2685 4707 2840 4751 nocet
2868 4701 3106 4770 religioni
3138 4718 3357 4775 nostrae,
3417 4726 3472 4768 ut
3510 4718 3740 4776 offendi-

2152 4776 2258 4831 culi
2279 4792 2465 4836 ansam
2493 4785 2734 4852 praebere
2753 4789 3076 4847 infidelibus.
3125 4795 3256 4852 Nam
3295 4806 3510 4870 quando
3558 4813 3738 4868 vident

2152 4867 2359 4937 aliquos
2395 4886 2432 4926 e
2461 4875 2660 4929 nostris
2678 4877 2870 4932 virtute
2890 4885 3226 4954 conspicuos,
3257 4890 3415 4962 hujus
3438 4901 3557 4954 vitta
3584 4919 3737 4974 uego-

2153 4957 2222 5010 tia
2244 4967 2299 5013 et
2323 4975 2523 5017 curase
2544 4966 2755 5022 sublimi
2782 4982 3130 5032 contemnere
3155 5022 3171 5048 ,
3216 4997 3282 5038 ex
3337 4986 3402 5042 iis
3444 4990 3534 5045 alii
3585 5000 3733 5060 quasi

2154 5050 2528 5124 pratfocautnr,
2576 5059 2664 5114 alii
2687 5063 3020 5126 admirantur
3048 5082 3102 5127 et.
3140 5075 3550 5151 obstupescunt,
3595 5050 3736 5157 quod

2152 5157 2272 5198 cum
2311 5145 2552 5215 ejusdem
2578 5162 2738 5225 atque
2773 5158 2849 5215 illi
2879 5174 3083 5221 natura:
3130 5169 3256 5236 sint,
3289 5145 3394 5229 non
3424 5145 3624 5234 eadem.
3653 5197 3733 5235 ta-

2151 5248 2273 5290 men
2305 5238 2402 5307 ipsi
2419 5243 2817 5313 aggrediantur.
2842 5251 3040 5310 Verum
3072 5261 3285 5328 quando
3312 5266 3393 5318 vel
3423 5269 3725 5339 aliquantu-

2151 5325 2260 5382 lum
2284 5329 2504 5389 desidite
2542 5347 2596 5393 et
2645 5343 2979 5414 negligentia:
3007 5325 3220 5419 vident,
3277 5361 3455 5414 statim
3504 5325 3734 5435 linguam

2149 5433 2417 5480 exacuunt
2440 5429 2598 5485 simul
2623 5446 2810 5490 contra
2842 5453 2940 5492 nos
2963 5455 3171 5511 omnes,
3226 5458 3280 5502 et
3308 5465 3371 5505 ex
3433 5456 3588 5511 unius
3638 5460 3734 5514 de-

2152 5513 2280 5569 licto
2311 5526 2476 5573 totam
2501 5521 2929 5585 Christianorum
2959 5545 3172 5602 gentem
3216 5544 3502 5602 atstimant.
3549 5550 3732 5625 Neque

2154 5600 2234 5625 Lt-
2268 5621 2347 5625 __-
2376 5608 2393 5625 ι
2419 5624 2422 5625 ν
2542 5613 2553 5624 ⁸
2595 5624 2598 5625 ν
2693 5624 2697 5625 ν
2827 5617 2841 5625 ⁸
2984 5623 2990 5625 ’

2154 5600 2237 5658 hic
2264 5608 2487 5676 gradum
2510 5613 2724 5684 sistunt,
2747 5617 2842 5674 sed
2869 5600 3050 5679 statim
3082 5627 3342 5688 adversus
3369 5652 3530 5709 caput
3574 5600 3728 5701 suum

2212 5745 2227 5776 ι
2266 5751 2382 5808 Reg.
2408 5759 2536 5796 unus
2560 5757 2623 5822 et_
2642 5755 2856 5822 factum,

2642 5760 2856 5846 32:311in
2881 5760 3152 5834 lavamur,
3173 5787 3279 5837 μὀ,
3319 5777 3607 5846 laqueum;
3643 5799 3727 5837 cu-

2148 5820 2322 5870 remus,
2350 5824 2457 5874 pro,
2479 5810 2771 5868 amabimus.
