4104 6196
325 316 351 325 ”
370 338 444 393 es
1116 334 1173 389 s.
1201 333 1479 391 JOANNIS
1504 332 1949 391 cunvsos'ron

2060 336 2327 395 ΙΗΣΠΙΕΡ.
2356 340 2884 404 CONSTANTIR'OP.
3196 396 3212 403 ..
3584 352 3652 411 6,0

376 446 674 517 loquentes,
700 445 771 501 oh
792 460 1066 500 servorum
1100 444 1359 503 desidiam
1400 447 1564 503 etiam
1610 460 1952 502 communem

377 539 657 592 Dominum
682 537 1052 606 blasphemarc
1080 538 1300 604 audent,
1351 547 1406 593 et
1433 546 1621 609 putant
1665 539 1956 594 velamenta

373 644 614 685 errorum
638 644 855 684 suorum
881 645 1002 686 esse
1023 631 1250 686 aliorum
1277 632 1544 687 inertiam.

448 722 506 778 2.
537 721 689 790 Quod
712 731 891 778 autem
923 723 1026 779 hoc
1047 726 1277 781 maxime
1305 725 1660 795 periculosum
1686 724 1759 780 sit
1781 724 1851 780 iis
1867 724 1955 794 qui
1989 727 2010 739 ‘

376 812 721 882 lilaSphemite
741 814 1079 870 occasionem
1106 816 1361 885 praebent,
1391 816 1668 870 audiamus
1724 816 1958 885 prophe-

373 916 476 960 tum
519 905 860 971 clamantem,
920 915 974 962 et
1014 921 1085 961 ex
1135 921 1361 976 persona
1394 906 1487 963 Dei
1516 906 1827 964 dicentem:
1873 905 1958 960 Va:

376 999 530 1064 rubis,
551 999 670 1069 quia
700 1007 905 1068 propter
929 1013 1016 1052 vos
1044 1013 1225 1053 nomen
1269 1013 1435 1053 meum
1479 997 1855 1068 blasphematur
1903 997 1955 1050 in

372 1090 602 1160 gentibus
627 1088 763 1160 (lsai
781 1128 796 1142 .
818 1088 909 1144 52.
937 1088 971 1145 5
997 1086 1040 1156 ).
1068 1087 1331 1143 Terribile
1357 1087 1459 1144 hoc
1485 1090 1706 1144 verbum
1732 1099 1814 1143 est
1836 1129 1852 1152 ,
1902 1096 1957 1142 et

374 1179 602 1234 horrore
633 1180 870 1248 plenum.
909 1176 998 1232 Vt:
1025 1178 1166 1233 enim
1191 1177 1319 1232 illud
1344 1186 1429 1233 est.
1455 1179 1603 1248 quasi
1628 1178 1956 1247 deplorantis

376 1272 604 1342 eos,qni
632 1271 950 1341 supplicium
1000 1269 1132 1324 illud
1177 1269 1486 1324 inevitabile
1523 1268 1752 1324 subituri
1808 1278 1953 1323 sunt.

374 1365 542 1420 Porro
564 1364 703 1419 sicut
723 1378 818 1420 eos
843 1363 935 1433 qui
978 1378 1075 1434 per
1115 1378 1270 1419 suam
1315 1362 1693 1433 negligentiam
1738 1377 1953 1417 causam

371 1456 476 1510 illis
508 1455 746 1526 prtebent
773 1453 1177 1525 blasphemaudi
1224 1453 1414 1524 ingens
1457 1468 1614 1523 ptena
1665 1460 1847 1508 manet
1892 1466 1955 1506 ate

373 1546 789 1602 condemnatio:
821 1544 894 1600 ita
921 1544 1189 1601 ediverso
1221 1548 1477 1598 virtutum
1516 1542 1767 1598 studiosis
1806 1542 1955 1597 mille

379 1654 699 1694 coronarum
715 1638 934 1695 materia
955 1646 1193 1709 paratur.
1219 1635 1364 1699 Istud
1383 1635 1555 1705 ipsum
1578 1634 1778 1692 docens
1794 1633 1954 1689 Chri-

369 1740 506 1796 stus,
537 1729 786 1785 dicebat:
820 1728 1006 1784 Luceat
1026 1729 1117 1783 tua:
1135 1735 1297 1783 vestra
1335 1743 1513 1782 coram
1560 1726 1864 1791 hominibus,
1898 1735 1951 1779 ut

370 1820 571 1875 uideant
599 1837 754 1890 opera
784 1829 945 1874 ucstra
970 1818 1116 1882 bona,
1141 1825 1186 1873 et
1214 1818 1500 1889 gloriﬁcent
1525 1816 1955 1874 Patremuestrum

368 1912 455 1983 qui
506 1913 557 1966 in
588 1912 723 1988 curtis
749 1920 820 1967 est
851 1909 1063 1980 (Matth.
1093 1910 1146 1966 5.
1179 1909 1253 1967 16
1274 1910 1317 1981 ).
1343 1908 1476 1964 Nam
1506 1908 1951 1978 quemadmodum

370 2003 448 2057 illi
469 2003 766 2072 aliquorum
799 2002 986 2056 inertia
1014 2000 1225 2067 oli‘ensi,
1256 2000 1489 2070 linguam
1520 2009 1720 2054 acuunt
1763 2011 1951 2056 contra

370 2093 651 2148 Dominum
676 2101 916 2147 nostrum
943 2107 958 2145 :
988 2092 1088 2158 sic,
1118 2091 1313 2162 inquit,
1335 2092 1381 2147 si
1407 2093 1663 2147 virtutem
1699 2106 1954 2150 exercue-

365 2183 503 2251 ritis,
533 2184 623 2255 qui
658 2183 888 2238 viderint
913 2197 1008 2238 vos
1032 2182 1294 2248 homines,
1326 2198 1434 2241 non
1466 2198 1561 2242 vos
1584 2189 1799 2245 tantum
1834 2185 1952 2240 lau-

370 2274 594 2341 dabunt,
623 2273 716 2329 sed
744 2287 865 2329 cum
908 2278 1291 2347 conspexerint
1308 2292 1470 2346 opera
1495 2284 1670 2331 vestra
1702 2277 1949 2341 lucentia,

365 2374 421 2422 et
449 2365 615 2422 facies
642 2374 846 2424 vestras
876 2365 1229 2434 illustrantia,
1282 2367 1357 2423 ad
1397 2369 1571 2439 gloria
1613 2367 1951 2424 afﬁciendum

367 2456 583 2515 Patrem
606 2469 842 2515 vestrum
875 2459 963 2529 qui
988 2458 1041 2514 in
1063 2458 1209 2514 cadis
1228 2470 1330 2524 est.
1360 2468 1746 2529 prorumpent;
1795 2473 1948 2514 cum-

366 2566 469 2621 que
502 2550 603 2606 hoc
628 2551 696 2605 ab
725 2550 828 2606 illis
858 2549 968 2613 lict,
993 2565 1206 2606 rursum
1229 2558 1412 2605 nostra
1434 2548 1652 2619 prtemia
1677 2549 1944 2620 augebun-

368 2654 473 2707 tur,
496 2651 551 2698 et
578 2642 741 2697 multa
772 2641 929 2699 nobis
948 2641 1087 2697 bona
1108 2640 1371 2697 concedet
1400 2640 1540 2697 Deus
1562 2682 1583 2709 ,
1620 2654 1695 2699 eo
1713 2640 1855 2711 quod
1882 2640 1950 2695 ab

368 2733 476 2787 illis
503 2732 767 2788 laudetur.
819 2730 921 2786 Eos
948 2732 1092 2786 enim
1131 2731 1218 2799 qui
1245 2747 1323 2786 me
1345 2731 1658 2802 gloriﬁcant,
1687 2732 1785 2798 ait,
1834 2732 1950 2803 glo-

363 2825 572 2896 riﬁcabo
599 2824 617 2897 (
641 2826 691 2880 l.
720 2825 848 2897 Reg.
877 2825 932 2879 2.
963 2823 1031 2880 50
1060 2820 1102 2897 ).
1144 2821 1285 2879 Nihil
1316 2822 1475 2894 igitur
1529 2838 1639 2879 non
1682 2837 1903 2894 agamus
1928 2862 1947 2892 ,

363 2919 566 2988 dilecti,
599 2926 660 2975 ut
685 2918 1018 2992 gloriﬁcetur
1043 2916 1303 2975 Dominus
1328 2925 1531 2983 noster,
1555 2928 1610 2973 et
1633 2918 1948 2973 nullisimus

363 3010 664 3066 olfendiculi
697 3010 929 3066 occasio.
961 3010 1014 3065 ld
1040 3010 1187 3081 quod.
1211 3020 1470 3082 perpetuo
1517 3025 1614 3065 nos
1650 3010 1812 3065 docet
1838 3025 1950 3064 ma-

369 3103 539 3172 gister
563 3101 709 3156 orbis
732 3100 925 3155 beatus
944 3099 1161 3167 Paulus,
1184 3100 1313 3156 dum
1340 3101 1418 3155 sic
1441 3101 1517 3154 ait
1544 3118 1557 3155 :
1591 3098 1652 3155 Si
1680 3100 1822 3154 deus
1869 3103 1947 3171 of-

367 3192 527 3257 fendit
556 3196 765 3262 fratrem
806 3207 990 3257 meum,
1041 3206 1317 3263 umquam
1360 3192 1414 3246 in
1457 3200 1706 3246 atomum
1746 3206 1948 3244 carnem

358 3283 622 3337 comedam
652 3281 726 3352 (Ι.
756 3279 874 3336 Cor.
899 3281 956 3337 8.
989 3282 1059 3339 i5
1088 3282 1129 3353 )τ
1157 3282 1227 3338 Et
1255 3282 1447 3339 iterum
1488 3283 1545 3337 in
1569 3283 1673 3338 alio
1696 3281 1814 3336 loco
1862 3281 1947 3336 in-

359 3373 511 3443 quit:
543 3371 633 3427 Sic
680 3383 844 3427 autent
892 3383 1157 3442 peccantes
1183 3374 1239 3427 in
1268 3377 1473 3445 fratres,
1524 3382 1572 3429 et
1616 3373 1946 3442 p'ersutientrs

358 3467 618 3536 inﬁrmam
638 3483 808 3521 eorum
830 3468 1205 3536 conscientiam,
1234 3469 1288 3524 in
1306 3467 1564 3524 Christum
1586 3469 1839 3539 peccatis(
1861 3467 1942 3524 Ib.

356 3575 406 3613 υ.
435 3559 501 3615 12
528 3558 570 3631 ).
591 3559 747 3616 Mina:
772 3560 877 3616 illa:
897 3559 1243 3617 vehementes
1266 3568 1410 3627 sunt,
1431 3568 1489 3616 et
1503 3568 1749 3631 magnam
1764 3574 1945 3617 secum

354 3651 862 3707 condemnationem
885 3651 1135 3709 alierum.
1183 3651 1261 3709 Ne
1286 3652 1551 3722 opineris,
1611 3652 1819 3723 inquit,
1852 3653 1947 3707 da-

361 3758 543 3797 mnum
578 3742 679 3798 hoc
705 3743 772 3798 ad
800 3743 952 3797 illum
1002 3744 1092 3813 qui
1118 3742 1405 3801 oﬂcnditnr
1434 3744 1610 3800 solum
1638 3745 1943 3814 pertinere;

357 3833 548 3887 transit
572 3833 732 3887 etiam
761 3831 828 3887 ad
883 3830 1159 3889 Christum
1184 3831 1379 3901 ipsum,
1410 3833 1509 3902 qui
1531 3841 1749 3902 propter
1797 3834 1945 3887 illum

356 3922 644 3978 cruciﬁxus
662 3930 765 3976 est.
800 3919 966 3991 Igitur
990 3921 1034 3977 si
1061 3920 1318 3976 Dominus
1353 3930 1479 3976 tuus
1528 3930 1749 3992 propter
1794 3921 1946 3977 illum

362 4012 601 4082 crucifigi
632 4028 739 4067 non
770 4012 1076 4081 recusavit;
1103 4028 1211 4069 non
1239 4022 1294 4068 tu
1320 4014 1500 4070 omnia
1527 4012 1671 4069 feres
1696 4027 1766 4069 ne
1787 4027 1946 4084 quam

362 4103 600 4158 sc.;-ttd:tli
631 4103 974 4161 occasionem
1002 4104 1077 4160 illi
1109 4103 1393 4175 praibeas?
1425 4105 1537 4162 Iloc
1563 4104 1763 4175 ubique
1800 4104 1952 4160 inve-

360 4195 476 4249 nies
494 4194 639 4249 illum
656 4193 931 4266 discipulis
946 4195 1227 4252 consilium
1245 4195 1373 4251 dare
1394 4216 1409 4252 :
1430 4195 1532 4253 hoc
1544 4196 1688 4252 enim
1707 4202 1792 4252 est
1804 4194 1946 4267 quod

359 4287 521 4341 vitam
543 4297 781 4342 nostram
798 4298 1101 4345 conservat.
1131 4289 1423 4359 Propterea
1445 4297 1501 4345 et
1529 4288 1663 4347 alibi
1704 4288 1947 4345 scribens

359 4377 591 4443 dicebat,
618 4375 700 4431 Ne
726 4394 841 4448 qua:
880 4388 1044 4433 uestra
1078 4388 1195 4434 sunt
1236 4380 1551 4435 considerate
1598 4380 1817 4452 singuli,
1858 4379 1947 4434 sed

358 4485 473 4540 qua:
491 4470 708 4525 aliorum
738 4469 972 4543 (Philip.
999 4471 1056 4527 2.
1080 4473 1111 4530 ι
1142 4470 1188 4547 );
1206 4482 1262 4530 et
1290 4473 1482 4530 iterum
1508 4474 1616 4530 alio
1632 4474 1750 4530 loco
1775 4492 1789 4528 :
1823 4472 1950 4529 0m-

360 4558 447 4614 nia
475 4559 598 4613 mihi
623 4560 791 4628 licent,
824 4561 913 4615 sed
927 4578 1028 4617 non
1054 4564 1226 4618 omnia
1244 4564 1502 4633 ludiﬁcant
1544 4564 1563 4636 (
1587 4564 1636 4618 Ι.
1686 4564 1807 4620 Cor.
1856 4564 1944 4620 10.

356 4651 428 4708 23
456 4652 497 4723 ).
526 4652 687 4710 Vides
707 4654 1057 4724 apostolicam
1072 4656 1426 4728 sapientiam?
1478 4656 1704 4713 Etiamsi
1748 4656 1944 4720 liceat,

358 4746 551 4818 inquit,
579 4745 706 4801 mihi
731 4746 935 4818 aliquid
958 4745 1158 4812 facere,
1184 4747 1424 4820 nihilque
1448 4747 1575 4804 hinc
1612 4748 1745 4804 mihi
1766 4748 1947 4803 damni

356 4837 621 4894 accedat:
653 4836 752 4894 sed
781 4839 905 4909 quia
939 4839 1041 4893 hoc
1069 4854 1176 4895 non
1203 4838 1361 4909 juvat
1385 4839 1455 4895 ad
1498 4839 1727 4910 proximi
1783 4840 1949 4893 a-difi-

358 4928 647 4992 cntionem,
678 4943 1021 4997 nequaquam
1050 4929 1154 4984 hoc
1174 4928 1355 4985 facere
1380 4930 1753 4985 sustinuerim.
1782 4929 1948 4985 Vides

356 5021 588 5076 animam
617 5034 716 5074 nos
737 5027 1028 5086 amantem,
1051 5022 1321 5091 quomodo
1338 5037 1599 5094 nusquam
1622 5021 1764 5093 quod
1789 5038 1944 5077 suum

356 5121 440 5166 est
468 5111 678 5182 quaerit,
709 5107 806 5165 sed
847 5111 1095 5167 omnibus
1139 5114 1314 5171 modis
1364 5114 1598 5169 ostendit
1624 5155 1641 5181 ,
1690 5115 1946 5171 virtutem

358 5203 518 5271 longe
568 5201 854 5255 maximam
895 5201 1038 5257 illam
1070 5218 1211 5269 esse,
1243 5219 1489 5276 magnam
1522 5220 1707 5263 curam
1750 5220 1944 5278 gerere

359 5303 418 5350 ut
446 5293 722 5364 proximus
741 5294 1073 5350 :cditieetur?
1102 5296 1249 5363 llaec,
1277 5296 1526 5364 obsecro,
1558 5297 1742 5353 omnia
1768 5297 1947 5354 scien—

361 5397 440 5441 tcs
467 5388 835 5453 observemus,
856 5402 1245 5460 caveamusque
1270 5389 1340 5444 ab
1383 5389 1451 5445 iis
1472 5404 1591 5459 qua:
1617 5388 1946 5459 spiritualem

360 5478 614 5531 virtutum
637 5486 939 5531 nostrarum
965 5477 1273 5532 thesaurum
1303 5478 1651 5548 pessumdare
1679 5485 1904 5547 possunt
1927 5492 1943 5530 :

359 5577 414 5625 et
439 5567 568 5623 nihil
593 5583 846 5639 umquam
892 5567 1171 5631 faciamus.
1221 5584 1329 5640 quo
1368 5570 1623 5624 damnum
1674 5567 1947 5638 quodlibet

359 5660 603 5732 proximo
631 5660 909 5718 inderetur.
944 5661 1058 5718 lloc
1084 5662 1229 5717 enim
1255 5670 1312 5717 et
1356 5670 1632 5732 peccatum
1661 5667 1839 5729 auget,
1891 5667 1947 5715 et

294 5758 301 5763 ’
360 5754 574 5825 mritis
599 5750 754 5811 nobis
772 5752 983 5811 adducit
1007 5753 1347 5825 supplicium.
1375 5750 1559 5827 Neque
1575 5751 1656 5810 vel
1670 5756 1946 5825 vulgarem

2068 449 2299 519 aliquem
2330 464 2754 519 contemnamus.
2806 460 2992 532 frigida
3039 463 3155 518 huic
3182 462 3347 518 verba
3375 462 3649 522 dicentes:

2074 538 2210 605 Quid
2243 557 2360 596 mea
2391 545 2573 613 refert,
2602 550 2645 602 si
2667 550 2966 606 ollendatur
2993 552 3083 608 ille
3111 553 3273 608 talis?
3302 553 3440 624 Quid
3464 554 3600 612 dicis
3632 598 3648 622 ,

2061 646 2244 701 ῳιωεο
2262 635 2340 690 te?
2352 636 2486 703 Quid
2505 649 2592 694 tua
2606 640 2794 697 referti
2808 641 2896 699 Sic
2913 652 3053 699 utam
3067 643 3266 715 fama
3278 647 3442 703 vitam
3458 663 3651 718 praece-

2062 723 2138 791 pit
2155 724 2417 790 Christus,
2436 737 2496 782 nt
2508 744 2615 784 non
2633 732 2806 787 solum
2815 733 3125 790 videntibus
3135 743 3191 791 te
3201 735 3276 791 sis
3290 736 3649 807 admirationi,

2061 813 2159 868 sed
2186 826 2241 868 ut
2264 816 2521 875 Dominus
2548 829 2669 877 tuus
2709 822 3038 893 gloriﬁcatur
3058 825 3077 896 (
3095 826 3281 881 Matth.
3317 827 3372 885 5.
3403 830 3470 886 16
3500 832 3518 903 >
3542 849 3556 886 :
3592 842 3647 887 tu

2061 919 2190 959 vero
2218 909 2439 963 omnino
2457 913 2782 968 contrarium
2811 915 2945 985 agis,
2978 923 3038 971 et-
3077 928 3177 986 pro
3198 917 3366 988 gloria
3389 919 3483 975 Dei
3498 920 3646 975 blas-

2072 992 2318 1062 pltcmias
2338 995 2607 1054 introduci
2631 1015 2814 1064 curas,
2840 1013 2897 1059 et
2923 1006 3025 1062 hoc
3047 1007 3380 1063 contemnis?
3405 1008 3640 1066 Haecine

2064 1082 2226 1140 fuerit
2251 1088 2447 1143 anima:
2462 1090 2584 1160 piae,
2608 1091 2856 1164 legesque
2881 1094 3089 1152 divinas
3113 1106 3260 1153 recte
3284 1099 3541 1155 scientia?

2132 1176 2188 1232 5.
2215 1175 2479 1234 Caeterum
2519 1181 2569 1236 si
2600 1183 2721 1252 quis
2747 1185 2895 1253 prius
2921 1184 3041 1242 haec
3084 1202 3151 1242 ex
3189 1189 3328 1243 main
3356 1198 3646 1244 consuetu-

2064 1264 2192 1322 dine
2215 1267 2399 1325 dicere
2420 1270 2609 1327 solitus
2635 1271 2815 1338 fuerit,
2841 1284 3086 1344 suscepta
3115 1292 3255 1333 nunc
3281 1278 3646 1334 admonitione

2061 1367 2263 1421 nostra,
2288 1358 2530 1428 desistat,
2550 1377 2668 1428 oro,
2691 1363 2758 1419 ab
2772 1364 2971 1420 illicitis
2990 1366 3358 1437 hujuscemodi
3380 1374 3641 1426 sermoni-

2059 1446 2179 1512 bus,
2205 1458 2260 1503 et
2296 1449 2375 1505 sic
2398 1452 2577 1507 omnia
2614 1452 2799 1510 facere
2824 1456 3068 1519 studeat,
3096 1465 3152 1513 ut
3182 1472 3357 1528 neque
3377 1462 3446 1516 at)
3486 1463 3642 1515 oculo

2059 1538 2150 1593 illo
2193 1540 2283 1609 qui
2323 1556 2608 1613 numquam
2634 1544 2839 1613 sopitur
2873 1545 2963 1601 vel
2991 1548 3218 1613 ementit,
3250 1565 3423 1620 neque
3457 1566 3488 1606 a
3513 1567 3645 1606 enit-

2058 1628 2278 1711 scientia
2304 1645 2399 1687 sua
2425 1633 2825 1703 condemnetur,
2854 1652 3029 1708 neque
3054 1652 3149 1694 eos
3166 1676 3185 1705 ,
3223 1641 3316 1711 qui
3342 1655 3403 1698 se
3429 1644 3641 1710 vident,

2058 1718 2111 1774 in
2143 1719 2497 1791 blasphemias
2528 1722 2787 1782 adversus
2811 1726 3105 1783 Dominum
3136 1728 3373 1787 inducat.
3413 1732 3563 1803 Quod
3594 1740 3642 1792 si

2059 1817 2200 1864 tanta
2225 1811 2461 1868 adhibita
2497 1814 2743 1872 cautione
2779 1816 3153 1889 dispensemus
3193 1839 3257 1880 ea
3297 1838 3417 1895 quae
3462 1840 3642 1884 nostra

2056 1913 2204 1967 sunt,
2232 1905 2399 1961 multa
2422 1905 2664 1967 fruentur
2692 1909 2901 1968 Domini
2924 1915 3221 1981 elanentia,
3252 1926 3308 1972 et
3331 1917 3525 1973 diaboli
3556 1921 3641 1972 iu-

2056 1994 2219 2054 sidias
2245 1997 2581 2071 effugiemus.
2621 2000 2756 2058 Cum
2782 2003 2977 2059 viderit
3017 2007 3161 2059 enim
3198 2018 3303 2062 nos
3334 2008 3405 2061 ita
3435 2008 3642 2064 sobrios

2056 2096 2118 2144 et
2137 2090 2345 2161 vigiles,
2370 2101 2424 2149 et
2449 2093 2762 2163 cogitaverit
2788 2108 2849 2153 se
2875 2109 3091 2166 operam
3119 2094 3366 2165 perdere,
3393 2097 3643 2154 abscedet

2056 2189 2113 2235 et
2139 2180 2513 2237 occultabitur.
2543 2182 2659 2239 Sed
2681 2193 2769 2239 sat
2792 2183 2953 2239 fuerit
2973 2186 3396 2254 praemiorum:
3427 2201 3524 2257 age
3544 2203 3638 2242 ca-

2056 2272 2200 2327 ritati
2223 2282 2413 2328 vestra:
2437 2275 2722 2345 propositis
2764 2275 2830 2329 iis
2852 2290 2972 2344 qna:
3008 2275 3144 2331 lecta
3172 2284 3332 2343 sunt,
3370 2277 3643 2348 spiritunls

2054 2364 2356 2420 convivium
2382 2379 2733 2436 apparentes:
2761 2376 2816 2423 et
2844 2366 3001 2447 hodie
3028 2367 3331 2437 videamus,
3356 2370 3483 2440 quid
3512 2371 3637 2426 bea-

2057 2465 2141 2510 tus
2183 2454 2392 2521 Moses,
2436 2457 2545 2512 imo
2577 2455 2809 2525 Spiritus
2849 2466 3067 2516 sanctus
3113 2475 3209 2528 per
3247 2458 3363 2528 eius
3406 2459 3640 2530 linguam

2054 2543 2248 2601 docere
2272 2559 2372 2600 nos
2403 2544 2551 2602 velit.
2581 2546 2717 2614 Quid
2746 2546 2924 2618 itaque
2947 2547 3061 2603 ait?
3093 2548 3184 2604 20.
3220 2548 3297 2603 Et
3314 2549 3441 2605 dixit
3465 2548 3603 2605 Deus
3621 2566 3643 2608 :

2053 2634 2291 2691 Educant
2317 2650 2462 2706 aqua
2487 2636 2688 2708 reptilia
2712 2637 2996 2693 animarum
3015 2638 3312 2704 uiuentium,
3343 2648 3391 2693 et
3417 2640 3642 2693 volatilia

2053 2727 2277 2782 colamur
2284 2742 2435 2795 super
2445 2734 2632 2781 terram
2644 2728 2919 2784 secundum
2930 2729 3297 2796 ﬁrmamentum
3309 2729 3440 2785 cali.
3458 2728 3520 2783 Et
3540 2731 3641 2798 {ae-

2054 2829 2160 2874 tum
2176 2821 2355 2874 estita.
2373 2817 2506 2874 Vide
2522 2819 2905 2892 benignitatem
2926 2820 3152 2886 Domini,
3171 2821 3438 2891 quomodo
3452 2821 3640 2876 ordine

2052 2911 2285 2981 quodam
2324 2921 2380 2969 et
2418 2913 2797 2983 consequentia
2836 2926 2995 2971 omne
3031 2912 3301 2982 opitieium
3344 2928 3498 2968 suum
3544 2927 3642 2968 nos

2051 3003 2260 3060 doceat.
2286 3004 2443 3061 Prius
2465 3005 2645 3061 docuit
2673 3019 2797 3070 nos,
2819 3002 3088 3073 quomodo
3116 3003 3187 3058 ad
3214 3002 3480 3059 [ruentum
3511 3020 3638 3073 pm-

2053 3104 2243 3151 ventus
2281 3110 2382 3152 suo
2416 3095 2669 3151 mandato
2694 3104 2890 3151 terram
2914 3095 3267 3150 excitaverit:
3312 3104 3517 3166 postea,
3551 3096 3638 3150 ubi

2054 3183 2238 3241 docuit
2263 3185 2487 3241 duorum
2517 3185 2856 3242 luminat-ium
2883 3184 3276 3253 formationem,
3306 3188 3552 3257 apposuit
3587 3195 3642 3241 et

2052 3276 2330 3334 stellarum
2397 3279 2724 3343 varietatem,
2789 3291 2886 3347 per
2934 3291 3070 3347 quas
3132 3276 3249 3333 caeli
3303 3277 3641 3348 pulchritudo

2052 3366 2190 3425 laeta
2233 3376 2317 3441 est
2339 3368 2571 3426 clarior:
2618 3368 2777 3427 hodie
2812 3369 3147 3426 continenter
3173 3369 3240 3425 ad
3265 3384 3431 3441 aquas
3463 3380 3640 3426 trans-

2052 3457 2127 3521 it,
2179 3467 2235 3515 et
2282 3460 2515 3515 ostendit
2558 3460 2749 3527 nobis,
2806 3475 3057 3517 sermone
3118 3468 3173 3516 et
3225 3470 3492 3532 pracepto
3541 3477 3642 3519 suo

2051 3564 2119 3606 ex
2170 3551 2322 3622 aquis
2376 3550 2507 3621 ipsis
2560 3551 2788 3607 viventia
2841 3551 3090 3607 animalia
3155 3552 3435 3623 prodiisse.
3492 3554 3637 3609 Edu-

1988 3648 1993 3652 ’
2050 3653 2167 3699 cant
2203 3644 2346 3701 enim
2365 3684 2383 3712 ,
2409 3646 2516 3711 ait,
2542 3661 2688 3716 aqua
2725 3646 2925 3719 reptilia
2948 3647 3238 3702 animarum
3263 3649 3529 3704 uiuentium
3546 3689 3561 3711 .
3590 3659 3641 3705 et

2051 3737 2278 3792 volatilia
2305 3740 2525 3793 volantia
2552 3754 2704 3808 super
2740 3747 2931 3794 terram
2955 3738 3229 3794 secundum
3268 3740 3641 3808 ﬁrmamentum

2051 3829 2183 3883 ατη.
2221 3828 2352 3897 Quis
2375 3844 2574 3895 sermo.
2603 3845 2807 3902 quaeso,
2832 3831 3073 3886 miraculi
3114 3830 3423 3902 dignitatem
3464 3842 3641 3903 potest

2051 3918 2298 3989 assequi?
2337 3934 2455 3988 qua:
2495 3919 2673 3989 lingua
2710 3920 2779 3976 ad
2813 3919 3033 3991 Opiticis
3066 3922 3329 3993 praeconia
3372 3923 3638 3980 sufﬁciet?

2056 4007 2199 4062 Dixit
2220 4015 2424 4067 tantum
2444 4049 2461 4077 ,
2489 4007 2745 4064 Germinet
2769 4020 2903 4065 terra
2923 4028 2944 4066 :
2970 4021 3026 4067 et
3048 4012 3224 4071 statim
3251 4013 3394 4069 illam
3422 4014 3489 4070 ad
3518 4030 3642 4085 par-

2054 4108 2165 4154 tum
2191 4099 2475 4155 excitavit:
2509 4115 2648 4157 nunc
2668 4100 2834 4160 dicit:
2862 4102 3097 4158 Edueaut
3121 4120 3288 4176 aqum.
3317 4104 3450 4161 Vide
3478 4121 3638 4176 quam

2051 4198 2347 4245 consonant
2394 4198 2696 4261 praecepta:
2746 4192 2873 4259 illic,
2911 4192 3204 4261 Germinet;
3240 4197 3356 4264 hic,
3410 4195 3645 4255 Educaut

2052 4298 2220 4353 aqua,
2260 4282 2461 4353 inquit,
2492 4285 2693 4357 reptilia
2719 4285 3003 4341 animarum
3030 4288 3317 4344 uiuentium.
3347 4289 3479 4346 Nam
3505 4291 3644 4347 sicut

2052 4372 2120 4429 de
2149 4380 2288 4429 terra
2315 4373 2448 4429 dixit
2473 4375 2666 4443 solum,
2698 4374 2952 4432 Germiaet
2971 4392 2991 4432 :
3014 4387 3071 4434 et
3096 4380 3242 4435 varia
3263 4394 3387 4436 mox
3417 4395 3481 4436 ac
3505 4382 3646 4436 mul-

2054 4464 2218 4534 tiplex
2246 4463 2457 4529 ﬂorum,
2485 4465 2793 4536 herbarum,
2815 4477 2870 4525 et
2896 4469 3164 4526 seminum
3188 4470 3435 4542 apparuit
3461 4473 3639 4540 copia,

2052 4571 2264 4627 unoque
2289 4556 2453 4614 verbo
2482 4558 2736 4628 producta
2761 4569 2886 4616 sunt
2907 4562 3085 4617 omnia
3113 4578 3129 4616 :
3156 4562 3235 4617 sic
3258 4571 3314 4617 et
3341 4562 3428 4616 hic
3461 4559 3598 4614 dixit
3622 4577 3639 4616 :

1992 4660 1997 4663 ‘
2054 4642 2288 4701 Etlucant
2311 4663 2457 4716 aqute
2477 4648 2680 4720 reptilia
2704 4650 2988 4705 animarum
3015 4650 3281 4707 viventium
3297 4690 3313 4716 ,
3340 4658 3389 4706 et
3413 4646 3641 4705 volatilia

2052 4739 2274 4794 uolantia
2297 4756 2451 4810 super
2488 4750 2674 4795 terram
2698 4741 2971 4797 secundum
2999 4743 3369 4811 ﬁrmamentum
3399 4736 3513 4793 ctuti
3540 4750 3565 4796 :
3586 4745 3643 4796 et

2052 4830 2309 4887 continuo
2352 4838 2431 4886 tot
2458 4831 2726 4903 reptilium
2762 4831 3161 4903 volatiliumque
3191 4845 3393 4903 genera
3418 4830 3653 4890 condita

2051 4933 2196 4993 sunt,
2221 4932 2351 4995 quot
2379 4918 2551 4994 neque
2579 4939 2827 4981 sermone
2852 4924 3118 4981 recenseri
3146 4909 3387 4995 possunt.
3417 4924 3485 4981 Et
3511 4940 3639 4982 ver-

2054 5018 2176 5074 bum
2204 5018 2418 5090 quidem
2448 5018 2612 5074 breve
2639 5026 2740 5082 est,
2767 5018 3091 5088 verbumque
3118 5032 3303 5086 unum,
3325 5033 3525 5092 genera
3547 5034 3638 5075 au-

2055 5120 2159 5166 tetn
2182 5112 2486 5167 animalium
2511 5110 2721 5166 diversa
2752 5118 2806 5166 et
2830 5110 2993 5164 varia.
3018 5109 3123 5166 Sed
3146 5110 3290 5167 nullo
3312 5120 3535 5183 stupore
3565 5120 3645 5167 tc-

2053 5202 2250 5269 ncaris,
2278 5202 2510 5258 dilecte:
2540 5202 2760 5258 verbum
2791 5201 2931 5256 enim
2958 5213 3073 5258 erat
3104 5203 3230 5270 Dei,
3258 5213 3314 5260 et
3340 5218 3521 5261 sermo
3556 5202 3642 5275 ip-

2057 5294 2169 5350 sius
2195 5294 2259 5349 iis
2287 5308 2406 5363 qua:
2429 5291 2628 5349 ﬂebant
2663 5292 3061 5348 subsistentiam
3087 5294 3307 5365 largitus
3341 5305 3443 5353 cst.
3477 5294 3644 5351 Vides

2053 5387 2322 5459 quomodo
2348 5386 2525 5442 omnia
2553 5401 2622 5443 ex
2659 5386 2826 5441 nihilo
2854 5397 2912 5441 ut
2952 5399 3132 5445 essent
3172 5388 3431 5460 producta
3479 5386 3682 5458 suntl

2052 5477 2204 5534 vides
2231 5493 2389 5549 quam
2415 5477 2695 5549 diligenter
2719 5476 2944 5533 doceat?
2972 5478 3123 5536 vides
3142 5489 3340 5552 quanta
3362 5495 3422 5538 se
3444 5488 3644 5536 attem-

2055 5567 2330 5638 peratlone
2356 5567 2421 5624 ad
2445 5567 2613 5623 nostri
2639 5568 2852 5638 generis
2879 5567 3232 5626 humilitatem
3263 5571 3521 5628 Dominus
3546 5568 3640 5625 dc-

2055 5660 2266 5716 mittat?
2288 5660 2440 5718 Unde
2465 5662 2607 5717 enim
2628 5674 2730 5718 nos
2752 5661 2867 5717 lucc
2897 5669 3004 5718 tam
3042 5674 3289 5721 accurate
3314 5663 3524 5721 discere
3550 5675 3644 5734 po-

2060 5752 2370 5825 tuissemus,
2386 5753 2488 5811 nisi
2510 5754 2626 5827 ipse
2645 5766 2837 5825 magna
2852 5762 2909 5813 et
2926 5754 3179 5813 inen'abili
3204 5753 3532 5827 benignitate
3550 5776 3651 5821 sua
