4104 6196
374 210 448 269 es
1580 188 1646 247 In
1683 182 1833 245 car.
1879 183 1920 239 ι.
1958 177 2205 267 cenes.
2249 177 2479 235 ιιωιιι..
2514 177 2624 235 vn.
3589 176 3656 229 (τε

373 320 662 375 humanm
691 328 861 388 genus
877 327 975 384 per
1000 309 1273 383 propheta:
1300 305 1530 378 linguam
1554 302 1752 358 dueere
1776 298 1962 369 digna-

373 420 458 466 tus
482 417 648 475 esset,
677 416 735 460 ut
758 392 895 461 scire
919 404 1187 476 possimus
1215 409 1268 457 et
1288 412 1469 455 rerum
1490 403 1788 452 creactrum
1817 389 1965 446 ordi-

374 507 597 564 nem,et
622 495 896 553 Crantoris
927 493 1239 566 potentiam,
1270 498 1325 546 et
1350 486 1619 561 quomodo
1647 496 1828 541 sermo
1847 480 1967 551 ejus

374 588 427 642 in
456 602 592 656 opus
626 586 840 653 exierit,
886 594 942 642 ct
966 585 1191 641 verbum
1226 582 1348 653 ejus
1381 577 1777 636 subsistentiam
1817 583 1874 630 et
1898 571 1966 628 ad

373 675 744 731 exsistentiam
769 674 1050 730 transitum
1077 672 1337 730 creaturis
1361 667 1682 742 praebuerit?

447 766 503 820 ι.
530 764 636 822 Cur
676 775 873 820 tantum
915 765 1144 820 ordinent
1167 764 1225 817 in
1248 760 1517 817 creationis
1548 757 1836 814 narratione
1858 770 1966 809 ser-

377 855 750 912 ret.-Verum
769 865 893 912 sunt
908 854 1163 911 insensati
1181 851 1441 920 nonnulli,
1460 850 1550 922 qui
1569 857 1753 920 etpost
1768 854 1969 902 tantam

378 945 674 1004 doctrinam
696 946 957 1003 increduli
975 960 1095 1002 esse
1119 945 1335 1011 audent,
1360 943 1619 1014 faterique
1640 942 1827 997 nolunt
1849 954 1972 995 esse

376 1040 605 1112 aliquem
637 1041 859 1097 istorum
895 1039 1181 1096 visibilium
1210 1036 1452 1109 opificem
1477 1053 1492 1090 :
1518 1034 1611 1091 sed
1636 1033 1725 1089 alii
1749 1031 1962 1104 quidem

379 1132 598 1188 fortuito
620 1131 709 1188 illa
732 1148 797 1188 ac
832 1145 930 1203 per
957 1147 1020 1188 se
1044 1147 1165 1189 esse
1187 1131 1401 1197 dicunt,
1426 1129 1519 1185 alii
1544 1139 1673 1184 vero
1694 1141 1763 1182 ex
1786 1124 1970 1194 subja-

381 1231 537 1277 cente
559 1222 787 1293 quadam
827 1224 1051 1279 materia
1075 1236 1198 1278 esse
1239 1220 1379 1277 facta
1406 1218 1755 1276 contendunt.
1779 1215 1975 1272 Consi-

379 1314 514 1370 dera
538 1323 729 1385 quanta
756 1314 954 1370 diaboli
982 1315 1179 1380 illusio,
1202 1312 1470 1385 quomodo
1489 1310 1689 1366 abusus
1718 1316 1801 1364 est
1830 1305 1972 1363 facili

386 1405 657 1459 erroribus
702 1405 1053 1460 servientium
1094 1402 1428 1459 credulitate.
1468 1401 1762 1471 Eapropter
1789 1398 1976 1454 beatus

384 1493 580 1567 Muses,
619 1493 822 1565 Spiritu
861 1495 1042 1550 divino
1077 1492 1325 1559 afﬂatus,
1371 1500 1515 1547 tanta
1559 1488 1834 1559 diligentia
1877 1500 1980 1542 nos

103 1580 567 1651 ν-ρ--ν-ννιιθεει,
595 1599 665 1640 ne
692 1584 832 1641 idem
860 1595 917 1640 et
951 1585 1106 1640 nobis
1136 1584 1379 1649 eveniat;
1410 1581 1507 1638 sed
1542 1583 1772 1636 sciamus
1801 1579 1980 1634 maui~

384 1675 522 1730 [este
562 1684 621 1732 et
656 1686 1023 1732 creaturarum
1067 1675 1341 1739 ordinem,
1364 1683 1421 1731 et
1450 1671 1720 1745 quomodo
1752 1685 1979 1743 quaeque

384 1775 580 1820 ereatzc
606 1766 732 1820 sint.
759 1764 872 1820 Nisi
897 1766 1041 1821 enim
1063 1774 1268 1821 nostra:
1295 1764 1482 1820 salutis
1497 1776 1679 1819 curam
1705 1760 1982 1818 habuisset

389 1856 551 1924 Deus,
592 1866 651 1920 et.
673 1857 746 1911 ita
788 1856 1069 1912 direxisset
1099 1855 1373 1932 prophetae
1409 1855 1678 1926 linguam,
1705 1853 1836 1908 satis
1862 1858 1983 1907 erat

289 2023 299 2031 .
380 1947 590 2003 dixisse
628 1964 642 2001 :
690 1946 837 2003 Fecit
866 1947 1008 2004 Deus
1047 1948 1235 2002 ctutum
1272 1954 1329 2002 et
1361 1954 1579 2014 terram,
1621 1953 1678 2000 et
1717 1956 1900 2009 mare,
1926 1950 1984 1997 et

388 2038 719 2094 animantia:
766 2054 942 2108 neque
980 2053 1201 2093 necesse
1226 2049 1344 2093 erat
1378 2046 1436 2092 ut
1474 2045 1701 2106 poneret
1737 2035 1984 2091 ordinem

391 2126 624 2193 dierum,
655 2141 830 2194 neque
858 2127 985 2197 quid
1027 2128 1226 2197 primo,
1272 2136 1327 2182 et
1362 2124 1490 2197 quid
1526 2124 1761 2182 secundo
1787 2125 1986 2179 factum

395 2218 576 2273 fuerit.
606 2216 712 2272 Sed
753 2225 809 2271 ιιι
848 2217 1067 2287 ingratis
1107 2228 1162 2272 et
1188 2218 1327 2272 male
1354 2216 1703 2272 sentientibus
1732 2215 1871 2270 nulla
1900 2229 1990 2269 re-

395 2309 724 2379 linqueretur
750 2310 1026 2365 excusatio
1044 2351 1061 2376 ,
1110 2310 1182 2365 ita
1216 2309 1497 2378 distinguit
1519 2306 1801 2363 manifeste
1828 2314 1882 2362 et
1907 2306 1986 2361 la-

395 2412 601 2458 etorum
631 2401 899 2468 ordinem,
921 2410 978 2456 et
1002 2401 1207 2456 dierum
1242 2414 1545 2464 numerum,
1579 2407 1633 2455 et
1670 2398 1849 2453 omnia
1891 2410 1989 2451 nos

394 2494 556 2549 docet
592 2509 713 2548 cum
761 2507 950 2563 magna
993 2492 1462 2560 attemperatione,
1494 2498 1552 2544 ut
1591 2490 1801 2560 cognita
1842 2489 1990 2543 omni

395 2586 618 2642 veritate
637 2627 651 2651 ,
682 2601 788 2639 nun
821 2585 960 2640 ultra
987 2598 1169 2640 eorum
1206 2582 1478 2639 erroribus
1506 2579 1869 2646 attendamus,
1898 2578 1989 2649 qui

397 2676 578 2732 omnia
605 2675 676 2731 ab
699 2691 758 2732 se
786 2676 1079 2746 excogitata
1108 2674 1432 2746 loquuntur,
1464 2671 1557 2727 sed
1585 2672 1814 2726 sciamus
1844 2667 1987 2722 Con-

399 2769 589 2825 ditoris
606 2769 780 2824 nostri
802 2767 1211 2825 inenarrabiletu
1240 2765 1555 2837 potentiam.
1585 2762 1651 2817 Et
1676 2762 1869 2834 factum
1889 2770 1987 2827 est,

399 2860 590 2930 inquit,
621 2860 711 2914 ita.
745 2859 921 2914 Dixit:
947 2858 1186 2913 Educant
1212 2873 1359 2927 aqum
1381 2856 1581 2928 reptilia
1599 2855 1887 2909 animarum
1915 2853 1991 2907 tti-

398 2952 618 3008 ventitmt
637 2993 653 3020 ,
682 2962 731 3006 et
776 2950 1001 3006 volatilia
1039 2949 1262 3005 uolantia
1300 2965 1458 3017 super
1491 2956 1678 3002 terram
1716 2945 1992 3000 secundum

399 3045 773 3115 ﬁrmamentum
791 3044 925 3111 creti,
950 3052 1005 3100 et
1029 3041 1416 3112 obtemperavit
1438 3041 1784 3105 elementum,
1810 3046 1867 3093 et
1887 3038 1991 3093 im-

401 3136 561 3206 plevit
586 3144 929 3206 prteceptum.
961 3133 1028 3189 Et
1052 3137 1247 3206 factum
1272 3142 1366 3201 est,
1402 3132 1592 3203 inquit,
1613 3131 1744 3186 sicut
1770 3129 1993 3200 impera-

399 3228 468 3282 uit
503 3225 774 3282 Dominus.
814 3225 907 3282 2i.
933 3224 1004 3280 Et
1027 3225 1145 3297 fecit
1175 3223 1315 3279 Deus
1356 3231 1459 3278 cete
1482 3237 1688 3294 magna,
1718 3229 1766 3275 et
1792 3235 1992 3275 omnem

398 3319 625 3375 diducant
649 3318 949 3374 animalium
986 3316 1242 3388 reptilium
1257 3355 1274 3381 ,
1313 3329 1428 3386 quas
1468 3314 1817 3385 produxerunt
1847 3326 1993 3382 aqua:

397 3411 673 3466 secundum
696 3425 881 3482 genera
903 3424 1021 3477 sua,
1041 3417 1089 3462 et
1111 3422 1258 3462 ontne
1284 3406 1487 3461 volatile
1512 3412 1782 3475 pennatam
1809 3419 1989 3458 secut-

401 3502 524 3556 dum
557 3516 733 3567 genus.
762 3499 827 3553 Et
856 3499 977 3554 uidit
1005 3497 1147 3552 Deus
1171 3496 1309 3567 quod
1338 3505 1502 3552 essent
1528 3494 1679 3549 bona.
1705 3493 1799 3548 22.
1826 3492 1992 3546 Bene.

402 3591 627 3661 dixitque
646 3605 708 3643 ea
744 3588 904 3655 Deus,
935 3587 1142 3642 dicens:
1167 3585 1388 3640 Crescite
1413 3593 1460 3639 et
1484 3581 1920 3653 multiplicamini,
1949 3590 1995 3634 et

402 3678 607 3749 implete
628 3694 787 3749 aquas
811 3678 1050 3743 marium,
1077 3685 1124 3730 et
1152 3676 1385 3730 volatilia
1416 3673 1817 3742 multiplicemur
1845 3686 1998 3740 super

408 3781 620 3824 terram.
647 3768 845 3824 lterum
881 3767 989 3834 hic,
1014 3780 1225 3838 quaeso,
1248 3766 1554 3834 considera,
1586 3771 1779 3834 quanta
1810 3763 1879 3818 sit
1905 3777 1995 3817 sa-

403 3860 602 3933 pientia
629 3858 876 3928 Spiritus.
907 3856 1038 3913 Nam
1057 3871 1179 3913 cum
1205 3855 1340 3912 dixit
1368 3858 1554 3912 beatus
1586 3854 1778 3918 Moses,
1811 3852 1878 3907 Et
1915 3856 1994 3925 fa-

406 3961 542 4005 ctum
570 3960 645 4004 est
667 3950 759 4012 ita,
791 3948 945 4005 docet
981 3962 1085 4004 nos
1108 3948 1407 4006 minutatim
1449 3945 1652 4002 addens
1690 3954 1746 4001 et
1767 3945 1993 4001 dicens:

407 4040 478 4096 Et
500 4042 619 4113 fecit
646 4039 783 4096 Deus
806 4050 909 4096 cete
933 4056 1139 4113 magna,
1162 4048 1212 4095 et
1236 4055 1433 4095 onmem
1455 4039 1676 4093 animam
1700 4037 1997 4092 animalium

402 4132 656 4203 reptilium
680 4139 793 4203 qut?
812 4132 1160 4203 produxerunt
1185 4143 1334 4198 aqua
1355 4129 1637 4185 secundum
1662 4144 1847 4201 genera
1870 4145 1989 4195 sua,

403 4234 451 4280 et
496 4220 643 4279 omne
686 4223 888 4277 uolatile
931 4230 1203 4293 pennatam
1246 4220 1523 4276 secundum
1548 4235 1727 4292 genus.
1766 4219 1836 4274 Et
1873 4220 1997 4275 uidit

404 4313 544 4369 Deus
567 4312 700 4384 quod
728 4323 888 4369 essent
908 4312 1058 4368 bona.
1089 4312 1188 4368 Hic
1213 4310 1392 4367 denuo
1414 4314 1774 4368 temeritatem
1813 4311 1995 4365 omnia

402 4407 605 4479 absque
649 4406 856 4462 ratione
890 4404 1338 4461 deblaterantium
1382 4403 1709 4473 comprimit.
1754 4401 1888 4458 Nam
1939 4410 1998 4457 ut

403 4500 584 4556 nullus
629 4497 811 4554 dicere
856 4496 1042 4567 possit.
1085 4494 1253 4565 Cujus
1294 4495 1462 4565 gratia
1482 4504 1606 4551 cete
1652 4493 1788 4549 facta
1831 4493 1997 4549 sunt?

401 4605 561 4664 quam
588 4590 746 4644 nobis
781 4588 1058 4644 utilitatem
1088 4586 1412 4643 conterunt?
1452 4585 1578 4656 quid
1618 4585 1883 4642 commodi
1928 4600 1994 4641 ex

400 4698 592 4739 eorum
621 4682 935 4738 creatione?
962 4680 1159 4736 idcirco
1184 4688 1464 4750 postquam
1489 4678 1658 4734 dixit:
1686 4677 1833 4734 Fecit
1859 4676 1997 4732 Dens

400 4784 503 4829 cete
544 4790 749 4847 magna,
794 4782 840 4829 et
879 4788 1077 4827 omnem
1117 4772 1337 4825 animum
1376 4769 1674 4824 animalium
1712 4769 1991 4841 reptilium.

402 4874 449 4917 et
474 4866 701 4920 volatilia
720 4880 741 4920 :
766 4851 945 4920 statim
975 4861 1213 4917 addidit:
1245 4864 1308 4916 Et
1338 4860 1460 4915 vidit
1496 4859 1638 4915 Deus
1671 4860 1808 4930 quod
1832 4870 1995 4915 essent

405 4957 556 5010 bona.
581 4958 743 5024 Quasi
764 4956 999 5013 diceret:
1028 4954 1106 5011 Ne
1133 4954 1256 5025 quia
1285 4963 1339 5008 tu
1365 4954 1624 5009 rationem
1664 4954 1876 5023 ignoras
1917 4951 1998 5008 tit—

406 5055 635 5113 etorunt,
655 5049 867 5120 opiﬁcia
884 5048 1187 5119 vituperare
1210 5045 1552 5118 aggrediaris.
1580 5045 1786 5102 Audisti
1815 5045 1996 5101 Domi-

409 5152 533 5192 num
560 5141 1011 5208 pronuntiantem,
1049 5147 1112 5195 et
1153 5137 1420 5193 dicentem
1449 5135 1538 5192 illa
1577 5148 1699 5192 esse
1735 5135 1873 5191 bona
1900 5153 1916 5191 :
1941 5144 1996 5191 et

407 5228 674 5299 modo
693 5239 750 5285 ιιι
770 5229 1041 5286 insaniens
1054 5229 1234 5285 dicere
1259 5227 1448 5294 audes,
1466 5225 1647 5297 Quare
1662 5225 1804 5281 laeta
1833 5225 1997 5281 sunt?

407 5317 560 5387 quasi
596 5319 919 5389 superﬂuum
957 5321 1193 5392 ipsarum
1219 5333 1476 5376 accusans
1508 5317 1820 5388 opiﬁcium?
1861 5316 1996 5374 Nam

407 5409 453 5464 si
473 5407 727 5466 cordatus
748 5425 917 5478 esses,
940 5425 1122 5481 posses
1144 5412 1304 5466 etiam
1333 5425 1400 5466 ex
1430 5409 1619 5465 harum
1647 5408 1920 5466 creatione
1938 5417 2001 5466 et

406 5498 702 5570 [silentiam
745 5498 949 5555 Domini
992 5509 1048 5555 et
1072 5500 1391 5557 inell'abiletn
1434 5500 1814 5571 benignitatem
1838 5499 1997 5555 addi-

397 5599 562 5654 atere
590 5609 605 5646 :
636 5590 924 5664 potentiam
956 5591 1191 5662 quidem,
1220 5593 1611 5665 qudasermcnc
1643 5599 1703 5648 et
1725 5601 1994 5665 ptzecepto

2073 309 2138 349 ex
2175 294 2325 365 aquis
2352 295 2476 349 talia
2506 293 2793 350 animantia
2832 293 3118 366 produxit;
3159 297 3537 371 ocnignitatem
3567 315 3662 357 su-

2074 394 2202 453 tem,
2231 385 2353 456 quia
2380 395 2437 440 ut
2461 400 2523 440 ea
2562 385 2830 457 produxit,
2861 388 3127 457 propriam
3155 390 3233 445 eis
3259 391 3534 462 regionem
3576 403 3662 448 at-

2073 475 2278 542 tribuit,
2310 474 2623 530 immensam
2661 476 2824 531 maris
2851 486 3053 546 partem
3081 478 3186 534 illis
3222 478 3552 549 decernens,
3590 485 3665 539 ita

2075 574 2132 622 ιιι
2157 566 2355 622 nemini
2386 574 2604 636 possent
2631 580 2860 633 nocere;
2888 569 2980 624 sed
3006 581 3287 627 versentur
3310 572 3363 627 in
3409 576 3577 641 mari,
3611 587 3666 631 et

2073 656 2155 712 sui
2182 656 2489 726 spectaculo
2512 658 2995 727 supereminentem
3015 658 3231 729 Opiﬁcis
3251 665 3540 732 potentiam
3567 666 3666 722 do-

2073 756 2262 814 ceant,
2304 748 2612 817 nullumque
2638 746 2869 803 humano
2894 751 3077 819 generi
3116 751 3366 810 damnum
3410 756 3664 814 inferant.

2075 839 2158 893 An
2195 853 2410 908 parvam
2448 848 2603 909 putas
2628 839 2968 911 benignitatis
3005 851 3232 912 partem,
3263 848 3525 916 geminam
3569 850 3662 905 tibi

2077 932 2358 988 utilitatem
2398 931 2524 988 hinc
2563 933 2801 989 exoriri?
2835 933 3046 990 Etenim
3089 950 3277 1006 sapere
3321 939 3561 997 volentes
3598 944 3667 998 ad

2081 1024 2182 1079 Dei
2213 1023 2450 1078 notitiam
2478 1024 2840 1089 introducunt,
2869 1035 2924 1081 et
2952 1026 3268 1097 stupendum
3292 1028 3545 1086 exhibent
3575 1033 3668 1087 be-

2079 1117 2353 1187 nignitatis
2392 1120 2509 1188 ejus
2533 1118 2974 1189 magnitudinem,
3004 1120 3145 1190 quod
3175 1121 3244 1176 ab
3267 1136 3453 1177 eorum
3497 1140 3667 1182 nocu-

2080 1210 2275 1264 mentis
2316 1210 2604 1266 humanum
2642 1226 2811 1282 genus
2855 1212 3180 1270 liberaverit.
3213 1214 3397 1288 Neque
3421 1219 3562 1273 enim
3600 1221 3671 1276 ob

2081 1312 2319 1358 nostram
2342 1302 2619 1360 dumtaxat
2646 1305 2924 1363 utilitatem
2954 1322 3015 1362 ea
3037 1308 3213 1363 omnia
3241 1308 3377 1365 facta
3404 1321 3550 1378 sunt,
3573 1314 3668 1369 sed
3690 1343 3698 1351 ο

2081 1406 2136 1453 et
2179 1396 2250 1451 ob
2290 1398 2603 1454 immensam
2648 1398 2813 1470 ipsius
2858 1400 3342 1471 magnificentiam:
3383 1405 3484 1459 alia
3528 1409 3673 1463 enim

2082 1498 2300 1559 promer
2341 1500 2577 1546 nostram
2607 1491 2885 1548 utilitatem
2915 1492 3074 1560 fecit,
3118 1494 3219 1548 alia
3264 1506 3484 1566 propter
3521 1512 3671 1553 suam

2083 1581 2553 1653 magniﬁcentiam,
2578 1591 2639 1638 ut
2666 1584 2835 1654 magis
2860 1584 3102 1641 Factoris
3134 1587 3455 1656 praedicetur
3482 1599 3668 1657 puten-

2086 1678 2157 1731 tia
2186 1677 2228 1733 ⁸.
2255 1677 2387 1731 Cum
2408 1676 2561 1732 audis
2584 1677 2786 1748 itaque,
2824 1676 2962 1732 Vidit
2989 1676 3132 1735 Deus
3154 1680 3291 1750 quod
3319 1692 3478 1735 essent
3504 1681 3675 1737 bona:

2084 1783 2154 1824 ne
2177 1768 2322 1824 ausis
2361 1769 2498 1824 ultra
2525 1768 2720 1825 divina:
2743 1770 3030 1840 Scriptura:
3064 1771 3451 1838 contradicere,
3487 1788 3675 1847 aecu-

2085 1862 2277 1917 riosius
2303 1863 2586 1933 inquirere,
2611 1861 2895 1934 dicereque
2918 1880 2933 1918 :
2964 1863 3140 1932 Quare
3158 1864 3295 1920 Deus
3318 1865 3419 1922 hoc
3441 1868 3523 1922 vel
3548 1867 3673 1922 illud

2086 1950 2209 2007 fecit
2228 1952 2252 2006 ?
2272 1951 2341 2006 Et
2370 1953 2621 2008 benedixit
2643 1954 2735 2008 illa
2761 1952 2920 2020 Deus,
2955 1954 3144 2023 inquit,
3175 1964 3222 2009 et
3254 1957 3388 2010 dixit
3411 1973 3430 2010 :
3458 1956 3677 2013 Crescite

2087 2050 2132 2095 et
2160 2042 2591 2111 multiplicamini,
2619 2054 2664 2097 et
2695 2044 2896 2113 implete
2924 2060 3080 2113 aquas
3101 2046 3316 2099 marium
3339 2062 3358 2100 :
3384 2058 3427 2101 et
3454 2049 3677 2102 rolatilia

2089 2132 2234 2186 multi
2238 2134 2485 2201 plicentnr
2511 2149 2662 2201 super
2680 2142 2884 2186 terram.

2161 2224 2220 2279 5.
2256 2222 2380 2277 tltee
2405 2232 2486 2277 est
2525 2223 2636 2292 ipsa
2672 2222 3004 2289 benedictio,
3033 2233 3086 2278 ut
3116 2239 3308 2296 magno
3337 2240 3560 2281 numero
3590 2227 3675 2282 illa

2092 2323 2405 2385 augeantur.
2440 2313 2570 2369 Nam
2596 2314 2719 2385 quia
2750 2315 2988 2370 viventes
3014 2325 3273 2371 creatum
3299 2326 3452 2371 erant
3477 2318 3681 2371 anima-

2094 2407 2193 2472 lia,
2225 2406 2538 2478 mlebatque
2566 2407 2656 2462 illa
2684 2413 2940 2478 perpetuo
2970 2423 3219 2473 manere,
3252 2409 3372 2464 ideo
3400 2410 3636 2466 subdidit
3664 2429 3679 2466 :

2091 2496 2163 2552 Et
2191 2498 2442 2553 benedixit
2465 2497 2557 2552 illa
2583 2497 2719 2552 Deus
2736 2539 2752 2564 ,
2784 2508 2830 2551 et
2855 2498 2984 2552 dixit
3009 2514 3029 2553 :
3056 2498 3272 2554 Crescite
3297 2510 3343 2553 et
3373 2500 3682 2570 multiplica.

2092 2591 2238 2645 mini.
2280 2590 2515 2647 Verbum
2544 2590 2688 2645 enim
2728 2589 2859 2644 illud
2894 2605 3064 2660 usque
3104 2591 3157 2645 in
3194 2599 3510 2661 prteseutem
3540 2592 3681 2647 diem

2094 2683 2182 2738 illa
2226 2690 2540 2748 conservat,
2581 2689 2635 2736 et
2676 2688 2880 2736 tantum
2928 2681 3182 2750 praeteriit
3224 2692 3468 2754 tempus,
3511 2698 3684 2753 neque

2095 2792 2256 2831 unum
2286 2775 2475 2831 horum
2502 2790 2671 2847 genus
2711 2775 3046 2830 imminutum
3075 2783 3175 2831 est.
3214 2775 3344 2830 Nam
3388 2776 3685 2833 benedictio

2097 2868 2188 2923 Dei
2209 2909 2225 2935 ,
2253 2874 2308 2922 et
2349 2866 2570 2923 verbum
2612 2866 2742 2921 illud
2772 2883 2787 2920 :
2820 2865 3037 2921 Crescite
3074 2876 3121 2920 et
3161 2867 3598 2938 multiplicamini,
3630 2879 3686 2922 ut

2095 2959 2449 3015 subsisterent
2476 2967 2531 3015 et
2559 2957 2816 3014 durarent
2857 2957 2965 3014 illis
3003 2958 3247 3015 contulit.
3278 2957 3372 3015 25.
3402 2958 3466 3013 Et
3495 2961 3680 3029 factum

2095 3064 2196 3117 est,
2229 3053 2431 3123 inquit,
2459 3067 2692 3122 uespere,
2722 3061 2773 3106 et
2798 3055 2991 3123 factum
3013 3060 3087 3106 est
3112 3067 3291 3119 mane,
3321 3052 3426 3105 dies
3462 3052 3679 3120 quintus.

2102 3143 2257 3198 Vides
2283 3141 2549 3214 quomodo
2577 3142 2751 3197 divina
2782 3142 3054 3213 Scriptura
3082 3142 3263 3198 docuit
3288 3157 3387 3198 nos
3405 3185 3419 3207 ,
3451 3158 3570 3214 quae
3597 3143 3682 3197 diu

2096 3237 2282 3307 quinto
2301 3245 2477 3292 creata
2504 3236 2611 3291 sint
2631 3236 2957 3291 animantia?
2979 3235 3084 3292 Sed
3112 3251 3396 3308 parumper
3414 3246 3680 3307 exspecta,

2096 3339 2151 3386 et
2194 3330 2384 3385 iterum
2433 3329 2636 3385 videbis
2684 3329 2893 3385 Domini
2938 3330 3012 3384 tui
3060 3331 3457 3401 benignitatem.
3504 3332 3684 3402 Neque

2096 3424 2238 3480 enim
2278 3438 2444 3494 aquas
2479 3422 2653 3477 solum
2695 3422 3003 3476 animalium
3048 3422 3687 3491 productionelecundm

2101 3515 2244 3576 fecit,
2272 3515 2366 3569 sed
2396 3513 2575 3567 denuo
2604 3514 2863 3580 prtecipit.
2897 3521 2954 3565 ut
2983 3527 3049 3565 ex
3076 3520 3217 3566 terra
3249 3514 3520 3568 terrestria
3562 3530 3685 3584 pro-

2100 3603 2363 3657 ducantur
2401 3601 2672 3653 animalia.
2709 3599 2823 3653 Nun
2854 3599 2949 3652 abs
2981 3614 3039 3654 re
3066 3601 3262 3670 quippe
3289 3601 3391 3655 erit
3418 3601 3576 3655 hodie
3604 3612 3685 3655 at-

2102 3693 2306 3762 tingere
2347 3706 2408 3747 ea
2452 3706 2570 3760 quae
2611 3689 2700 3744 die
2737 3700 2890 3744 sexto
2934 3698 3061 3745 sunt
3101 3692 3255 3745 facta.
3296 3691 3385 3745 25.
3424 3690 3491 3745 Et
3528 3693 3684 3753 dixit,

2101 3784 2305 3856 inquit,
2333 3782 2473 3838 Deus
2501 3800 2520 3838 :
2548 3781 2807 3836 Producat
2831 3791 2965 3837 terra
2997 3784 3219 3838 animam
3247 3785 3485 3838 viventem
3514 3802 3687 3839 serun-

2101 3878 2221 3931 dnm
2263 3892 2421 3948 genus
2439 3917 2453 3942 ,
2480 3874 2832 3947 quadrupedes
2855 3917 2869 3943 ,
2898 3884 2946 3930 et
2983 3876 3185 3947 reptilia
3203 3917 3219 3943 ,
3251 3887 3298 3930 et
3334 3878 3512 3931 bestias
3540 3895 3681 3947 sttpn

2101 3980 2288 4026 terram
2316 3987 2338 4024 :
2362 3978 2411 4023 et
2439 3985 2620 4041 pecora
2638 4010 2651 4034 ,
2685 3977 2731 4023 et
2759 3969 2930 4022 omnia
2966 3969 3168 4038 reptilia
3207 3978 3385 4034 (errat,
3416 3972 3688 4025 secundum

2099 4080 2273 4136 genus.
2304 4060 2372 4115 Et
2401 4065 2591 4133 factum
2618 4068 2690 4116 est
2726 4062 2819 4115 sic.
2861 4059 2998 4117 Vide
3035 4061 3302 4132 quomodo
3331 4072 3468 4119 terra
3499 4065 3687 4119 iterum

2101 4155 2368 4225 duplicent
2397 4153 2552 4209 nobis
2578 4152 2766 4209 all‘erat
2791 4151 3042 4222 fructum,
3069 4164 3123 4210 et
3147 4154 3395 4209 mandato
3423 4154 3692 4210 dominico

2100 4244 2389 4301 ministret.
2437 4243 2586 4299 Tunc
2625 4242 2842 4314 quidem
2893 4247 3156 4299 seminum
3202 4244 3368 4299 edidit
3411 4246 3687 4315 germina,

2100 4351 2241 4393 nunc
2265 4345 2442 4392 autem
2460 4338 2482 4369 ³
2511 4336 2740 4392 viventia
2765 4336 3033 4401 animalia,
3061 4336 3430 4410 quadrupedes
3454 4348 3507 4395 et
3532 4343 3691 4411 repti~

2101 4430 2191 4495 lia,
2220 4443 2414 4501 pecora
2441 4437 2496 4485 et
2522 4429 2679 4485 feras.
2711 4429 2849 4485 Ecce
2877 4428 3018 4501 quod
3048 4444 3207 4501 supra
3233 4430 3340 4486 dixi
3380 4431 3571 4488 iterum
3599 4432 3687 4488 de-

2100 4523 2368 4590 claratur;
2401 4538 2595 4594 nempe
2631 4522 2796 4578 Deum
2826 4539 2933 4578 non
2959 4523 3136 4578 omnia
3165 4523 3230 4579 ad
3266 4535 3505 4581 nostrum
3538 4541 3689 4580 usum

2100 4617 2417 4688 produxisse
2439 4658 2455 4678 .
2486 4614 2579 4671 sed
2618 4624 2796 4671 tamen
2839 4615 2906 4670 ad
2942 4615 3225 4687 quamdam
3259 4615 3543 4672 utilitatem
3561 4615 3600 4682 ⁸,
3636 4629 3694 4671 ut

2100 4709 2343 4766 videntes
2381 4707 2587 4778 copiam
2624 4716 2679 4762 et
2713 4706 3113 4762 multitudinem
3139 4707 3256 4775 ejus
3285 4715 3647 4761 creaturarum
3678 4751 3689 4771 ,

2100 4802 2320 4874 Opiﬁcis
2343 4798 2587 4856 virtutem
2614 4799 3075 4870 obstupescamus,
3097 4809 3152 4853 et
3176 4798 3408 4854 sciamus
3432 4800 3689 4869 sapientia

2102 4895 2330 4965 quadam
2369 4900 2426 4948 et
2469 4889 2817 4948 beneﬁcentia
2872 4888 3217 4944 inenarrabili
3264 4897 3479 4959 propter
3526 4889 3690 4944 futuri

2104 4985 2337 5043 hominis
2365 4985 2623 5040 honorem
2644 4980 2673 5014 ⁸
2696 4981 2872 5037 omnia
2903 4995 3027 5039 esse
3056 4980 3332 5052 producta.

2165 5106 2183 5137 ⁸
2211 5104 2293 5172 _sic
2312 5100 2452 5172 savii.
2478 5099 2904 5172 et_q_uidamttss.;
2925 5096 3092 5149 Morel.
3108 5111 3242 5159 vero,
3267 5101 3318 5148 ut
3337 5094 3603 5160 prmdicatt
3624 5095 3699 5158 fa-

2165 5231 2187 5260 ’
2597 5233 2710 5296 2".”
2750 5222 3009 5296 “3‘0"”?
3044 5226 3154 5296 ⁸³⁵³⁸
3174 5220 3692 5296 fwa‘ﬂt‘ffﬁ‘"

2100 5287 2339 5342 seminum
2359 5282 2494 5339 dedit
2510 5282 2748 5350 genuina,
2768 5297 2898 5335 nunc
2919 5290 3098 5343 autem,
3121 5282 3310 5333 omissis
3324 5282 3640 5344 litterjmtis.

2164 5353 2189 5385 ⁸
2218 5347 2581 5407 Verisimiliter,
2604 5347 2741 5397 locus
2784 5344 2868 5395 ille
2903 5345 3131 5408 superius
3151 5342 3403 5408 dictorum
3426 5342 3693 5403 resumptis

2100 5420 2199 5474 est,
2224 5421 2280 5464 es
2300 5412 2379 5463 hic
2401 5403 2627 5461 eumdem
2642 5420 2843 5474 seruum
2863 5419 2921 5457 ac
2940 5403 3085 5474 supra
3113 5403 3295 5474 φερῖρε
3314 5403 3488 5474 debet,
3511 5415 3690 5474 nempe

2101 5464 2233 5526 hunc
2255 5488 2270 5526 :
2296 5481 2453 5525 Deum
2470 5483 2565 5537 non
2578 5466 2746 5537 pmnia
2764 5464 3333 5537 ad_nostr_am.utilitatem
3363 5464 3649 5529 produxisse
3668 5505 3693 5537 ι

2103 5537 2192 5600 sed
2212 5542 2255 5587 ct
2278 5541 2475 5600 propter
2497 5531 2647 5593 ipsius
2667 5527 3090 5600 magni/iamiam.

2168 5599 2201 5633 λ
2219 5591 2433 5654 enisum,
2453 5591 2652 5659 prepter
2672 5591 2874 5656 gloriam
2894 5591 3011 5642 inde
3039 5594 3313 5642 tantum».
