4104 6196
430 172 497 228 στ
1137 165 1192 219 S.
1231 160 1506 217 JUANNIS
1543 151 2009 215 CllliYSOSTOlll

2117 151 2366 208 lCillEP.
2401 151 2934 209 'CONSTANTINOP.
3631 157 3696 214 68

501 288 584 343 Ea:
607 292 827 358 ferarum
849 295 892 337 ιι
907 298 1022 349 serp
1032 282 1210 334 entiam
1231 277 1520 346 corporibus
1539 292 1650 346 qua:
1673 276 1861 328 utilitas
1881 274 2008 327 oria-

431 374 808 434 tur.—25.iEt
829 371 967 444 fecit,
995 369 1181 440 inquit,
1207 367 1346 424 Deus
1369 366 1548 421 bestias
1575 376 1721 420 terra:
1739 363 2013 420 secundum

429 485 584 538 genus
613 481 778 532 suum,
809 473 854 517 et
885 477 1065 530 pecora
1094 459 1366 515 secundum
1392 474 1549 528 genus
1577 474 1746 522 suum,
1773 465 1820 510 et
1845 455 2013 509 omnia

429 559 628 630 rcptilia
649 565 794 608 terra:
817 552 1091 608 secundum
1112 568 1265 622 genus
1287 567 1454 604 suum.
1483 549 1547 603 Et
1573 549 1694 604 vidit
1719 547 1854 602 Deus
1878 547 2012 617 quod

427 656 590 702 essent
614 644 764 700 bona.
795 662 814 695 ι
844 643 942 700 Ubi
969 658 1110 699 nunc
1128 651 1251 697 sunt
1275 642 1362 712 qui
1383 641 1562 696 dicere
1580 639 1777 694 audent
1801 656 1814 691 :
1838 639 2012 706 Qua-re

427 736 590 804 ferai,
635 750 800 807 quare
847 735 1056 804 reptilia
1098 742 1275 789 creata
1315 731 1477 788 sunt?
1515 730 1744 786 Audiam
1779 729 2011 784 divinam

425 827 754 897 Scripturam
779 827 1044 882 dicentem
1071 843 1085 880 :
1114 823 1178 878 Et
1205 824 1326 878 uidit
1353 823 1486 877 Deus
1513 822 1648 893 quod
1675 830 1834 877 essent
1859 819 2006 874 bona.

427 922 554 988 Dic,
583 921 842 985 obsecro,
877 919 990 988 ipse
1017 917 1106 987 qui
1133 917 1332 971 creavit
1356 913 1535 970 laudat
1559 913 1725 979 facta,
1754 922 1808 967 et
1833 921 1890 968 tu
1917 927 2015 966 au-

428 1013 523 1069 des
564 1009 996 1083 reprehendere?
1025 1010 1244 1078 Quantae
1282 1023 1388 1062 non
1428 1005 1531 1061 hoc
1569 1007 1726 1061 fuerit
1754 1003 2012 1060 insaniae?

427 1108 560 1175 Quia
590 1089 721 1163 etin
748 1103 1042 1161 seminibus
1066 1113 1122 1158 et
1147 1103 1199 1157 in
1225 1101 1420 1172 plantis
1445 1114 1549 1155 non
1578 1099 1750 1154 solum
1776 1097 2013 1152 fructuo-

425 1215 514 1255 sas
539 1199 780 1265 arbores,
807 1196 900 1252 sed
924 1206 980 1251 et
1014 1195 1324 1266 sylvest-res,
1349 1201 1405 1248 et
1427 1191 1672 1256 steriles;
1704 1200 1758 1244 et
1786 1204 1890 1243 non
1919 1202 2010 1242 so-

403 1297 536 1350 -lum
573 1294 785 1349 inutiles
815 1293 1040 1355 herbas,
1071 1290 1164 1345 sed
1195 1298 1248 1344 et
1287 1287 1582 1357 incognitas
1621 1284 1776 1340 nobis
1815 1281 2014 1352 profert

425 1398 569 1441 terra
593 1427 609 1453 ,
648 1399 794 1454 saepe
825 1384 988 1439 etiam
1031 1381 1260 1436 noxias:
1295 1378 1388 1434 sed
1428 1386 1706 1449 propterea
1745 1389 1851 1428 non
1889 1381 2014 1428 sunt

358 1509 366 1522 ς
423 1475 788 1545 vituperandae
815 1481 1075 1530 creaturze
1104 1491 1118 1527 :
1145 1470 1276 1526 nihil
1299 1470 1440 1524 enim
1471 1477 1672 1523 temere
1698 1473 1789 1520 aut
1816 1465 2012 1519 frustra

424 1565 712 1620 formatum
740 1573 839 1620 est.
868 1562 1010 1620 Sane
1047 1577 1220 1632 neque
1258 1560 1468 1616 laudem
1505 1559 1644 1630 apud
1667 1557 2012 1612 Conditorem

425 1657 771 1723 invenissent,
795 1655 895 1710 nisi
919 1653 985 1711 ad
1007 1653 1288 1710 utilitatem
1309 1652 1539 1723 aliquam
1559 1650 1788 1707 condita:
1811 1656 2010 1704 essent.

423 1749 608 1819 Itaque
637 1748 773 1804 sicut
812 1748 866 1802 in
901 1746 1182 1802 arboribus
1209 1760 1318 1801 non
1347 1759 1534 1800 omnes
1567 1743 1887 1807 fnwtuoste,
1917 1740 2013 1795 sed

424 1849 479 1894 et
515 1837 857 1894 infructuosa:
897 1837 1077 1893 multat
1103 1853 1118 1890 :
1151 1844 1382 1890 attamen
1410 1833 1516 1889 illa:
1546 1833 1674 1902 ipsa:
1699 1847 1806 1886 non
1835 1830 2012 1886 mino-

424 1945 540 1984 rem
568 1928 742 1995 nobis,
767 1943 925 1998 quam
954 1927 1235 1982 fructuosa:
1263 1924 1559 1989 utili-tatem,
1591 1935 1815 1992 eamque
1838 1919 2014 1975 admi-i

424 2018 649 2076 rabilem
675 2059 690 2083 ,
721 2027 775 2074 et
804 2018 966 2088 quieti
996 2027 1194 2073 nostra:
1233 2016 1554 2071 servientem
1579 2012 1859 2070 conferunt
1886 2029 1900 2065 :
1927 2020 2010 2064 et-

425 2109 568 2163 enim
617 2123 682 2163 ex
729 2107 858 2178 ipsis
905 2107 1126 2163 aediﬁcia
1152 2149 1168 2174 ,
1207 2115 1261 2161 et
1307 2105 1470 2161 multa
1510 2104 1612 2160 alia
1659 2103 1728 2158 ad
1778 2101 2011 2173 quietem

425 2211 664 2257 nostram
708 2200 1023 2270 pertinentia
1055 2198 1372 2254 fabricamus
1401 2214 1414 2250 :
1447 2204 1502 2250 et
1525 2196 1743 2251 omnino
1771 2194 1900 2249 nihil
1927 2202 2014 2249 est

423 2293 565 2365 quod
607 2308 712 2349 non
755 2293 960 2348 ratione
995 2276 1169 2362 aliqua
1216 2290 1500 2346 formatum
1539 2290 1635 2352 sit,
1667 2288 1875 2344 etiamsi
1914 2287 2011 2341 hu-

424 2402 582 2444 mana
626 2397 811 2442 natura
855 2387 1030 2442 omnia
1073 2386 1160 2441 illa
1197 2393 1444 2439 accurate
1477 2382 1616 2438 scire
1649 2398 1756 2437 non
1794 2381 1963 2451 possit
1995 2395 2010 2435 :

423 2477 649 2547 proinde
685 2477 822 2532 sicut
851 2477 904 2531 in
934 2476 1216 2530 arboribus
1238 2517 1253 2540 ,
1285 2475 1358 2529 ita
1386 2483 1442 2534 et
1469 2473 1522 2527 in
1553 2471 1869 2528 animalibus
1906 2471 2010 2526 alia

426 2567 641 2636 qidem
670 2566 737 2621 ad
765 2566 940 2622 cibum
972 2577 1208 2621 nostrum
1239 2565 1522 2634 pertinent,
1552 2563 1655 2617 alia
1679 2563 1748 2618 ad
1772 2561 2012 2617 ministe-

424 2658 586 2712 rium.
612 2657 867 2712 Ferarum
899 2656 1023 2712 item
1053 2664 1108 2710 et
1139 2655 1404 2724 reptilium
1433 2667 1629 2724 genera
1657 2667 1762 2710 non
1793 2667 2012 2723 parvam

423 2749 581 2806 nobis
607 2756 860 2818 praestant
891 2747 1188 2813 utilitatem,
1215 2755 1270 2802 et
1293 2746 1338 2802 si
1368 2745 1486 2816 quis
1507 2745 1631 2801 velit
1655 2760 1808 2816 atque
1830 2745 2011 2800 animo

423 2841 754 2911 intelligere,
786 2841 1024 2896 inveniet
1048 2839 1206 2894 etiam
1236 2853 1408 2901 nunc,
1437 2852 1560 2896 cum
1591 2836 1886 2906 principatu
1913 2850 2010 2893 eo-

422 2947 544 2989 rum
569 2932 638 2987 ob
663 2932 817 3002 primi
847 2931 1082 3002 parentis
1106 2928 1518 2986 inobedientiam
1539 2927 1776 2983 destituti
1801 2940 2004 2993 sumus,

422 3038 670 3092 magnam
713 3038 780 3078 cx
823 3022 926 3078 illis
969 3021 1126 3079 nobis
1175 3021 1454 3076 utilitatem
1498 3019 1796 3089 provenire.
1843 3017 2004 3072 Multa

423 3113 568 3168 enim
609 3113 733 3168 inde
771 3113 1026 3183 colligunt
1061 3111 1285 3176 medici,
1314 3126 1433 3180 quae
1460 3109 1527 3166 ad
1557 3117 1856 3166 nostrorum
1883 3122 2006 3164 cor-

423 3219 614 3274 porum
643 3204 959 3260 medicinam
987 3212 1044 3260 et
1078 3203 1359 3261 sanitatem
1395 3203 1712 3258 conducant.
1758 3201 2007 3270 Alioquin

424 3296 588 3351 etiam
614 3295 737 3365 quid
765 3295 1069 3350 nocumenti
1097 3309 1161 3350 ex
1192 3292 1420 3348 ferarum
1448 3292 1814 3363 productione,
1841 3306 2009 3362 quan.

423 3387 494 3442 do
522 3387 660 3443 sicut
682 3386 972 3445 domestica
999 3385 1245 3441 animalia
1265 3427 1280 3450 ,
1311 3386 1387 3441 sic
1412 3395 1468 3440 et
1499 3384 1590 3438 illa
1621 3384 1722 3439 sub
1749 3391 2008 3453 potestate

425 3476 602 3533 futura
631 3484 786 3533 erant
814 3475 1064 3544 hominis,
1091 3490 1198 3532 non
1225 3475 1391 3530 multo
1419 3483 1538 3544 post
1563 3473 1868 3530 formandi?
1895 3473 2009 3532 Hoc

423 3569 566 3626 enim
596 3584 737 3624 nunc
761 3568 902 3624 dico.

489 3660 549 3717 6.
579 3660 647 3716 Ut
670 3669 848 3716 autem
876 3660 1052 3716 discas
1081 3660 1319 3715 omnium
1355 3658 1564 3714 Domini
1601 3660 2007 3727 supereminen-

423 3761 532 3808 tem
560 3751 964 3807 beneficentiam
985 3791 1000 3816 ,
1031 3766 1194 3820 quam
1217 3767 1339 3820 erga
1369 3759 1607 3806 nostrum
1633 3765 1800 3820 genus
1827 3751 2007 3806 decla-

423 3853 546 3909 rat,
600 3851 880 3912 postquam
928 3843 1182 3911 expandit
1227 3843 1452 3907 ctelum,
1495 3843 1730 3898 extendit
1770 3851 1963 3898 terram
1989 3883 2008 3913 ,

423 3933 663 3989 condidit
689 3933 1115 4001 firmamentum,
1149 3942 1204 3988 ut
1230 3934 1379 4003 quasi
1408 3943 1614 4003 septum
1640 3934 1851 4005 aliquod
1875 3934 2010 3989 divi-

423 4025 629 4079 sionem
660 4023 797 4078 inter
828 4037 993 4094 aquas
1017 4032 1071 4079 et
1098 4038 1261 4095 aquas
1291 4023 1486 4080 faceret
1515 4040 1528 4077 :
1555 4024 1747 4080 deinde
1777 4034 1831 4080 nt
1853 4025 2011 4094 jussit

428 4130 682 4183 aquarum
715 4113 830 4170 fieri
862 4115 1328 4188 congregationes,
1357 4131 1452 4171 cas
1493 4117 1654 4172 maria
1695 4117 2005 4186 appellavit,

421 4205 624 4260 aridam
661 4214 837 4261 autem
869 4213 1100 4275 terram,
1128 4222 1285 4277 quam
1317 4217 1496 4277 postea
1524 4209 1784 4264 seminum
1813 4208 2008 4264 herba-

422 4311 646 4366 rumque
673 4304 931 4366 proventu
956 4298 1180 4356 ornavit.
1205 4298 1436 4368 Indeque
1463 4300 1670 4354 transiit
1692 4300 1759 4355 ad
1781 4300 2009 4358 duorum

425 4399 740 4454 magnorum
767 4385 1104 4442 luminarium
1141 4386 1532 4455 formationem,
1562 4399 1616 4444 et
1641 4389 1708 4444 ad
1735 4391 2011 4448 stellarum

425 4481 770 4545 varietatem,
808 4481 1000 4552 quibus
1045 4482 1486 4554 pulchritudinem
1533 4483 1649 4538 οωιί
1687 4485 2010 4542 ornatiorem

424 4571 694 4641 reddidit;
745 4583 927 4644 postea
974 4583 1150 4630 autem
1199 4589 1317 4631 cum
1365 4591 1431 4631 ex
1479 4576 1629 4646 aquis
1678 4575 2013 4645 produxisset

424 4664 672 4732 aquatilia
710 4665 998 4720 animantia
1036 4674 1090 4721 et
1126 4667 1390 4732 volatilia,
1416 4681 1534 4738 qua:
1569 4667 1812 4723 volarent
1849 4681 2010 4737 super

428 4765 622 4810 terram
654 4757 944 4812 secundum
968 4758 1358 4814 firmamentum
1383 4759 1520 4825 caeli,
1546 4758 1762 4829 impleto
1781 4764 2012 4832 quinque

423 4847 628 4903 dierum
663 4865 908 4918 numero,
936 4852 1186 4922 quoniam
1218 4852 1493 4921 oportebat
1522 4860 1576 4907 et
1605 4853 1875 4910 terrestria
1899 4855 2014 4908 ani~

425 4939 583 4994 tnalia
627 4939 844 4996 formari
877 4959 891 4996 :
921 4943 1197 5013 imperavit
1225 4950 1283 4996 ut
1319 4950 1374 4998 et
1411 4943 1522 5012 ipsa
1557 4942 1860 5008 ederentur,
1889 4959 2012 4999 cum

425 5045 488 5085 ea
513 5040 633 5101 qua:
659 5031 725 5086 ad
755 5032 954 5096 cibum,
984 5042 1093 5087 tum
1119 5047 1180 5087 ea
1207 5047 1325 5101 quae
1346 5031 1411 5086 ad
1439 5031 1788 5087 ministerium
1813 5033 2014 5089 condu-

423 5121 602 5177 cibilia
623 5162 642 5189 ,
667 5137 767 5178 nec
795 5139 901 5178 non
936 5122 1062 5178 fera:
1104 5132 1158 5178 et
1196 5122 1400 5190 reptilia
1422 5163 1437 5186 ,
1465 5121 1693 5192 denique
1719 5124 1806 5179 ubi
1834 5125 2014 5182 omnia

423 5225 524 5266 suo
567 5222 758 5267 ornatu
796 5213 1058 5277 excoluit,
1091 5220 1145 5266 et
1181 5212 1517 5266 convenienti
1559 5213 1746 5268 ordine
1787 5216 2014 5272 visibilia

425 5302 712 5373 disposuit,
743 5312 796 5356 et
826 5318 1063 5357 mensam
1094 5302 1293 5373 largam
1335 5302 1607 5372 instruxit,
1633 5306 1793 5360 variis
1819 5316 1872 5362 et
1899 5321 2017 5361 om-

426 5393 634 5462 nigenis
658 5392 911 5447 refertam
940 5392 1131 5448 eduliis
1153 5433 1168 5460 ,
1196 5392 1510 5463 copiamque
1547 5403 1601 5449 et
1637 5409 1768 5464 opes
1810 5396 2013 5452 haben-

427 5491 538 5536 tem
563 5522 576 5544 ,
606 5492 659 5536 et
684 5479 834 5551 quasi
859 5481 979 5551 quis
1002 5482 1144 5539 dicat
1173 5484 1370 5554 regiam
1397 5527 1412 5552 ,
1441 5484 1673 5556 undique
1711 5501 1937 5557 superne
1961 5498 2016 5546 et

429 5562 641 5621 inferne
677 5571 836 5626 variis
873 5573 1045 5631 modis
1073 5576 1404 5647 splendidam
1427 5618 1442 5641 ,
1471 5586 1592 5633 tunc
1626 5577 1834 5633 tandem
1868 5577 2015 5636 ilhun

2117 266 2310 323 format
2330 269 2418 337 qui
2446 268 2528 325 bis
2554 269 2798 326 omnibus
2829 271 3081 328 fruiturus
3107 283 3268 338 esset,
3297 275 3384 330 cui
3409 276 3704 338 visibilium

2116 359 2349 413 omnium
2381 369 2695 430 potestatem
2724 362 2913 424 tradat.
2938 374 2990 420 et
3013 365 3243 420 ostendit
3264 376 3462 436 quanto
3487 369 3698 438 dignius

2115 451 2322 505 caeteris
2341 451 2586 507 erunibus
2611 455 2807 509 animal
2833 454 3044 523 formet,
3070 456 3496 526 quandoquidem
3521 463 3697 530 praeei-

2118 542 2226 610 pit,
2257 544 2434 599 omnia
2458 560 2580 616 qua:
2609 547 2742 602 facta
2770 556 2920 602 erant
2946 548 3048 603 sub
3081 549 3221 604 illius
3253 564 3374 608 esse
3399 551 3621 622 imperio
3643 567 3698 610 et

2116 641 2396 703 potestate.

2189 726 2404 782 Muralis
2431 729 2744 797 exhortatio;
2772 731 3046 786 Gen-tilium
3073 736 3290 788 amentia
3316 736 3368 790 in
3397 738 3695 794 animalium

2115 835 2378 888 rerumque
2402 821 2574 877 vilium
2603 823 2759 876 cultu.
2786 854 2858 867 --
2885 824 3080 879 Verum
3110 841 3177 881 ne
3217 827 3423 898 longius
3451 843 3698 888 excurrat

2115 911 2315 980 oratio,
2342 912 2426 967 bis
2449 915 2686 969 contenti
2716 915 2870 971 dictis
2888 957 2901 980 ,
2931 917 2986 971 in
3011 929 3320 989 sequentem
3351 921 3494 978 diem
3535 939 3722 994 repet

2115 1017 2304 1058 namus
2329 1017 2391 1058 ea
2417 1019 2535 1074 qua:
2565 1006 2832 1074 pertinent
2867 1007 2936 1062 ad
2973 1008 3340 1066 formationem
3369 1012 3698 1071 admirabilis

2117 1093 2276 1164 hujus
2317 1096 2562 1152 animalis
2580 1099 2853 1155 rationalis
2870 1108 2925 1156 et
2947 1101 3185 1170 animati,
3209 1103 3439 1161 hominis
3459 1107 3693 1179 inquam,

2115 1201 2258 1242 nunc
2292 1197 2600 1244 consuetam
2627 1189 3038 1247 admonitionem
3066 1193 3408 1261 adhibentes,
3441 1197 3514 1252 ita
3546 1209 3601 1253 ut
3631 1216 3698 1257 ne

2111 1277 2379 1334 dictorum
2408 1282 2664 1336 memoria
2689 1283 2931 1338 elabatur
2959 1301 2975 1340 :
3006 1285 3101 1340 sed
3139 1301 3203 1341 ex
3239 1287 3485 1343 omnibus
3512 1291 3698 1346 visibi-

2115 1367 2255 1424 libus
2281 1369 2348 1424 ad
2377 1371 2752 1427 celebrandum
2785 1374 3064 1429 Dominum
3098 1392 3196 1431 nos
3231 1377 3372 1447 ipsos
3406 1381 3695 1451 erigamus.

2116 1458 2268 1526 Quod
2305 1471 2480 1518 autem
2517 1465 2761 1534 assequi,
2789 1476 2851 1520 et
2873 1477 3237 1523 creaturarum
3267 1470 3504 1526 omnium
3531 1475 3696 1528 ratio-

2116 1565 2238 1605 nem
2271 1555 2728 1622 comprehendere
2771 1571 2878 1611 non
2927 1559 3225 1626 possimus,
3255 1560 3309 1615 id
3338 1577 3406 1618 ne
3441 1565 3512 1619 sit
3545 1566 3700 1623 nobis

2118 1643 2505 1702 incredulitatis
2529 1649 2738 1704 occasio
2756 1689 2772 1718 ,
2803 1651 2897 1706 sed
2925 1652 3100 1720 potius
3125 1653 3193 1707 ad
3227 1654 3558 1712 referendam
3588 1658 3700 1714 Deo

2116 1737 2340 1806 gloriam
2370 1737 2790 1796 incitamentum.
2821 1743 3043 1809 Quando
3067 1746 3214 1801 enim
3246 1746 3424 1803 deficit
3449 1749 3584 1804 ratio
3603 1793 3619 1818 ,
3645 1761 3700 1806 et

2116 1840 2272 1882 mens
2310 1842 2415 1883 non
2451 1837 2533 1886 est
2553 1844 2720 1900 capax
2740 1872 2757 1898 ,
2783 1834 2956 1904 cogita
2981 1849 3140 1905 quam
3169 1850 3388 1908 magnus
3412 1847 3496 1894 est
3522 1839 3702 1894 Domi-

2116 1931 2216 1973 nus
2240 1927 2365 1975 tuus
2387 1962 2402 1988 ,
2431 1930 2488 1977 et
2514 1937 2579 1978 ex
2609 1923 2710 1978 hoc
2737 1923 2854 1995 ipso
2873 1967 2888 1992 ,
2913 1926 3057 1996 quod
3087 1936 3229 1982 tanta
3256 1929 3328 1984 sit
3353 1930 3468 2000 ejus
3497 1932 3661 1987 virtus
3679 1974 3697 2000 ,

2117 2016 2175 2064 ut
2197 2023 2370 2080 neque
2394 2011 2652 2068 rationem
2675 2030 2861 2071 eorum
2887 2031 3006 2086 quae
3033 2017 3100 2073 ab
3124 2019 3220 2074 illo
3247 2019 3385 2076 facta
3415 2031 3539 2078 sunt
3559 2024 3702 2080 scire

2116 2113 2392 2169 queamus.
2423 2101 2536 2158 Hoc
2560 2103 2719 2160 fuerit
2743 2106 2879 2176 grati
2905 2109 3067 2163 animi
3091 2150 3104 2174 ,
3135 2110 3234 2167 hoc
3262 2113 3454 2168 sobriae
3483 2117 3694 2172 mentis.

2120 2189 2379 2258 Quoniam
2413 2203 2469 2248 et
2497 2192 2722 2264 gentiles
2749 2197 2828 2252 sic
2851 2209 3197 2268 erraverunt,
3227 2203 3335 2257 suis
3363 2205 3700 2274 cogitationh

2117 2280 2217 2335 bus
2245 2281 2422 2338 omnia
2452 2284 2849 2352 permittentes,
2881 2299 2935 2342 et
2959 2288 3026 2343 ad
3053 2289 3470 2348 imbecillitatem
3498 2303 3699 2353 natune

2116 2383 2228 2427 sum
2267 2387 2376 2427 non
2413 2373 2758 2444 respicientes
2780 2416 2795 2443 ,
2841 2378 2934 2434 sed
2971 2395 3091 2449 qua:
3125 2382 3261 2437 ultra
3295 2395 3504 2454 captum
3540 2401 3697 2444 suum

2116 2472 2271 2519 erant
2297 2465 2651 2537 imaginaan
2673 2509 2687 2533 ,
2716 2480 2773 2527 et
2797 2471 3022 2527 limitum
3054 2488 3271 2531 suorum
3295 2475 3428 2532 fines
3455 2483 3691 2550 egressi,

2116 2555 2275 2611 etiam
2314 2570 2344 2610 a
2385 2571 2478 2612 sua
2523 2559 2779 2629 dignitate
2813 2563 3142 2620 exciderunt.
3189 2566 3321 2623 Nam
3358 2571 3446 2639 qui
3491 2573 3699 2630 ratione

2117 2646 2350 2718 insigniti
2377 2648 2679 2719 hujusmodi
2715 2653 2998 2722 primatum
3025 2669 3344 2728 acceperant
3368 2676 3399 2715 a
3421 2661 3694 2733 Creatore,

2119 2746 2302 2808 utpote
2329 2741 2573 2797 omnibus
2603 2758 2722 2813 quae
2759 2745 2860 2799 sub
2897 2746 3080 2803 oculos
3107 2748 3303 2806 cadunt
3329 2757 3583 2810 creaturis
3611 2757 3696 2813 di-

2114 2831 2328 2900 gniores
2349 2873 2365 2897 ,
2394 2831 2450 2887 bi
2485 2835 2537 2888 in
2562 2843 2760 2890 tantam
2797 2837 3174 2896 absurditatem
3201 2842 3411 2901 deducti
3441 2857 3563 2902 sunt
3587 2890 3602 2915 ,
3638 2859 3696 2906 ut

2115 2934 2296 2986 canes,
2323 2922 2524 2989 simias,
2553 2935 2607 2980 et
2625 2926 2943 2996 crocodilos,
2965 2939 3021 2985 et
3047 2929 3128 2986 his
3152 2931 3374 2990 l'tediora
3404 2937 3692 2995 adorat-int.

2116 3013 2182 3068 Et
2209 3014 2336 3083 quid
2364 3015 2483 3072 dico
2511 3015 2664 3072 bruta
2693 3020 2984 3076 animalia?
3013 3022 3158 3079 Multi
3195 3040 3378 3081 eorum
3409 3029 3460 3083 in
3493 3039 3696 3088 tantum

2115 3112 2390 3174 stuporem
2417 3114 2472 3161 et
2498 3109 2784 3164 amentiam
2811 3110 3111 3167 inciderunt
3131 3155 3146 3181 ,
3180 3123 3238 3169 ut
3259 3127 3316 3171 et
3342 3117 3463 3172 allia
3483 3160 3498 3185 ,
3530 3130 3584 3175 et
3615 3123 3697 3178 his

2117 3193 2302 3250 vilium
2328 3196 2526 3252 colant.
2557 3199 2842 3269 Propterea
2874 3203 3130 3272 prepheta
3171 3204 3292 3262 illos
3321 3209 3693 3279 subindicaus,

2117 3288 2324 3360 inquit:
2349 3288 2680 3360 Comparate:
2699 3302 2771 3346 est
2790 3293 3033 3363 fumantis
3053 3296 3417 3367 insipientibus,
3447 3312 3494 3356 et
3518 3305 3698 3360 similia

2117 3383 2281 3450 factm
2308 3389 2381 3435 est
2418 3381 2523 3437 illis
2550 3381 2721 3452 (Paul.
2748 3383 2836 3439 48.
2866 3385 2981 3457 Si).
3008 3385 3107 3454 Qui
3139 3389 3362 3458 ratione,
3396 3391 3582 3463 inquit,
3617 3397 3698 3449 in-

2117 3469 2341 3542 signitus
2367 3482 2485 3531 erat
2508 3484 2562 3529 et
2589 3485 2731 3530 tanta
2758 3477 3015 3547 sapientia
3053 3481 3322 3550 praeditus,
3357 3485 3400 3538 is
3427 3485 3592 3542 brutis
3620 3489 3697 3542 fa-

2115 3574 2232 3621 ctus
2261 3573 2344 3620 est
2373 3566 2563 3622 similis
2586 3609 2600 3634 ,
2633 3566 2769 3624 forte
2794 3578 2850 3626 et
2885 3569 3136 3628 deterior.
3169 3573 3262 3629 Illa
3299 3577 3439 3631 enim
3464 3619 3480 3643 ,
3513 3589 3699 3649 utpote

2116 3655 2512 3721 irrationabilia,
2541 3659 2698 3715 nullis
2728 3662 2898 3730 pinnis
2926 3662 3152 3720 obnoxia
3182 3677 3366 3732 erunt;
3397 3669 3486 3739 qui
3515 3681 3693 3728 autem

2115 3747 2319 3802 ratione
2362 3747 2524 3816 pollet
2549 3790 2565 3812 ,
2593 3750 2636 3804 si
2665 3751 2716 3805 in
2747 3751 2957 3807 illorum
2999 3755 3243 3811 inciderit
3272 3758 3649 3818 absurditatem
3674 3803 3694 3831 ,

2116 3838 2304 3893 merito
2333 3853 2517 3908 pinnas
2544 3841 2686 3907 luet,
2717 3843 2953 3914 ingratus
2977 3861 3097 3902 eum
3127 3849 3198 3904 sit
3237 3859 3357 3918 post
3385 3861 3460 3907 tot
3489 3853 3693 3909 benefi-

2114 3928 2216 3986 cia.
2244 3928 2377 3986 Hinc
2401 3929 2628 4000 denique
2651 3943 2706 3988 et
2731 3934 2930 4004 lapides
2949 3947 3003 3992 et
3028 3938 3166 4008 ligna
3187 3941 3317 3995 deos
3339 3946 3695 4016 appellarunt,

2114 4029 2170 4075 et
2208 4021 2322 4075 haec
2364 4021 2585 4076 visibilia
2626 4023 2884 4079 elementa
2932 4027 3063 4084 deos
3105 4029 3395 4090 effecerunt
3431 4041 3595 4109 :qnia
3636 4050 3694 4096 ut

2115 4111 2281 4168 semel
2309 4126 2337 4166 a
2365 4122 2510 4168 recta
2536 4114 2620 4168 via
2647 4116 2980 4186 aberrarunt,
3015 4120 3067 4176 in
3101 4137 3337 4196 praeceps
3371 4127 3575 4185 ivcruut
3594 4174 3609 4200 ,
3639 4145 3695 4190 et

2117 4203 2170 4257 in
2198 4204 2414 4259 malitia:
2439 4205 2757 4274 profundum
2783 4209 3104 4267 inciderunt.

2187 4295 2239 4349 7.
2268 4295 2647 4354 Verumtamen
2677 4313 2775 4355 nos
2801 4315 2971 4371 neque
2990 4304 3067 4359 sic
3087 4304 3155 4361 de
3180 4307 3348 4364 salute
3373 4310 3578 4367 illorum
3604 4313 3698 4371 de.

2115 4403 2409 4457 speremus,
2442 4390 2536 4445 sed
2564 4391 2846 4450 aﬂ‘erentes
2876 4395 2925 4450 id
2955 4398 3094 4469 quod
3125 4417 3287 4470 penes
3317 4419 3412 4458 nos
3439 4415 3541 4472 est,
3572 4421 3698 4463 cum.

2116 4482 2258 4535 omni
2286 4482 2558 4538 alacritate
2582 4492 2638 4539 et
2660 4487 2906 4554 patientia
2933 4489 3034 4546 illis
3057 4491 3337 4562 loquamur
3360 4513 3374 4550 :
3395 4507 3698 4553 monstran-

2119 4580 2197 4628 tes
2225 4583 2333 4628 tum
2361 4574 2439 4628 rei
2464 4573 2876 4645 absurditatem,
2907 4587 3018 4634 tum
3043 4579 3222 4636 damni
3259 4585 3571 4654 gravitatem
3599 4627 3614 4654 ,
3643 4597 3698 4642 et

2117 4681 2403 4736 numquam
2431 4666 2501 4723 de
2537 4667 2748 4724 illorum
2787 4671 2960 4727 salute
2986 4673 3409 4743 despondeamus
3437 4692 3694 4738 animum.

2122 4758 2397 4813 Probabile
2426 4759 2566 4813 enim
2599 4769 2700 4827 est,
2733 4760 2866 4827 fore,
2899 4771 2956 4818 ut
2982 4767 3233 4836 temporis
3262 4783 3540 4838 progressu
3574 4789 3697 4840 pcr-

2120 4848 2470 4913 suadeantur,
2499 4851 2729 4906 maxime
2770 4852 2814 4906 si
2857 4867 2953 4907 nos
2996 4855 3065 4909 ita
3101 4855 3372 4924 vivamus,
3401 4870 3458 4914 ut
3499 4863 3697 4920 nullam

2120 4939 2248 5007 ipsis
2276 4939 2606 5010 prmbeamus
2640 4944 2968 5013 repugnandi
2997 4961 3201 5000 ansam.
3231 4948 3378 5004 Multi
3407 4953 3547 5006 enim
3578 4955 3699 5009 ill-o-

2120 5045 2237 5084 rum
2277 5045 2396 5084 cum
2440 5031 2668 5087 viderint
2713 5044 3014 5090 nostrorum
3051 5038 3256 5108 aliquos
3295 5043 3456 5098 verbo
3485 5045 3699 5114 quidem

2119 5127 2174 5175 et
2196 5120 2452 5176 vocabulo
2467 5120 2796 5180 Christianos
2821 5127 3094 5197 appellari,
3119 5139 3369 5187 caeterum
3394 5135 3530 5188 sicut
3560 5137 3703 5205 ipsos

2121 5227 2342 5282 rapere,
2383 5215 2622 5282 pecunia:
2659 5217 2878 5287 cupidos
2918 5235 3071 5284 esse,
3111 5222 3351 5279 invidere
3375 5268 3388 5289 ,
3430 5227 3699 5292 insidiati,

2121 5303 2272 5358 dolos
2311 5312 2555 5369 nectere,
2584 5307 2792 5377 aliaque
2828 5312 3002 5364 omnia
3041 5311 3218 5369 facere
3240 5354 3257 5382 ,
3287 5318 3521 5386 crapula:
3552 5319 3704 5372 volu-

2124 5395 2358 5466 ptatique
2382 5410 2568 5451 vacare
2588 5438 2603 5464 ,
2635 5399 2833 5454 monita
2868 5413 3044 5457 nostra
3076 5419 3181 5459 non
3211 5405 3346 5460 ultra
3381 5407 3701 5474 admittunt,

2123 5488 2216 5545 sed
2243 5504 2419 5544 omnia
2449 5500 2626 5546 nostra
2657 5490 2920 5548 fallaciam
2947 5497 3268 5563 existimant,
3304 5509 3356 5554 et
3387 5499 3572 5554 iisdem
3602 5499 3703 5552 crio

2128 5582 2502 5639 minationibus
2528 5598 2714 5639 omnes
2739 5599 2859 5641 esse
2886 5586 3158 5644 obnoxios.
3191 5590 3373 5662 Cogito
3401 5591 3579 5666 igitur,
3605 5588 3699 5644 ob-
