  <div class='ocr_page' id='page_1' title='image "/cluster/home/n/w/nwhite01/storage/ocr_20150623/53/hvd.32044054086673/068.png"; bbox 0 0 2047 3102; ppageno 0'>
   <div class='ocr_carea' id='block_1_1' title="bbox 173 117 1820 163">
    <p class='ocr_par' dir='ltr' id='par_1_1' title="bbox 173 117 1820 163">
     <span class='ocr_line' id='line_1_1' title="bbox 173 117 1820 163; baseline 0.016 -27"><span class='ocrx_word' id='word_1_1' title='bbox 173 117 208 148; x_wconf 65' lang='lat'><strong>(,9</strong></span> <span class='ocrx_word' id='word_1_2' title='bbox 729 118 761 146; x_wconf 83' lang='lat' dir='ltr'><strong>IN</strong></span> <span class='ocrx_word' id='word_1_3' title='bbox 780 119 855 148; x_wconf 78' lang='lat' dir='ltr'><strong>CAP.</strong></span> <span class='ocrx_word' id='word_1_4' title='bbox 876 119 896 147; x_wconf 93' lang='lat' dir='ltr'><strong>l.</strong></span> <span class='ocrx_word' id='word_1_5' title='bbox 916 119 1038 149; x_wconf 78' lang='lat' dir='ltr'><strong>GENES.</strong></span> <span class='ocrx_word' id='word_1_6' title='bbox 1061 121 1174 152; x_wconf 66' lang='lat' dir='ltr'><strong>lltllllL.</strong></span> <span class='ocrx_word' id='word_1_7' title='bbox 1197 123 1262 153; x_wconf 74' lang='lat' dir='ltr'><strong>Vill.</strong></span> <span class='ocrx_word' id='word_1_8' title='bbox 1779 134 1820 163; x_wconf 67' lang='grc' dir='ltr'><strong>ηο</strong></span> 
     </span>
    </p>
   </div>
   <div class='ocr_carea' id='block_1_2' title="bbox 172 173 970 212">
    <p class='ocr_par' dir='ltr' id='par_1_2' title="bbox 172 173 970 212">
     <span class='ocr_line' id='line_1_2' title="bbox 172 173 970 212; baseline 0.003 -9"><span class='ocrx_word' id='word_1_9' title='bbox 172 182 260 208; x_wconf 70' lang='lat' dir='ltr'><strong>sacro,</strong></span> <span class='ocrx_word' id='word_1_10' title='bbox 272 176 379 212; x_wconf 81' lang='lat' dir='ltr'><strong>quantis</strong></span> <span class='ocrx_word' id='word_1_11' title='bbox 392 174 431 203; x_wconf 85' lang='lat' dir='ltr'><strong>illi</strong></span> <span class='ocrx_word' id='word_1_12' title='bbox 440 174 513 210; x_wconf 84' lang='lat' dir='ltr'><strong>digni</strong></span> <span class='ocrx_word' id='word_1_13' title='bbox 527 174 585 202; x_wconf 80' lang='lat' dir='ltr'><strong>sint</strong></span> <span class='ocrx_word' id='word_1_14' title='bbox 593 173 742 210; x_wconf 79' lang='lat' dir='ltr'><strong>suppliciis,</strong></span> <span class='ocrx_word' id='word_1_15' title='bbox 757 177 970 212; x_wconf 62' lang='lat' dir='ltr'><strong>quandoquidem</strong></span> 
     </span>
    </p>
   </div>
   <div class='ocr_carea' id='block_1_3' title="bbox 172 221 971 257">
    <p class='ocr_par' dir='ltr' id='par_1_3' title="bbox 172 221 971 257">
     <span class='ocr_line' id='line_1_3' title="bbox 172 221 971 257; baseline 0.001 -7"><span class='ocrx_word' id='word_1_16' title='bbox 172 230 227 250; x_wconf 85' lang='lat' dir='ltr'><strong>non</strong></span> <span class='ocrx_word' id='word_1_17' title='bbox 243 223 328 250; x_wconf 84' lang='lat' dir='ltr'><strong>solum</strong></span> <span class='ocrx_word' id='word_1_18' title='bbox 348 222 398 250; x_wconf 84' lang='lat' dir='ltr'><strong>sibi</strong></span> <span class='ocrx_word' id='word_1_19' title='bbox 413 221 478 257; x_wconf 82' lang='lat' dir='ltr'><strong>ipsis</strong></span> <span class='ocrx_word' id='word_1_20' title='bbox 493 221 736 256; x_wconf 82' lang='lat' dir='ltr'><strong>inexstinguibilem</strong></span> <span class='ocrx_word' id='word_1_21' title='bbox 756 222 842 257; x_wconf 74' lang='lat' dir='ltr'><strong>ignem</strong></span> <span class='ocrx_word' id='word_1_22' title='bbox 861 231 971 251; x_wconf 84' lang='lat' dir='ltr'><strong>coacer-</strong></span> 
     </span>
    </p>
   </div>
   <div class='ocr_carea' id='block_1_4' title="bbox 172 268 971 304">
    <p class='ocr_par' dir='ltr' id='par_1_4' title="bbox 172 268 971 304">
     <span class='ocr_line' id='line_1_4' title="bbox 172 268 971 304; baseline 0.001 -7"><span class='ocrx_word' id='word_1_23' title='bbox 172 275 253 303; x_wconf 73' lang='lat' dir='ltr'><strong>vant,</strong></span> <span class='ocrx_word' id='word_1_24' title='bbox 270 270 318 297; x_wconf 87' lang='lat' dir='ltr'><strong>sed</strong></span> <span class='ocrx_word' id='word_1_25' title='bbox 330 274 357 297; x_wconf 90' lang='lat' dir='ltr'><strong>et</strong></span> <span class='ocrx_word' id='word_1_26' title='bbox 373 269 432 296; x_wconf 87' lang='lat' dir='ltr'><strong>aliis</strong></span> <span class='ocrx_word' id='word_1_27' title='bbox 446 273 570 296; x_wconf 90' lang='lat' dir='ltr'><strong>auctores</strong></span> <span class='ocrx_word' id='word_1_28' title='bbox 582 272 645 295; x_wconf 86' lang='lat' dir='ltr'><strong>sunt</strong></span> <span class='ocrx_word' id='word_1_29' title='bbox 658 273 687 295; x_wconf 92' lang='lat' dir='ltr'><strong>ut</strong></span> <span class='ocrx_word' id='word_1_30' title='bbox 700 268 727 295; x_wconf 90' lang='lat' dir='ltr'><strong>in</strong></span> <span class='ocrx_word' id='word_1_31' title='bbox 741 276 833 297; x_wconf 88' lang='lat' dir='ltr'><strong>errore</strong></span> <span class='ocrx_word' id='word_1_32' title='bbox 846 276 971 304; x_wconf 79' lang='lat' dir='ltr'><strong>perseve-</strong></span> 
     </span>
    </p>
   </div>
   <div class='ocr_carea' id='block_1_5' title="bbox 174 313 971 349">
    <p class='ocr_par' dir='ltr' id='par_1_5' title="bbox 174 313 971 349">
     <span class='ocr_line' id='line_1_5' title="bbox 174 313 971 349; baseline 0.001 -6"><span class='ocrx_word' id='word_1_33' title='bbox 174 320 244 348; x_wconf 87' lang='lat' dir='ltr'><strong>rent,</strong></span> <span class='ocrx_word' id='word_1_34' title='bbox 258 320 288 343; x_wconf 84' lang='lat' dir='ltr'><strong>et:</strong></span> <span class='ocrx_word' id='word_1_35' title='bbox 299 323 332 342; x_wconf 88' lang='lat' dir='ltr'><strong>ne</strong></span> <span class='ocrx_word' id='word_1_36' title='bbox 346 314 472 342; x_wconf 88' lang='lat' dir='ltr'><strong>virtutem</strong></span> <span class='ocrx_word' id='word_1_37' title='bbox 486 313 635 346; x_wconf 87' lang='lat' dir='ltr'><strong>addiscant,</strong></span> <span class='ocrx_word' id='word_1_38' title='bbox 651 314 776 342; x_wconf 88' lang='lat' dir='ltr'><strong>obturent</strong></span> <span class='ocrx_word' id='word_1_39' title='bbox 794 323 883 349; x_wconf 80' lang='lat' dir='ltr'><strong>aures,</strong></span> <span class='ocrx_word' id='word_1_40' title='bbox 898 321 924 343; x_wconf 91' lang='lat' dir='ltr'><strong>ct</strong></span> <span class='ocrx_word' id='word_1_41' title='bbox 937 317 971 344; x_wconf 87' lang='lat' dir='ltr'><strong>ad</strong></span> 
     </span>
    </p>
   </div>
   <div class='ocr_carea' id='block_1_6' title="bbox 174 360 970 393">
    <p class='ocr_par' dir='ltr' id='par_1_6' title="bbox 174 360 970 393">
     <span class='ocr_line' id='line_1_6' title="bbox 174 360 970 393; baseline 0.003 -5"><span class='ocrx_word' id='word_1_42' title='bbox 174 361 232 389; x_wconf 58' lang='lat' dir='ltr'><strong>hate</strong></span> <span class='ocrx_word' id='word_1_43' title='bbox 246 361 272 388; x_wconf 89' lang='lat' dir='ltr'><strong>in</strong></span> <span class='ocrx_word' id='word_1_44' title='bbox 292 368 371 388; x_wconf 87' lang='lat' dir='ltr'><strong>causa</strong></span> <span class='ocrx_word' id='word_1_45' title='bbox 389 365 468 393; x_wconf 88' lang='lat' dir='ltr'><strong>sunt,</strong></span> <span class='ocrx_word' id='word_1_46' title='bbox 486 366 514 387; x_wconf 93' lang='lat' dir='ltr'><strong>ut</strong></span> <span class='ocrx_word' id='word_1_47' title='bbox 527 360 607 388; x_wconf 84' lang='lat' dir='ltr'><strong>etiam</strong></span> <span class='ocrx_word' id='word_1_48' title='bbox 622 360 747 388; x_wconf 83' lang='lat' dir='ltr'><strong>virtutum</strong></span> <span class='ocrx_word' id='word_1_49' title='bbox 763 362 875 389; x_wconf 86' lang='lat' dir='ltr'><strong>studiosi</strong></span> <span class='ocrx_word' id='word_1_50' title='bbox 890 370 970 390; x_wconf 89' lang='lat' dir='ltr'><strong>accu-</strong></span> 
     </span>
    </p>
   </div>
   <div class='ocr_carea' id='block_1_7' title="bbox 173 405 970 442">
    <p class='ocr_par' dir='ltr' id='par_1_7' title="bbox 173 405 970 442">
     <span class='ocr_line' id='line_1_7' title="bbox 173 405 970 442; baseline 0 -8"><span class='ocrx_word' id='word_1_51' title='bbox 173 412 280 441; x_wconf 66' lang='lat' dir='ltr'><strong>santur,</strong></span> <span class='ocrx_word' id='word_1_52' title='bbox 291 411 318 434; x_wconf 87' lang='lat' dir='ltr'><strong>et</strong></span> <span class='ocrx_word' id='word_1_53' title='bbox 331 405 571 442; x_wconf 75' lang='lat' dir='ltr'><strong>reprehendantur,</strong></span> <span class='ocrx_word' id='word_1_54' title='bbox 587 410 615 433; x_wconf 89' lang='lat' dir='ltr'><strong>et</strong></span> <span class='ocrx_word' id='word_1_55' title='bbox 628 405 699 441; x_wconf 89' lang='lat' dir='ltr'><strong>quod</strong></span> <span class='ocrx_word' id='word_1_56' title='bbox 712 407 829 433; x_wconf 88' lang='lat' dir='ltr'><strong>omnium</strong></span> <span class='ocrx_word' id='word_1_57' title='bbox 844 408 970 442; x_wconf 73' lang='lat' dir='ltr'><strong>gravissi-</strong></span> 
     </span>
    </p>
   </div>
   <div class='ocr_carea' id='block_1_8' title="bbox 174 451 970 488">
    <p class='ocr_par' dir='ltr' id='par_1_8' title="bbox 174 451 970 488">
     <span class='ocr_line' id='line_1_8' title="bbox 174 451 970 488; baseline 0 -8"><span class='ocrx_word' id='word_1_58' title='bbox 174 461 257 485; x_wconf 87' lang='lat' dir='ltr'><strong>nuun,</strong></span> <span class='ocrx_word' id='word_1_59' title='bbox 270 459 318 488; x_wconf 83' lang='lat' dir='ltr'><strong>per</strong></span> <span class='ocrx_word' id='word_1_60' title='bbox 332 453 404 488; x_wconf 89' lang='lat' dir='ltr'><strong>ipsos</strong></span> <span class='ocrx_word' id='word_1_61' title='bbox 418 452 547 479; x_wconf 87' lang='lat' dir='ltr'><strong>Dominus</strong></span> <span class='ocrx_word' id='word_1_62' title='bbox 559 451 768 486; x_wconf 73' lang='lat' dir='ltr'><strong>blasphematur.</strong></span> <span class='ocrx_word' id='word_1_63' title='bbox 784 452 861 480; x_wconf 80' lang='lat' dir='ltr'><strong>Vides</strong></span> <span class='ocrx_word' id='word_1_64' title='bbox 874 457 970 488; x_wconf 88' lang='lat' dir='ltr'><strong>quanta</strong></span> 
     </span>
    </p>
   </div>
   <div class='ocr_carea' id='block_1_9' title="bbox 174 498 970 534">
    <p class='ocr_par' dir='ltr' id='par_1_9' title="bbox 174 498 970 534">
     <span class='ocr_line' id='line_1_9' title="bbox 174 498 970 534; baseline 0.001 -8"><span class='ocrx_word' id='word_1_65' title='bbox 174 500 282 527; x_wconf 74' lang='lat' dir='ltr'><strong>malitia:</strong></span> <span class='ocrx_word' id='word_1_66' title='bbox 296 498 445 534; x_wconf 79' lang='lat' dir='ltr'><strong>pernicies?</strong></span> <span class='ocrx_word' id='word_1_67' title='bbox 459 498 534 526; x_wconf 87' lang='lat' dir='ltr'><strong>vides</strong></span> <span class='ocrx_word' id='word_1_68' title='bbox 548 498 684 533; x_wconf 91' lang='lat' dir='ltr'><strong>quomodo</strong></span> <span class='ocrx_word' id='word_1_69' title='bbox 697 505 750 525; x_wconf 92' lang='lat' dir='ltr'><strong>non</strong></span> <span class='ocrx_word' id='word_1_70' title='bbox 766 499 867 534; x_wconf 80' lang='lat' dir='ltr'><strong>vulgari</strong></span> <span class='ocrx_word' id='word_1_71' title='bbox 885 507 970 534; x_wconf 70' lang='lat' dir='ltr'><strong>poenio</strong></span> 
     </span>
    </p>
   </div>
   <div class='ocr_carea' id='block_1_10' title="bbox 174 543 971 579">
    <p class='ocr_par' dir='ltr' id='par_1_10' title="bbox 174 543 971 579">
     <span class='ocr_line' id='line_1_10' title="bbox 174 543 971 579; baseline 0 -7"><span class='ocrx_word' id='word_1_72' title='bbox 174 544 304 572; x_wconf 79' lang='lat' dir='ltr'><strong>obnoxios</strong></span> <span class='ocrx_word' id='word_1_73' title='bbox 318 551 348 572; x_wconf 89' lang='lat' dir='ltr'><strong>se</strong></span> <span class='ocrx_word' id='word_1_74' title='bbox 362 544 536 575; x_wconf 90' lang='lat' dir='ltr'><strong>constituant,</strong></span> <span class='ocrx_word' id='word_1_75' title='bbox 551 544 596 579; x_wconf 88' lang='lat' dir='ltr'><strong>qui</strong></span> <span class='ocrx_word' id='word_1_76' title='bbox 612 543 709 570; x_wconf 88' lang='lat' dir='ltr'><strong>malttm</strong></span> <span class='ocrx_word' id='word_1_77' title='bbox 725 548 870 577; x_wconf 75' lang='lat' dir='ltr'><strong>sectantur,</strong></span> <span class='ocrx_word' id='word_1_78' title='bbox 885 545 931 572; x_wconf 87' lang='lat' dir='ltr'><strong>sed</strong></span> <span class='ocrx_word' id='word_1_79' title='bbox 944 550 971 572; x_wconf 91' lang='lat' dir='ltr'><strong>et</strong></span> 
     </span>
    </p>
   </div>
   <div class='ocr_carea' id='block_1_11' title="bbox 174 588 970 625">
    <p class='ocr_par' dir='ltr' id='par_1_11' title="bbox 174 588 970 625">
     <span class='ocr_line' id='line_1_11' title="bbox 174 588 970 625; baseline 0 -8"><span class='ocrx_word' id='word_1_80' title='bbox 174 590 259 617; x_wconf 83' lang='lat' dir='ltr'><strong>multo</strong></span> <span class='ocrx_word' id='word_1_81' title='bbox 279 590 459 625; x_wconf 78' lang='lat' dir='ltr'><strong>gravissiinm,</strong></span> <span class='ocrx_word' id='word_1_82' title='bbox 476 588 498 616; x_wconf 91' lang='lat' dir='ltr'><strong>si</strong></span> <span class='ocrx_word' id='word_1_83' title='bbox 516 588 645 624; x_wconf 89' lang='lat' dir='ltr'><strong>supplicia</strong></span> <span class='ocrx_word' id='word_1_84' title='bbox 668 596 716 623; x_wconf 92' lang='lat' dir='ltr'><strong>pro</strong></span> <span class='ocrx_word' id='word_1_85' title='bbox 737 589 858 616; x_wconf 90' lang='lat' dir='ltr'><strong>omnibus</strong></span> <span class='ocrx_word' id='word_1_86' title='bbox 880 590 970 617; x_wconf 90' lang='lat' dir='ltr'><strong>lnituri</strong></span> 
     </span>
    </p>
   </div>
   <div class='ocr_carea' id='block_1_12' title="bbox 174 634 969 670">
    <p class='ocr_par' dir='ltr' id='par_1_12' title="bbox 174 634 969 670">
     <span class='ocr_line' id='line_1_12' title="bbox 174 634 969 670; baseline -0.001 -7"><span class='ocrx_word' id='word_1_87' title='bbox 174 641 247 668; x_wconf 90' lang='lat' dir='ltr'><strong>sunt,</strong></span> <span class='ocrx_word' id='word_1_88' title='bbox 261 644 313 663; x_wconf 91' lang='lat' dir='ltr'><strong>non</strong></span> <span class='ocrx_word' id='word_1_89' title='bbox 327 636 412 663; x_wconf 87' lang='lat' dir='ltr'><strong>solum</strong></span> <span class='ocrx_word' id='word_1_90' title='bbox 426 642 475 670; x_wconf 87' lang='lat' dir='ltr'><strong>pro</strong></span> <span class='ocrx_word' id='word_1_91' title='bbox 487 642 534 662; x_wconf 90' lang='lat' dir='ltr'><strong>sua</strong></span> <span class='ocrx_word' id='word_1_92' title='bbox 547 635 706 669; x_wconf 86' lang='lat' dir='ltr'><strong>perditione,</strong></span> <span class='ocrx_word' id='word_1_93' title='bbox 719 634 766 662; x_wconf 87' lang='lat' dir='ltr'><strong>sed</strong></span> <span class='ocrx_word' id='word_1_94' title='bbox 779 640 806 662; x_wconf 86' lang='lat' dir='ltr'><strong>et</strong></span> <span class='ocrx_word' id='word_1_95' title='bbox 819 643 866 670; x_wconf 90' lang='lat' dir='ltr'><strong>pro</strong></span> <span class='ocrx_word' id='word_1_96' title='bbox 878 643 969 663; x_wconf 91' lang='lat' dir='ltr'><strong>erran-</strong></span> 
     </span>
    </p>
   </div>
   <div class='ocr_carea' id='block_1_13' title="bbox 175 681 969 717">
    <p class='ocr_par' dir='ltr' id='par_1_13' title="bbox 175 681 969 717">
     <span class='ocr_line' id='line_1_13' title="bbox 175 681 969 717; baseline 0 -8"><span class='ocrx_word' id='word_1_97' title='bbox 175 682 240 709; x_wconf 88' lang='lat' dir='ltr'><strong>tium</strong></span> <span class='ocrx_word' id='word_1_98' title='bbox 256 682 382 710; x_wconf 73' lang='lat' dir='ltr'><strong>samdalo</strong></span> <span class='ocrx_word' id='word_1_99' title='bbox 392 702 399 714; x_wconf 91' lang='lat'><strong>,</strong></span> <span class='ocrx_word' id='word_1_100' title='bbox 413 687 440 709; x_wconf 90' lang='lat' dir='ltr'><strong>et</strong></span> <span class='ocrx_word' id='word_1_101' title='bbox 454 689 503 717; x_wconf 88' lang='lat' dir='ltr'><strong>pro</strong></span> <span class='ocrx_word' id='word_1_102' title='bbox 518 681 704 709; x_wconf 90' lang='lat' dir='ltr'><strong>criminatione</strong></span> <span class='ocrx_word' id='word_1_103' title='bbox 723 681 866 715; x_wconf 89' lang='lat' dir='ltr'><strong>proborum</strong></span> <span class='ocrx_word' id='word_1_104' title='bbox 883 681 969 709; x_wconf 90' lang='lat' dir='ltr'><strong>homi-</strong></span> 
     </span>
    </p>
   </div>
   <div class='ocr_carea' id='block_1_14' title="bbox 174 726 969 762">
    <p class='ocr_par' dir='ltr' id='par_1_14' title="bbox 174 726 969 762">
     <span class='ocr_line' id='line_1_14' title="bbox 174 726 969 762; baseline -0.001 -6"><span class='ocrx_word' id='word_1_105' title='bbox 174 736 249 760; x_wconf 90' lang='lat' dir='ltr'><strong>num,</strong></span> <span class='ocrx_word' id='word_1_106' title='bbox 265 733 293 756; x_wconf 92' lang='lat' dir='ltr'><strong>et</strong></span> <span class='ocrx_word' id='word_1_107' title='bbox 307 735 355 762; x_wconf 88' lang='lat' dir='ltr'><strong>pro</strong></span> <span class='ocrx_word' id='word_1_108' title='bbox 374 727 537 762; x_wconf 89' lang='lat' dir='ltr'><strong>blasphemia</strong></span> <span class='ocrx_word' id='word_1_109' title='bbox 553 727 578 754; x_wconf 92' lang='lat' dir='ltr'><strong>in</strong></span> <span class='ocrx_word' id='word_1_110' title='bbox 594 727 698 755; x_wconf 86' lang='lat' dir='ltr'><strong>Deum?</strong></span> <span class='ocrx_word' id='word_1_111' title='bbox 713 727 775 754; x_wconf 65' lang='lat' dir='ltr'><strong>Haec</strong></span> <span class='ocrx_word' id='word_1_112' title='bbox 790 726 869 762; x_wconf 78' lang='lat' dir='ltr'><strong>igitur</strong></span> <span class='ocrx_word' id='word_1_113' title='bbox 881 728 969 755; x_wconf 88' lang='lat' dir='ltr'><strong>omnia</strong></span> 
     </span>
    </p>
   </div>
   <div class='ocr_carea' id='block_1_15' title="bbox 172 772 969 810">
    <p class='ocr_par' dir='ltr' id='par_1_15' title="bbox 172 772 969 810">
     <span class='ocr_line' id='line_1_15' title="bbox 172 772 969 810; baseline 0 -9"><span class='ocrx_word' id='word_1_114' title='bbox 172 775 340 810; x_wconf 76' lang='lat' dir='ltr'><strong>cogitemus,</strong></span> <span class='ocrx_word' id='word_1_115' title='bbox 364 780 414 801; x_wconf 90' lang='lat' dir='ltr'><strong>nec</strong></span> <span class='ocrx_word' id='word_1_116' title='bbox 436 778 554 801; x_wconf 89' lang='lat' dir='ltr'><strong>nostram</strong></span> <span class='ocrx_word' id='word_1_117' title='bbox 580 772 693 800; x_wconf 90' lang='lat' dir='ltr'><strong>salutem</strong></span> <span class='ocrx_word' id='word_1_118' title='bbox 718 772 881 807; x_wconf 85' lang='lat' dir='ltr'><strong>ncgligamus</strong></span> <span class='ocrx_word' id='word_1_119' title='bbox 899 782 905 799; x_wconf 90' lang='lat'><strong>:</strong></span> <span class='ocrx_word' id='word_1_120' title='bbox 922 773 969 801; x_wconf 83' lang='lat' dir='ltr'><strong>sed</strong></span> 
     </span>
    </p>
   </div>
   <div class='ocr_carea' id='block_1_16' title="bbox 173 818 968 855">
    <p class='ocr_par' dir='ltr' id='par_1_16' title="bbox 173 818 968 855">
     <span class='ocr_line' id='line_1_16' title="bbox 173 818 968 855; baseline -0.003 -7"><span class='ocrx_word' id='word_1_121' title='bbox 173 826 268 855; x_wconf 86' lang='lat' dir='ltr'><strong>magna</strong></span> <span class='ocrx_word' id='word_1_122' title='bbox 287 820 365 847; x_wconf 89' lang='lat' dir='ltr'><strong>nobis</strong></span> <span class='ocrx_word' id='word_1_123' title='bbox 379 819 413 846; x_wconf 86' lang='lat' dir='ltr'><strong>sit</strong></span> <span class='ocrx_word' id='word_1_124' title='bbox 427 826 489 846; x_wconf 89' lang='lat' dir='ltr'><strong>cura</strong></span> <span class='ocrx_word' id='word_1_125' title='bbox 509 824 537 846; x_wconf 94' lang='lat' dir='ltr'><strong>ut</strong></span> <span class='ocrx_word' id='word_1_126' title='bbox 558 819 705 847; x_wconf 85' lang='lat' dir='ltr'><strong>secundum</strong></span> <span class='ocrx_word' id='word_1_127' title='bbox 726 818 808 845; x_wconf 88' lang='lat' dir='ltr'><strong>Dettm</strong></span> <span class='ocrx_word' id='word_1_128' title='bbox 827 819 968 852; x_wconf 89' lang='lat' dir='ltr'><strong>vivamus,</strong></span> 
     </span>
    </p>
   </div>
   <div class='ocr_carea' id='block_1_17' title="bbox 173 863 969 897">
    <p class='ocr_par' dir='ltr' id='par_1_17' title="bbox 173 863 969 897">
     <span class='ocr_line' id='line_1_17' title="bbox 173 863 969 897; baseline -0.003 -4"><span class='ocrx_word' id='word_1_129' title='bbox 173 866 288 893; x_wconf 79' lang='lat' dir='ltr'><strong>scientes</strong></span> <span class='ocrx_word' id='word_1_130' title='bbox 312 872 361 892; x_wconf 89' lang='lat' dir='ltr'><strong>nos</strong></span> <span class='ocrx_word' id='word_1_131' title='bbox 384 864 444 891; x_wconf 90' lang='lat' dir='ltr'><strong>inde</strong></span> <span class='ocrx_word' id='word_1_132' title='bbox 467 864 583 891; x_wconf 79' lang='lat' dir='ltr'><strong>maxime</strong></span> <span class='ocrx_word' id='word_1_133' title='bbox 607 864 648 891; x_wconf 83' lang='lat' dir='ltr'><strong>vel</strong></span> <span class='ocrx_word' id='word_1_134' title='bbox 670 863 904 897; x_wconf 77' lang='lat' dir='ltr'><strong>condemnandos,</strong></span> <span class='ocrx_word' id='word_1_135' title='bbox 926 864 969 891; x_wconf 96' lang='lat' dir='ltr'><strong>vel</strong></span> 
     </span>
    </p>
   </div>
   <div class='ocr_carea' id='block_1_18' title="bbox 173 908 969 944">
    <p class='ocr_par' dir='ltr' id='par_1_18' title="bbox 173 908 969 944">
     <span class='ocr_line' id='line_1_18' title="bbox 173 908 969 944; baseline -0.001 -7"><span class='ocrx_word' id='word_1_136' title='bbox 173 910 243 937; x_wconf 87' lang='lat' dir='ltr'><strong>illius</strong></span> <span class='ocrx_word' id='word_1_137' title='bbox 257 909 433 937; x_wconf 88' lang='lat' dir='ltr'><strong>beneﬁcentia</strong></span> <span class='ocrx_word' id='word_1_138' title='bbox 447 909 605 944; x_wconf 82' lang='lat' dir='ltr'><strong>dignaudos.</strong></span> <span class='ocrx_word' id='word_1_139' title='bbox 628 908 674 936; x_wconf 88' lang='lat' dir='ltr'><strong>Sic</strong></span> <span class='ocrx_word' id='word_1_140' title='bbox 692 909 771 944; x_wconf 90' lang='lat' dir='ltr'><strong>igitur</strong></span> <span class='ocrx_word' id='word_1_141' title='bbox 785 909 872 936; x_wconf 90' lang='lat' dir='ltr'><strong>omnia</strong></span> <span class='ocrx_word' id='word_1_142' title='bbox 888 909 969 937; x_wconf 86' lang='lat' dir='ltr'><strong>facia-</strong></span> 
     </span>
    </p>
   </div>
   <div class='ocr_carea' id='block_1_19' title="bbox 173 954 969 990">
    <p class='ocr_par' dir='ltr' id='par_1_19' title="bbox 173 954 969 990">
     <span class='ocr_line' id='line_1_19' title="bbox 173 954 969 990; baseline -0.001 -7"><span class='ocrx_word' id='word_1_143' title='bbox 173 963 233 983; x_wconf 87' lang='lat' dir='ltr'><strong>mus</strong></span> <span class='ocrx_word' id='word_1_144' title='bbox 245 975 252 987; x_wconf 93' lang='lat'><strong>,</strong></span> <span class='ocrx_word' id='word_1_145' title='bbox 265 959 296 982; x_wconf 83' lang='lat' dir='ltr'><strong>ut</strong></span> <span class='ocrx_word' id='word_1_146' title='bbox 312 959 340 982; x_wconf 92' lang='lat' dir='ltr'><strong>et</strong></span> <span class='ocrx_word' id='word_1_147' title='bbox 353 962 402 982; x_wconf 88' lang='lat' dir='ltr'><strong>nos</strong></span> <span class='ocrx_word' id='word_1_148' title='bbox 415 954 441 981; x_wconf 91' lang='lat' dir='ltr'><strong>in</strong></span> <span class='ocrx_word' id='word_1_149' title='bbox 456 962 522 990; x_wconf 88' lang='lat' dir='ltr'><strong>pura</strong></span> <span class='ocrx_word' id='word_1_150' title='bbox 535 954 699 982; x_wconf 85' lang='lat' dir='ltr'><strong>conscientia</strong></span> <span class='ocrx_word' id='word_1_151' title='bbox 713 961 866 987; x_wconf 76' lang='lat' dir='ltr'><strong>versemur,</strong></span> <span class='ocrx_word' id='word_1_152' title='bbox 882 958 909 982; x_wconf 88' lang='lat' dir='ltr'><strong>et</strong></span> <span class='ocrx_word' id='word_1_153' title='bbox 922 961 969 982; x_wconf 86' lang='lat' dir='ltr'><strong>eos</strong></span> 
     </span>
    </p>
   </div>
   <div class='ocr_carea' id='block_1_20' title="bbox 174 999 968 1036">
    <p class='ocr_par' dir='ltr' id='par_1_20' title="bbox 174 999 968 1036">
     <span class='ocr_line' id='line_1_20' title="bbox 174 999 968 1036; baseline -0.003 -9"><span class='ocrx_word' id='word_1_154' title='bbox 174 1001 219 1036; x_wconf 86' lang='lat' dir='ltr'><strong>qui</strong></span> <span class='ocrx_word' id='word_1_155' title='bbox 235 1000 321 1028; x_wconf 86' lang='lat' dir='ltr'><strong>adhuc</strong></span> <span class='ocrx_word' id='word_1_156' title='bbox 333 1004 440 1031; x_wconf 90' lang='lat' dir='ltr'><strong>errant,</strong></span> <span class='ocrx_word' id='word_1_157' title='bbox 453 1003 545 1027; x_wconf 90' lang='lat' dir='ltr'><strong>nostro</strong></span> <span class='ocrx_word' id='word_1_158' title='bbox 559 999 704 1026; x_wconf 88' lang='lat' dir='ltr'><strong>secundum</strong></span> <span class='ocrx_word' id='word_1_159' title='bbox 720 999 802 1026; x_wconf 90' lang='lat' dir='ltr'><strong>Deum</strong></span> <span class='ocrx_word' id='word_1_160' title='bbox 816 999 877 1026; x_wconf 75' lang='lat' dir='ltr'><strong>vita:</strong></span> <span class='ocrx_word' id='word_1_161' title='bbox 890 999 968 1026; x_wconf 87' lang='lat' dir='ltr'><strong>insti-</strong></span> 
     </span>
    </p>
   </div>
   <div class='ocr_carea' id='block_1_21' title="bbox 175 1044 968 1080">
    <p class='ocr_par' dir='ltr' id='par_1_21' title="bbox 175 1044 968 1080">
     <span class='ocr_line' id='line_1_21' title="bbox 175 1044 968 1080; baseline -0.001 -7"><span class='ocrx_word' id='word_1_162' title='bbox 175 1050 235 1073; x_wconf 85' lang='lat' dir='ltr'><strong>tuto</strong></span> <span class='ocrx_word' id='word_1_163' title='bbox 253 1045 286 1072; x_wconf 87' lang='lat' dir='ltr'><strong>ad</strong></span> <span class='ocrx_word' id='word_1_164' title='bbox 303 1045 442 1073; x_wconf 82' lang='lat' dir='ltr'><strong>veritatem</strong></span> <span class='ocrx_word' id='word_1_165' title='bbox 464 1045 687 1078; x_wconf 89' lang='lat' dir='ltr'><strong>manuducamus,</strong></span> <span class='ocrx_word' id='word_1_166' title='bbox 708 1048 736 1072; x_wconf 96' lang='lat' dir='ltr'><strong>ut</strong></span> <span class='ocrx_word' id='word_1_167' title='bbox 753 1052 802 1080; x_wconf 88' lang='lat' dir='ltr'><strong>per</strong></span> <span class='ocrx_word' id='word_1_168' title='bbox 821 1052 869 1072; x_wconf 92' lang='lat' dir='ltr'><strong>nos</strong></span> <span class='ocrx_word' id='word_1_169' title='bbox 882 1049 910 1072; x_wconf 90' lang='lat' dir='ltr'><strong>et</strong></span> <span class='ocrx_word' id='word_1_170' title='bbox 922 1044 968 1072; x_wconf 88' lang='lat' dir='ltr'><strong>alii</strong></span> 
     </span>
    </p>
   </div>
   <div class='ocr_carea' id='block_1_22' title="bbox 177 1089 965 1125">
    <p class='ocr_par' dir='ltr' id='par_1_22' title="bbox 177 1089 965 1125">
     <span class='ocr_line' id='line_1_22' title="bbox 177 1089 965 1125; baseline -0.001 -8"><span class='ocrx_word' id='word_1_171' title='bbox 177 1097 271 1118; x_wconf 86' lang='lat' dir='ltr'><strong>omnes</strong></span> <span class='ocrx_word' id='word_1_172' title='bbox 283 1090 327 1125; x_wconf 90' lang='lat' dir='ltr'><strong>qui</strong></span> <span class='ocrx_word' id='word_1_173' title='bbox 341 1089 417 1117; x_wconf 90' lang='lat' dir='ltr'><strong>nobis</strong></span> <span class='ocrx_word' id='word_1_174' title='bbox 427 1094 659 1123; x_wconf 83' lang='lat' dir='ltr'><strong>eonnumerantur,</strong></span> <span class='ocrx_word' id='word_1_175' title='bbox 671 1089 740 1117; x_wconf 88' lang='lat' dir='ltr'><strong>bona</strong></span> <span class='ocrx_word' id='word_1_176' title='bbox 754 1090 821 1117; x_wconf 89' lang='lat' dir='ltr'><strong>fama</strong></span> <span class='ocrx_word' id='word_1_177' title='bbox 834 1089 965 1123; x_wconf 83' lang='lat' dir='ltr'><strong>fruantur,</strong></span> 
     </span>
    </p>
   </div>
   <div class='ocr_carea' id='block_1_23' title="bbox 176 1135 967 1171">
    <p class='ocr_par' dir='ltr' id='par_1_23' title="bbox 176 1135 967 1171">
     <span class='ocr_line' id='line_1_23' title="bbox 176 1135 967 1171; baseline -0.001 -7"><span class='ocrx_word' id='word_1_178' title='bbox 176 1141 204 1164; x_wconf 91' lang='lat' dir='ltr'><strong>et</strong></span> <span class='ocrx_word' id='word_1_179' title='bbox 215 1141 277 1164; x_wconf 84' lang='lat' dir='ltr'><strong>ante</strong></span> <span class='ocrx_word' id='word_1_180' title='bbox 294 1136 383 1163; x_wconf 87' lang='lat' dir='ltr'><strong>omnia</strong></span> <span class='ocrx_word' id='word_1_181' title='bbox 400 1136 564 1171; x_wconf 84' lang='lat' dir='ltr'><strong>gloriﬁcetur</strong></span> <span class='ocrx_word' id='word_1_182' title='bbox 576 1136 703 1163; x_wconf 90' lang='lat' dir='ltr'><strong>Dominus</strong></span> <span class='ocrx_word' id='word_1_183' title='bbox 717 1141 824 1169; x_wconf 87' lang='lat' dir='ltr'><strong>noster,</strong></span> <span class='ocrx_word' id='word_1_184' title='bbox 841 1140 867 1163; x_wconf 88' lang='lat' dir='ltr'><strong>et</strong></span> <span class='ocrx_word' id='word_1_185' title='bbox 881 1135 967 1171; x_wconf 82' lang='lat' dir='ltr'><strong>majo-</strong></span> 
     </span>
    </p>
   </div>
   <div class='ocr_carea' id='block_1_24' title="bbox 174 1182 968 1218">
    <p class='ocr_par' dir='ltr' id='par_1_24' title="bbox 174 1182 968 1218">
     <span class='ocr_line' id='line_1_24' title="bbox 174 1182 968 1218; baseline 0.003 -9"><span class='ocrx_word' id='word_1_186' title='bbox 174 1190 231 1210; x_wconf 90' lang='lat' dir='ltr'><strong>rem</strong></span> <span class='ocrx_word' id='word_1_187' title='bbox 244 1182 327 1209; x_wconf 85' lang='lat' dir='ltr'><strong>nostri</strong></span> <span class='ocrx_word' id='word_1_188' title='bbox 337 1189 428 1210; x_wconf 88' lang='lat' dir='ltr'><strong>curam</strong></span> <span class='ocrx_word' id='word_1_189' title='bbox 441 1186 525 1217; x_wconf 89' lang='lat' dir='ltr'><strong>gerat.</strong></span> <span class='ocrx_word' id='word_1_190' title='bbox 541 1182 606 1209; x_wconf 86' lang='lat' dir='ltr'><strong>Nam</strong></span> <span class='ocrx_word' id='word_1_191' title='bbox 619 1190 679 1210; x_wconf 92' lang='lat' dir='ltr'><strong>cum</strong></span> <span class='ocrx_word' id='word_1_192' title='bbox 692 1183 718 1210; x_wconf 91' lang='lat' dir='ltr'><strong>in</strong></span> <span class='ocrx_word' id='word_1_193' title='bbox 733 1189 782 1210; x_wconf 92' lang='lat' dir='ltr'><strong>nos</strong></span> <span class='ocrx_word' id='word_1_194' title='bbox 794 1183 968 1218; x_wconf 80' lang='lat' dir='ltr'><strong>respicientes</strong></span> 
     </span>
    </p>
   </div>
   <div class='ocr_carea' id='block_1_25' title="bbox 173 1227 968 1263">
    <p class='ocr_par' dir='ltr' id='par_1_25' title="bbox 173 1227 968 1263">
     <span class='ocr_line' id='line_1_25' title="bbox 173 1227 968 1263; baseline 0.001 -8"><span class='ocrx_word' id='word_1_195' title='bbox 173 1227 294 1255; x_wconf 87' lang='lat' dir='ltr'><strong>homines</strong></span> <span class='ocrx_word' id='word_1_196' title='bbox 306 1228 408 1255; x_wconf 85' lang='lat' dir='ltr'><strong>lucrum</strong></span> <span class='ocrx_word' id='word_1_197' title='bbox 422 1227 595 1263; x_wconf 89' lang='lat' dir='ltr'><strong>reportabunt</strong></span> <span class='ocrx_word' id='word_1_198' title='bbox 604 1249 611 1261; x_wconf 96' lang='lat'><strong>,</strong></span> <span class='ocrx_word' id='word_1_199' title='bbox 625 1233 652 1255; x_wconf 88' lang='lat' dir='ltr'><strong>et</strong></span> <span class='ocrx_word' id='word_1_200' title='bbox 665 1227 769 1255; x_wconf 89' lang='lat' dir='ltr'><strong>laudem</strong></span> <span class='ocrx_word' id='word_1_201' title='bbox 786 1228 812 1255; x_wconf 92' lang='lat' dir='ltr'><strong>in</strong></span> <span class='ocrx_word' id='word_1_202' title='bbox 829 1228 911 1256; x_wconf 91' lang='lat' dir='ltr'><strong>Deum</strong></span> <span class='ocrx_word' id='word_1_203' title='bbox 925 1236 968 1256; x_wconf 69' lang='grc' dir='ltr'><strong>τοι</strong></span> 
     </span>
    </p>
   </div>
   <div class='ocr_carea' id='block_1_26' title="bbox 173 1272 966 1309">
    <p class='ocr_par' dir='ltr' id='par_1_26' title="bbox 173 1272 966 1309">
     <span class='ocr_line' id='line_1_26' title="bbox 173 1272 966 1309; baseline 0.003 -10"><span class='ocrx_word' id='word_1_204' title='bbox 173 1272 275 1305; x_wconf 77' lang='lat' dir='ltr'><strong>ferent.</strong></span> <span class='ocrx_word' id='word_1_205' title='bbox 291 1272 353 1300; x_wconf 89' lang='lat' dir='ltr'><strong>inde</strong></span> <span class='ocrx_word' id='word_1_206' title='bbox 372 1277 399 1301; x_wconf 89' lang='lat' dir='ltr'><strong>et</strong></span> <span class='ocrx_word' id='word_1_207' title='bbox 418 1281 468 1300; x_wconf 92' lang='lat' dir='ltr'><strong>nos</strong></span> <span class='ocrx_word' id='word_1_208' title='bbox 487 1274 546 1308; x_wconf 91' lang='lat' dir='ltr'><strong>plus</strong></span> <span class='ocrx_word' id='word_1_209' title='bbox 564 1273 661 1301; x_wconf 72' lang='lat' dir='ltr'><strong>divina:</strong></span> <span class='ocrx_word' id='word_1_210' title='bbox 679 1274 771 1309; x_wconf 78' lang='lat' dir='ltr'><strong>gratiae</strong></span> <span class='ocrx_word' id='word_1_211' title='bbox 784 1281 966 1309; x_wconf 84' lang='lat' dir='ltr'><strong>assequemur.</strong></span> 
     </span>
    </p>
   </div>
   <div class='ocr_carea' id='block_1_27' title="bbox 172 1319 967 1356">
    <p class='ocr_par' dir='ltr' id='par_1_27' title="bbox 172 1319 967 1356">
     <span class='ocr_line' id='line_1_27' title="bbox 172 1319 967 1356; baseline 0.001 -10"><span class='ocrx_word' id='word_1_212' title='bbox 172 1319 241 1353; x_wconf 85' lang='lat' dir='ltr'><strong>Quid</strong></span> <span class='ocrx_word' id='word_1_213' title='bbox 254 1319 325 1346; x_wconf 90' lang='lat' dir='ltr'><strong>enim</strong></span> <span class='ocrx_word' id='word_1_214' title='bbox 341 1319 444 1347; x_wconf 84' lang='lat' dir='ltr'><strong>beatius</strong></span> <span class='ocrx_word' id='word_1_215' title='bbox 459 1320 565 1347; x_wconf 89' lang='lat' dir='ltr'><strong>homine</strong></span> <span class='ocrx_word' id='word_1_216' title='bbox 577 1321 622 1355; x_wconf 91' lang='lat' dir='ltr'><strong>qui</strong></span> <span class='ocrx_word' id='word_1_217' title='bbox 641 1320 680 1348; x_wconf 90' lang='lat' dir='ltr'><strong>sic</strong></span> <span class='ocrx_word' id='word_1_218' title='bbox 694 1321 774 1352; x_wconf 85' lang='lat' dir='ltr'><strong>vivit,</strong></span> <span class='ocrx_word' id='word_1_219' title='bbox 789 1325 817 1347; x_wconf 88' lang='lat' dir='ltr'><strong>ut</strong></span> <span class='ocrx_word' id='word_1_220' title='bbox 829 1325 855 1347; x_wconf 89' lang='lat' dir='ltr'><strong>et</strong></span> <span class='ocrx_word' id='word_1_221' title='bbox 869 1321 913 1356; x_wconf 89' lang='lat' dir='ltr'><strong>qui</strong></span> <span class='ocrx_word' id='word_1_222' title='bbox 928 1320 967 1347; x_wconf 92' lang='lat' dir='ltr'><strong>vi-</strong></span> 
     </span>
    </p>
   </div>
   <div class='ocr_carea' id='block_1_28' title="bbox 172 1366 966 1402">
    <p class='ocr_par' dir='ltr' id='par_1_28' title="bbox 172 1366 966 1402">
     <span class='ocr_line' id='line_1_28' title="bbox 172 1366 966 1402; baseline 0 -9"><span class='ocrx_word' id='word_1_223' title='bbox 172 1366 237 1393; x_wconf 91' lang='lat' dir='ltr'><strong>dent</strong></span> <span class='ocrx_word' id='word_1_224' title='bbox 247 1366 445 1401; x_wconf 87' lang='lat' dir='ltr'><strong>obstupescant,</strong></span> <span class='ocrx_word' id='word_1_225' title='bbox 457 1370 484 1393; x_wconf 91' lang='lat' dir='ltr'><strong>et</strong></span> <span class='ocrx_word' id='word_1_226' title='bbox 494 1366 591 1398; x_wconf 82' lang='lat' dir='ltr'><strong>dicant,</strong></span> <span class='ocrx_word' id='word_1_227' title='bbox 604 1366 693 1394; x_wconf 83' lang='lat' dir='ltr'><strong>Gloria</strong></span> <span class='ocrx_word' id='word_1_228' title='bbox 706 1367 763 1400; x_wconf 89' lang='lat' dir='ltr'><strong>tibi,</strong></span> <span class='ocrx_word' id='word_1_229' title='bbox 777 1367 863 1399; x_wconf 82' lang='lat' dir='ltr'><strong>Deus;</strong></span> <span class='ocrx_word' id='word_1_230' title='bbox 874 1367 966 1402; x_wconf 88' lang='lat' dir='ltr'><strong>quales</strong></span> 
     </span>
    </p>
   </div>
   <div class='ocr_carea' id='block_1_29' title="bbox 172 1410 964 1447">
    <p class='ocr_par' dir='ltr' id='par_1_29' title="bbox 172 1410 964 1447">
     <span class='ocr_line' id='line_1_29' title="bbox 172 1410 964 1447; baseline 0.001 -8"><span class='ocrx_word' id='word_1_231' title='bbox 172 1417 233 1439; x_wconf 82' lang='lat' dir='ltr'><strong>sunt</strong></span> <span class='ocrx_word' id='word_1_232' title='bbox 244 1410 387 1439; x_wconf 88' lang='lat' dir='ltr'><strong>Christiani</strong></span> <span class='ocrx_word' id='word_1_233' title='bbox 399 1412 405 1438; x_wconf 85' lang='lat' dir='ltr'><strong>l</strong></span> <span class='ocrx_word' id='word_1_234' title='bbox 417 1415 541 1447; x_wconf 85' lang='lat' dir='ltr'><strong>quantam</strong></span> <span class='ocrx_word' id='word_1_235' title='bbox 554 1420 609 1447; x_wconf 79' lang='lat' dir='ltr'><strong>pra:</strong></span> <span class='ocrx_word' id='word_1_236' title='bbox 618 1419 648 1439; x_wconf 87' lang='lat' dir='ltr'><strong>se</strong></span> <span class='ocrx_word' id='word_1_237' title='bbox 656 1412 743 1440; x_wconf 88' lang='lat' dir='ltr'><strong>ferunt</strong></span> <span class='ocrx_word' id='word_1_238' title='bbox 754 1412 946 1447; x_wconf 90' lang='lat' dir='ltr'><strong>philosophiam</strong></span> <span class='ocrx_word' id='word_1_239' title='bbox 956 1411 964 1440; x_wconf 89' lang='lat' dir='ltr'><strong>l</strong></span> 
     </span>
    </p>
   </div>
   <div class='ocr_carea' id='block_1_30' title="bbox 172 1456 966 1492">
    <p class='ocr_par' dir='ltr' id='par_1_30' title="bbox 172 1456 966 1492">
     <span class='ocr_line' id='line_1_30' title="bbox 172 1456 966 1492; baseline 0.003 -9"><span class='ocrx_word' id='word_1_240' title='bbox 172 1456 308 1491; x_wconf 89' lang='lat' dir='ltr'><strong>quomodo</strong></span> <span class='ocrx_word' id='word_1_241' title='bbox 319 1456 467 1491; x_wconf 88' lang='lat' dir='ltr'><strong>despiciunt</strong></span> <span class='ocrx_word' id='word_1_242' title='bbox 480 1458 621 1492; x_wconf 74' lang='lat' dir='ltr'><strong>pnesentia</strong></span> <span class='ocrx_word' id='word_1_243' title='bbox 633 1458 639 1484; x_wconf 86' lang='lat'>!</span> <span class='ocrx_word' id='word_1_244' title='bbox 654 1458 788 1492; x_wconf 89' lang='lat' dir='ltr'><strong>quomodo</strong></span> <span class='ocrx_word' id='word_1_245' title='bbox 801 1458 889 1485; x_wconf 89' lang='lat' dir='ltr'><strong>omnia</strong></span> <span class='ocrx_word' id='word_1_246' title='bbox 902 1458 966 1492; x_wconf 84' lang='lat' dir='ltr'><strong>ipsis</strong></span> 
     </span>
    </p>
   </div>
   <div class='ocr_carea' id='block_1_31' title="bbox 171 1501 965 1537">
    <p class='ocr_par' dir='ltr' id='par_1_31' title="bbox 171 1501 965 1537">
     <span class='ocr_line' id='line_1_31' title="bbox 171 1501 965 1537; baseline 0.001 -8"><span class='ocrx_word' id='word_1_247' title='bbox 171 1501 264 1529; x_wconf 87' lang='lat' dir='ltr'><strong>umbra</strong></span> <span class='ocrx_word' id='word_1_248' title='bbox 276 1505 303 1529; x_wconf 89' lang='lat' dir='ltr'><strong>et</strong></span> <span class='ocrx_word' id='word_1_249' title='bbox 315 1502 446 1528; x_wconf 88' lang='lat' dir='ltr'><strong>somnium</strong></span> <span class='ocrx_word' id='word_1_250' title='bbox 459 1506 624 1537; x_wconf 82' lang='lat' dir='ltr'><strong>rcputantur,</strong></span> <span class='ocrx_word' id='word_1_251' title='bbox 633 1507 661 1530; x_wconf 90' lang='lat' dir='ltr'><strong>et</strong></span> <span class='ocrx_word' id='word_1_252' title='bbox 672 1503 737 1529; x_wconf 87' lang='lat' dir='ltr'><strong>nulli</strong></span> <span class='ocrx_word' id='word_1_253' title='bbox 747 1502 890 1530; x_wconf 87' lang='lat' dir='ltr'><strong>visibilium</strong></span> <span class='ocrx_word' id='word_1_254' title='bbox 903 1507 965 1530; x_wconf 87' lang='lat' dir='ltr'><strong>sunt</strong></span> 
     </span>
    </p>
   </div>
   <div class='ocr_carea' id='block_1_32' title="bbox 170 1546 964 1583">
    <p class='ocr_par' dir='ltr' id='par_1_32' title="bbox 170 1546 964 1583">
     <span class='ocr_line' id='line_1_32' title="bbox 170 1546 964 1583; baseline 0.004 -10"><span class='ocrx_word' id='word_1_255' title='bbox 170 1547 258 1579; x_wconf 73' lang='lat' dir='ltr'><strong>afﬁxi;</strong></span> <span class='ocrx_word' id='word_1_256' title='bbox 274 1546 320 1574; x_wconf 88' lang='lat' dir='ltr'><strong>sed</strong></span> <span class='ocrx_word' id='word_1_257' title='bbox 334 1547 422 1574; x_wconf 88' lang='lat' dir='ltr'><strong>omnia</strong></span> <span class='ocrx_word' id='word_1_258' title='bbox 436 1547 594 1582; x_wconf 87' lang='lat' dir='ltr'><strong>transigunt,</strong></span> <span class='ocrx_word' id='word_1_259' title='bbox 609 1547 678 1575; x_wconf 84' lang='lat' dir='ltr'><strong>sicut</strong></span> <span class='ocrx_word' id='word_1_260' title='bbox 690 1548 707 1575; x_wconf 92' lang='lat' dir='ltr'><strong>ii</strong></span> <span class='ocrx_word' id='word_1_261' title='bbox 719 1549 763 1583; x_wconf 90' lang='lat' dir='ltr'><strong>qui</strong></span> <span class='ocrx_word' id='word_1_262' title='bbox 774 1548 800 1576; x_wconf 90' lang='lat' dir='ltr'><strong>in</strong></span> <span class='ocrx_word' id='word_1_263' title='bbox 814 1553 884 1576; x_wconf 87' lang='lat' dir='ltr'><strong>terra</strong></span> <span class='ocrx_word' id='word_1_264' title='bbox 897 1548 964 1576; x_wconf 87' lang='lat' dir='ltr'><strong>alie-</strong></span> 
     </span>
    </p>
   </div>
   <div class='ocr_carea' id='block_1_33' title="bbox 170 1592 964 1629">
    <p class='ocr_par' dir='ltr' id='par_1_33' title="bbox 170 1592 964 1629">
     <span class='ocr_line' id='line_1_33' title="bbox 170 1592 964 1629; baseline 0.004 -10"><span class='ocrx_word' id='word_1_265' title='bbox 170 1600 204 1620; x_wconf 91' lang='lat' dir='ltr'><strong>na</strong></span> <span class='ocrx_word' id='word_1_266' title='bbox 226 1596 307 1627; x_wconf 89' lang='lat' dir='ltr'><strong>agunt</strong></span> <span class='ocrx_word' id='word_1_267' title='bbox 323 1592 472 1628; x_wconf 89' lang='lat' dir='ltr'><strong>peregrini,</strong></span> <span class='ocrx_word' id='word_1_268' title='bbox 486 1598 514 1621; x_wconf 88' lang='lat' dir='ltr'><strong>et</strong></span> <span class='ocrx_word' id='word_1_269' title='bbox 526 1593 644 1628; x_wconf 86' lang='lat' dir='ltr'><strong>quotidie</strong></span> <span class='ocrx_word' id='word_1_270' title='bbox 657 1594 773 1629; x_wconf 86' lang='lat' dir='ltr'><strong>migrare</strong></span> <span class='ocrx_word' id='word_1_271' title='bbox 789 1602 822 1622; x_wconf 80' lang='lat' dir='ltr'><strong>ex</strong></span> <span class='ocrx_word' id='word_1_272' title='bbox 843 1594 893 1622; x_wconf 88' lang='lat' dir='ltr'><strong>hac</strong></span> <span class='ocrx_word' id='word_1_273' title='bbox 910 1595 964 1622; x_wconf 89' lang='lat' dir='ltr'><strong>vita</strong></span> 
     </span>
    </p>
   </div>
   <div class='ocr_carea' id='block_1_34' title="bbox 169 1638 964 1675">
    <p class='ocr_par' dir='ltr' id='par_1_34' title="bbox 169 1638 964 1675">
     <span class='ocr_line' id='line_1_34' title="bbox 169 1638 964 1675; baseline 0.004 -9"><span class='ocrx_word' id='word_1_274' title='bbox 169 1639 280 1673; x_wconf 85' lang='lat' dir='ltr'><strong>cupiunt</strong></span> <span class='ocrx_word' id='word_1_275' title='bbox 300 1643 326 1667; x_wconf 91' lang='lat' dir='ltr'><strong>et</strong></span> <span class='ocrx_word' id='word_1_276' title='bbox 346 1638 492 1667; x_wconf 86' lang='lat' dir='ltr'><strong>anhelant!</strong></span> <span class='ocrx_word' id='word_1_277' title='bbox 512 1639 643 1673; x_wconf 85' lang='lat' dir='ltr'><strong>Quantam</strong></span> <span class='ocrx_word' id='word_1_278' title='bbox 665 1645 741 1675; x_wconf 88' lang='lat' dir='ltr'><strong>putas</strong></span> <span class='ocrx_word' id='word_1_279' title='bbox 755 1641 836 1669; x_wconf 89' lang='lat' dir='ltr'><strong>verba</strong></span> <span class='ocrx_word' id='word_1_280' title='bbox 856 1641 914 1669; x_wconf 65' lang='lat' dir='ltr'><strong>hare</strong></span> <span class='ocrx_word' id='word_1_281' title='bbox 930 1641 964 1669; x_wconf 86' lang='lat' dir='ltr'><strong>iis</strong></span> 
     </span>
    </p>
   </div>
   <div class='ocr_carea' id='block_1_35' title="bbox 168 1684 964 1719">
    <p class='ocr_par' dir='ltr' id='par_1_35' title="bbox 168 1684 964 1719">
     <span class='ocr_line' id='line_1_35' title="bbox 168 1684 964 1719; baseline 0.004 -8"><span class='ocrx_word' id='word_1_282' title='bbox 168 1684 213 1719; x_wconf 90' lang='lat' dir='ltr'><strong>qui</strong></span> <span class='ocrx_word' id='word_1_283' title='bbox 227 1684 267 1712; x_wconf 89' lang='lat' dir='ltr'><strong>sic</strong></span> <span class='ocrx_word' id='word_1_284' title='bbox 278 1684 380 1717; x_wconf 87' lang='lat' dir='ltr'><strong>vivunt,</strong></span> <span class='ocrx_word' id='word_1_285' title='bbox 394 1685 474 1712; x_wconf 87' lang='lat' dir='ltr'><strong>etiam</strong></span> <span class='ocrx_word' id='word_1_286' title='bbox 487 1684 530 1712; x_wconf 91' lang='lat' dir='ltr'><strong>hic</strong></span> <span class='ocrx_word' id='word_1_287' title='bbox 543 1693 558 1712; x_wconf 90' lang='lat' dir='ltr'><strong>a</strong></span> <span class='ocrx_word' id='word_1_288' title='bbox 572 1685 626 1713; x_wconf 92' lang='lat' dir='ltr'><strong>Deo</strong></span> <span class='ocrx_word' id='word_1_289' title='bbox 641 1686 791 1714; x_wconf 85' lang='lat' dir='ltr'><strong>mercedem</strong></span> <span class='ocrx_word' id='word_1_290' title='bbox 803 1686 917 1714; x_wconf 78' lang='lat' dir='ltr'><strong>alferre?</strong></span> <span class='ocrx_word' id='word_1_291' title='bbox 930 1687 964 1714; x_wconf 85' lang='lat' dir='ltr'><strong>Et</strong></span> 
     </span>
    </p>
   </div>
   <div class='ocr_carea' id='block_1_36' title="bbox 170 1729 963 1767">
    <p class='ocr_par' dir='ltr' id='par_1_36' title="bbox 170 1729 963 1767">
     <span class='ocr_line' id='line_1_36' title="bbox 170 1729 963 1767; baseline 0.005 -12"><span class='ocrx_word' id='word_1_292' title='bbox 170 1729 240 1764; x_wconf 77' lang='lat' dir='ltr'><strong>quod</strong></span> <span class='ocrx_word' id='word_1_293' title='bbox 252 1729 330 1756; x_wconf 83' lang='lat' dir='ltr'><strong>valde</strong></span> <span class='ocrx_word' id='word_1_294' title='bbox 343 1729 500 1757; x_wconf 86' lang='lat' dir='ltr'><strong>admirabile</strong></span> <span class='ocrx_word' id='word_1_295' title='bbox 514 1737 545 1757; x_wconf 86' lang='lat' dir='ltr'><strong>ac</strong></span> <span class='ocrx_word' id='word_1_296' title='bbox 559 1730 728 1765; x_wconf 86' lang='lat' dir='ltr'><strong>stupendum,</strong></span> <span class='ocrx_word' id='word_1_297' title='bbox 742 1732 822 1759; x_wconf 88' lang='lat' dir='ltr'><strong>etiam</strong></span> <span class='ocrx_word' id='word_1_298' title='bbox 836 1732 854 1759; x_wconf 90' lang='lat' dir='ltr'><strong>ii</strong></span> <span class='ocrx_word' id='word_1_299' title='bbox 867 1732 911 1767; x_wconf 88' lang='lat' dir='ltr'><strong>qui</strong></span> <span class='ocrx_word' id='word_1_300' title='bbox 924 1737 963 1759; x_wconf 88' lang='lat' dir='ltr'><strong>ta-</strong></span> 
     </span>
    </p>
   </div>
   <div class='ocr_carea' id='block_1_37' title="bbox 169 1774 962 1810">
    <p class='ocr_par' dir='ltr' id='par_1_37' title="bbox 169 1774 962 1810">
     <span class='ocr_line' id='line_1_37' title="bbox 169 1774 962 1810; baseline 0.005 -9"><span class='ocrx_word' id='word_1_301' title='bbox 169 1774 204 1801; x_wconf 85' lang='lat' dir='ltr'><strong>lia</strong></span> <span class='ocrx_word' id='word_1_302' title='bbox 218 1774 251 1802; x_wconf 87' lang='lat' dir='ltr'><strong>de</strong></span> <span class='ocrx_word' id='word_1_303' title='bbox 264 1774 340 1801; x_wconf 87' lang='lat' dir='ltr'><strong>nobis</strong></span> <span class='ocrx_word' id='word_1_304' title='bbox 352 1774 481 1808; x_wconf 88' lang='lat' dir='ltr'><strong>judicant,</strong></span> <span class='ocrx_word' id='word_1_305' title='bbox 495 1775 568 1802; x_wconf 81' lang='lat' dir='ltr'><strong>brevi</strong></span> <span class='ocrx_word' id='word_1_306' title='bbox 582 1775 616 1802; x_wconf 90' lang='lat' dir='ltr'><strong>ab</strong></span> <span class='ocrx_word' id='word_1_307' title='bbox 632 1783 724 1803; x_wconf 87' lang='lat' dir='ltr'><strong>errore</strong></span> <span class='ocrx_word' id='word_1_308' title='bbox 736 1776 876 1810; x_wconf 86' lang='lat' dir='ltr'><strong>desistent,</strong></span> <span class='ocrx_word' id='word_1_309' title='bbox 889 1782 917 1805; x_wconf 89' lang='lat' dir='ltr'><strong>et</strong></span> <span class='ocrx_word' id='word_1_310' title='bbox 928 1778 962 1805; x_wconf 85' lang='lat' dir='ltr'><strong>ad</strong></span> 
     </span>
    </p>
   </div>
   <div class='ocr_carea' id='block_1_38' title="bbox 170 1819 961 1856">
    <p class='ocr_par' dir='ltr' id='par_1_38' title="bbox 170 1819 961 1856">
     <span class='ocr_line' id='line_1_38' title="bbox 170 1819 961 1856; baseline 0.005 -10"><span class='ocrx_word' id='word_1_311' title='bbox 170 1820 307 1846; x_wconf 83' lang='lat' dir='ltr'><strong>veritatem</strong></span> <span class='ocrx_word' id='word_1_312' title='bbox 322 1819 455 1846; x_wconf 89' lang='lat' dir='ltr'><strong>redibunt.</strong></span> <span class='ocrx_word' id='word_1_313' title='bbox 471 1819 526 1847; x_wconf 92' lang='lat' dir='ltr'><strong>lloc</strong></span> <span class='ocrx_word' id='word_1_314' title='bbox 543 1828 607 1847; x_wconf 89' lang='lat' dir='ltr'><strong>vero</strong></span> <span class='ocrx_word' id='word_1_315' title='bbox 626 1826 751 1856; x_wconf 88' lang='lat' dir='ltr'><strong>quantam</strong></span> <span class='ocrx_word' id='word_1_316' title='bbox 766 1821 820 1848; x_wconf 90' lang='lat' dir='ltr'><strong>illic</strong></span> <span class='ocrx_word' id='word_1_317' title='bbox 839 1822 961 1850; x_wconf 82' lang='lat' dir='ltr'><strong>ﬁduciam</strong></span> 
     </span>
    </p>
   </div>
   <div class='ocr_carea' id='block_1_39' title="bbox 169 1864 962 1896">
    <p class='ocr_par' dir='ltr' id='par_1_39' title="bbox 169 1864 962 1896">
     <span class='ocr_line' id='line_1_39' title="bbox 169 1864 962 1896; baseline 0.005 -5"><span class='ocrx_word' id='word_1_318' title='bbox 169 1864 281 1896; x_wconf 90' lang='lat' dir='ltr'><strong>all&#39;erat,</strong></span> <span class='ocrx_word' id='word_1_319' title='bbox 297 1864 362 1891; x_wconf 90' lang='lat' dir='ltr'><strong>nulli</strong></span> <span class='ocrx_word' id='word_1_320' title='bbox 384 1872 436 1891; x_wconf 90' lang='lat' dir='ltr'><strong>non</strong></span> <span class='ocrx_word' id='word_1_321' title='bbox 458 1865 625 1893; x_wconf 76' lang='lat' dir='ltr'><strong>mattit&#39;t:stum</strong></span> <span class='ocrx_word' id='word_1_322' title='bbox 643 1871 693 1893; x_wconf 89' lang='lat' dir='ltr'><strong>est.</strong></span> <span class='ocrx_word' id='word_1_323' title='bbox 715 1866 829 1894; x_wconf 85' lang='lat' dir='ltr'><strong>Proinde</strong></span> <span class='ocrx_word' id='word_1_324' title='bbox 848 1867 962 1895; x_wconf 85' lang='lat' dir='ltr'><strong>scientes</strong></span> 
     </span>
    </p>
   </div>
   <div class='ocr_carea' id='block_1_40' title="bbox 169 1909 961 1946">
    <p class='ocr_par' dir='ltr' id='par_1_40' title="bbox 169 1909 961 1946">
     <span class='ocr_line' id='line_1_40' title="bbox 169 1909 961 1946; baseline 0.005 -10"><span class='ocrx_word' id='word_1_325' title='bbox 169 1917 219 1937; x_wconf 92' lang='lat' dir='ltr'><strong>nos</strong></span> <span class='ocrx_word' id='word_1_326' title='bbox 233 1915 260 1937; x_wconf 87' lang='lat' dir='ltr'><strong>ct</strong></span> <span class='ocrx_word' id='word_1_327' title='bbox 274 1909 309 1937; x_wconf 85' lang='lat' dir='ltr'><strong>de</strong></span> <span class='ocrx_word' id='word_1_328' title='bbox 329 1909 403 1937; x_wconf 87' lang='lat' dir='ltr'><strong>lucro</strong></span> <span class='ocrx_word' id='word_1_329' title='bbox 421 1914 448 1937; x_wconf 88' lang='lat' dir='ltr'><strong>et</strong></span> <span class='ocrx_word' id='word_1_330' title='bbox 466 1910 500 1937; x_wconf 90' lang='lat' dir='ltr'><strong>de</strong></span> <span class='ocrx_word' id='word_1_331' title='bbox 518 1910 616 1937; x_wconf 78' lang='lat' dir='ltr'><strong>damno</strong></span> <span class='ocrx_word' id='word_1_332' title='bbox 633 1911 816 1946; x_wconf 85' lang='lat' dir='ltr'><strong>proximorum</strong></span> <span class='ocrx_word' id='word_1_333' title='bbox 831 1913 961 1941; x_wconf 88' lang='lat' dir='ltr'><strong>rationem</strong></span> 
     </span>
    </p>
   </div>
   <div class='ocr_carea' id='block_1_41' title="bbox 169 1954 961 1989">
    <p class='ocr_par' dir='ltr' id='par_1_41' title="bbox 169 1954 961 1989">
     <span class='ocr_line' id='line_1_41' title="bbox 169 1954 961 1989; baseline 0.008 -9"><span class='ocrx_word' id='word_1_334' title='bbox 169 1954 278 1981; x_wconf 80' lang='lat' dir='ltr'><strong>daturos</strong></span> <span class='ocrx_word' id='word_1_335' title='bbox 290 1962 367 1986; x_wconf 83' lang='lat' dir='ltr'><strong>esse,</strong></span> <span class='ocrx_word' id='word_1_336' title='bbox 381 1955 420 1982; x_wconf 89' lang='lat' dir='ltr'><strong>sic</strong></span> <span class='ocrx_word' id='word_1_337' title='bbox 433 1955 512 1982; x_wconf 87' lang='lat' dir='ltr'><strong>vitam</strong></span> <span class='ocrx_word' id='word_1_338' title='bbox 528 1960 645 1983; x_wconf 90' lang='lat' dir='ltr'><strong>nostram</strong></span> <span class='ocrx_word' id='word_1_339' title='bbox 661 1956 829 1985; x_wconf 84' lang='lat' dir='ltr'><strong>instituamus</strong></span> <span class='ocrx_word' id='word_1_340' title='bbox 841 1978 848 1989; x_wconf 90' lang='lat'><strong>,</strong></span> <span class='ocrx_word' id='word_1_341' title='bbox 865 1963 892 1985; x_wconf 91' lang='lat' dir='ltr'><strong>ut</strong></span> <span class='ocrx_word' id='word_1_342' title='bbox 907 1966 961 1987; x_wconf 89' lang='lat' dir='ltr'><strong>non</strong></span> 
     </span>
    </p>
   </div>
   <div class='ocr_carea' id='block_1_42' title="bbox 168 1999 960 2033">
    <p class='ocr_par' dir='ltr' id='par_1_42' title="bbox 168 1999 960 2033">
     <span class='ocr_line' id='line_1_42' title="bbox 168 1999 960 2033; baseline 0.006 -7"><span class='ocrx_word' id='word_1_343' title='bbox 168 1999 256 2026; x_wconf 84' lang='lat' dir='ltr'><strong>solum</strong></span> <span class='ocrx_word' id='word_1_344' title='bbox 278 1999 354 2027; x_wconf 88' lang='lat' dir='ltr'><strong>nobis</strong></span> <span class='ocrx_word' id='word_1_345' title='bbox 373 2000 485 2027; x_wconf 90' lang='lat' dir='ltr'><strong>sufliciat</strong></span> <span class='ocrx_word' id='word_1_346' title='bbox 495 2021 503 2033; x_wconf 96' lang='lat'><strong>,</strong></span> <span class='ocrx_word' id='word_1_347' title='bbox 518 2000 565 2028; x_wconf 88' lang='lat' dir='ltr'><strong>sed</strong></span> <span class='ocrx_word' id='word_1_348' title='bbox 580 2006 606 2029; x_wconf 92' lang='lat' dir='ltr'><strong>et</strong></span> <span class='ocrx_word' id='word_1_349' title='bbox 621 2002 681 2029; x_wconf 89' lang='lat' dir='ltr'><strong>aliis</strong></span> <span class='ocrx_word' id='word_1_350' title='bbox 696 2002 757 2030; x_wconf 90' lang='lat' dir='ltr'><strong>inde</strong></span> <span class='ocrx_word' id='word_1_351' title='bbox 770 2003 898 2031; x_wconf 68' lang='lat' dir='ltr'><strong>doctrina:</strong></span> <span class='ocrx_word' id='word_1_352' title='bbox 913 2011 960 2031; x_wconf 89' lang='lat' dir='ltr'><strong>oc-</strong></span> 
     </span>
    </p>
   </div>
   <div class='ocr_carea' id='block_1_43' title="bbox 167 2046 961 2085">
    <p class='ocr_par' dir='ltr' id='par_1_43' title="bbox 167 2046 961 2085">
     <span class='ocr_line' id='line_1_43' title="bbox 167 2046 961 2085; baseline 0.005 -12"><span class='ocrx_word' id='word_1_353' title='bbox 167 2046 240 2073; x_wconf 87' lang='lat' dir='ltr'><strong>casio</strong></span> <span class='ocrx_word' id='word_1_354' title='bbox 258 2046 386 2078; x_wconf 85' lang='lat' dir='ltr'><strong>accedat,</strong></span> <span class='ocrx_word' id='word_1_355' title='bbox 404 2051 432 2074; x_wconf 93' lang='lat' dir='ltr'><strong>ut</strong></span> <span class='ocrx_word' id='word_1_356' title='bbox 446 2051 473 2074; x_wconf 92' lang='lat' dir='ltr'><strong>ct</strong></span> <span class='ocrx_word' id='word_1_357' title='bbox 488 2047 532 2075; x_wconf 90' lang='lat' dir='ltr'><strong>hie</strong></span> <span class='ocrx_word' id='word_1_358' title='bbox 547 2055 669 2084; x_wconf 88' lang='lat' dir='ltr'><strong>magnam</strong></span> <span class='ocrx_word' id='word_1_359' title='bbox 684 2048 729 2076; x_wconf 90' lang='lat' dir='ltr'><strong>Dei</strong></span> <span class='ocrx_word' id='word_1_360' title='bbox 751 2050 863 2085; x_wconf 78' lang='lat' dir='ltr'><strong>gratiam</strong></span> <span class='ocrx_word' id='word_1_361' title='bbox 883 2050 961 2078; x_wconf 88' lang='lat' dir='ltr'><strong>uobis</strong></span> 
     </span>
    </p>
   </div>
   <div class='ocr_carea' id='block_1_44' title="bbox 168 2092 959 2130">
    <p class='ocr_par' dir='ltr' id='par_1_44' title="bbox 168 2092 959 2130">
     <span class='ocr_line' id='line_1_44' title="bbox 168 2092 959 2130; baseline 0.006 -11"><span class='ocrx_word' id='word_1_362' title='bbox 168 2092 356 2126; x_wconf 85' lang='lat' dir='ltr'><strong>conciliemus,</strong></span> <span class='ocrx_word' id='word_1_363' title='bbox 371 2097 398 2121; x_wconf 92' lang='lat' dir='ltr'><strong>et</strong></span> <span class='ocrx_word' id='word_1_364' title='bbox 412 2094 438 2121; x_wconf 91' lang='lat' dir='ltr'><strong>in</strong></span> <span class='ocrx_word' id='word_1_365' title='bbox 454 2093 543 2121; x_wconf 89' lang='lat' dir='ltr'><strong>futuro</strong></span> <span class='ocrx_word' id='word_1_366' title='bbox 559 2094 604 2121; x_wconf 90' lang='lat' dir='ltr'><strong>Dei</strong></span> <span class='ocrx_word' id='word_1_367' title='bbox 623 2094 785 2130; x_wconf 82' lang='lat' dir='ltr'><strong>benignitate</strong></span> <span class='ocrx_word' id='word_1_368' title='bbox 800 2096 871 2129; x_wconf 79' lang='lat' dir='ltr'><strong>large</strong></span> <span class='ocrx_word' id='word_1_369' title='bbox 885 2096 959 2124; x_wconf 89' lang='lat' dir='ltr'><strong>frua-</strong></span> 
     </span>
    </p>
   </div>
   <div class='ocr_carea' id='block_1_45' title="bbox 167 2139 960 2177">
    <p class='ocr_par' dir='ltr' id='par_1_45' title="bbox 167 2139 960 2177">
     <span class='ocr_line' id='line_1_45' title="bbox 167 2139 960 2177; baseline 0.005 -12"><span class='ocrx_word' id='word_1_370' title='bbox 167 2146 236 2171; x_wconf 89' lang='lat' dir='ltr'><strong>mur,</strong></span> <span class='ocrx_word' id='word_1_371' title='bbox 248 2140 331 2174; x_wconf 86' lang='lat' dir='ltr'><strong>gratia</strong></span> <span class='ocrx_word' id='word_1_372' title='bbox 344 2143 371 2166; x_wconf 86' lang='lat' dir='ltr'><strong>et</strong></span> <span class='ocrx_word' id='word_1_373' title='bbox 383 2139 596 2167; x_wconf 80' lang='lat' dir='ltr'><strong>miserationibus</strong></span> <span class='ocrx_word' id='word_1_374' title='bbox 609 2141 736 2176; x_wconf 89' lang='lat' dir='ltr'><strong>unigeniti</strong></span> <span class='ocrx_word' id='word_1_375' title='bbox 749 2141 807 2175; x_wconf 86' lang='lat' dir='ltr'><strong>ejus</strong></span> <span class='ocrx_word' id='word_1_376' title='bbox 818 2141 889 2175; x_wconf 83' lang='lat' dir='ltr'><strong>Filii,</strong></span> <span class='ocrx_word' id='word_1_377' title='bbox 900 2142 960 2177; x_wconf 88' lang='lat' dir='ltr'><strong>qui-</strong></span> 
     </span>
    </p>
   </div>
   <div class='ocr_carea' id='block_1_46' title="bbox 167 2184 999 2222">
    <p class='ocr_par' dir='ltr' id='par_1_46' title="bbox 167 2184 999 2222">
     <span class='ocr_line' id='line_1_46' title="bbox 167 2184 999 2222; baseline 0.005 -11"><span class='ocrx_word' id='word_1_378' title='bbox 167 2191 228 2211; x_wconf 85' lang='lat' dir='ltr'><strong>cum</strong></span> <span class='ocrx_word' id='word_1_379' title='bbox 243 2184 315 2212; x_wconf 87' lang='lat' dir='ltr'><strong>Patri</strong></span> <span class='ocrx_word' id='word_1_380' title='bbox 330 2185 409 2212; x_wconf 86' lang='lat' dir='ltr'><strong>simul</strong></span> <span class='ocrx_word' id='word_1_381' title='bbox 423 2190 568 2220; x_wconf 89' lang='lat' dir='ltr'><strong>sanctoque</strong></span> <span class='ocrx_word' id='word_1_382' title='bbox 582 2185 690 2220; x_wconf 91' lang='lat' dir='ltr'><strong>Spiritui</strong></span> <span class='ocrx_word' id='word_1_383' title='bbox 705 2186 740 2214; x_wconf 86' lang='lat' dir='ltr'><strong>sit</strong></span> <span class='ocrx_word' id='word_1_384' title='bbox 753 2187 836 2222; x_wconf 86' lang='lat' dir='ltr'><strong>gloria</strong></span> <span class='ocrx_word' id='word_1_385' title='bbox 848 2208 855 2220; x_wconf 91' lang='lat'><strong>,</strong></span> <span class='ocrx_word' id='word_1_386' title='bbox 872 2187 999 2222; x_wconf 29' lang='lat' dir='ltr'><strong>impovr’</strong></span> 
     </span>
    </p>
   </div>
   <div class='ocr_carea' id='block_1_47' title="bbox 167 2229 956 2265">
    <p class='ocr_par' dir='ltr' id='par_1_47' title="bbox 167 2229 956 2265">
     <span class='ocr_line' id='line_1_47' title="bbox 167 2229 956 2265; baseline 0.006 -9"><span class='ocrx_word' id='word_1_387' title='bbox 167 2229 245 2263; x_wconf 86' lang='lat' dir='ltr'><strong>rium,</strong></span> <span class='ocrx_word' id='word_1_388' title='bbox 258 2230 352 2264; x_wconf 83' lang='lat' dir='ltr'><strong>honor,</strong></span> <span class='ocrx_word' id='word_1_389' title='bbox 365 2238 434 2258; x_wconf 90' lang='lat' dir='ltr'><strong>nunc</strong></span> <span class='ocrx_word' id='word_1_390' title='bbox 443 2234 471 2258; x_wconf 84' lang='lat' dir='ltr'><strong>et</strong></span> <span class='ocrx_word' id='word_1_391' title='bbox 480 2237 596 2265; x_wconf 88' lang='lat' dir='ltr'><strong>semper,</strong></span> <span class='ocrx_word' id='word_1_392' title='bbox 607 2235 634 2259; x_wconf 93' lang='lat' dir='ltr'><strong>et</strong></span> <span class='ocrx_word' id='word_1_393' title='bbox 643 2231 669 2258; x_wconf 92' lang='lat' dir='ltr'><strong>in</strong></span> <span class='ocrx_word' id='word_1_394' title='bbox 680 2232 777 2260; x_wconf 65' lang='lat' dir='ltr'><strong>saecula</strong></span> <span class='ocrx_word' id='word_1_395' title='bbox 788 2233 956 2261; x_wconf 64' lang='lat' dir='ltr'><strong>smculontm.</strong></span> 
     </span>
    </p>
   </div>
   <div class='ocr_carea' id='block_1_48' title="bbox 164 2273 261 2302">
    <p class='ocr_par' dir='ltr' id='par_1_48' title="bbox 164 2273 261 2302">
     <span class='ocr_line' id='line_1_48' title="bbox 164 2273 261 2302; baseline 0 0"><span class='ocrx_word' id='word_1_396' title='bbox 164 2273 261 2302; x_wconf 73' lang='lat' dir='ltr'><strong>Amen.</strong></span> 
     </span>
    </p>
   </div>
   <div class='ocr_carea' id='block_1_49' title="bbox 449 2331 674 2360">
    <p class='ocr_par' dir='ltr' id='par_1_49' title="bbox 449 2331 674 2360">
     <span class='ocr_line' id='line_1_49' title="bbox 449 2331 674 2360; baseline 0.004 -1"><span class='ocrx_word' id='word_1_397' title='bbox 449 2331 587 2359; x_wconf 73' lang='lat' dir='ltr'><strong>llOMlLlA</strong></span> <span class='ocrx_word' id='word_1_398' title='bbox 609 2332 674 2360; x_wconf 80' lang='lat' dir='ltr'><strong>Vill.</strong></span> 
     </span>
    </p>
   </div>
   <div class='ocr_carea' id='block_1_50' title="bbox 164 2386 956 2428">
    <p class='ocr_par' dir='ltr' id='par_1_50' title="bbox 164 2386 956 2428">
     <span class='ocr_line' id='line_1_50' title="bbox 164 2386 956 2428; baseline 0.006 -14"><span class='ocrx_word' id='word_1_399' title='bbox 164 2386 200 2415; x_wconf 79' lang='lat' dir='ltr'><strong>Et</strong></span> <span class='ocrx_word' id='word_1_400' title='bbox 210 2386 276 2414; x_wconf 64' lang='lat' dir='ltr'><strong>dixit</strong></span> <span class='ocrx_word' id='word_1_401' title='bbox 287 2387 357 2415; x_wconf 85' lang='lat' dir='ltr'><strong>Deus</strong></span> <span class='ocrx_word' id='word_1_402' title='bbox 369 2397 377 2415; x_wconf 86' lang='lat'><strong>:</strong></span> <span class='ocrx_word' id='word_1_403' title='bbox 392 2387 528 2416; x_wconf 77' lang='lat' dir='ltr'><strong>Faciamus</strong></span> <span class='ocrx_word' id='word_1_404' title='bbox 538 2389 662 2416; x_wconf 76' lang='lat' dir='ltr'><strong>hominem</strong></span> <span class='ocrx_word' id='word_1_405' title='bbox 672 2391 809 2418; x_wconf 73' lang='lat' dir='ltr'><strong>secludunt</strong></span> <span class='ocrx_word' id='word_1_406' title='bbox 821 2391 956 2428; x_wconf 81' lang='lat' dir='ltr'><strong>imaginem</strong></span> 
     </span>
    </p>
   </div>
   <div class='ocr_carea' id='block_1_51' title="bbox 200 2435 956 2466">
    <p class='ocr_par' dir='ltr' id='par_1_51' title="bbox 200 2435 956 2466">
     <span class='ocr_line' id='line_1_51' title="bbox 200 2435 956 2466; baseline 0.007 -6"><span class='ocrx_word' id='word_1_407' title='bbox 200 2438 313 2461; x_wconf 76' lang='lat' dir='ltr'><strong>nostram</strong></span> <span class='ocrx_word' id='word_1_408' title='bbox 332 2439 354 2461; x_wconf 80' lang='lat' dir='ltr'><strong>et</strong></span> <span class='ocrx_word' id='word_1_409' title='bbox 375 2435 512 2461; x_wconf 83' lang='lat' dir='ltr'><strong>secundum</strong></span> <span class='ocrx_word' id='word_1_410' title='bbox 533 2436 723 2463; x_wconf 65' lang='lat' dir='ltr'><strong>similitudinem</strong></span> <span class='ocrx_word' id='word_1_411' title='bbox 736 2443 745 2463; x_wconf 86' lang='lat'><strong>.&#39;</strong></span> <span class='ocrx_word' id='word_1_412' title='bbox 760 2442 782 2464; x_wconf 82' lang='lat' dir='ltr'><strong>et</strong></span> <span class='ocrx_word' id='word_1_413' title='bbox 796 2438 956 2466; x_wconf 84' lang='lat' dir='ltr'><strong>dominentur</strong></span> 
     </span>
    </p>
   </div>
   <div class='ocr_carea' id='block_1_52' title="bbox 204 2479 955 2517">
    <p class='ocr_par' dir='ltr' id='par_1_52' title="bbox 204 2479 955 2517">
     <span class='ocr_line' id='line_1_52' title="bbox 204 2479 955 2517; baseline 0.008 -12"><span class='ocrx_word' id='word_1_414' title='bbox 204 2479 314 2514; x_wconf 69' lang='lat' dir='ltr'><strong>piscibus</strong></span> <span class='ocrx_word' id='word_1_415' title='bbox 328 2480 404 2507; x_wconf 85' lang='lat' dir='ltr'><strong>maris</strong></span> <span class='ocrx_word' id='word_1_416' title='bbox 414 2502 422 2513; x_wconf 89' lang='lat'><strong>,</strong></span> <span class='ocrx_word' id='word_1_417' title='bbox 435 2485 459 2507; x_wconf 84' lang='lat' dir='ltr'><strong>et</strong></span> <span class='ocrx_word' id='word_1_418' title='bbox 472 2481 614 2508; x_wconf 76' lang='lat' dir='ltr'><strong>volatilibus</strong></span> <span class='ocrx_word' id='word_1_419' title='bbox 628 2482 684 2509; x_wconf 64' lang='lat' dir='ltr'><strong>ccli</strong></span> <span class='ocrx_word' id='word_1_420' title='bbox 694 2503 702 2515; x_wconf 90' lang='lat'><strong>,</strong></span> <span class='ocrx_word' id='word_1_421' title='bbox 716 2488 740 2509; x_wconf 83' lang='lat' dir='ltr'><strong>et</strong></span> <span class='ocrx_word' id='word_1_422' title='bbox 762 2483 892 2517; x_wconf 77' lang='lat' dir='ltr'><strong>pecoribus</strong></span> <span class='ocrx_word' id='word_1_423' title='bbox 901 2503 910 2517; x_wconf 88' lang='lat'><strong>,</strong></span> <span class='ocrx_word' id='word_1_424' title='bbox 930 2489 955 2511; x_wconf 85' lang='lat' dir='ltr'><strong>et</strong></span> 
     </span>
    </p>
   </div>
   <div class='ocr_carea' id='block_1_53' title="bbox 199 2524 954 2564">
    <p class='ocr_par' dir='ltr' id='par_1_53' title="bbox 199 2524 954 2564">
     <span class='ocr_line' id='line_1_53' title="bbox 199 2524 954 2564; baseline 0.009 -13"><span class='ocrx_word' id='word_1_425' title='bbox 199 2524 284 2552; x_wconf 77' lang='lat' dir='ltr'><strong>bestiis</strong></span> <span class='ocrx_word' id='word_1_426' title='bbox 294 2546 302 2557; x_wconf 98' lang='lat'><strong>,</strong></span> <span class='ocrx_word' id='word_1_427' title='bbox 324 2529 347 2552; x_wconf 87' lang='lat' dir='ltr'><strong>et</strong></span> <span class='ocrx_word' id='word_1_428' title='bbox 363 2526 484 2554; x_wconf 73' lang='lat' dir='ltr'><strong>universa</strong></span> <span class='ocrx_word' id='word_1_429' title='bbox 495 2531 569 2554; x_wconf 69' lang='lat' dir='ltr'><strong>terra:</strong></span> <span class='ocrx_word' id='word_1_430' title='bbox 580 2547 588 2559; x_wconf 95' lang='lat'><strong>,</strong></span> <span class='ocrx_word' id='word_1_431' title='bbox 608 2533 631 2554; x_wconf 88' lang='lat' dir='ltr'><strong>et</strong></span> <span class='ocrx_word' id='word_1_432' title='bbox 643 2528 757 2555; x_wconf 85' lang='lat' dir='ltr'><strong>omnibus</strong></span> <span class='ocrx_word' id='word_1_433' title='bbox 771 2529 900 2564; x_wconf 76' lang='lat' dir='ltr'><strong>reptilibus</strong></span> <span class='ocrx_word' id='word_1_434' title='bbox 912 2539 954 2558; x_wconf 80' lang='lat' dir='ltr'><strong>re-</strong></span> 
     </span>
    </p>
   </div>
   <div class='ocr_carea' id='block_1_54' title="bbox 201 2571 723 2611">
    <p class='ocr_par' dir='ltr' id='par_1_54' title="bbox 201 2571 723 2611">
     <span class='ocr_line' id='line_1_54' title="bbox 201 2571 723 2611; baseline 0.008 -14"><span class='ocrx_word' id='word_1_435' title='bbox 201 2571 315 2605; x_wconf 76' lang='lat' dir='ltr'><strong>pentibus</strong></span> <span class='ocrx_word' id='word_1_436' title='bbox 329 2579 405 2606; x_wconf 75' lang='lat' dir='ltr'><strong>super</strong></span> <span class='ocrx_word' id='word_1_437' title='bbox 418 2576 510 2599; x_wconf 77' lang='lat' dir='ltr'><strong>(errant</strong></span> <span class='ocrx_word' id='word_1_438' title='bbox 523 2572 602 2609; x_wconf 81' lang='lat' dir='ltr'><strong>(Gen.</strong></span> <span class='ocrx_word' id='word_1_439' title='bbox 618 2573 643 2601; x_wconf 81' lang='grc' dir='ltr'><strong>Ι.</strong></span> <span class='ocrx_word' id='word_1_440' title='bbox 658 2573 693 2601; x_wconf 73' lang='lat'><strong>26</strong></span> <span class='ocrx_word' id='word_1_441' title='bbox 702 2573 723 2611; x_wconf 85' lang='lat'><strong>).</strong></span> 
     </span>
    </p>
   </div>
   <div class='ocr_carea' id='block_1_55' title="bbox 200 2636 963 2686">
    <p class='ocr_par' dir='ltr' id='par_1_55' title="bbox 200 2636 963 2686">
     <span class='ocr_line' id='line_1_55' title="bbox 200 2636 963 2686; baseline 0.009 -22"><span class='ocrx_word' id='word_1_442' title='bbox 200 2636 227 2664; x_wconf 83' lang='grc' dir='ltr'><strong>Ι.</strong></span> <span class='ocrx_word' id='word_1_443' title='bbox 248 2637 303 2672; x_wconf 80' lang='lat' dir='ltr'><strong>Age</strong></span> <span class='ocrx_word' id='word_1_444' title='bbox 321 2642 349 2665; x_wconf 87' lang='lat' dir='ltr'><strong>et</strong></span> <span class='ocrx_word' id='word_1_445' title='bbox 369 2637 465 2672; x_wconf 87' lang='lat' dir='ltr'><strong>hodie,</strong></span> <span class='ocrx_word' id='word_1_446' title='bbox 480 2639 541 2674; x_wconf 85' lang='lat' dir='ltr'><strong>quia</strong></span> <span class='ocrx_word' id='word_1_447' title='bbox 562 2639 664 2668; x_wconf 75' lang='lat' dir='ltr'><strong>alacres</strong></span> <span class='ocrx_word' id='word_1_448' title='bbox 683 2640 740 2669; x_wconf 88' lang='lat' dir='ltr'><strong>heri</strong></span> <span class='ocrx_word' id='word_1_449' title='bbox 763 2650 823 2677; x_wconf 72' lang='lat' dir='ltr'><strong>qua:</strong></span> <span class='ocrx_word' id='word_1_450' title='bbox 837 2642 963 2686; x_wconf 53' lang='lat' dir='ltr'><strong>diximus.</strong></span> 
     </span>
    </p>
   </div>
   <div class='ocr_carea' id='block_1_56' title="bbox 162 2682 952 2724">
    <p class='ocr_par' dir='ltr' id='par_1_56' title="bbox 162 2682 952 2724">
     <span class='ocr_line' id='line_1_56' title="bbox 162 2682 952 2724; baseline 0.01 -15"><span class='ocrx_word' id='word_1_451' title='bbox 162 2682 275 2710; x_wconf 73' lang='lat' dir='ltr'><strong>audistis</strong></span> <span class='ocrx_word' id='word_1_452' title='bbox 284 2703 292 2715; x_wconf 98' lang='lat'><strong>,</strong></span> <span class='ocrx_word' id='word_1_453' title='bbox 308 2690 367 2718; x_wconf 74' lang='lat' dir='ltr'><strong>qua:</strong></span> <span class='ocrx_word' id='word_1_454' title='bbox 380 2691 474 2712; x_wconf 84' lang='lat' dir='ltr'><strong>recens</strong></span> <span class='ocrx_word' id='word_1_455' title='bbox 488 2685 555 2713; x_wconf 87' lang='lat' dir='ltr'><strong>lecta</strong></span> <span class='ocrx_word' id='word_1_456' title='bbox 568 2690 631 2713; x_wconf 80' lang='lat' dir='ltr'><strong>sunt</strong></span> <span class='ocrx_word' id='word_1_457' title='bbox 641 2707 648 2719; x_wconf 90' lang='lat'><strong>,</strong></span> <span class='ocrx_word' id='word_1_458' title='bbox 662 2688 765 2715; x_wconf 85' lang='lat' dir='ltr'><strong>caritati</strong></span> <span class='ocrx_word' id='word_1_459' title='bbox 781 2693 875 2716; x_wconf 79' lang='lat' dir='ltr'><strong>vestra:</strong></span> <span class='ocrx_word' id='word_1_460' title='bbox 889 2682 952 2724; x_wconf 49' lang='lat' dir='ltr'><strong>pro?</strong></span> 
     </span>
    </p>
   </div>
   <div class='ocr_carea' id='block_1_57' title="bbox 162 2730 953 2770">
    <p class='ocr_par' dir='ltr' id='par_1_57' title="bbox 162 2730 953 2770">
     <span class='ocr_line' id='line_1_57' title="bbox 162 2730 953 2770; baseline 0.013 -17"><span class='ocrx_word' id='word_1_461' title='bbox 162 2735 304 2763; x_wconf 79' lang='lat' dir='ltr'><strong>ponamus,</strong></span> <span class='ocrx_word' id='word_1_462' title='bbox 320 2730 392 2764; x_wconf 84' lang='lat' dir='ltr'><strong>prius</strong></span> <span class='ocrx_word' id='word_1_463' title='bbox 406 2735 495 2759; x_wconf 85' lang='lat' dir='ltr'><strong>tamen</strong></span> <span class='ocrx_word' id='word_1_464' title='bbox 508 2739 555 2759; x_wconf 87' lang='lat' dir='ltr'><strong>vos</strong></span> <span class='ocrx_word' id='word_1_465' title='bbox 568 2733 739 2762; x_wconf 85' lang='lat' dir='ltr'><strong>cohortantes</strong></span> <span class='ocrx_word' id='word_1_466' title='bbox 749 2754 758 2768; x_wconf 88' lang='lat'><strong>,</strong></span> <span class='ocrx_word' id='word_1_467' title='bbox 771 2739 801 2762; x_wconf 89' lang='lat' dir='ltr'><strong>ut</strong></span> <span class='ocrx_word' id='word_1_468' title='bbox 813 2734 953 2770; x_wconf 68' lang='lat' dir='ltr'><strong>diligenter</strong></span> 
     </span>
    </p>
   </div>
   <div class='ocr_carea' id='block_1_58' title="bbox 160 2774 950 2815">
    <p class='ocr_par' dir='ltr' id='par_1_58' title="bbox 160 2774 950 2815">
     <span class='ocr_line' id='line_1_58' title="bbox 160 2774 950 2815; baseline 0.01 -15"><span class='ocrx_word' id='word_1_469' title='bbox 160 2774 318 2802; x_wconf 69' lang='lat' dir='ltr'><strong>auscultem</strong></span> <span class='ocrx_word' id='word_1_470' title='bbox 332 2782 362 2802; x_wconf 83' lang='lat' dir='ltr'><strong>ea</strong></span> <span class='ocrx_word' id='word_1_471' title='bbox 375 2783 435 2811; x_wconf 78' lang='lat' dir='ltr'><strong>qua:</strong></span> <span class='ocrx_word' id='word_1_472' title='bbox 448 2776 583 2811; x_wconf 91' lang='lat' dir='ltr'><strong>dicuntur,</strong></span> <span class='ocrx_word' id='word_1_473' title='bbox 599 2782 627 2805; x_wconf 91' lang='lat' dir='ltr'><strong>et</strong></span> <span class='ocrx_word' id='word_1_474' title='bbox 638 2786 696 2814; x_wconf 67' lang='lat' dir='ltr'><strong>qua:</strong></span> <span class='ocrx_word' id='word_1_475' title='bbox 709 2779 782 2814; x_wconf 87' lang='lat' dir='ltr'><strong>prius</strong></span> <span class='ocrx_word' id='word_1_476' title='bbox 796 2779 866 2808; x_wconf 88' lang='lat' dir='ltr'><strong>dicta</strong></span> <span class='ocrx_word' id='word_1_477' title='bbox 879 2786 950 2815; x_wconf 87' lang='lat' dir='ltr'><strong>sunt,</strong></span> 
     </span>
    </p>
   </div>
   <div class='ocr_carea' id='block_1_59' title="bbox 161 2820 951 2861">
    <p class='ocr_par' dir='ltr' id='par_1_59' title="bbox 161 2820 951 2861">
     <span class='ocr_line' id='line_1_59' title="bbox 161 2820 951 2861; baseline 0.01 -13"><span class='ocrx_word' id='word_1_478' title='bbox 161 2820 229 2849; x_wconf 75' lang='lat' dir='ltr'><strong>bene</strong></span> <span class='ocrx_word' id='word_1_479' title='bbox 239 2821 269 2861; x_wconf 84' lang='lat' dir='ltr'><strong>in</strong></span> <span class='ocrx_word' id='word_1_480' title='bbox 284 2827 374 2851; x_wconf 83' lang='lat' dir='ltr'><strong>mente</strong></span> <span class='ocrx_word' id='word_1_481' title='bbox 387 2827 474 2851; x_wconf 75' lang='lat' dir='ltr'><strong>vestra</strong></span> <span class='ocrx_word' id='word_1_482' title='bbox 496 2825 630 2860; x_wconf 83' lang='lat' dir='ltr'><strong>rcponatis</strong></span> <span class='ocrx_word' id='word_1_483' title='bbox 639 2846 647 2859; x_wconf 92' lang='lat'><strong>,</strong></span> <span class='ocrx_word' id='word_1_484' title='bbox 661 2830 690 2853; x_wconf 83' lang='lat' dir='ltr'><strong>ut</strong></span> <span class='ocrx_word' id='word_1_485' title='bbox 704 2834 739 2854; x_wconf 89' lang='lat' dir='ltr'><strong>ne</strong></span> <span class='ocrx_word' id='word_1_486' title='bbox 757 2825 854 2855; x_wconf 74' lang='lat' dir='ltr'><strong>frustra</strong></span> <span class='ocrx_word' id='word_1_487' title='bbox 868 2832 899 2856; x_wconf 80' lang='lat' dir='ltr'><strong>et</strong></span> <span class='ocrx_word' id='word_1_488' title='bbox 909 2827 951 2856; x_wconf 62' lang='lat' dir='ltr'><strong>in.</strong></span> 
     </span>
    </p>
   </div>
   <div class='ocr_carea' id='block_1_60' title="bbox 1024 182 1819 222">
    <p class='ocr_par' dir='ltr' id='par_1_60' title="bbox 1024 182 1819 222">
     <span class='ocr_line' id='line_1_60' title="bbox 1024 182 1819 222; baseline 0.018 -16"><span class='ocrx_word' id='word_1_489' title='bbox 1024 187 1129 208; x_wconf 84' lang='lat' dir='ltr'><strong>cassum</strong></span> <span class='ocrx_word' id='word_1_490' title='bbox 1147 182 1266 211; x_wconf 79' lang='lat' dir='ltr'><strong>laborem</strong></span> <span class='ocrx_word' id='word_1_491' title='bbox 1287 188 1390 213; x_wconf 89' lang='lat' dir='ltr'><strong>tantum</strong></span> <span class='ocrx_word' id='word_1_492' title='bbox 1405 186 1531 215; x_wconf 86' lang='lat' dir='ltr'><strong>feramus.</strong></span> <span class='ocrx_word' id='word_1_493' title='bbox 1546 187 1603 217; x_wconf 79' lang='lat' dir='ltr'><strong>Hoc</strong></span> <span class='ocrx_word' id='word_1_494' title='bbox 1616 190 1687 217; x_wconf 85' lang='lat' dir='ltr'><strong>enim</strong></span> <span class='ocrx_word' id='word_1_495' title='bbox 1700 192 1819 222; x_wconf 80' lang='lat' dir='ltr'><strong>studium</strong></span> 
     </span>
    </p>
   </div>
   <div class='ocr_carea' id='block_1_61' title="bbox 1024 230 1817 273">
    <p class='ocr_par' dir='ltr' id='par_1_61' title="bbox 1024 230 1817 273">
     <span class='ocr_line' id='line_1_61' title="bbox 1024 230 1817 273; baseline 0.018 -21"><span class='ocrx_word' id='word_1_496' title='bbox 1024 231 1143 254; x_wconf 86' lang='lat' dir='ltr'><strong>nostrum</strong></span> <span class='ocrx_word' id='word_1_497' title='bbox 1158 233 1215 261; x_wconf 84' lang='lat' dir='ltr'><strong>est,</strong></span> <span class='ocrx_word' id='word_1_498' title='bbox 1231 234 1261 257; x_wconf 93' lang='lat' dir='ltr'><strong>ut</strong></span> <span class='ocrx_word' id='word_1_499' title='bbox 1273 230 1326 257; x_wconf 89' lang='lat' dir='ltr'><strong>vim</strong></span> <span class='ocrx_word' id='word_1_500' title='bbox 1346 238 1377 258; x_wconf 90' lang='lat' dir='ltr'><strong>ac</strong></span> <span class='ocrx_word' id='word_1_501' title='bbox 1398 240 1506 261; x_wconf 84' lang='lat' dir='ltr'><strong>sensum</strong></span> <span class='ocrx_word' id='word_1_502' title='bbox 1522 242 1615 263; x_wconf 90' lang='lat' dir='ltr'><strong>eorum</strong></span> <span class='ocrx_word' id='word_1_503' title='bbox 1639 244 1699 272; x_wconf 77' lang='lat' dir='ltr'><strong>qure</strong></span> <span class='ocrx_word' id='word_1_504' title='bbox 1718 239 1817 273; x_wconf 87' lang='lat' dir='ltr'><strong>scripta</strong></span> 
     </span>
    </p>
   </div>
   <div class='ocr_carea' id='block_1_62' title="bbox 1023 272 1816 317">
    <p class='ocr_par' dir='ltr' id='par_1_62' title="bbox 1023 272 1816 317">
     <span class='ocr_line' id='line_1_62' title="bbox 1023 272 1816 317; baseline 0.018 -20"><span class='ocrx_word' id='word_1_505' title='bbox 1023 272 1077 298; x_wconf 90' lang='lat' dir='ltr'><strong>sint</strong></span> <span class='ocrx_word' id='word_1_506' title='bbox 1088 279 1209 301; x_wconf 90' lang='lat' dir='ltr'><strong>accurata</strong></span> <span class='ocrx_word' id='word_1_507' title='bbox 1225 275 1316 303; x_wconf 86' lang='lat' dir='ltr'><strong>sciatis</strong></span> <span class='ocrx_word' id='word_1_508' title='bbox 1328 284 1334 303; x_wconf 95' lang='lat'>:</span> <span class='ocrx_word' id='word_1_509' title='bbox 1347 280 1429 311; x_wconf 88' lang='lat' dir='ltr'><strong>atque</strong></span> <span class='ocrx_word' id='word_1_510' title='bbox 1439 278 1475 305; x_wconf 91' lang='lat' dir='ltr'><strong>ita</strong></span> <span class='ocrx_word' id='word_1_511' title='bbox 1487 283 1580 307; x_wconf 89' lang='lat' dir='ltr'><strong>utnon</strong></span> <span class='ocrx_word' id='word_1_512' title='bbox 1593 281 1679 308; x_wconf 77' lang='lat' dir='ltr'><strong>Solum</strong></span> <span class='ocrx_word' id='word_1_513' title='bbox 1693 272 1816 317; x_wconf 80' lang='lat' dir='ltr'><strong>teneatis,</strong></span> 
     </span>
    </p>
   </div>
   <div class='ocr_carea' id='block_1_63' title="bbox 1024 317 1815 359">
    <p class='ocr_par' dir='ltr' id='par_1_63' title="bbox 1024 317 1815 359">
     <span class='ocr_line' id='line_1_63' title="bbox 1024 317 1815 359; baseline 0.016 -16"><span class='ocrx_word' id='word_1_514' title='bbox 1024 317 1071 344; x_wconf 86' lang='lat' dir='ltr'><strong>sed</strong></span> <span class='ocrx_word' id='word_1_515' title='bbox 1085 323 1111 344; x_wconf 89' lang='lat' dir='ltr'><strong>et</strong></span> <span class='ocrx_word' id='word_1_516' title='bbox 1125 318 1241 346; x_wconf 89' lang='lat' dir='ltr'><strong>aliorum</strong></span> <span class='ocrx_word' id='word_1_517' title='bbox 1262 321 1380 356; x_wconf 79' lang='lat' dir='ltr'><strong>magistri</strong></span> <span class='ocrx_word' id='word_1_518' title='bbox 1395 322 1453 349; x_wconf 84' lang='lat' dir='ltr'><strong>sitis</strong></span> <span class='ocrx_word' id='word_1_519' title='bbox 1463 344 1470 356; x_wconf 93' lang='lat'><strong>,</strong></span> <span class='ocrx_word' id='word_1_520' title='bbox 1487 328 1516 351; x_wconf 93' lang='lat' dir='ltr'><strong>ut</strong></span> <span class='ocrx_word' id='word_1_521' title='bbox 1530 326 1654 359; x_wconf 83' lang='lat' dir='ltr'><strong>possitis,</strong></span> <span class='ocrx_word' id='word_1_522' title='bbox 1670 329 1815 356; x_wconf 90' lang='lat' dir='ltr'><strong>secundum</strong></span> 
     </span>
    </p>
   </div>
   <div class='ocr_carea' id='block_1_64' title="bbox 1025 361 1818 406">
    <p class='ocr_par' dir='ltr' id='par_1_64' title="bbox 1025 361 1818 406">
     <span class='ocr_line' id='line_1_64' title="bbox 1025 361 1818 406; baseline 0.016 -18"><span class='ocrx_word' id='word_1_523' title='bbox 1025 361 1131 390; x_wconf 84' lang='lat' dir='ltr'><strong>beatum</strong></span> <span class='ocrx_word' id='word_1_524' title='bbox 1153 363 1263 391; x_wconf 84' lang='lat' dir='ltr'><strong>Paulum</strong></span> <span class='ocrx_word' id='word_1_525' title='bbox 1274 386 1280 397; x_wconf 86' lang='lat'><strong>,</strong></span> <span class='ocrx_word' id='word_1_526' title='bbox 1297 374 1365 393; x_wconf 88' lang='lat' dir='ltr'><strong>unus</strong></span> <span class='ocrx_word' id='word_1_527' title='bbox 1386 367 1498 395; x_wconf 89' lang='lat' dir='ltr'><strong>alterum</strong></span> <span class='ocrx_word' id='word_1_528' title='bbox 1519 369 1651 398; x_wconf 80' lang='lat' dir='ltr'><strong>:ediﬁcare</strong></span> <span class='ocrx_word' id='word_1_529' title='bbox 1665 372 1675 406; x_wconf 92' lang='lat'><strong>(</strong></span> <span class='ocrx_word' id='word_1_530' title='bbox 1688 372 1712 399; x_wconf 89' lang='lat' dir='ltr'><strong>l.</strong></span> <span class='ocrx_word' id='word_1_531' title='bbox 1726 372 1818 401; x_wconf 75' lang='lat' dir='ltr'><strong>&#39;I&#39;Itesr-</strong></span> 
     </span>
    </p>
   </div>
   <div class='ocr_carea' id='block_1_65' title="bbox 1023 405 1815 453">
    <p class='ocr_par' dir='ltr' id='par_1_65' title="bbox 1023 405 1815 453">
     <span class='ocr_line' id='line_1_65' title="bbox 1023 405 1815 453; baseline 0.016 -21"><span class='ocrx_word' id='word_1_532' title='bbox 1023 405 1049 433; x_wconf 85' lang='lat'><strong>5.</strong></span> <span class='ocrx_word' id='word_1_533' title='bbox 1067 407 1126 441; x_wconf 85' lang='lat' dir='ltr'><strong>ll).</strong></span> <span class='ocrx_word' id='word_1_534' title='bbox 1141 408 1206 435; x_wconf 81' lang='lat' dir='ltr'><strong>Nam</strong></span> <span class='ocrx_word' id='word_1_535' title='bbox 1221 410 1243 436; x_wconf 87' lang='lat' dir='ltr'><strong>si</strong></span> <span class='ocrx_word' id='word_1_536' title='bbox 1257 417 1304 438; x_wconf 92' lang='lat' dir='ltr'><strong>vos</strong></span> <span class='ocrx_word' id='word_1_537' title='bbox 1317 411 1482 446; x_wconf 81' lang='lat' dir='ltr'><strong>profeceritis</strong></span> <span class='ocrx_word' id='word_1_538' title='bbox 1495 413 1521 440; x_wconf 91' lang='lat' dir='ltr'><strong>in</strong></span> <span class='ocrx_word' id='word_1_539' title='bbox 1537 414 1659 447; x_wconf 87' lang='lat' dir='ltr'><strong>Domino,</strong></span> <span class='ocrx_word' id='word_1_540' title='bbox 1675 421 1702 444; x_wconf 92' lang='lat' dir='ltr'><strong>et</strong></span> <span class='ocrx_word' id='word_1_541' title='bbox 1722 418 1748 445; x_wconf 93' lang='lat' dir='ltr'><strong>in</strong></span> <span class='ocrx_word' id='word_1_542' title='bbox 1762 419 1815 453; x_wconf 90' lang='lat' dir='ltr'><strong>spi-</strong></span> 
     </span>
    </p>
   </div>
   <div class='ocr_carea' id='block_1_66' title="bbox 1025 452 1816 498">
    <p class='ocr_par' dir='ltr' id='par_1_66' title="bbox 1025 452 1816 498">
     <span class='ocr_line' id='line_1_66' title="bbox 1025 452 1816 498; baseline 0.016 -20"><span class='ocrx_word' id='word_1_543' title='bbox 1025 452 1158 480; x_wconf 89' lang='lat' dir='ltr'><strong>ritualium</strong></span> <span class='ocrx_word' id='word_1_544' title='bbox 1183 454 1305 482; x_wconf 83' lang='lat' dir='ltr'><strong>doctrina</strong></span> <span class='ocrx_word' id='word_1_545' title='bbox 1329 457 1444 492; x_wconf 86' lang='lat' dir='ltr'><strong>aliquem</strong></span> <span class='ocrx_word' id='word_1_546' title='bbox 1468 459 1614 493; x_wconf 85' lang='lat' dir='ltr'><strong>profectum</strong></span> <span class='ocrx_word' id='word_1_547' title='bbox 1637 463 1816 498; x_wconf 74' lang='lat' dir='ltr'><strong>ostenderitis,</strong></span> 
     </span>
    </p>
   </div>
   <div class='ocr_carea' id='block_1_67' title="bbox 1024 497 1819 537">
    <p class='ocr_par' dir='ltr' id='par_1_67' title="bbox 1024 497 1819 537">
     <span class='ocr_line' id='line_1_67' title="bbox 1024 497 1819 537; baseline 0.016 -14"><span class='ocrx_word' id='word_1_548' title='bbox 1024 497 1104 524; x_wconf 90' lang='lat' dir='ltr'><strong>etiam</strong></span> <span class='ocrx_word' id='word_1_549' title='bbox 1119 506 1168 525; x_wconf 88' lang='lat' dir='ltr'><strong>nos</strong></span> <span class='ocrx_word' id='word_1_550' title='bbox 1184 499 1282 534; x_wconf 82' lang='lat' dir='ltr'><strong>ingenti</strong></span> <span class='ocrx_word' id='word_1_551' title='bbox 1298 501 1419 531; x_wconf 83' lang='lat' dir='ltr'><strong>aflicietis</strong></span> <span class='ocrx_word' id='word_1_552' title='bbox 1439 504 1539 531; x_wconf 68' lang='lat' dir='ltr'><strong>lwtitia.</strong></span> <span class='ocrx_word' id='word_1_553' title='bbox 1559 505 1622 533; x_wconf 73' lang='lat' dir='ltr'><strong>&quot;me</strong></span> <span class='ocrx_word' id='word_1_554' title='bbox 1634 507 1705 534; x_wconf 85' lang='lat' dir='ltr'><strong>enim</strong></span> <span class='ocrx_word' id='word_1_555' title='bbox 1725 497 1819 537; x_wconf 69' lang='lat' dir='ltr'><strong>nosna</strong></span> 
     </span>
    </p>
   </div>
   <div class='ocr_carea' id='block_1_68' title="bbox 1023 542 1818 586">
    <p class='ocr_par' dir='ltr' id='par_1_68' title="bbox 1023 542 1818 586">
     <span class='ocr_line' id='line_1_68' title="bbox 1023 542 1818 586; baseline 0.015 -17"><span class='ocrx_word' id='word_1_556' title='bbox 1023 542 1102 570; x_wconf 83' lang='lat' dir='ltr'><strong>fuerit</strong></span> <span class='ocrx_word' id='word_1_557' title='bbox 1116 548 1169 571; x_wconf 90' lang='lat' dir='ltr'><strong>tota</strong></span> <span class='ocrx_word' id='word_1_558' title='bbox 1186 542 1346 581; x_wconf 88' lang='lat' dir='ltr'><strong>prosperitas</strong></span> <span class='ocrx_word' id='word_1_559' title='bbox 1356 569 1364 581; x_wconf 83' lang='lat'><strong>,</strong></span> <span class='ocrx_word' id='word_1_560' title='bbox 1378 553 1405 576; x_wconf 89' lang='lat' dir='ltr'><strong>et</strong></span> <span class='ocrx_word' id='word_1_561' title='bbox 1418 556 1521 577; x_wconf 88' lang='lat' dir='ltr'><strong>summa</strong></span> <span class='ocrx_word' id='word_1_562' title='bbox 1541 550 1681 580; x_wconf 88' lang='lat' dir='ltr'><strong>festivitas.</strong></span> <span class='ocrx_word' id='word_1_563' title='bbox 1698 553 1761 586; x_wconf 78' lang='lat' dir='ltr'><strong>Qua:</strong></span> <span class='ocrx_word' id='word_1_564' title='bbox 1772 563 1818 581; x_wconf 82' lang='lat' dir='ltr'><strong>no-</strong></span> 
     </span>
    </p>
   </div>
   <div class='ocr_carea' id='block_1_69' title="bbox 1022 589 1818 633">
    <p class='ocr_par' dir='ltr' id='par_1_69' title="bbox 1022 589 1818 633">
     <span class='ocr_line' id='line_1_69' title="bbox 1022 589 1818 633; baseline 0.015 -19"><span class='ocrx_word' id='word_1_565' title='bbox 1022 592 1076 614; x_wconf 83' lang='lat' dir='ltr'><strong>stra</strong></span> <span class='ocrx_word' id='word_1_566' title='bbox 1089 597 1156 623; x_wconf 83' lang='lat' dir='ltr'><strong>spes,</strong></span> <span class='ocrx_word' id='word_1_567' title='bbox 1173 589 1213 617; x_wconf 83' lang='lat' dir='ltr'><strong>vel</strong></span> <span class='ocrx_word' id='word_1_568' title='bbox 1225 592 1359 625; x_wconf 85' lang='lat' dir='ltr'><strong>gaudium.</strong></span> <span class='ocrx_word' id='word_1_569' title='bbox 1374 593 1412 620; x_wconf 79' lang='lat' dir='ltr'><strong>vel</strong></span> <span class='ocrx_word' id='word_1_570' title='bbox 1424 602 1528 628; x_wconf 75' lang='lat' dir='ltr'><strong>corona,</strong></span> <span class='ocrx_word' id='word_1_571' title='bbox 1545 595 1629 631; x_wconf 88' lang='lat' dir='ltr'><strong>inquit</strong></span> <span class='ocrx_word' id='word_1_572' title='bbox 1639 617 1646 629; x_wconf 91' lang='lat'><strong>,</strong></span> <span class='ocrx_word' id='word_1_573' title='bbox 1660 598 1818 633; x_wconf 80' lang='lat' dir='ltr'><strong>gloriatiouis</strong></span> 
     </span>
    </p>
   </div>
   <div class='ocr_carea' id='block_1_70' title="bbox 1025 633 1820 673">
    <p class='ocr_par' dir='ltr' id='par_1_70' title="bbox 1025 633 1820 673">
     <span class='ocr_line' id='line_1_70' title="bbox 1025 633 1820 673; baseline 0.016 -14"><span class='ocrx_word' id='word_1_574' title='bbox 1025 633 1063 668; x_wconf 89' lang='lat' dir='ltr'><strong>(t.</strong></span> <span class='ocrx_word' id='word_1_575' title='bbox 1077 633 1164 662; x_wconf 80' lang='lat' dir='ltr'><strong>Thess.</strong></span> <span class='ocrx_word' id='word_1_576' title='bbox 1177 635 1203 662; x_wconf 76' lang='lat'><strong>2.</strong></span> <span class='ocrx_word' id='word_1_577' title='bbox 1217 637 1261 671; x_wconf 77' lang='lat' dir='ltr'><strong>i9)</strong></span> <span class='ocrx_word' id='word_1_578' title='bbox 1274 638 1285 664; x_wconf 82' lang='lat'><strong><em>?</em></strong></span> <span class='ocrx_word' id='word_1_579' title='bbox 1299 646 1383 665; x_wconf 77' lang='lat' dir='ltr'><strong>annon</strong></span> <span class='ocrx_word' id='word_1_580' title='bbox 1394 644 1418 666; x_wconf 83' lang='lat' dir='ltr'><strong>et</strong></span> <span class='ocrx_word' id='word_1_581' title='bbox 1431 648 1483 673; x_wconf 80' lang='lat' dir='ltr'><strong>ros,</strong></span> <span class='ocrx_word' id='word_1_582' title='bbox 1499 645 1526 668; x_wconf 90' lang='lat' dir='ltr'><strong>et</strong></span> <span class='ocrx_word' id='word_1_583' title='bbox 1537 646 1653 669; x_wconf 83' lang='lat' dir='ltr'><strong>vestrum</strong></span> <span class='ocrx_word' id='word_1_584' title='bbox 1669 645 1820 672; x_wconf 86' lang='lat' dir='ltr'><strong>secundum</strong></span> 
     </span>
    </p>
   </div>
   <div class='ocr_carea' id='block_1_71' title="bbox 1022 679 1818 724">
    <p class='ocr_par' dir='ltr' id='par_1_71' title="bbox 1022 679 1818 724">
     <span class='ocr_line' id='line_1_71' title="bbox 1022 679 1818 724; baseline 0.015 -18"><span class='ocrx_word' id='word_1_585' title='bbox 1022 679 1106 707; x_wconf 90' lang='lat' dir='ltr'><strong>Deum</strong></span> <span class='ocrx_word' id='word_1_586' title='bbox 1122 680 1337 710; x_wconf 84' lang='lat' dir='ltr'><strong>incrementum?</strong></span> <span class='ocrx_word' id='word_1_587' title='bbox 1357 684 1456 713; x_wconf 86' lang='lat' dir='ltr'><strong>Omnes</strong></span> <span class='ocrx_word' id='word_1_588' title='bbox 1476 686 1547 713; x_wconf 89' lang='lat' dir='ltr'><strong>enim</strong></span> <span class='ocrx_word' id='word_1_589' title='bbox 1562 687 1702 721; x_wconf 86' lang='lat' dir='ltr'><strong>doctores,</strong></span> <span class='ocrx_word' id='word_1_590' title='bbox 1716 690 1761 724; x_wconf 91' lang='lat' dir='ltr'><strong>qui</strong></span> <span class='ocrx_word' id='word_1_591' title='bbox 1777 691 1818 717; x_wconf 84' lang='lat' dir='ltr'><strong>vi-</strong></span> 
     </span>
    </p>
   </div>
   <div class='ocr_carea' id='block_1_72' title="bbox 1021 724 1816 762">
    <p class='ocr_par' dir='ltr' id='par_1_72' title="bbox 1021 724 1816 762">
     <span class='ocr_line' id='line_1_72' title="bbox 1021 724 1816 762; baseline 0.015 -12"><span class='ocrx_word' id='word_1_592' title='bbox 1021 724 1086 751; x_wconf 90' lang='lat' dir='ltr'><strong>dent</strong></span> <span class='ocrx_word' id='word_1_593' title='bbox 1098 725 1243 761; x_wconf 88' lang='lat' dir='ltr'><strong>discipulos</strong></span> <span class='ocrx_word' id='word_1_594' title='bbox 1258 728 1376 762; x_wconf 89' lang='lat' dir='ltr'><strong>priorum</strong></span> <span class='ocrx_word' id='word_1_595' title='bbox 1391 729 1538 759; x_wconf 81' lang='lat' dir='ltr'><strong>lectionum</strong></span> <span class='ocrx_word' id='word_1_596' title='bbox 1554 733 1711 761; x_wconf 88' lang='lat' dir='ltr'><strong>memoriam</strong></span> <span class='ocrx_word' id='word_1_597' title='bbox 1725 735 1816 762; x_wconf 87' lang='lat' dir='ltr'><strong>animo</strong></span> 
     </span>
    </p>
   </div>
   <div class='ocr_carea' id='block_1_73' title="bbox 1021 770 1816 813">
    <p class='ocr_par' dir='ltr' id='par_1_73' title="bbox 1021 770 1816 813">
     <span class='ocr_line' id='line_1_73' title="bbox 1021 770 1816 813; baseline 0.014 -16"><span class='ocrx_word' id='word_1_598' title='bbox 1021 770 1090 797; x_wconf 85' lang='lat' dir='ltr'><strong>bene</strong></span> <span class='ocrx_word' id='word_1_599' title='bbox 1106 775 1196 800; x_wconf 85' lang='lat' dir='ltr'><strong>tenere</strong></span> <span class='ocrx_word' id='word_1_600' title='bbox 1206 792 1213 805; x_wconf 88' lang='lat'><strong>,</strong></span> <span class='ocrx_word' id='word_1_601' title='bbox 1230 774 1408 810; x_wconf 86' lang='lat' dir='ltr'><strong>operibusque</strong></span> <span class='ocrx_word' id='word_1_602' title='bbox 1422 775 1487 811; x_wconf 81' lang='lat' dir='ltr'><strong>ipsis</strong></span> <span class='ocrx_word' id='word_1_603' title='bbox 1508 776 1622 805; x_wconf 90' lang='lat' dir='ltr'><strong>fructum</strong></span> <span class='ocrx_word' id='word_1_604' title='bbox 1636 778 1753 813; x_wconf 86' lang='lat' dir='ltr'><strong>aliquem</strong></span> <span class='ocrx_word' id='word_1_605' title='bbox 1768 787 1816 807; x_wconf 82' lang='lat' dir='ltr'><strong>ex-</strong></span> 
     </span>
    </p>
   </div>
   <div class='ocr_carea' id='block_1_74' title="bbox 1022 814 1820 860">
    <p class='ocr_par' dir='ltr' id='par_1_74' title="bbox 1022 814 1820 860">
     <span class='ocr_line' id='line_1_74' title="bbox 1022 814 1820 860; baseline 0.015 -18"><span class='ocrx_word' id='word_1_606' title='bbox 1022 814 1116 844; x_wconf 87' lang='lat' dir='ltr'><strong>ltibere</strong></span> <span class='ocrx_word' id='word_1_607' title='bbox 1125 837 1133 849; x_wconf 96' lang='lat'><strong>,</strong></span> <span class='ocrx_word' id='word_1_608' title='bbox 1150 818 1251 852; x_wconf 86' lang='lat' dir='ltr'><strong>majore</strong></span> <span class='ocrx_word' id='word_1_609' title='bbox 1264 819 1400 860; x_wconf 40' lang='lat' dir='ltr'><strong>alacritalte</strong></span> <span class='ocrx_word' id='word_1_610' title='bbox 1412 827 1439 848; x_wconf 92' lang='lat' dir='ltr'><strong>et</strong></span> <span class='ocrx_word' id='word_1_611' title='bbox 1453 824 1620 860; x_wconf 82' lang='lat' dir='ltr'><strong>sequentium</strong></span> <span class='ocrx_word' id='word_1_612' title='bbox 1636 825 1820 860; x_wconf 66' lang='lat' dir='ltr'><strong>coguitionettr</strong></span> 
     </span>
    </p>
   </div>
   <div class='ocr_carea' id='block_1_75' title="bbox 1021 858 1817 904">
    <p class='ocr_par' dir='ltr' id='par_1_75' title="bbox 1021 858 1817 904">
     <span class='ocr_line' id='line_1_75' title="bbox 1021 858 1817 904; baseline 0.015 -16"><span class='ocrx_word' id='word_1_613' title='bbox 1021 862 1151 896; x_wconf 80' lang='lat' dir='ltr'><strong>praebent.</strong></span> <span class='ocrx_word' id='word_1_614' title='bbox 1174 863 1207 891; x_wconf 89' lang='lat' dir='ltr'><strong>Et</strong></span> <span class='ocrx_word' id='word_1_615' title='bbox 1222 872 1270 892; x_wconf 84' lang='lat' dir='ltr'><strong>nos</strong></span> <span class='ocrx_word' id='word_1_616' title='bbox 1295 858 1401 901; x_wconf 82' lang='lat' dir='ltr'><strong>quoque</strong></span> <span class='ocrx_word' id='word_1_617' title='bbox 1415 873 1513 902; x_wconf 89' lang='lat' dir='ltr'><strong>quanto</strong></span> <span class='ocrx_word' id='word_1_618' title='bbox 1532 858 1617 904; x_wconf 58' lang='lat' dir='ltr'><strong>ma’gis</strong></span> <span class='ocrx_word' id='word_1_619' title='bbox 1635 858 1752 899; x_wconf 79' lang='lat' dir='ltr'><strong>mentem</strong></span> <span class='ocrx_word' id='word_1_620' title='bbox 1766 880 1817 900; x_wconf 55' lang='lat' dir='ltr'><strong>vc‘</strong></span> 
     </span>
    </p>
   </div>
   <div class='ocr_carea' id='block_1_76' title="bbox 1021 908 1816 954">
    <p class='ocr_par' dir='ltr' id='par_1_76' title="bbox 1021 908 1816 954">
     <span class='ocr_line' id='line_1_76' title="bbox 1021 908 1816 954; baseline 0.016 -21"><span class='ocrx_word' id='word_1_621' title='bbox 1021 910 1105 934; x_wconf 85' lang='lat' dir='ltr'><strong>stram</strong></span> <span class='ocrx_word' id='word_1_622' title='bbox 1125 908 1209 943; x_wconf 85' lang='lat' dir='ltr'><strong>erigi,</strong></span> <span class='ocrx_word' id='word_1_623' title='bbox 1236 915 1263 937; x_wconf 90' lang='lat' dir='ltr'><strong>et</strong></span> <span class='ocrx_word' id='word_1_624' title='bbox 1284 910 1445 939; x_wconf 83' lang='lat' dir='ltr'><strong>desiderium</strong></span> <span class='ocrx_word' id='word_1_625' title='bbox 1471 921 1609 948; x_wconf 88' lang='lat' dir='ltr'><strong>crescere,</strong></span> <span class='ocrx_word' id='word_1_626' title='bbox 1633 917 1816 954; x_wconf 80' lang='lat' dir='ltr'><strong>rationemque</strong></span> 
     </span>
    </p>
   </div>
   <div class='ocr_carea' id='block_1_77' title="bbox 1020 952 1814 998">
    <p class='ocr_par' dir='ltr' id='par_1_77' title="bbox 1020 952 1814 998">
     <span class='ocr_line' id='line_1_77' title="bbox 1020 952 1814 998; baseline 0.018 -20"><span class='ocrx_word' id='word_1_627' title='bbox 1020 952 1076 979; x_wconf 85' lang='lat' dir='ltr'><strong>alas</strong></span> <span class='ocrx_word' id='word_1_628' title='bbox 1093 960 1230 982; x_wconf 86' lang='lat' dir='ltr'><strong>assumere</strong></span> <span class='ocrx_word' id='word_1_629' title='bbox 1252 955 1391 991; x_wconf 88' lang='lat' dir='ltr'><strong>videmus,</strong></span> <span class='ocrx_word' id='word_1_630' title='bbox 1408 962 1482 986; x_wconf 88' lang='lat' dir='ltr'><strong>tanto</strong></span> <span class='ocrx_word' id='word_1_631' title='bbox 1500 960 1645 989; x_wconf 79' lang='lat' dir='ltr'><strong>alacriores</strong></span> <span class='ocrx_word' id='word_1_632' title='bbox 1666 952 1814 998; x_wconf 76' lang='lat' dir='ltr'><strong>rcddimitr,</strong></span> 
     </span>
    </p>
   </div>
   <div class='ocr_carea' id='block_1_78' title="bbox 1021 998 1815 1041">
    <p class='ocr_par' dir='ltr' id='par_1_78' title="bbox 1021 998 1815 1041">
     <span class='ocr_line' id='line_1_78' title="bbox 1021 998 1815 1041; baseline 0.016 -17"><span class='ocrx_word' id='word_1_633' title='bbox 1021 1001 1050 1024; x_wconf 89' lang='lat' dir='ltr'><strong>ut</strong></span> <span class='ocrx_word' id='word_1_634' title='bbox 1072 998 1223 1027; x_wconf 88' lang='lat' dir='ltr'><strong>uberiorem</strong></span> <span class='ocrx_word' id='word_1_635' title='bbox 1245 999 1392 1029; x_wconf 87' lang='lat' dir='ltr'><strong>doctrinam</strong></span> <span class='ocrx_word' id='word_1_636' title='bbox 1407 1011 1597 1038; x_wconf 77' lang='lat' dir='ltr'><strong>proponamus.</strong></span> <span class='ocrx_word' id='word_1_637' title='bbox 1620 1008 1725 1041; x_wconf 87' lang='lat' dir='ltr'><strong>Quanto</strong></span> <span class='ocrx_word' id='word_1_638' title='bbox 1744 1010 1815 1037; x_wconf 86' lang='lat' dir='ltr'><strong>cnim</strong></span> 
     </span>
    </p>
   </div>
   <div class='ocr_carea' id='block_1_79' title="bbox 1021 1043 1815 1089">
    <p class='ocr_par' dir='ltr' id='par_1_79' title="bbox 1021 1043 1815 1089">
     <span class='ocr_line' id='line_1_79' title="bbox 1021 1043 1815 1089; baseline 0.018 -21"><span class='ocrx_word' id='word_1_639' title='bbox 1021 1043 1081 1077; x_wconf 89' lang='lat' dir='ltr'><strong>plus</strong></span> <span class='ocrx_word' id='word_1_640' title='bbox 1096 1044 1170 1072; x_wconf 88' lang='lat' dir='ltr'><strong>vobis</strong></span> <span class='ocrx_word' id='word_1_641' title='bbox 1193 1046 1376 1080; x_wconf 88' lang='lat' dir='ltr'><strong>profundimus</strong></span> <span class='ocrx_word' id='word_1_642' title='bbox 1392 1048 1551 1078; x_wconf 85' lang='lat' dir='ltr'><strong>ﬂuentorum</strong></span> <span class='ocrx_word' id='word_1_643' title='bbox 1574 1051 1668 1080; x_wconf 85' lang='lat' dir='ltr'><strong>horum</strong></span> <span class='ocrx_word' id='word_1_644' title='bbox 1690 1054 1815 1089; x_wconf 87' lang='lat' dir='ltr'><strong>spiritua-</strong></span> 
     </span>
    </p>
   </div>
   <div class='ocr_carea' id='block_1_80' title="bbox 1020 1088 1819 1132">
    <p class='ocr_par' dir='ltr' id='par_1_80' title="bbox 1020 1088 1819 1132">
     <span class='ocr_line' id='line_1_80' title="bbox 1020 1088 1819 1132; baseline 0.018 -17"><span class='ocrx_word' id='word_1_645' title='bbox 1020 1088 1084 1116; x_wconf 87' lang='lat' dir='ltr'><strong>lium</strong></span> <span class='ocrx_word' id='word_1_646' title='bbox 1095 1110 1103 1123; x_wconf 92' lang='lat'><strong>,</strong></span> <span class='ocrx_word' id='word_1_647' title='bbox 1119 1094 1192 1119; x_wconf 91' lang='lat' dir='ltr'><strong>tanto</strong></span> <span class='ocrx_word' id='word_1_648' title='bbox 1207 1092 1284 1120; x_wconf 90' lang='lat' dir='ltr'><strong>nobis</strong></span> <span class='ocrx_word' id='word_1_649' title='bbox 1298 1099 1326 1120; x_wconf 90' lang='lat' dir='ltr'><strong>et</strong></span> <span class='ocrx_word' id='word_1_650' title='bbox 1348 1094 1444 1122; x_wconf 85' lang='lat' dir='ltr'><strong>ﬂuenta</strong></span> <span class='ocrx_word' id='word_1_651' title='bbox 1458 1101 1521 1124; x_wconf 92' lang='lat' dir='ltr'><strong>sunt</strong></span> <span class='ocrx_word' id='word_1_652' title='bbox 1540 1099 1674 1132; x_wconf 84' lang='lat' dir='ltr'><strong>auctiora,</strong></span> <span class='ocrx_word' id='word_1_653' title='bbox 1689 1088 1819 1129; x_wconf 77' lang='lat' dir='ltr'><strong>nimirum</strong></span> 
     </span>
    </p>
   </div>
   <div class='ocr_carea' id='block_1_81' title="bbox 1019 1136 1815 1179">
    <p class='ocr_par' dir='ltr' id='par_1_81' title="bbox 1019 1136 1815 1179">
     <span class='ocr_line' id='line_1_81' title="bbox 1019 1136 1815 1179; baseline 0.018 -18"><span class='ocrx_word' id='word_1_654' title='bbox 1019 1139 1129 1170; x_wconf 80' lang='lat' dir='ltr'><strong>prOpter</strong></span> <span class='ocrx_word' id='word_1_655' title='bbox 1143 1136 1347 1167; x_wconf 80' lang='lat' dir='ltr'><strong>:ediﬁcationem</strong></span> <span class='ocrx_word' id='word_1_656' title='bbox 1361 1145 1484 1174; x_wconf 78' lang='lat' dir='ltr'><strong>vestram,</strong></span> <span class='ocrx_word' id='word_1_657' title='bbox 1502 1147 1528 1169; x_wconf 88' lang='lat' dir='ltr'><strong>ct</strong></span> <span class='ocrx_word' id='word_1_658' title='bbox 1543 1150 1652 1179; x_wconf 88' lang='lat' dir='ltr'><strong>propter</strong></span> <span class='ocrx_word' id='word_1_659' title='bbox 1665 1150 1815 1175; x_wconf 86' lang='lat' dir='ltr'><strong>vestrarum</strong></span> 
     </span>
    </p>
   </div>
   <div class='ocr_carea' id='block_1_82' title="bbox 1019 1181 1814 1220">
    <p class='ocr_par' dir='ltr' id='par_1_82' title="bbox 1019 1181 1814 1220">
     <span class='ocr_line' id='line_1_82' title="bbox 1019 1181 1814 1220; baseline 0.018 -13"><span class='ocrx_word' id='word_1_660' title='bbox 1019 1181 1169 1209; x_wconf 88' lang='lat' dir='ltr'><strong>animarum</strong></span> <span class='ocrx_word' id='word_1_661' title='bbox 1185 1183 1326 1211; x_wconf 80' lang='lat' dir='ltr'><strong>utilitatem</strong></span> <span class='ocrx_word' id='word_1_662' title='bbox 1341 1194 1348 1211; x_wconf 92' lang='lat'>:</span> <span class='ocrx_word' id='word_1_663' title='bbox 1362 1193 1415 1212; x_wconf 89' lang='lat' dir='ltr'><strong>non</strong></span> <span class='ocrx_word' id='word_1_664' title='bbox 1430 1187 1501 1214; x_wconf 89' lang='lat' dir='ltr'><strong>enitn</strong></span> <span class='ocrx_word' id='word_1_665' title='bbox 1513 1188 1538 1215; x_wconf 88' lang='lat' dir='ltr'><strong>in</strong></span> <span class='ocrx_word' id='word_1_666' title='bbox 1553 1189 1603 1217; x_wconf 90' lang='lat' dir='ltr'><strong>hac</strong></span> <span class='ocrx_word' id='word_1_667' title='bbox 1616 1197 1696 1218; x_wconf 87' lang='lat' dir='ltr'><strong>causa</strong></span> <span class='ocrx_word' id='word_1_668' title='bbox 1709 1193 1814 1220; x_wconf 85' lang='lat' dir='ltr'><strong>contin-</strong></span> 
     </span>
    </p>
   </div>
   <div class='ocr_carea' id='block_1_83' title="bbox 1016 1226 1813 1273">
    <p class='ocr_par' dir='ltr' id='par_1_83' title="bbox 1016 1226 1813 1273">
     <span class='ocr_line' id='line_1_83' title="bbox 1016 1226 1813 1273; baseline 0.018 -20"><span class='ocrx_word' id='word_1_669' title='bbox 1016 1226 1056 1261; x_wconf 91' lang='lat' dir='ltr'><strong>git</strong></span> <span class='ocrx_word' id='word_1_670' title='bbox 1080 1227 1106 1254; x_wconf 92' lang='lat' dir='ltr'><strong>id</strong></span> <span class='ocrx_word' id='word_1_671' title='bbox 1131 1229 1201 1263; x_wconf 89' lang='lat' dir='ltr'><strong>quod</strong></span> <span class='ocrx_word' id='word_1_672' title='bbox 1225 1229 1252 1256; x_wconf 92' lang='lat' dir='ltr'><strong>in</strong></span> <span class='ocrx_word' id='word_1_673' title='bbox 1279 1231 1410 1265; x_wconf 83' lang='lat' dir='ltr'><strong>pecuniis.</strong></span> <span class='ocrx_word' id='word_1_674' title='bbox 1434 1232 1489 1260; x_wconf 90' lang='lat' dir='ltr'><strong>Illic</strong></span> <span class='ocrx_word' id='word_1_675' title='bbox 1511 1235 1582 1262; x_wconf 90' lang='lat' dir='ltr'><strong>enim</strong></span> <span class='ocrx_word' id='word_1_676' title='bbox 1606 1237 1650 1271; x_wconf 90' lang='lat' dir='ltr'><strong>qui</strong></span> <span class='ocrx_word' id='word_1_677' title='bbox 1674 1244 1813 1273; x_wconf 77' lang='lat' dir='ltr'><strong>argentum</strong></span> 
     </span>
    </p>
   </div>
   <div class='ocr_carea' id='block_1_84' title="bbox 1018 1272 1814 1317">
    <p class='ocr_par' dir='ltr' id='par_1_84' title="bbox 1018 1272 1814 1317">
     <span class='ocr_line' id='line_1_84' title="bbox 1018 1272 1814 1317; baseline 0.018 -18"><span class='ocrx_word' id='word_1_678' title='bbox 1018 1272 1106 1300; x_wconf 86' lang='lat' dir='ltr'><strong>vicino</strong></span> <span class='ocrx_word' id='word_1_679' title='bbox 1118 1273 1314 1309; x_wconf 84' lang='lat' dir='ltr'><strong>dinumeravit,</strong></span> <span class='ocrx_word' id='word_1_680' title='bbox 1336 1277 1468 1305; x_wconf 84' lang='lat' dir='ltr'><strong>imminuit</strong></span> <span class='ocrx_word' id='word_1_681' title='bbox 1483 1287 1556 1307; x_wconf 88' lang='lat' dir='ltr'><strong>suam</strong></span> <span class='ocrx_word' id='word_1_682' title='bbox 1574 1272 1765 1317; x_wconf 78' lang='lat' dir='ltr'><strong>substantiam,</strong></span> <span class='ocrx_word' id='word_1_683' title='bbox 1788 1290 1814 1313; x_wconf 84' lang='lat' dir='ltr'><strong>et</strong></span> 
     </span>
    </p>
   </div>
   <div class='ocr_carea' id='block_1_85' title="bbox 1018 1320 1816 1364">
    <p class='ocr_par' dir='ltr' id='par_1_85' title="bbox 1018 1320 1816 1364">
     <span class='ocr_line' id='line_1_85' title="bbox 1018 1320 1816 1364; baseline 0.016 -19"><span class='ocrx_word' id='word_1_684' title='bbox 1018 1324 1116 1353; x_wconf 87' lang='lat' dir='ltr'><strong>quanto</strong></span> <span class='ocrx_word' id='word_1_685' title='bbox 1130 1320 1188 1354; x_wconf 88' lang='lat' dir='ltr'><strong>plus</strong></span> <span class='ocrx_word' id='word_1_686' title='bbox 1201 1326 1333 1356; x_wconf 84' lang='lat' dir='ltr'><strong>numerat,</strong></span> <span class='ocrx_word' id='word_1_687' title='bbox 1349 1327 1423 1351; x_wconf 90' lang='lat' dir='ltr'><strong>tanto</strong></span> <span class='ocrx_word' id='word_1_688' title='bbox 1439 1325 1525 1352; x_wconf 86' lang='lat' dir='ltr'><strong>minus</strong></span> <span class='ocrx_word' id='word_1_689' title='bbox 1540 1327 1657 1361; x_wconf 79' lang='lat' dir='ltr'><strong>possidet</strong></span> <span class='ocrx_word' id='word_1_690' title='bbox 1674 1331 1793 1364; x_wconf 73' lang='lat' dir='ltr'><strong>pecunia:</strong></span> <span class='ocrx_word' id='word_1_691' title='bbox 1803 1338 1816 1360; x_wconf 76' lang='grc' dir='ltr'><em>τ</em></span> 
     </span>
    </p>
   </div>
   <div class='ocr_carea' id='block_1_86' title="bbox 1018 1363 1814 1404">
    <p class='ocr_par' dir='ltr' id='par_1_86' title="bbox 1018 1363 1814 1404">
     <span class='ocr_line' id='line_1_86' title="bbox 1018 1363 1814 1404; baseline 0.019 -15"><span class='ocrx_word' id='word_1_692' title='bbox 1018 1363 1062 1390; x_wconf 92' lang='lat' dir='ltr'><strong>hic</strong></span> <span class='ocrx_word' id='word_1_693' title='bbox 1072 1369 1162 1392; x_wconf 87' lang='lat' dir='ltr'><strong>autem</strong></span> <span class='ocrx_word' id='word_1_694' title='bbox 1184 1366 1265 1400; x_wconf 83' lang='lat' dir='ltr'><strong>plane</strong></span> <span class='ocrx_word' id='word_1_695' title='bbox 1280 1374 1358 1395; x_wconf 87' lang='lat' dir='ltr'><strong>secus</strong></span> <span class='ocrx_word' id='word_1_696' title='bbox 1377 1369 1472 1404; x_wconf 88' lang='lat' dir='ltr'><strong>agitur.</strong></span> <span class='ocrx_word' id='word_1_697' title='bbox 1497 1370 1570 1398; x_wconf 87' lang='lat' dir='ltr'><strong>Tunc</strong></span> <span class='ocrx_word' id='word_1_698' title='bbox 1588 1373 1659 1400; x_wconf 90' lang='lat' dir='ltr'><strong>enim</strong></span> <span class='ocrx_word' id='word_1_699' title='bbox 1675 1363 1814 1404; x_wconf 82' lang='lat' dir='ltr'><strong>facultates</strong></span> 
     </span>
    </p>
   </div>
   <div class='ocr_carea' id='block_1_87' title="bbox 1018 1411 1813 1456">
    <p class='ocr_par' dir='ltr' id='par_1_87' title="bbox 1018 1411 1813 1456">
     <span class='ocr_line' id='line_1_87' title="bbox 1018 1411 1813 1456; baseline 0.015 -20"><span class='ocrx_word' id='word_1_700' title='bbox 1018 1414 1118 1438; x_wconf 64' lang='lat' dir='ltr'><strong>nostrae</strong></span> <span class='ocrx_word' id='word_1_701' title='bbox 1141 1411 1199 1446; x_wconf 89' lang='lat' dir='ltr'><strong>plus</strong></span> <span class='ocrx_word' id='word_1_702' title='bbox 1220 1419 1394 1447; x_wconf 86' lang='lat' dir='ltr'><strong>accrescunt,</strong></span> <span class='ocrx_word' id='word_1_703' title='bbox 1420 1420 1481 1443; x_wconf 91' lang='lat' dir='ltr'><strong>tunc</strong></span> <span class='ocrx_word' id='word_1_704' title='bbox 1502 1417 1657 1452; x_wconf 88' lang='lat' dir='ltr'><strong>spirituales</strong></span> <span class='ocrx_word' id='word_1_705' title='bbox 1682 1420 1723 1447; x_wconf 75' lang='lat' dir='ltr'><strong>har.</strong></span> <span class='ocrx_word' id='word_1_706' title='bbox 1747 1427 1813 1456; x_wconf 75' lang='lat' dir='ltr'><strong>opes</strong></span> 
     </span>
    </p>
   </div>
   <div class='ocr_carea' id='block_1_88' title="bbox 1017 1456 1813 1495">
    <p class='ocr_par' dir='ltr' id='par_1_88' title="bbox 1017 1456 1813 1495">
     <span class='ocr_line' id='line_1_88' title="bbox 1017 1456 1813 1495; baseline 0.018 -14"><span class='ocrx_word' id='word_1_707' title='bbox 1017 1456 1102 1490; x_wconf 86' lang='lat' dir='ltr'><strong>magis</strong></span> <span class='ocrx_word' id='word_1_708' title='bbox 1112 1462 1254 1492; x_wconf 81' lang='lat' dir='ltr'><strong>augentur,</strong></span> <span class='ocrx_word' id='word_1_709' title='bbox 1264 1460 1370 1494; x_wconf 88' lang='lat' dir='ltr'><strong>quando</strong></span> <span class='ocrx_word' id='word_1_710' title='bbox 1385 1459 1492 1489; x_wconf 81' lang='lat' dir='ltr'><strong>haurire</strong></span> <span class='ocrx_word' id='word_1_711' title='bbox 1502 1462 1652 1492; x_wconf 89' lang='lat' dir='ltr'><strong>volentibus</strong></span> <span class='ocrx_word' id='word_1_712' title='bbox 1663 1465 1813 1495; x_wconf 88' lang='lat' dir='ltr'><strong>doctrinam</strong></span> 
     </span>
    </p>
   </div>
   <div class='ocr_carea' id='block_1_89' title="bbox 1018 1499 1813 1546">
    <p class='ocr_par' dir='ltr' id='par_1_89' title="bbox 1018 1499 1813 1546">
     <span class='ocr_line' id='line_1_89' title="bbox 1018 1499 1813 1546; baseline 0.016 -19"><span class='ocrx_word' id='word_1_713' title='bbox 1018 1499 1164 1529; x_wconf 87' lang='lat' dir='ltr'><strong>liberaliter</strong></span> <span class='ocrx_word' id='word_1_714' title='bbox 1177 1503 1371 1537; x_wconf 88' lang='lat' dir='ltr'><strong>profundimus.</strong></span> <span class='ocrx_word' id='word_1_715' title='bbox 1387 1505 1470 1541; x_wconf 87' lang='lat' dir='ltr'><strong>Igitur</strong></span> <span class='ocrx_word' id='word_1_716' title='bbox 1488 1509 1547 1542; x_wconf 90' lang='lat' dir='ltr'><strong>quia</strong></span> <span class='ocrx_word' id='word_1_717' title='bbox 1571 1508 1621 1536; x_wconf 89' lang='lat' dir='ltr'><strong>hoc</strong></span> <span class='ocrx_word' id='word_1_718' title='bbox 1636 1510 1712 1538; x_wconf 89' lang='lat' dir='ltr'><strong>ttobis</strong></span> <span class='ocrx_word' id='word_1_719' title='bbox 1727 1512 1813 1546; x_wconf 80' lang='lat' dir='ltr'><strong>majo-</strong></span> 
     </span>
    </p>
   </div>
   <div class='ocr_carea' id='block_1_90' title="bbox 1017 1546 1813 1589">
    <p class='ocr_par' dir='ltr' id='par_1_90' title="bbox 1017 1546 1813 1589">
     <span class='ocr_line' id='line_1_90' title="bbox 1017 1546 1813 1589; baseline 0.018 -18"><span class='ocrx_word' id='word_1_720' title='bbox 1017 1552 1078 1572; x_wconf 92' lang='lat' dir='ltr'><strong>rum</strong></span> <span class='ocrx_word' id='word_1_721' title='bbox 1093 1546 1244 1575; x_wconf 87' lang='lat' dir='ltr'><strong>divitiarum</strong></span> <span class='ocrx_word' id='word_1_722' title='bbox 1266 1556 1345 1577; x_wconf 87' lang='lat' dir='ltr'><strong>causa</strong></span> <span class='ocrx_word' id='word_1_723' title='bbox 1366 1554 1427 1583; x_wconf 87' lang='lat' dir='ltr'><strong>est,</strong></span> <span class='ocrx_word' id='word_1_724' title='bbox 1452 1556 1478 1579; x_wconf 91' lang='lat' dir='ltr'><strong>et</strong></span> <span class='ocrx_word' id='word_1_725' title='bbox 1493 1560 1540 1580; x_wconf 87' lang='lat' dir='ltr'><strong>vos</strong></span> <span class='ocrx_word' id='word_1_726' title='bbox 1562 1554 1742 1589; x_wconf 88' lang='lat' dir='ltr'><strong>spiritualibus</strong></span> <span class='ocrx_word' id='word_1_727' title='bbox 1761 1558 1813 1585; x_wconf 81' lang='lat' dir='ltr'><strong>ali-</strong></span> 
     </span>
    </p>
   </div>
   <div class='ocr_carea' id='block_1_91' title="bbox 1017 1592 1814 1639">
    <p class='ocr_par' dir='ltr' id='par_1_91' title="bbox 1017 1592 1814 1639">
     <span class='ocr_line' id='line_1_91' title="bbox 1017 1592 1814 1639; baseline 0.019 -21"><span class='ocrx_word' id='word_1_728' title='bbox 1017 1592 1117 1620; x_wconf 85' lang='lat' dir='ltr'><strong>mentis</strong></span> <span class='ocrx_word' id='word_1_729' title='bbox 1139 1594 1230 1622; x_wconf 90' lang='lat' dir='ltr'><strong>satiari</strong></span> <span class='ocrx_word' id='word_1_730' title='bbox 1256 1603 1309 1623; x_wconf 88' lang='lat' dir='ltr'><strong>non</strong></span> <span class='ocrx_word' id='word_1_731' title='bbox 1330 1597 1459 1632; x_wconf 87' lang='lat' dir='ltr'><strong>potestis,</strong></span> <span class='ocrx_word' id='word_1_732' title='bbox 1483 1606 1532 1634; x_wconf 86' lang='lat' dir='ltr'><strong>age</strong></span> <span class='ocrx_word' id='word_1_733' title='bbox 1548 1600 1683 1630; x_wconf 88' lang='lat' dir='ltr'><strong>videamus</strong></span> <span class='ocrx_word' id='word_1_734' title='bbox 1703 1604 1765 1639; x_wconf 89' lang='lat' dir='ltr'><strong>quid</strong></span> <span class='ocrx_word' id='word_1_735' title='bbox 1785 1610 1814 1634; x_wconf 72' lang='lat' dir='ltr'><strong>et</strong></span> 
     </span>
    </p>
   </div>
   <div class='ocr_carea' id='block_1_92' title="bbox 1017 1636 1813 1685">
    <p class='ocr_par' dir='ltr' id='par_1_92' title="bbox 1017 1636 1813 1685">
     <span class='ocr_line' id='line_1_92' title="bbox 1017 1636 1813 1685; baseline 0.018 -21"><span class='ocrx_word' id='word_1_736' title='bbox 1017 1636 1096 1665; x_wconf 88' lang='lat' dir='ltr'><strong>hodie</strong></span> <span class='ocrx_word' id='word_1_737' title='bbox 1110 1638 1204 1667; x_wconf 83' lang='lat' dir='ltr'><strong>beatus</strong></span> <span class='ocrx_word' id='word_1_738' title='bbox 1216 1640 1304 1669; x_wconf 78' lang='lat' dir='ltr'><strong>Moses</strong></span> <span class='ocrx_word' id='word_1_739' title='bbox 1318 1641 1344 1669; x_wconf 91' lang='lat' dir='ltr'><strong>in</strong></span> <span class='ocrx_word' id='word_1_740' title='bbox 1359 1642 1400 1670; x_wconf 86' lang='lat' dir='ltr'><strong>his</strong></span> <span class='ocrx_word' id='word_1_741' title='bbox 1412 1651 1471 1678; x_wconf 72' lang='lat' dir='ltr'><strong>qum</strong></span> <span class='ocrx_word' id='word_1_742' title='bbox 1487 1644 1554 1672; x_wconf 88' lang='lat' dir='ltr'><strong>lecta</strong></span> <span class='ocrx_word' id='word_1_743' title='bbox 1568 1651 1631 1674; x_wconf 90' lang='lat' dir='ltr'><strong>sunt</strong></span> <span class='ocrx_word' id='word_1_744' title='bbox 1643 1655 1692 1676; x_wconf 91' lang='lat' dir='ltr'><strong>nos</strong></span> <span class='ocrx_word' id='word_1_745' title='bbox 1705 1636 1813 1685; x_wconf 70' lang='lat' dir='ltr'><strong>doceat,</strong></span> 
     </span>
    </p>
   </div>
   <div class='ocr_carea' id='block_1_93' title="bbox 1015 1682 1812 1726">
    <p class='ocr_par' dir='ltr' id='par_1_93' title="bbox 1015 1682 1812 1726">
     <span class='ocr_line' id='line_1_93' title="bbox 1015 1682 1812 1726; baseline 0.015 -15"><span class='ocrx_word' id='word_1_746' title='bbox 1015 1682 1071 1711; x_wconf 88' lang='lat' dir='ltr'><strong>itno</strong></span> <span class='ocrx_word' id='word_1_747' title='bbox 1084 1684 1147 1718; x_wconf 90' lang='lat' dir='ltr'><strong>quid</strong></span> <span class='ocrx_word' id='word_1_748' title='bbox 1161 1685 1244 1719; x_wconf 88' lang='lat' dir='ltr'><strong>gratia</strong></span> <span class='ocrx_word' id='word_1_749' title='bbox 1260 1687 1374 1721; x_wconf 87' lang='lat' dir='ltr'><strong>Spiritus</strong></span> <span class='ocrx_word' id='word_1_750' title='bbox 1387 1695 1434 1722; x_wconf 91' lang='lat' dir='ltr'><strong>per</strong></span> <span class='ocrx_word' id='word_1_751' title='bbox 1448 1689 1507 1723; x_wconf 86' lang='lat' dir='ltr'><strong>ejus</strong></span> <span class='ocrx_word' id='word_1_752' title='bbox 1526 1690 1641 1726; x_wconf 86' lang='lat' dir='ltr'><strong>linguam</strong></span> <span class='ocrx_word' id='word_1_753' title='bbox 1664 1694 1740 1721; x_wconf 89' lang='lat' dir='ltr'><strong>nobis</strong></span> <span class='ocrx_word' id='word_1_754' title='bbox 1753 1682 1812 1722; x_wconf 53' lang='lat' dir='ltr'><strong>om;</strong></span> 
     </span>
    </p>
   </div>
   <div class='ocr_carea' id='block_1_94' title="bbox 1015 1728 1811 1768">
    <p class='ocr_par' dir='ltr' id='par_1_94' title="bbox 1015 1728 1811 1768">
     <span class='ocr_line' id='line_1_94' title="bbox 1015 1728 1811 1768; baseline 0.015 -13"><span class='ocrx_word' id='word_1_755' title='bbox 1015 1728 1093 1756; x_wconf 90' lang='lat' dir='ltr'><strong>nibus</strong></span> <span class='ocrx_word' id='word_1_756' title='bbox 1106 1729 1188 1757; x_wconf 65' lang='lat' dir='ltr'><strong>diuit.</strong></span> <span class='ocrx_word' id='word_1_757' title='bbox 1203 1730 1248 1758; x_wconf 73' lang='lat'><strong>26.</strong></span> <span class='ocrx_word' id='word_1_758' title='bbox 1263 1730 1297 1758; x_wconf 89' lang='lat' dir='ltr'><strong>Et</strong></span> <span class='ocrx_word' id='word_1_759' title='bbox 1309 1732 1383 1764; x_wconf 64' lang='lat' dir='ltr'><strong>dixit,</strong></span> <span class='ocrx_word' id='word_1_760' title='bbox 1398 1733 1498 1768; x_wconf 91' lang='lat' dir='ltr'><strong>inquit,</strong></span> <span class='ocrx_word' id='word_1_761' title='bbox 1513 1734 1582 1763; x_wconf 80' lang='lat' dir='ltr'><strong>Deus</strong></span> <span class='ocrx_word' id='word_1_762' title='bbox 1593 1744 1603 1763; x_wconf 89' lang='lat'><strong><em>:</em></strong></span> <span class='ocrx_word' id='word_1_763' title='bbox 1613 1736 1750 1767; x_wconf 76' lang='lat' dir='ltr'><strong>Faciamus</strong></span> <span class='ocrx_word' id='word_1_764' title='bbox 1764 1741 1811 1767; x_wconf 74' lang='lat' dir='ltr'><strong>Ite-</strong></span> 
     </span>
    </p>
   </div>
   <div class='ocr_carea' id='block_1_95' title="bbox 1015 1774 1810 1812">
    <p class='ocr_par' dir='ltr' id='par_1_95' title="bbox 1015 1774 1810 1812">
     <span class='ocr_line' id='line_1_95' title="bbox 1015 1774 1810 1812; baseline 0.015 -12"><span class='ocrx_word' id='word_1_765' title='bbox 1015 1774 1109 1801; x_wconf 81' lang='lat' dir='ltr'><strong>minem</strong></span> <span class='ocrx_word' id='word_1_766' title='bbox 1121 1775 1259 1803; x_wconf 82' lang='lat' dir='ltr'><strong>secundum</strong></span> <span class='ocrx_word' id='word_1_767' title='bbox 1271 1777 1406 1812; x_wconf 74' lang='lat' dir='ltr'><strong>imaginem</strong></span> <span class='ocrx_word' id='word_1_768' title='bbox 1419 1783 1539 1812; x_wconf 81' lang='lat' dir='ltr'><strong>nostram,</strong></span> <span class='ocrx_word' id='word_1_769' title='bbox 1553 1785 1577 1807; x_wconf 82' lang='lat' dir='ltr'><strong>et</strong></span> <span class='ocrx_word' id='word_1_770' title='bbox 1590 1783 1728 1810; x_wconf 79' lang='lat' dir='ltr'><strong>secundum</strong></span> <span class='ocrx_word' id='word_1_771' title='bbox 1739 1786 1810 1812; x_wconf 79' lang='lat' dir='ltr'><strong>simi“-</strong></span> 
     </span>
    </p>
   </div>
   <div class='ocr_carea' id='block_1_96' title="bbox 1015 1819 1807 1864">
    <p class='ocr_par' dir='ltr' id='par_1_96' title="bbox 1015 1819 1807 1864">
     <span class='ocr_line' id='line_1_96' title="bbox 1015 1819 1807 1864; baseline 0.016 -19"><span class='ocrx_word' id='word_1_772' title='bbox 1015 1819 1157 1846; x_wconf 82' lang='lat' dir='ltr'><strong>litudinem.</strong></span> <span class='ocrx_word' id='word_1_773' title='bbox 1182 1820 1222 1848; x_wconf 84' lang='lat' dir='ltr'><strong>Ne</strong></span> <span class='ocrx_word' id='word_1_774' title='bbox 1245 1821 1402 1856; x_wconf 82' lang='lat' dir='ltr'><strong>simpliciter</strong></span> <span class='ocrx_word' id='word_1_775' title='bbox 1429 1823 1486 1851; x_wconf 71' lang='lat' dir='ltr'><strong>lucc</strong></span> <span class='ocrx_word' id='word_1_776' title='bbox 1511 1824 1581 1853; x_wconf 90' lang='lat' dir='ltr'><strong>dicta</strong></span> <span class='ocrx_word' id='word_1_777' title='bbox 1607 1832 1807 1864; x_wconf 75' lang='lat' dir='ltr'><strong>pnctereantus,</strong></span> 
     </span>
    </p>
   </div>
   <div class='ocr_carea' id='block_1_97' title="bbox 1013 1864 1805 1909">
    <p class='ocr_par' dir='ltr' id='par_1_97' title="bbox 1013 1864 1805 1909">
     <span class='ocr_line' id='line_1_97' title="bbox 1013 1864 1805 1909; baseline 0.015 -19"><span class='ocrx_word' id='word_1_778' title='bbox 1013 1864 1157 1897; x_wconf 81' lang='lat' dir='ltr'><strong>carissimi,</strong></span> <span class='ocrx_word' id='word_1_779' title='bbox 1172 1866 1219 1893; x_wconf 85' lang='lat' dir='ltr'><strong>sed</strong></span> <span class='ocrx_word' id='word_1_780' title='bbox 1235 1866 1414 1902; x_wconf 86' lang='lat' dir='ltr'><strong>disquiramus</strong></span> <span class='ocrx_word' id='word_1_781' title='bbox 1428 1869 1507 1896; x_wconf 87' lang='lat' dir='ltr'><strong>verba</strong></span> <span class='ocrx_word' id='word_1_782' title='bbox 1521 1871 1624 1906; x_wconf 87' lang='lat' dir='ltr'><strong>singula</strong></span> <span class='ocrx_word' id='word_1_783' title='bbox 1634 1893 1641 1905; x_wconf 94' lang='lat'><strong>,</strong></span> <span class='ocrx_word' id='word_1_784' title='bbox 1656 1878 1683 1900; x_wconf 87' lang='lat' dir='ltr'><strong>et</strong></span> <span class='ocrx_word' id='word_1_785' title='bbox 1700 1875 1726 1901; x_wconf 91' lang='lat' dir='ltr'><strong>in</strong></span> <span class='ocrx_word' id='word_1_786' title='bbox 1743 1883 1805 1909; x_wconf 87' lang='lat' dir='ltr'><strong>pro-</strong></span> 
     </span>
    </p>
   </div>
   <div class='ocr_carea' id='block_1_98' title="bbox 1014 1910 1806 1949">
    <p class='ocr_par' dir='ltr' id='par_1_98' title="bbox 1014 1910 1806 1949">
     <span class='ocr_line' id='line_1_98' title="bbox 1014 1910 1806 1949; baseline 0.015 -12"><span class='ocrx_word' id='word_1_787' title='bbox 1014 1910 1124 1938; x_wconf 79' lang='lat' dir='ltr'><strong>fundum</strong></span> <span class='ocrx_word' id='word_1_788' title='bbox 1138 1911 1331 1940; x_wconf 83' lang='lat' dir='ltr'><strong>descendentes</strong></span> <span class='ocrx_word' id='word_1_789' title='bbox 1340 1934 1348 1946; x_wconf 94' lang='lat'><strong>,</strong></span> <span class='ocrx_word' id='word_1_790' title='bbox 1365 1914 1418 1941; x_wconf 91' lang='lat' dir='ltr'><strong>vim</strong></span> <span class='ocrx_word' id='word_1_791' title='bbox 1432 1914 1458 1942; x_wconf 93' lang='lat' dir='ltr'><strong>in</strong></span> <span class='ocrx_word' id='word_1_792' title='bbox 1472 1915 1615 1945; x_wconf 89' lang='lat' dir='ltr'><strong>breviculis</strong></span> <span class='ocrx_word' id='word_1_793' title='bbox 1630 1918 1703 1947; x_wconf 81' lang='lat' dir='ltr'><strong>hisce</strong></span> <span class='ocrx_word' id='word_1_794' title='bbox 1718 1921 1806 1949; x_wconf 84' lang='lat' dir='ltr'><strong>verbis</strong></span> 
     </span>
    </p>
   </div>
   <div class='ocr_carea' id='block_1_99' title="bbox 1013 1956 1803 2002">
    <p class='ocr_par' dir='ltr' id='par_1_99' title="bbox 1013 1956 1803 2002">
     <span class='ocr_line' id='line_1_99' title="bbox 1013 1956 1803 2002; baseline 0.014 -18"><span class='ocrx_word' id='word_1_795' title='bbox 1013 1956 1139 1985; x_wconf 85' lang='lat' dir='ltr'><strong>latentem</strong></span> <span class='ocrx_word' id='word_1_796' title='bbox 1155 1957 1356 1994; x_wconf 84' lang='lat' dir='ltr'><strong>investigemus.</strong></span> <span class='ocrx_word' id='word_1_797' title='bbox 1370 1960 1439 1988; x_wconf 85' lang='lat' dir='ltr'><strong>Nam</strong></span> <span class='ocrx_word' id='word_1_798' title='bbox 1461 1962 1522 1990; x_wconf 90' lang='lat' dir='ltr'><strong>licet</strong></span> <span class='ocrx_word' id='word_1_799' title='bbox 1543 1971 1625 1998; x_wconf 90' lang='lat' dir='ltr'><strong>pauca</strong></span> <span class='ocrx_word' id='word_1_800' title='bbox 1646 1965 1700 1993; x_wconf 90' lang='lat' dir='ltr'><strong>sint</strong></span> <span class='ocrx_word' id='word_1_801' title='bbox 1714 1967 1803 2002; x_wconf 74' lang='lat' dir='ltr'><strong>verba,</strong></span> 
     </span>
    </p>
   </div>
   <div class='ocr_carea' id='block_1_100' title="bbox 1013 2004 1806 2048">
    <p class='ocr_par' dir='ltr' id='par_1_100' title="bbox 1013 2004 1806 2048">
     <span class='ocr_line' id='line_1_100' title="bbox 1013 2004 1806 2048; baseline 0.015 -19"><span class='ocrx_word' id='word_1_802' title='bbox 1013 2010 1126 2038; x_wconf 85' lang='lat' dir='ltr'><strong>magnus</strong></span> <span class='ocrx_word' id='word_1_803' title='bbox 1140 2007 1227 2031; x_wconf 89' lang='lat' dir='ltr'><strong>tamen</strong></span> <span class='ocrx_word' id='word_1_804' title='bbox 1241 2004 1382 2033; x_wconf 80' lang='lat' dir='ltr'><strong>thesaurus</strong></span> <span class='ocrx_word' id='word_1_805' title='bbox 1392 2012 1434 2034; x_wconf 86' lang='lat' dir='ltr'><strong>est</strong></span> <span class='ocrx_word' id='word_1_806' title='bbox 1448 2007 1473 2034; x_wconf 93' lang='lat' dir='ltr'><strong>in</strong></span> <span class='ocrx_word' id='word_1_807' title='bbox 1487 2008 1538 2035; x_wconf 89' lang='lat' dir='ltr'><strong>illis</strong></span> <span class='ocrx_word' id='word_1_808' title='bbox 1551 2011 1714 2044; x_wconf 86' lang='lat' dir='ltr'><strong>reconditus,</strong></span> <span class='ocrx_word' id='word_1_809' title='bbox 1725 2018 1806 2048; x_wconf 80' lang='lat' dir='ltr'><strong>atque</strong></span> 
     </span>
    </p>
   </div>
   <div class='ocr_carea' id='block_1_101' title="bbox 1011 2048 1842 2092">
    <p class='ocr_par' dir='ltr' id='par_1_101' title="bbox 1011 2048 1842 2092">
     <span class='ocr_line' id='line_1_101' title="bbox 1011 2048 1842 2092; baseline 0.013 -16"><span class='ocrx_word' id='word_1_810' title='bbox 1011 2048 1088 2077; x_wconf 87' lang='lat' dir='ltr'><strong>decet</strong></span> <span class='ocrx_word' id='word_1_811' title='bbox 1100 2054 1214 2078; x_wconf 86' lang='lat' dir='ltr'><strong>attentos</strong></span> <span class='ocrx_word' id='word_1_812' title='bbox 1228 2056 1256 2078; x_wconf 90' lang='lat' dir='ltr'><strong>et</strong></span> <span class='ocrx_word' id='word_1_813' title='bbox 1267 2051 1360 2086; x_wconf 89' lang='lat' dir='ltr'><strong>vigiles</strong></span> <span class='ocrx_word' id='word_1_814' title='bbox 1374 2060 1426 2080; x_wconf 90' lang='lat' dir='ltr'><strong>non</strong></span> <span class='ocrx_word' id='word_1_815' title='bbox 1442 2053 1468 2080; x_wconf 91' lang='lat' dir='ltr'><strong>in</strong></span> <span class='ocrx_word' id='word_1_816' title='bbox 1481 2056 1623 2089; x_wconf 87' lang='lat' dir='ltr'><strong>superﬁcie</strong></span> <span class='ocrx_word' id='word_1_817' title='bbox 1636 2062 1718 2085; x_wconf 82' lang='lat' dir='ltr'><strong>stare.</strong></span> <span class='ocrx_word' id='word_1_818' title='bbox 1733 2059 1806 2092; x_wconf 77' lang='lat' dir='ltr'><strong>Quo-</strong></span> <span class='ocrx_word' id='word_1_819' title='bbox 1837 2071 1842 2074; x_wconf 59' lang='grc' dir='ltr'>ν</span> 
     </span>
    </p>
   </div>
   <div class='ocr_carea' id='block_1_102' title="bbox 1011 2094 1803 2132">
    <p class='ocr_par' dir='ltr' id='par_1_102' title="bbox 1011 2094 1803 2132">
     <span class='ocr_line' id='line_1_102' title="bbox 1011 2094 1803 2132; baseline 0.015 -11"><span class='ocrx_word' id='word_1_820' title='bbox 1011 2094 1083 2122; x_wconf 84' lang='lat' dir='ltr'><strong>niam</strong></span> <span class='ocrx_word' id='word_1_821' title='bbox 1098 2099 1126 2122; x_wconf 91' lang='lat' dir='ltr'><strong>et</strong></span> <span class='ocrx_word' id='word_1_822' title='bbox 1144 2095 1162 2122; x_wconf 93' lang='lat' dir='ltr'><strong>ii</strong></span> <span class='ocrx_word' id='word_1_823' title='bbox 1177 2097 1221 2131; x_wconf 90' lang='lat' dir='ltr'><strong>qui</strong></span> <span class='ocrx_word' id='word_1_824' title='bbox 1237 2097 1378 2125; x_wconf 81' lang='lat' dir='ltr'><strong>sensibiles</strong></span> <span class='ocrx_word' id='word_1_825' title='bbox 1392 2099 1440 2126; x_wconf 90' lang='lat' dir='ltr'><strong>hos</strong></span> <span class='ocrx_word' id='word_1_826' title='bbox 1462 2100 1600 2128; x_wconf 83' lang='lat' dir='ltr'><strong>thesauros</strong></span> <span class='ocrx_word' id='word_1_827' title='bbox 1620 2103 1736 2132; x_wconf 79' lang='lat' dir='ltr'><strong>elfedere</strong></span> <span class='ocrx_word' id='word_1_828' title='bbox 1756 2114 1803 2132; x_wconf 61' lang='grc' dir='ltr'><strong>θυι</strong></span> 
     </span>
    </p>
   </div>
   <div class='ocr_carea' id='block_1_103' title="bbox 1011 2143 1801 2181">
    <p class='ocr_par' dir='ltr' id='par_1_103' title="bbox 1011 2143 1801 2181">
     <span class='ocr_line' id='line_1_103' title="bbox 1011 2143 1801 2181; baseline 0.014 -13"><span class='ocrx_word' id='word_1_829' title='bbox 1011 2146 1125 2177; x_wconf 81' lang='lat' dir='ltr'><strong>nantur,</strong></span> <span class='ocrx_word' id='word_1_830' title='bbox 1140 2149 1193 2170; x_wconf 85' lang='lat' dir='ltr'><strong>non</strong></span> <span class='ocrx_word' id='word_1_831' title='bbox 1208 2143 1234 2170; x_wconf 90' lang='lat' dir='ltr'><strong>in</strong></span> <span class='ocrx_word' id='word_1_832' title='bbox 1249 2143 1329 2178; x_wconf 88' lang='lat' dir='ltr'><strong>plano</strong></span> <span class='ocrx_word' id='word_1_833' title='bbox 1341 2148 1369 2172; x_wconf 88' lang='lat' dir='ltr'><strong>et</strong></span> <span class='ocrx_word' id='word_1_834' title='bbox 1383 2145 1409 2172; x_wconf 93' lang='lat' dir='ltr'><strong>in</strong></span> <span class='ocrx_word' id='word_1_835' title='bbox 1429 2147 1568 2181; x_wconf 72' lang='lat' dir='ltr'><strong>superﬁt-ie</strong></span> <span class='ocrx_word' id='word_1_836' title='bbox 1591 2149 1675 2176; x_wconf 87' lang='lat' dir='ltr'><strong>solum</strong></span> <span class='ocrx_word' id='word_1_837' title='bbox 1699 2150 1801 2180; x_wconf 81' lang='lat' dir='ltr'><strong>fodiunt</strong></span> 
     </span>
    </p>
   </div>
   <div class='ocr_carea' id='block_1_104' title="bbox 1010 2185 1803 2231">
    <p class='ocr_par' dir='ltr' id='par_1_104' title="bbox 1010 2185 1803 2231">
     <span class='ocr_line' id='line_1_104' title="bbox 1010 2185 1803 2231; baseline 0.016 -18"><span class='ocrx_word' id='word_1_838' title='bbox 1010 2185 1091 2221; x_wconf 80' lang='lat' dir='ltr'><strong>atque</strong></span> <span class='ocrx_word' id='word_1_839' title='bbox 1104 2188 1278 2223; x_wconf 83' lang='lat' dir='ltr'><strong>perquirunt,</strong></span> <span class='ocrx_word' id='word_1_840' title='bbox 1292 2189 1340 2217; x_wconf 85' lang='lat' dir='ltr'><strong>sed</strong></span> <span class='ocrx_word' id='word_1_841' title='bbox 1354 2190 1380 2217; x_wconf 88' lang='lat' dir='ltr'><strong>in</strong></span> <span class='ocrx_word' id='word_1_842' title='bbox 1398 2191 1557 2226; x_wconf 85' lang='lat' dir='ltr'><strong>profundum</strong></span> <span class='ocrx_word' id='word_1_843' title='bbox 1577 2194 1741 2225; x_wconf 68' lang='lat' dir='ltr'><strong>descendunt</strong></span> <span class='ocrx_word' id='word_1_844' title='bbox 1752 2219 1760 2231; x_wconf 95' lang='lat'><strong>,</strong></span> <span class='ocrx_word' id='word_1_845' title='bbox 1775 2205 1803 2226; x_wconf 81' lang='lat' dir='ltr'><strong>et</strong></span> 
     </span>
    </p>
   </div>
   <div class='ocr_carea' id='block_1_105' title="bbox 1010 2233 1805 2276">
    <p class='ocr_par' dir='ltr' id='par_1_105' title="bbox 1010 2233 1805 2276">
     <span class='ocr_line' id='line_1_105' title="bbox 1010 2233 1805 2276; baseline 0.019 -18"><span class='ocrx_word' id='word_1_846' title='bbox 1010 2233 1154 2267; x_wconf 86' lang='lat' dir='ltr'><strong>penitiores</strong></span> <span class='ocrx_word' id='word_1_847' title='bbox 1168 2238 1247 2262; x_wconf 70' lang='lat' dir='ltr'><strong>terra:</strong></span> <span class='ocrx_word' id='word_1_848' title='bbox 1261 2235 1335 2263; x_wconf 73' lang='lat' dir='ltr'><strong>sinus</strong></span> <span class='ocrx_word' id='word_1_849' title='bbox 1347 2242 1501 2266; x_wconf 88' lang='lat' dir='ltr'><strong>scrutantur</strong></span> <span class='ocrx_word' id='word_1_850' title='bbox 1514 2247 1521 2266; x_wconf 91' lang='lat'><strong>:</strong></span> <span class='ocrx_word' id='word_1_851' title='bbox 1537 2244 1617 2276; x_wconf 89' lang='lat' dir='ltr'><strong>atque</strong></span> <span class='ocrx_word' id='word_1_852' title='bbox 1631 2242 1666 2269; x_wconf 94' lang='lat' dir='ltr'><strong>ita</strong></span> <span class='ocrx_word' id='word_1_853' title='bbox 1680 2248 1739 2272; x_wconf 89' lang='lat' dir='ltr'><strong>arte</strong></span> <span class='ocrx_word' id='word_1_854' title='bbox 1754 2252 1805 2273; x_wconf 80' lang='lat' dir='ltr'><strong>sua</strong></span> 
     </span>
    </p>
   </div>
   <div class='ocr_carea' id='block_1_106' title="bbox 1010 2283 1804 2321">
    <p class='ocr_par' dir='ltr' id='par_1_106' title="bbox 1010 2283 1804 2321">
     <span class='ocr_line' id='line_1_106' title="bbox 1010 2283 1804 2321; baseline 0.018 -17"><span class='ocrx_word' id='word_1_855' title='bbox 1010 2284 1103 2306; x_wconf 86' lang='lat' dir='ltr'><strong>auntnt</strong></span> <span class='ocrx_word' id='word_1_856' title='bbox 1116 2285 1131 2305; x_wconf 92' lang='lat' dir='ltr'><strong>a</strong></span> <span class='ocrx_word' id='word_1_857' title='bbox 1145 2283 1215 2307; x_wconf 88' lang='lat' dir='ltr'><strong>terra</strong></span> <span class='ocrx_word' id='word_1_858' title='bbox 1235 2286 1392 2317; x_wconf 87' lang='lat' dir='ltr'><strong>segregant,</strong></span> <span class='ocrx_word' id='word_1_859' title='bbox 1409 2284 1513 2311; x_wconf 83' lang='lat' dir='ltr'><strong>tametsi</strong></span> <span class='ocrx_word' id='word_1_860' title='bbox 1532 2292 1604 2320; x_wconf 68' lang='lat' dir='ltr'><strong>saepe</strong></span> <span class='ocrx_word' id='word_1_861' title='bbox 1618 2292 1677 2321; x_wconf 89' lang='lat' dir='ltr'><strong>post</strong></span> <span class='ocrx_word' id='word_1_862' title='bbox 1696 2289 1804 2318; x_wconf 78' lang='lat' dir='ltr'><strong>labores</strong></span> 
     </span>
    </p>
   </div>
   <div class='ocr_carea' id='block_1_107' title="bbox 1009 2322 1802 2364">
    <p class='ocr_par' dir='ltr' id='par_1_107' title="bbox 1009 2322 1802 2364">
     <span class='ocr_line' id='line_1_107' title="bbox 1009 2322 1802 2364; baseline 0.018 -15"><span class='ocrx_word' id='word_1_863' title='bbox 1009 2322 1173 2359; x_wconf 82' lang='lat' dir='ltr'><strong>sudoresque</strong></span> <span class='ocrx_word' id='word_1_864' title='bbox 1185 2326 1282 2353; x_wconf 87' lang='lat' dir='ltr'><strong>multos</strong></span> <span class='ocrx_word' id='word_1_865' title='bbox 1295 2327 1337 2354; x_wconf 80' lang='lat' dir='ltr'><strong>vix</strong></span> <span class='ocrx_word' id='word_1_866' title='bbox 1357 2335 1438 2362; x_wconf 89' lang='lat' dir='ltr'><strong>pauca</strong></span> <span class='ocrx_word' id='word_1_867' title='bbox 1453 2330 1574 2364; x_wconf 64' lang='lat' dir='ltr'><strong>quietiam</strong></span> <span class='ocrx_word' id='word_1_868' title='bbox 1595 2338 1715 2362; x_wconf 87' lang='lat' dir='ltr'><strong>rantenta</strong></span> <span class='ocrx_word' id='word_1_869' title='bbox 1735 2335 1802 2363; x_wconf 55' lang='lat' dir='ltr'><strong>affet</strong></span> 
     </span>
    </p>
   </div>
   <div class='ocr_carea' id='block_1_108' title="bbox 1009 2370 1801 2415">
    <p class='ocr_par' dir='ltr' id='par_1_108' title="bbox 1009 2370 1801 2415">
     <span class='ocr_line' id='line_1_108' title="bbox 1009 2370 1801 2415; baseline 0.015 -19"><span class='ocrx_word' id='word_1_870' title='bbox 1009 2374 1080 2397; x_wconf 86' lang='lat' dir='ltr'><strong>runt.</strong></span> <span class='ocrx_word' id='word_1_871' title='bbox 1096 2370 1144 2398; x_wconf 87' lang='lat' dir='ltr'><strong>llic</strong></span> <span class='ocrx_word' id='word_1_872' title='bbox 1156 2377 1244 2399; x_wconf 88' lang='lat' dir='ltr'><strong>autem</strong></span> <span class='ocrx_word' id='word_1_873' title='bbox 1260 2372 1296 2399; x_wconf 90' lang='lat' dir='ltr'><strong>nil</strong></span> <span class='ocrx_word' id='word_1_874' title='bbox 1313 2373 1364 2400; x_wconf 89' lang='lat' dir='ltr'><strong>tale</strong></span> <span class='ocrx_word' id='word_1_875' title='bbox 1381 2378 1439 2408; x_wconf 88' lang='lat' dir='ltr'><strong>est,</strong></span> <span class='ocrx_word' id='word_1_876' title='bbox 1452 2376 1499 2402; x_wconf 87' lang='lat' dir='ltr'><strong>sed</strong></span> <span class='ocrx_word' id='word_1_877' title='bbox 1512 2375 1588 2415; x_wconf 80' lang='lat' dir='ltr'><strong>labor</strong></span> <span class='ocrx_word' id='word_1_878' title='bbox 1602 2378 1705 2411; x_wconf 84' lang='lat' dir='ltr'><strong>minor,</strong></span> <span class='ocrx_word' id='word_1_879' title='bbox 1721 2385 1746 2407; x_wconf 89' lang='lat' dir='ltr'><strong>et</strong></span> <span class='ocrx_word' id='word_1_880' title='bbox 1762 2381 1801 2408; x_wconf 76' lang='lat' dir='ltr'><strong>in-</strong></span> 
     </span>
    </p>
   </div>
   <div class='ocr_carea' id='block_1_109' title="bbox 1009 2414 1798 2455">
    <p class='ocr_par' dir='ltr' id='par_1_109' title="bbox 1009 2414 1798 2455">
     <span class='ocr_line' id='line_1_109' title="bbox 1009 2414 1798 2455; baseline 0.014 -13"><span class='ocrx_word' id='word_1_881' title='bbox 1009 2414 1121 2455; x_wconf 85' lang='lat' dir='ltr'><strong>ell&#39;abilis</strong></span> <span class='ocrx_word' id='word_1_882' title='bbox 1134 2416 1251 2445; x_wconf 86' lang='lat' dir='ltr'><strong>ubertas.</strong></span> <span class='ocrx_word' id='word_1_883' title='bbox 1265 2417 1332 2445; x_wconf 85' lang='lat' dir='ltr'><strong>Nam</strong></span> <span class='ocrx_word' id='word_1_884' title='bbox 1346 2419 1492 2454; x_wconf 83' lang='lat' dir='ltr'><strong>spiritualia</strong></span> <span class='ocrx_word' id='word_1_885' title='bbox 1511 2414 1601 2448; x_wconf 84' lang='lat' dir='ltr'><strong>omnia</strong></span> <span class='ocrx_word' id='word_1_886' title='bbox 1616 2423 1643 2450; x_wconf 83' lang='lat' dir='ltr'><strong>in</strong></span> <span class='ocrx_word' id='word_1_887' title='bbox 1657 2423 1727 2452; x_wconf 89' lang='lat' dir='ltr'><strong>hunc</strong></span> <span class='ocrx_word' id='word_1_888' title='bbox 1740 2433 1798 2453; x_wconf 81' lang='lat' dir='ltr'><strong>mo-</strong></span> 
     </span>
    </p>
   </div>
   <div class='ocr_carea' id='block_1_110' title="bbox 1008 2461 1237 2490">
    <p class='ocr_par' dir='ltr' id='par_1_110' title="bbox 1008 2461 1237 2490">
     <span class='ocr_line' id='line_1_110' title="bbox 1008 2461 1237 2490; baseline 0.004 -1"><span class='ocrx_word' id='word_1_889' title='bbox 1008 2461 1071 2489; x_wconf 90' lang='lat' dir='ltr'><strong>dum</strong></span> <span class='ocrx_word' id='word_1_890' title='bbox 1086 2470 1115 2490; x_wconf 89' lang='lat' dir='ltr'><strong>se</strong></span> <span class='ocrx_word' id='word_1_891' title='bbox 1130 2462 1237 2490; x_wconf 90' lang='lat' dir='ltr'><strong>habent.</strong></span> 
     </span>
    </p>
   </div>
   <div class='ocr_carea' id='block_1_111' title="bbox 1042 2507 1805 2549">
    <p class='ocr_par' dir='ltr' id='par_1_111' title="bbox 1042 2507 1805 2549">
     <span class='ocr_line' id='line_1_111' title="bbox 1042 2507 1805 2549; baseline 0.013 -15"><span class='ocrx_word' id='word_1_892' title='bbox 1042 2507 1071 2534; x_wconf 77' lang='grc'><strong>2.</strong></span> <span class='ocrx_word' id='word_1_893' title='bbox 1090 2507 1129 2535; x_wconf 82' lang='lat' dir='ltr'><strong>Ne</strong></span> <span class='ocrx_word' id='word_1_894' title='bbox 1144 2508 1223 2543; x_wconf 86' lang='lat' dir='ltr'><strong>igitur</strong></span> <span class='ocrx_word' id='word_1_895' title='bbox 1235 2509 1325 2537; x_wconf 80' lang='lat' dir='ltr'><strong>simus</strong></span> <span class='ocrx_word' id='word_1_896' title='bbox 1341 2509 1488 2540; x_wconf 79' lang='lat' dir='ltr'><strong>deteriores</strong></span> <span class='ocrx_word' id='word_1_897' title='bbox 1503 2512 1536 2541; x_wconf 79' lang='lat' dir='ltr'><strong>iis</strong></span> <span class='ocrx_word' id='word_1_898' title='bbox 1553 2513 1597 2549; x_wconf 79' lang='lat' dir='ltr'><strong>qui</strong></span> <span class='ocrx_word' id='word_1_899' title='bbox 1616 2514 1650 2542; x_wconf 85' lang='lat' dir='ltr'><strong>ad</strong></span> <span class='ocrx_word' id='word_1_900' title='bbox 1664 2515 1805 2545; x_wconf 64' lang='lat' dir='ltr'><strong>sensibili:</strong></span> 
     </span>
    </p>
   </div>
   <div class='ocr_carea' id='block_1_112' title="bbox 1007 2552 1798 2595">
    <p class='ocr_par' dir='ltr' id='par_1_112' title="bbox 1007 2552 1798 2595">
     <span class='ocr_line' id='line_1_112' title="bbox 1007 2552 1798 2595; baseline 0.013 -15"><span class='ocrx_word' id='word_1_901' title='bbox 1007 2552 1111 2581; x_wconf 85' lang='lat' dir='ltr'><strong>inhiant</strong></span> <span class='ocrx_word' id='word_1_902' title='bbox 1125 2563 1132 2582; x_wconf 87' lang='lat'><strong>:</strong></span> <span class='ocrx_word' id='word_1_903' title='bbox 1146 2554 1194 2583; x_wconf 78' lang='lat' dir='ltr'><strong>sed</strong></span> <span class='ocrx_word' id='word_1_904' title='bbox 1210 2555 1374 2591; x_wconf 82' lang='lat' dir='ltr'><strong>iaquiramus</strong></span> <span class='ocrx_word' id='word_1_905' title='bbox 1387 2563 1414 2586; x_wconf 86' lang='lat' dir='ltr'><strong>et</strong></span> <span class='ocrx_word' id='word_1_906' title='bbox 1425 2566 1475 2587; x_wconf 86' lang='lat' dir='ltr'><strong>nos</strong></span> <span class='ocrx_word' id='word_1_907' title='bbox 1489 2559 1630 2595; x_wconf 86' lang='lat' dir='ltr'><strong>diligenter</strong></span> <span class='ocrx_word' id='word_1_908' title='bbox 1643 2561 1798 2590; x_wconf 79' lang='lat' dir='ltr'><strong>thesaurum</strong></span> 
     </span>
    </p>
   </div>
   <div class='ocr_carea' id='block_1_113' title="bbox 1007 2598 1801 2642">
    <p class='ocr_par' dir='ltr' id='par_1_113' title="bbox 1007 2598 1801 2642">
     <span class='ocr_line' id='line_1_113' title="bbox 1007 2598 1801 2642; baseline 0.011 -16"><span class='ocrx_word' id='word_1_909' title='bbox 1007 2598 1079 2627; x_wconf 86' lang='lat' dir='ltr'><strong>hunc</strong></span> <span class='ocrx_word' id='word_1_910' title='bbox 1099 2600 1264 2635; x_wconf 83' lang='lat' dir='ltr'><strong>spiritualem</strong></span> <span class='ocrx_word' id='word_1_911' title='bbox 1285 2602 1315 2629; x_wconf 83' lang='lat' dir='ltr'><strong>in-</strong></span> <span class='ocrx_word' id='word_1_912' title='bbox 1326 2603 1414 2631; x_wconf 78' lang='lat' dir='ltr'><strong>verbis</strong></span> <span class='ocrx_word' id='word_1_913' title='bbox 1432 2604 1490 2633; x_wconf 85' lang='lat' dir='ltr'><strong>istis</strong></span> <span class='ocrx_word' id='word_1_914' title='bbox 1509 2605 1673 2634; x_wconf 74' lang='lat' dir='ltr'><strong>reconditum</strong></span> <span class='ocrx_word' id='word_1_915' title='bbox 1684 2627 1691 2640; x_wconf 91' lang='lat'><strong>,</strong></span> <span class='ocrx_word' id='word_1_916' title='bbox 1706 2611 1733 2634; x_wconf 91' lang='lat' dir='ltr'><strong>et</strong></span> <span class='ocrx_word' id='word_1_917' title='bbox 1747 2607 1801 2642; x_wconf 36' lang='lat' dir='ltr'><strong>pris</strong></span> 
     </span>
    </p>
   </div>
   <div class='ocr_carea' id='block_1_114' title="bbox 1006 2646 1800 2684">
    <p class='ocr_par' dir='ltr' id='par_1_114' title="bbox 1006 2646 1800 2684">
     <span class='ocr_line' id='line_1_114' title="bbox 1006 2646 1800 2684; baseline 0.011 -12"><span class='ocrx_word' id='word_1_918' title='bbox 1006 2651 1079 2673; x_wconf 79' lang='lat' dir='ltr'><strong>mum</strong></span> <span class='ocrx_word' id='word_1_919' title='bbox 1093 2646 1231 2676; x_wconf 82' lang='lat' dir='ltr'><strong>videamus</strong></span> <span class='ocrx_word' id='word_1_920' title='bbox 1243 2648 1305 2684; x_wconf 80' lang='lat' dir='ltr'><strong>quid</strong></span> <span class='ocrx_word' id='word_1_921' title='bbox 1329 2657 1428 2678; x_wconf 86' lang='lat' dir='ltr'><strong>novum</strong></span> <span class='ocrx_word' id='word_1_922' title='bbox 1448 2656 1476 2679; x_wconf 85' lang='lat' dir='ltr'><strong>et</strong></span> <span class='ocrx_word' id='word_1_923' title='bbox 1496 2651 1681 2680; x_wconf 88' lang='lat' dir='ltr'><strong>admirandum</strong></span> <span class='ocrx_word' id='word_1_924' title='bbox 1703 2652 1773 2681; x_wconf 86' lang='lat' dir='ltr'><strong>dicat</strong></span> <span class='ocrx_word' id='word_1_925' title='bbox 1789 2661 1800 2682; x_wconf 83' lang='lat'><strong>:</strong></span> 
     </span>
    </p>
   </div>
   <div class='ocr_carea' id='block_1_115' title="bbox 1007 2691 1801 2728">
    <p class='ocr_par' dir='ltr' id='par_1_115' title="bbox 1007 2691 1801 2728">
     <span class='ocr_line' id='line_1_115' title="bbox 1007 2691 1801 2728; baseline 0.01 -9"><span class='ocrx_word' id='word_1_926' title='bbox 1007 2691 1068 2719; x_wconf 85' lang='lat' dir='ltr'><strong>dein</strong></span> <span class='ocrx_word' id='word_1_927' title='bbox 1084 2700 1166 2728; x_wconf 86' lang='lat' dir='ltr'><strong>quare</strong></span> <span class='ocrx_word' id='word_1_928' title='bbox 1185 2698 1257 2722; x_wconf 87' lang='lat' dir='ltr'><strong>tanta</strong></span> <span class='ocrx_word' id='word_1_929' title='bbox 1270 2695 1411 2724; x_wconf 87' lang='lat' dir='ltr'><strong>verborum</strong></span> <span class='ocrx_word' id='word_1_930' title='bbox 1426 2696 1574 2725; x_wconf 86' lang='lat' dir='ltr'><strong>variatione</strong></span> <span class='ocrx_word' id='word_1_931' title='bbox 1594 2703 1685 2727; x_wconf 81' lang='lat' dir='ltr'><strong>utatur</strong></span> <span class='ocrx_word' id='word_1_932' title='bbox 1706 2699 1801 2727; x_wconf 69' lang='lat' dir='ltr'><strong>beati-</strong></span> 
     </span>
    </p>
   </div>
   <div class='ocr_carea' id='block_1_116' title="bbox 1006 2736 1797 2778">
    <p class='ocr_par' dir='ltr' id='par_1_116' title="bbox 1006 2736 1797 2778">
     <span class='ocr_line' id='line_1_116' title="bbox 1006 2736 1797 2778; baseline 0.009 -13"><span class='ocrx_word' id='word_1_933' title='bbox 1006 2736 1051 2766; x_wconf 81' lang='lat' dir='ltr'><strong>hic</strong></span> <span class='ocrx_word' id='word_1_934' title='bbox 1062 2739 1192 2774; x_wconf 82' lang='lat' dir='ltr'><strong>propheta</strong></span> <span class='ocrx_word' id='word_1_935' title='bbox 1202 2759 1210 2773; x_wconf 88' lang='lat'><strong>,</strong></span> <span class='ocrx_word' id='word_1_936' title='bbox 1226 2740 1280 2768; x_wconf 90' lang='lat' dir='ltr'><strong>imo</strong></span> <span class='ocrx_word' id='word_1_937' title='bbox 1293 2741 1423 2777; x_wconf 88' lang='lat' dir='ltr'><strong>benignus</strong></span> <span class='ocrx_word' id='word_1_938' title='bbox 1436 2741 1506 2769; x_wconf 89' lang='lat' dir='ltr'><strong>Deus</strong></span> <span class='ocrx_word' id='word_1_939' title='bbox 1523 2749 1571 2778; x_wconf 85' lang='lat' dir='ltr'><strong>per</strong></span> <span class='ocrx_word' id='word_1_940' title='bbox 1583 2744 1739 2778; x_wconf 86' lang='lat' dir='ltr'><strong>prophetam</strong></span> <span class='ocrx_word' id='word_1_941' title='bbox 1757 2744 1797 2772; x_wconf 91' lang='lat' dir='ltr'><strong>lo-</strong></span> 
     </span>
    </p>
   </div>
   <div class='ocr_carea' id='block_1_117' title="bbox 1003 2784 1801 2826">
    <p class='ocr_par' dir='ltr' id='par_1_117' title="bbox 1003 2784 1801 2826">
     <span class='ocr_line' id='line_1_117' title="bbox 1003 2784 1801 2826; baseline 0.009 -15"><span class='ocrx_word' id='word_1_942' title='bbox 1003 2791 1099 2819; x_wconf 75' lang='lat' dir='ltr'><strong>quens.</strong></span> <span class='ocrx_word' id='word_1_943' title='bbox 1113 2784 1147 2813; x_wconf 81' lang='lat' dir='ltr'><strong>Et</strong></span> <span class='ocrx_word' id='word_1_944' title='bbox 1157 2785 1194 2813; x_wconf 90' lang='lat' dir='ltr'><strong>ait</strong></span> <span class='ocrx_word' id='word_1_945' title='bbox 1206 2796 1213 2814; x_wconf 89' lang='lat'><strong>:</strong></span> <span class='ocrx_word' id='word_1_946' title='bbox 1226 2785 1363 2814; x_wconf 76' lang='lat' dir='ltr'><strong>Faciamus</strong></span> <span class='ocrx_word' id='word_1_947' title='bbox 1374 2787 1499 2817; x_wconf 67' lang='lat' dir='ltr'><strong>hominem</strong></span> <span class='ocrx_word' id='word_1_948' title='bbox 1511 2789 1648 2817; x_wconf 71' lang='lat' dir='ltr'><strong>secundum</strong></span> <span class='ocrx_word' id='word_1_949' title='bbox 1660 2790 1801 2826; x_wconf 60' lang='lat' dir='ltr'><strong>imaginem</strong></span> 
     </span>
    </p>
   </div>
   <div class='ocr_carea' id='block_1_118' title="bbox 1006 2831 1801 2871">
    <p class='ocr_par' dir='ltr' id='par_1_118' title="bbox 1006 2831 1801 2871">
     <span class='ocr_line' id='line_1_118' title="bbox 1006 2831 1801 2871; baseline 0.011 -15"><span class='ocrx_word' id='word_1_950' title='bbox 1006 2835 1128 2866; x_wconf 72' lang='lat' dir='ltr'><strong>usuram,</strong></span> <span class='ocrx_word' id='word_1_951' title='bbox 1138 2835 1162 2857; x_wconf 84' lang='lat' dir='ltr'><strong>et</strong></span> <span class='ocrx_word' id='word_1_952' title='bbox 1171 2831 1308 2858; x_wconf 77' lang='lat' dir='ltr'><strong>secundum</strong></span> <span class='ocrx_word' id='word_1_953' title='bbox 1319 2832 1518 2861; x_wconf 70' lang='lat' dir='ltr'><strong>similitudinem.</strong></span> <span class='ocrx_word' id='word_1_954' title='bbox 1530 2834 1620 2871; x_wconf 80' lang='lat' dir='ltr'><strong>Nuper</strong></span> <span class='ocrx_word' id='word_1_955' title='bbox 1628 2843 1689 2864; x_wconf 83' lang='lat' dir='ltr'><strong>cum</strong></span> <span class='ocrx_word' id='word_1_956' title='bbox 1701 2836 1801 2864; x_wconf 62' lang='lat' dir='ltr'><strong>caluo</strong></span> 
     </span>
    </p>
   </div>
  </div>
