4104 6196
484 254 550 313 1|
1268 237 1323 294 S.
1363 230 1640 293 JOANNIS
1675 223 2149 287 CllRYSOSTOiﬂ
2188 218 2505 281 ARClllEP.
2546 218 3078 279 CONSTANTINOP.
3686 217 3768 271 τε

488 380 795 436 terramque
838 361 1164 419 formasset,
1210 351 1509 406 audivimus
1555 347 1702 401 illum
1750 342 2019 397 dicentem
2054 357 2071 395 :

490 462 615 516 Fiat
650 435 748 511 ιτα
769 468 791 508 :
817 461 873 506 et
896 490 910 513 ,
938 446 1063 502 Fiat
1107 446 1479 515 [irritamentum
1515 440 1572 493 in
1600 435 1764 491 medio
1796 446 1980 497 aqua:
2013 438 2075 485 οι

491 554 705 614 iterum,
730 544 1283 614 Cougregmtsrnsua:
1326 534 1385 588 in
1417 529 1852 602 congregationem
1889 538 2070 587 worn,

487 652 536 696 ιε
560 644 805 709 appareat
845 613 994 685 arida
1017 645 1036 683 :
1058 637 1119 683 et
1134 668 1149 690 ,
1190 625 1342 681 Fiant
1385 620 1656 678 htmntaria
1679 631 1701 672 :
1724 625 1809 682 et,
1841 613 2074 669 Educant

487 745 636 801 aqua
679 724 883 798 reptilia
930 721 1218 774 animarum
1258 715 1547 770 viventium.
1597 708 1783 764 Vidisti
1828 714 2075 760 sermone

490 795 607 876 solo
635 828 690 874 et
732 795 1005 886 praet-pte
1042 823 1256 862 lllltliem
1301 813 1599 861 crastinam
1629 800 1859 870 quinque
1887 795 2076 851 diebus

490 908 757 966 formari?
805 902 939 959 Vide
989 899 1147 955 hodie
1197 903 1393 968 quanta
1441 893 1723 948 verborum
1770 886 2072 942 diversitas.

491 1001 609 1058 Non
630 997 776 1054 etum
799 995 908 1064 jam
934 991 1097 1045 dicit:
1122 988 1242 1044 Fiat
1266 986 1427 1041 homo
1450 1001 1465 1039 :
1486 982 1583 1038 sed
1608 979 1773 1051 quid?
1800 977 2078 1031 Faciamus

494 1091 747 1146 notitiam»
770 1082 1051 1140 secundum
1089 1080 1365 1149 imaginem
1411 1082 1633 1129 nostrain
1653 1112 1669 1135 ,
1714 1078 1763 1122 et
1804 1065 2077 1121 secttndunt

491 1177 891 1237 similitudinem.
918 1170 1059 1241 Quid
1090 1169 1189 1223 hoc
1212 1165 1373 1221 novi?
1403 1163 1528 1233 quid
1555 1160 1797 1217 insoliti?
1822 1158 2078 1226 Quisnam

494 1275 586 1328 ille
609 1271 698 1331 qui
726 1265 1072 1329 formandus,
1101 1260 1169 1315 ad
1194 1273 1354 1331 quem
1395 1253 1692 1310 facietulum
1715 1250 1901 1320 Opiﬁci
1931 1255 2077 1302 tanto

496 1362 720 1418 consitio
746 1368 801 1415 et
820 1352 1300 1424 circumspectione
1316 1347 1490 1418 opus?
1513 1344 1590 1400 Ne
1613 1342 1844 1408 mireris,
1865 1340 2076 1395 dilecte.

494 1455 671 1509 liniue
697 1450 840 1504 enim
880 1448 1022 1500 inter
1052 1441 1278 1498 visibilis
1315 1436 1492 1493 omnia
1518 1433 1776 1504 dignitate
1800 1429 2075 1501 praecellit,

496 1551 714 1613 ιιι-«ψειεν
739 1551 901 1608 quem
922 1532 1139 1589 condita
1165 1537 1291 1585 sunt
1313 1527 1429 1581 haec
1450 1525 1652 1587 omnia,
1677 1522 1887 1584 cadum,
1915 1528 2076 1583 terra,

495 1610 662 1692 mare,
693 1628 798 1692 sol,
824 1626 973 1690 luna,
1000 1622 1189 1686 stellas,
1219 1617 1427 1708 reptilia
1448 1657 1463 1682 ,
1491 1616 1749 1685 iumenta,
1784 1612 2038 1681 brutaque
2059 1610 2079 1644 ⁸

493 1720 746 1776 animalia
770 1715 971 1771 omnia.

564 1811 672 1867 Cur
710 1810 958 1864 statuente
993 1813 1112 1857 astte
1151 1801 1405 1856 hominem
1445 1804 1634 1853 creata.
1673 1824 1747 1837 —
1785 1794 1854 1850 Et
1892 1805 2079 1862 quare,

496 1906 552 1961 in
573 1902 727 1972 ;uirs,
751 1898 955 1955 tardius
980 1906 1192 1951 creatus
1210 1901 1294 1948 est
1319 1893 1503 1955 homo,
1526 1889 1572 1944 si
1596 1889 1805 1944 exteris
1828 1885 2083 1956 dignitate

497 1991 767 2065 praestat?
800 1989 1007 2045 Met-ito.
1037 1986 1170 2041 Nam
1197 1994 1252 2039 ut
1280 1984 1587 2055 ingressum
1616 1982 1667 2035 in
1696 1981 1960 2035 civitatem
1986 1978 2083 2033 alia

493 2101 657 2158 quam
702 2098 862 2154 rege,
910 2093 1089 2149 opera:
1137 2076 1365 2147 pretium
1412 2082 1495 2129 est
1541 2072 1787 2143 praemitti
1829 2071 2084 2129 satellites

495 2181 739 2247 aliosque
766 2186 956 2231 omnes
976 2209 994 2235 ,
1021 2180 1082 2224 ut
1124 2168 1260 2222 bene
1298 2164 1555 2220 adornata
1596 2163 1739 2232 regia
1767 2175 1859 2217 rex
1886 2159 1938 2215 in
1960 2173 2082 2214 etim

496 2269 789 2325 adveniat:
817 2262 977 2320 simili
1013 2258 1172 2315 modo
1202 2270 1344 2312 nunc
1380 2255 1531 2325 quasi
1573 2266 1753 2323 regem
1792 2261 1847 2307 et
1889 2249 2085 2320 prinei-i

498 2375 620 2431 pem
647 2357 879 2427 aliquem
905 2351 1068 2408 rebus
1097 2346 1324 2404 terrenis
1363 2344 1710 2415 praefecturas
1726 2380 1746 2408 ,
1790 2341 1940 2411 prius
1962 2352 2083 2394 eme

498 2429 625 2509 item
666 2449 807 2504 hunc
835 2449 1081 2501 ornatum
1110 2436 1418 2501 fabricavit,
1463 2443 1520 2490 et
1558 2432 1770 2489 tandem
1796 2430 1865 2486 iis
1906 2429 2086 2500 prmi).

498 2539 752 2598 ciendum
802 2533 1075 2589 hominem
1117 2527 1407 2598 produxit,
1451 2523 1729 2580 declarans
1772 2521 1928 2576 factis
1969 2520 2085 2576 istis

499 2639 700 2702 (gustato
743 2629 946 2702 honore
987 2619 1185 2702 animal
1234 2617 1335 2673 hoc
1394 2622 1764 2702 prosequatur.
1792 2611 2085 2702 titulorum

510 2688 771 2763 rogemus
788 2700 893 2754 hoc
910 2698 1031 2753 loco
1043 2695 1316 2759 Judaeum,
1336 2701 1389 2749 et
1408 2691 1695 2749 videamus
1711 2688 1844 2771 quid
1864 2701 2089 2759 respon°

509 2791 657 2851 deat.
680 2787 746 2846 ad
770 2801 931 2858 quem
952 2784 1093 2841 dixit
1113 2784 1290 2841 Deus:
1316 2781 1607 2840 Faciamus
1627 2782 1889 2837 hominem
1908 2794 2090 2839 secun-

509 2884 636 2938 dum
671 2882 956 2953 imaginem
988 2881 1267 2935 nostram?
1305 2876 1522 2949 Scripta
1560 2876 1705 2931 enim
1731 2883 1860 2930 sunt
1903 2875 2016 2933 haec
2056 2886 2089 2928 a

510 2972 663 3031 Mose
683 3012 698 3036 ,
738 2969 825 3031 cui
857 2985 917 3026 se
948 2966 1174 3025 credere
1204 2966 1398 3022 dicunt
1429 2964 1651 3036 quidem
1677 3005 1694 3029 ,
1721 2977 1831 3017 non
1858 2960 2092 3017 credunt

512 3073 696 3124 autem
721 3080 736 3120 :
760 3063 980 3119 sicutel.
1001 3061 1258 3119 Christus
1284 3059 1498 3130 inquit:
1525 3056 1587 3113 Si
1614 3055 1894 3112 crederetis
1926 3052 2088 3119 Mosi,

502 3156 793 3215 crateretis
810 3138 993 3225 utique
1012 3162 1065 3208 et
1084 3152 1213 3207 mihi
1231 3150 1416 3225 (Joan.
1433 3151 1487 3209 5.
1508 3148 1623 3220 46).
1647 3149 1751 3205 Sed
1774 3149 1948 3204 literae
1966 3146 2092 3217 qui,

512 3250 636 3306 dem
659 3248 801 3319 apud
825 3246 951 3302 illos
971 3255 1124 3311 sunt,
1138 3260 1343 3300 sensus
1364 3258 1494 3299 vero
1520 3242 1666 3312 apud
1692 3241 1901 3303 nos.Ad
1924 3254 2088 3310 quem

512 3342 691 3412 igitur
726 3340 936 3396 dictum
966 3348 1072 3400 est.
1104 3336 1392 3395 Faciamus
1410 3336 1699 3402 hominem,
1729 3343 1786 3389 et
1818 3348 1947 3389 euut
1981 3345 2092 3403 quo

512 3435 809 3494 consilium
844 3434 950 3489 hoc
978 3432 1170 3489 habuit
1201 3431 1510 3489 Dominus?
1532 3429 1651 3484 Non
1683 3427 1830 3499 quod
1857 3424 2092 3485 consilio

510 3540 570 3591 et
615 3527 1062 3589 consideratione
1098 3541 1243 3597 opus
1290 3525 1531 3593 haheat;
1563 3522 1741 3588 absit;
1778 3522 1874 3581 sed
1920 3521 2091 3594 ﬁgure

509 3623 807 3682 verborum
831 3622 1115 3679 declarare
1137 3619 1334 3687 voluit,
1350 3632 1516 3691 quam
1533 3617 1892 3675 excellentem
1918 3614 2093 3671 hono-v

510 3730 629 3772 rem
663 3714 895 3778 homini,
922 3714 1019 3782 qui
1050 3712 1418 3775 formabatur,
1444 3711 1672 3766 tribuat.
1693 3709 1834 3776 Quid
1853 3723 1986 3780 ergo
2007 3708 2094 3763 dis

509 3818 649 3866 cunt
670 3807 725 3863 hi
748 3806 843 3879 qui
869 3804 1052 3861 adhuc
1073 3805 1277 3860 habent
1310 3805 1560 3859 velamen
1589 3817 1751 3872 super
1787 3802 1956 3857 corda
1990 3803 2093 3858 sud

472 3954 473 3957 η
512 3898 794 3973 positum.
841 3904 899 3952 et
939 3893 1075 3951 nihil
1115 3908 1309 3949 eorum
1338 3907 1468 3962 qua
1496 3892 1588 3948 hic
1624 3900 1757 3948 sunt
1800 3898 2092 3954 contenta,

513 3989 823 4060 intelligere
868 3988 1098 4044 volunt?
1132 3987 1214 4041 Ad
1247 3984 1500 4057 angelum
1546 3985 1630 4042 vel
1678 3984 2093 4056 archangelum;

512 4083 794 4156 inquiunt,
811 4083 927 4139 bzec
947 4084 1095 4139 dicta
1119 4087 1270 4138 situt.
1286 4079 1332 4136 0
1353 4079 1647 4147 insaniam,
1665 4094 1700 4133 ο
1723 4092 1974 4150 magnam
1994 4078 2097 4133 im—

513 4176 835 4249 pudentiam
858 4176 871 4231 l
900 4174 967 4229 Et
987 4172 1268 4245 quomodo
1287 4171 1490 4228 rationi
1512 4180 1946 4227 consentaneum
1985 4177 2093 4237 est;

514 4272 663 4328 bone
686 4270 792 4335 vir,
817 4277 875 4324 ut
895 4267 1073 4339 angeli
1096 4267 1388 4323 consilium
1410 4265 1601 4321 ineant
1621 4280 1746 4320 cum
1769 4265 2025 4332 Domino;
2042 4273 2099 4321 et

517 4372 790 4423 creaturae
821 4376 946 4418 cum
972 4361 1273 4418 Creatore?
1318 4359 1438 4417 Non
1462 4360 1614 4416 enim
1648 4367 1733 4416 est
1777 4359 2097 4432 angelorum

516 4456 816 4512 consiliqu
838 4455 992 4522 dare,
1016 4456 1111 4511 sed
1142 4454 1424 4520 assistere,
1447 4463 1506 4510 et
1527 4453 1895 4510 ministerium
1921 4452 2098 4508 adita;

519 4552 689 4619 plere.
712 4550 783 4605 Et
799 4559 860 4605 ut
881 4549 1221 4618 discas,audi
1245 4548 1649 4605 vocalissimum
1668 4548 1885 4605 Esaiam
1907 4548 2096 4604 dicen;

518 4654 630 4699 tetu
651 4645 721 4701 de
740 4645 999 4714 supernis
1020 4642 1284 4714 angelicis
1308 4642 1638 4699 virtutibus:
1669 4641 1792 4697 Vidi
1810 4640 2100 4699 Chnubihi

519 4740 719 4794 stantia
737 4754 771 4793 α
787 4740 988 4793 dextris
1009 4736 1129 4820 Dgi,
1147 4748 1195 4793 et
1222 4736 1526 4806 Seraphim,
1541 4746 1589 4791 et
1608 4735 1913 4808 obtegebant
1931 4735 2098 4804 [acies

517 4831 773 4903 pedesque
790 4846 917 4885 suos
938 4832 1041 4885 alis
1064 4828 1225 4901 (Isai.
1245 4827 1300 4883 6.
1321 4828 1401 4900 2).
1421 4828 1576 4896 Quod
1602 4828 1721 4885 ideo
1747 4828 1949 4883 factum
1974 4834 2100 4883 esse

521 4924 699 4991 liquet
722 4962 739 4988 ,
762 4922 892 4992 quia
917 4921 1100 4992 fulgur
1122 4922 1426 4992 maiestatis
1447 4922 1646 4977 divinae
1669 4921 1795 4977 inde
1815 4919 2100 4991 egrediens

521 5019 668 5072 ferre
688 5030 798 5069 non
815 5013 1163 5084 possent,sed
1182 5020 1392 5069 starent
1408 5027 1532 5069 cum
1554 5013 1751 5067 timore
1773 5018 1826 5066 et
1839 5014 2102 5066 tremere.

521 5108 736 5163 Etenim
759 5119 887 5163 crea
901 5105 1043 5161 turis
1065 5103 1345 5172 peculiare
1366 5111 1453 5160 est
1476 5102 1710 5160 Domino
1730 5101 2015 5172 assistere.

593 5185 648 5241 ὃ.
676 5181 895 5238 Arianos
915 5187 965 5234 et
1001 5168 1551 5247 Anthropomorpltitas
1585 5170 1860 5229 insectatur
1884 5168 2108 5240 Chryso-

523 5290 738 5335 Itonttts.
759 5305 831 5319 --
847 5273 1045 5331 Verum
1073 5270 1147 5327 illi
1175 5268 1306 5325 nihil
1333 5281 1518 5323 eorum
1544 5280 1664 5335 (ιιι-’θ
1682 5263 1968 5361 δαίνξυηδ

526 5370 610 5427 bis
634 5368 980 5425 contineatur
1019 5360 1378 5431 intelligentes
1398 5397 1419 5423 ,
1464 5363 1670 5410 temere
1703 5351 1845 5422 quod
1875 5349 2109 5411 occurrit

524 5461 794 5519 ell‘tttiunt.
825 5459 893 5515 Et
920 5458 1044 5515 ideo
1073 5452 1313 5511 refutatis
1340 5449 1554 5507 illorum
1581 5442 1983 5512 deliramentis,
2020 5441 2101 5505 di»

595 5592 611 5624 ι
647 5594 751 5640 nuo
763 5598 893 5649 Mss,
915 5586 1126 5651 replilla,
1152 5597 1259 5649 qua:
1279 5583 1465 5651 natant,
1493 5574 1760 5651 erutaque;
1781 5573 1991 5651 enisum,
2025 5568 2105 5627 rel
2214 5586 2217 5593 '

526 5637 892 5721 namque"
901 5637 1231 5710 natatum
1250 5654 1360 5710 qua
1379 5637 1565 5703 sane.
1588 5637 1839 5703 irataque,
1865 5646 1965 5688 etc.

2185 349 2391 393 ciorum
2418 338 2612 391 veritas
2633 335 2886 392 Ecclesia:
2907 335 3031 390 ﬁliis
3048 332 3299 389 discctkla
3321 342 3419 388 est.
3451 333 3580 401 Quis
3600 337 3774 406 igitur

2178 428 2288 493 hic,
2313 426 2381 481 ad
2396 441 2559 496 quem
2585 426 2775 495 inquit,
2802 424 3076 479 Faciamus
3102 421 3397 478 hominem?
3420 422 3555 489 Quis
3579 434 3768 481 adﬁcta

2178 519 2314 573 alius
2334 560 2353 586 ,
2385 534 2543 587 qnam
2570 516 2866 587 illevmagni
2884 515 3099 573 milii
3116 515 3343 585 angelus
3363 555 3380 577 .
3413 516 3503 571 ille
3526 516 3767 573 admira.

2179 608 2303 665 bilis
2322 608 2679 672 consiliarius,
2704 617 2918 677 potens.
2943 605 3191 675 princeps
3217 606 3385 674 pacis,
3412 616 3570 673 pater
3596 606 3767 662 futuri

2184 701 2362 757 surculi
2395 699 2548 770 (Issi.
2572 700 2627 758 9.
2653 699 2735 769 6),
2763 698 3067 769 unigenitns
3088 696 3183 753 Dei
3207 697 3393 763 Filius,
3420 697 3560 753 Patri
3582 713 3767 767 mqua-

2182 791 2247 847 lis
2266 792 2563 848 amandum
2591 790 2963 857 substantiam,
2986 804 3088 859 per
3112 800 3275 858 queat
3303 788 3480 845 oumin
3506 789 3769 858 producta

2180 885 2349 941 Sunt?
2386 883 2520 941 Huic
2540 883 2674 938 dicit
2700 900 2715 938 :
2740 882 3019 939 Faciam
3044 881 3296 936 hominem
3317 881 3596 937 secundum
3635 882 3771 935 ima-

2180 977 2351 1048 ginem
2370 984 2613 1041 nostram,
2639 985 2687 1030 et
2707 974 2983 1031 secundum
3006 971 3409 1031 dmiiitudinmt.
3436 972 3534 1029 llic
3553 974 3773 1031 Ariani.

2182 1070 2394 1126 letalem
2420 1071 2630 1140 plagam
2669 1067 2879 1138 infligit.
2922 1066 3039 1123 Non
3077 1065 3225 1122 ettim
3267 1063 3581 1135 imperando
3603 1064 3771 1132 dixit,

2184 1159 2309 1227 Fac,
2336 1168 2395 1216 ut
2412 1158 2631 1216 subdito
2657 1166 2712 1215 et
2736 1156 2977 1235 inferiori
2999 1197 3017 1224 ,
3048 1155 3132 1211 vel
3156 1164 3219 1212 ut
3240 1154 3441 1211 minori
3469 1154 3771 1212 secutnlmn

2181 1251 2491 1319 essentiam,
2517 1248 2613 1305 sed
2632 1263 2758 1305 cum
2783 1245 3089 1304 omnimodo
3108 1244 3435 1316 cqualitate,
3459 1243 3769 1301 Faciamus:

2182 1351 2238 1397 ct
2278 1341 2421 1411 quod
2469 1340 2711 1409 sequitur
2763 1351 2948 1393 rursus
2997 1335 3396 1395 similitudinem
3453 1335 3771 1391 substantim

2182 1429 2436 1487 ostendit.
2462 1428 2739 1483 Faciamus
2759 1428 2926 1494 enim,
2949 1427 3043 1494 ait,
3067 1426 3320 1483 hominem
3344 1426 3618 1480 secuttdum
3639 1427 3771 1479 iuta-

2182 1520 2351 1592 ginem
2375 1528 2619 1583 nostram,
2653 1527 2699 1573 at
2722 1516 2998 1572 secundum
3022 1515 3428 1570 similitudinem.
3456 1515 3652 1570 lterum
3681 1514 3772 1570 hic

2184 1611 2466 1682 insurgunt
2492 1607 2730 1665 haeretici
2756 1607 2869 1674 alii,
2900 1606 3150 1663 Ecclesia:
3174 1604 3420 1675 dogmata
3447 1604 3767 1675 impugnan-

2186 1711 2267 1763 tes
2288 1742 2305 1768 ,
2333 1714 2386 1757 et
2412 1699 2598 1759 dicunt
2623 1716 2638 1753 :
2670 1697 2810 1755 Ecce
2851 1696 2983 1755 dicit
3001 1735 3018 1761 ,
3050 1693 3345 1752 Secundum
3373 1694 3643 1766 imaginem
3668 1711 3766 1749 no-

2183 1804 2343 1852 stram
2375 1807 2394 1849 :
2422 1800 2478 1849 et
2518 1790 2644 1848 inde
2687 1788 2871 1845 volunt
2914 1787 3026 1845 Deo
3070 1786 3354 1842 humanam
3399 1783 3621 1841 formam
3668 1786 3768 1842 tri-

2186 1884 2357 1941 buens
2384 1901 2398 1937 :
2430 1882 2485 1941 id
2509 1880 2650 1952 quod
2678 1888 2936 1936 extremae
2961 1876 3124 1935 fuerit
3165 1876 3442 1943 mentite,
3475 1884 3533 1934 ut
3558 1879 3636 1944 is,
3676 1880 3771 1948 qui

2188 1975 2356 2031 forma
2387 1972 2673 2044 specieque
2714 1977 2861 2026 caret
2883 2009 2900 2035 ,
2945 1977 3001 2024 et
3028 1966 3160 2025 nulli
3204 1967 3480 2029 mutationi
3508 1967 3771 2026 obnoxius

2187 2075 2271 2122 est
2292 2106 2307 2132 ,
2335 2064 2438 2123 sub
2466 2063 2751 2121 humanam
2781 2059 3052 2131 redigatur
3078 2057 3306 2114 formam
3326 2098 3343 2125 ,
3374 2066 3431 2113 et
3456 2057 3770 2128 incorporeo

2189 2156 2430 2215 membra
2446 2163 2506 2210 et
2531 2154 2849 2211 lineamenta
2870 2150 3244 2209 attribuantur.
3266 2148 3397 2217 Quae
3416 2148 3542 2207 huic
3566 2150 3770 2206 ittsania

2189 2258 2287 2319 per
2328 2246 2525 2312 fuerit,
2572 2257 2693 2303 cum
2728 2257 2838 2301 non
2880 2241 3052 2300 solum
3084 2239 3218 2294 nihil
3246 2239 3381 2295 lucri
3422 2254 3454 2294 a
3481 2239 3772 2310 Scripturis

2188 2337 2445 2395 divinitus
2488 2332 2761 2403 inspiratis
2804 2329 3073 2397 referant,
3115 2329 3211 2385 sed
3252 2337 3309 2385 et
3332 2328 3617 2399 plurimum
3646 2329 3773 2387 inde

2188 2424 2574 2485 offenduntur?
2599 2421 2772 2480 Simili
2801 2422 2945 2478 enim
2975 2418 3137 2476 modo
3164 2418 3337 2477 allecti
3361 2428 3516 2488 sunt,
3545 2430 3705 2492 atque
3726 2420 3771 2477 si

2189 2516 2279 2588 qui
2302 2515 2493 2575 morbo
2512 2513 2764 2573 laborant
2780 2552 2797 2580 ,
2827 2521 2883 2568 et
2906 2509 3275 2580 corporalibus
3302 2510 3470 2565 oculis
3495 2510 3773 2566 intlrntan.

2190 2617 2297 2666 tur.
2346 2606 2413 2664 Ut
2438 2605 2584 2663 enim
2630 2604 2706 2660 illi
2741 2604 2811 2660 ob
2853 2601 3130 2659 oculorum
3158 2615 3381 2658 suorum
3410 2600 3771 2657 inﬁrmitatem

2191 2701 2324 2759 solis
2346 2699 2520 2755 lucem
2545 2711 2687 2769 aegre
2714 2695 2921 2763 ferunt,
2951 2702 3007 2752 et
3035 2693 3163 2765 τινετὶ
3188 2693 3349 2749 etiam
3378 2693 3609 2763 optimos
3633 2695 3773 2751 salu~

2192 2793 2557 2861 berrimosque
2582 2790 2731 2846 cibos
2748 2796 3068 2843 aversantur
3099 2804 3115 2842 :
3149 2786 3220 2841 ita
3242 2795 3298 2841 et
3322 2785 3376 2840 hi
3400 2786 3573 2841 anima
3601 2801 3772 2857 :rgro—

2191 2893 2404 2953 tantes,
2450 2891 2505 2936 et
2542 2880 2737 2939 mentis
2773 2878 2945 2934 oculis
2985 2876 3164 2946 capti,
3208 2874 3278 2933 ad
3322 2875 3497 2930 lumen
3538 2877 3774 2932 veritatis

2192 2977 2461 3046 respicere
2498 2988 2605 3028 non
2635 2978 2875 3042 possunt.
2906 2968 3113 3027 Idcirco
3140 2978 3324 3023 nostro
3352 2967 3632 3037 fungentes
3658 2982 3776 3023 tnu-

2193 3084 2345 3132 nere.
2378 3080 2568 3126 nntius
2592 3066 2675 3121 eis
2697 3065 3030 3136 porrigamus
3047 3102 3063 3130 ,
3094 3078 3391 3133 magnaque
3419 3062 3499 3119 eis
3525 3077 3774 3119 mansue-

2195 3160 2378 3221 tudine
2403 3159 2705 3229 loquamur.
2743 3155 2877 3212 Nam
2904 3165 2958 3211 et
2984 3155 3174 3211 beatus
3199 3154 3396 3215 Paulus
3430 3155 3504 3210 ita
3532 3167 3630 3215 nos
3656 3169 3774 3208 mo-

2193 3253 2309 3311 nuit
2328 3250 2517 3309 dircns
2539 3267 2553 3303 :
2579 3248 2647 3305 Ut
2666 3248 2722 3302 in
2749 3244 3139 3303 mansuetudine
3162 3245 3457 3300 erudiuntur
3476 3245 3772 3314 aduersarii,

2196 3342 2251 3403 st"
2269 3345 2400 3413 forte
2420 3339 2507 3395 det
2533 3339 2603 3396 eis
2632 3337 2773 3393 Deus
2801 3337 3145 3409 penitentiam
3186 3337 3237 3390 in
3264 3336 3573 3407 agnitionem
3599 3337 3775 3391 uerita.

2194 3432 2279 3497 tis.
2308 3439 2358 3489 et
2385 3431 2454 3489 ad
2477 3429 2795 3491 sobrietatem
2821 3427 3004 3482 mentis
3029 3426 3237 3482 redeant
3269 3427 3333 3482 de
3360 3427 3539 3496 laqueo
3564 3427 3773 3494 diaboli,

2196 3537 2229 3585 tt
2253 3540 2353 3598 quo
2393 3522 2580 3594 captivi
2620 3530 2887 3585 tenentur,
2928 3518 3000 3574 ad
3024 3518 3164 3572 illius
3197 3517 3499 3572 uoluntatem
3526 3516 3617 3587 (2.
3639 3516 3773 3571 Tim.

2195 3617 2252 3675 ιι
2281 3615 2411 3688 illi).
2443 3613 2604 3671 Vides
2628 3609 2902 3683 quomodo
2929 3607 3107 3665 verbis
3133 3607 3459 3672 declaravit,
3504 3622 3600 3663 eos
3625 3608 3775 3679 quasi

2197 3706 2457 3765 ebrietate
2499 3703 2749 3775 quapiam
2792 3700 3015 3756 obrutos
3056 3697 3226 3754 esse?
3270 3696 3402 3752 Nam
3445 3697 3589 3767 quod
3629 3695 3774 3763 dicit,

2200 3797 2281 3857 Ad
2308 3796 2623 3851 sobrietatem
2651 3790 2833 3847 mentis
2877 3789 3086 3846 redeant
3112 3829 3129 3855 ,
3157 3786 3394 3845 ostendit
3434 3802 3528 3843 eos
3567 3789 3618 3842 in
3650 3803 3775 3858 pro-

2200 3887 2368 3949 fundo
2393 3886 2574 3957 aliquo
2598 3898 2806 3941 mersos
2831 3897 2975 3939 esse.
3001 3881 3070 3938 Et
3096 3882 3288 3937 iterum
3312 3920 3327 3947 ,
3365 3880 3513 3951 Capti
3532 3921 3549 3942 .
3586 3880 3775 3950 inquit,

2200 3993 2234 4035 tt
2258 3976 2492 4042 diabolo,
2515 3974 2667 4046 quasi
2691 3974 2912 4039 diceret,
2940 3980 3208 4042 tamquam
3237 3969 3443 4041 laqueis
3462 3969 3776 4042 quibusdam

2201 4069 2394 4128 irretiti
2418 4074 2561 4122 sunt.
2594 4062 2748 4121 Unde
2769 4064 2829 4120 et
2867 4060 3020 4118 nobis
3045 4075 3235 4132 magna
3259 4075 3395 4131 opus
3419 4067 3502 4115 est
3530 4074 3777 4116 mansue-

2202 4160 2386 4219 tudine
2409 4167 2465 4215 ct
2507 4156 2758 4229 patientia
2782 4195 2798 4222 ,
2827 4162 2887 4209 ut
2923 4154 3192 4225 possimus
3218 4167 3312 4208 eos
3335 4153 3542 4222 eripere
3570 4161 3627 4208 et
3648 4153 3780 4207 edu-

2200 4266 2327 4309 cere
2352 4265 2419 4307 ex
2450 4248 2653 4319 laqueis
2692 4244 2909 4301 diaboli.
2941 4244 3190 4299 Dicamus
3230 4244 3391 4315 igitur
3423 4243 3502 4299 eis
3529 4260 3543 4297 :
3574 4242 3781 4313 Resipi-

2203 4342 2346 4419 scite'
2381 4342 2682 4414 paulisper,
2729 4338 2950 4410 aspicite
2995 4336 3173 4391 lumen
3211 4336 3468 4406 justitiae,
3500 4334 3781 4405 expendite

2204 4437 2479 4497 vobiscum
2504 4432 2786 4490 verborum
2813 4428 3226 4487 accuratinnem.
3266 4426 3453 4497 Neque
3492 4428 3634 4482 enim
3661 4440 3781 4480 cum

2206 4528 2335 4585 dicit
2356 4543 2370 4581 :
2387 4524 2660 4580 Faciamus
2681 4521 2931 4576 hominem
2951 4519 3224 4574 secundum
3244 4518 3513 4588 imaginem
3535 4526 3780 4589 nostram,

2207 4630 2254 4675 et
2282 4616 2558 4675 secundum
2586 4611 3005 4677 similitudinem,
3039 4610 3124 4666 hic
3150 4622 3452 4664 sermonem
3483 4607 3659 4671 sistit,
3690 4606 3783 4661 sed

2210 4727 2305 4784 per
2330 4725 2392 4766 ea
2435 4723 2553 4779 quae
2594 4703 2833 4775 adjungit
2873 4700 3045 4772 palam
3076 4700 3229 4755 nobis
3273 4698 3429 4761 facit,
3477 4712 3584 4767 quo
3626 4710 3784 4751 sensu

2205 4788 2403 4860 nomen
2434 4797 2680 4871 imaginis
2706 4793 2963 4867 posuerit.
2991 4790 3126 4861 Quid
3154 4790 3295 4845 enim
3337 4787 3503 4842 dicit?
3534 4784 3596 4839 Et
3625 4787 3784 4840 domi—

2214 4903 2397 4949 nentnr
2422 4889 2641 4963 piscibus
2671 4886 2824 4941 maris
2847 4926 2863 4951 ,
2908 4893 2956 4937 et
2982 4880 3265 4937 volatilibus
3292 4880 3406 4934 caeli
3424 4920 3442 4946 ,
3487 4888 3533 4932 et
3562 4878 3788 4933 omnibus

2210 4983 2472 5058 reptilibus
2494 4980 2774 5052 repentibus
2796 4992 2947 5046 super
2973 4986 3177 5030 terram.
3204 4970 3484 5043 Imaginem
3510 4984 3639 5040 ergo
3660 4968 3788 5024 dixit

2213 5076 2505 5134 secundum
2537 5071 2891 5142 principatum
2918 5078 2973 5122 et
3000 5065 3292 5121 dominiqu
3318 5104 3334 5130 ,
3361 5078 3467 5118 non
3497 5060 3785 5117 secundum

2212 5171 2353 5226 aliud
2385 5166 2654 5240 quidpiam
2681 5183 2695 5220 :
2722 5159 2922 5218 ctenim
2953 5158 3092 5215 Deus
3137 5157 3260 5213 fecit
3291 5155 3561 5211 hominem
3594 5153 3788 5224 princi»

2216 5278 2335 5333 pem
2362 5258 2601 5316 omnium
2628 5266 2747 5325 qua
2776 5259 2902 5311 sunt
2926 5264 3088 5319 super
3118 5259 3315 5305 terram
3334 5286 3352 5316 ,
3392 5258 3447 5303 et
3475 5244 3605 5301 nihil
3635 5258 3793 5314 super

2184 5334 2412 5409 'terram
2444 5347 2663 5404 homine
2690 5342 2864 5412 majus
2902 5349 3020 5406 est.
3063 5338 3159 5395 sed
3187 5338 3365 5395 omnia
3393 5336 3495 5395 sub
3537 5343 3793 5407 potestate

2215 5442 2359 5499 illius
2380 5448 2524 5495 sunt.

2286 5536 2341 5588 4.
2380 5527 2531 5596 Quod
2580 5527 2626 5582 si
2672 5533 2796 5595 post
2842 5530 3039 5587 tantam
3089 5519 3353 5575 dictorum
3401 5515 3794 5575 accurationcm

2204 5623 2391 5681 adhuc
2418 5637 2482 5677 ea
2510 5619 2649 5676 dicta
2677 5630 2796 5681 esse
2839 5612 3165 5673 contendant
3208 5611 3276 5668 de
3318 5611 3505 5669 formae
3548 5606 3793 5681 imagine.
