4094 6204
383 346 450 401 rs
1451 328 1516 390 tu
1555 333 1708 391 car.
1747 335 1788 392 l.
1829 331 2078 392 cenes.
2122 327 2350 388 HOMIL.
2392 329 2524 386 vut.
3594 338 3666 397 τι

379 461 624 514 dicemus
647 455 728 512 eis
756 469 771 509 :
814 452 977 524 Igitur
1008 449 1152 506 Deus
1195 463 1302 504 non
1348 447 1519 503 solum
1564 448 1726 504 homo
1747 489 1763 514 ,
1794 445 1888 502 sed
1919 454 1975 501 et

384 549 579 603 mulier
604 547 746 611 erit;
791 545 914 615 quia
942 541 1186 596 eamdem
1235 541 1457 594 formam
1490 549 1712 608 uterque
1756 539 1974 593 habent.

389 639 584 694 Verum
621 637 725 691 hoc
765 632 1056 689 absurdum
1097 639 1260 686 esset.
1293 629 1431 684 Audi
1475 629 1616 684 enim
1647 628 1866 683 Paulum
1893 627 1976 682 di-

379 739 636 784 centeni:
673 726 765 780 Vir
808 724 942 780 enim
989 739 1088 777 non
1118 721 1260 774 debet
1304 721 1472 775 uelare
1505 728 1691 789 caput,
1732 718 1900 787 imago
1927 725 1978 771 et

387 820 553 890 gloria
601 817 696 870 Dei
736 817 982 872 exsistens
1028 828 1048 866 :
1094 812 1275 865 mulier
1325 821 1494 864 autem
1554 809 1716 881 gloria
1762 809 1857 861 uiri
1906 817 1978 860 est

392 912 486 979 (l.
519 909 640 963 Cor.
678 907 766 961 11.
809 906 898 973 Ἰ).
932 904 1025 957 Vir
1071 903 1216 958 enim
1263 902 1526 971 imperat,
1570 900 1762 955 mulier
1799 907 1978 952 autem

393 999 628 1069 subjecta
659 1007 780 1052 est:
813 997 950 1050 sicut
979 1003 1034 1048 et
1060 994 1201 1048 Deus
1246 992 1313 1046 ab
1358 991 1510 1045 initio
1535 990 1601 1043 ad
1645 1005 1761 1044 eam
1807 989 1976 1042 dixit:

389 1092 471 1146 Ad
502 1092 664 1144 virum
688 1098 831 1142 tuum
861 1087 1119 1141 conversio
1148 1095 1234 1138 tua
1258 1127 1272 1150 ,
1315 1092 1362 1137 et
1386 1083 1496 1153 ipse
1522 1082 1610 1135 tibi
1639 1079 1981 1134 dominabitur

393 1181 546 1240 (Gen.
576 1182 629 1236 5.
660 1181 773 1249 16).
801 1179 934 1246 Quia
961 1178 1104 1233 enim
1133 1174 1424 1230 secundum
1455 1172 1717 1227 rationem
1761 1169 1981 1225 dominii

391 1272 459 1328 ad
489 1272 772 1342 imaginem
810 1271 980 1325 factus
1009 1279 1126 1335 est,
1159 1282 1264 1322 non
1297 1265 1363 1320 ad
1396 1268 1620 1320 formam
1641 1305 1655 1330 ,
1698 1265 1780 1317 vir
1802 1272 1980 1318 autem

398 1363 704 1417 dominatur
747 1361 1034 1427 omnibus,
1067 1359 1261 1413 mulier
1287 1371 1419 1412 vero
1462 1355 1700 1424 subjecta
1745 1362 1827 1409 est
1855 1371 1867 1406 :
1901 1353 1982 1407 id-

395 1453 542 1508 cirCo
568 1453 698 1506 dicit
735 1451 802 1506 de
827 1453 942 1505 viro
971 1450 1165 1504 Paulus
1183 1491 1196 1515 ,
1233 1447 1373 1518 quod
1402 1448 1575 1515 imago
1617 1457 1670 1500 et
1695 1445 1861 1516 gloria
1890 1443 1984 1499 Dei

394 1546 466 1598 sit
491 1585 505 1608 ,
538 1543 735 1598 mulier
760 1552 936 1596 autem
975 1543 1141 1613 gloria
1172 1540 1290 1594 viri.
1332 1538 1484 1605 Quod
1533 1537 1578 1592 si
1607 1538 1675 1592 de
1707 1540 1872 1591 forma
1903 1535 1985 1590 vel

397 1637 566 1708 ﬁgura
616 1635 876 1701 dixisset,
927 1651 1031 1688 non
1078 1634 1261 1704 utique
1307 1647 1370 1687 ea
1417 1631 1689 1685 divisisset
1734 1646 1748 1682 :
1798 1628 1986 1684 eadem

393 1729 539 1784 enim
573 1728 736 1798 ﬁgura
765 1735 848 1782 est
874 1725 972 1780 viri
1001 1734 1055 1780 et
1095 1725 1359 1779 mulieris.
1391 1722 1579 1792 Vidisti
1613 1722 1822 1792 plenam
1853 1721 1990 1776 veri-

399 1820 608 1876 tatem?
652 1819 924 1888 quomodo
954 1819 1157 1871 nullum
1193 1813 1522 1871 defensionis
1548 1823 1865 1882 praetextum
1903 1827 1990 1866 rc-

399 1915 594 1984 linquit
639 1915 703 1968 iis
729 1915 820 1982 qui
869 1914 1064 1967 frustra
1109 1909 1447 1980 impudentes
1490 1921 1611 1962 esse
1637 1904 1864 1960 volunt?
1893 1903 1992 1958 Ve-

402 2015 706 2059 rumtamen
735 2004 896 2058 etiam
929 2003 1032 2056 illis
1059 2002 1131 2056 ita
1161 2016 1219 2056 se
1247 1998 1565 2055 habentibus
1583 2038 1598 2061 ,
1626 2013 1695 2052 tte
1719 2009 1992 2052 cessemus

409 2111 603 2165 magna
631 2110 751 2149 cum
781 2095 999 2149 lenitate
1026 2109 1146 2149 cum
1177 2093 1306 2164 ipsis
1335 2105 1514 2163 agere,
1545 2089 1606 2146 Si
1632 2093 1760 2161 forte
1780 2089 1861 2142 det
1890 2088 1993 2141 illis

415 2185 556 2241 Deus
588 2186 925 2252 penitentiam
957 2185 1024 2238 ad
1047 2186 1352 2256 agnitionem
1395 2183 1617 2237 ueritatis
1649 2179 1740 2252 (2.
1772 2178 1905 2235 Tim.
1935 2179 1990 2233 2.

412 2277 482 2333 25
505 2280 546 2348 ).
579 2277 657 2332 Ne
684 2292 812 2347 ergo
834 2285 1217 2347 torpescamus,
1245 2276 1290 2330 si
1317 2289 1425 2344 quo
1452 2283 1607 2344 pacto
1639 2289 1732 2343 per
1757 2286 1995 2326 mansue-

417 2368 618 2422 tudinis
647 2367 879 2422 studium
911 2366 1176 2437 possimus
1215 2367 1360 2436 ipsos
1387 2366 1596 2436 eripere
1625 2380 1656 2420 a
1681 2363 1998 2433 deceptione

410 2459 606 2513 diaboli
630 2475 645 2524 ;
674 2468 747 2523 et,
775 2460 818 2514 si
849 2459 1042 2529 placet,
1072 2458 1403 2513 adducamus
1425 2458 1618 2512 iterum
1651 2455 1753 2511 illis
1781 2455 1997 2511 beatum

413 2551 656 2617 I‘aulum,
681 2551 773 2620 qui
796 2550 1213 2606 Atheniensibus
1237 2549 1316 2605 sic
1342 2549 1552 2605 dicebat
1576 2565 1591 2604 :
1619 2547 1668 2602 Ν
1673 2565 1739 2603 οη
1766 2547 1999 2601 debemus

413 2642 703 2695 existinmre
735 2658 860 2694 auro
881 2683 894 2706 ,
923 2642 1000 2695 uel
1026 2651 1232 2712 argento
1255 2681 1268 2704 ,
1301 2641 1378 2694 uel
1403 2640 1596 2710 lapidi,
1626 2639 1705 2693 vel
1731 2640 2002 2710 sculptura:

417 2735 544 2786 artis
575 2732 654 2786 vel
682 2733 977 2787 inventionis
1025 2732 1239 2790 hominis
1268 2729 1470 2785 Numen
1517 2747 1624 2784 esse
1650 2731 1812 2784 simile
1845 2729 1997 2801 (Act.

418 2825 507 2878 17.
550 2822 682 2894 29).
732 2823 920 2878 Vidisti
969 2832 1166 2893 quanta
1212 2823 1480 2893 diligentia
1525 2836 1740 2877 onmem
1790 2821 2000 2876 illorum

415 2929 654 2971 errorem
701 2915 915 2986 sapiens
958 2915 1212 2986 magister
1249 2912 1645 2985 amputaverit?
1685 2912 1800 2967 Non
1832 2912 2002 2966 solum

416 3006 560 3062 enim
609 3021 642 3060 a
685 3006 947 3076 corporali
990 3014 1120 3077 typo
1163 3005 1396 3061 alienum
1449 3004 1577 3059 dicit
1617 3003 1864 3070 Numen,
1910 3003 2004 3057 sed

420 3112 597 3167 neque
624 3096 748 3168 quid
773 3098 949 3153 simile
981 3112 1138 3167 posse
1168 3095 1400 3150 humana
1442 3096 1762 3166 cogitatione
1802 3093 2002 3164 efﬁngi.

419 3188 546 3243 lla2c
571 3188 798 3244 subinde
839 3189 946 3244 illis
983 3188 1224 3244 dicentes
1247 3229 1262 3254 ,
1298 3186 1430 3241 nihil
1457 3186 1598 3258 quod
1628 3201 1791 3258 penes
1819 3201 1914 3240 vos
1939 3186 2007 3240 sit

421 3277 662 3348 proferre
707 3278 1094 3344 intermittatis,
1145 3278 1189 3332 si
1236 3278 1371 3332 forte
1411 3277 1635 3342 cedant,
1679 3277 1723 3330 si
1769 3274 1902 3330 forte
1941 3275 2007 3329 ad

421 3370 700 3424 veritatem
730 3370 999 3439 respicere
1028 3369 1215 3424 velint.
1243 3367 1508 3423 Cancrum
1552 3377 1610 3422 ut
1649 3367 1716 3422 ab
1746 3364 2008 3422 benevola

423 3462 636 3518 illorum
681 3462 1034 3518 instructione
1062 3461 1216 3517 vobis
1245 3459 1610 3517 desistendum
1641 3475 1747 3514 non
1789 3469 1904 3527 est,
1937 3459 2008 3513 ita

425 3567 556 3619 oro,
601 3562 656 3607 ut
697 3553 946 3622 dogmata
991 3552 1351 3608 ecclesiastica
1398 3551 1567 3621 probe
1608 3551 1870 3617 teneatis,
1903 3565 2009 3605 non

425 3642 818 3699 confundentes
854 3643 1118 3698 dictorum
1146 3643 1580 3713 consequentiam
1601 3682 1617 3705 ,
1645 3642 1741 3697 sed
1768 3656 1889 3696 cum
1920 3641 2014 3696 Ju-

428 3735 562 3790 dzcis
591 3745 649 3788 ut
675 3743 888 3804 oportet
915 3734 1182 3805 disputate
1201 3773 1216 3798 ,
1256 3749 1319 3788 ac
1343 3733 1734 3799 demonstrate,
1768 3732 1884 3789 ιιωο
1909 3747 2012 3788 non

429 3841 550 3881 esse
578 3825 721 3880 dicta
747 3827 994 3896 cuiquam
1015 3842 1082 3882 ex
1106 3824 1434 3880 administris
1456 3822 1757 3890 virtutibus,
1777 3823 1872 3880 sed
1899 3824 2015 3879 uni-

427 3919 608 3989 genito
637 3918 729 3974 Dei
777 3917 950 3983 Filio;
998 3917 1213 3972 Arianis
1249 3931 1462 3988 quoque
1507 3915 1630 3972 hinc
1673 3931 1854 3987 parem
1893 3915 2014 3971 Filii

430 4027 551 4065 cum
583 4011 740 4067 Patre
765 4009 1074 4081 dignitatem
1110 4009 1377 4075 indicate;
1409 4007 1506 4065 sed
1531 4019 1585 4065 et
1613 4010 1677 4066 iis
1704 4010 1796 4081 qui
1823 4009 2015 4064 huma-

432 4117 552 4157 nam
585 4101 807 4156 lonnam
828 4101 1074 4158 Numinis
1099 4102 1478 4173 imaginantur,
1500 4100 1674 4156 allatis
1699 4101 1751 4155 in
1782 4099 2017 4155 medium

431 4192 497 4248 iis
519 4208 639 4262 qua:
667 4207 697 4246 a
727 4193 884 4247 beato
910 4193 1075 4248 Paulo
1115 4201 1239 4249 sunt
1265 4192 1438 4258 dicta,
1470 4191 1687 4248 evellite
1716 4207 1811 4262 per
1837 4189 2020 4246 Eccle-

431 4283 524 4340 si:e
565 4282 816 4354 dogmata
859 4285 1190 4355 perniciosos
1226 4283 1444 4340 morbos
1487 4284 1654 4339 instar
1695 4283 2016 4339 zizaniorum

431 4375 787 4447 pullulantes,
830 4390 1154 4446 operamque
1195 4375 1318 4432 date
1355 4384 1414 4431 ut
1453 4375 1538 4446 pia
1576 4375 1815 4431 doctrina
1857 4375 1910 4430 in
1941 4373 2021 4430 eis

434 4467 703 4536 plantetur
726 4475 781 4522 et
808 4467 1110 4523 roboretur.
1143 4467 1278 4523 Volo
1315 4468 1458 4524 enim
1480 4508 1496 4534 ,
1527 4475 1584 4524 et
1621 4481 1810 4539 precor
1833 4481 2021 4523 omnes

434 4573 529 4613 vos
555 4559 606 4613 in
633 4557 912 4613 doctorum
935 4558 1124 4614 ordine
1147 4573 1266 4615 esse
1292 4576 1305 4614 :
1333 4568 1388 4616 et
1415 4574 1524 4614 non
1549 4559 1721 4615 solum
1749 4558 2022 4614 auditores

437 4660 744 4704 nostrorum
782 4662 903 4704 esse
946 4663 1294 4713 sermonum,
1334 4648 1430 4705 sed
1474 4659 1529 4706 et
1571 4649 1692 4705 aliis
1721 4649 2020 4705 doctrinam

437 4749 674 4795 nostram
707 4739 929 4808 afferre,
961 4741 1263 4811 piscarique
1288 4751 1528 4798 errantes
1551 4783 1567 4808 ,
1601 4752 1658 4796 ut
1685 4742 1736 4796 in
1765 4742 1906 4796 viam
1931 4756 2022 4796 re-

438 4829 601 4886 deant
629 4833 889 4898 veritatis,
924 4833 1063 4887 sicut
1088 4839 1142 4887 et
1170 4832 1366 4888 Paulus
1397 4833 1567 4903 inquit
1598 4851 1610 4885 :
1639 4831 1783 4888 Unus
1807 4833 2024 4887 alterunt

438 4923 652 4990 mli/Scel
682 4923 759 4994 (l.
786 4922 960 4978 Thess.
985 4923 1038 4978 5.
1067 4924 1128 4981 H
1158 4925 1176 4994 )
1201 4942 1214 4986 ;
1249 4932 1324 4987 et,
1364 4923 1492 4980 Cum
1535 4925 1714 4978 timore
1739 4933 1786 4978 et
1813 4934 2026 4979 tremore

440 5013 653 5068 salutent
681 5023 898 5068 vestram
919 5015 1196 5084 operentini
1218 5013 1480 5084 (Philipp.
1507 5014 1562 5069 2.
1594 5013 1704 5087 £2).
1731 5014 1821 5069 Sic
1841 5013 2028 5070 Eccle-

439 5105 515 5159 sia
541 5104 700 5160 nobis
724 5105 1060 5161 multitudine
1085 5107 1386 5178 augebitur,
1407 5116 1464 5162 et
1483 5121 1578 5162 vos
1598 5107 1812 5162 uberius
1838 5122 2029 5177 snper-

439 5214 506 5252 na
537 5199 782 5254 fruemini
814 5199 1022 5270 gratia,
1053 5215 1297 5271 magnam
1341 5200 1701 5256 membrorum
1726 5209 2024 5256 vestrorum

441 5304 626 5344 curam
657 5289 935 5347 habentes.

515 5382 571 5436 5.
611 5379 794 5452 Neque
845 5383 990 5438 enim
1034 5383 1174 5440 Deus
1214 5383 1328 5438 vult
1357 5391 1417 5438 ut
1460 5381 1796 5439 Christianus
1850 5383 2030 5454 seipse

441 5481 647 5526 tantum
674 5479 956 5528 eutttetttus
984 5474 1074 5540 sit,
1100 5475 1195 5530 sed
1238 5484 1296 5531 ut
1339 5475 1478 5530 alios
1521 5475 1747 5530 aediﬁcet
1785 5489 1892 5530 non
1938 5490 2033 5546 per

440 5565 741 5618 doctrinam
769 5566 964 5633 solum,
995 5567 1090 5622 sed
1120 5576 1174 5623 et
1217 5583 1312 5637 per
1351 5568 1537 5636 vitam,
1570 5577 1623 5624 et
1648 5567 1893 5624 versandi
1941 5584 2029 5623 ra-

441 5656 661 5709 tionem.
694 5655 835 5712 Nihil
870 5659 1017 5714 enim
1057 5659 1135 5714 sic
1177 5659 1230 5715 in
1273 5660 1515 5717 veritatis
1550 5661 1689 5716 viam
1716 5660 1946 5724 inducit.
1977 5670 2034 5716 ut

442 5747 718 5818 integritas
745 5751 867 5807 vita:
899 5767 914 5807 :
943 5765 1068 5807 nam
1097 5765 1268 5822 neque
1308 5761 1416 5808 tam
1439 5765 1505 5810 ea
1530 5753 1873 5813 considerant
1910 5773 2031 5830 qua:

2088 461 2120 501 a
2147 446 2301 500 nobis
2321 445 2591 513 dicuntur,
2632 460 2790 516 quam
2820 463 2938 519 qua:
2976 463 3006 503 a
3046 450 3199 506 nobis
3233 462 3478 524 aguntur.
3510 455 3578 511 Et
3611 466 3671 512 ut

2083 535 2222 591 scias
2251 552 2365 592 rem
2395 537 2466 592 ita
2493 551 2554 592 se
2579 535 2778 594 habere
2823 540 2989 610 (licet
3017 545 3314 599 sexcenties
3342 544 3522 601 verbis
3549 557 3669 602 tan-

2085 636 2195 682 tum
2228 628 2687 699 philosophemur,
2716 639 2772 687 et
2795 631 2863 688 de
2887 632 3196 702 injuriarum
3215 636 3480 695 obfirione
3495 639 3667 695 disse-

2083 731 2284 782 ramus,
2306 733 2368 773 ac
2388 734 2508 774 cum
2543 728 2749 790 tempus
2795 719 3044 789 adfuerit,
3097 740 3213 778 eam
3261 729 3509 796 operibus
3559 745 3668 785 non

2085 808 2535 876 demonstremus,
2565 828 2670 866 non
2699 821 2902 868 tantum
2944 815 3239 883 proderunt
3275 819 3434 873 verba
3456 862 3471 885 ,
3499 836 3672 890 quan-

2086 907 2198 952 tum
2227 899 2494 955 nocebunt
2519 917 2709 971 opera;
2735 904 2817 957 sin
2850 914 2974 959 ante
3013 913 3069 959 et
3097 915 3214 974 post
3254 910 3415 963 verba
3449 925 3670 982 operum

2085 992 2354 1061 specimen
2386 993 2804 1060 exhibuerimus,
2841 995 2943 1051 ﬁde
2975 997 3120 1066 digni
3159 997 3527 1065 habebimur',
3551 1017 3672 1057 cunt

2085 1084 2489 1139 admonehimus
2509 1085 2642 1140 alios
2662 1085 2730 1141 de
2760 1087 2823 1142 iis
2850 1102 2968 1157 quae
2986 1103 3080 1156 per
3109 1103 3271 1160 Opera
3298 1091 3674 1159 adimpletnus,

2086 1175 2208 1243 quia
2239 1184 2295 1230 et
2318 1174 2561 1232 Christus
2580 1177 2882 1248 huiusmodi
2913 1180 3157 1234 homines
3198 1181 3382 1235 beatos
3397 1181 3564 1248 dixit,
3601 1184 3680 1236 in-

2087 1266 2276 1334 quiens
2308 1266 2528 1323 :Beatus
2545 1270 2632 1339 qui
2657 1270 2848 1339 fecerit.
2882 1280 2929 1324 et
2956 1272 3180 1326 docuerit
3203 1271 3416 1343 (Matth.
3443 1275 3499 1330 5.
3531 1276 3598 1331 l9
3622 1280 3637 1344 )
3661 1295 3678 1333 :

2088 1355 2211 1411 vide
2257 1359 2527 1426 quomodo
2557 1375 2694 1430 opus
2725 1363 3107 1430 praeposuerit,
3139 1373 3192 1418 et
3238 1373 3420 1433 postea
3463 1367 3668 1422 doctrio

2093 1462 2235 1502 nam.
2269 1450 2480 1503 Atenim
2522 1453 2856 1520 przecedente
2881 1468 3066 1524 opere,
3095 1456 3300 1510 etiamsi
3348 1472 3452 1512 non
3479 1473 3678 1527 sequa-

2095 1547 2178 1592 tur
2201 1539 2462 1606 doctrina,
2495 1540 2769 1596 sufﬁciunt
2791 1559 2954 1613 opera
2999 1544 3112 1614 ipsa
3154 1546 3322 1616 magis
3368 1563 3527 1616 quam
3571 1547 3678 1602 ulla

2092 1643 2193 1682 vox
2223 1629 2288 1683 ad
2319 1629 2616 1685 docendum
2644 1646 2738 1686 eos
2759 1635 2849 1702 qui
2882 1635 2934 1687 in
2964 1649 3062 1688 nos
3083 1637 3390 1705 reSpiciunt.

2166 1717 2381 1774 Moralis
2405 1722 2688 1775 exhortatio
2712 1723 2781 1776 ad
2805 1739 2975 1777 verum
2986 1726 3262 1796 jejunium.
3294 1757 3364 1767 ο-
3394 1727 3505 1783 lloc
3523 1727 3684 1800 igitur

2095 1809 2295 1880 ultique
2321 1810 2690 1880 observemus,
2714 1823 2772 1868 ut
2799 1815 2946 1884 prius
2971 1817 3226 1886 operibus
3261 1819 3552 1874 doceamus
3578 1861 3592 1884 ,
3629 1831 3684 1874 et

2098 1910 2280 1970 p0stea
2320 1905 2658 1959 sermonibus
2693 1923 2707 1959 :
2739 1914 2795 1960 ut
2821 1923 2890 1961 ne
2915 1916 2971 1963 et
2998 1924 3097 1964 nos
3125 1909 3406 1966 audiamus
3447 1925 3477 1964 a
3530 1912 3686 1967 beato

2098 1993 2264 2047 Paulo
2298 2013 2310 2048 :
2339 1992 2420 2047 Tu
2443 1996 2533 2065 qui
2556 1997 2704 2051 doces
2733 1997 2914 2065 aliunt,
2947 2000 3161 2070 teipsum
3189 2018 3291 2056 non
3315 2004 3464 2058 doces
3492 2005 3681 2076 (Rom.

2096 2084 2151 2138 2.
2179 2085 2310 2152 2t)?
2337 2085 2404 2140 Et
2427 2101 2548 2141 cum
2578 2088 2825 2143 volumus
2846 2089 3140 2147 admonere
3187 2093 3370 2158 alium,
3400 2103 3458 2148 ut
3486 2096 3686 2166 aliquid

2097 2191 2165 2231 ex
2191 2177 2255 2232 iis
2270 2193 2390 2246 qua:
2421 2179 2722 2234 necessaria
2772 2190 2898 2235 sunt
2950 2181 3170 2249 efﬁciat,
3205 2183 3352 2252 prius
3377 2184 3690 2240 studeamus

2099 2277 2157 2323 et
2181 2285 2278 2325 nos
2306 2269 2408 2326 hoc
2431 2269 2604 2340 ipsum
2633 2285 2793 2341 agere
2816 2312 2832 2338 ,
2867 2287 2975 2343 quo
3005 2273 3160 2329 nobis
3197 2284 3253 2328 et
3305 2275 3477 2344 major
3503 2277 3571 2330 sit
3604 2276 3688 2332 lo.

2101 2361 2298 2431 quendi
2327 2375 2390 2417 ac
2415 2361 2641 2418 docendi
2665 2362 2878 2432 ﬁducia,
2910 2373 2966 2419 et
3007 2365 3184 2420 omnis
3223 2374 3405 2421 nostra
3449 2383 3578 2422 cura
3622 2369 3693 2423 sit

2102 2452 2169 2507 de
2195 2453 2494 2508 animarum
2521 2453 2694 2510 salute
2711 2496 2726 2520 ,
2757 2463 2810 2509 et
2837 2455 3105 2525 quomodo
3127 2459 3419 2526 poterimus
3449 2457 3694 2514 lascivias

2104 2545 2282 2600 carnis
2313 2543 2614 2613 refrenare,
2667 2555 2726 2600 ut
2769 2561 2956 2601 verum
2996 2547 3344 2604 exhibeamus
3388 2548 3694 2620 jejunium;

2102 2634 2365 2705 jejunium
2402 2643 2580 2690 autem
2630 2635 2774 2702 dico,
2807 2635 3182 2691 abstinentiam
3221 2653 3252 2691 a
3301 2638 3462 2694 vitiis.
3488 2639 3696 2694 Etenim

2107 2725 2428 2782 abstinentia
2454 2741 2484 2781 a
2505 2726 2641 2782 cibis
2667 2738 2885 2798 propter
2914 2727 3018 2783 hoc
3044 2739 3262 2799 recepta
3287 2739 3370 2786 est
3389 2771 3405 2797 ,
3450 2738 3507 2784 ut
3544 2730 3694 2800 vigo-

2108 2833 2222 2874 rem
2247 2818 2425 2874 carnis
2449 2818 2722 2885 refrenet,
2749 2828 2805 2875 et
2829 2833 3025 2890 equum
3053 2819 3278 2876 docilem
3309 2820 3516 2877 reddat.
3547 2821 3700 2894 Jeju-

2110 2918 2328 2964 nnntetn
2358 2919 2482 2963 ante
2505 2909 2683 2964 omnia
2710 2919 2923 2979 oportet
2951 2911 3083 2966 iram
3113 2909 3324 2967 frenare
3352 2953 3368 2979 ,
3395 2925 3699 2968 mansueta.

2109 3000 2289 3054 dinem
2319 3009 2374 3056 et
2404 2999 2674 3055 lenitatem
2699 3001 3000 3067 addiscere,
3023 3015 3119 3056 cor
3145 3001 3341 3058 habere
3379 3004 3701 3072 contritum,

2111 3090 2372 3146 ahsurdas
2391 3091 2856 3160 concupiscentias
2883 3091 3148 3160 repellere
3166 3132 3183 3160 ,
3213 3103 3338 3148 ante
3363 3095 3548 3148 oculos
3567 3109 3699 3149 con-

2115 3183 2266 3237 tinuo
2296 3182 2495 3239 habere
2520 3183 2734 3238 oculum
2775 3183 2923 3238 illum
2962 3199 3252 3254 numquam
3302 3185 3701 3253 dormitantem,

2114 3284 2169 3330 et
2195 3275 2422 3331 tribunal
2472 3275 2604 3330 illud
2656 3275 3060 3347 incorruptum;
3111 3278 3349 3348 pecuniis
3370 3279 3702 3350 superioretn

2115 3379 2257 3431 esse,
2288 3366 2669 3436 liberalemque
2713 3366 2998 3422 admodum
3035 3368 3086 3421 in
3117 3367 3292 3424 danda
3340 3369 3702 3442 eleemosyna,

2117 3458 2408 3528 nequitiam
2437 3473 2650 3514 omnem
2671 3459 2928 3514 adversus
2955 3461 3252 3530 proximum
3291 3476 3357 3516 ex
3405 3464 3587 3517 animo
3611 3465 3708 3520 cli-

2119 3549 2344 3602 minare.
2375 3547 2488 3603 Hoc
2519 3564 2704 3602 verum
2743 3548 3004 3618 jejunium
3034 3558 3148 3616 est,
3195 3549 3333 3604 sicut
3362 3561 3416 3606 et
3451 3551 3612 3606 lsaias
3639 3568 3708 3610 ex

2121 3653 2348 3709 persona
2379 3638 2471 3694 Dei
2492 3639 2739 3708 loquens,
2767 3639 2937 3694 dicit:
2976 3637 3096 3694 Non
3123 3641 3217 3694 hoc
3254 3641 3512 3711 jejunium
3554 3644 3705 3714 elegi,

2119 3730 2242 3784 dicit
2272 3727 2542 3783 Dominus.
2587 3727 2712 3784 Non
2749 3729 2794 3783 si
2833 3738 3066 3801 torqueas
3097 3741 3151 3784 ut
3177 3731 3423 3786 circulum
3467 3735 3708 3795 ceruicem

2122 3833 2281 3889 tuam,
2303 3832 2351 3878 et
2369 3838 2574 3877 saccum
2597 3832 2645 3877 et
2671 3823 2888 3879 cinerem
2911 3823 3200 3880 substernas
3220 3866 3238 3894 ,
3289 3842 3451 3897 neque
3468 3830 3540 3882 sic
3563 3845 3712 3883 rora-

2123 3914 2238 3967 bitis
2255 3913 2512 3984 jejunium
2537 3922 2820 3984 acceptum,
2851 3915 2973 3969 dicit
2994 3915 3244 3972 Dominus
3271 3915 3440 3991 (lsai.
3485 3919 3574 3974 58.
3601 3921 3635 3976 5
3662 3920 3707 3990 ).

2121 4003 2253 4071 Sed,
2269 4003 2463 4074 quale?
2486 4003 2595 4060 dic.
2621 4003 2796 4073 Solve,
2818 4004 3009 4077 inquit,
3028 4009 3356 4080 obligationes
3383 4012 3714 4067 violenter-um

2123 4104 2496 4166 contracturam,
2551 4100 2732 4169 frange
2760 4099 2999 4154 esurienti
3037 4116 3218 4170 panem
3244 4111 3406 4166 tuum,
3438 4121 3714 4175 pauperem

2125 4190 2313 4258 absque
2337 4191 2634 4244 tectoindue
2659 4191 2712 4245 in
2733 4192 2939 4246 domum
2963 4203 3122 4249 tuam.
3167 4194 3234 4252 Et
3261 4196 3306 4250 si
3337 4196 3452 4253 haec
3488 4198 3676 4255 feceris
3695 4241 3712 4268 ,

2125 4280 2318 4350 inquit,
2349 4280 2492 4336 Tunc
2509 4293 2736 4354 erumpet
2761 4286 3008 4341 matutina
3033 4285 3127 4341 lux
3154 4297 3263 4356 tua,
3285 4297 3331 4344 ct
3353 4293 3596 4346 sanitates
3619 4303 3719 4348 tua:

2125 4374 2292 4429 statim
2315 4375 2660 4446 orientur(lb.
2687 4393 2736 4430 υ.
2763 4377 2924 4447 6-8.)

2197 4467 2253 4524 6.
2294 4467 2508 4537 Vidisti,
2542 4469 2757 4537 dilecte,
2793 4472 2952 4541 quale
2978 4473 3049 4526 sit
3073 4488 3258 4528 verum
3279 4474 3575 4544 jejunium?
3608 4477 3720 4532 lloc

2127 4574 2494 4629 exerceamus,
2520 4570 2575 4617 et
2601 4577 2706 4618 non
2740 4571 2798 4618 ut
2835 4563 3078 4635 plerique
3105 4566 3475 4623 existimemus
3509 4568 3720 4625 deliniri

2129 4653 2184 4709 in
2210 4653 2608 4724 hoejejunium,
2631 4654 2676 4710 si
2701 4653 2769 4710 ad
2789 4668 3066 4724 vesperam
3089 4670 3258 4727 usque
3301 4657 3556 4728 impransi
3603 4675 3717 4715 tua-

2130 4759 2372 4801 neamus.
2401 4743 2518 4802 Non
2539 4744 2640 4801 hoc
2663 4754 2746 4800 est
2767 4744 2908 4815 quod
2923 4745 3198 4815 qumritur,
3225 4748 3318 4802 sed
3344 4757 3402 4803 ut
3421 4764 3542 4804 cum
3567 4750 3717 4804 cibo-

2131 4852 2250 4892 rum
2277 4835 2601 4892 abstinentia
2629 4843 2686 4891 et
2729 4849 2758 4888 a
2780 4837 2994 4891 exteris
3021 4835 3354 4893 abstineatur
3379 4853 3498 4910 quae
3525 4853 3721 4894 nocere

2133 4941 2375 4999 possunt,
2403 4937 2459 4985 et
2481 4928 2834 5001 spiritualium
2864 4943 3087 5001 operum
3113 4945 3360 5003 magnam
3399 4945 3582 4987 curam
3621 4931 3720 4986 ha-

2131 5022 2372 5078 beamus.
2399 5019 2736 5092 Jejunantem
2762 5036 2882 5078 esse
2901 5031 3112 5094 oportet
3132 5023 3440 5088 demissum,
3456 5024 3723 5095 quietura,

2133 5115 2338 5180 mitem,
2359 5113 2638 5182 humilem,
2686 5114 2871 5186 gloria:
2924 5115 3080 5188 hujus
3110 5117 3231 5172 vita:
3270 5128 3716 5188 contemptorem.

2134 5205 2270 5262 Nam
2295 5206 2434 5262 sicut
2452 5207 2645 5263 anima:
2669 5223 2782 5264 suae
2809 5223 2992 5264 curam
3013 5208 3293 5280 despexit,
3319 5210 3390 5264 ita
3419 5219 3477 5266 et
3505 5210 3720 5268 inanem

2135 5298 2358 5368 gloriam
2378 5297 2657 5370 despicere
2709 5308 2944 5370 Oportet,
2991 5309 3046 5356 et
3096 5301 3162 5354 ad
3206 5301 3353 5355 illum
3403 5301 3578 5358 solum
3632 5320 3722 5374 qut

2137 5398 2405 5446 scrutatur
2429 5390 2589 5448 corda
2616 5401 2673 5447 et
2715 5405 2872 5448 renes
2900 5390 2922 5465 (
2954 5389 3101 5446 Psal.
3140 5391 3195 5447 7.
3225 5391 3292 5447 10
3324 5393 3344 5462 )
3373 5433 3390 5460 ,
3430 5392 3720 5464 respicere,

2138 5497 2440 5554 magnoque
2490 5481 2669 5538 studio
2715 5495 2905 5553 preces
2959 5489 3012 5536 et
3059 5481 3430 5540 confessiones
3475 5485 3727 5542 emittere

2142 5577 2275 5646 Deo,
2297 5587 2353 5633 et
2379 5575 2843 5646 eleemosynarum
2872 5574 3073 5630 auxilio
3097 5591 3197 5648 pro
3239 5576 3443 5636 viribus
3485 5578 3723 5651 seipsum

2147 5762 2157 5772 .
2209 5703 2388 5774 lunato,
2407 5700 2564 5774 ﬁlled
2565 5700 2668 5774 igni
2679 5701 2990 5774 .ltabclrittstsr,
3011 5707 3275 5774 ᾀξιρπιστοι
3298 5711 3518 5774 ἐσόμεθα,
3541 5713 3722 5764 desunt

2146 5765 2194 5812 in
2225 5765 2418 5825 Morel,
2438 5765 2524 5811 sed
2553 5765 2604 5812 itt
2627 5765 2740 5816 aliis
2761 5765 2990 5819 omnibus
3016 5770 3275 5822 habentur.

3728 5896 3754 5911 Ι
