4094 6204
512 313 577 369 τε
1246 300 1309 357 s.
1346 294 1622 354 ruamus
1648 282 2121 348 crinvsos'rout
2157 281 2474 345 ARCHIEP.
2511 281 3042 343 consumma
3718 283 3788 341 τε

501 423 852 493 juvareJIoc
878 419 1047 485 enim,
1104 414 1205 469 hoc
1243 410 1551 468 mandatum
1594 406 1827 463 maxime
1866 398 2093 457 valctad

515 516 774 573 abolenda
801 519 1015 583 peccata
1040 515 1220 564 nostra
1260 504 1463 568 omnia,
1485 513 1538 557 et
1558 500 1632 556 ad.
1665 495 1975 567 eripiendos
1999 507 2096 548 nos

515 628 581 666 ex
606 608 865 679 gehennm
912 602 1033 672 igne
1064 598 1295 666 ’,~modo
1319 597 1491 667 ipsum
1533 591 1952 679 liberalitertet

516 698 584 753 ad
608 674 1045 751 vastentationem
1089 689 1367 746 hominum
1432 696 1806 753 exsequamur.
1857 677 1923 733 Et
1973 674 2101 746 quid

516 790 659 855 dico,
694 802 798 842 non
826 785 892 841 ad
932 780 1384 838 ostentationem?
1409 777 1539 834 Nam
1578 775 1621 831 si
1666 782 1812 829 recte
1837 771 2095 840 sapimus,

517 881 587 935 ob
610 880 712 934 hoc
743 878 915 933 solum
940 874 1081 946 quod
1111 873 1248 929 bona
1295 885 1383 926 res
1435 868 1536 932 sit,
1564 877 1618 923 et
1644 865 1714 921 ob
1755 863 2100 920 conmisera-

517 974 719 1027 tionem
748 971 798 1024 in
830 968 1117 1039 proximos,
1150 965 1400 1020 virtutem
1444 957 1581 1015 hanc
1605 972 1857 1013 exercere
1885 961 2102 1024 oporte-

520 1065 619 1130 bit,
653 1078 757 1117 non
785 1061 856 1115 oh
895 1039 1192 1128 promissas
1233 1069 1263 1109 a
1306 1052 1530 1109 Domino
1571 1047 1867 1105 mercedes.
1901 1046 2098 1104 Verum

517 1156 734 1228 quando
759 1154 824 1208 ad
849 1153 977 1207 nihil
1024 1150 1252 1205 sublime
1280 1155 1512 1202 mentem
1542 1142 1790 1198 attollere
1820 1140 2057 1195 valemus
2078 1176 2097 1204 ,

517 1247 602 1301 vel
629 1244 697 1301 ob
716 1242 846 1299 illud
877 1243 1050 1312 ipsum
1078 1238 1291 1310 benigni
1317 1238 1503 1300 simus,
1539 1234 1737 1288 nullam
1776 1231 1844 1286 ab
1868 1229 2100 1285 homini-

517 1337 615 1392 bus
644 1342 900 1390 venantes
921 1332 1170 1403 gloriam,
1197 1338 1255 1384 ut
1275 1344 1345 1384 nc
1365 1336 1417 1382 et
1437 1333 1682 1394 sumptus
1712 1323 1998 1387 faciamus,
2045 1327 2102 1377 et

520 1428 766 1484 mercede
815 1427 1015 1497 pariter
1045 1424 1341 1493 privcmur.
1399 1419 1454 1475 ω
1501 1417 1647 1489 quod
1692 1432 1798 1471 non
1840 1416 2014 1469 solum
2044 1413 2098 1469 in

520 1521 885 1591 clccmosyna,
912 1517 1007 1573 sed
1036 1516 1088 1569 in
1116 1528 1437 1584 unoquoque
1479 1511 1618 1567 bono
1644 1524 1808 1580 opere
1835 1506 2099 1577 spirituali

519 1611 922 1676 attendendum,
946 1618 1004 1662 ut
1026 1607 1158 1662 nihil
1202 1605 1271 1660 ad
1297 1604 1573 1659 hominum
1615 1600 1881 1672 prmconia
1933 1597 2104 1667 respi-

517 1706 721 1758 cientes
768 1701 1022 1756 faciamus
1054 1716 1067 1750 :
1097 1697 1332 1768 alioquin
1365 1695 1507 1750 nulla
1539 1693 1693 1749 nobis
1728 1691 1930 1745 utilitas
1976 1689 2098 1754 erit,

518 1798 630 1851 sive
646 1795 972 1864 jcjuncmus,
1002 1792 1113 1846 sive
1142 1802 1438 1859 precemur,
1464 1786 1577 1843 sive
1596 1784 1964 1846 miscreamur,
1987 1782 2104 1837 sive

521 1886 747 1957 quodvis
792 1881 934 1937 aliud
984 1880 1282 1945 faciamus,
1330 1877 1432 1933 nisi
1478 1884 1696 1946 propter
1736 1874 1885 1929 illum
1927 1871 2102 1928 solum

521 1979 670 2041 fiant,
701 1975 789 2046 qui
813 1975 961 2029 novit
1004 1981 1058 2028 ct
1104 1968 1438 2034 abscondita,
1488 1978 1543 2024 et
1584 1982 1704 2038 quae
1747 1966 1800 2021 in
1842 1963 2104 2036 profundo

520 2067 717 2121 mentis
745 2073 869 2120 sunt
896 2062 1192 2118 recondita.
1224 2059 1354 2114 Nam
1375 2059 1420 2114 si
1452 2058 1519 2113 ab
1547 2058 1641 2112 illo
1673 2056 1887 2126 praemia
1906 2069 2103 2124 exspe-

519 2166 653 2217 ctas.
686 2154 899 2219 dilecte,
928 2154 1081 2221 cujus
1119 2150 1288 2221 gratia
1319 2149 1388 2202 ab
1415 2148 1505 2202 illo
1542 2147 1633 2217 qui
1662 2154 1849 2201 natura
1895 2145 1989 2200 tibi
2014 2159 2106 2199 co-

519 2257 711 2318 gnatus
740 2256 843 2314 est,
869 2243 1074 2300 laudari
1114 2243 1230 2298 vis?
1260 2241 1401 2310 Quid
1427 2240 1550 2296 dico
1587 2239 1831 2296 laudari?
1877 2252 2023 2308 saepe
2061 2238 2107 2292 is

524 2356 629 2393 non
662 2337 861 2400 laudat,
890 2334 985 2395 sed
1012 2344 1067 2390 et
1097 2334 1314 2390 invidet.
1339 2332 1474 2389 Sunt
1499 2332 1642 2388 enim
1675 2330 1829 2386 multi
1874 2331 1944 2385 ita
1968 2330 2107 2387 male

521 2431 716 2497 affecti,
743 2439 800 2484 ut
830 2438 885 2485 et
904 2443 965 2485 ea
993 2444 1112 2499 qua:
1135 2428 1270 2483 bene
1290 2442 1320 2480 a
1349 2426 1504 2481 nobis
1531 2432 1780 2495 aguntur,
1812 2424 1865 2478 in
1891 2432 2105 2477 contra-

522 2522 660 2579 rium
692 2524 1125 2592 interpretentur.
1156 2518 1320 2590 Cujus
1347 2519 1505 2589 igitur
1517 2517 1706 2588 gratia,
1732 2517 1837 2582 dic,
1860 2515 2104 2579 obsecro,

524 2628 833 2685 perversum
867 2613 967 2667 hoc
982 2611 1241 2684 judicium
1269 2610 1401 2665 tanti
1433 2607 1597 2666 facis?
1644 2607 1937 2677 lnsopitum
1963 2606 2107 2661 enim

522 2715 577 2758 et
602 2715 858 2775 perpetuo
887 2704 1100 2777 vigilem
1129 2704 1277 2758 illum
1307 2702 1521 2758 oculum
1554 2701 1682 2755 nihil
1710 2712 1897 2756 eorum
1927 2714 2049 2770 qua:
2076 2713 2109 2753 a

488 2794 680 2851 nobis
708 2794 840 2851 liunt
862 2796 1033 2865 latere
1068 2804 1263 2865 potest,
1310 2799 1369 2849 et
1396 2800 1607 2863 oportet
1650 2790 1751 2847 hoc
1788 2790 2107 2862 cogitantes,

526 2894 675 2940 tanto
711 2886 888 2940 studio
923 2885 1083 2940 vitam
1112 2893 1350 2940 nostram
1395 2883 1699 2946 instituere,
1725 2880 1945 2950 perinde
1971 2895 2035 2935 ac
2063 2879 2110 2935 si

525 2977 808 3049 paulopost
831 2977 899 3033 de
918 2976 1166 3033 omnibus
1194 2974 1372 3029 verbis
1399 2981 1454 3028 et
1482 2972 1732 3042 operibus
1755 2979 1812 3026 et
1835 2971 2111 3041 cogitatio-

528 3072 683 3127 nibus
711 3071 976 3126 ratioucm
1007 3065 1265 3123 reddituri
1310 3078 1571 3121 essemus.
1619 3062 1696 3118 Ne
1737 3062 1895 3133 igitur
1923 3062 2110 3117 salutis

527 3171 729 3216 nostra:
753 3165 1152 3229 contemptores
1199 3154 1387 3209 simus.
1434 3152 1578 3208 Nihil
1619 3153 1763 3209 enim
1803 3152 1985 3207 virtuti
2016 3166 2110 3223 par

525 3260 631 3317 est,
681 3250 1123 3317 carissime,qua:
1157 3262 1256 3302 nos
1289 3254 1343 3301 et
1386 3246 1438 3299 in
1471 3243 1649 3299 futuro
1694 3245 1892 3300 autcqu
1932 3260 1964 3300 e
2018 3259 2113 3314 ge-

530 3343 704 3396 henna
729 3339 907 3409 eripit,
940 3347 994 3393 et
1017 3351 1193 3410 regno
1227 3335 1481 3392 calorum
1513 3335 1669 3392 nobis
1697 3334 1799 3391 frui
1842 3335 2111 3401 concedit,

526 3441 584 3486 et
625 3433 675 3487 in
720 3429 972 3502 pra-senti
1014 3442 1229 3500 quoque
1265 3427 1462 3483 smenlo
1505 3426 1757 3483 omnibus
1807 3426 2112 3497 superiores

533 3522 833 3587 coiistituit,
855 3520 947 3593 qui
989 3519 1144 3575 nobis
1177 3517 1297 3575 sine
1336 3531 1497 3574 causa
1540 3516 1891 3583 insidiantur,
1922 3524 1981 3573 et
2005 3531 2112 3572 non

531 3614 835 3671 hominibus
862 3614 1059 3681 solum,
1085 3611 1179 3667 sed
1206 3611 1369 3667 etiam
1395 3609 1729 3667 daemonibus
1744 3617 1800 3664 et
1823 3609 1939 3679 ipso
1969 3608 2115 3664 salu-

530 3705 599 3759 tis
630 3713 824 3759 nostra:
849 3704 1064 3759 inimico
1083 3702 1296 3758 diabolo
1315 3699 1565 3757 fortiores
1592 3702 1775 3757 efficit.
1795 3699 1933 3767 Quid
1955 3700 2115 3769 igitur

532 3794 609 3849 illi
634 3812 727 3866 par
752 3795 932 3859 fuerit,
960 3808 1078 3863 quae
1104 3807 1213 3846 non
1250 3792 1424 3846 solum
1469 3791 1774 3847 hominibus
1821 3791 2115 3847 insidianti-

532 3887 655 3951 bus,
687 3884 780 3940 sed
803 3892 858 3939 et
894 3882 1232 3940 dmmonibus
1258 3882 1563 3951 superiores
1594 3883 1677 3939 sui
1708 3880 1977 3937 studiosos
2003 3881 2116 3939 cili-

530 3975 642 4030 cit?
669 3975 845 4030 Virtus
871 3980 1050 4029 autem
1075 3980 1179 4041 est,
1205 3972 1434 4028 humana
1468 3972 1646 4028 omnia
1685 3972 1965 4041 despicere
1985 4012 2005 4038 ,
2026 3972 2115 4028 fu-

530 4074 649 4120 tura
676 4064 899 4136 singulis
928 4063 1079 4121 horis
1122 4065 1360 4135 cogitare
1386 4104 1402 4130 ,
1432 4063 1596 4118 nullis
1627 4063 1985 4132 prementibus
2025 4062 2112 4119 in-

534 4156 687 4212 hiare
731 4173 745 4209 :
789 4156 882 4213 sed
926 4156 1071 4212 scire
1113 4154 1294 4209 omnia
1341 4154 1573 4209 humana
1613 4154 1857 4209 umbram
1895 4168 2015 4210 esse
2059 4163 2119 4211 ct

529 4246 822 4310 comitium,
850 4254 902 4300 et
931 4244 974 4299 si
1006 4244 1131 4314 quid
1165 4244 1246 4298 his
1275 4244 1450 4298 vilius.
1485 4244 1664 4302 Virtus
1710 4252 1828 4309 est,
1873 4259 1997 4317 erga
2028 4262 2116 4303 nc-

526 4338 677 4407 gotia
703 4337 859 4405 hujus
886 4336 1007 4389 vitae
1035 4350 1139 4390 non
1168 4337 1338 4406 magis
1362 4335 1522 4402 allici,
1551 4351 1709 4406 quam
1747 4337 1977 4395 cadaver
2001 4339 2118 4395 affi-

530 4427 697 4493 citur,
720 4436 771 4481 et
795 4426 860 4480 ad
883 4441 945 4481 ea
971 4440 1091 4497 qua:
1128 4425 1320 4482 animm
1352 4426 1576 4481 salutem
1629 4427 1949 4487 labefactare
1987 4445 2112 4502 pos-

531 4527 682 4586 sunt,
708 4515 860 4588 quasi
891 4525 1179 4584 mortuum,
1208 4517 1277 4572 ita
1299 4519 1627 4588 Operationis
1656 4530 1928 4590 expertem
1955 4538 2074 4580 esse
2093 4562 2111 4592 ,

540 4609 716 4664 vivere
741 4618 916 4663 autem
946 4617 998 4663 et
1018 4609 1225 4680 operari
1250 4616 1451 4666 tantum
1476 4610 1615 4667 circa
1640 4613 1953 4684 spiritualia,
1977 4616 2117 4675 sicut

526 4709 583 4756 ct
614 4700 809 4756 Paulus
835 4699 1048 4756 dicebat
1078 4717 1090 4754 :
1135 4698 1255 4755 Vivo
1276 4711 1463 4765 autent,
1482 4703 1596 4774 jam
1620 4720 1719 4760 non
1741 4721 1850 4776 ego,
1879 4707 1969 4773 sed
1998 4709 2111 4765 uiuit

523 4795 587 4850 sn
611 4809 689 4848 me
716 4791 941 4848 Christus
966 4794 985 4864 (
1017 4793 1136 4849 Gal.
1160 4792 1213 4848 ε.
1241 4794 1311 4849 eo
1332 4794 1375 4866 ).
1403 4796 1654 4865 Proinde,
1679 4796 2033 4865 dilectissimi,
2059 4809 2109 4858 et

536 4901 634 4942 nos
684 4895 950 4955 tamquam
1001 4885 1270 4941 Christum
1312 4888 1478 4944 induti
1525 4890 1707 4947 omnia
1744 4890 2033 4959 l'aciamus,
2060 4902 2118 4950 et

524 4990 640 5033 non
663 4980 1039 5035 contristamus
1067 4979 1322 5051 Spiritum
1371 4993 1633 5040 sanctum.
1685 4985 1909 5054 Quando
1956 4987 2117 5057 igitur

528 5071 817 5127 turbamur
845 5087 874 5126 a
897 5074 1347 5144 concupiscentia,
1394 5077 1479 5131 vel
1521 5078 1806 5136 affectione
1843 5081 2109 5149 absurda,

535 5167 620 5223 vel
643 5169 738 5234 ira,
770 5168 853 5224 vel
887 5169 1085 5238 furore,
1117 5170 1203 5225 vel
1254 5168 1478 5237 invidia,
1513 5175 1810 5245 cogitemus
1850 5190 1973 5232 eum
2019 5177 2113 5247 qui

532 5258 588 5315 in
614 5259 770 5314 nobis
794 5258 1017 5325 habitat,
1048 5269 1101 5316 et
1124 5262 1663 5334 expellamusprocnl
1700 5282 1917 5323 omnem
1950 5270 2109 5324 talem

530 5350 930 5419 cogitationem.
968 5353 1328 5409 Rcvereamur
1354 5356 1677 5412 eminentem
1709 5357 1803 5413 Dei
1848 5362 2070 5429 gratiam
2091 5402 2110 5429 ,

533 5453 689 5506 quam
722 5440 874 5497 nobis
902 5442 1123 5513 largitus
1148 5454 1249 5508 est,
1271 5455 1326 5501 et
1354 5445 1687 5503 refrenemus
1715 5464 1903 5506 omnes
1931 5454 2112 5509 carnis

530 5528 859 5597 affectiones,
891 5543 966 5600 ut,
996 5550 1118 5591 cum
1157 5537 1395 5609 legitime
1435 5540 1495 5595 in.
1530 5539 1677 5597 brevi
1708 5542 1813 5598 hac
1854 5553 1908 5601 et
1938 5544 2117 5616 fragili

594 5686 611 5720 ι
639 5681 855 5758 βοίδια,
876 5700 943 5739 ea
963 5690 1072 5753 igne
1086 5692 1486 5760 inerstiuguibili,
1518 5715 1623 5766 pro,
1648 5716 1711 5756 ea:
1732 5705 1960 5770 genetiuo:
1982 5708 2108 5777 igne.

2205 397 2312 453 vita
2339 398 2740 465 certaverimus,
2769 411 2999 453 coronas
3043 394 3160 452 illas
3188 396 3410 452 eximias
3437 407 3790 466 assequamur

2203 489 2256 543 in
2284 487 2460 542 futttro
2485 488 2705 556 dieillo,
2734 488 2957 543 terribili
2986 488 3198 558 quidem
3226 486 3614 557 peccatoribus,
3641 487 3786 543 desi-

2203 579 2429 635 derabili
2448 589 2628 635 autem
2680 581 2878 634 virtute
2929 578 3150 645 indutis,
3180 587 3237 634 et
3264 593 3566 633 mercamur
3606 578 3790 633 iueﬂ'a—

2204 670 2330 725 b’lia
2362 670 2449 725 illa
2476 670 2615 727 bona
2636 708 2651 736 ,
2682 671 2851 741 gratia
2902 680 2958 725 et
3004 668 3327 739 benignitate
3370 669 3579 723 Domini
3618 670 3787 724 nostri

2204 764 2332 820 Jesu
2352 763 2572 831 Christi,
2603 779 2725 819 cum
2753 777 2860 834 quo
2885 762 2954 817 sit
2983 763 3195 818 Patriet
3214 760 3433 832 Spiritui
3458 770 3648 816 sancto
3673 761 3791 831 glo-

2206 855 2306 922 ria,
2339 856 2641 926 imperium,
2664 859 2858 923 honor,
2887 871 3028 911 nunc
3057 865 3111 911 et
3129 869 3345 926 semper
3366 895 3384 922 ,
3427 863 3487 910 et
3509 855 3562 910 in
3592 855 3787 911 simul:

2205 948 2549 1004 saeculorum.
2581 949 2774 1004 Amen.
3304 952 3306 955 '

2783 1055 3058 1113 HOMiLiA
3099 1057 3191 1114 IX.

2207 1163 2291 1225 De
2305 1169 2371 1225 iis
2397 1183 2511 1241 qua:
2542 1182 2817 1241 sequuntur
2852 1171 2959 1225 [uec
2999 1169 3167 1238 verba,
3197 1167 3478 1227 Faciamus
3516 1171 3788 1230 hominem

2276 1261 2570 1317 secundum
2604 1261 2887 1333 imaginem
2917 1271 3156 1318 nostram
3191 1280 3206 1317 :
3233 1272 3279 1318 et
3309 1263 3548 1319 adversus
3590 1281 3672 1318 eos
3702 1264 3791 1334 qui

2277 1354 2467 1421 dicunt,
2505 1352 2610 1407 Cur
2630 1355 2799 1409 bestia:
2820 1355 2971 1425 {actm
2995 1365 3133 1422 sunt,
3157 1364 3202 1408 et
3230 1355 3340 1425 quis
3367 1373 3486 1410 usus
3524 1357 3789 1411 creationis

2277 1446 2489 1500 eorum?
2512 1444 2580 1500 Et
2605 1446 2743 1517 quod
2762 1447 2841 1502 vel
2867 1447 2942 1501 sic
2964 1447 3184 1502 maxime
3207 1448 3489 1502 declaretur
3508 1449 3670 1503 honor
3697 1450 3788 1504 Ito-

2277 1537 2403 1591 ηιἰηὶ
2429 1538 2647 1607 habitus,
2674 1548 2826 1611 atque
2860 1538 3131 1606 ine/rabilis
3170 1537 3270 1593 Dei
3297 1558 3416 1612 erga
3442 1541 3610 1610 ipsum
3637 1542 3787 1597 bene-

2277 1628 2512 1682 uolentia.

2279 1742 2333 1798 ί.
2374 1742 3063 1814 Αετίεοιίεέιυάἱοεὶοτεε,
3095 1758 3219 1799 cum
3265 1744 3457 1816 pingue
3485 1745 3714 1803 viderint
3736 1756 3793 1804 et

2118 1858 2121 1861 ι
2208 1833 2529 1907 profundum
2546 1851 2754 1901 arvum,
2777 1836 2994 1906 largiter
3007 1837 3209 1891 semina
3226 1846 3501 1908 spargunt,
3519 1854 3792 1911 magnam-

2208 1941 2312 1996 que
2337 1933 2391 1981 et
2412 1925 2681 1982 assiduam
2707 1927 3030 1998 diligentiam
3057 1928 3390 1994 adhibentes,
3424 1931 3663 2000 quotidie
3698 1947 3792 1989 exc

2210 2016 2440 2086 plorant,
2473 2033 2600 2072 num
2630 2018 2765 2073 forte
2789 2018 2981 2075 alicubi
3004 2019 3094 2087 sit,
3117 2020 3257 2089 quod
3278 2021 3443 2091 segeti
3494 2037 3708 2091 nocere,
3733 2035 3791 2081 et

2210 2104 2446 2163 laborem
2484 2123 2643 2178 quem
2672 2121 3021 2180 susceperunt
3050 2109 3291 2167 inutilem
3339 2114 3507 2183 possit
3546 2114 3784 2171 reddere.

2210 2196 2381 2253 Simili
2408 2198 2569 2253 modo
2589 2207 2643 2254 ct
2673 2214 2770 2254 nos
2790 2200 3063 2271 spirituale
3090 2200 3413 2258 desiderium
3446 2214 3678 2259 vestrum
3699 2246 3714 2270 ,
3737 2213 3792 2262 et

2212 2289 2398 2360 ingens
2422 2290 2667 2347 audiendi
2690 2292 2920 2347 studium
2951 2293 3212 2361 videntes,
3242 2309 3458 2366 operam
3503 2296 3696 2353 damus
3732 2308 3790 2354 ut

2212 2382 2447 2454 quotidie
2471 2384 2762 2445 sententias
2783 2384 3037 2455 quasdam
3063 2385 3257 2440 divina:
3291 2384 3581 2455 Scriptura)
3601 2398 3795 2444 vestrae

2213 2474 2379 2527 menti
2422 2473 2719 2529 inseramus
2740 2515 2755 2542 ,
2784 2460 3041 2545 vobisque
3069 2475 3232 2531 etiam
3263 2475 3560 2531 indicemus
3589 2492 3650 2533 ea
3672 2493 3792 2547 qua:

2212 2562 2470 2633 spirituali
2496 2565 2683 2620 semini
2712 2566 2867 2620 noxia
2898 2579 3015 2622 esse
3041 2575 3285 2634 possunt,
3312 2582 3382 2623 ne
3409 2567 3542 2623 forte
3568 2568 3793 2625 circum-

2212 2657 2516 2723 veniamini,
2548 2674 2681 2714 ncvc
2708 2673 2835 2714 sana
2857 2659 3110 2715 doctrina:
3130 2660 3374 2730 dogmata
3405 2660 3790 2718 labefactentur

2214 2765 2311 2819 per
2357 2752 2707 2821 quorumdam
2753 2764 3023 2818 conatum,
3059 2754 3151 2824 qui
3193 2755 3451 2811 Ecclesia:
3478 2757 3791 2826 placitorum

2214 2838 2330 2895 loco
2357 2840 2615 2897 ratiocinii
2638 2843 2717 2897 sui
2741 2843 2987 2914 figmenta
3010 2844 3261 2903 inducere
3288 2855 3515 2902 tentant.
3546 2846 3793 2905 Vestrum

2216 2942 2394 2988 autem
2418 2932 2601 3000 fuerit,
2625 2934 2865 3006 deposita
2908 2938 3132 3007 posthac
3175 2939 3460 3011 diligenter
3497 2955 3711 2998 servare
3739 2953 3796 2999 at

2217 3023 2367 3079 firma
2416 3028 2671 3087 memoria
2719 3030 3010 3095 custodire,
3064 3043 3121 3087 ut
3163 3031 3368 3089 facilius
3416 3041 3472 3090 et
3522 3037 3795 3105 sequentia

2215 3118 2468 3187 consequi
2505 3118 2742 3190 possitis.
2793 3120 2926 3177 Nam
2983 3122 3086 3178 nisi
3133 3140 3274 3182 nunc
3325 3125 3393 3181 ad
3452 3126 3795 3197 profundiore

2216 3205 2611 3277 Scripturarum
2634 3223 2789 3265 sensa
2819 3226 2919 3266 nos
2943 3211 3402 3281 descenderimus,
3429 3226 3486 3272 et
3514 3234 3609 3273 vos
3642 3234 3787 3273 men-

2216 3306 2324 3353 tem
2347 3309 2574 3355 vestram
2591 3302 2985 3371 coaptavcritis,
3014 3305 3226 3375 quando
3244 3306 3433 3377 jejuuii
3458 3318 3668 3381 tempus
3690 3320 3791 3375 est.

2216 3389 2430 3459 quando
2449 3391 2515 3446 ad
2544 3393 2833 3449 natandum
2854 3396 3091 3452 membra
3120 3407 3301 3454 nostra
3331 3409 3458 3456 sunt
3470 3401 3623 3467 levia,
3649 3418 3800 3457 men-

2217 3480 2288 3535 tis
2310 3489 2487 3537 autem
2513 3484 2696 3552 oculus
2719 3485 2946 3556 acutior,
2959 3496 3143 3559 utpote
3161 3504 3266 3544 non
3290 3491 3803 3549 turbatusdamnoso

2218 3575 2506 3647 voluptatis
2536 3576 2680 3634 ﬂuxu
2705 3596 2721 3645 ;
2750 3580 2972 3650 spiritus
2991 3597 3225 3652 quoque,
3255 3598 3325 3639 ne
3350 3583 3639 3641 suﬂ‘ocetur
3657 3626 3675 3652 ,
3697 3600 3799 3641 ex-

2220 3666 2449 3737 peditior
2507 3686 2521 3724 :
2579 3670 2918 3742 quandonam
2978 3673 3259 3729 commode
3335 3675 3630 3744 poterimus
3685 3676 3801 3731 haec

2219 3758 2433 3815 facere?
2454 3777 2580 3816 num
2601 3762 2815 3832 quando
2834 3762 3069 3830 deliciis,
3115 3774 3173 3820 et
3214 3765 3448 3822 ebrietas
3466 3807 3483 3834 ,
3510 3767 3796 3832 voracitas,

2219 3851 2459 3919 crapula,
2483 3861 2537 3906 et
2562 3853 2665 3909 alia
2705 3869 2824 3927 quae
2864 3855 2988 3913 inde
3016 3868 3307 3913 nascuntur
3346 3859 3484 3915 mala
3528 3859 3797 3930 regnant?

2219 3937 2337 3994 Non
2373 3941 2580 4009 videtis,
2626 3959 2721 4001 eos
2762 3946 2849 4016 qui
2892 3947 2990 4002 hos
3014 3949 3278 4018 pretiosos
3315 3949 3521 4018 lapides
3556 3966 3626 4006 ex
3667 3950 3809 4006 mari

2219 4032 2451 4089 educere
2475 4046 2741 4104 quaerunt,
2773 4053 2880 4093 non
2901 4039 3092 4098 sedere
3125 4040 3274 4111 juxta
3303 4042 3450 4098 littus
3479 4043 3643 4099 maris
3661 4084 3677 4111 ,
3704 4042 3804 4098 ﬂu-

2220 4133 2338 4180 ctus
2367 4136 2741 4194 numerantes;
2765 4129 2860 4185 sed
2880 4131 2934 4186 in
2952 4132 3276 4201 profundum
3306 4148 3372 4190 se
3413 4133 3717 4200 demittere,
3748 4144 3805 4190 et

2221 4226 2279 4271 ut
2297 4217 2365 4271 ita
2391 4217 2587 4288 dicam,
2614 4221 2765 4291 quasi
2786 4222 2838 4277 in
2856 4223 3000 4293 ipsos
3013 4225 3165 4280 sinus
3186 4224 3364 4295 abyssi
3391 4225 3800 4293 descendentes,

2220 4310 2431 4380 assequi
2478 4310 2620 4381 quod
2674 4322 2816 4368 tanta
2869 4329 3033 4383 opera
3079 4317 3403 4389 exquirunt?
3470 4318 3807 4390 Quamquam

2221 4401 2347 4471 quid
2374 4416 2579 4473 magnae
2605 4404 2846 4462 utilitatis
2872 4407 2992 4462 vita:
3021 4407 3144 4463 huic
3167 4409 3409 4465 attulerit
3430 4411 3643 4467 illorum
3672 4412 3800 4480 lapi-

2220 4490 2345 4546 dqu
2369 4493 2643 4549 inventio?
2673 4494 2886 4552 Utinam
2933 4514 3062 4554 vero
3091 4514 3195 4556 non
3244 4500 3475 4572 ingentia
3501 4501 3690 4557 damna
3721 4503 3802 4556 in-

2222 4577 2442 4639 ferrent.
2473 4584 2608 4642 lliuc
2630 4589 2773 4643 enim
2801 4589 3080 4647 innumera
3104 4603 3396 4648 nascuntur
3423 4594 3584 4658 mala,
3617 4606 3683 4647 ex
3712 4591 3799 4647 in-

2221 4690 2353 4732 sano
2378 4691 2569 4747 nempe
2589 4681 2827 4750 pecuniae
2846 4697 3031 4739 amore
3053 4691 3108 4737 et
3131 4699 3197 4739 ex
3220 4683 3371 4741 rabie
3388 4685 3529 4742 circa
3540 4697 3802 4755 gemmas.

2226 4772 2469 4825 Attamen
2502 4771 2626 4827 licet
2676 4784 2819 4829 tanta
2860 4774 2981 4831 inde
3010 4785 3298 4831 nascantur
3332 4777 3469 4832 mala
3494 4785 3550 4832 et
3583 4775 3803 4838 damna,

2222 4865 2369 4920 nullo
2393 4866 2553 4921 modo
2573 4880 2764 4937 segnes
2778 4876 2902 4922 sunt
2928 4869 2963 4922 ii
2981 4868 3071 4939 qui
3089 4868 3193 4924 illis
3208 4878 3419 4936 vacant,
3445 4867 3539 4924 sed
3565 4867 3805 4938 pericula

2221 4958 2420 5015 adeunt
2468 4960 2810 5032 laboremque
2843 4963 3069 5018 multum
3118 4963 3438 5032 suscipiunt,
3474 4971 3531 5019 ut
3561 4964 3809 5018 invenire

2199 5052 2429 5142 possint
2459 5054 2510 5109 id
2532 5054 2671 5124 quod
2695 5067 2958 5125 quierunt.
2984 5056 3042 5111 In
3070 5056 3262 5112 divinis
3286 5064 3464 5111 autem
3485 5055 3802 5126 Scripturis,

2221 5154 2275 5199 et
2301 5145 2353 5199 iu
2380 5145 2748 5216 Spiritualibus
2789 5157 2845 5203 et
2875 5148 3122 5218 pretiosis
3167 5147 3270 5204 illis
3309 5147 3811 5218 lapidibus,'neque

2221 5238 2515 5307 periculum
2547 5240 2804 5308 suspicari
2832 5239 2977 5306 licet,
3007 5254 3181 5310 neque
3195 5241 3394 5296 multus
3408 5239 3679 5302 estlubor,
3709 5238 3813 5293 sed

2220 5329 2424 5384 lucrum
2458 5328 2742 5394 ineli‘abile,
2775 5332 2820 5387 si
2844 5345 2904 5388 ea
2936 5338 3143 5387 tantum
3166 5346 3287 5401 quae
3315 5339 3500 5387 nostra
3527 5338 3654 5386 sunt
3679 5343 3809 5384 cum

2221 5419 2493 5477 alacritate
2520 5420 2824 5477 aderamus.

2295 5513 2471 5569 Gratia
2494 5516 2671 5585 qum-it
2694 5531 2779 5571 cos
2801 5514 2889 5584 qui
2912 5531 2968 5569 se
2985 5515 3263 5585 suscipiant
3282 5530 3304 5581 ;
3324 5515 3485 5570 breuis
3524 5513 3811 5569 exhortatio

2221 5619 2268 5664 et
2293 5609 2627 5679 quorumdam
2663 5625 2728 5664 ea:
2763 5607 2912 5663 dictis
2942 5608 3236 5677 resumptio.
3255 5636 3327 5649 --
3347 5607 3529 5665 Gratia
3577 5616 3660 5661 cst
3714 5620 3811 5674 pa-

2223 5710 2359 5768 rata,
2390 5715 2638 5773 quaerens
2661 5714 2756 5759 eos
2783 5699 2875 5772 qui
2908 5715 2968 5759 se
3006 5716 3131 5758 cum
3167 5701 3445 5758 alacritate
3485 5696 3810 5769 suscipiant.
