4104 6196
326 336 412 395 TI

342 454 514 529 αὑτὴν
533 453 976 525 ὑποδεχομένους.
1003 452 1254 520 Τοιοῦτος
1274 454 1434 529 γάρὸ
1458 456 1733 525 Δεσπότης
1764 457 1791 508 6
1806 455 2005 526 ἡμέτε-

346 562 438 615 ρος
457 560 471 573 ·
500 542 718 597 ἐπειδάν
739 542 822 614 ίδῃ
844 542 1021 614 ψυχὴν
1045 543 1475 616 διεγηγερμένην
1499 547 1592 598 καὶ
1613 544 1775 598 πόθον
1798 543 2005 607 ζέοντα,

341 631 433 684 τὸν
469 632 665 685 οἰκεῖον
700 628 927 684 πλοῦτον
962 631 1102 702 μετὰ
1150 631 1426 701 δαψιλείας
1464 634 1691 703 χορηγεῖ
1747 629 2009 703 ὑπερϐαίη

342 734 500 770 νοντα
532 716 631 787 τὴν
660 718 874 789 αἴτησιν
906 720 971 789 τῇ
1002 717 1177 791 οἰκείᾳ
1203 717 1506 788 φιλοτιμίᾳ.

416 802 672 875 β’.Ταῦτα
687 803 868 859 τοίνυν
885 804 1103 868 εἰδότες,
1122 805 1416 876 ἀγαπητοὶ,
1433 802 1836 875 ἐκκαθάραντες
1853 801 2007 871 ὑμῶν

340 887 713 960 τδνιλογισμὺν
739 890 847 943 ἀπὸ
872 889 981 944 τῶν
1010 890 1277 961 βιωτικῶν
1309 891 1667 962 πραγμάτων,
1721 891 1815 943 καὶ
1843 889 2008 960 εὐρύ-

339 992 528 1038 ναντες
557 975 710 1046 ὑμῶν
745 974 807 1030 τὸ
853 976 1052 1041 πλάτος
1096 978 1193 1048 τῆς
1216 976 1479 1042 διανοίας,
1513 976 1651 1046 μετά
1680 975 1879 1047 πολλῇς
1908 976 2007 1045 τῆς

308 1083 313 1087 έ
343 1063 653 1135 προθυμίας
673 1063 894 1135 δέχεσθε
915 1063 982 1118 τὰ
999 1065 1147 1135 παρὰ
1168 1063 1259 1116 τοῦ
1278 1064 1418 1131 Πνεύ
1426 1080 1591 1134 ματος
1606 1064 2005 1135 χορηγούμενα,

344 1151 432 1204 ἴνα
460 1151 713 1223 καθάπερ
741 1151 810 1222 γῆ
843 1151 1049 1223 λιπαρὰ
1073 1151 1166 1203 καὶ
1191 1150 1411 1220 γόνιμος
1445 1149 1919 1220 πολυπλασιάσητε
1938 1150 2009 1204 τά

342 1239 806 1310 καταϐαλλόμενα,
840 1239 932 1293 καὶ
957 1240 1221 1309 ποιήσητε
1240 1241 1269 1291 ό
1300 1238 1399 1307 μέν
1416 1237 1629 1301 ἐκατὸν,
1660 1239 1688 1290 ὁ
1712 1238 1767 1291 δέ
1789 1238 2008 1308 ἐξήκον-

342 1344 433 1391 τα,
471 1329 500 1381 ό
532 1328 590 1381 δέ
642 1326 948 1398 τριάκοντα.
1025 1324 1321 1380 Ἠκούσατε
1365 1327 1423 1378 ἐν
1458 1328 1576 1388 ταῖς
1610 1324 2008 1397 προλαϐούσαις

341 1413 578 1483 ἡμέραις
607 1414 704 1482 τὴν
732 1413 936 1481 ἄφατον
966 1411 1277 1481 σοᾴανντοῦ
1328 1412 1395 1465 τά
1428 1411 1678 1481 ὁρώμενα
1721 1412 1895 1465 πάντα
1921 1429 2008 1465 τε-

344 1498 706 1569 κτηναμένου,
756 1499 855 1552 καὶ
900 1498 1047 1560 ὅπως
1078 1499 1283 1569 ῥήματι
1334 1497 1493 1567 μόνον
1522 1498 1615 1549 καὶ
1654 1497 1912 1568 θελήματι
1939 1498 2007 1551 τά

343 1585 522 1639 πάντα
552 1587 888 1656 παρήγαγεν.
922 1579 1057 1637 Εἷπε
1079 1583 1207 1654 γὰρ,
1242 1582 1580 1652 Γενηθήτω,
1621 1585 1716 1637 καὶ
1769 1584 2005 1653 ἐγένετο,

343 1671 435 1724 καὶ
465 1669 664 1733 εὐθέως
690 1668 944 1741 παρήχθη
980 1669 1195 1724 ἅπαντα
1227 1670 1294 1724 τά
1322 1672 1576 1739 στοιχεῖα,
1605 1670 1698 1724 καὶ
1725 1670 1924 1741 ἢρκεσε
1946 1670 2008 1722 τὸ

345 1758 495 1828 ῥῆμα
527 1758 661 1828 πρὸς
688 1757 784 1829 τὴν
840 1756 949 1810 τῶν
986 1757 1291 1827 γενομένων
1345 1756 1623 1821 σύστασιν,
1673 1758 1772 1809 οὐκ
1822 1756 2007 1828 ἐπειδὴ

346 1847 499 1917 ῥῆμα
527 1842 594 1917 ἦν
626 1847 832 1910 ἁπλῶς,
864 1846 977 1900 ἀλλ’
1003 1846 1187 1917 ἐπειδὴ
1224 1847 1372 1917 ῥῆμα
1398 1846 1554 1900 Θεοῦ.
1590 1846 1882 1917 Μέμνησθε
1901 1845 2009 1899 τῶν

344 1933 467 1988 τότε
489 1934 815 2004 κινηθέντων
845 1935 975 2005 ἡμῖν
1006 1933 1142 2005 πρὸς
1182 1933 1305 1996 τοὺς
1363 1931 1421 1997 ἐξ
1464 1932 1829 2003 ὑποκειμένης
1877 1932 2009 2000 ῦλης

344 2021 600 2091 λέγοντας
622 2021 688 2074 τά
737 2021 865 2075 ὄντα
890 2020 1236 2091 γεγενῆσθαι,
1268 2021 1360 2074 καὶ
1386 2019 1483 2090 τὴν
1516 2020 1719 2073 οἰκείαν
1743 2019 1807 2090 λη
1818 2019 2010 2091 ρωδίαν

346 2111 770 2182 ἐπεισφέροντας
793 2112 902 2173 τοῖς
926 2110 1023 2180 τῆς
1064 2108 1387 2178 Ἑκκλησίας
1424 2108 1705 2178 δόγμασιν.
1748 2106 2011 2176 Ἐμάθετε

345 2199 491 2262 τίνος
513 2199 695 2251 ἕνεκεν
738 2197 830 2250 τὸν
874 2197 971 2267 μὲν
997 2196 1222 2268 οὐρανὸν
1264 2195 1670 2266 ἀπηρτισμένον
1698 2195 2006 2264 παρήγαγε,

347 2286 445 2356 τὴν
482 2286 536 2339 δὲ
556 2286 659 2356 γῆν
695 2284 1023 2356 άμόρφωτον
1053 2284 1147 2337 καὶ
1177 2283 1569 2337 ἀδιατύπωτον.
1607 2283 1713 2335 Καὶ
1763 2281 1873 2352 γάρ
1917 2281 2011 2335 δύο

349 2373 527 2436 αἰτίας
558 2374 677 2426 τότε
723 2373 1043 2441 εἰρήκαμεν,
1102 2370 1234 2441 μίαν
1266 2370 1382 2441 μὲν,
1424 2371 1510 2423 ἵνα
1560 2371 1617 2422 ἐν
1660 2370 1738 2440 τῷ
1785 2368 2010 2439 βελτίονι

348 2455 600 2526 στοιχείῳ
626 2454 1038 2523 καταμαθόντες
1064 2453 1163 2523 τὴν
1191 2452 1418 2522 δύναμιν
1451 2452 1546 2505 τοῦ
1580 2451 1869 2515 Δεσπότου,
1909 2468 2015 2522 μη-

350 2542 467 2596 κέτι
500 2540 926 2612 ἀμφιϐάλλωμεν
957 2538 1267 2609 νομίζοντες
1308 2538 1375 2591 δι’
1423 2538 1705 2591 ἀσθένειαν
1735 2539 2014 2609 δυνάμεως

349 2628 507 2684 τοῦτο
537 2627 824 2697 γενέσθαι·
886 2626 1076 2698 ἑτέραν
1122 2627 1200 2690 δὲ,
1250 2626 1441 2697 ἐπειδὴ
1493 2625 1650 2696 αὕτηἶ
1684 2628 1779 2679 καὶ
1833 2626 2016 2697 μήτηρ

354 2717 449 2771 καὶ
474 2716 672 2788 τροφὸς
688 2717 819 2786 ἡμῖν
845 2714 1160 2786 γεγένηται,
1185 2714 1278 2768 καὶ
1300 2713 1359 2780 ἐξ
1383 2715 1553 2784 αὐτῆς
1569 2716 1660 2767 καὶ
1683 2713 2013 2784 τρεφόμεθα,

355 2805 449 2857 καὶ
482 2804 699 2858 πάντων
722 2802 830 2855 τῶν
864 2801 1036 2855 ἄλλων
1079 2800 1421 2873 ἀπολαύομεν
1458 2812 1508 2864 ι,
1545 2802 1638 2855 καὶ
1682 2802 1818 2872 πρὸς
1849 2800 2018 2871 αὐτὴν

356 2894 518 2947 πάλιν
559 2892 819 2961 ἐπάνιμεν
844 2909 857 2921 ·
896 2890 1032 2963 αὐτη
1060 2890 1170 2961 γάρ
1199 2893 1332 2962 ἡμῖν
1363 2891 1455 2945 καὶ
1488 2890 1683 2961 πατρὶς
1717 2889 1809 2943 καὶ
1850 2891 2019 2960 τάφος

356 2982 503 3035 ἐστίν
522 2998 534 3011 ·
556 2980 641 3034 ἵνα
659 2979 789 3049 γοῦν
810 2979 884 3050 μὴ
899 2979 960 3033 τὸ
985 2979 1082 3049 τῆς
1103 2978 1287 3050 χρείας
1315 2980 1607 3046 ἀναγκαῖον
1626 2977 2020 3049 παρασκευάσῃ

363 3066 506 3138 μέγα
520 3086 572 3121 τι
593 3068 687 3122 καὶ
710 3068 837 3139 περὶ
866 3065 1035 3136 αὐτῆς
1058 3065 1440 3136 φαντάζεσθαι,
1468 3064 1735 3118 δείκνυσιν
1765 3063 1931 3135 αὐτὴν
1963 3065 2021 3132 ἐξ

357 3156 531 3227 ἀρχῆς
562 3155 884 3228 ἀμόρφωτον
903 3172 917 3185 ·
946 3154 1035 3207 ῖνα
1060 3152 1448 3223 «παιδευώμεθα
1474 3151 1569 3205 καὶ
1600 3151 1665 3206 δι’
1712 3150 1890 3207 αὐτῶν
1914 3150 2022 3206 τῶν

359 3242 722 3314 πραγμάτων,
775 3241 973 3313 μηκέτι
1014 3242 1081 3312 τῇ
1137 3238 1297 3309 φύσει
1325 3240 1423 3308 τῆς
1452 3238 1554 3309 γῆς
1606 3236 1911 3307 λογίζεσθαι
1954 3238 2023 3292 τά

361 3329 737 3401 προειρημένα
762 3330 998 3392 ἀπάντα,
1036 3326 1171 3380 ἀλλά
1194 3328 1261 3397 τῇ
1288 3324 1514 3395 δυνάμει
1556 3324 1650 3378 τοῦ
1682 3323 2025 3396 παραγαγόν-

360 3433 472 3480 τος.
534 3414 797 3487 Ἐμάθετε
832 3414 997 3469 πάλιν
1057 3413 1173 3477 πῶς
1226 3412 1319 3466 τὸν
1355 3410 1632 3484 χωρισμὸν
1682 3410 1789 3464 τῶν
1822 3410 2024 3465 ὑδάτων

362 3503 677 3576 εἰργάσατο,
709 3502 769 3557 τὸ
795 3501 1077 3574 στερέωμα
1102 3499 1257 3554 τοῦτο
1291 3500 1349 3553 τὸ
1377 3499 1652 3570 ὁρώμενον
1680 3497 2026 3570 παραχθῆναι

364 3589 703 3661 προστάξας·
736 3589 905 3643 εἴδετε
942 3588 1011 3642 τά
1042 3588 1154 3654 ζῶα
1176 3588 1244 3641 τά
1273 3586 1507 3659 ἔμψυχα,
1552 3586 1646 3640 καὶ
1672 3588 1736 3639 ἐκ
1764 3586 1871 3640 τῶν
1900 3585 2027 3639 ὑδά-

363 3696 489 3743 των,
525 3678 619 3732 καί
660 3680 725 3732 ἐκ
773 3678 871 3746 τῆς
924 3677 1030 3748 γῆς
1078 3676 1449 3746 ἀναδιδόμενα.
1504 3675 1688 3729 Ταῦτα
1716 3675 1814 3747 οὐχ
1842 3674 2028 3739 ἁπλῶς

365 3765 485 3818 οὐδέ
525 3765 701 3834 μάτην
746 3763 839 3816 νῦν
868 3762 1250 3832 ἀναγκάζομαι
1277 3761 1748 3830 ἐπαναλαμϐάνειν
1781 3762 1877 3815 καὶ
1906 3762 2027 3815 δευ-

366 3852 558 3923 τεροῦν
609 3852 698 3905 ἐπὶ
753 3852 851 3920 τῆς
911 3850 1181 3921 ὑμετέρας
1237 3848 1488 3918 ἀγάπης·
1518 3848 1747 3901 ἀλλ’ἵνα
1791 3849 1901 3911 τοῖς
1932 3847 2030 3918 μὲν

370 3941 663 4010 ἀκηκοόσιν
715 3938 969 4003 ὑπόθεσις
1017 3938 1264 4009 γένηται,
1297 3936 1389 3990 κα)⁵
1441 3936 1844 4009 ἀσφαλέστερον
1890 3938 2030 3992 αὐτὰ

372 4025 740 4081 ἐναποθῶνται
784 4028 849 4097 τῇ
902 4025 1139 4097 διανοίᾳ·
1192 4026 1304 4089 τοῖς
1349 4024 1406 4078 δὲ
1458 4023 1577 4077 τότε
1623 4023 1696 4095 μὴ
1732 4040 2034 4096 παραγενο-

376 4115 557 4185 μένοις
601 4113 842 4186 ἀρκοῦσα
881 4114 1103 4186 γένηται
1159 4116 1193 4184 ἡ
1239 4112 1589 4177 διδασκαλία,
1643 4114 1738 4167 καὶ
1767 4113 2032 4185 μηδεμίαν

373 4205 437 4255 ἐκ
482 4202 575 4255 τοῦ
625 4202 698 4274 μὴ
739 4206 992 4271 παρεῖναι
1046 4202 1074 4242 δ
1127 4200 1328 4273 ζημίαν
1353 4200 1718 4271 ὑπομένωσιν.
1766 4202 1919 4256 Ἐπεὶ
1939 4202 2032 4256 καὶ

372 4290 560 4360 πατὴρ
615 4289 967 4360 φιλόστοργος
1014 4291 1126 4353 τοῖς
1171 4288 1544 4358 ἀπολειφθεῖσι
1577 4289 1731 4342 παισί
1774 4290 1868 4360 τῆς
1897 4306 2032 4361 τρα-

375 4374 551 4445 πέζης
604 4376 671 4428 τά
732 4375 957 4446 λείψανα
1021 4375 1409 4446 διαφυλάττει,
1468 4375 1557 4428 ἵνα
1607 4377 2034 4448 παραγενόμενοι

375 4459 728 4533 παραμυθίαν
776 4462 875 4532 τῆς
928 4462 1191 4526 ἀπουσίας
1246 4461 1445 4535 εὕρωσι
1494 4463 1593 4534 τὴν
1632 4463 1834 4516 τούτων
1875 4463 2055 4534 φυλαί

376 4548 501 4619 κὴν.
554 4548 649 4603 Διά
676 4548 740 4620 δὴ
787 4547 944 4602 τοῦτο
976 4550 1071 4602 καὶ
1121 4550 1279 4620 ἡμεῖς
1314 4549 1529 4604 πάντων
1576 4549 1806 4603 ἐνταῦθα
1839 4551 2039 4606 συνιόν-

376 4635 584 4699 τωνὼς
620 4635 832 4690 οἰκείων
878 4635 1055 4707 μελῶν
1098 4637 1421 4708 κηδόμενοι,
1471 4636 1563 4689 καί
1612 4635 1712 4709 τὴν
1769 4638 2035 4709 ὑμετέραν

378 4714 662 4794 προκοπὴν
717 4722 922 4777 οἰκείαν
970 4723 1315 4796 εὐδοκίμησιν
1365 4723 1637 4792 τιθέμενοι
1668 4763 1683 4787 ,
1736 4724 2035 4795 ἐπιθυμοῦ-

375 4802 482 4882 μεν
502 4809 622 4882 [67]
656 4811 897 4875 ἃπαντας
946 4811 1183 4875 τελείους
1220 4812 1313 4866 καὶ
1343 4809 1780 4881 ἀπηρτισμένους
1821 4810 2034 4865 ἀποδει-

380 4900 575 4970 χθῆναι
600 4902 679 4963 εἰς
704 4898 858 4964 δόξαν
889 4898 1049 4964 Θεοῦ,
1072 4902 1166 4953 καὶ
1186 4901 1265 4964 εἰς
1291 4898 1639 4969 εὐδοκίμησιν
1670 4899 1769 4969 τῆς
1809 4896 2036 4952 Ἐκκλη-

382 4987 503 5050 σίας
529 5028 546 5053 ,
582 4989 678 5042 καί
731 4988 811 5051 εἰς
869 4986 1467 5057 καύχημαὴμέτερον.
1521 4987 1631 5039 Καὶ
1674 4986 1723 5038 εἰ
1777 4984 1852 5057 μὴ
1899 4984 2038 5039 δοκῶ

382 5074 761 5147 παρενοχλεῖν,
801 5074 933 5144 φέρε
984 5072 1051 5125 δι’
1082 5072 1275 5142 ὀλίγων
1305 5074 1398 5126 καὶ
1424 5072 1532 5126 τῶν
1565 5072 1689 5143 χθὲς
1729 5074 1860 5145 ἡμῖν
1890 5074 2040 5144 εἰρη-

383 5161 563 5231 μένων
596 5161 995 5232 ὑπομνήσωμεν
1024 5159 1176 5230 ὑμῶν
1199 5159 1295 5231 τὴν
1328 5158 1569 5229 ἀγάπην.
1601 5158 1782 5213 Εῐδετε
1804 5159 1902 5229 τὴν
1925 5159 2040 5213 6m—

296 5263 307 5274 ο
384 5246 557 5321 φοράν
592 5244 693 5314 τῆς
728 5244 1086 5315 δημιουργίας
1133 5244 1241 5299 τῶν
1293 5245 1629 5315 κτισμάτων,
1662 5244 1755 5299 καὶ
1803 5246 1900 5316 τῆς
1944 5244 2038 5298 τοῦ

384 5328 675 5401 ἀνθρώπου
690 5332 1047 5397 διαπλάσεως·
1088 5333 1358 5405 ἡκούσατε
1385 5334 1516 5404 ὅσης
1538 5335 1701 5406 τιμῆς
1724 5334 1921 5405 ἡξίωσε
1950 5336 2040 5390 τὸν

386 5419 626 5489 ἀρχηγδν
657 5418 749 5472 τοῦ
782 5418 969 5488 γένους
999 5419 1094 5474 τοῦ
1127 5422 1416 5494 ἡμετέρου,
1453 5422 1548 5475 καὶ
1571 5422 1628 5474 ἐν
1657 5422 1793 5493 αὐτῇ
1825 5426 1889 5494 τῇ
1928 5423 2063 5478 δια--

388 5505 582 5560 πλάσει
606 5505 720 5569 πῶς
751 5507 816 5561 δι’
839 5506 1015 5562 αὐτῶν
1044 5508 1150 5562 τῶν
1174 5510 1432 5581 ῥημάτων
1460 5508 1553 5563 καὶ
1580 5508 1676 5579 τῆς
1705 5509 1811 5562 τῶν
1843 5508 2041 5575 λέξεων

387 5593 693 5665 παχύτητος
728 5596 953 5668 ἐνέφηνε
980 5596 1078 5669 τὴν
1108 5597 1271 5668 τιμὴν
1301 5597 1400 5668 τὴν
1421 5599 1511 5661 ,εἰς
1544 5596 1635 5650 τὸν
1664 5597 1919 5667 μέλλοντα
1948 5597 2042 5666 δη-

388 5681 784 5753 μιουργεῖσθαι,
815 5683 1006 5753 λέγων,
1034 5682 1382 5757 Ποιήσωμεν
1402 5684 1713 5755 ἄνθρωπον
1744 5686 1870 5739 κατ’
1900 5686 2043 5738 εἰκόο

446 5847 472 5908 Ρ
496 5844 674 5896 Cnislin
715 5846 902 5894 πάντων
922 5847 1018 5895 τῶν
1039 5847 1224 5908 ἀγαθῶν
1244 5845 1559 5907 ἀπολαύομεν.

452 5907 484 5951 ὃ
513 5908 644 5959 L'uus
663 5909 768 5958 cod.
796 5909 849 5956 ἐκ
864 5914 945 5966 τῆς
965 5909 1238 5969 παρουσίας.

1086 337 1170 396 ‘S.
1194 338 1493 399 'JOANNIS
1527 334 2011 396 CIIRYSOSTOMI
2038 334 2353 394 ARCHIEP.
2379 328 2921 397 CONSTANTINOP.
3680 341 3757 399 7B

2113 472 2191 508 να
2225 454 2537 524 ⁴ἡμετέραν,
2573 455 2673 511 καί
2705 430 2835 508 καθ’
2861 453 3165 522 ὁμοίωσιν.
3199 451 3459 523 Ἐμάθετε
3488 454 3541 507 τί
3561 457 3676 510 ἐστι
3706 456 3795 511 τἹν

2107 533 2245 587 Κατ’
2272 534 2495 597 εἰκόνα,
2547 535 2629 588 δτι
2676 535 2777 586 οὐκ
2829 533 3015 597 οὐσίας
3064 532 3212 585 ἐστὶν
3259 532 3559 597 ἀξία,ιάλλ’
3593 536 3769 609 ἀρχῆς

2107 611 2381 681 ὁμοιότης,
2417 613 2512 665 καὶ
2546 614 2627 665 ὅτι
2669 613 2731 665 οὑ
2772 612 2912 665 κατά
2943 612 3043 681 τὴν
3086 609 3186 679 τῆς
3222 614 3435 682 μορφῆς
3481 614 3666 667 εἰκόνα
3695 613 3770 669 εἰσ

2068 738 2091 757 κ
2110 708 2228 751 πεν,
2257 690 2395 744 ἀλλά
2421 691 2563 745 κατά
2600 692 2692 743 τὸν
2713 692 2810 758 τῆς
2842 693 3016 761 ἀρχῆς
3045 689 3219 757 λόγον·
3249 690 3331 743 διὸ
3365 691 3460 744 καὶ
3496 693 3764 764 ἐπήγαγε·

2107 770 2216 823 Καὶ
2244 769 2591 839 ἀρχέτωσαν
2614 771 2732 825 τῶν
2767 772 2986 838 ἰχθύων
3016 768 3126 837 τῆς
3152 768 3486 839 θαλάσσης,
3520 774 3620 826 καί
3648 771 3771 828 τῶν

2106 846 2395 901 πετεινῶν
2431 848 2538 902 τοῦ
2566 847 2847 916 οὐρανοῦ,
2877 847 2977 900 καί
3007 846 3125 901 τῶν
3152 847 3368 917 θηρίων
3394 848 3493 901 καί
3524 849 3642 904 τῶν
3675 852 3770 921 ἐρ-

2107 923 2303 979 πετῶν
2328 924 2437 993 τῆς
2466 926 2601 995 γῆς.

2177 1011 2249 1071 γ’.
2291 1003 2431 1056 Ἀλλ’
2457 1002 2690 1058 ἐνταῦθα
2712 1003 3028 1073 ἐπιφύονται
3053 1004 3182 1074 ἡμῖν
3213 1003 3471 1076 Ἕλληνες
3495 1005 3765 1075 λέγοντες,

2107 1083 2188 1135 ὅτι
2218 1083 2317 1135 οὐκ
2345 1082 2549 1154 ἀληθὴς
2568 1083 2596 1134 6
2619 1081 2774 1150 λόγος
2803 1082 3133 1152 εὑρίσκεται·
3161 1080 3221 1134 οὐ
3252 1083 3360 1155 γὰρ
3388 1083 3625 1154 ἄρχομεν
3651 1086 3771 1140 τῶν

2109 1161 2331 1232 θηρίων,
2355 1160 2603 1232 καθάπερ
2631 1161 2916 1230 ὑπέσχετο,
2950 1158 3065 1213 ἀλλ’
3093 1160 3231 1214 αὐτὰ
3256 1161 3412 1231 ἡμῶν
3441 1162 3619 1233 ἄρχει.
3646 1163 3773 1218 Μά-

2107 1240 2264 1293 λιστα
2310 1239 2411 1310 μὲν
2448 1235 2540 1293 οὖν
2571 1240 2690 1293 οὐδὲ
2736 1236 2887 1292 τοῦτο
2928 1238 3144 1310 ἀληθές.
3184 1240 3353 1293 Ἔνθα
3383 1238 3491 1312 γάρ
3524 1240 3592 1294 ἂν
3624 1244 3768 1314 φανῇ

2107 1319 2412 1389 ἄνθρωπος,
2445 1319 2648 1381 εὐθέως
2676 1318 3033 1386 φυγαδεύεται
3070 1318 3140 1372 τά
3169 1318 3354 1390 θηρία.
3392 1319 3454 1372 Εἰ
3485 1317 3542 1371 δέ
3579 1335 3708 1372 ποτε
3731 1322 3767 1391 ἢ

2107 1398 2265 1469 λιμοῦ
2290 1400 2814 1469 καταναγκάζοντος,
2835 1399 2869 1469 ἢ
2894 1399 3048 1469 ἡμῶν
3068 1400 3251 1464 αὐτοῖς
3274 1400 3534 1453 ἐπιόντων
3553 1399 3652 1470 τὴν
3672 1401 3770 1454 ἀπ’

2106 1479 2286 1533 αὐτῶν
2319 1480 2525 1551 βλάϐην
2551 1479 2848 1551 δεξώμεθα,
2876 1479 3035 1533 τοῦτο
3056 1479 3241 1533 λοιπὸν
3269 1481 3330 1534 οὐ
3362 1480 3512 1551 παρά
3543 1480 3606 1533 τὸ
3627 1482 3772 1534 ἐκεῖ-

2106 1576 2172 1611 να
2195 1559 2352 1629 ἡμῶν
2376 1562 2563 1630 ἄρχειν
2580 1560 2810 1628 γίνεται,
2837 1558 2971 1612 ἀλλά
2993 1558 3143 1629 παρά
3163 1559 3263 1631 τὴν
3278 1562 3551 1631 ἡμετέραν
3566 1559 3769 1617 αἰτίαν.

2120 1636 2274 1689 Ἐπεὶ
2298 1637 2392 1691 καὶ
2418 1638 2631 1709 λῃστῶν
2661 1639 2791 1709 ἡμῖν
2825 1638 3106 1700 ἐπιόντων,
3136 1640 3185 1690 εἰ
3217 1637 3294 1709 μὴ
3325 1638 3768 1710 ρᾳθυμήσαιμεν,

2108 1714 2222 1768 ἀλλ’
2266 1714 2640 1787 όπλιζοίμεθα,
2691 1716 2753 1769 οὐ
2797 1716 2895 1785 τῆς
2947 1716 3173 1769 ἐκείνων
3210 1717 3383 1786 ἀρχῆς
3430 1717 3492 1770 τὸ
3538 1718 3772 1790 πρᾶγμά

2109 1796 2274 1858 ἐστιν,
2309 1795 2444 1848 ἀλλά
2479 1795 2578 1864 τῆς
2609 1794 2814 1858 οἰκείας
2851 1794 3174 1864 σωτηρίαςὴ
3203 1795 3447 1864 πρόνοια.
3492 1796 3764 1851 Ἀκούσω·

2110 1890 2209 1944 μεν
2228 1873 2282 1926 δὲ
2298 1874 2431 1936 τέως
2452 1873 2566 1926 τῶν
2595 1865 2918 1944 εἰρημένων.
2944 1872 3313 1941 Ποιήσωμεν,
3338 1873 3522 1943 φησὶν,
3551 1874 3774 1943 ἅνθρω-

2109 1969 2227 2005 πον
2246 1953 2370 2005 κατ’
2399 1953 2599 2028 εἰκόνα
2619 1952 2930 2028 ἡμετέραν,
2956 1950 3055 2005 καὶ
3085 1951 3213 2028 καθ’
3234 1953 3543 2021 ὁμοίωσιν,
3561 1954 3771 2028 ’Ὠσπερ

2112 2032 2331 2085 Εἰκόνα
2373 2024 2494 2082 εἷπε
2531 2029 2629 2099 την
2668 2027 2767 2098 τῆς
2809 2028 2984 2098 ἀρχῆς
3030 2027 3204 2099 δηλῶν
3242 2033 3445 2097 εἰκόνα,
3490 2030 3631 2084 οὑτω
3675 2024 3772 2086 καὶ

2121 2109 2457 2177 Ὁμοίωσιν,
2490 2108 2645 2162 ῶστε
2695 2106 2836 2161 κατά
2880 2107 3109 2178 δύναμιν
3157 2108 3500 2180 ἀνθρωπίνην
3555 2110 3773 2181 ὁμοίους

2111 2189 2258 2258 ἡμᾶς
2289 2186 2532 2255 γίνεσθαι
2573 2198 2595 2226 ε
2620 2185 2780 2256 θεῷ,
2816 2187 2953 2239 κατὰ
2980 2187 3042 2240 τὸ
3062 2188 3269 2259 ἥμερον
3300 2188 3440 2255 λέγω
3476 2190 3570 2243 καὶ
3600 2192 3773 2262 πρᾷον

2110 2264 2483 2337 ἐξομοιοῦσθαι
2507 2263 2676 2336 αὐτῷ,
2694 2266 2794 2319 «καί
2818 2264 2960 2318 κατὰ
2990 2265 3081 2320 τὸν
3096 2269 3196 2337 τῆς
3219 2268 3424 2337 ἀρετῆς
3452 2268 3629 2336 λόγον,
3658 2267 3772 2322 ῶσ-

2111 2360 2217 2416 περ
2250 2347 2343 2400 καὶ
2374 2348 2403 2400 ὁ
2432 2346 2663 2417 Χριστός
2692 2362 2846 2415 φησι,
2880 2347 3136 2400 Γίνεσθε
3168 2346 3356 2417 ὅμοιοι
3396 2349 3503 2403 τοῦ
3542 2350 3774 2417 Πατρός

2111 2425 2276 2494 ὑμῶν
2297 2425 2404 2479 τοῦ
2425 2425 2494 2477 ὲν
2522 2423 2647 2489 τοῖς
2669 2423 2966 2492 οὐρανοῖς.
2999 2425 3207 2497 ’Ὠσπερ
3239 2426 3348 2498 γάρ
3375 2427 3434 2480 ἐν
3454 2429 3517 2498 τῇ
3543 2427 3775 2500 πλατείᾳ

2111 2504 2281 2574 ταύτῃ
2310 2505 2381 2572 γῇ
2410 2502 2504 2555 καὶ
2532 2501 2830 2573 εὐρυχώρῳ
2856 2502 2963 2556 τῶν
2989 2502 3141 2567 ζώων
3166 2504 3236 2558 τὰ
3270 2506 3369 2577 μέν
3390 2506 3776 2578 ἐστιν-ἡμερώ-

2112 2599 2267 2654 τερα,
2297 2580 2366 2634 τὰ
2394 2580 2450 2634 δὲ
2477 2580 2902 2653 θηριωδέστερα,
2938 2581 3078 2635 οὑτω
3112 2583 3206 2637 καί
3239 2585 3296 2638 ἐν
3333 2585 3409 2656 τῷ
3452 2586 3642 2641 πλάτει
3674 2590 3774 2660 τῆς

2112 2661 2290 2733 ψυχῆς
2316 2662 2412 2733 τῆς
2443 2663 2714 2732 ἡμετέρας
2746 2660 2855 2715 τῶν
2882 2661 3156 2733 λογισμῶν
3186 2664 3235 2717 οί
3265 2664 3370 2735 μέν
3409 2667 3545 2721 εἰσιν
3570 2666 3774 2736 ἀλογώ-

2114 2758 2261 2813 τεροι
2299 2740 2393 2793 καί
2422 2738 2732 2810 κτηνώᾰιις,
2763 2740 2812 2792 οἰ
2852 2739 2908 2793 δὲ
2939 2740 3353 2815 θηριωδέστεροι
3384 2744 3478 2797 καὶ
3509 2744 3773 2815 ἀγριώτε-

2118 2837 2221 2893 ροι.
2262 2822 2354 2873 Δεῖ
2382 2819 2558 2872 τοίνυν
2589 2822 2809 2891 κρατεῖν
2840 2818 2934 2872 καὶ
2966 2819 3356 2890 περιγίνεσθαι,
3389 2823 3481 2876 καὶ
3525 2823 3603 2894 τῷ
3631 2823 3775 2894 λογι-

2119 2900 2241 2971 σμῷ
2280 2900 2381 2970 τὴν
2417 2899 2591 2971 ἀρχὴν
2623 2898 2828 2953 τούτων
2867 2899 3236 2969 παραδιδόναι.
3287 2901 3396 2954 Καὶ
3437 2901 3552 2965 πῶς
3588 2902 3653 2957 ἀν
3691 2920 3776 2969 τις

2118 2978 2474 3052 περιγένοιτο,
2509 2980 2659 3050 φησὶ,
2697 2978 2958 3050 λογισμοῦ
2991 2979 3313 3051 θηριώδουςς
3348 2979 3411 3034 Τί
3443 2981 3641 3050 λέγεις,
3677 2983 3775 3037 ἀν-

2119 3060 2332 3132 θρωπε;
2368 3060 2610 3114 Λεόντων
2657 3060 3070 3132 περιγινόμεθα,
3116 3062 3210 3115 καί
3245 3062 3344 3125 τάς
3388 3061 3563 3133 ψυχάς
3600 3062 3777 3117 αὐτῶν

2118 3138 2450 3210 ἡμεροῦμεν,
2509 3138 2604 3191 καὶ
2651 3138 3010 3208 ἀμφιϐάλλεις
3069 3141 3118 3192 εἰ
3168 3141 3429 3211 λογισμοῦ
3485 3142 3778 3214 θηριωδίαν

2120 3219 2255 3290 πρὸς
2285 3218 2599 3291 ἡμερότητα
2628 3218 2949 3289 μεταϐαλεῖν
2973 3218 3174 3291 δυνήσῃ
3195 3219 3255 3286 ά;
3295 3221 3487 3274 Καίτοι
3507 3221 3583 3293 τῷ
3606 3221 3779 3294 θηρίῳ

2124 3298 2223 3369 μὲν
2253 3298 2392 3352 κατά
2424 3296 2585 3367 φύσιν
2628 3297 2888 3369 πρόσεστι
2916 3298 2978 3353 τὸ
3005 3298 3216 3370 ἀγριον,
3262 3300 3413 3371 παρὰ
3443 3301 3603 3370 φύσιν
3636 3303 3692 3355 δὲ
3717 3303 3780 3357 τὸ

2120 3378 2345 3449 ἥμερον·
2389 3377 2470 3429 σοὶ
2499 3377 2556 3430 δέ
2589 3376 2651 3430 τὸ
2678 3377 2939 3441 ἐναντίον,
2986 3378 3127 3433 κατά
3155 3377 3317 3448 φύσιν
3355 3380 3452 3450 μὲν
3489 3380 3550 3435 τὸ
3574 3381 3781 3453 ἡμερον

2123 3455 2271 3528 παρὰ
2299 3454 2459 3522 φύσιν
2479 3455 2536 3509 δὲ
2552 3455 2614 3508 τὸ
2635 3455 2825 3526 άγριον
2852 3457 2943 3509 καὶ
2963 3456 3241 3529 θηριῶδες.
3280 3457 3341 3512 '0
3360 3459 3537 3513 τοίνυν
3555 3460 3616 3514 τὸ
3639 3461 3780 3516 κατά

2124 3535 2284 3606 φύσιν
2314 3532 2580 3603 ἐκϐαλὼν,
2615 3535 2711 3587 καὶ
2739 3534 2800 3590 τὸ
2823 3534 2973 3606 παρά
2990 3536 3156 3604 φύσιν
3182 3536 3356 3600 ἐνθεὶς
3379 3541 3443 3609 τῇ
3474 3538 3566 3593 τοῦ
3592 3538 3779 3611 θηρίου

2122 3615 2290 3686 ψυχῇ,
2324 3613 2383 3667 τὸ
2409 3613 2551 3668 κατά
2576 3613 2737 3684 φύσιν
2766 3615 2927 3679 αὐτὸς
2954 3615 3014 3668 οὑ
3043 3615 3270 3669 δύνασαι
3300 3615 3661 3689 διατηρῆσαι;
3687 3620 3781 3674 καὶ

2125 3693 2297 3764 πόσης
2316 3692 2416 3746 οὐκ
2442 3691 2507 3746 ἂν
2529 3693 2613 3764 εἴη
2643 3691 2801 3746 τοῦτο
2824 3693 3215 3761 καταγνώσεως
3238 3711 3252 3761 ;
3284 3694 3394 3747 Καὶ
3422 3695 3484 3748 τὸ
3506 3694 3569 3767 δὴ
3592 3697 3780 3751 τούτου

2125 3769 2562 3842 θαυμαστότερον
2596 3771 2690 3825 καὶ
2725 3782 2748 3810 ο
2784 3771 3231 3842 παραδοξότερον,
3278 3773 3371 3826 ἐπὶ
3403 3774 3502 3845 μὲν
3539 3774 3645 3845 τῆς
3675 3775 3782 3830 τῶν

2124 3849 2352 3903 λεόντων
2392 3849 2606 3918 φύσεως
2644 3850 2737 3904 καὶ
2770 3850 2929 3921 ἐτέρα
2968 3850 3223 3905 δυσκολία
3263 3851 3399 3923 μετά
3433 3850 3547 3926 [68]
3580 3853 3782 3924 ταύτης

2126 3927 2262 3982 ἐστί·
2292 3927 2564 3997 λογισμῶν
2601 3928 2711 4000 γάρ
2748 3930 2895 3982 ἐστιν
2922 3928 3129 4000 ἔρημον
3158 3929 3220 3984 τὸ
3245 3930 3450 4001 θηρίον,
3494 3930 3605 3986 ἀλλ’
3632 3932 3783 4003 ὅμως

2126 4006 2342 4079 ὁρῶμεν
2372 4005 2629 4083 πολλάκις
2660 4006 2880 4069 λέοντας
2912 4008 3152 4078 ἡμέρους
3182 4008 3271 4062 διὰ
3295 4010 3393 4081 τῆς
3421 4011 3626 4083 ἀγοράς
3652 4012 3783 4080 ἀγο-

2132 4085 2344 4158 μένους·
2368 4082 2552 4163 πολλοὶ
2575 4085 2634 4139 δέ
2658 4083 2752 4139 καὶ
2778 4085 2888 4139 τῶν
2921 4086 3013 4140 ἐπὶ
3033 4087 3142 4142 τῶν
3162 4082 3537 4163 ἐργαστηρίων
3574 4089 3668 4143 καὶ
3694 4090 3783 4160 άρ·

2128 4166 2316 4237 γύριον
2366 4162 2623 4227 πολλάκις
2669 4163 2964 4219 κατέϐαλον
3005 4165 3083 4236 τῷ
3127 4162 3408 4238 κατέχοντι
3450 4168 3641 4239 μισθόν
3665 4184 3783 4221 τινα

2128 4243 2229 4315 τῆς
2256 4242 2449 4314 τέχνης
2482 4244 2576 4296 καὶ
2606 4243 2704 4314 τῆς
2736 4243 2945 4312 σοφίας,
2976 4244 3044 4298 δι’
3066 4240 3134 4317 ἧς
3163 4245 3224 4299 τὸ
3260 4246 3446 4317 θηρίον
3477 4246 3780 4317 ἡμέρωσεν⁹

2130 4324 2221 4376 ἐπὶ¹
2254 4322 2310 4374 δέ
2342 4324 2440 4393 τῆς
2472 4322 2573 4391 σῆς
2599 4320 2777 4394 ψυχῆς
2808 4324 2903 4377 καὶ
2939 4323 3197 4395 λογισμός
3229 4328 3365 4391 ἐστι,
3408 4326 3500 4378 καί
3529 4323 3662 4378 Θεοῦ
3694 4322 3786 4392 96-

2130 4401 2241 4464 60;,
2286 4400 2381 4453 καὶ
2418 4398 2587 4471 πολλὴ
2622 4399 2948 4471 πολλαχόθεν
2982 4403 3014 4472 ἡ
3048 4401 3291 4475 βοήθεια·
3325 4403 3401 4474 μή
3436 4402 3614 4455 τοίνυν
3654 4400 3786 4470 σκή-

2130 4479 2252 4548 ψεις
2311 4479 2579 4548 λέγεκαὶ
2635 4482 2956 4551 προφάσεις.
3005 4484 3239 4536 Δυνατδν
3294 4482 3422 4553 γάρ,
3479 4480 3572 4533 ἐάν
3627 4479 3785 4550 θέλῃς

2128 4560 2333 4630 ¹ἡμέρας
2382 4555 2520 4613 εἶναι
2574 4559 2671 4613 καὶ
2727 4560 2900 4631 πρᾷος
2949 4561 3045 4615 καὶ
3100 4562 3365 4632 ἐπιεικής.
3411 4557 3781 4625 Ποιήσωμεν,

2132 4639 2315 4708 φησιν,
2372 4638 2685 4708 ἄνθρωπον
2727 4638 2856 4693 κατ’
2906 4641 3111 4694 εἰκόνα
3159 4638 3470 4710 ἡμετέραν,
3514 4633 3613 4688 καί
3657 4636 3785 4688 καθ’

2119 4720 2433 4789 ιόμοίωσιν.
2622 4750 2625 4755 ι

2199 4796 2261 4850 δ’.
2294 4796 2429 4850 Ἀλλ’
2462 4798 2556 4850 ἐπὶ
2576 4798 2638 4852 τὸ
2666 4798 3020 4871 προκείμενον
3041 4795 3260 4869 ζήτημα
3277 4795 3436 4851 πάλιν
3457 4794 3785 4865 ἐπανίωμεν.

2133 4876 2413 4930 Δείκνυται
2442 4877 2552 4949 γάρ
2579 4879 2644 4932 ἐκ
2670 4879 2779 4933 τῶν
2805 4879 3127 4951 εἰρημένων,
3156 4878 3240 4930 ὅτι
3272 4876 3331 4941 ἐξ
3373 4876 3547 4947 ἀρχῆς
3587 4874 3683 4928 καὶ
3724 4875 3787 4928 ἐκ

2137 4954 2435 5027 προοιμίων
2485 4957 2898 5030 ἀπηρτισμένην
2944 4952 3057 5028 εἶχε
3099 4956 3196 5024 τὴν
3243 4954 3416 5027 ἀρχὴν
3445 4957 3475 5008 ὁ
3508 4953 3785 5030 ἄνθρωπος

2135 5034 2231 5105 τὴν
2275 5033 2418 5088 κατά
2451 5034 2560 5088 τῶν
2608 5028 3245 5107 θηρίωνζἊρχέτωσαν
3285 5033 3413 5106 γάρ,
3469 5034 3621 5104 φησὶ,
3673 5028 3787 5084 τῶν

2139 5113 2357 5183 ἰχθύων
2386 5112 2498 5183 τῆς
2529 5115 2867 5183 θαλάσσης,
2890 5114 2986 5167 καί
3011 5112 3130 5167 τῶν
3161 5113 3446 5168 πετεινῶν
3476 5111 3585 5165 τοῦ
3621 5111 3788 5177 οὐρα-

2135 5193 2269 5255 νοῦ,
2292 5191 2391 5247 καί
2421 5191 2538 5247 τῶν
2565 5194 2786 5262 θηρίων
2812 5191 2909 5246 καί
2936 5192 3053 5247 τῶν
3076 5193 3337 5262 ἑρπετῶν
3365 5190 3476 5259 τῆς
3509 5188 3639 5261 γῆς.
3672 5188 3787 5240 Ὀτι

2135 5271 2192 5325 δὲ
2226 5271 2321 5326 νῦν
2353 5272 2373 5310 ί
2412 5271 2719 5342 φοϐούμεθα
2756 5273 2824 5327 τά
2863 5271 3049 5344 θηρία,
3078 5274 3171 5326 καὶ
3207 5272 3540 5343 δεδοίκαμεν.
3570 5269 3662 5323 καὶ
3695 5265 3787 5333 τῆς

2138 5352 2311 5424 ἀρχῆς
2336 5352 2789 5423 ἐκπεπτώκαμεν,
2812 5351 2931 5405 οὐδέ
2955 5352 3115 5415 αὐτὸς
3141 5352 3425 5420 ἀντιλέγω·
3454 5350 3564 5404 ἀλλ’
3587 5348 3645 5402 οὐ
3672 5344 3790 5398 τοῦ-

2201 5474 2997 5542 ῗΑιῐίγίγεΜινιιίίγενέεθειο,
3190 5536 3204 5542 -
3395 5537 3404 5542 .
3481 5534 3492 5542 .
3618 5530 3629 5542 .

2200 5536 2227 5575 ἀ
2254 5539 2351 5586 Alii
2377 5532 2431 5585 οὐ
2456 5532 2652 5598 amab-0,
2692 5532 2771 5585 νει
2837 5538 2867 5594 ἠ
2892 5536 3087 5600 δυνήσῃ,
3119 5536 3206 5585 sed
3239 5537 3440 5599 negatio
3478 5534 3585 5583 haec
3616 5532 3794 5581 inuliiis

2156 5598 2354 5645 ridetur.
2383 5598 2533 5645 Paulo
2551 5603 2659 5645 nost
2688 5554 2837 5645 Coist
2861 5597 3022 5645 ἄγριον
3053 5599 3132 5645 καί
3151 5599 3373 5645 θηριῶδες
3395 5596 3580 5645 παρὰ...
3604 5594 3660 5641 τὸ
3682 5595 3794 5645 ἢμε-

2141 5598 2354 5661 νὶάοιιιγτ.
2383 5598 2533 5647 Paulo
2551 5595 2837 5661 pq'sti‘Coisl.
2861 5597 3022 5659 ἄγριον
3047 5595 3132 5645 ’καί
3151 5595 3580 5661 θηριῶδεςπαράτ.
3604 5595 3660 5641 τὸ
3682 5595 3794 5661 ἦμες

2169 5676 2221 5707 ον
2241 5660 2321 5723 καὶ
2334 5664 2500 5722 πρᾷον.
2529 5655 2835 5723 ioileidem
2867 5655 3039 5723 qil'iueﬁ
3060 5660 3190 5723 παρά
3209 5655 3348 5723 φύσιν
3366 5660 3425 5706 δέ
3451 5655 3507 5705 τὸ
3522 5656 3695 5723 -ᾶγριον
3714 5655 3795 5723 καὶ

2169 5677 2221 5707 ον
2241 5677 2321 5706 και
2334 5677 2500 5722 πρᾳον.
2529 5677 2625 5706 ωι.
2652 5677 2835 5709 ιυιαθω
2867 5677 3039 5708 omnes
3060 5677 3190 5723 παρα
3209 5677 3348 5715 φυσιν
3366 5677 3425 5706 OE
3451 5677 3507 5705 το
3531 5677 3694 5718 αγριυν
3717 5677 3795 5701 και

2141 5677 2382 5781 θηριῶδες,
2402 5725 2582 5780 preter
2608 5719 2778 5768 Morel.
2807 5718 2889 5783 qui
2935 5719 3084 5769 habet
3124 5721 3179 5767 τὸ
3206 5721 3436 5782 ἀνήμερον
3457 5719 3537 5765 καὶ
3561 5718 3795 5779 θηριῶδες.

2220 5784 2242 5842 'f
2273 5778 2321 5826 In
2351 5781 2461 5829 Sav.
2488 5787 2540 5829 et
2563 5785 2610 5830 in
2632 5781 2800 5831 multis
2817 5794 2933 5830 mss.
2956 5780 3076 5837 haec,
3102 5781 3474 5842 θαυμαστότερον
3494 5778 3792 5842 καὶ,,,‹1ςειιιιιι.

2214 5838 2240 5951 ζ
2267 5842 2349 5909 Sic
2369 5843 2513 5893 multi
2539 5857 2652 5894 mss.
2682 5848 2748 5894 Al.
2768 5844 2894 5899 Rea.
2920 5848 2973 5891 el
3004 5838 3207 5894 Coiinan
3226 5841 3281 5888 τὸ
3302 5840 3357 5897 δὴ
3382 5838 3481 5888 νῦν.
3504 5839 3604 5889 Alii
3639 5839 3728 5900 ὅτι,
3748 5840 3795 5890 δὲ

2214 5940 2215 5947 η
2252 5918 2347 5951 νυν.

2152 5918 2231 5951 και
2252 5918 2347 5951 νυν.
