4104 6196
461 355 531 410 ’17
1632 344 1701 400 ΙΝ
1737 343 1871 401 CAP
1908 340 1950 399 l.
1990 338 2033 399 ϐ

2136 338 2235 398 ES.
2279 342 2505 401 ilOMlL.
2549 343 2637 399 ιχ.
3675 349 3746 405 78

461 465 539 525 Ita
566 464 712 522 enim
754 476 816 520 se
859 461 1022 519 habet
1049 460 1307 517 Dominus
1342 468 1526 537 noster
1557 474 1570 512 :
1600 457 1646 513 si
1688 455 1883 512 viderit
1926 455 2046 510 ani—

456 575 604 618 mam
630 558 846 630 vigilem
868 597 885 623 ,
918 565 975 611 et
1019 553 1345 610 desiderium
1388 552 1631 617 fervens,
1660 559 1715 606 et
1758 550 1871 619 ipse
1925 561 2052 603 suas

418 636 421 639 ’
457 650 673 706 divitias
701 647 939 720 largiter,
960 645 1102 700 ultra
1128 644 1288 700 etiam
1310 657 1468 713 quam
1494 642 1716 713 petitum
1745 640 1834 707 sit,
1856 652 2051 709 suppe-

454 743 591 800 ditat
609 756 711 815 pro
738 755 835 796 sua
856 737 1267 808 magniﬁcentia.

526 832 584 888 2.
625 831 753 886 Haec
778 830 939 901 igitur
963 843 1085 883 cum
1105 827 1359 893 sciamus,
1383 824 1732 888 dilectissimi,
1754 822 2049 894 purificatis

455 921 868 994 cogitationibus
890 921 1083 975 vestris
1102 934 1132 973 a
1157 917 1503 974 saecularibus
1530 916 1774 987 negotiis,
1788 924 1847 971 et
1866 923 2048 984 aperta

456 1012 652 1067 mentis
677 1019 871 1072 vestrae
893 1008 1201 1075 latitudine,
1246 1022 1436 1078 magna
1482 1007 1757 1062 alacritate
1789 1005 2047 1076 suscipite

453 1118 573 1175 qua:
618 1117 648 1157 a
683 1102 892 1173 Spiritu
944 1110 1131 1156 sancto
1168 1100 1595 1169 suppeditantur,
1628 1108 1688 1154 ut
1723 1099 1863 1153 sicut
1905 1107 2048 1153 terra

452 1196 668 1268 pinguis
707 1203 764 1250 et
791 1192 941 1250 ferax
984 1192 1350 1263 multiplicelis
1389 1191 1695 1247 concredita
1726 1191 1928 1246 semina
1950 1231 1965 1254 ,
1993 1196 2049 1244 et

455 1288 662 1344 faciatis
709 1287 973 1355 fructum,
1013 1286 1149 1342 alius
1201 1284 1416 1356 quidem
1470 1283 1820 1339 centesimum
1847 1324 1860 1347 ,
1909 1281 2047 1337 alius

456 1382 851 1453 sexagesimum
877 1420 893 1447 ,
925 1379 1061 1434 alius
1104 1378 1462 1450 trigesimum.
1511 1377 1751 1432 Audistis
1805 1375 2047 1444 superio-

455 1473 606 1527 ribus
630 1470 818 1526 diebus
846 1469 1169 1525 ineffabilem
1195 1468 1513 1539 sapientiam
1542 1467 1658 1538 ejus
1699 1467 1789 1537 qui
1815 1464 2045 1521 visibiiia

453 1564 572 1620 haec
619 1565 797 1618 omnia
850 1561 1122 1628 condidit,
1153 1569 1209 1617 ct
1259 1559 1530 1632 quomodo
1568 1560 1734 1615 verbo
1779 1558 1951 1614 solum
1990 1565 2046 1612 et

453 1656 648 1726 placito
685 1657 866 1710 omnia
900 1653 1169 1725 produxit.
1197 1652 1347 1708 Dixit
1368 1653 1542 1718 enim,
1575 1650 1692 1706 Fiat
1715 1667 1734 1706 :
1764 1658 1819 1706 et
1842 1648 2041 1704 factum

442 1756 553 1814 est,
582 1748 868 1818 statimque
915 1746 1170 1818 producta
1218 1753 1345 1802 sunt
1399 1746 1578 1801 omnia
1615 1755 1712 1801 :et
1757 1744 1888 1799 satis
1941 1743 2043 1798 fuit

447 1841 669 1897 verbum
696 1842 767 1896 ad
785 1855 847 1897 ea
875 1856 995 1910 quae.
1025 1838 1167 1896 facta
1191 1849 1317 1895 sunt
1343 1837 1749 1903 constituenda;
1775 1852 1882 1892 non
1904 1851 2040 1906 quo-

448 1933 592 1987 niam
621 1931 941 2001 simpliciter
965 1940 1081 1986 erat
1107 1931 1331 1986 verbum
1354 1972 1370 1997 ,
1402 1930 1499 1985 sed
1527 1930 1649 1999 quia
1673 1928 1894 1984 verbum
1921 1926 2037 1981 Dei.

450 2021 768 2077 Meministis
796 2036 983 2076 eorum
1009 2035 1129 2091 qua:
1152 2028 1279 2075 tunc
1303 2035 1333 2073 a
1360 2020 1518 2075 nobis
1536 2020 1888 2074 movebantur
1913 2032 2040 2072 con-

448 2123 531 2167 tra
556 2126 653 2165 eos
690 2111 783 2180 qui
800 2127 873 2167 ex
922 2111 1159 2179 subjecta
1188 2109 1407 2164 materia
1436 2125 1523 2164 res
1552 2107 1719 2163 factas
1760 2122 1881 2163 esse
1912 2122 2042 2161 con-

450 2201 696 2266 tendunt,
723 2209 781 2257 et
826 2201 881 2255 in
918 2200 1285 2256 ecclesiastica
1333 2200 1468 2254 scita
1507 2198 1670 2254 etiam
1715 2211 1813 2252 sua
1853 2196 2041 2251 deliria

452 2293 648 2348 inferre
680 2309 791 2347 non
832 2300 1106 2348 verentur.
1136 2290 1408 2348 Didicistis
1444 2291 1601 2361 cujus
1639 2291 1808 2362 gratia
1851 2289 2039 2344 ctelum

448 2388 660 2459 quidem
692 2387 1007 2458 perfectum,
1031 2395 1230 2442 terram
1257 2392 1435 2442 autent
1457 2384 1740 2440 informem
1769 2380 2039 2454 produxe-

446 2479 539 2534 rit.
570 2479 710 2533 Duas
760 2478 902 2533 cnim
950 2487 1076 2532 tunc
1118 2491 1310 2532 causas
1339 2476 1610 2531 diximus:
1638 2488 1838 2541 unam,
1869 2483 1930 2530 ut
1978 2473 2038 2529 in

441 2570 713 2626 elemento
737 2567 1094 2640 praestantiori
1120 2567 1409 2639 potentiam
1432 2566 1638 2623 Domini
1665 2573 2034 2636 agnoscentes,

443 2675 554 2715 non
582 2661 719 2714 ultra
763 2659 1155 2730 ambigeremus
1201 2666 1484 2714 censentes
1524 2665 1743 2729 propter
1768 2656 2036 2726 impoten-

444 2753 575 2808 tiam
606 2752 737 2808 illud
764 2753 962 2807 factum
984 2766 1104 2807 esse
1131 2770 1145 2806 :
1179 2752 1423 2819 alteram,
1449 2751 1573 2823 quia
1602 2759 1743 2806 terra
1772 2758 1945 2803 mater
1976 2754 2039 2804 et

446 2845 626 2900 nutrix
654 2854 834 2900 nostra
867 2844 1004 2899 facta
1029 2853 1148 2911 est,
1182 2852 1235 2899 et
1265 2859 1331 2899 ex
1354 2844 1466 2913 ipsa
1498 2843 1786 2914 pascimur,
1809 2841 2036 2909 aliisque

418 2932 694 2990 omnibus
736 2930 961 2991 fruimur
990 2936 1029 3001 ¹,
1060 2943 1116 2991 et
1144 2935 1211 2989 ad
1241 2934 1410 3005 ipsam
1438 2933 1714 2989 redimus:
1748 2933 1862 3002 ipsa
1889 2931 2032 2986 enim

444 3028 600 3083 nobis
623 3036 706 3083 est
734 3038 787 3083 et
814 3028 1005 3099 patria,
1032 3036 1088 3083 et
1125 3027 1430 3098 sepulcrum
1462 3043 1476 3081 :
1513 3035 1568 3081 et
1607 3041 1677 3082 ne
1705 3026 1826 3096 quis
1868 3024 2032 3094 igitur

441 3120 511 3176 ob
551 3119 835 3175 utilitatem
877 3127 932 3175 et
962 3120 1342 3175 necessitatem
1369 3117 1510 3173 illius
1541 3116 1714 3187 majus
1739 3114 1938 3187 aliquid
1964 3114 2033 3171 de

440 3211 560 3282 ipsa
602 3211 818 3276 sentiat,
848 3210 1085 3267 ostendit
1110 3212 1279 3281 ipsam
1307 3210 1376 3264 ab
1402 3209 1555 3264 initio
1586 3210 1869 3264 informem
1897 3221 2027 3263 con-

440 3303 611 3359 ditam
637 3321 651 3359 :
677 3311 736 3358 ut
780 3302 1089 3358 erudiamnr
1116 3318 1213 3372 per
1239 3316 1326 3356 res
1348 3301 1522 3371 ipsas,
1551 3300 1803 3370 praedicta
1851 3299 2029 3353 omnia

443 3411 550 3450 non
579 3402 783 3449 natnrte
813 3393 1020 3449 telluris
1047 3391 1398 3448 adscribenda
1419 3433 1435 3460 ,
1467 3390 1563 3446 sed
1584 3389 1892 3445 Conditoris
1923 3391 2031 3443 vir-

448 3489 565 3544 tuti.
599 3486 866 3541 Didlcistis
893 3487 1042 3552 item,
1061 3483 1329 3555 quomodo
1348 3496 1603 3552 aquarum
1634 3480 2028 3550 separationem

438 3577 653 3643 fecerit,
682 3576 945 3645 producto
963 3590 1057 3643 per
1079 3575 1376 3644 iussionem
1407 3586 1557 3625 suam
1586 3570 1781 3624 visibili
1807 3569 1910 3623 hoc
1934 3569 2028 3623 fir-

446 3678 721 3723 mamento
744 3683 760 3733 ;
786 3666 997 3720 vidistis
1024 3664 1272 3718 animalia
1300 3662 1530 3718 viventia
1549 3703 1563 3728 ,
1601 3672 1655 3717 et
1675 3677 1738 3716 ex
1775 3669 1947 3726 terra,
1977 3669 2032 3716 et

439 3776 510 3815 cx
540 3773 676 3829 aqua
705 3758 870 3814 edita.
901 3757 1030 3811 Haec
1049 3764 1155 3810 ItOn
1180 3754 1379 3823 absque
1399 3767 1556 3808 causa
1583 3761 1638 3806 et
1664 3760 1869 3807 temere
1890 3765 2031 3806 nunc

439 3848 656 3904 caritati
682 3853 878 3902 vestrae
915 3860 1079 3916 cogor
1101 3854 1345 3915 repetere
1376 3861 1391 3898 :
1422 3843 1611 3913 partim
1642 3851 1700 3897 ut
1723 3841 2026 3897 auditorum

444 3940 638 3995 animis
684 3939 800 3993 haec
839 3939 1009 4008 magis
1058 3936 1340 4003 insideant,
1365 3936 1556 4006 partim
1600 3944 1658 3990 ut
1693 3935 1758 3991 iis
1782 3937 1870 4005 qui
1900 3942 2028 3989 tunc

442 4046 553 4085 non
624 4028 842 4085 adfuere
906 4027 1096 4083 idonea
1166 4028 1412 4083 doctrina
1466 4026 1744 4094 tradatur,
1787 4026 2027 4097 nihilque

443 4122 621 4176 damni
655 4121 893 4177 absentia
940 4136 1035 4175 sua
1080 4122 1337 4177 attulerit.
1386 4118 1523 4186 Quia
1570 4120 1833 4191 benignus
1876 4128 2028 4190 pater

420 4211 602 4267 uetiam
641 4211 957 4267 absentibus
986 4211 1109 4266 filiis
1135 4211 1386 4282 reliquias
1430 4225 1632 4266 mensae
1671 4219 1940 4273 reservat,
1964 4218 2026 4265 ut

426 4317 562 4357 cum
584 4303 926 4369 advenerim,
955 4319 1019 4359 ex
1048 4312 1262 4359 servato
1286 4302 1505 4358 residuo
1546 4318 1697 4359 suam
1727 4303 2024 4359 absentiam

440 4394 811 4450 consolentur.
839 4392 992 4449 Unde
1023 4405 1077 4448 et
1106 4408 1204 4449 nos
1228 4396 1466 4449 omnium
1496 4394 1587 4465 qui
1620 4396 1722 4449 huc
1751 4393 2025 4450 confluunt

439 4501 548 4542 non
575 4488 839 4542 minorem
877 4503 1035 4558 quam
1073 4488 1433 4543 membrorum
1483 4495 1790 4543 nostrorum
1839 4502 2021 4543 curam

436 4589 708 4650 gerentes,
726 4588 782 4634 et
812 4579 1106 4650 profectum
1134 4587 1367 4635 vestrum
1390 4586 1627 4633 nostram
1658 4580 2024 4635 existimantes

436 4672 689 4739 gloriam,
715 4673 960 4741 cupimus
985 4686 1173 4725 omnes
1221 4670 1487 4741 perfectos
1529 4679 1585 4726 et
1626 4680 2024 4727 consummatos

419 4764 557 4819 'fieri
586 4766 639 4819 in
669 4766 896 4836 gloriam
917 4764 1032 4831 Dei,
1062 4774 1117 4820 et
1146 4764 1355 4819 laudem
1387 4764 1674 4828 Ecclesia,
1705 4773 1760 4820 et
1785 4774 2021 4819 nostram

424 4854 833 4922 ‘gloriationem.
862 4856 944 4912 Ac
985 4855 1085 4910 nisi
1124 4854 1407 4911 molestum
1447 4863 1531 4910 est
1553 4897 1568 4920 ,
1599 4855 1783 4926 paucis
1817 4856 2040 4910 caritati

423 4953 635 4999 'vestrae
656 4945 904 5002 hesterna
925 4942 1087 5003 etiam
1114 4947 1253 5001 dicta
1278 4945 1330 5001 in
1353 4946 1664 5002 memoriam
1686 4960 2018 5002 revocamus.

428 5034 666 5090 ‘Vidistis
715 5048 910 5106 quanta
957 5038 1269 5093 diversitate
1300 5041 1461 5091 homo
1504 5045 1560 5092 et
1602 5046 1862 5093 creaturae
1904 5038 2022 5093 aliae

442 5125 641 5180 conditi
681 5136 805 5182 sunt
838 5146 852 5183 :
880 5130 1105 5185 audis1is
1129 5140 1328 5201 quanto
1355 5128 1561 5183 honore
1604 5130 1895 5199 principem
1928 5146 2025 5184 no-

445 5217 539 5268 stri
569 5220 778 5286 generis
805 5220 1055 5292 dlgnatus
1093 5222 1192 5283 sit.
1219 5231 1274 5276 et
1302 5222 1354 5276 in
1395 5221 1715 5278 formatione
1746 5223 1859 5292 ipsa
1897 5238 2025 5293 quo-

444 5298 606 5362 modo
652 5324 745 5377 per
772 5313 930 5367 verba
961 5312 1363 5383 dictionumqne
1397 5314 1808 5369 crassitudinem
1839 5315 2020 5369 decla-

440 5398 574 5453 rarit
603 5397 859 5456 honorem
888 5402 1167 5459 formando
1195 5405 1558 5471 tribuendum,
1581 5404 1763 5460 dicens
1788 5423 1802 5460 :
1832 5404 2020 5459 Facia-

438 5506 550 5543 mus
574 5491 824 5545 Immineat
841 5495 1112 5548 secundum
1132 5497 1403 5569 imaginem
1421 5506 1665 5564 nostram,
1684 5507 1729 5551 et
1748 5498 2022 5551 secundum

438 5581 851 5635 similitudinem.
885 5583 1184 5652 Didicistis,
1225 5587 1350 5657 quid
1395 5590 1467 5643 sit
1508 5587 1799 5644 Secundum
1836 5588 2019 5661 imagi-

499 5785 517 5817 ⁸
554 5781 765 5845 enisum,
789 5783 1102 5847 omnibusque
1135 5787 1264 5838 bonis
1281 5780 1509 5851 fruimur.

2165 472 2298 519 nem,
2324 472 2517 529 nempe
2544 457 2682 527 quod
2721 472 2828 512 non
2881 460 2950 513 sit
2992 458 3310 514 substantiae
3351 458 3610 530 dignitas,
3641 464 3739 517 sed

2156 548 2378 604 dominii
2407 548 2718 614 similitudo,
2748 557 2803 605 et
2829 550 2968 621 quod
3000 566 3105 606 non
3129 552 3419 607 secundum
3453 553 3732 626 imaginem

2157 639 2365 707 formae,
2383 640 2476 696 sed
2503 639 2795 696 secundum
2827 641 3087 697 rationem
3110 642 3329 698 dominii
3357 643 3586 699 dixerit:
3619 647 3740 701 ideo

2155 742 2209 786 et
2243 731 2479 788 subdidit
2511 751 2524 788 :
2556 728 2625 785 Et
2658 732 2978 786 dominentur
3007 734 3226 803 piscibus
3263 737 3452 799 maris.
3476 749 3522 793 et
3560 740 3738 794 uolati-

2152 822 2285 878 Iibus
2313 823 2451 890 ewlt',
2484 834 2528 879 et
2555 823 2724 878 bestiis
2754 834 2801 878 et
2827 823 3092 896 reptilibus
3118 835 3285 883 terrm.

2223 916 2278 970 3.
2322 913 2546 987 Objectio
2573 916 2835 986 gentilium
2878 916 3105 970 solvitur.
3133 917 3426 973 —Vernm
3470 920 3557 976 hic
3600 938 3735 992 gen-

2155 1008 2274 1062 tiles
2304 1009 2354 1062 in
2382 1023 2481 1063 nos
2507 1009 2806 1079 insurgunt,
2836 1017 2890 1064 et
2910 1008 3092 1064 dicunt
3121 1028 3136 1065 :
3165 1008 3511 1081 Compertum
3537 1016 3738 1071 esthoc

2148 1113 2260 1153 non
2288 1115 2409 1155 esse
2431 1115 2618 1155 verum
2651 1117 2664 1153 :
2697 1116 2803 1155 non
2830 1101 2974 1156 enim
3002 1101 3341 1158 dominamur
3372 1103 3519 1168 feris,
3549 1120 3734 1175 quern-

2148 1190 2436 1245 admodum
2466 1191 2731 1262 pollicitus
2761 1201 2868 1257 cst,
2901 1192 2995 1248 sed
3032 1194 3159 1262 ipsae
3204 1195 3364 1250 nobis
3400 1196 3592 1265 potius.
3627 1196 3739 1251 lino

2149 1298 2257 1337 non
2283 1299 2472 1339 verum
2494 1294 2580 1340 est
2605 1285 2745 1355 quod
2783 1286 2834 1339 lii
2871 1285 3149 1355 objiciunt.
3178 1286 3309 1340 Nam
3342 1303 3466 1342 mox
3499 1300 3547 1341 ut
3577 1303 3738 1357 appa-

2149 1376 2315 1429 ruerit
2341 1374 2523 1443 ltomo,
2556 1377 2682 1431 ferte
2724 1377 2900 1445 fugam
2942 1378 3157 1432 faciunt.
3193 1377 3342 1447 Quod
3380 1380 3426 1433 si
3451 1380 3735 1451 aliquando

2148 1468 2230 1522 vel
2263 1467 2403 1523 fame
2433 1477 2676 1538 urgente,
2706 1470 2787 1524 vel
2812 1469 2966 1524 nobis
2992 1470 3111 1525 illas
3135 1470 3542 1537 laet-ssentihus,
3569 1474 3635 1525 ab
3653 1474 3733 1528 eis

2146 1559 2398 1615 damnum
2422 1561 2765 1628 accipiamus,
2789 1560 2891 1616 hoc
2918 1576 3023 1616 non
3050 1561 3110 1616 fit
3136 1561 3256 1616 ideo
3277 1563 3417 1632 quod
3440 1564 3544 1618 illis
3567 1565 3735 1619 itmos

2144 1650 2215 1704 sit
2234 1650 2535 1720 imperium,
2566 1651 2661 1707 sed
2691 1651 2760 1707 ob
2800 1653 3011 1722 culpam
3040 1663 3300 1708 nostram.
3333 1654 3464 1708 Nam
3494 1670 3614 1710 cum
3658 1657 3734 1710 la-

2145 1750 2328 1797 trones
2354 1757 2452 1798 nos
2485 1743 2741 1798 invadunt
2760 1786 2775 1807 ,
2803 1744 2849 1798 si
2878 1759 2983 1798 non
3010 1744 3360 1816 negligamus,
3391 1746 3482 1801 sed
3516 1748 3568 1800 in
3612 1749 3730 1802 illos

2138 1847 2289 1889 arma
2317 1848 2620 1901 sumamus,
2647 1834 2699 1890 id
2736 1850 2842 1890 non
2874 1835 2995 1891 ideo
3026 1836 3118 1904 fit,
3160 1836 3301 1907 quod
3344 1837 3627 1907 imperium
3675 1838 3729 1893 in

2142 1940 2241 1980 nos
2262 1926 2559 1992 obtineant,
2587 1926 2682 1982 sed
2711 1926 2853 1998 quod
2893 1936 3093 1983 nostrze
3128 1928 3287 1984 saluti
3317 1929 3727 1998 prospicianius.

2141 2016 2437 2072 Audiamus
2461 2026 2640 2073 autem
2687 2019 2901 2074 interim
2947 2034 3066 2089 qua:
3111 2019 3222 2074 sint
3263 2019 3423 2074 dicta.
3454 2017 3729 2074 Faciamus

2143 2106 2395 2160 hominem
2447 2107 2722 2161 secundum
2763 2109 3031 2178 imaginem
3073 2118 3327 2176 nostram,
3360 2120 3405 2164 et
3453 2111 3729 2164 secundum

2143 2196 2545 2251 similitudinem.
2576 2197 2726 2253 Sicut
2751 2197 3039 2269 Imaginem
3065 2200 3201 2254 dixit
3228 2200 3299 2256 ob
3326 2201 3536 2270 imperii
3569 2202 3730 2255 mlio-

2144 2302 2268 2344 nem
2292 2329 2305 2349 ,
2342 2288 2415 2343 ita
2459 2297 2513 2343 et
2557 2289 2972 2356 Similitudinem,
3004 2302 3059 2346 ut
3100 2306 3198 2362 pro
3240 2293 3443 2349 viribus
3481 2293 3730 2349 humanis

2141 2380 2348 2437 similes
2375 2380 2565 2438 fiamus
2592 2383 2727 2449 Deo,
2758 2384 3188 2453 mansuetudine,
3221 2388 3459 2456 inquam,
3487 2386 3724 2452 lenitate,

2139 2480 2198 2527 et
2239 2472 2454 2528 virtutis
2509 2474 2719 2529 ratione
2774 2474 2884 2529 Deo
2934 2476 3142 2532 similes
3193 2475 3522 2542 efficiamur;
3564 2486 3626 2531 ut
3674 2488 3731 2533 et

2139 2563 2384 2618 Christus
2407 2564 2537 2618 dicit
2565 2582 2578 2618 :
2609 2563 2818 2620 Similes
2841 2574 2996 2620 estote
3038 2564 3188 2620 Patri
3235 2578 3416 2632 uestro,
3440 2567 3527 2638 qui
3563 2577 3637 2622 est
3671 2568 3726 2622 in

2132 2653 2277 2708 caelis
2301 2653 2517 2724 (Matth.
2543 2655 2594 2710 5.
2619 2653 2733 2727 45).
2752 2655 2883 2711 Nam
2906 2656 3356 2727 quemadmodum
3380 2659 3431 2713 in
3454 2666 3595 2714 terra
3625 2659 3724 2715 hac

2137 2747 2373 2815 spatiosa
2402 2756 2457 2802 et
2482 2747 2586 2802 lata
2628 2747 2984 2802 animantium
3031 2749 3134 2802 alia
3174 2751 3537 2805 mansuetiora
3568 2760 3721 2811 sunt.

2103 2887 2107 2890 .
2137 2838 2240 2915 alia
2268 2837 2550 2904 ferociora,
2584 2838 2657 2894 ita
2684 2839 2737 2894 in
2767 2838 3049 2895 latitudine
3077 2841 3271 2895 anima:
3299 2851 3495 2896 nostra:
3522 2843 3723 2912 cogita-

2141 2929 2346 2985 tionum
2386 2929 2506 2985 alite
2552 2941 2677 2986 sunt
2725 2930 3201 2987 irrationabiliores
3241 2943 3296 2987 et
3341 2931 3408 2987 ad
3461 2933 3723 3002 pecudum

2134 3037 2344 3079 morem
2386 3023 2728 3091 accedentes,
2769 3026 2889 3081 alia:
2938 3024 3228 3081 ferociores
3278 3035 3333 3081 et
3378 3027 3721 3096 agrestiores.

2108 3115 2431 3172 .Domandae
2457 3117 2621 3188 igitur
2644 3116 2749 3174 illa
2791 3125 2933 3183 sunt,
2964 3125 3018 3172 et
3046 3118 3272 3173 rationis
3312 3118 3541 3188 imperio
3587 3119 3727 3174 subi-

2135 3209 2342 3280 gendae.
2372 3209 2438 3264 Et
2491 3208 2760 3279 quomodo
2806 3209 2927 3278 quis
2973 3201 3720 3279 cogitationem-ferociorem

2135 3301 2484 3374 compescat?
2503 3303 2640 3369 Quid
2667 3302 2821 3369 dicis,
2847 3302 3056 3357 homo?
3085 3302 3292 3358 Leones
3318 3316 3651 3372 superamus,
3669 3312 3723 3355 et

2134 3397 2345 3451 animos
2370 3410 2558 3451 eorum
2596 3403 2906 3450 mansuetos
2934 3394 3188 3449 facimus:
3221 3404 3276 3449 et
3314 3393 3560 3461 dubitas,
3592 3409 3719 3451 num

2134 3488 2298 3542 animi
2316 3487 2572 3543 ferociam
2595 3487 2648 3541 in
2674 3486 3137 3541 mansuetudinem
3165 3493 3373 3539 mutare
3396 3484 3602 3555 possis?
3620 3487 3718 3538 At-

2134 3579 2226 3647 qui
2274 3587 2461 3631 natura
2503 3577 2689 3632 bestiae
2733 3578 2938 3630 feroces
2964 3585 3122 3640 sunt,
3151 3586 3205 3629 et
3245 3585 3440 3645 praeter
3475 3585 3717 3629 naturam

2136 3677 2430 3723 mansueta:
2458 3684 2472 3721 :
2505 3677 2691 3741 contra
2724 3676 2778 3722 tu
2808 3675 2994 3721 natura
3033 3668 3213 3734 mitis,
3242 3677 3437 3737 [muter
3470 3677 3713 3722 naturam

2134 3754 2311 3813 autem
2346 3757 2514 3813 ferox.
2549 3759 2632 3813 An
2669 3766 2757 3825 tu,
2786 3758 2876 3828 qui
2916 3757 3102 3813 bestiis
3137 3757 3187 3812 id
3226 3757 3370 3828 quod
3416 3766 3602 3813 natura
3636 3759 3715 3815 eis

2135 3851 2276 3906 inest
2305 3849 2535 3914 auferre,
2566 3859 2620 3905 et
2648 3850 2789 3920 quod
2814 3864 3001 3905 eorum
3026 3859 3229 3905 natura:
3253 3851 3534 3907 adversum
3569 3853 3715 3908 inse-

2134 3958 2251 3998 rere
2274 3950 2447 4012 potes,
2476 3942 2530 3996 id
2560 3940 2700 4011 quod
2728 3950 2913 3996 natura
2952 3941 3048 3996 tibi
3074 3943 3319 4012 praestitit
3344 3985 3361 4010 ,
3394 3958 3715 3999 conservare

2132 4050 2239 4090 non
2280 4033 2473 4105 potes?
2498 4032 2568 4088 Et
2608 4042 2858 4103 quantam
2908 4032 3009 4089 hoc
3056 4033 3556 4090 condemnationem
3608 4051 3715 4092 non

2120 4125 2439 4182 mereatur?
2463 4125 2581 4179 lam
2609 4124 2753 4195 quod
2783 4124 2866 4179 his
2891 4125 3264 4180 admirabilius
3287 4139 3371 4181 εει
3398 4136 3448 4180 et
3484 4127 3716 4183 insolen-

2130 4219 2257 4283 tius,
2290 4218 2504 4273 leonum
2533 4226 2738 4270 naturae
2757 4224 2812 4270 et
2830 4217 2932 4270 alia
2956 4216 3197 4286 quaedam
3218 4216 3507 4272 difficultas
3534 4219 3672 4273 inest
3696 4237 3711 4273 :

2129 4309 2354 4366 ratiOnis
2379 4311 2522 4363 enim
2547 4306 2831 4378 participes
2852 4322 2958 4363 non
2981 4318 3135 4374 sunt,
3168 4318 3223 4363 et
3266 4308 3611 4363 nihilominus
3637 4311 3716 4362 vi-

2129 4403 2318 4459 demus
2338 4417 2481 4472 saepe
2501 4401 2622 4456 duci
2642 4416 2737 4456 eos
2757 4408 3068 4457 mansuetos
3096 4416 3190 4471 per
3218 4400 3387 4457 forum
3411 4418 3424 4467 ;
3457 4402 3717 4472 multique

2129 4512 2195 4552 ex
2224 4494 2453 4551 officinis
2482 4510 2751 4559 nummos,
2773 4505 2830 4550 ut
2851 4493 3153 4550 mercedem
3178 4496 3309 4550 artis
3336 4507 3390 4551 et
3416 4496 3447 4549 in
3471 4496 3715 4560 dustriw,

2128 4587 2357 4658 cuipiam
2380 4595 2681 4654 numerant,
2704 4586 2845 4657 quod
2864 4587 3028 4640 feram
3052 4585 3457 4640 mansuefecerit
3485 4587 3713 4641 :animae

2110 4693 2258 4735 vero
2283 4688 2385 4733 tua:
2410 4679 2546 4734 ratio
2575 4692 2829 4734 concessa
2860 4689 2963 4742 est,
2992 4686 3046 4732 et
3073 4676 3166 4730 Dei
3193 4676 3372 4741 timor,
3397 4686 3452 4731 et
3481 4676 3713 4747 undique

2130 4770 2450 4826 adminicula
2482 4788 2495 4823 :
2523 4785 2591 4824 ne
2632 4769 2792 4838 igitur
2822 4774 3120 4836 praetextas
3146 4775 3202 4820 et
3225 4767 3478 4821 obtentus
3497 4766 3710 4822 afferas.

2131 4862 2291 4917 Potes
2320 4861 2462 4916 enim
2480 4902 2496 4926 ,
2524 4861 2569 4913 si
2598 4861 2697 4925 vis,
2731 4866 3041 4913 mansuetus
3077 4871 3199 4911 esse
3223 4897 3237 4918 ,
3270 4861 3324 4911 et
3350 4855 3593 4926 placidus
3612 4898 3630 4923 ,
3657 4866 3714 4911 et

2128 4966 2333 5022 mquus.
2357 4949 2664 5016 Faciamus,
2690 4949 2895 5021 inquit,
2926 4947 3177 5002 hominem
3215 4946 3487 5001 secundum
3524 4947 3710 5019 imagi-

2129 5061 2242 5099 nem
2266 5054 2519 5110 nostram,
2549 5052 2594 5096 et
2622 5042 2895 5097 secundum
2924 5042 3325 5096 similitudinem.
3516 5050 3521 5055 '

2199 5137 2254 5190 4.
2295 5134 2557 5205 Cur'ferte
2611 5150 2710 5188 non
2764 5133 2863 5187 sint
2911 5133 3102 5186 homini
3146 5132 3374 5186 subditur.
3401 5129 3601 5186 --Scd
3644 5130 3711 5185 ad

2128 5226 2454 5296 propositam
2476 5225 2824 5296 quaestionem
2854 5225 3043 5279 iterum
3073 5224 3369 5278 redeamus.
3401 5221 3713 5277 Ostenditur

2128 5319 2270 5374 enim
2295 5333 2358 5373 ex
2388 5318 2451 5372 iis
2476 5332 2595 5388 quae
2624 5316 2765 5372 dicta
2793 5325 2937 5382 sunt,
2969 5314 3237 5369 hominem
3290 5313 3358 5367 ab
3405 5313 3558 5367 initio
3599 5313 3711 5383 plc-

2129 5426 2254 5466 num
2274 5422 2328 5465 et
2347 5410 2639 5481 perfectum
2667 5418 2825 5480 super
2844 5408 3043 5465 bestias
3068 5406 3415 5476 principatum
3435 5404 3706 5460 habuisse.

2130 5499 2464 5557 Dominenlur
2506 5504 2683 5565 enim,
2710 5503 2817 5567 ait,
2860 5499 3081 5570 piscibus
3117 5497 3272 5551 maris
3293 5539 3306 5563 ,
3336 5506 3381 5551 et
3425 5498 3710 5552 volatilibus

2125 5596 2258 5659 eali,
2284 5604 2332 5648 et
2361 5595 2481 5667 [eris
2509 5602 2556 5647 et
2582 5592 2843 5663 reptilibus
2872 5599 3035 5643 terrm.
3059 5586 3212 5656 Quod
3238 5599 3415 5644 autem
3436 5604 3576 5644 nunc
3599 5600 3703 5643 ter-

2128 5688 2234 5745 rori
2263 5686 2417 5741 nobis
2446 5684 2556 5739 sint
2579 5682 2786 5746 bestiae,
2814 5689 2869 5737 et
2893 5680 3194 5745 timeamus,
3218 5690 3272 5736 et
3299 5680 3538 5736 dominio
3563 5684 3709 5736 exci~

2127 5781 2597 5848 derimus,neque
2644 5780 2761 5849 ipse
2812 5789 2983 5845 nego;
3017 5790 3198 5832 verum
3245 5773 3344 5829 hoc
3386 5790 3493 5830 non
3540 5775 3711 5844 arguit
