4094 6204
520 334 579 388 79
1210 330 1274 386 'S.
1305 328 1594 386 JOANNIS
1618 330 2088 389 CHRYSOSTOSII
2124 329 2444 390 ARCIHEP.
2483 332 3014 391 CONSTANTINOP.
3328 313 3337 321 ’
3711 339 3776 396 80

521 450 703 501 falsum
739 446 832 501 Dei
861 439 1294 514 promissionem.
1326 443 1460 500 Nam
1488 445 1557 501 ab
1584 445 1738 500 initio
1768 461 1857 502 res
1883 462 1989 502 non
2029 447 2099 502 ita

516 559 573 594 se
603 539 905 603 habebant,
935 538 1028 592 sed
1063 538 1322 594 timebunt
1371 549 1426 595 et
1467 541 1772 597 tremebant
1802 542 1987 597 bestia:
2009 583 2025 609 ,
2049 553 2104 598 ct

518 630 915 687 venerabantur
955 629 1253 686 dominum.
1287 632 1383 687 Ubi
1416 643 1593 689 autem
1635 649 1701 690 ex
1741 635 2100 690 inobcdientia

517 721 764 776 Inluciam
812 722 952 791 apud
1002 723 1169 777 Deum
1215 725 1532 793 antisimns,
1565 727 1724 781 etiam
1776 726 2102 797 principatus

517 823 700 868 noster
726 814 1001 870 mutilatos
1029 825 1132 870 est.
1164 816 1416 886 Subiecta
1445 818 1588 873 enim
1620 818 1823 874 homini
1851 820 2100 875 animalia

515 909 696 960 onmia
722 905 882 981 fuisse
906 905 1088 976 accipe
1117 923 1182 962 ex
1205 906 1502 978 Scriptura,
1529 924 1648 979 qua:
1669 909 1835 976 dicit,
1865 912 2100 966 Adduxit

519 997 656 1053 Deus
684 999 863 1054 bestias
882 1039 898 1065 ,
929 1010 977 1054 el
998 1001 1168 1056 omnia
1207 1001 1355 1056 bruta
1378 1002 1447 1056 ad
1471 1003 1659 1071 Adam,
1688 1016 1742 1059 ut
1769 1006 1956 1060 videret
1979 1008 2102 1078 quid

521 1098 793 1144 vocantes
824 1089 976 1160 (Gen.
1000 1090 1055 1146 2.
1091 1091 1201 1163 l9).
1236 1093 1302 1147 Et
1337 1109 1459 1149 cum
1495 1097 1700 1152 videret
1733 1096 1882 1168 juxta
1909 1114 1968 1153 se
2005 1099 2100 1154 be-

518 1183 683 1245 stias,
731 1197 835 1235 nou
895 1184 1120 1250 resiliit;
1167 1185 1260 1240 sed
1311 1197 1577 1256 tamquam
1619 1189 1866 1244 dominus
1909 1192 2100 1262 aliquis

521 1275 694 1330 servis
722 1275 948 1331 subditis
971 1279 1187 1333 nomina
1215 1279 1467 1351 imposuit
1492 1300 1507 1336 :
1536 1281 1604 1335 Et
1628 1299 1776 1337 omne
1800 1275 1936 1356 quod
1955 1301 2100 1338 voca-

515 1369 584 1420 rit
614 1368 804 1433 Adam,
835 1370 1035 1439 inquit,
1067 1372 1163 1426 hoc
1215 1389 1395 1426 nomen
1448 1383 1522 1428 est
1569 1374 1648 1428 illi
1682 1416 1696 1430 .
1729 1375 1870 1444 quod
1921 1377 2100 1446 utique

513 1459 742 1515 dominii
773 1461 1003 1530 signum.
1037 1461 1162 1517 Ideo
1208 1463 1347 1519 Deus
1375 1474 1433 1518 ut
1458 1465 1681 1520 doceret
1708 1467 1878 1537 ipsum
1912 1478 2101 1537 poten-

514 1554 600 1606 tire
622 1566 735 1608 sine
755 1553 1093 1624 dignitatem,
1117 1557 1395 1611 nominum
1449 1557 1845 1627 impositioncm
1875 1560 1952 1614 illi
1981 1575 2100 1628 per-

514 1642 682 1698 misit.
719 1645 891 1716 Atque
933 1645 1049 1702 lucc
1101 1646 1316 1717 quidem
1361 1648 1494 1702 satis
1534 1649 1793 1714 indicant,
1822 1649 1890 1704 ab
1947 1651 2098 1706 initio

515 1739 656 1792 feras
688 1736 890 1793 homini
919 1739 1184 1795 terribiles
1211 1755 1317 1795 non
1362 1740 1544 1796 fuisse.
1595 1741 1692 1796 Est
1729 1750 1907 1798 tamen
1953 1743 2098 1798 aliud

515 1829 768 1896 quiddam
800 1846 906 1886 non
937 1832 1146 1898 minus,
1176 1833 1284 1888 imo
1322 1843 1377 1888 et
1421 1833 1524 1888 hoc
1562 1843 1881 1904 argumento
1927 1836 2099 1890 mani-

517 1918 725 1976 festius.
762 1921 830 1976 Et
856 1923 1126 1993 quodnam
1154 1923 1290 1979 hoc?
1318 1923 1655 1994 Colloquium
1687 1927 1953 1995 serpentis
1975 1941 2098 1982 cum

518 2011 761 2068 muliere.
796 2013 928 2069 Nam
959 2015 1004 2069 si
1059 2016 1323 2071 terribiles
1364 2015 1596 2072 fuissent
1641 2016 1844 2073 homini
1889 2018 2094 2085 bestiae,

517 2105 709 2160 mulier
727 2117 977 2176 serpente
1002 2117 1294 2178 conspecto
1317 2125 1423 2164 non
1443 2111 1749 2178 mansisset,
1779 2127 1951 2182 neque
1971 2128 2099 2169 con-

514 2196 696 2251 silium
747 2199 1067 2269 accepisset,
1115 2216 1289 2272 neque
1328 2216 1455 2257 cum
1504 2211 1648 2259 tanta
1689 2205 1977 2261 securitate
2022 2205 2100 2260 illi

515 2285 733 2358 loquuta
762 2289 986 2357 fuisset,
1008 2291 1103 2347 sed
1126 2293 1311 2348 statim
1336 2292 1404 2348 ad
1435 2303 1711 2365 aspectum
1740 2294 1882 2350 illius
1909 2297 2099 2352 obstu-

516 2379 725 2450 pefacta
780 2375 1119 2454 profugisset.
1155 2383 1350 2440 Verum
1400 2400 1544 2442 nunc
1589 2385 1945 2457 colloquitur,
2001 2401 2101 2443 nec

514 2472 707 2528 metuit
737 2489 751 2527 :
781 2474 1016 2529 nondum
1045 2475 1188 2530 enim
1217 2485 1336 2532 erat
1377 2476 1538 2533 timor
1552 2476 1669 2532 ille.
1706 2477 1968 2534 Caeterum
2009 2478 2098 2534 ubi

513 2571 793 2632 peccatum
825 2563 1059 2632 intravit,
1095 2566 1271 2622 ablata
1307 2575 1392 2623 est
1429 2567 1544 2623 h:ec
1583 2568 1810 2640 dignitas
1853 2579 1910 2624 et
1950 2580 2100 2639 pote-

515 2665 647 2711 stas.
679 2657 744 2712 Et
785 2658 1230 2728 quemadmodum
1281 2661 1418 2717 inter
1448 2677 1634 2718 servos
1677 2662 1790 2718 ﬁeri
1837 2664 2010 2728 solet,
2039 2672 2100 2719 ut

512 2748 852 2817 probatiores
878 2761 934 2806 et
955 2750 1591 2809 honestioresconservis
1612 2754 1803 2809 terrori
1835 2755 1973 2820 sint;
2005 2755 2098 2826 qui

514 2847 694 2896 autem
737 2840 1094 2912 deliquerunt,
1120 2853 1491 2902 et-conserves
1533 2847 1790 2901 timeant:
1823 2847 1902 2902 sic
1947 2855 2002 2902 et
2042 2847 2097 2902 in

516 2929 734 2988 homine
763 2931 957 2989 factum
979 2943 1083 2991 est.
1122 2934 1255 2991 Nam
1284 2937 1428 2991 salva
1460 2946 1710 2992 manente
1737 2938 1876 2993 illius
1905 2937 2096 2993 ﬁducia

509 3022 654 3091 apud
683 3023 852 3080 Deum
873 3066 888 3088 .
923 3026 1173 3082 terribilis
1195 3038 1312 3083 erat
1337 3037 1392 3084 et
1417 3028 1640 3085 bestiis:
1670 3027 1760 3083 ubi
1786 3037 1965 3084 autem
1991 3029 2096 3084 ill-

516 3114 687 3183 pegit.
739 3115 929 3172 timere
969 3118 1133 3186 erepit
1177 3118 1338 3173 etiam
1381 3133 1760 3175 conservorum
1789 3129 2093 3175 extremos.

513 3202 666 3269 Quod
696 3205 740 3259 si
780 3221 900 3275 qua:
927 3207 1153 3263 dicimus
1179 3225 1284 3264 non
1314 3209 1490 3275 feras,
1514 3209 1818 3265 demonstra
1851 3221 1904 3265 tu
1942 3211 2094 3276 mihi,

508 3293 604 3347 ubi
644 3295 910 3351 terribiles
945 3306 1068 3352 ante
1107 3309 1380 3367 peccatum
1411 3298 1606 3354 fuerint
1639 3299 1840 3353 homini
1887 3301 2092 3357 bestiae.

514 3383 620 3439 Sed
659 3401 763 3440 non
795 3388 1014 3457 poteris.
1043 3388 1196 3457 Quod
1225 3390 1268 3443 si
1299 3399 1483 3460 postea
1518 3389 1681 3446 subiit
1710 3391 1901 3459 timor,
1935 3393 2094 3448 etiam

511 3474 615 3531 hoc
644 3477 736 3534 Dei
757 3477 1096 3552 benignitatis
1124 3480 1414 3536 maximum
1437 3489 1809 3550 argumentum
1830 3491 1934 3540 est.
1963 3483 2095 3538 Nam

512 3568 557 3622 si
580 3579 863 3642 postquam
905 3571 1067 3627 homo
1091 3572 1398 3628 mandatum
1440 3584 1806 3645 transgressus
1825 3584 1927 3638 est,
1960 3575 2096 3630 inte-

509 3673 606 3734 ger
629 3659 767 3716 illius
786 3662 1072 3719 mansisset
1092 3663 1264 3719 honor
1286 3673 1342 3720 et
1370 3664 1687 3733 immobilis,
1714 3664 1856 3720 haud
1879 3663 2034 3720 facile
2059 3681 2094 3721 a

510 3749 661 3820 lapsu
685 3754 1081 3808 resurrexisset.
1114 3753 1552 3824 Quandoquidem
1574 3772 1699 3812 cum
1728 3757 2095 3814 inobedientes

509 3850 565 3896 et
593 3842 904 3897 obedientes
930 3842 1173 3897 homines
1193 3845 1307 3914 pari
1327 3845 1582 3913 dignitate
1617 3847 1884 3914 fruuntur,
1910 3851 2094 3918 nequi-

512 3933 599 3987 tite
641 3931 936 3986 assueﬁunt
958 3933 1151 4002 magis,
1179 3947 1277 3988 nec
1304 3934 1458 3990 facile
1483 3935 1551 3991 ab
1575 3951 1636 3990 ea
1659 3935 1938 3993 desistunt.
1958 3937 2090 3994 Cum

509 4024 653 4080 enim
682 4040 823 4080 nunc
849 4033 927 4081 tot
950 4024 1274 4084 instantibus
1300 4029 1624 4096 terroribus,
1649 4030 1843 4100 pinnis,
1866 4039 1922 4088 et
1960 4047 2091 4103 sup-

507 4115 683 4186 pliciis
706 4134 812 4173 non
842 4120 1228 4187 emendantur,
1260 4121 1445 4193 quales
1476 4122 1695 4179 fuissent
1737 4125 1783 4180 si
1820 4124 1951 4180 nihil
1994 4141 2092 4196 pro

506 4206 718 4264 delictis
746 4209 859 4264 suis
893 4226 1055 4281 grave
1084 4213 1223 4282 passi
1254 4213 1478 4269 essent?
1508 4216 1680 4284 Atque
1706 4215 1775 4270 ita
1809 4215 2087 4287 imperium

506 4300 666 4354 nobis
691 4315 720 4354 a
753 4302 898 4369 Deo,
924 4303 1066 4373 quod
1097 4318 1343 4374 magnam
1389 4307 1556 4361 nostri
1603 4321 1785 4363 curam
1824 4317 1879 4364 et
1908 4309 2090 4379 provi-

509 4389 746 4445 dentiam
781 4402 1013 4461 gereret,
1043 4402 1128 4449 est
1153 4394 1407 4450 ablatum.

575 4483 629 4538 5.
661 4483 739 4538 Tu
769 4493 970 4553 autem,
1009 4486 1307 4556 carissime,
1339 4489 1516 4559 ctjam
1544 4489 1672 4547 inde
1701 4491 2080 4564 benignitatem

505 4575 600 4630 Dei
647 4573 968 4632 ineﬁ‘abilem
1015 4576 1337 4646 considera,
1383 4581 1649 4652 quomodo
1699 4583 1868 4638 Adam
1915 4591 2085 4640 totum

503 4667 811 4722 mandatum
858 4667 1196 4737 subverterit,
1235 4679 1290 4726 et
1315 4680 1477 4726 totam
1504 4673 1674 4744 legem
1722 4683 2086 4743 transgressus

500 4760 571 4816 sit
600 4777 616 4816 :
645 4757 904 4831 benignus
927 4771 1106 4818 autem
1137 4761 1282 4818 Deus
1304 4762 1540 4820 bonitate
1564 4780 1659 4821 sua
1687 4775 1866 4820 nostra
1891 4765 2083 4823 delicta

501 4867 785 4924 superans,
811 4868 919 4910 non
949 4863 1118 4911 totum
1146 4853 1406 4912 honorem
1439 4857 1738 4926 abstulerit,
1768 4873 1942 4929 neque
1969 4867 2082 4914 toto

495 4943 752 5015 dejemrit
791 4945 1090 5018 principatu
1138 4946 1282 5003 :sed
1326 4963 1388 5005 ea
1432 4948 1706 5004 dumtaxat
1751 4950 1998 5005 animalia
2049 4965 2082 5004 a

497 5045 679 5092 nostra
700 5044 965 5106 potestate
983 5037 1284 5104 abduxerit,
1301 5053 1421 5110 qua:
1447 5055 1552 5096 non
1573 5043 1794 5096 multum
1826 5041 1893 5096 ad
1925 5041 2082 5112 hujus

496 5127 618 5183 vitat
641 5126 919 5186 utilitatem
941 5129 1097 5186 nobis
1113 5130 1434 5195 conducunt,
1456 5147 1574 5203 qua:
1595 5149 1722 5189 vero
1745 5134 1864 5189 vitae
1883 5143 2081 5190 nostrae

495 5218 730 5276 multum
767 5217 1025 5287 ueniunt,
1058 5228 1114 5276 et
1141 5221 1288 5276 utilia
1315 5224 1724 5295 necessariaque
1763 5233 1909 5292 sunt,
1937 5241 2001 5280 ea
2025 5226 2078 5282 in

494 5311 774 5379 servitute,
804 5321 860 5368 et
887 5313 1222 5384 subiectione
1246 5327 1341 5369 sua
1387 5313 1669 5371 dimiserit.
1697 5316 1927 5386 Reliquit
1949 5333 2080 5389 ergo

492 5401 649 5456 nobis
676 5401 838 5458 boum
863 5411 1103 5460 armenta
1123 5443 1140 5471 ,
1171 5410 1231 5460 ut
1254 5414 1490 5460 aratrum
1535 5403 1828 5469 trahemus,
1877 5414 2075 5463 terram

491 5492 794 5558 soleamus,
842 5507 1119 5552 seramus:
1149 5495 1373 5566 seliquit
1419 5503 1474 5552 et
1509 5495 1864 5568 subjugalium
1911 5499 2076 5556 multa

487 5595 709 5652 genera,
726 5593 910 5642 utnos
927 5585 1182 5657 adiuvent
1201 5587 1267 5642 ad
1291 5587 1437 5644 utilia
1453 5603 1678 5660 quaeque
1695 5591 2072 5659 convehenda;

492 5671 709 5742 reliquit
725 5675 905 5730 ovium
933 5691 1142 5748 greges,
1171 5685 1231 5734 ut
1257 5677 1577 5736 haberemus
1601 5697 1721 5752 qua:
1745 5680 1814 5737 ad
1843 5683 2074 5740 vestien-

492 5763 620 5819 dum
655 5777 756 5820 nos
781 5762 1122 5834 sufﬁcerent;
1143 5768 1357 5840 reliquit
1385 5779 1443 5828 et
1476 5770 1581 5828 alia
1601 5773 1948 5831 animantium
1975 5790 2070 5846 ge-

2211 461 2362 514 nera,
2385 445 2524 504 unde
2551 448 2710 502 multa
2729 433 2883 506 nobis
2907 445 3776 520 suppeditantur‘eommodafﬁam

2206 542 2329 612 quia
2343 540 2568 611 puniens
2579 541 2848 598 hominem
2864 543 2936 599 ob
2947 541 3780 610 inobedientiam,diserat,=‘hrsu-

2205 632 2330 686 dere
2343 632 2489 700 faciei
2510 643 2610 687 tua
2627 634 2834 688 vesceris
2845 650 2974 704 pane
2988 643 3073 688 tuo
3086 632 3235 702 (Gen.
3256 635 3308 688 5.
3325 634 3417 704 i9)
3435 656 3448 689 :
3469 642 3528 688 ut
3543 635 3781 690 ncsudor

2207 732 2260 778 et
2278 723 2428 780 labor
2445 724 2530 780 hic
2547 734 2729 780 noster
2743 725 3088 781 intolerabilis
3103 724 3474 791 foregsudoris
3491 725 3777 790 molestias.

2195 822 2261 869 et
2305 814 2507 870 laboris
2543 829 2680 870 onus
2705 815 2975 870 allcviavit
3015 815 3379 886 jumentorum
3423 817 3781 886 multitudine,

2207 921 2326 974 qua:
2379 919 2480 959 una
2519 905 2804 962 nobiscum
2853 906 3116 972 laborant,
3168 918 3221 962 et
3266 907 3539 962 molestias
3589 909 3780 976 ierunt,

2208 995 2348 1050 idem
2367 996 2576 1052 Tfaciens
2603 997 2745 1067 quod
2772 997 3100 1068 henignuset
3129 998 3362 1068 prudens
3391 999 3779 1068 paterfamilias,

2206 1086 2295 1155 qni
2327 1087 2587 1157 ﬂagellato
2603 1103 2778 1155 servo,
2811 1089 2968 1142 etiam
2985 1104 3166 1143 curam
3193 1088 3476 1160 quamdam
3493 1105 3774 1160 congruam

2200 1177 2431 1247 ﬂagellis
2460 1178 2676 1234 adhibet
2708 1197 2722 1233 :
2748 1179 2826 1234 sic
2858 1187 2913 1235 et
2944 1180 3082 1235 Deus
3112 1188 3169 1234 ut
3194 1181 3569 1236 condemnavit
3595 1196 3774 1251 pecea-

2209 1277 2398 1335 torem,
2449 1271 2706 1327 leniorem
2735 1274 2895 1327 etiam
2923 1272 3424 1329 condemnationem
3452 1287 3573 1330 esse
3597 1275 3778 1340 voluit,

2191 1369 2259 1414 et
2287 1360 2440 1415 nobis
2459 1360 2523 1416 ad
2545 1360 2794 1416 sudorem
2818 1371 2873 1416 et
2890 1361 3134 1417 laborem
3160 1371 3474 1432 perpetuum
3499 1363 3780 1429 damnatis,

2205 1449 2523 1506 subsidiaria
2551 1449 2678 1505 fecit
2724 1450 3192 1506 multabrntarnm
3231 1468 3448 1522 genera.
3480 1457 3652 1524 Atque
3693 1455 3778 1519 ita,

2205 1542 2346 1612 quod
2389 1541 2648 1598 honorem
2681 1543 2834 1598 nobis
2874 1543 3018 1599 dedit
3041 1553 3095 1598 et
3122 1559 3304 1598 rursus
3331 1545 3564 1611 abstulit,
3613 1554 3666 1600 et
3691 1544 3782 1600 be-

2206 1636 2430 1692 stiarum
2461 1635 2616 1692 nobis
2637 1646 2836 1692 metum
2865 1636 3106 1703 immisit,
3134 1646 3189 1692 et
3229 1637 3430 1699 omnia,
3460 1636 3504 1691 si
3531 1636 3650 1707 quis
3671 1636 3784 1691 dili-

2203 1736 2395 1799 genter
2413 1737 2466 1782 et
2504 1728 2722 1784 cordate
2750 1729 3000 1799 inquirat,
3045 1728 3279 1785 oliendet
3307 1729 3462 1799 plena
3492 1728 3780 1799 sapientia,

2204 1820 2576 1890 providentitn,
2599 1829 2654 1874 et
2681 1820 3044 1890 benignitatis.

2279 1910 2603 1978 Sacri/icium
2643 1912 2920 1964 maximum
2955 1909 3064 1964 Dei
3107 1910 3461 1965 beneﬁciorum
3503 1911 3781 1965 recordari.

2203 2033 2275 2045 —-
2319 2003 2576 2072 Quocirca
2626 2019 2731 2074 pro
2778 2004 2860 2058 his
2911 2002 3157 2057 omnibus
3199 2005 3397 2074 gratias
3451 2003 3499 2058 ei
3552 2016 3784 2058 summas

2204 2111 2464 2166 agamus,
2513 2095 2605 2166 qui
2659 2104 2801 2150 tanta
2843 2095 2984 2164 apud
3028 2110 3123 2150 nos
3169 2094 3423 2149 beneﬁcia
3486 2094 3780 2150 collocavit.

2203 2186 2388 2258 Neque
2433 2188 2575 2241 enim
2639 2201 2799 2257 grave
2863 2186 3060 2256 aliquid
3109 2195 3165 2241 ct
3214 2201 3499 2241 onerosum
3549 2201 3578 2239 a
3635 2185 3785 2240 nobis

2205 2277 2429 2348 requirit
2464 2295 2477 2333 :
2520 2277 2616 2333 sed
2655 2278 2831 2333 solum
2871 2287 2928 2332 ut
2967 2286 3227 2333 testentur
3263 2285 3318 2332 et
3355 2277 3610 2332 fateanmr
3645 2285 3784 2330 tanta

2205 2367 2486 2435 beneﬁcia,
2535 2378 2589 2424 et
2613 2385 2712 2440 pro
2754 2369 2838 2424 his
2879 2369 3076 2440 gratias
3126 2368 3420 2424 referamus
3451 2386 3464 2422 :
3495 2384 3601 2423 non
3648 2368 3784 2439 quod

2199 2459 2321 2530 ipse
2344 2459 2428 2514 his
2449 2469 2622 2531 egeat,
2649 2459 2737 2530 qni
2770 2459 2911 2514 nulla
2943 2475 3004 2515 re
3028 2459 3228 2531 indiget
3250 2475 3264 2525 ;
3285 2459 3376 2515 sed
3399 2468 3458 2515 ut
3479 2473 3575 2514 nos
3613 2458 3783 2514 disca-

2205 2565 2326 2606 mus
2350 2561 2623 2606 auctorem
2654 2550 2918 2607 bonorum
2947 2549 3103 2606 nobis
3131 2550 3440 2618 conciliare,
3481 2559 3536 2605 et
3564 2566 3669 2605 non
3698 2549 3783 2605 iu-

2204 2644 2342 2715 grati
2365 2644 2552 2714 simus,
2578 2644 2674 2700 sed
2693 2645 2904 2716 dignam
2933 2644 3096 2698 tantis
3115 2644 3388 2700 beneﬁciis
3417 2653 3474 2700 et
3494 2641 3777 2715 providen-

2203 2738 2277 2793 tia
2306 2738 2558 2793 virtutem
2609 2735 2913 2792 atl‘eramus.
2943 2736 3075 2792 Nam
3107 2736 3186 2791 sic
3233 2737 3402 2806 ipsum
3432 2734 3500 2790 ad
3527 2734 3780 2806 majorem

2205 2831 2372 2886 nostri
2414 2829 2822 2886 sollicitudinem
2871 2828 3440 2902 provocabimus.‘0ro
3489 2828 3664 2898 igitur,
3715 2841 3783 2882 ne

2191 2921 2417 2978 desides
2441 2922 2630 2988 simus,
2678 2922 2772 2978 sed
2803 2921 3164 2992 unusquisque
3213 2936 3322 2991 pro
3352 2921 3492 2976 virili
3536 2928 3782 2991 supputat

2189 3013 2344 3084 apud
2369 3029 2433 3070 se
2454 3014 2676 3083 singulis
2715 3015 2879 3080 boris,
2910 3029 3017 3069 non
3059 3014 3229 3069 solum
3255 3014 3556 3069 communia
3581 3013 3787 3069 beneﬁ-

2195 3106 2307 3173 cia,
2339 3105 2434 3162 sed
2455 3114 2509 3161 et
2534 3105 2735 3176 privata
2761 3105 2815 3160 in
2841 3120 2899 3162 se
2926 3105 3121 3161 collata
3154 3123 3168 3159 :
3205 3121 3310 3160 non
3323 3120 3398 3161 .ea
3429 3113 3632 3160 tantum
3664 3120 3780 3176 qua:

2190 3214 2390 3256 omnes
2417 3199 2666 3266 fatentur,
2695 3206 2749 3254 et
2787 3213 2907 3268 qua:
2933 3197 3181 3253 omnibus
3207 3194 3483 3253 manifesta
3512 3207 3658 3264 sunt,
3687 3197 3781 3254 sed

2194 3298 2259 3345 et
2283 3291 2516 3360 propria,
2544 3303 2610 3344 ac
2650 3289 2931 3360 plerosque
2957 3289 3171 3344 latentia
3200 3307 3216 3344 :
3247 3289 3324 3345 sic
3348 3289 3488 3344 enim
3523 3287 3783 3344 adcentio

2200 3397 2363 3436 uuam
2393 3380 2678 3450 gratiarum
2707 3381 2972 3436 actionem
3005 3379 3229 3436 Domino
3265 3378 3602 3436 referendam
3642 3378 3777 3435 inci-

2204 3474 2420 3530 tahitur.
2453 3473 2566 3529 Hoc
2586 3472 2872 3528 maximum
2893 3471 3236 3540 sacriﬁcium,
3287 3471 3402 3528 hate
3432 3471 3664 3542 perfecta
3691 3471 3778 3527 ob

2204 3568 2332 3624 latio
2356 3576 2460 3633 est,
2488 3567 2590 3622 hoc
2617 3567 2828 3622 ﬁducia:
2849 3582 2974 3637 erga
2999 3567 3165 3621 Deum
3191 3573 3390 3622 nostra:
3409 3575 3777 3638 argumentum

2201 3667 2258 3714 et
2282 3673 2441 3714 causa
2469 3668 2585 3712 est:
2613 3666 2667 3713 et
2688 3657 2978 3728 quomodo,
3008 3672 3111 3728 ego
3136 3657 3331 3712 dicam.
3361 3656 3464 3724 Qui
3489 3657 3630 3713 enim
3660 3655 3778 3712 hate

2199 3750 2554 3806 contionein
2599 3758 2780 3805 mente
2819 3762 2914 3804 sua
2961 3757 3156 3814 versat,
3185 3757 3240 3804 et
3267 3763 3418 3804 suam
3470 3749 3777 3804 tenuitatem

2199 3853 2448 3900 accurate
2478 3842 2644 3908 novit,
2694 3852 2754 3898 et
2781 3842 3106 3898 eminentem
3131 3841 3370 3896 divinam
3399 3841 3778 3911 benignitatem

2195 3935 2430 4005 cogitat;
2453 3931 2719 4004 quomodo
2739 3947 2936 4001 nempe
2957 3947 3062 3987 non
3083 3931 3363 3987 attendens
3388 3931 3514 4002 quid
3536 3945 3779 3988 mercan-

2201 4033 2286 4081 tur
2315 4035 2528 4095 peccata
2558 4033 2760 4090 nostra,
2793 4024 2887 4080 sed
2907 4023 3035 4095 quid
3059 4038 3156 4080 sua
3184 4023 3394 4080 bonitas
3420 4023 3674 4093 postulet,
3703 4023 3778 4079 ita

2199 4133 2285 4173 res
2317 4127 2528 4172 nostras
2547 4116 2818 4186 dispenset
2843 4133 2856 4169 :
2887 4117 2932 4171 is
2953 4117 3214 4171 nimirum
3240 4125 3474 4172 mentem
3499 4115 3772 4187 deprimit,

2196 4225 2292 4266 cor
2313 4210 2568 4277 conterit,
2592 4224 2806 4265 onmem
2837 4209 3030 4264 fastum
3057 4218 3112 4264 et
3133 4210 3490 4280 arrogantiam
3515 4209 3775 4279 castigat,

2195 4303 2352 4361 discit
2371 4303 2615 4358 modeste
2629 4317 2808 4373 agere,
2837 4311 3186 4358 contemnere
3209 4301 3490 4373 praesentis
3509 4301 3630 4357 vitae
3649 4302 3775 4372 glo-

2191 4396 2350 4461 riam,
2381 4395 2559 4451 ridere
2600 4393 2824 4450 visibilis
2863 4394 3065 4460 omnia,
3119 4395 3353 4465 cogitare
3407 4392 3585 4448 futura
3632 4391 3775 4448 bona

2193 4487 2461 4557 vitamque
2491 4485 2846 4541 immortalem
2893 4499 2956 4540 ac
3005 4500 3292 4554 numquam
3334 4483 3642 4539 ﬁniendam.
3667 4483 3775 4549 Qui

2192 4587 2370 4635 autem
2395 4578 2472 4634 sic
2498 4563 2729 4633 afﬁcitur
2750 4578 2950 4643 animo,
2976 4591 3162 4632 verum
3182 4585 3238 4632 et
3263 4584 3543 4647 acceptum
3569 4577 3778 4632 sacriﬁ-

2187 4671 2333 4726 cium
2362 4669 2473 4725 Deo
2511 4668 2686 4737 oﬁ‘ert,
2738 4670 2876 4724 sicut
2918 4669 3175 4740 propheta
3203 4666 3333 4723 dicit
3380 4685 3396 4721 :
3444 4666 3776 4736 Sacriﬁcium

2195 4761 2298 4816 Deo
2329 4761 2538 4832 spiritus
2559 4760 2921 4816 contribulatus
2941 4777 2961 4826 ;
2983 4777 3071 4815 cor
3087 4759 3359 4815 contritum
3383 4771 3431 4814 et
3453 4759 3779 4813 nuntiiiattms

2195 4853 2332 4908 Deus
2356 4870 2454 4909 non
2483 4853 2718 4925 despiciet
2749 4851 2919 4924 (Psal.
2945 4853 3036 4911 50.
3069 4851 3188 4925 i9).
3221 4850 3481 4908 Cordatos
3523 4853 3665 4909 enim
3689 4850 3778 4906 ia-

2192 4946 2367 5000 mulos
2393 4961 2500 5000 non
2530 4955 2634 4999 tam
2668 4958 2838 5015 pinna:
2861 4955 2916 5001 et
2960 4945 3218 5016 supplicia
3255 4943 3559 5010 emendant,
3591 4953 3649 4998 ut
3680 4942 3778 4998 be-

2190 5035 2399 5102 neﬁcia,
2425 5047 2479 5092 et
2503 5036 2645 5106 quod
2672 5037 2917 5094 noverint
2935 5051 2994 5094 se
3007 5052 3118 5092 non
3143 5035 3778 5093 secundumdelictoront

2188 5129 2376 5185 merita
2405 5143 2615 5199 pinnam
2646 5129 2814 5186 luere.

2259 5221 2312 5276 6.
2341 5220 2692 5277 Conteramus
2719 5222 2894 5291 igitur,
2933 5221 3181 5289 obsecro,
3222 5219 3459 5276 ultimum
3487 5226 3734 5276 metrum
3752 5259 3776 5284 ,

2189 5310 2530 5366 humiliemus
2553 5321 2791 5367 mentem
2813 5321 2868 5367 et
2887 5326 3029 5366 nunc
3051 5311 3284 5367 maxime
3299 5326 3421 5366 cum
3448 5311 3551 5366 hoc
3574 5309 3776 5381 jejunii

2187 5413 2397 5474 tempus
2428 5402 2592 5458 multa
2627 5402 2784 5458 nobis
2813 5401 2879 5458 ad
2918 5401 3022 5458 hoc
3050 5402 3252 5474 praebet
3271 5402 3528 5458 subsidia.
3561 5401 3697 5458 Nam
3724 5400 3778 5457 si

2185 5495 2256 5552 ita
2294 5495 2468 5553 eiecti
2516 5495 2795 5560 fuerimus,
2847 5494 3137 5564 poterimus
3160 5504 3215 5550 et
3233 5508 3423 5566 magna
3473 5493 3778 5550 attentione

2182 5602 2374 5658 preces
2406 5587 2651 5653 fundere,
2671 5585 3051 5644 etconﬁtentes
3073 5595 3287 5657 peccata
3305 5587 3523 5643 multam
3540 5584 3775 5656 gratiam

2183 5697 2413 5754 superne
2435 5681 2701 5738 obtinere.
2727 5680 2795 5738 Et
2817 5690 2876 5735 ut
2894 5680 3074 5737 sciatis
3096 5680 3229 5737 tales
3271 5679 3479 5736 animas
3511 5680 3618 5733 Deo
3655 5675 3780 5746 pla-

2182 5790 2325 5845 cere,
2357 5775 2481 5832 audi
2521 5776 2694 5846 ipsum
2733 5773 2999 5834 dicentem
3028 5791 3042 5833 :
3070 5775 3153 5832 Ad
3175 5790 3321 5847 quem
3345 5773 3636 5846 respiciam,
3663 5769 3775 5823 nisi
