4094 6204
427 240 498 281 sv‘
1144 228 1157 229 ί
1572 219 1647 276 ΙΝ
1675 219 1827 277 CAP.
1870 220 1908 274 1.
1947 219 2014 276 GI

2114 219 2193 275 ES.
2237 218 2463 275 llOMlL.
2507 218 2601 275 X.’
3640 229 3761 286 θῦν

421 353 499 407 ad
522 349 784 414 humilem,
822 352 879 400 et
911 324 1158 418 quietum,
1197 350 1246 398 et
1290 348 1578 397 trementem
1600 354 2014 396 sermonesmeos
2059 367 2067 374 -

423 441 576 517 (ηαξ.
600 443 689 499 66.
718 439 832 510 2)?
854 438 1057 494 ldcirco
1080 446 1134 493 et
1162 434 1506 492 Christns'ita
1534 433 1850 503 loquebatur
1879 451 1891 485 :
1926 432 2019 486 Di-
2060 458 2065 469 -

422 537 546 592 scite
573 552 605 589 α
625 550 703 588 me
726 533 847 601 quia
871 530 1007 585 mitts
1027 526 1171 595 sum,
1186 533 1231 581 et
1253 526 1459 581 humilis
1486 524 1656 588 corde,
1679 534 1726 578 et
1752 524 2016 577 invenietis
2057 552 2062 557 -

424 628 645 698 requiem
684 606 950 679 animabus
990 620 1168 676 vestris
1195 618 1412 691 (Matth.
1437 620 1525 674 11.
1571 616 1690 688 29).
1742 616 1874 671 Nam
1924 614 2016 686 qui

423 733 554 775 vere
582 718 817 789 seipsum
850 713 1114 779 humiliat,
1136 725 1423 782 numquam
1447 711 1641 781 poterit
1665 709 1741 764 ira
1771 720 2013 763 commo-

424 812 564 879 veri,
596 820 651 868 et
678 810 927 881 proximo
962 820 1304 870 succensere,
1333 805 1507 860 anima
1534 803 1649 874 ejus
1684 803 1737 857 in
1767 802 1849 856 sui
1887 815 2018 855 con-

426 903 752 958 sideratione
803 905 1061 969 occupata
1119 896 1362 953 et‘intra
1416 895 1647 964 seipsam
1719 893 2009 949 humiliata.

426 992 616 1049 Anima
642 1000 822 1047 autem
849 1001 967 1061 quae
993 991 1071 1045 sic
1095 1003 1157 1045 se
1189 988 1368 1053 habet,
1400 986 1527 1057 quid
1557 999 1677 1040 esse
1707 984 2017 1055 possitbea-

428 1086 571 1141 tius?
596 1083 929 1154 Quicumque
951 1082 1075 1138 talis
1102 1092 1204 1148 est,
1235 1082 1280 1137 is
1312 1089 1467 1151 portu
1491 1081 1746 1135 continuo
1768 1076 1919 1132 sedet
1946 1076 2015 1132 ab

427 1177 573 1233 omni
599 1185 914 1247 tempestate
954 1175 1110 1242 liber,
1140 1184 1199 1230 et
1224 1174 1522 1229 oblectatur
1555 1173 1608 1227 in
1635 1170 2015 1242 cogitationum

430 1271 828 1342 tranquillitate.
884 1268 1007 1325 Ideo
1058 1268 1304 1325 Christus
1333 1265 1545 1323 dicebat
1582 1283 1597 1320 :
1646 1263 1715 1317 Et
1759 1263 2018 1318 invenietis

430 1364 648 1435 requiem
673 1361 938 1419 animabus
964 1362 1159 1416 vestris.
1196 1358 1379 1429 Itaque
1421 1358 1558 1412 sicut
1586 1356 1675 1427 qui
1703 1354 2018 1410 allectioncs

429 1448 548 1511 illas
572 1454 768 1525 sopivit
794 1454 957 1508 multa
983 1452 1167 1522 requie
1192 1450 1404 1513 fruitur,
1433 1449 1503 1503 ita
1522 1448 1679 1503 deses
1701 1455 1755 1502 et
1772 1445 2012 1514 supinus,

427 1554 483 1603 et
508 1547 596 1617 qui
613 1546 797 1617 nequit
818 1544 1038 1600 an’ectus
1066 1557 1193 1599 suos
1218 1551 1278 1597 ut
1305 1542 1461 1598 decet
1502 1540 1791 1604 moderari,
1818 1553 2013 1610 perpe-

428 1649 521 1693 tuo
548 1634 1034 1710 perturbationibus
1062 1634 1325 1689 obnoxius
1353 1639 1456 1697 est,
1506 1631 1651 1685 domi
1695 1630 1889 1685 bellum
1922 1628 2015 1683 lia-

427 1734 537 1798 bct,
578 1733 793 1789 nemine
832 1738 1097 1802 prasente
1128 1728 1390 1794 turbatur,
1442 1735 1496 1781 et
1525 1739 1755 1796 gravent-
1788 1724 2017 1780 sustinet

429 1833 798 1896 tempestatem
842 1841 855 1877 :
895 1833 1176 1894 propterea
1221 1820 1482 1875 ﬂuctibus
1514 1832 1573 1873 se
1616 1815 2010 1881 extollentibus,

430 1925 486 1971 et
511 1916 873 1971 exorientibus
927 1915 1190 1970 malorum
1231 1910 1516 1982 spirituum
1569 1908 1837 1979 procellis,
1870 1922 2014 1977 scopo

434 2008 558 2061 navi
587 2007 657 2061 ob
680 2004 994 2075 imperitiam
1016 2004 1386 2075 gubernatoris
1412 2002 1678 2065 demersa,
1710 2001 1868 2056 simul
1899 2002 2014 2071 ipse

434 2101 813 2170 submergitur.
838 2100 1063 2155 Proinde
1089 2100 1244 2155 decet
1282 2115 1380 2154 nos
1409 2112 1531 2153 esse
1566 2097 1776 2152 sobrios
1810 2106 1864 2151 et
1887 2095 2016 2167 vigi-
2042 2128 2045 2131 -

440 2195 545 2260 les,
599 2204 652 2249 et
692 2203 1000 2264 perpetuam
1051 2192 1542 2261 indesinentcmquc
1589 2192 1780 2245 anima:
1816 2200 2012 2245 nostra:

434 2284 841 2361 sollicitudinem
883 2285 1100 2340 habere.
1143 2283 1426 2340 Christiani
1454 2286 1599 2339 cnim
1634 2291 1716 2338 est
1759 2282 2013 2337 adversus

429 2374 891 2446 concupiscemus
935 2376 1113 2430 carnis
1150 2390 1364 2445 semper
1410 2376 1464 2430 in
1509 2374 1623 2429 acie
1653 2382 1816 2438 stare,
1866 2373 2034 2442 leges-

427 2468 637 2525 Domini
664 2469 828 2524 nostri
876 2468 1030 2525 nobis
1058 2469 1209 2523 datas
1236 2482 1450 2538 semper
1476 2467 1674 2523 habere
1696 2477 2008 2536 pratsentes,

428 2573 482 2618 et
516 2563 599 2618 his
626 2564 819 2617 muniri
844 2572 1005 2633 atque
1035 2564 1175 2617 illius
1201 2562 1480 2618 tolerantia
1504 2576 1608 2616 non
1641 2560 1808 2627 abuti,
1837 2575 2011 2632 neque

428 2663 759 2724 exspectare,
790 2655 960 2710 donec
987 2671 1046 2710 re
1084 2655 1197 2724 ipsa
1226 2654 1319 2709 ira:
1347 2654 1487 2709 illius
1523 2655 1813 2724 periculum
1851 2653 2013 2707 facia-

428 2764 569 2811 mus,
622 2757 679 2801 ut
707 2756 829 2802 tunc
869 2747 1231 2811 humilicm'ur,
1271 2754 1327 2801 ut
1369 2761 1436 2801 ne
1472 2754 1527 2801 et
1566 2745 1631 2801 de
1677 2745 1830 2801 nobis
1868 2746 2013 2799 dica-

427 2848 533 2905 tur,
579 2836 707 2892 Cum
749 2838 992 2893 occideret
1033 2854 1136 2906 eos,
1182 2846 1299 2892 tunc
1336 2836 1649 2908 inquirebant
1685 2852 1798 2891 eum
1828 2835 2009 2909 (Psal.

426 2928 516 2985 77.
547 2931 611 2985 si
639 2931 685 3003 ).

494 3022 753 3096 Confessio
778 3034 1113 3093 peccatorum.
1136 3056 1206 3066 —
1232 3024 1364 3082 Cum
1394 3026 1553 3097 igitur
1573 3024 1884 3098 adjumento
1912 3041 2010 3081 no-

424 3115 507 3171 bis
534 3133 673 3172 nunc
686 3117 759 3171 sit
773 3117 961 3187 jejtmii
992 3126 1225 3188 tempus,
1253 3117 1535 3182 carissimi,
1560 3132 1749 3174 omnes
1776 3118 1849 3173 ad
1873 3133 2009 3174 con-

424 3206 708 3266 fessionem
758 3222 1097 3281 peccatorum
1144 3220 1447 3267 nostrorum
1491 3211 1820 3278 festinemus,
1863 3212 2010 3268 etab

422 3295 567 3357 omni
589 3302 787 3357 malitia
804 3303 1154 3368 abstinentes,
1178 3317 1522 3359 exerceamus
1546 3303 1772 3359 virtutes
1795 3318 2004 3359 omnes.

420 3388 553 3447 Nam
574 3393 651 3448 sic
671 3404 726 3449 et
749 3394 935 3449 beatus
973 3393 1232 3465 propheta
1264 3393 1431 3450 David
1473 3394 1633 3451 docet
1670 3396 1754 3450 his
1782 3395 1960 3451 verbis
1990 3413 2004 3450 :

423 3482 639 3539 Declina
665 3501 698 3538 a
727 3484 881 3551 malo,
907 3495 955 3539 et
983 3486 1065 3555 [ac
1089 3485 1275 3539 bonum
1318 3485 1487 3559 (Psal.
1514 3487 1609 3542 56.
1633 3488 1746 3559 27).
1778 3487 1931 3554 Quod
1959 3488 2006 3543 si

424 3576 478 3630 in
513 3575 656 3630 hunc
687 3577 902 3631 modum
925 3579 1087 3631 vitam
1112 3586 1347 3632 nostram
1374 3578 1781 3647 instituerimus,
1804 3591 1858 3636 et
1885 3580 2008 3636 abs-

426 3668 664 3722 tinentiae
695 3669 935 3724 ciborum
954 3670 1376 3726 abstinentiama
1403 3672 1546 3727 vitiis
1580 3671 2003 3741 adjnnxcrimus,

424 3759 721 3828 poterimus
742 3768 796 3813 et
825 3773 926 3813 nos
954 3746 1147 3829 majori
1170 3759 1357 3817 lidncia
1387 3762 1511 3830 frui,
1550 3772 1603 3818 et
1645 3762 1944 3820 uberiorem
1973 3780 2003 3822 a

425 3848 538 3905 Deo
563 3849 939 3922 benignitatem
975 3851 1214 3908 obtinere
1253 3865 1307 3909 et
1333 3854 1385 3910 in
1436 3858 1683 3926 prmseuti
1713 3859 1839 3925 vita,
1868 3868 1922 3915 et
1950 3860 2005 3915 in

423 3940 603 3995 futuro
622 3942 713 3997 illo
751 3943 840 3999 die
878 3944 1120 4011 terribili,
1154 3947 1402 4016 precibus
1429 3957 1485 4003 et
1533 3950 2004 4008 intercessionibus

420 4047 607 4089 eorum
635 4035 725 4103 qui
754 4035 853 4105 ipsi
897 4037 1126 4092 maxime
1170 4038 1482 4107 placuerunt
1525 4060 1540 4097 :
1569 4044 1739 4113 gratia
1770 4053 1824 4099 et
1851 4044 2003 4100 beni-

418 4125 620 4194 gnitate
671 4125 880 4181 Domini
921 4128 1086 4182 nostri
1113 4128 1240 4185 Jcsu
1276 4129 1494 4199 Christi,
1546 4150 1668 4188 cum
1711 4149 1820 4205 quo
1860 4135 2000 4191 Patri

418 4217 576 4272 simul
605 4227 660 4275 et
678 4218 895 4288 Spiritui
911 4229 1096 4275 saneto
1116 4221 1184 4276 sit
1203 4223 1391 4292 gloria,
1440 4223 1743 4295 imperium,
1782 4228 1953 4282 honor
1981 4270 2000 4296 ,

419 4322 561 4365 nunc
599 4319 653 4367 et
703 4325 937 4382 semper,
988 4321 1043 4368 et
1092 4312 1145 4368 in
1195 4315 1391 4372 saecula
1417 4317 1760 4373 steculornm.
1799 4320 1996 4375 Amen.

1014 4489 1292 4548 BOMILIA
1342 4493 1408 4549 Χ.

422 4663 727 4721 Exhortatio
747 4664 814 4720 ad
840 4680 934 4720 eos
958 4680 1094 4736 quos
1118 4666 1277 4735 pudet
1297 4678 1416 4739 post
1434 4670 1610 4726 cibum
1624 4683 1891 4743 sumptum
1911 4690 2001 4731 ac-

487 4756 678 4811 cedere
716 4756 781 4810 ad
822 4758 1133 4813 concionem
1161 4759 1542 4829 vespertinam,
1563 4773 1617 4817 et
1658 4764 1708 4817 in
1739 4766 1999 4835 reliquum

487 4857 688 4902 textum
734 4855 873 4918 post,
902 4846 1175 4904 Faciamus
1220 4850 1478 4905 hominem
1514 4853 1791 4908 secundum
1819 4857 2002 4927 imagi-

487 4954 602 4992 nem
628 4949 872 5008 nostram,
914 4947 962 4994 et
989 4940 1266 4995 secundum
1315 4941 1691 4999 similitudinem
1738 4946 1889 5016 (Cen.
1943 4950 1996 5004 1.

486 5030 621 5104 26);
650 5041 706 5087 et
732 5031 798 5088 de
829 5033 909 5088 his
930 5033 1126 5098 verbis,
1170 5033 1238 5088 Et
1280 5036 1396 5105 fecit
1420 5036 1555 5091 Deus
1593 5038 1845 5094 hominem
1869 5057 1888 5105 ,'
1914 5059 1995 5096 se-

485 5123 705 5177 cundum
745 5124 1013 5195 imaginem
1070 5124 1162 5180 Dei
1211 5126 1330 5196 fecit
1382 5126 1529 5183 illum
1551 5147 1571 5196 ,°
1623 5131 1903 5187 masculum
1947 5144 1997 5188 et

488 5214 724 5284 feminam
751 5216 867 5285 fecit
889 5216 1003 5271 illos
1020 5213 1126 5291 (Ib.
1158 5232 1207 5273 9.
1233 5217 1358 5289 27).

485 5414 538 5468 1.
560 5413 735 5470 Hiuor
752 5415 910 5472 hodie
937 5418 1090 5474 nobis
1115 5428 1407 5476 conventus
1425 5420 1610 5489 adest,
1637 5433 1692 5479 et
1718 5426 2002 5495 angustius

409 5504 790 5564 conﬂuentium
804 5509 1088 5567 theatrum.
1110 5510 1239 5582 Cur,
1250 5522 1305 5569 et
1321 5528 1425 5585 qua
1449 5513 1515 5570 de
1526 5529 1683 5571 causa
1700 5516 2000 5578 ?Fortassis

404 5599 573 5673 aliqui
595 5601 922 5662 embuerunt
943 5646 961 5676 ,
986 5613 1107 5677 post
1129 5607 1435 5667 seusibilcm
1470 5622 1711 5668 mensam
1752 5610 1819 5669 ad
1843 5612 2000 5686 spiri-

2125 335 2267 391 tuale
2294 338 2395 392 hoc
2406 338 2594 392 venire
2613 338 2935 407 convivium,
2958 348 3013 397 ct
3038 339 3153 398 haec
3193 343 3323 411 ipsis
3347 354 3431 400 est
3452 345 3711 404 aliseutiae
3758 374 3761 377 -

2121 442 2277 482 causa
2313 429 2449 484 :sed
2489 430 2706 485 audiant
2735 435 3028 501 sapientem
3059 435 3347 504 quamdam
3392 437 3708 496 dicentem:

2122 519 2216 574 Est
2244 522 2474 594 confusio
2501 537 2615 592 qua:
2634 523 2827 578 inducit
2850 537 3125 595 peccatum,
3154 536 3203 581 et
3223 538 3295 582 est
3319 533 3552 601 confusio
3594 532 3729 604 glo-_

2122 614 2201 668 ria
2223 624 2271 669 et
2293 617 2459 686 gratia
2483 615 2676 686 (Εοειὶ.
2695 618 2749 673 6.
2767 617 2879 690 25).
2899 618 3015 674 Non
3033 630 3112 675 est
3130 621 3445 679 confusione
3461 623 3708 695 dignum,

2121 726 2246 766 eum
2276 712 2368 781 qui
2387 714 2682 783 corporalis
2723 731 2923 770 mensa:
2972 719 3239 790 particeps
3268 720 3386 789 fuit,
3427 722 3511 778 ad.
3543 724 3708 794 spiri~

2123 802 2265 857 tuale
2304 806 2605 860 convivium
2646 807 2847 862 venire.
2878 812 2995 865 Non
3043 810 3185 863 enim
3215 821 3274 865 ut
3300 812 3545 869 humana:
3594 831 3721 877 res,

2126 893 2196 948 ita
2224 902 2280 950 et
2306 896 2610 965 spirituales
2637 897 2871 953 delinitis
2898 900 3229 970 temporibus
3270 902 3535 960 distincta:
3552 917 3707 963 sunt.
3746 926 3751 933 ·

2122 984 2369 1041 Sermoni
2412 988 2557 1043 enim
2584 990 2843 1057 spirituali
2872 1006 3034 1048 omne
3070 992 3177 1047 diei
3211 1003 3420 1065 tempus
3458 997 3708 1054 idoneum

2121 1076 2299 1143 fuerit,
2330 1088 2382 1134 et
2403 1079 2527 1149 quid
2548 1080 2668 1136 dico
2682 1081 2787 1137 diei
2812 1093 3019 1152 tempus
3034 1084 3058 1135 't
3071 1083 3253 1155 Neque
3272 1086 3326 1140 si.
3342 1101 3449 1141 nox
3475 1089 3705 1159 ingruat,

2120 1170 2449 1239 spiritualem
2485 1173 2782 1229 doctrinam
2815 1175 3055 1245 impedit.
3102 1176 3390 1247 Propterea
3434 1189 3489 1234 et
3526 1180 3702 1236 Timo-

2122 1262 2251 1319 theo
2290 1262 2405 1319 hare
2450 1265 2713 1325 scribebat
2756 1267 2954 1322 Paulus
3008 1285 3022 1321 :
3074 1267 3223 1323 lnsta
3268 1281 3567 1339 opportune,
3605 1273 3710 1325 imo

2123 1365 2338 1425 portune
2362 1371 2382 1411 :
2402 1374 2578 1429 argue,
2628 1359 2855 1429 increpa,
2888 1359 3091 1415 obsecra
3121 1362 3199 1431 (2.
3232 1360 3365 1416 Tim.
3418 1364 3472 1418 4.
3530 1363 3608 1433 2).
3641 1365 3715 1419 Et

2124 1447 2313 1503 iterum
2358 1449 2481 1504 audi
2535 1451 2745 1505 beatum
2797 1451 2995 1507 Lucam
3053 1451 3318 1509 dicentem
3366 1471 3380 1507 ε
3443 1453 3709 1510 Discessu-

2122 1557 2208 1595 rus
2233 1543 2451 1596 crastino
2492 1542 2691 1598 Paulus
2715 1560 2747 1597 a
2777 1544 2994 1609 Troade,
3027 1545 3298 1600 disserebat
3323 1547 3414 1610 eis,
3443 1554 3493 1601 et
3514 1563 3708 1602 sermo-

2122 1648 2235 1685 nem
2272 1634 2512 1702 produxit
2553 1650 2707 1706 usque
2733 1636 2802 1689 ad
2825 1635 3045 1691 mediam
3082 1648 3279 1692 noctem
3329 1636 3463 1711 (Act.
3489 1639 3583 1695 20.
3610 1638 3705 1708 7).

2120 1722 2384 1795 Numquid
2422 1736 2629 1796 tempus
2656 1726 2870 1783 obfuit?
2898 1728 3005 1796 dic,
3053 1743 3268 1800 quaeso;
3301 1746 3426 1784 num
3449 1730 3710 1786 doctrina:

2121 1829 2427 1871 sermonem
2480 1819 2758 1889 praecidit?
2821 1819 3059 1891 Vigilans
3109 1830 3166 1876 et
3215 1829 3451 1877 attentus
3497 1821 3711 1877 auditor

2121 1908 2279 1964 etiam
2311 1923 2557 1980 pransus,
2603 1911 2706 1968 hoc
2751 1913 3011 1983 spirituali
3057 1923 3321 1971 conventu
3364 1914 3557 1985 dignus
3583 1925 3704 1977 est;

2121 2001 2342 2072 parique
2369 2001 2531 2057 modo
2560 2004 2780 2074 supinus
2804 2014 2859 2059 et
2883 2003 3059 2069 deses,
3109 2005 3559 2077 etiamsijejunus
3584 2022 3709 2077 pes-

2119 2102 2353 2161 maneat,
2382 2093 2513 2148 nihil
2539 2094 2660 2150 inde
2691 2095 2931 2151 utilitatis
2956 2095 3152 2166 capiet.
3243 2143 3254 2155 .

2191 2183 2271 2237 Ad
2317 2184 2604 2253 spiritantia
2649 2185 2903 2255 quomodo
2938 2185 3298 2241 accedendum.
3344 2215 3418 2229 —
3466 2187 3543 2243 Et
3582 2187 3699 2243 lucu

2118 2275 2260 2341 dico,
2307 2291 2411 2330 non
2463 2285 2523 2330 ut
2565 2277 2751 2347 jejunii
2799 2277 3027 2349 rigorem
3066 2278 3306 2338 solvam:
3349 2279 3526 2344 absit;
3577 2294 3697 2334 nam

2119 2369 2342 2423 multum
2384 2368 2542 2424 laudo
2570 2370 2844 2441 proboque
2858 2370 3162 2440 jejuuantes
3193 2390 3207 2427 :
3234 2371 3332 2428 sed
3364 2378 3421 2427 ut
3447 2372 3703 2437 doceam,

2117 2459 2298 2515 sobrio
2325 2461 2561 2531 quodam
2589 2464 2793 2529 animo,
2840 2477 2945 2516 non
2986 2464 3395 2530 consuetudine,
3451 2464 3518 2519 ad
3543 2464 3705 2535 spiri-

2120 2552 2279 2606 tualia
2307 2566 2427 2608 esse
2451 2552 2830 2608 accedendum.
2858 2553 2972 2609 Non
2997 2555 3140 2609 enim
3168 2564 3324 2625 turpe
3369 2555 3545 2621 fuerit,
3574 2572 3698 2611 eum

2116 2643 2207 2713 qui
2233 2645 2411 2699 cibum
2440 2658 2593 2701 antea
2637 2646 2861 2716 accepit,
2888 2646 3076 2702 adesse
3111 2647 3373 2716 Spirituali
3421 2647 3729 2717 doctrinm,-

2116 2736 2210 2791 sed
2236 2736 2428 2806 ignavo
2454 2740 2635 2793 animo
2661 2738 2871 2802 adesse,
2904 2748 2959 2794 et
2992 2738 3060 2793 ab
3100 2738 3468 2796 an‘ectionibus
3494 2743 3696 2808 vexari,

2115 2838 2172 2886 et
2192 2830 2369 2886 carnis
2393 2831 2635 2887 lascivias
2665 2832 2682 2863 ¹
2711 2845 2817 2886 non
2846 2832 3218 2902 comprimere.
3246 2832 3362 2889 Non
3391 2834 3588 2889 malum
3616 2844 3725 2888 est'

2114 2921 2426 2989 comedere;
2457 2922 2627 2979 absit:
2659 2923 2755 2978 sed
2799 2923 2921 2993 gula
2965 2923 3218 2979 danmosa
3245 2933 3350 2991 est,
3396 2933 3452 2980 et
3491 2925 3707 2997 impleri

2116 3011 2236 3083 plus
2264 3022 2441 3084 qnam-
2463 3013 2615 3077 satis,
2645 3027 2709 3069 ac
2735 3013 3097 3084 disrumpere
3119 3025 3361 3071 ventrem
3414 3033 3428 3071 :
3476 3014 3527 3071 id
3554 3016 3711 3086 quod

2114 3104 2281 3171 ipsam
2300 3104 2458 3158 etiam
2485 3103 2649 3171 illam,
2669 3120 2786 3176 qua:
2811 3121 2875 3161 ex
2895 3106 3213 3163 ciboltaberi
3236 3115 3430 3177 potest,
3454 3107 3707 3179 volupta-

2115 3208 2220 3252 tem
2249 3196 2504 3264 oﬂ’endit;
2533 3198 2983 3269 quemadmodum
3032 3200 3162 3255 nihil
3201 3200 3325 3255 mali
3376 3210 3478 3267 est,
3512 3202 3696 3257 vinum

2113 3290 2178 3344 ad
2220 3302 2523 3347 mensuram
2552 3290 2753 3355 bibere,
2781 3290 2877 3346 sed
2912 3291 3153 3347 ebrietati
3203 3306 3263 3346 se
3287 3291 3504 3359 dedere,
3535 3301 3591 3348 et
3615 3293 3698 3349 iu-

2112 3384 2462 3453 temperantia
2505 3382 2763 3454 judicium
2812 3384 3031 3440 rationis
3073 3369 3402 3440 subvertere.
3444 3386 3692 3450 Etenim,

2112 3475 2337 3543 dilecte,
2364 3476 2409 3530 si
2435 3474 2504 3529 ob
2533 3475 2772 3543 corporis
2800 3474 3214 3530 imbecillitatem
3245 3489 3349 3529 non
3377 3485 3530 3544 potes
3549 3476 3692 3546 jeju-

2111 3581 2211 3622 nus
2239 3566 2377 3622 diem
2402 3566 2714 3635 producere,
2747 3566 2925 3620 nullus
2950 3566 3040 3635 qui
3063 3567 3236 3636 sapiat
3263 3577 3480 3637 promer
3509 3566 3610 3624 hoc
3642 3578 3694 3627 te

2110 3672 2331 3730 arguere
2360 3657 2571 3727 poterit.
2595 3656 2874 3711 Dominum
2902 3657 3044 3712 enim
3073 3656 3330 3712 habemus
3351 3668 3711 3715 mansuetum'

2109 3766 2174 3807 ac
2193 3751 2496 3822 benignum,
2521 3760 2577 3805 et
2598 3749 2736 3804 nihil
2758 3764 2923 3820 supra
2944 3751 3085 3807 vires
3111 3759 3321 3807 nostras
3341 3766 3372 3807 a
3403 3752 3556 3807 nobis
3575 3752 3691 3807 exi-

2108 3856 2340 3916 gentem.
2369 3844 2552 3916 Neque
2577 3846 2718 3901 enim
2765 3846 3138 3902 abstinentiam
3164 3861 3199 3901 an
3222 3846 3355 3903 cibis
3381 3857 3435 3903 ct
3459 3847 3688 3903 inediam

2107 3937 2421 4006 simpliciter
2443 3952 2473 3992 a
2501 3938 2656 3993 nobis
2676 3938 2859 4009 exigit,
2892 3954 3066 4009 neque
3087 3938 3193 3995 hoc
3215 3939 3409 4009 ipsum,
3442 3950 3502 3995 ut
3519 3942 3687 4011 jejuni

2109 4027 2445 4083 solummodo
2470 4042 2893 4098 permaneamus,
2922 4030 3017 4084 sed
3056 4039 3162 4084 uta
3188 4032 3530 4088 saecularibus
3558 4047 3689 4102 ope-

2108 4120 2257 4176 ribus
2286 4135 2382 4175 nos
2406 4120 2737 4188 abdicantes,
2767 4137 2926 4178 omne
2961 4132 3200 4177 nostrum
3230 4124 3395 4177 otium
3427 4125 3481 4179 in
3533 4126 3689 4194 spiri-

2106 4211 2337 4268 tualibus
2376 4227 2770 4270 consumamini.
2824 4213 2954 4269 Nam
2999 4216 3043 4272 si
3093 4215 3268 4271 sobria
3317 4226 3495 4273 mente
3524 4219 3709 4273 vitam‘

2106 4311 2340 4358 nostram
2371 4305 2796 4368 instituet-emus,
2813 4314 2869 4363 et
2895 4304 3149 4378 quidquid
3172 4309 3268 4363 otii
3295 4307 3473 4376 datur,
3498 4309 3549 4363 in
3576 4310 3690 4379 spi-

2106 4394 2311 4449 ritualia
2337 4396 2767 4466 impenderemus
2799 4415 2813 4453 :
2843 4406 2899 4454 et
2927 4399 3077 4454 cibos
3124 4401 3195 4456 ita
3239 4416 3597 4469 sumeremus,
3630 4413 3689 4458 ut

2106 4497 2309 4543 tantum
2362 4506 2717 4559 sumeremus,
2760 4502 3015 4563 quantum
3068 4509 3195 4549 usus
3233 4496 3420 4565 exigit,
3449 4506 3503 4551 et
3524 4496 3709 4551 vitam

2107 4587 2270 4636 totam
2323 4581 2377 4636 in
2417 4582 2569 4637 bouis
2588 4582 2840 4652 operibus
2882 4582 3337 4653 dispensaremus,
3380 4586 3489 4654 jam
3541 4586 3691 4640 nullo

2103 4686 2239 4742 opus
2284 4683 2427 4729 esset
2469 4688 2535 4728 ex
2571 4673 2788 4745 jejuniis
2831 4674 3159 4744 adjumento.
3212 4674 3318 4731 Sed
3363 4675 3486 4745 quia
3517 4676 3687 4746 negli-

2102 4779 2233 4836 gens
2279 4774 2362 4821 est
2386 4764 2613 4820 humana
2652 4777 2860 4831 natura,
2914 4776 2967 4821 et
3005 4766 3209 4821 deliciis
3244 4767 3468 4837 gaudet,
3524 4778 3685 4823 etre-

2105 4857 2400 4914 laxationes
2425 4857 2615 4928 qumrit
2641 4874 2656 4911 :
2685 4857 2883 4911 idcirco
2909 4866 3175 4929 tamquam
3204 4858 3270 4913 ad
3300 4873 3535 4913 amorem
3558 4874 3689 4928 pro-

2106 4948 2169 5001 lis
2199 4960 2494 5017 propensus
2516 4956 2668 5016 pater
2685 4947 2925 5002 clemens
2952 4947 3206 5004 Dominus
3230 4948 3366 5003 hanc
3394 4964 3459 5002 ex
3485 4944 3688 5018 jejunio

2104 5038 2419 5094 medicinam
2447 5038 2782 5109 excogitavit,
2815 5045 2874 5093 ut
2900 5049 2954 5094 et
2977 5038 3200 5095 delicata
3230 5054 3260 5095 e
3296 5039 3471 5093 medio
3493 5039 3685 5092 tollan-

2105 5140 2190 5186 tur
2215 5141 2270 5186 et
2289 5130 2624 5189 szecularium
2650 5147 2832 5187 curam
2851 5131 2917 5187 ad
2947 5132 3241 5202 spiritualia
3268 5146 3429 5200 Opera
3451 5128 3684 5185 transfe-

2104 5238 2303 5279 ramus.
2330 5222 2387 5280 Si
2409 5223 2568 5295 igitur
2589 5234 2716 5281 sunt
2743 5224 2911 5296 aliqui
2934 5232 3243 5295 praesentes,
3277 5235 3413 5292 quos
3439 5221 3685 5291 corporis

2102 5326 2245 5371 vetat
2267 5315 2548 5372 inﬁrmitas
2568 5316 2780 5388 jejunos
2807 5327 2860 5371 et
2893 5316 3191 5387 impransos
3234 5326 3568 5385 permanere.
3592 5316 3705 5367 eos'

2101 5405 2288 5463 hortor
2332 5415 2388 5462 ut
2413 5408 2653 5478 corporis
2688 5406 3047 5462 inﬁrmitatem
3093 5413 3302 5470 curent,
3329 5415 3385 5461 et
3424 5403 3683 5475 spirituali

2134 5564 2184 5636 ,ι
2221 5562 2519 5636 sie_omues._
2544 5573 2723 5626 praeter
2746 5562 2906 5616 ttorel.
2931 5563 3013 5629 qui
3048 5562 3217 5628 habet,
3258 5562 3510 5618 tibidiman
3545 5562 3691 5618 lassis

2100 5632 2400 5687 “immitius
2422 5632 2587 5676 recte.
