4104 6196
364 266 435 322 83
1107 260 1164 316 S.
1203 259 1478 320 JOANNIS
1498 257 1972 316 CHRYSOSTOMI
2011 256 2330 316 ARCHIEP.
2369 258 2898 316 CONSTANTINOP.
3564 261 3636 321 ει

361 381 464 434 hac
485 375 724 434 doctrina
754 389 860 431 non
896 372 1068 429 solum
1097 387 1206 428 non
1243 371 1540 444 priventur,
1567 371 1734 428 sedet
1753 372 1934 444 pransi

363 470 483 540 plus
509 467 795 525 exhibeant
816 465 999 522 studii.

432 561 490 615 Ξ.
524 557 634 614 γεω
687 556 899 612 diverse
951 556 1135 629 quibus
1189 557 1284 612 Dei
1321 557 1662 613 benevolentia
1725 556 1950 627 acquiri-

357 665 461 707 tur.
492 680 565 693 --
588 649 723 706 Sunt
751 649 918 716 enim,
961 659 1086 705 sunt
1117 648 1358 720 profecto
1384 650 1482 705 via:
1509 649 1719 719 quibus
1747 647 1952 704 ﬁducia:

357 746 424 800 ad
459 745 624 802 Deum
646 745 824 814 janua:
843 745 1038 814 aperiri
1068 753 1313 814 possunt,
1345 743 1516 798 multo
1539 742 1772 814 majores
1789 756 1950 812 quam

359 837 602 894 ciborum
627 836 971 892 abstinentia.
1005 835 1167 908 Igitur
1192 837 1281 906 qui
1319 835 1494 890 cibum
1521 833 1715 904 accipit
1737 840 1790 888 et
1805 831 1952 903 jeju-

361 944 493 983 nare
537 943 645 982 nou
672 927 832 991 valet,
865 927 1146 998 largiorem
1177 926 1268 982 det
1295 926 1714 996 eleemosynam,
1743 923 1953 981 ferven-

358 1025 464 1076 tiur
491 1021 564 1076 sit
593 1021 647 1076 in
678 1020 941 1090 precibus,
998 1020 1254 1089 majorem
1291 1020 1484 1076 habeat
1522 1019 1852 1074 alacritatem
1897 1017 1952 1072 in

359 1112 645 1169 audiendis
659 1112 853 1168 divinis
877 1112 1125 1182 eloquiis,
1148 1113 1198 1166 in
1215 1111 1656 1182 quibuscorporis
1677 1109 1954 1172 inﬁrmitas

361 1205 495 1259 nihil
548 1203 762 1260 obstare
813 1211 1032 1273 potest:
1066 1203 1295 1258 inimicis
1333 1201 1745 1268 reconcilietur,
1791 1216 1953 1258 omne

361 1295 544 1350 odium
571 1305 625 1349 et
657 1292 902 1348 vindicta:
926 1293 1270 1363 cupiditatem
1309 1307 1376 1348 ex
1394 1292 1573 1348 animo
1607 1292 1864 1348 eliminet.
1895 1290 1953 1346 Si

365 1389 480 1443 haec
504 1387 707 1452 fecerit,
736 1402 922 1441 verum
955 1385 1217 1456 jejunavit
1234 1385 1518 1456 jejunium,
1568 1383 1712 1455 quod
1738 1398 1769 1441 a
1799 1383 1953 1441 nobis

371 1478 706 1550 potissimum
733 1477 974 1548 exposcit
992 1477 1270 1533 Dominus.
1292 1477 1579 1546 Propterea
1595 1476 1736 1532 enim
1763 1475 1904 1530 hanc
1921 1491 1953 1531 a

366 1571 505 1626 cibis
524 1569 902 1625 abstinentiam
931 1567 1174 1624 adhiberi
1216 1568 1478 1640 praecipit,
1514 1575 1578 1624 ut
1618 1565 1952 1624 refrenantes

366 1661 543 1717 carnis
573 1660 840 1728 lascivias,
865 1675 986 1715 eam
1005 1659 1390 1730 obsequentem
1410 1657 1699 1716 reddamus
1717 1657 1785 1714 ad
1801 1673 1953 1714 man-

365 1753 489 1808 data
517 1751 616 1807 Dei
641 1750 931 1821 implenda.
957 1750 1109 1822 Quod
1134 1750 1182 1807 si
1207 1751 1277 1806 ob
1307 1749 1675 1809 inﬁrmitatem
1712 1750 1954 1821 corporis

365 1844 658 1900 stilisidium
682 1843 802 1909 hoe,
830 1843 972 1914 quod
990 1842 1253 1913 jejunium
1279 1849 1497 1914 pmstat
1516 1841 1670 1897 nobis
1697 1840 1954 1897 adhibere

365 1938 634 2004 nolumus,
659 1945 714 1993 et
740 1935 960 1992 desidia:
987 1934 1280 1992 deditiores
1309 1948 1515 1999 sumus,
1541 1934 1770 1990 maxima
1798 1933 1953 1990 nobis

366 2028 500 2099 ipsis
519 2027 713 2082 damna
740 2026 1106 2097 imprudentes
1128 2025 1420 2082 aﬂcrimus.
1442 2025 1575 2081 Nam
1599 2025 1645 2079 si
1663 2024 1946 2094 jejunium,

365 2120 677 2176 absentibus
702 2119 822 2175 aliis
847 2117 1114 2190 praedictis
1140 2118 1416 2189 operibus,
1443 2116 1578 2172 nihil
1612 2115 1766 2178 nobis
1791 2115 1953 2187 prodo

365 2221 473 2281 est,
503 2213 670 2269 multo
708 2215 896 2284 magis,
923 2213 969 2268 si
998 2227 1120 2268 cum
1136 2211 1327 2283 jejunii
1373 2211 1663 2282 pharmaco
1711 2212 1786 2268 uti
1841 2226 1949 2268 non

365 2305 672 2374 possimus,
729 2304 1030 2375 graviorem
1097 2303 1472 2374 negligentiam
1530 2302 1946 2359 exbibuerimus.

367 2394 496 2452 llaec
518 2404 698 2452 autem
723 2410 845 2451 cum
868 2411 901 2450 a
929 2395 1089 2451 nobis
1129 2395 1447 2463 didiceritis,
1475 2410 1694 2452 oramus
1720 2411 1838 2464 vos,
1860 2396 1953 2468 qui

363 2488 608 2558 jejunare
630 2489 837 2556 valetis,
863 2497 922 2543 ut
941 2489 1041 2559 ipsi
1067 2499 1324 2560 quantum
1362 2491 1628 2559 poteritis,
1671 2491 1867 2546 bonam
1891 2500 1951 2547 et

368 2577 690 2633 laudabilem
715 2579 853 2635 hanc
871 2589 1102 2636 vestram
1114 2580 1356 2650 augeatis
1369 2579 1722 2651 diligentiam.
1750 2581 1952 2648 Quanto

366 2668 513 2733 enim
545 2683 780 2725 externus
822 2682 992 2725 noster
1019 2670 1169 2725 homo
1199 2673 1562 2744 corrumpitur,
1608 2681 1750 2728 tanto
1798 2673 1954 2729 inter-

367 2777 465 2816 nus
489 2771 761 2816 renouatur
786 2762 862 2827 (3.
894 2761 1016 2818 Cor.
1046 2761 1253 2834 4.16).
1274 2761 1544 2833 ieiunium
1575 2764 1720 2820 enim
1757 2778 1952 2835 corpus

367 2849 690 2921 comprimit,
713 2859 770 2907 et
795 2851 1040 2909 lascivias
1064 2852 1396 2908 inordinatus
1419 2853 1676 2920 refrenat,
1705 2854 1942 2912 animam

368 2950 550 2997 autem
583 2942 865 2998 clariorem
891 2943 1076 3008 efﬁcit,
1107 2943 1209 2998 alis
1236 2943 1452 2998 instruit
1479 2952 1535 2999 et
1561 2944 1846 3000 sublimem
1873 2945 1951 3001 le-

366 3047 598 3104 vemque
645 3031 790 3088 facit.
821 3032 1037 3088 Fratres
1063 3047 1282 3103 quoque
1321 3041 1550 3101 vestros,
1596 3042 1858 3104 quotquot
1881 3035 1953 3091 ob

368 3123 609 3193 corporis
631 3123 986 3180 valetudinem
1002 3122 1246 3194 jejunare
1261 3133 1550 3195 nequeunt,
1573 3125 1948 3193 exhortemini,

370 3229 441 3271 ne
479 3214 809 3284 spiritualem
841 3215 978 3270 hanc
1006 3229 1247 3269 mensam
1287 3215 1612 3285 relinquant,
1638 3225 1694 3272 et
1722 3216 1789 3272 ad
1833 3217 1951 3274 illos

369 3305 566 3364 referte
589 3321 709 3376 qute
731 3321 762 3360 a
807 3305 963 3361 nobis
1000 3305 1299 3362 didiceritis
1322 3348 1339 3374 ,
1381 3307 1676 3364 indicantes
1700 3324 1821 3365 eum
1860 3309 1952 3379 qui

371 3393 646 3450 moderate
672 3394 906 3450 comedit
929 3403 985 3451 et
1004 3393 1139 3450 bibit
1163 3410 1273 3451 non
1306 3395 1579 3468 indignum
1606 3397 1708 3454 hoc
1744 3397 1954 3456 audito-

371 3485 454 3542 rio
469 3499 610 3551 esse,
637 3485 730 3541 sed
745 3501 868 3544 eum
884 3487 975 3556 qui
1012 3486 1168 3546 deses
1190 3495 1246 3543 et
1266 3486 1555 3544 dissolutus
1582 3489 1673 3546 sit.
1701 3489 1773 3545 Et
1791 3489 1954 3547 dicite

369 3577 486 3636 eisi
513 3579 869 3648 apostolicum
891 3579 994 3635 hoc
1033 3579 1237 3635 dictum
1269 3596 1284 3634 :
1313 3579 1382 3634 Et
1409 3581 1496 3651 qui
1514 3581 1807 3647 manducet,
1835 3583 1948 3639 Do-

368 3668 506 3728 mino
549 3668 821 3733 manducet
874 3684 894 3723 :
934 3679 983 3724 et
1006 3670 1094 3741 qui
1121 3687 1223 3726 non
1245 3671 1539 3738 manducet,
1583 3671 1801 3730 Domino
1844 3692 1948 3733 non

367 3760 658 3827 manducet,
690 3771 739 3816 et
783 3763 977 3832 gratias
1002 3762 1106 3832 agit
1155 3761 1261 3817 Deo
1303 3761 1478 3834 (Rom.
1518 3759 1611 3818 NI
1647 3765 1738 3836 6).
1789 3766 1948 3837 Igitur

365 3850 457 3921 qui
475 3849 701 3922 jejunat,
727 3851 924 3923 gratias
942 3851 1052 3922 agit
1083 3851 1327 3918 Domino,
1358 3853 1446 3922 qui
1481 3853 1622 3908 vires
1668 3855 1717 3909 ei
1763 3856 1948 3912 tribuit

370 3940 440 3996 ad
478 3939 734 3997 ferendos
770 3940 962 4011 jejunii
993 3941 1206 3996 labores
1238 3957 1252 3994 :
1297 3950 1352 3995 et
1379 3942 1468 4012 qui
1497 3942 1798 4012 manducat,
1844 3947 1945 4002 ite-

369 4046 488 4086 rum
513 4031 712 4100 gratias
737 4031 848 4102 agit
885 4031 1016 4097 Deo,
1045 4031 1167 4103 quia
1188 4031 1241 4088 id
1272 4032 1404 4088 nihil
1429 4034 1600 4104 ipsum
1624 4035 1818 4092 ludere
1849 4051 1944 4107 po-

368 4128 494 4188 test,
529 4121 811 4192 quominus
834 4121 1028 4178 anima:
1070 4121 1296 4178 salutem
1317 4132 1458 4194 agat,
1481 4123 1644 4180 modo
1671 4126 1818 4180 velit.
1843 4125 1946 4184 Tot

365 4211 515 4266 enim
540 4212 693 4268 nobis
723 4212 834 4270 vias
885 4212 1090 4282 paravit
1131 4212 1390 4282 benignus
1438 4213 1599 4280 Deus,
1625 4224 1758 4286 quot
1789 4231 1944 4272 enar-

363 4317 489 4358 rare
522 4317 630 4358 non
657 4317 961 4374 possumus,
998 4318 1095 4374 per
1134 4319 1297 4374 quas,
1329 4305 1375 4360 si
1405 4305 1754 4374 voluerimus,
1793 4323 1942 4364 sum-

363 4407 512 4448 mam
547 4391 792 4450 liduciam
828 4394 1039 4464 assequi
1080 4394 1224 4450 licet.
1262 4396 1386 4452 Hrec
1437 4407 1652 4468 propter
1695 4399 1944 4458 absentes

365 4482 567 4538 dixisse
586 4484 652 4542 sit
681 4484 835 4551 satis,
866 4494 926 4542 ut
961 4485 1178 4544 tollatur
1219 4486 1297 4542 eis
1337 4488 1558 4558 pudoris
1587 4491 1857 4557 obtentus,
1890 4502 1944 4551 et

363 4575 584 4644 sciatur,
612 4591 718 4632 non
761 4586 1010 4648 oportere
1039 4585 1257 4649 propter
1285 4577 1387 4635 hoc
1413 4579 1618 4652 pudore
1669 4582 1901 4640 sull‘undi
1927 4603 1941 4641 :

363 4682 542 4739 neque
576 4668 720 4727 enim
762 4669 1062 4728 comedisse
1108 4670 1372 4745 pudorem
1419 4673 1575 4730 nobis
1623 4675 1797 4744 an‘ert,
1847 4678 1944 4734 sed

361 4757 488 4818 mali
517 4761 787 4834 quidpiam
813 4762 1006 4835 egisse.

432 4848 696 4924 Confessio
721 4863 1056 4924 peccatorum.
1075 4853 1430 4926 Temperantia
1447 4856 1516 4921 ad
1539 4857 1801 4914 sanitatem
1816 4875 1940 4917 con-

361 4943 521 4998 ducit.
544 4973 619 4986 —
647 4944 925 5001 Peccatum
968 4962 1158 5020 magna
1187 4948 1456 5019 turpitudo
1481 4957 1564 5006 est
1588 4967 1602 5007 :
1641 4953 1684 5008 si
1716 4951 1816 5009 hoc
1842 4954 1941 5010 ad-

363 5035 644 5102 mittimus,
675 5050 782 5092 non
808 5037 981 5093 solum
1005 5040 1320 5096 erubescere
1343 5039 1620 5108 debemus,
1650 5043 1745 5100 sed
1765 5053 1820 5100 et
1843 5059 1940 5102 nos

342 5124 650 5191 occultare,
696 5133 753 5182 et
795 5125 1021 5182 miseros
1065 5126 1243 5183 dicere
1282 5143 1381 5185 nos
1428 5129 1573 5200 ipsos
1605 5145 1712 5188 non
1741 5135 1937 5203 minus,

357 5231 522 5286 quam
565 5218 656 5289 qui
683 5218 739 5274 in
767 5219 1041 5290 scopulum
1085 5219 1454 5293 impegerunt:
1484 5223 1592 5282 imo
1616 5239 1788 5296 neque
1815 5235 1941 5283 tunc

357 5306 695 5377 despondere
736 5308 972 5368 animum
993 5351 1008 5376 ,
1058 5309 1152 5366 sed
1177 5310 1244 5368 ad
1271 5311 1660 5372 confessionem
1679 5356 1699 5385 ,
1727 5324 1779 5370 et
1802 5318 1939 5373 resi-

362 5399 671 5466 piscentiam
715 5399 970 5458 festinare
1012 5400 1288 5458 debemus.
1334 5402 1646 5475 Huiusmodi
1688 5407 1830 5462 enim
1858 5415 1940 5465 est

360 5488 616 5545 Dominus
641 5499 846 5558 noster,
869 5491 960 5561 qui
983 5489 1117 5548 nihil
1140 5491 1280 5549 aliud
1310 5494 1532 5566 requirit
1554 5476 1937 5568 admisso‘pec-

423 5622 447 5696 ιγ
475 5627 590 5696 tteg.
617 5635 760 5696 unus,
784 5621 1051 5696 indignum
1067 5627 1284 5696 'fructtnn
1303 5641 1367 5678 ea:
1402 5627 1476 5696 bis
1498 5629 1794 5683 sermonibus
1814 5628 1944 5683 acci-

357 5681 603 5752 pnndunt.
629 5691 684 5736 El
706 5684 850 5739 dicite
871 5687 957 5749 eis,
1191 5691 1504 5754 interpositis.

2058 381 2198 438 cato,
2225 371 2273 430 si
2307 371 2521 442 quando
2559 386 2653 442 per
2696 371 2956 444 ignaviam
3001 370 3337 446 deliquimus,
3381 388 3540 444 quam
3577 385 3640 432 ut

2058 472 2238 519 errata
2280 462 2650 529 contiteamur,
2701 478 2802 522 nec
2845 463 2982 520 ultra
3023 448 3441 536 progrediamur,
3467 465 3554 522 vel
3583 464 3638 523 in

2057 553 2244 612 eadem
2279 553 2600 611 recidamus.
2644 553 2907 611 Caeterum
2947 568 3070 611 cum
3111 555 3232 612 cibo
3260 565 3457 612 nostra:
3482 571 3638 613 men-

2056 661 2198 702 surtn
2243 646 2556 718 cnngruenti
2600 647 2832 714 utimur,
2885 662 3170 719 numquam
3214 647 3638 708 erubescamus:

2057 753 2184 794 nam
2212 739 2468 800 Dominus
2492 753 2589 794 nos
2614 738 2706 794 tali
2733 740 2945 809 corpori
2968 738 3279 810 conjunctos
3307 754 3428 796 esse
3452 740 3640 805 voluit,

2058 829 2199 900 quod
2220 831 2376 887 aliter
2399 829 2691 886 consistere
2718 829 2899 902 nequit
2924 829 3025 886 nisi
3054 830 3173 886 cibo
3193 841 3458 902 pascatur,
3480 831 3640 891 modo

2057 921 2234 978 cibum
2264 921 2487 978 nimium
2515 936 2584 978 ne
2607 935 2884 977 sumamus
2915 937 2929 974 :
2961 920 3014 976 id
3042 921 3183 992 quod
3212 920 3366 980 nobis
3389 921 3457 978 ad
3494 923 3642 978 sani-
3727 933 3729 936 ‘

2059 1021 2222 1070 tatem
2287 1023 2342 1070 et
2388 1013 2628 1084 corporis
2689 1013 2882 1068 bonam
2936 1011 3300 1072 habitudinem
3357 1011 3640 1084 plurimum

2057 1103 2324 1162 conducit.
2359 1107 2549 1160 Annon
2574 1103 2762 1160 videtis
2789 1102 3026 1174 quotidie
3049 1118 3116 1160 ex
3139 1104 3462 1174 sumptuosis
3482 1119 3639 1160 meno

2057 1199 2208 1260 siset
2245 1197 2529 1256 immodica
2575 1197 2804 1268 ingluvie
2843 1196 3048 1264 inﬁnita
3090 1197 3398 1254 morborum
3443 1212 3641 1268 genera

2059 1293 2274 1354 induci?
2319 1294 2469 1354 Unde
2515 1294 2799 1365 podagrm?
2841 1292 2987 1350 Unde
3009 1293 3199 1363 capitis
3221 1291 3472 1347 dolores?
3502 1289 3642 1346 unde

2058 1393 2429 1454 corruptorum
2475 1383 2758 1439 humorem
2796 1381 3154 1439 abundantia?
3201 1381 3340 1438 unde
3378 1380 3642 1438 innumeri

2057 1475 2146 1531 alii
2168 1475 2376 1531 morbi?
2399 1473 2586 1530 Nonne
2611 1474 2679 1530 ab
2699 1473 3108 1545 intemperantia
3136 1482 3190 1529 et
3213 1472 3459 1544 largiore,
3481 1487 3642 1543 quam

2057 1585 2153 1640 par
2179 1571 2268 1636 sit,
2311 1571 2418 1626 viui
2464 1570 2631 1640 potu?
2671 1569 2803 1624 Nam
2846 1569 2984 1625 sicut
3027 1569 3198 1635 navis,
3244 1583 3362 1638 quae
3386 1565 3536 1636 aquis
3569 1566 3641 1624 ita

2057 1665 2327 1737 impletur,
2353 1674 2411 1720 ut
2453 1663 2720 1720 exhauriri
2749 1671 2995 1734 nequeat,
3028 1666 3205 1718 statim
3243 1660 3640 1731 submergitur:

2058 1756 2130 1814 ita
2158 1768 2212 1812 et
2242 1758 2402 1811 homo
2427 1755 2638 1826 quando
2665 1754 2898 1824 crapula:
2923 1762 2979 1809 et
3004 1752 3247 1809 ebrietati
3283 1752 3516 1822 scipsum
3544 1751 3641 1807 de-

2056 1846 2213 1914 didit,
2246 1846 2298 1902 in
2328 1861 2564 1916 praeceps
2590 1843 2756 1910 vadit,
2788 1853 2843 1900 et
2865 1844 3122 1900 rationem
3149 1859 3298 1899 suam
3325 1842 3639 1912 submergit,

2057 1937 2285 2011 denique
2308 1938 2451 2011 jacet
2490 1939 2640 2010 quasi
2689 1939 2863 1993 vivum
2892 1937 3140 2004 cadaver,
3169 1936 3236 1990 ad
3261 1935 3402 1990 mala
3427 1932 3640 2005 quidem

2056 2029 2326 2101 cperanda
2373 2045 2518 2102 smpe
2559 2028 2769 2096 habilis,
2810 2029 2877 2083 ad
2907 2029 3045 2084 bona
3073 2035 3250 2084 autem
3274 2026 3452 2082 omnia
3473 2024 3642 2082 nihilo

2056 2137 2117 2179 se
2142 2122 2334 2179 melius
2371 2122 2596 2189 habens,
2625 2136 2784 2192 quam
2812 2120 3029 2176 mortui.

2130 2214 2187 2270 ὅ.
2226 2213 2427 2271 Idcirco
2458 2214 2701 2279 obsecro,
2731 2221 2789 2268 ut
2813 2211 3102 2268 secundum
3142 2211 3355 2268 beatum
3396 2210 3636 2276 Paulum,

2057 2305 2236 2382 Carnis
2274 2321 2450 2360 curam
2491 2323 2554 2360 ne
2594 2305 2756 2376 agatis
2784 2305 2852 2358 ad
2887 2303 3314 2375 concupiscentius
3343 2301 3514 2375 (Rom.
3549 2302 3639 2360 13.

2056 2398 2169 2468 id),
2194 2397 2290 2454 sed
2327 2406 2384 2453 ut
2422 2398 2634 2467 possitis
2682 2396 2993 2462 subsistere,
3036 2404 3090 2451 et
3129 2393 3320 2466 majori
3369 2393 3642 2449 alacritate

2054 2488 2214 2544 rebus
2260 2488 2621 2558 spiritualibus
2665 2501 2883 2557 operam
2913 2485 3062 2562 dare.
3103 2485 3231 2540 llaec
3253 2485 3429 2540 omnia
3459 2483 3639 2540 fratri—

2055 2578 2155 2634 bus
2181 2579 2368 2634 vestris
2406 2578 2585 2646 dicite,
2616 2587 2668 2634 et
2698 2576 2916 2632 suadete
2947 2575 3072 2640 illis,
3101 2591 3168 2630 ne
3195 2591 3442 2646 umquam
3477 2575 3637 2646 Spiri-

2057 2669 2181 2730 tuali
2213 2667 2314 2724 hoc
2348 2668 2602 2724 alimento
2630 2683 2688 2724 se
2715 2668 2957 2738 privent;
3007 2666 3102 2722 sed
3141 2667 3239 2722 etsi
3285 2666 3464 2736 pransi
3505 2667 3636 2730 sint,

2056 2759 2271 2816 veniant
2298 2759 2442 2816 omni
2471 2773 2592 2815 cum
2616 2758 2910 2825 alacritate,
2938 2767 2998 2814 ut
3024 2768 3238 2828 accepta
3267 2757 3354 2812 hic
3374 2757 3637 2828 spirituali

2056 2851 2321 2920 doctrina,
2351 2852 2622 2908 diabolicis
2653 2852 2857 2908 insidiis
2895 2851 3102 2908 fortiter
3128 2851 3383 2908 resistere
3411 2853 3638 2922 possint.

2053 2943 2319 3001 Caeterum
2362 2943 2515 2998 vobis
2559 2953 2866 3000 consuetam
2913 2943 3240 3014 spiritualem
3273 2958 3510 2999 mensam
3540 2957 3638 2998 nos

2054 3049 2406 3107 apponamus,
2432 3036 2668 3092 caritatis
2695 3045 2888 3091 vestrm
2917 3035 2970 3090 in
3001 3034 3276 3090 audiendis
3301 3034 3498 3090 divinis
3525 3044 3637 3091 stu-

2055 3126 2198 3182 dium
2229 3125 2306 3182 sic
2345 3127 2754 3195 remuneraturi,
2783 3137 2834 3183 et
2864 3125 3100 3182 debitum
3129 3127 3269 3196 quod
3298 3126 3636 3196 promisimus

2053 3217 2368 3274 exsoluturi.
2414 3219 2573 3275 Scitis
2605 3218 2747 3274 enim
2795 3218 3031 3285 omnino,
3073 3227 3128 3273 et
3154 3217 3493 3284 meministis,
3536 3233 3635 3273 nos

2053 3306 2124 3365 de
2167 3309 2394 3366 hominis
2441 3308 2757 3366 formatione
2796 3310 2977 3366 dicere
3013 3310 3260 3381 coepisse,
3305 3319 3359 3365 ct
3394 3311 3634 3380 angustia

2054 3401 2309 3471 temporis
2354 3401 2694 3472 prmpeditos,
2735 3401 3016 3456 lectionem
3046 3410 3208 3456 totam
3243 3399 3498 3471 perlicere
3527 3417 3634 3458 non

2053 3494 2311 3560 valentes,
2355 3494 2409 3552 in
2459 3492 2699 3549 doctrina
2742 3492 2809 3547 de
2855 3491 3086 3548 ferarum
3115 3491 3339 3548 utilitate
3366 3493 3524 3546 tinem
3551 3490 3632 3546 fc-

2050 3585 2214 3651 cisse,
2238 3584 2601 3650 ostendentes,
2648 3582 2917 3640 hominem
2963 3593 3179 3656 propter
3219 3582 3632 3638 inobedientiam

2050 3690 2082 3731 a
2109 3675 2427 3747 principatu,
2469 3690 2628 3747 quem
2677 3675 2824 3746 prius
2869 3689 3028 3745 super
3068 3688 3159 3729 eas
3196 3673 3442 3739 habebat,
3481 3674 3630 3729 exci-

2051 3766 2213 3826 disse.
2235 3764 2390 3823 Unde
2418 3766 2576 3823 hodie
2599 3769 2737 3837 quod
2759 3765 3022 3837 reliquum
3044 3774 3126 3820 est
3144 3765 3447 3831 reddemus,
3473 3772 3630 3834 atque

2050 3857 2122 3912 ita
2175 3857 2446 3918 hincvos
2495 3857 2842 3913 dimittemus.
2895 3856 2964 3910 Et
3013 3853 3448 3911 ut‘manil‘estior
3480 3854 3629 3909 vobis

2050 3962 2228 4003 sermo
2273 3955 2454 4002 noster
2496 3949 2584 4014 sit,
2628 3962 2807 4017 operte
2847 3947 3073 4016 pretium
3100 3946 3259 4001 fuerit
3300 3945 3622 4009 meminisse,

2051 4040 2139 4096 ubi
2178 4047 2306 4095 tunc
2343 4038 2564 4094 missum
2592 4039 2875 4093 fecerimus
2903 4051 3227 4100 sermonem,
3255 4047 3310 4092 ut
3337 4037 3459 4094 inde
3486 4038 3628 4095 facto

2050 4131 2219 4197 initio,
2263 4146 2380 4202 quae
2406 4129 2606 4200 reliqua
2632 4137 2758 4184 sunt
2785 4127 3119 4198 impleamus.
3153 4127 3252 4183 Ubi
3281 4129 3439 4197 igitur
3464 4129 3624 4184 tinent

2050 4221 2261 4279 dicendi
2290 4220 2551 4278 fecimus?
2577 4219 2708 4276 Cum
2729 4218 2960 4276 diximus
2988 4219 3055 4274 de
3081 4218 3181 4273 illis
3207 4217 3404 4284 verbis,
3437 4217 3625 4272 Facia-

2047 4332 2160 4370 mus
2210 4315 2461 4370 hominem
2495 4313 2766 4370 secundum
2792 4311 3061 4382 imaginem
3085 4321 3326 4377 nostram,
3357 4319 3405 4366 et
3443 4328 3629 4367 secuna

2048 4407 2171 4461 dum
2206 4404 2604 4471 similitudinem,
2645 4411 2693 4459 et
2735 4403 3054 4458 dominentur
3097 4403 3316 4473 piscibus
3354 4404 3529 4466 maris,
3577 4413 3625 4458 et

2047 4494 2332 4550 volucribus
2353 4495 2486 4560 creti,
2516 4494 2636 4564 quia
2665 4502 2788 4548 tunc
2812 4507 2990 4548 sermo
3019 4492 3273 4564 prolixior
3301 4491 3418 4555 fuit,
3449 4502 3502 4548 et
3527 4509 3624 4548 nae

2047 4593 2159 4640 tum
2201 4593 2286 4641 est
2327 4584 2481 4641 nobis
2527 4583 2743 4655 pelagus
2778 4582 3041 4654 quoddam
3084 4583 3486 4649 sententiarum,
3526 4599 3627 4642 ncc-

2046 4690 2381 4742 concessum,
2413 4682 2474 4730 ut
2500 4675 2721 4732 ulterius
2751 4674 3212 4745 progrederemur,
3243 4675 3336 4730 sed
3365 4675 3623 4731 hactenus

2047 4767 2304 4837 producto
2341 4781 2608 4831 sermone,
2657 4765 2930 4837 sequentia
2973 4782 3079 4821 non
3131 4767 3419 4838 attigimus.
3470 4766 3623 4824 Unde

2046 4873 2186 4914 nunc
2226 4857 2603 4925 necessarium,
2648 4865 2705 4911 ut
2740 4857 2942 4912 caritati
2968 4867 3157 4914 vestra:
3185 4873 3303 4927 qua
3331 4867 3622 4928 sequuntur

2045 4951 2306 5022 legantur,
2353 4959 2411 5006 ut
2449 4949 2585 5005 scire
2625 4947 2838 5018 possitis
2865 4963 3106 5019 quaenam
3151 4947 3301 5003 vobis
3327 4948 3515 5003 dicturi
3546 4951 3621 5004 si-

2045 5057 2187 5098 mus.
2223 5041 2408 5096 Statim
2437 5041 2594 5112 igitur
2621 5039 2799 5096 divina
2827 5039 3095 5110 Scriptura
3133 5039 3364 5094 subdidit
3397 5041 3526 5099 :27.
3558 5041 3623 5096 Et

2044 5133 2159 5205 fecit
2176 5131 2312 5190 Deus
2333 5133 2604 5194 hominem;
2623 5131 2898 5187 secundum
2917 5131 3181 5201 imaginem
3204 5130 3300 5184 Dei
3317 5133 3429 5202 [erit
3453 5132 3620 5197 illum;

2044 5225 2325 5279 masculum
2367 5234 2415 5278 et
2443 5223 2682 5293 [culinam
2709 5223 2824 5292 fecit
2848 5222 2982 5276 illos.
3011 5221 3103 5275 28.
3143 5221 3210 5275 Et
3238 5222 3486 5276 benedixit
3517 5223 3621 5276 illis

2046 5313 2183 5368 Deus
2234 5314 2404 5368 dicens
2433 5329 2452 5367 :
2491 5311 2709 5368 Crescite
2750 5323 2800 5367 et
2836 5312 3279 5383 multiplicamini,
3326 5321 3372 5367 et
3418 5313 3622 5383 implete

2046 5415 2249 5470 tetram,
2275 5415 2321 5459 et
2343 5404 2666 5459 dominemiui
2693 5404 2760 5468 ei;
2787 5412 2833 5459 et
2852 5403 3175 5458 dominemiui
3205 5404 3420 5473 piscibus
3444 5403 3618 5471 maris,

2043 5508 2092 5553 et
2119 5497 2402 5552 volatilibus
2419 5497 2550 5564 caeli,
2567 5505 2612 5552 et
2637 5497 2865 5551 omnibus
2876 5496 3149 5566 pecoribus,
3167 5507 3213 5550 et
3229 5498 3364 5550 omni
3386 5507 3550 5562 teme,
3572 5512 3620 5552 et

2043 5589 2272 5646 omnibus
2297 5591 2556 5660 reptilibus
2571 5588 2853 5658 repentibus
2879 5603 3032 5657 super
3057 5597 3262 5643 terram.
3296 5589 3466 5644 Pauca
3494 5599 3620 5644 sunt

2046 5680 2230 5752 verba,
2247 5680 2339 5738 sed
2355 5695 2574 5752 magnus
2604 5679 2904 5737 reconditus
2933 5679 3210 5737 thesaurus
3232 5680 3283 5738 iu
3304 5691 3408 5738 tam
3434 5680 3618 5751 paucis
