4104 6196
323 305 400 363 85
1437 301 1500 359 ΙΝ
1540 301 1692 360 CAP.
1735 303 1778 358 l.
1818 301 1928 360 GEI

2033 306 2060 358 ι.
2105 288 2337 361 1105111..
2380 303 2448 360 Χ.
3544 307 3652 364 se:

325 420 536 476 verbis.
591 419 793 490 Spiritu
839 418 981 475 enim
1025 417 1250 488 loquens
1293 417 1479 472 beatus
1509 417 1596 472 hic
1639 417 1916 488 propheta,

326 526 478 567 nunc
500 527 599 568 nos
627 526 818 567 arcana
843 510 1085 581 quaedam
1109 509 1304 564 docere
1326 510 1456 564 vult.
1484 509 1614 564 Nam
1645 519 1921 578 postquam

323 602 492 668 dixit,
522 602 796 657 Faciamus
821 603 1095 665 hominem,
1124 610 1176 656 ct
1214 601 1513 665 consilium,
1543 611 1616 666 et,
1653 611 1709 656 ut
1737 604 1806 656 ita
1837 601 1922 656 di-

327 710 480 762 cam,
511 696 742 751 studium
774 695 1012 750 adhibuit
1038 696 1274 750 omnium
1317 695 1524 766 Opifex,
1556 705 1612 750 ut
1636 695 1736 750 hoc
1765 695 1922 751 sche-

331 798 484 844 mate
508 788 767 844 formandi
789 788 1018 843 hominis
1043 788 1349 857 dignitatem
1373 788 1695 852 ostenderet,
1723 796 1777 842 et
1800 796 1922 842 ante

334 879 714 934 formationem
767 880 926 934 etiam
977 878 1211 943 doceret,
1267 887 1519 948 quantum
1572 880 1924 948 principatum

335 971 620 1027 formando
642 972 839 1026 homini
862 971 1080 1026 daturus
1102 979 1262 1026 esset.
1288 972 1466 1041 Itaque
1484 986 1605 1026 cum
1622 971 1754 1025 dixit
1776 989 1788 1024 :
1812 970 1924 1024 Fa-

333 1063 535 1115 ciamus
558 1062 811 1115 hominem
849 1061 1124 1115 secundum
1169 1063 1437 1132 imaginem
1481 1073 1724 1128 nostram,
1772 1069 1819 1114 et
1842 1077 1924 1114 se-

335 1153 564 1206 cundum
588 1153 994 1217 similitudinem;
1033 1153 1287 1215 subdidit,
1345 1162 1390 1205 et
1422 1153 1741 1206 dominentur
1771 1153 1924 1221 pisci-

338 1243 435 1297 bus
487 1245 661 1296 maris.
695 1243 826 1298 Vide
863 1244 1131 1314 quomodo
1177 1245 1353 1298 statim
1385 1245 1452 1298 ab
1482 1245 1630 1298 initio
1673 1245 1925 1300 latentem

345 1335 502 1390 nobis
549 1336 852 1390 thesaurum
910 1337 1258 1391 demonstrat.
1307 1336 1503 1405 Spiritu
1549 1337 1688 1390 enim
1743 1337 1927 1391 divino

345 1427 573 1496 loquens
617 1427 896 1497 propheta,
945 1444 1063 1497 qna:
1094 1427 1326 1482 nondum
1369 1427 1744 1491 subsistebant,
1777 1428 1928 1498 quasi

345 1517 687 1572 subsistentia
716 1527 770 1571 et
798 1516 934 1572 facta
966 1516 1127 1571 videt.
1151 1517 1341 1585 Quare
1367 1533 1516 1585 ergo,
1548 1518 1650 1582 die,
1681 1517 1925 1585 obsecro,

345 1619 404 1664 ut
431 1609 583 1674 dixit,
617 1608 891 1663 Faciamus
921 1610 1193 1677 hominem,
1221 1625 1361 1665 nunc
1386 1610 1540 1676 dixit,
1566 1609 1630 1663 Et
1659 1610 1927 1664 dominen-
1953 1643 1956 1649 -

346 1700 454 1753 tur?
476 1697 751 1754 Occultum
774 1699 926 1754 nobis
953 1707 1342 1754 sacramentum
1371 1699 1455 1753 hic
1470 1703 1579 1769 jam
1600 1714 1930 1768 consequen-

345 1799 428 1845 ter
451 1789 704 1845 declarat.
736 1790 959 1856 Quinam
1000 1790 1372 1845 dominentur?
1409 1789 1645 1846 Mulieris
1681 1789 1930 1845 videlicet

348 1883 573 1938 innuens
613 1883 981 1938 formationem
1012 1883 1113 1938 hoc
1137 1883 1288 1938 dixit.
1320 1882 1481 1937 Vides
1506 1884 1772 1954 quomodo
1798 1883 1928 1937 nihil

348 1973 486 2028 inest
511 1974 704 2028 divinis
731 1973 924 2028 Literis
955 1982 1158 2028 temere
1184 1983 1237 2028 et
1259 1973 1458 2042 absque
1477 1989 1634 2028 causa
1677 1975 1927 2042 positum,

347 2062 615 2130 etiamque
656 2063 875 2116 verbum
921 2061 1061 2130 quod
1093 2061 1368 2116 fortuitum
1399 2063 1562 2117 videri
1592 2074 1791 2132 posset,
1820 2079 1934 2118 ma-

350 2167 510 2220 gnum
542 2151 848 2205 thesaurum
877 2152 929 2205 in
954 2166 1012 2206 se
1037 2153 1293 2206 latentem
1316 2153 1575 2207 continet.

421 2245 474 2298 4.
510 2244 578 2298 Et
598 2258 664 2297 ne
710 2243 920 2298 mireris
942 2285 957 2309 ,
1000 2243 1224 2312 dilecte,
1273 2243 1413 2313 quod
1449 2243 1651 2299 dictum
1681 2252 1782 2300 est.
1815 2244 1932 2300 Mos

351 2333 492 2388 enim
525 2333 610 2388 hic
634 2344 716 2388 est
743 2333 1117 2404 prophetarum
1143 2333 1404 2398 omnium,
1431 2333 1498 2388 de
1522 2333 1756 2389 nondum
1783 2334 1934 2389 factis

350 2436 408 2480 ut
447 2427 515 2482 de
542 2425 695 2481 factis
723 2427 886 2497 loqui.
919 2426 1052 2493 Quia
1081 2428 1224 2482 enim
1255 2427 1572 2482 mentalibus
1596 2429 1762 2483 oculis
1789 2428 1936 2484 vide-

349 2517 478 2573 bant
514 2533 632 2589 qua:
681 2528 800 2589 post
845 2519 1134 2573 multorum
1179 2533 1440 2574 annorum
1477 2519 1738 2575 curricula
1779 2528 1934 2574 erant

352 2611 528 2666 futura
552 2652 568 2676 ,
621 2612 818 2667 idcirco
841 2614 991 2683 quasi
1021 2629 1162 2668 nunc
1201 2613 1270 2668 ob
1295 2613 1477 2669 oculos
1520 2614 1690 2685 posita
1725 2625 1933 2684 specta-

351 2710 505 2768 rent,
561 2701 631 2757 ita
678 2712 866 2758 cuncta
907 2703 1212 2758 narrabant.
1264 2704 1333 2758 Et
1371 2719 1476 2773 quo
1509 2704 1790 2760 manifeSIe
1832 2705 1934 2762 hoc

350 2794 508 2859 scias,
536 2794 658 2848 audi
683 2794 895 2849 beatum
923 2795 1178 2850 Davidem
1205 2795 1489 2862 dicentem,
1516 2805 1571 2851 et
1589 2805 1712 2852 ante
1733 2806 1808 2852 tot
1833 2813 1935 2852 sa:-

349 2885 464 2940 eula
507 2887 881 2942 vaticinantem
908 2888 976 2942 de
1016 2903 1175 2943 cruce
1201 2887 1434 2954 Christi,
1481 2897 1536 2944 et
1563 2889 1879 2945 clamantem
1914 2908 1931 2942 :

348 2977 610 3032 Foderunt
641 2996 818 3034 manus
843 2995 978 3034 meas
1007 2989 1054 3033 et
1080 2981 1230 3051 pedes
1252 2997 1386 3036 meos
1409 2998 1428 3044 ;
1452 2991 1505 3036 et
1534 2983 1754 3050 iterum,
1783 2982 1931 3036 Divi-

346 3081 515 3124 serunt
541 3071 828 3125 vestimenta
848 3088 956 3126 mea
981 3071 1074 3126 sibi
1105 3071 1273 3144 (Psal.
1300 3072 1390 3127 21.
1426 3073 1513 3127 17.
1542 3083 1588 3128 et
1628 3073 1741 3146 19).
1774 3075 1932 3131 Vides

347 3161 612 3231 quomodo
638 3171 758 3232 post
781 3163 996 3232 longum
1025 3173 1234 3235 tempus
1262 3163 1460 3232 futura,
1489 3167 1637 3235 quasi
1659 3167 1768 3237 jam
1793 3166 1930 3222 facta

347 3256 630 3325 priedixit?
673 3256 760 3313 Sic
786 3265 840 3312 et
885 3258 1072 3314 beatus
1099 3258 1186 3313 hic
1216 3259 1472 3329 propheta
1505 3260 1613 3328 jam
1659 3259 1931 3316 insinuans

347 3348 501 3403 nobis
529 3349 768 3404 mulieris
813 3350 1182 3406 formationem
1207 3393 1222 3416 ,
1269 3353 1598 3421 mnigmatice
1627 3361 1682 3406 et
1703 3353 1930 3409 obscure

347 3437 473 3493 dicit
511 3459 524 3493 :
575 3439 640 3493 Et
675 3441 996 3494 dominentur
1034 3442 1251 3511 piscibus
1297 3442 1471 3494 maris.
1523 3442 1591 3495 Et
1618 3457 1931 3511 progressus

348 3531 486 3584 ultra
517 3531 848 3585 manifestius
877 3532 1080 3600 inquit,
1124 3531 1190 3584 Et
1219 3532 1335 3598 fecit
1365 3529 1502 3584 Deus
1529 3532 1816 3593 hominem;
1853 3548 1932 3584 se-

347 3620 566 3674 cundum
599 3621 869 3690 imaginem
893 3619 992 3673 Dei
1029 3621 1144 3689 fecit
1186 3621 1369 3685 illum;
1396 3621 1677 3673 masculum
1713 3628 1758 3672 et
1781 3621 1931 3689 femi-

349 3727 469 3765 nam
499 3712 615 3780 fecit
639 3711 776 3764 illos.
819 3710 1195 3765 Animadverte
1229 3720 1424 3778 quanta
1456 3724 1582 3764 usus
1602 3718 1684 3764 est
1711 3723 1930 3764 accura-

351 3803 516 3870 tione,
544 3804 710 3857 semel
737 3810 898 3870 atque
927 3803 1118 3856 iterum
1151 3801 1290 3856 idem
1319 3801 1500 3856 dicens
1521 3843 1536 3869 ,
1574 3810 1630 3857 ut
1655 3801 1706 3856 in
1735 3802 1930 3856 menti-

349 3895 450 3949 bus
500 3893 804 3948 auditorum
835 3893 970 3948 bene
1014 3891 1200 3962 reponi
1247 3893 1453 3963 possint
1496 3908 1614 3963 qua:
1659 3893 1927 3949 dicuntur.

349 3986 463 4042 Nisi
502 3987 644 4041 enim
673 3986 773 4040 hoc
791 3985 840 4040 ei
869 4001 1011 4040 curae
1044 3985 1264 4052 fuisset,
1297 3985 1594 4041 sufficiebat
1617 3986 1829 4052 dicere,
1864 3986 1929 4040 Et

349 4078 468 4148 fecit
501 4076 642 4130 Deus
671 4076 922 4130 hominem
951 4091 970 4128 :
994 4075 1090 4130 sed
1118 4075 1308 4130 iterum
1339 4077 1589 4146 apponit,
1637 4076 1928 4132 Secundum

344 4168 614 4238 imaginem
638 4165 735 4220 Dei
758 4167 876 4238 fecit
904 4166 1070 4220 illum.
1116 4166 1401 4236 Postquam
1429 4167 1573 4222 enim
1613 4182 1710 4222 nos
1748 4168 1930 4223 docuit

341 4272 439 4328 per
461 4257 836 4327 prtecedentia,
861 4256 987 4327 quid
1017 4258 1120 4324 sit,
1168 4257 1459 4312 Secundum
1491 4259 1794 4328 imaginem,
1828 4259 1926 4315 de-

343 4364 450 4406 nuo
487 4364 551 4404 ea
593 4349 663 4404 de
708 4362 867 4403 causa
899 4348 982 4404 hic
1021 4349 1265 4405 eumdem
1294 4351 1486 4419 repetit
1508 4365 1808 4407 sermonem
1828 4393 1844 4418 ,
1875 4360 1930 4406 et

342 4441 506 4496 dicit:
538 4439 835 4496 Secundum
849 4440 1121 4510 imaginem
1152 4439 1244 4494 Dei
1269 4441 1384 4510 fecit
1404 4457 1536 4494 eum.
1561 4441 1626 4495 Et
1656 4449 1714 4495 ut
1739 4457 1806 4496 ne
1829 4442 1931 4496 itu-

343 4531 630 4602 pudentem
678 4531 892 4601 quidem
937 4529 1262 4585 defensionis
1308 4539 1624 4600 praetextum
1663 4532 1929 4602 relinquat

341 4624 593 4680 Ecclesia:
621 4623 870 4693 dogmata
917 4624 1230 4694 impugnare
1271 4623 1604 4690 volentibus,
1657 4623 1927 4694 paululum

343 4730 658 4786 progressus
703 4715 843 4771 idem
891 4715 1083 4771 iterum
1115 4714 1310 4780 docet,
1344 4716 1488 4784 quod
1517 4717 1636 4770 ideo
1681 4716 1928 4787 imaginis

340 4809 558 4862 nomine
584 4823 711 4862 usus
738 4809 824 4871 sit,
854 4807 996 4878 quod
1025 4807 1380 4876 imperaturus
1407 4849 1424 4873 ,
1468 4816 1524 4863 et
1566 4809 1667 4864 sub
1693 4823 1753 4863 se
1777 4824 1928 4864 crea-

343 4908 490 4951 turas
516 4912 702 4952 omnes
731 4897 1006 4953 habiturus
1031 4907 1192 4954 esset.
1223 4898 1341 4954 Jam
1375 4900 1646 4954 videamus
1687 4899 1814 4970 quid
1841 4899 1925 4955 di-

341 4990 415 5043 cit
441 5007 453 5042 :
486 4988 552 5042 Et
573 4991 690 5059 fecit
720 4989 856 5044 Deus
891 4991 1180 5058 hominem;
1213 4991 1486 5046 secundum
1532 4992 1804 5062 imaginem
1830 4990 1926 5046 Dei

345 5080 460 5148 fecit
489 5080 633 5133 illum
671 5098 693 5146 ;
721 5084 1002 5137 masculum
1036 5092 1082 5136 et
1111 5085 1351 5155 feminam
1376 5084 1490 5153 fecit
1513 5083 1646 5137 illos.
1683 5083 1739 5137 Id
1784 5084 1926 5154 quod

341 5188 503 5241 supra
532 5173 912 5241 insinuaverat,
938 5176 1144 5240 dicens,
1178 5175 1244 5229 Et
1272 5175 1609 5242 dominentur,
1641 5175 1728 5230 hic
1755 5177 1926 5231 mani-

343 5267 527 5320 festius
561 5267 729 5334 dixit;
759 5268 984 5339 idipsum
1027 5277 1202 5323 tamen
1244 5267 1586 5324 reconditiori
1631 5269 1792 5324 modo
1827 5285 1925 5326 nos

341 5357 544 5411 docens
579 5375 592 5410 :
627 5358 859 5412 nondum
897 5359 1039 5414 enim
1075 5359 1142 5415 de
1180 5359 1496 5415 formatione
1516 5359 1793 5428 docuerat,
1828 5377 1925 5417 ne-

339 5464 444 5518 que
482 5448 690 5505 dixerat
728 5451 869 5507 unde
909 5453 1102 5508 mulier
1143 5453 1397 5522 producta
1431 5471 1446 5506 :
1477 5453 1762 5507 Masculum
1791 5495 1806 5520 ,
1846 5456 1926 5510 in-

339 5541 490 5610 qttit,
533 5551 580 5595 et
604 5542 844 5613 feminam
887 5544 1005 5615 fecit
1041 5545 1176 5599 illos.
1217 5543 1409 5600 Vidisti
1438 5544 1739 5615 quomodo,
1781 5548 1923 5617 quod

339 5633 574 5688 nondum
599 5632 798 5688 factum
820 5676 834 5699 ,
866 5635 1013 5704 quasi
1038 5638 1147 5705 jam
1178 5635 1374 5692 factum
1404 5637 1681 5692 narravit?
1723 5638 1920 5708 Hujus-

337 5725 481 5782 modi
507 5735 630 5783 sunt
656 5726 796 5784 oculi
824 5727 1124 5800 spirituales
1155 5745 1167 5784 :
1197 5730 1526 5805 nequeenim
1557 5738 1758 5796 tantum
1785 5746 1924 5803 prius

2033 427 2176 473 stare
2221 429 2445 488 possunt
2481 422 2786 490 corporales
2815 421 2868 476 hi
2917 422 3077 488 oculi,
3107 422 3195 492 qui
3229 423 3448 479 visibilis
3493 439 3614 480 cer-
3644 446 3651 454 -

2032 519 2185 572 nunt,
2209 519 2464 578 quantum
2482 511 2618 564 oculi
2646 512 2883 578 spiritus,
2911 514 2999 580 qui
3020 528 3081 566 ea
3103 529 3220 582 qua:
3245 529 3346 566 nou
3367 513 3617 568 videntur

2031 615 2205 669 neque
2245 601 2570 664 subsistunt,
2624 601 2808 656 videre
2848 612 3087 670 possunt.
3142 604 3298 673 Igitur
3343 615 3398 658 ut
3444 604 3614 661 dixit.

2033 692 2324 746 Masculum
2362 702 2409 746 et
2433 695 2670 764 feminam
2699 695 2814 765 fecit
2847 694 2982 756 illos,
3015 695 3164 764 quasi
3206 697 3413 763 utrique
3451 695 3615 750 bene-

2033 782 2320 838 dictionem
2343 784 2514 850 daret,
2543 785 2671 838 dicit
2699 802 2712 838 :
2746 784 2810 837 Et
2829 785 3075 838 benedixit
3104 787 3206 839 illis
3240 787 3393 853 Deus,
3426 789 3614 854 dicens,

2032 873 2266 941 Crescite,
2295 885 2341 928 et
2370 875 2800 945 multiplicamini,
2834 886 2879 928 et
2904 875 3106 944 implete
3133 886 3316 929 terram
3339 917 3354 940 ,
3387 888 3431 930 et
3453 879 3618 930 domi-

2030 965 2225 1017 namini
2272 965 2382 1028 illi,
2429 975 2475 1018 et
2513 966 2753 1033 imperate
2795 967 3016 1037 piscibus
3066 967 3235 1018 maris.
3273 967 3412 1021 Ecce
3455 984 3614 1036 quam

2031 1058 2272 1112 eminens
2296 1057 2614 1113 benedictio.
2653 1058 2783 1112 Nam
2816 1058 2936 1123 hoc,
2969 1059 3207 1123 Crescite,
3233 1069 3279 1111 et
3303 1061 3615 1126 multiplica-

2033 1151 2190 1216 mini,
2223 1160 2268 1204 et
2294 1152 2495 1220 implete
2520 1162 2739 1214 terram,
2786 1153 2942 1206 etiam
2971 1151 3036 1205 de
3064 1153 3232 1205 brutis
3259 1151 3577 1206 animalibus
3597 1192 3614 1218 ,

2033 1253 2087 1297 et
2117 1243 2393 1312 reptilibus
2417 1241 2615 1297 dictum
2637 1252 2720 1296 est
2752 1259 2764 1294 :
2794 1242 2886 1296 sed
2913 1284 2927 1308 ,
2973 1241 3318 1295 Dominamini
3335 1283 3349 1307 ,
3378 1252 3424 1296 et
3458 1245 3618 1310 impe-

2031 1343 2169 1396 rate,
2214 1335 2280 1389 de
2301 1335 2415 1388 viro
2440 1344 2494 1390 et
2528 1335 2754 1390 muliere
2795 1335 3014 1389 dictum.
3058 1335 3190 1389 Vide
3237 1335 3613 1405 benignitatem

2035 1427 2244 1481 Domini
2277 1445 2291 1481 :
2321 1437 2605 1498 antequam
2649 1429 2922 1482 mulierem
2951 1428 3208 1496 producat
3241 1467 3260 1494 ,
3307 1430 3612 1498 participem

2033 1521 2175 1574 illam
2205 1519 2329 1574 facit
2360 1521 2600 1592 imperii,
2625 1529 2678 1575 et
2703 1521 3089 1575 benedictionis
3115 1519 3317 1574 honore
3347 1521 3614 1589 dignatur.

2035 1611 2101 1663 Et
2131 1611 2398 1678 imperate,
2431 1613 2538 1678 ait,
2567 1612 2784 1682 piscibus
2813 1613 2987 1677 maris,
3016 1621 3062 1664 et
3088 1611 3373 1665 volatilibus
3400 1614 3508 1665 1-wli
3526 1655 3541 1676 ,
3571 1622 3616 1665 et

2034 1702 2264 1756 omnibus
2288 1705 2567 1773 pecoribus,
2595 1713 2640 1756 et
2665 1705 2907 1757 universa:
2939 1713 3104 1770 terras,
3133 1712 3178 1756 et
3203 1703 3431 1756 omnibus
3459 1705 3616 1773 repti-

2034 1793 2183 1859 libus,
2206 1808 2316 1863 qua:
2334 1805 2514 1862 repunt
2539 1811 2690 1864 super
2717 1804 2920 1848 terram.

2105 1886 2159 1939 5.
2191 1885 2378 1940 Vidisti
2404 1886 2810 1940 incuarrabilem
2840 1887 3192 1955 potestatem?
3214 1885 3386 1939 vidisti
3418 1885 3645 1955 princi--

2033 1986 2187 2046 patus
2209 1978 2668 2048 magnitudinem?
2695 1978 2872 2031 vidisti
2898 1978 3112 2032 condita
3139 1978 3314 2030 omnia
3343 1978 3440 2032 sub
3463 1977 3618 2046 hujus

2035 2080 2349 2140 potestatem
2381 2071 2634 2124 redacta?
2661 2069 2804 2124 Nihil
2847 2071 3070 2138 posthac
3108 2069 3376 2123 mediocre
3420 2069 3487 2122 de
3534 2085 3619 2122 ra—

2038 2161 2219 2213 tionali
2263 2161 2364 2214 hoc
2409 2161 2626 2214 animali
2672 2159 3016 2228 imaginaris,
3063 2159 3156 2213 sed
3199 2160 3370 2226 cogita
3401 2159 3620 2215 honoris

2036 2249 2450 2318 magnitudinem
2470 2290 2486 2315 ,
2529 2258 2582 2304 et
2605 2249 2811 2303 Domini
2836 2265 2959 2319 erga
2991 2250 3114 2303 illud
3145 2250 3566 2304 benevolentiam
3600 2290 3616 2313 ,

2037 2341 2420 2409 obstupescens
2463 2341 2604 2394 illius
2648 2340 2960 2395 immensam
2999 2347 3053 2394 et
3081 2340 3488 2394 inenarrabilem
3520 2339 3614 2394 be-

2037 2430 2366 2500 nignitatem.
2395 2431 2485 2485 29.
2517 2429 2583 2483 Et
2609 2431 2736 2485 dixit
2765 2429 2942 2484 Deus:
2971 2430 3105 2484 Ecce
3127 2431 3240 2482 dedi
3265 2429 3400 2483 vobis
3422 2446 3618 2482 onmem

2037 2522 2240 2575 herbam
2282 2524 2528 2586 salivam;
2571 2524 2824 2576 seminans
2865 2538 3028 2576 semen
3069 2521 3204 2592 quod
3237 2531 3309 2574 est
3335 2538 3488 2590 super
3516 2532 3618 2574 ter-

2035 2631 2144 2668 ram
2174 2629 2192 2667 :
2221 2623 2268 2668 et
2291 2630 2434 2667 omne
2460 2614 2672 2684 lignum,
2702 2614 2838 2683 quod
2862 2612 3005 2666 habet
3032 2614 3085 2666 in
3110 2615 3272 2680 seipso
3293 2615 3510 2682 fructum
3534 2629 3618 2666 se-

2036 2705 2184 2759 minis
2213 2706 2357 2758 sntivi
2381 2747 2395 2771 ,
2443 2706 2580 2758 vobis
2607 2706 2701 2758 erit
2725 2707 2776 2758 in
2805 2705 2969 2757 cibum
2993 2746 3008 2770 ,
3033 2704 3122 2758 50.
3161 2713 3207 2757 et
3234 2703 3462 2756 onmibus
3501 2704 3620 2773 feris

2037 2805 2184 2851 terra?
2206 2839 2221 2862 ,
2267 2807 2314 2852 et
2339 2797 2565 2851 omnibus
2590 2796 2874 2851 volatilibus
2901 2798 3012 2850 cadi
3037 2838 3051 2860 ,
3109 2807 3156 2850 et
3181 2798 3320 2850 omni
3345 2797 3512 2865 reptili
3541 2813 3620 2848 re-

2035 2889 2172 2958 penti
2201 2905 2351 2959 super
2377 2897 2557 2943 terram
2578 2930 2592 2952 ,
2623 2889 2758 2958 quod
2786 2889 2930 2942 habet
2956 2889 3008 2940 in
3033 2889 3195 2956 seipso
3223 2889 3442 2940 animant
3469 2889 3582 2940 vita:
3599 2927 3616 2951 ,

2035 2990 2081 3034 et
2107 2997 2303 3034 onmem
2333 2981 2535 3034 herbam
2555 2981 2761 3033 viridem
2786 2981 2839 3033 in
2868 2981 3053 3034 cibum.
3088 2979 3154 3032 Et
3199 2961 3387 3048 factum
3425 2990 3496 3032 est
3525 2981 3616 3032 ita.

2036 3071 2168 3126 Vide
2189 3113 2203 3137 ,
2233 3071 2491 3137 obsecro,
2528 3071 2802 3127 carissime
2823 3112 2839 3137 ,
2877 3070 3163 3126 verborum
3183 3071 3536 3141 diligentiam,
3565 3081 3620 3125 et

2035 3165 2352 3220 ineffabilem
2397 3166 2490 3220 Dei
2539 3165 2916 3236 benignitatem
2943 3208 2957 3230 ,
2995 3175 3050 3222 et
3079 3182 3146 3220 ue
3185 3166 3308 3235 quid
3353 3165 3618 3220 dictorum

2033 3258 2346 3328 simpliciter
2393 3267 2696 3328 prmtereas.
2740 3258 2806 3312 Et
2829 3259 2987 3324 dixit,
3030 3258 3236 3328 inquit,
3269 3255 3406 3312 Deus
3439 3273 3458 3311 .'
3490 3256 3619 3310 Ecce

2034 3350 2150 3404 dedi
2197 3349 2330 3404 vobis
2381 3366 2578 3404 onmem
2625 3350 2829 3403 herbam
2879 3351 3091 3403 sativam
3123 3364 3143 3403 .°
3181 3349 3329 3418 quasi
3375 3348 3442 3402 ad
3484 3349 3620 3403 duos

2033 3453 2212 3494 sermo
2239 3439 2327 3505 sit,
2357 3439 2601 3507 quamvis
2625 3439 2858 3492 nondum
2880 3439 3102 3492 muliere
3119 3438 3390 3508 producta.
3417 3437 3618 3491 Deinde

2034 3538 2090 3582 ut
2115 3529 2290 3582 discas
2318 3529 2663 3582 excellentem
2695 3528 2811 3596 ejus
2831 3530 3123 3582 bonitatem
3156 3569 3170 3592 ,
3200 3528 3321 3581 vide
3349 3527 3618 3596 quomodo

2035 3621 2356 3676 eminentem
2401 3619 2773 3690 benignitatem
2803 3659 2818 3683 ,
2879 3628 2934 3673 et
2979 3619 3167 3673 miram
3216 3619 3616 3681 liberalitatem,

2035 3728 2142 3767 non
2170 3713 2221 3767 in
2250 3713 2366 3768 viro
2396 3721 2445 3767 et
2472 3713 2695 3766 muliere
2723 3712 2956 3766 nondum
2993 3711 3212 3766 formata
3241 3713 3410 3766 solum
3441 3712 3620 3766 decla-

2033 3814 2136 3872 ret,
2169 3804 2261 3860 sed
2287 3812 2342 3860 et
2369 3805 2418 3858 in
2451 3803 2579 3873 ipsis
2598 3803 2786 3857 brutis.
2815 3802 2946 3857 Nam
2973 3811 3032 3857 ut
3060 3802 3192 3857 dixit
3218 3820 3231 3856 :
3277 3801 3423 3855 Vobis
3454 3803 3544 3856 erit
3565 3803 3616 3855 in

2031 3898 2226 3963 cibum,
2258 3896 2506 3962 subdidit,
2533 3894 2602 3948 Et
2623 3895 2850 3950 omnibus
2881 3896 3046 3950 bestiis
3071 3905 3232 3952 terrm.
3264 3895 3396 3951 Vide
3423 3898 3612 3950 iterant

2030 3989 2190 4042 aliam
2220 3989 2469 4058 abyssum
2505 3986 2867 4056 benignitatis.
2917 3986 3031 4049 Non
3069 3987 3211 4042 enim
3241 3988 3410 4042 solum
3449 3987 3616 4041 brutis

2030 4078 2358 4142 domesticis,
2389 4086 2443 4132 et
2468 4086 2653 4132 nostro
2676 4077 2793 4131 usui
2815 4076 3191 4141 servientibus,
3211 4076 3294 4130 vel
3320 4076 3385 4130 ad
3407 4077 3608 4140 cibum,

2030 4171 2116 4225 vel
2161 4170 2226 4224 ad
2275 4169 2664 4235 ministerium,
2711 4169 2806 4224 sed
2846 4177 2901 4222 et
2926 4167 3054 4223 feris
3079 4169 3369 4237 prospexit.
3417 4169 3612 4238 Ecquis

2030 4275 2128 4331 pro
2155 4260 2408 4331 dignitate
2450 4260 2680 4330 attigerit
2719 4261 3029 4315 immensam
3073 4259 3229 4313 istam
3274 4259 3613 4314 bonitatem?

2040 4352 2192 4406 Vobis
2215 4353 2305 4406 erit
2330 4353 2384 4405 in
2408 4352 2607 4417 cibum,
2657 4351 2860 4421 inquit,
2905 4359 2951 4404 et
2979 4349 3206 4404 omnibus
3243 4349 3408 4404 bestiis
3435 4360 3609 4415 terrae,

2031 4455 2077 4499 et
2106 4443 2337 4498 omnibus
2355 4443 2638 4498 volatilibus
2663 4444 2794 4510 cteli,
2830 4450 2874 4496 et
2895 4443 3030 4496 omni
3058 4443 3230 4512 reptili
3251 4443 3442 4512 repenti
3460 4458 3614 4511 super

2032 4545 2236 4600 terram,
2268 4536 2402 4605 quod
2423 4535 2569 4590 habet
2593 4536 2645 4588 in
2666 4535 2926 4604 semetipso
2946 4535 3168 4587 animam
3194 4534 3324 4594 sine,
3347 4543 3393 4587 et
3415 4548 3612 4587 omnem

2030 4627 2234 4682 herbam
2264 4627 2473 4682 viridem
2515 4627 2566 4680 in
2606 4626 2789 4680 cibum.
2833 4625 3018 4693 Magna
3048 4624 3256 4678 Domini
3286 4638 3408 4691 erga
3441 4622 3613 4675 horni-

2033 4736 2156 4776 nem
2179 4762 2194 4788 ,
2243 4735 2400 4787 quem
2431 4718 2708 4780 condidit,
2758 4717 3057 4771 ostenditur
3087 4715 3434 4784 providentia.
3476 4713 3608 4768 Nam

2032 4820 2308 4882 postquam
2342 4812 2512 4880 ipsum
2545 4807 2820 4878 produxit,
2853 4816 2906 4860 et
2949 4805 3122 4859 omnis
3151 4813 3410 4859 creatura:
3435 4803 3607 4858 domi-

2029 4903 2179 4958 nium
2211 4902 2309 4970 ipsi
2339 4898 2588 4964 tradidit;
2619 4907 2762 4952 utne
2792 4896 2969 4951 statim
2991 4893 3603 4964 abinitiojumeutorum

2029 4991 2420 5049 multitudinem
2463 4989 2648 5043 videns
2677 4987 2998 5043 stomachari
3047 4986 3248 5056 possit,
3303 4984 3451 5056 quasi
3500 4999 3605 5042 non

2029 5084 2295 5139 sufficeret
2322 5083 2388 5136 ad
2414 5079 2604 5136 alenda
2627 5087 2704 5134 tot
2727 5088 2782 5134 et
2814 5088 2958 5133 tanta
2983 5079 3230 5133 animalia
3261 5095 3273 5130 :
3304 5078 3612 5146 priusquam

2028 5177 2096 5232 de
2141 5177 2242 5230 hoc
2283 5175 2368 5230 vel
2412 5173 2695 5244 cogitaret,
2734 5172 2905 5226 bonus
2941 5171 3079 5225 Deus
3111 5167 3481 5239 prtevenieudo
3509 5167 3616 5222 de-

2028 5270 2268 5324 mulceus
2299 5282 2420 5322 eum
2448 5308 2464 5331 ,
2493 5275 2550 5320 ut
2575 5266 2641 5320 ita
2671 5264 2844 5320 dicam
2865 5305 2880 5326 ,
2907 5273 2962 5317 et
2988 5261 3274 5317 ostendens
3300 5269 3404 5312 tam
3437 5258 3610 5326 ipsum

2028 5379 2185 5436 quam
2209 5362 2448 5432 jumenta
2475 5369 2528 5416 et
2547 5359 2700 5415 bruta
2728 5357 2906 5413 omnia
2926 5397 2941 5420 ,
2971 5362 3234 5424 praecepto
3259 5351 3468 5405 Domini
3500 5366 3602 5405 om~

2029 5470 2152 5509 nem
2185 5455 2389 5524 cepiam
2417 5451 2480 5505 ad
2512 5451 2623 5504 haec
2650 5447 2858 5513 alenda,
2890 5457 3028 5502 terra
3055 5441 3458 5514 suppeditante,
3488 5456 3611 5496 esse

2028 5546 2330 5612 habituros,
2365 5552 2640 5614 postquam
2666 5541 2824 5604 dixit,
2868 5538 2983 5592 Erit
3012 5537 3148 5592 vobis
3172 5537 3226 5590 in
3251 5535 3457 5602 cibum;
3483 5548 3607 5590 mox

2027 5637 2318 5709 subjuugit,
2354 5635 2415 5690 Et
2437 5633 2663 5688 omnibus
2685 5630 2854 5686 bestiis
2880 5639 3055 5698 teme,
3086 5637 3134 5684 et
3160 5627 3439 5684 volatilibus
3463 5627 3598 5694 cteli,

2030 5743 2078 5788 et
2104 5729 2241 5788 omni
2272 5727 2439 5800 reptili
2459 5725 2663 5812 repenti
2687 5740 2836 5795 super
2861 5731 3044 5780 terram
3062 5764 3079 5795 ,
3119 5722 3254 5794 quod
3277 5721 3423 5779 habet
3443 5721 3496 5775 in
3522 5735 3604 5775 sc-
