4122 6204
304 345 378 408 89

308 460 594 519 videretur
619 461 795 518 minus
822 457 1022 530 aliquid
1051 457 1321 525 obtinere,
1354 471 1420 513 eo
1445 459 1586 528 quod
1617 459 1747 513 nihil
1771 461 1822 514 in
1848 475 1912 515 co

309 558 520 611 factum
567 564 732 621 esset,
781 552 1160 608 benedictione
1205 551 1376 621 ipsum
1418 551 1658 621 dignatus
1701 561 1803 606 est.
1850 553 1917 606 Et

302 648 603 713 benedixit,
637 647 828 716 inquit,
865 645 1001 699 Deus
1030 645 1163 698 diem
1185 644 1486 714 septimum:
1517 654 1562 696 et
1589 645 1918 713 sanctiﬁcanit

300 743 486 797 illum.
515 740 656 808 Quid
705 738 904 808 igitur?
948 753 1054 792 non
1096 746 1249 791 erant
1292 745 1346 790 et
1387 736 1565 790 caeteri
1594 735 1708 789 dies
1753 736 1915 790 bene-

311 834 494 889 dicti?
545 833 720 886 Etiam
751 829 1015 899 profecto,
1048 827 1144 882 sed
1170 826 1466 881 sufficiebat
1494 826 1595 879 illis
1636 841 1731 894 pro
1774 827 1916 880 omni

315 923 723 985 benedictione,
741 919 883 990 quod
908 921 958 972 in
987 917 1212 988 singulis
1239 916 1340 970 illis
1363 924 1624 970 creaturae
1648 916 1918 984 producta:

322 1017 585 1079 fuissent;
637 1023 692 1069 et
720 1013 841 1067 ideo
884 1012 952 1066 de
983 1011 1088 1065 illis
1117 1024 1224 1063 non
1257 1009 1444 1077 inquit,
1497 1007 1810 1072 Benedixit;
1865 1009 1916 1062 in

254 1098 257 1102 ’
321 1108 442 1164 solo
467 1116 648 1161 autem
677 1105 906 1174 septimo
934 1102 1036 1156 hoc
1065 1099 1217 1163 dixit,
1247 1108 1302 1154 et
1328 1099 1570 1168 apposuit
1597 1117 1610 1152 :
1641 1097 1706 1150 Ει
1732 1099 1918 1152 sancti-

323 1200 494 1259 ﬁeavit
519 1199 688 1251 illum.
720 1195 857 1262 Quid
885 1202 989 1255 est,
1027 1191 1092 1246 Et
1120 1191 1452 1258 sanctiﬁcavit
1491 1190 1683 1242 illum?
1723 1188 1778 1242 ld
1815 1197 1914 1253 est,

328 1291 483 1344 illum
513 1288 832 1358 segregavit.
864 1281 1072 1338 Deinde
1091 1281 1292 1336 docens
1321 1296 1422 1333 nos
1445 1279 1620 1333 divina
1649 1279 1918 1348 Scriptura

327 1393 549 1434 causam
597 1385 818 1448 propter
860 1390 1018 1444 quam
1070 1373 1223 1437 dixit,
1269 1370 1334 1424 Et
1389 1371 1720 1440 sanctiﬁcavit
1749 1370 1915 1434 illum,

329 1467 540 1537 adjicit,
565 1467 639 1520 Eo
663 1467 798 1536 quod
827 1466 878 1518 in
903 1464 994 1518 illo
1019 1463 1328 1532 requieverat
1354 1462 1416 1515 ab
1441 1463 1668 1515 omnibus
1688 1463 1920 1531 aperibus

329 1561 438 1613 suis
466 1574 583 1628 qua:
610 1566 828 1626 coeperat
853 1554 992 1609 Deus
1030 1554 1213 1621 facere.
1241 1551 1359 1607 Jam
1401 1551 1523 1606 hinc
1550 1552 1618 1605 ab
1641 1551 1792 1606 initio
1820 1551 1920 1606 do-

331 1651 559 1706 ctrinam
580 1649 720 1704 hanc
734 1648 1066 1718 aenigmatice
1085 1645 1237 1700 nobis
1256 1645 1485 1698 insinuat
1499 1645 1660 1709 Deus,
1675 1644 1921 1698 erudiens

325 1756 436 1795 nos
465 1741 517 1793 in
539 1739 748 1795 circulo
777 1736 1126 1792 hebdomadis
1152 1736 1294 1790 diem
1337 1750 1499 1788 unum
1533 1735 1794 1804 integrum
1833 1750 1920 1789 se-

315 1833 685 1902 -gregandum,
706 1843 758 1888 et
780 1829 1203 1886 consecrandum
1229 1845 1273 1896 si
1296 1828 1583 1881 iritualium
1605 1828 1918 1896 operationi.

311 1921 462 1977 .ldeo
480 1925 622 1978 enim
647 1922 904 1977 Dominus
931 1920 1200 1990 completo
1226 1933 1319 1972 sex
1345 1916 1536 1972 diebus
1565 1917 1776 1986 Opiﬁcio
1799 1932 1918 1984 suo,

341 2017 627 2085 septimum
655 2015 1026 2070 benedictione
1055 2014 1301 2084 dignatus
1329 2019 1430 2077 est,
1460 2019 1515 2066 et
1553 2012 1920 2077 sanctiﬁcavit,

345 2122 415 2162 eo
439 2108 579 2177 quod
607 2109 659 2161 in
689 2108 783 2162 illo
817 2109 1090 2177 quieverat
1129 2105 1196 2159 ab
1223 2104 1471 2160 omnibus
1513 2104 1764 2174 Operibus
1812 2105 1923 2159 suis

347 2212 467 2268 qua:
496 2197 669 2253 facere
695 2209 946 2267 cmperat.
967 2197 1161 2252 Verum
1185 2197 1271 2250 hic
1298 2196 1490 2249 iterum
1515 2195 1668 2250 video
1694 2195 1921 2250 immen-

351 2305 468 2344 sum
511 2290 666 2344 nobis
712 2291 1088 2346 sententiarum
1125 2291 1342 2362 pelagus
1386 2289 1583 2354 nasci‘,
1623 2287 1766 2358 quod
1791 2289 1922 2342 sim-

337 2381 560 2450 pliciter
600 2383 873 2452 przeterire
903 2381 1101 2448 nolim;
1147 2383 1274 2452 quin
1320 2391 1376 2438 et
1400 2397 1495 2437 vos
1523 2380 1712 2436 barum
1764 2380 1924 2452 Spiri-

331 2472 562 2527 vtualium
599 2473 864 2528 mercium
914 2475 1201 2544 participes
1244 2476 1356 2530 fieri
1383 2476 1566 2546 cupio.
1596 2476 1726 2542 Qua:
1768 2474 1926 2543 igitur

329 2563 434 2616 .illa
465 2573 568 2630 est,
595 2580 714 2634 qua:
757 2565 881 2618 hinc
918 2567 1108 2628 oritur,
1137 2567 1402 2636 quaestio?
1445 2567 1624 2620 Divina
1654 2566 1924 2635 Scriptura

347 2656 434 2711 hic
476 2657 687 2712 dicente
733 2658 896 2712 Deum
941 2659 1265 2728 requievisse
1307 2659 1374 2714 ab
1425 2659 1674 2730 operibus
1701 2657 1842 2722 suis,
1873 2659 1926 2710 in

345 2747 636 2818 evangeliis
676 2746 919 2802 Christus
964 2748 1160 2823 inquit,
1193 2749 1349 2804 Pater
1395 2766 1534 2804 meus
1574 2765 1732 2818 usque
1778 2746 1927 2800 modo

327 2851 608 2908 eperatur,
635 2849 683 2894 et
724 2856 814 2911 ego
856 2856 1037 2910 operor
1088 2840 1261 2911 (Joan.
1295 2842 1488 2913 5.17).
1516 2841 1632 2896 Non
1681 2839 1930 2894 videntur

347 2929 440 2984 tibi
461 2946 529 2985 ex
555 2930 838 2986 verborum
869 2931 1008 2987 serie
1034 2931 1148 2987 Ι]ωο
1177 2932 1318 2986 dicta
1345 2947 1465 2987 esse
1491 2931 1792 2985 contraria?
1823 2928 1929 2983 Sed

343 3021 525 3078 absit:
559 3023 685 3078 nihil
718 3024 804 3078 hic
835 3025 1163 3079 contrarium
1214 3025 1277 3080 iis
1319 3040 1438 3095 qua:
1484 3024 1538 3079 in
1578 3024 1743 3078 sacris
1786 3023 1930 3076 Scrio

335 3115 518 3180 .pturis
561 3115 924 3170 continentur.
953 3114 1086 3169 Nam
1136 3115 1221 3171 hic
1247 3116 1458 3186 quidem
1487 3131 1607 3169 cum
1655 3114 1929 3182 Scriptura

345 3206 475 3262 dicit
523 3207 852 3276 requievisse
897 3207 1062 3263 Deum
1092 3207 1159 3262 ab
1184 3208 1434 3277 operibus
1471 3208 1601 3273 suis,
1635 3206 1790 3260 dueet
1835 3220 1932 3259 nos

331 3311 467 3352 eum
491 3311 521 3350 a
542 3297 774 3351 creando
799 3306 854 3351 et
878 3312 944 3352 ex
991 3297 1160 3351 nihilo
1203 3313 1292 3353 res
1337 3297 1678 3367 producendo
1726 3297 1930 3365 requie-

341 3390 490 3444 visse
515 3389 602 3444 dic
646 3391 945 3459 septimo';
976 3389 1219 3445 Christus
1265 3400 1440 3444 autem
1487 3391 1671 3444 dicens
1715 3409 1727 3443 :
1777 3389 1934 3444 Pater

348 3495 488 3534 meus
533 3496 688 3548 usque
714 3481 865 3534 modo
892 3491 1152 3550 aperatur,
1179 3491 1225 3534 et
1263 3497 1356 3550 ego
1389 3497 1589 3550 aperor,
1626 3489 1931 3549 perpetuam

341 3585 504 3625 suam
552 3570 942 3640 providentiam
990 3571 1144 3625 nobis
1173 3571 1428 3634 declarat,
1473 3581 1526 3625 et
1569 3571 1932 3639 operationem

347 3673 508 3718 vocat
531 3662 990 3717 conservationem
1021 3662 1376 3731 opiﬁciorum,
1401 3662 1592 3730 quibus
1620 3662 1840 3730 largitur
1878 3670 1936 3715 ut

339 3761 723 3822 permaneant,
755 3752 883 3805 dum
913 3754 1057 3806 omni
1090 3762 1328 3821 tempore
1357 3752 1632 3821 gubernat.
1659 3750 1769 3806 Nisi
1795 3753 1934 3806 enim

353 3845 460 3899 hoc
484 3852 650 3910 esset,
679 3843 948 3913 quomodo
981 3845 1288 3898 universum
1333 3844 1646 3897 subsisteret
1684 3859 1746 3897 ac
1772 3843 1932 3898 dura-

325 3947 458 4000 .ret,
492 3951 598 3988 non
625 3935 954 4004 gubernante
980 3944 1034 3991 et
1066 3934 1328 4004 dirigente
1370 3949 1596 4005 superna
1624 3951 1784 3989 manu
1814 3951 1934 3990 cum

353 4027 585 4081 visibilia
633 4025 747 4080 haec
772 4026 968 4090 omnia,
1000 4035 1109 4080 tum
1143 4025 1429 4080 humanum
1481 4025 1581 4080 hoc
1610 4027 1822 4096 genus?
1869 4027 1937 4081 Et

351 4125 396 4173 si
444 4121 562 4190 quis
615 4119 846 4174 voluerit
894 4119 1189 4189 prudenter
1239 4129 1294 4174 et
1341 4119 1617 4189 speciatim
1673 4121 1935 4190 inSpiccrc

350 4210 528 4265 omnia
568 4227 688 4281 qua:
716 4211 956 4280 quotidie
998 4212 1051 4266 in
1084 4221 1325 4291 nostrum
1358 4211 1670 4266 beneﬁcium
1710 4212 1778 4264 ab
1816 4226 1935 4266 om-

343 4304 500 4357 nium
525 4302 726 4373 Opiﬁce
757 4302 1125 4373 perﬁciuntur,
1147 4303 1398 4375 abyssum
1438 4303 1670 4358 inveniet
1699 4303 1935 4372 benigni-

353 4395 498 4449 tatis.
546 4394 676 4460 Quis
717 4395 861 4449 enim
907 4409 1106 4461 sermo,
1149 4410 1269 4464 qua:
1317 4410 1472 4450 mens
1499 4393 1566 4448 ad
1614 4393 1936 4449 ineffabilem

349 4486 491 4542 hanc
540 4486 830 4540 bonitatem
879 4487 1182 4556 pertingere
1230 4485 1443 4554 poterit,
1492 4500 1651 4555 quam
1703 4485 1936 4539 humano

343 4579 532 4651 generi
574 4587 832 4647 perpetuo
870 4577 1124 4642 ostendit,
1166 4578 1291 4631 oriri
1338 4576 1538 4632 faciens
1582 4577 1750 4633 solem
1782 4593 1935 4632 suum

349 4685 512 4741 super
539 4670 711 4724 malos
739 4677 794 4723 et
837 4668 1030 4736 bonos,
1069 4677 1125 4723 et
1165 4668 1353 4738 pluens
1393 4683 1554 4739 super
1576 4656 1830 4738 justos'et
1858 4669 1940 4722 in-

341 4761 523 4830 iustos
559 4759 773 4831 (Matth.
803 4760 858 4815 5.
885 4759 1000 4829 45),
1022 4774 1344 4830 omnemque
1372 4759 1528 4813 aliam
1565 4758 1772 4828 c0piam
1810 4773 1937 4828 sup.

345 4853 637 4923 peditans'l
685 4852 848 4906 Forte
878 4851 1090 4922 longius
1114 4867 1273 4922 quam
1299 4833 1601 4922 oportebat,
1633 4867 1935 4906 sermonem

350 4947 705 5017 produximus
736 4963 751 5000 :
794 4961 984 5001 verum
1011 4945 1116 5001 hoc
1144 4960 1252 5000 non
1278 4946 1481 5015 absque
1507 4947 1734 5010 ratione,
1763 4959 1936 5014 neque

347 5051 555 5094 temere
583 5037 774 5092 factum
802 5046 920 5104 est;
961 5037 1058 5093 sed
1088 5047 1147 5092 ut
1170 5038 1417 5093 absentes
1436 5052 1503 5093 ex
1530 5037 1683 5092 vobis
1707 5037 1933 5103 discant,

345 5140 607 5202 quantum
650 5131 994 5202 sibimetipsis
1017 5131 1197 5187 damni
1240 5131 1479 5197 fecerint,
1508 5131 1577 5186 ob
1603 5131 1935 5201 corporalem

347 5224 526 5278 cibum
568 5223 886 5294 semetipsos
913 5240 944 5278 a
981 5224 1241 5295 spirituali
1285 5225 1525 5280 doctrina
1555 5225 1934 5280 subducentes.

347 5315 614 5368 Cmterum
644 5330 710 5368 ne
737 5315 956 5370 nimium
987 5316 1223 5384 doleant,
1261 5315 1494 5372 fraterna
1543 5315 1663 5371 illos
1702 5316 1937 5371 benevo.

348 5405 511 5461 lentia
559 5408 976 5476 prosequamini,
1010 5420 1352 5464 recensentes
1399 5409 1528 5477 ipsis
1565 5425 1685 5478 qua:
1723 5424 1754 5464 a
1783 5408 1936 5462 nobis

348 5500 488 5553 dicta
519 5508 681 5553 sunt:
727 5500 825 5556 hoc
847 5502 987 5556 cnim
1025 5503 1246 5558 sincerze
1267 5504 1504 5558 caritatis
1543 5510 1932 5574 argumentum.

413 5594 428 5656 ξ
465 5589 676 5648 tx~islin..
703 5593 899 5656 pelagus
921 5602 1157 5656 (memon.

410 5655 430 5684 ¹
463 5663 553 5724 sex
581 5661 708 5724 uss...
737 5655 996 5724 meum.
1024 5664 1231 5720 Utraque
1255 5657 1688 5724 lectioLquadrare
1732 5663 1894 5724 potest
1919 5670 1930 5705 :

350 5726 442 5788 non
467 5718 598 5788 enim
619 5721 709 5788 abs
747 5732 802 5767 re
826 5720 1011 5788 diditur
1048 5717 1198 5768 Deum
1220 5728 1364 5770 sexto
1393 5717 1479 5770 die
1509 5717 1760 5782 [utquam
1790 5717 1936 5769 ﬁnem

347 5780 541 5827 creandi
560 5777 774 5842 fecisset,
800 5782 1066 5843 quievisse.

1431 348 1500 404 ΙΝ
1537 349 1688 406 CAP.
1729 350 1771 404 1.
1813 349 2057 408 GENES.
2101 351 2329 408 llO.\!ll..
2371 351 2463 407 Xl.
3529 357 3598 413 90

2022 462 2151 516 Nam
2181 465 2224 517 si
2252 465 2388 518 inter
2419 477 2605 534 magna
2635 463 2868 518 caritatis
2908 463 3099 519 iudicia
3145 463 3357 528 habent,
3389 469 3482 535 qni
3519 464 3595 520 ita

2022 552 2088 606 de
2115 553 2453 607 sensihilibus
2475 552 2666 608 eduliis
2693 554 2792 606 hoc
2819 555 2928 608 suis
2977 553 3320 608 familiaribus
3365 553 3556 608 iaciunt
3583 570 3597 605 :

2022 644 2187 697 multo
2231 647 2401 715 magis
2449 647 2500 699 in
2546 645 2909 716 spiritualihus
2955 645 3056 699 hoe
3101 645 3305 716 agendo
3352 659 3598 714 magnam

2023 737 2176 788 nobis
2206 735 2411 790 laudem
2440 751 2723 808 paramus;
2767 736 2904 790 redit
2933 737 3074 789 enim
3102 737 3168 789 ad
3198 752 3297 789 nos
3325 738 3468 805 ipsos
3494 736 3600 788 uti-

2025 827 2163 881 litas.
2198 827 2326 881 Nam
2353 829 2437 882 cui
2469 829 2700 882 studium
2731 837 2813 881 est
2842 827 3034 880 docere
3066 829 3387 896 proximum,
3419 827 3464 880 is
3495 841 3601 879 non

2023 929 2128 974 tam
2179 922 2251 974 illi
2294 921 2576 987 benefacit,
2609 937 2766 991 quam
2795 921 2997 989 sibiipsi
3030 934 3271 988 magnam
3302 919 3601 974 mercedem

2021 1024 2195 1083 parat,
2240 1014 2543 1084 duplicique
2588 1022 2808 1083 augetur
2853 1012 3020 1074 lucro,
3044 1009 3169 1063 dum
3211 1011 3377 1078 majus
3421 1025 3450 1061 a
3496 1010 3603 1062 Deo

2025 1108 2300 1177 prannium
2344 1107 2663 1177 assequitur,
2693 1114 2747 1159 et
2771 1104 2896 1159 dum
2944 1103 3160 1157 fratrem
3190 1101 3384 1156 docere
3414 1115 3604 1171 aggre-

2023 1201 2184 1264 ditur,
2203 1200 2443 1255 docendo
2477 1200 2687 1255 interim
2715 1197 2921 1267 sibiipsi
2951 1195 3260 1252 memoriam
3282 1209 3465 1249 enrum
3487 1205 3611 1263 qua:

2023 1292 2224 1346 audivit
2265 1300 2506 1346 renovat.

2095 1384 2150 1438 8.
2193 1384 2408 1437 Moratis
2437 1382 2740 1436 exhortatio.
2773 1411 2843 1421 -—
2870 1379 3034 1450 Igitur
3077 1378 3370 1447 cogitantes
3401 1383 3606 1430 tantum

2023 1475 2226 1528 lucrum
2249 1484 2509 1538 vestrum,
2543 1489 2610 1528 ne
2655 1471 2936 1525 invideatis
2975 1469 3226 1524 fratribus
3271 1468 3479 1527 vestris,
3513 1463 3608 1520 scd

2025 1582 2051 1618 a
2081 1567 2232 1620 vobis
2253 1567 2458 1620 discant
2482 1581 2600 1635 qua:
2633 1579 2772 1618 nunc
2799 1579 2828 1616 a
2855 1563 3009 1616 nobis
3036 1562 3303 1615 dicuntur.
3329 1559 3404 1612 Ne
3428 1567 3606 1611 autem

2027 1658 2246 1725 posthac
2278 1667 2456 1710 vestro
2486 1655 2748 1710 beneﬁcio
2786 1653 3002 1707 obnoxii
3031 1651 3145 1706 hrcc
3169 1651 3404 1710 discant,
3433 1647 3612 1703 ducite

2026 1749 2144 1801 illos
2174 1748 2240 1800 ad
2286 1761 2403 1813 nos,
2438 1746 2820 1816 persuadentes
2866 1744 3015 1813 ipsis,
3048 1743 3176 1796 nihil
3221 1741 3412 1794 obesse
3455 1737 3611 1807 spiri-

2026 1838 2158 1892 tuali
2187 1853 2406 1902 tncnsm,
2437 1837 2480 1890 si
2529 1837 2796 1906 prmcedat
2847 1835 3141 1904 corporalis
3190 1833 3290 1886 cibi
3340 1827 3608 1899 sumptio:

2028 1929 2122 1984 sed
2167 1945 2323 1998 omne
2363 1939 2573 1996 tempus
2626 1926 2889 1996 spirituali
2931 1925 3162 1978 sermoni
3207 1923 3454 1977 idoneum
3491 1933 3612 1974 esse

2030 2021 2406 2090 repetundum.
2436 2020 2564 2075 llaec
2613 2020 2658 2074 si
2711 2027 2854 2072 recte
2898 2027 3192 2080 teneamus,
3221 2013 3518 2085 poterimus
3558 2020 3612 2064 et

2031 2113 2176 2167 domi
2218 2122 2516 2176 versantes,
2549 2120 2671 2165 ante
2696 2119 2749 2164 et
2789 2119 2910 2179 post
2951 2108 3254 2162 convivium
3283 2105 3516 2173 acceptis
3559 2104 3612 2156 in

2028 2206 2275 2261 manibus
2305 2203 2498 2258 divinis
2526 2203 2722 2267 Libris,
2751 2199 3029 2254 utilitatem
3063 2197 3183 2252 inde
3208 2211 3398 2264 capere
3425 2203 3480 2248 et
3504 2193 3612 2262 spi-

2029 2296 2273 2350 ritualcm
2320 2293 2495 2348 cibum
2523 2293 2716 2345 anima:
2759 2291 3018 2360 praebere.
3070 2287 3200 2342 Nam
3245 2287 3383 2339 sicut
3419 2297 3612 2352 corpus

2031 2387 2232 2456 indiget
2266 2385 2505 2442 sensibili
2534 2385 2674 2450 cibo,
2705 2384 2776 2438 ita
2801 2392 2855 2438 et
2889 2382 3064 2437 anima
3094 2378 3397 2451 quotidiana
3425 2376 3613 2430 admo-

2035 2479 2236 2533 nitione
2279 2486 2333 2532 et
2372 2475 2724 2545 spiritualium
2771 2474 3017 2528 ciborum
3066 2469 3450 2526 refocillatioue
3496 2485 3508 2520 :
3557 2475 3616 2520 ut

2033 2571 2281 2626 roborata
2333 2567 2581 2623 resistere
2633 2568 2799 2636 possit
2845 2564 3022 2619 carnis
3051 2561 3348 2626 rebellioni,
3382 2568 3436 2614 et
3482 2573 3615 2612 con-

2035 2665 2180 2717 tinuo
2211 2661 2348 2714 bello
2386 2677 2491 2730 quo
2519 2674 2787 2728 urgemur,
2819 2656 3066 2727 quodque
3110 2654 3338 2708 animam
3377 2658 3613 2705 nostram

2034 2754 2086 2808 in
2117 2754 2430 2807 servitutem
2462 2750 2672 2819 redigit,
2703 2749 2745 2802 si
2785 2748 2867 2801 vel
2899 2762 3083 2817 parum
3125 2742 3335 2797 desides
3364 2755 3484 2796 esse
3524 2753 3612 2792 vo-

2034 2845 2311 2901 luerimus.
2371 2843 2601 2898 Proinde
2654 2841 2909 2910 propheta
2971 2837 3132 2893 David
3189 2836 3400 2890 beatum
3467 2833 3614 2887 illum

2035 2939 2188 3000 dixit,
2233 2937 2321 3007 qui
2363 2937 2413 2990 in
2462 2936 2578 3006 lege
2629 2934 2837 2988 Domini
2889 2931 3174 2984 meditatur
3213 2928 3300 2982 die
3351 2941 3414 2982 ac
3462 2934 3620 2978 nocte

2042 3029 2212 3100 (Psal.
2247 3030 2298 3083 l.
2341 3028 2435 3096 2);
2479 3035 2533 3082 et
2582 3027 2766 3081 beatus
2815 3024 2988 3079 Moses
3035 3021 3312 3077 Judaicum
3367 3019 3617 3089 populum

2037 3121 2235 3175 docens
2261 3120 2334 3174 ait
2360 3137 2372 3172 :
2418 3118 2543 3172 Cum
2581 3116 2852 3171 comederis
2883 3125 2928 3168 et
2967 3114 3167 3178 biberis,
3191 3123 3236 3166 et
3264 3113 3478 3166 satiatus
3507 3109 3619 3178 {ue-

2037 3216 2129 3280 ris,
2156 3229 2346 3267 memor
2386 3222 2487 3266 esto
2516 3211 2721 3264 Domini
2750 3209 2848 3262 Dei
2873 3208 2946 3261 tui
2993 3205 3168 3279 (Deut.
3201 3206 3254 3260 8.
3297 3202 3410 3274 10).
3435 3201 3617 3264 Vides,

2039 3305 2308 3376 quomodo
2347 3313 2400 3359 et
2427 3313 2550 3358 tunc
2582 3302 2912 3373 potissimum
2952 3315 3046 3369 par
3074 3299 3161 3361 sit,
3191 3306 3311 3368 post
3349 3303 3617 3364 sumptura

2038 3413 2229 3468 nempe
2254 3396 2584 3465 corporalem
2614 3395 2813 3457 cibum,
2837 3391 3112 3461 spirituale
3140 3387 3438 3442 convivium
3465 3385 3621 3439 nobis

2039 3488 2255 3558 apponi,
2270 3497 2327 3540 nt
2342 3503 2409 3541 ne
2431 3495 2549 3555 post
2571 3485 2868 3538 satietatem
2885 3483 2987 3536 cibi
3003 3479 3297 3549 corporalis
3312 3477 3486 3531 anima
3504 3485 3616 3528 tor-

2041 3596 2174 3650 pens
2202 3589 2254 3634 et
2279 3578 2439 3633 deses
2488 3577 2538 3630 in
2569 3575 2855 3644 perniciem
2903 3574 3132 3642 aliquam
3185 3580 3324 3635 ruat,
3353 3578 3406 3622 et
3445 3569 3620 3622 locum

2040 3672 2133 3726 det
2158 3669 2354 3724 diaboli
2397 3665 2896 3730 machinationibus,
2921 3664 3008 3732 qui
3037 3676 3224 3715 omnes
3254 3659 3507 3728 temporis
3531 3673 3622 3710 ar-

2044 3763 2235 3817 ticulos
2264 3761 2530 3821 observat,
2573 3767 2630 3810 nt
2655 3755 2815 3811 letale
2867 3755 3020 3809 nohis
3062 3753 3252 3805 vulnus
3284 3749 3508 3804 inferat?
3556 3746 3625 3801 Et

2044 3856 2235 3908 iterum
2259 3852 2364 3906 alio
2392 3851 2510 3905 loco
2535 3848 2744 3903 dicebat
2777 3846 2916 3900 idem
2949 3845 3035 3899 ille
3065 3843 3322 3913 propheta
3356 3859 3368 3894 :
3400 3837 3464 3892 In
3494 3841 3622 3891 tecto

2043 3946 2281 4000 cubantes
2311 3954 2356 3997 et
2401 3950 2723 4010 exsurgentes
2770 3945 3068 3992 mementote
3097 3933 3304 3988 Domini
3355 3930 3446 3984 Dei
3476 3928 3624 3982 vestri

2044 4036 2224 4107 (Deut.
2257 4035 2312 4090 6.
2345 4033 2423 4103 7).
2455 4031 2644 4086 Vidisti
2674 4044 2958 4098 numquam
2990 4041 3086 4080 nos
3116 4025 3310 4080 decere
3348 4023 3484 4075 hanc
3515 4034 3627 4073 mc-

2044 4131 2265 4184 moriam
2305 4144 2368 4182 ex
2401 4126 2574 4179 anima
2615 4130 2794 4176 nostra
2835 4117 3140 4180 excludere,
3174 4114 3266 4169 scd
3311 4112 3626 4180 insculptum

2046 4222 2098 4275 in
2148 4220 2472 4275 conscientia
2515 4217 2731 4278 habere,
2756 4228 2817 4268 ac
2864 4214 2914 4266 in
2963 4219 3215 4281 perpetua
3266 4205 3624 4261 sollicitudine

2044 4313 2246 4377 vivere,
2274 4311 2552 4378 minasque
2599 4320 2846 4376 umquam
2897 4301 3177 4357 admittere
3228 4296 3488 4359 inducias,
3522 4301 3628 4350 imo

2043 4413 2102 4459 ut
2126 4405 2262 4459 bene
2282 4403 2532 4465 scientes,
2552 4409 2781 4470 quantus
2810 4397 2880 4450 sit
2908 4395 3053 4449 furor
3078 4391 3276 4447 inimici
3305 4390 3471 4445 nostri
3503 4405 3625 4459 erga

2043 4511 2162 4560 nos,
2192 4495 2404 4551 sobrios
2444 4508 2564 4547 esse
2606 4501 2660 4547 et
2708 4489 2946 4561 vigilare,
2995 4495 3048 4541 et
3094 4500 3283 4540 omnes
3327 4483 3503 4537 aditus
3556 4483 3630 4534 illi

2044 4587 2392 4660 prmcludere,
2423 4596 2478 4640 et
2519 4599 2805 4653 numquam
2849 4577 3173 4650 Spiritualem
3224 4574 3491 4645 negligere
3537 4575 3632 4625 ali-

2045 4679 2316 4735 moniam?
2369 4677 2493 4732 [huc
2534 4684 2714 4730 nostra
2744 4673 2886 4727 salus
2918 4680 3032 4735 est,
3069 4669 3150 4723 hze
3192 4665 3496 4736 spirituules
3545 4663 3629 4715 di-

2045 4772 2208 4836 vitim,
2241 4769 2357 4824 hinc
2402 4767 2682 4822 securitas.
2724 4762 2780 4817 Si
2824 4761 2902 4814 sic
2931 4775 3030 4814 nos
3071 4759 3212 4827 ipsos
3241 4754 3475 4824 quotidie
3503 4769 3625 4806 mu-

2045 4863 2274 4926 niamus,
2307 4868 2360 4913 et
2405 4873 2500 4928 per
2544 4854 2854 4918 lectionem,
2886 4860 2938 4906 et
2987 4864 3081 4919 per
3124 4845 3381 4909 auditum,
3427 4852 3482 4898 et
3533 4856 3627 4912 per

2043 4952 2372 5025 spiritualem
2398 4961 2720 5008 sermonem,
2741 4945 2819 4998 sic
2841 4941 3131 5013 poterimus
3159 4936 3258 5006 ipsi
3282 4935 3458 4991 invicti
3480 4947 3628 4996 esse,

2044 5056 2099 5103 et
2114 5043 2328 5114 maligni
2345 5039 2604 5097 dmmonis
2635 5033 3098 5100 technaseludcrc,
3112 5030 3451 5098 caelestiaque
3467 5039 3626 5094 regna

2044 5137 2279 5208 assequi,
2299 5133 2464 5206 gratia
2484 5140 2541 5187 et
2557 5129 2882 5200 benignitate
2900 5125 3109 5181 Domini
3141 5120 3306 5176 nostri
3336 5119 3460 5176 Jesu
3480 5114 3626 5170 Chri-

2043 5230 2135 5296 sti,
2164 5244 2285 5284 cum
2315 5239 2422 5298 quo
2448 5224 2590 5279 Patri
2625 5222 2781 5277 simul
2812 5228 2866 5274 ct
2886 5217 3103 5289 Spiritui
3130 5222 3315 5270 sancto
3339 5212 3410 5266 sit
3436 5209 3621 5280 gloria,

2047 5321 2347 5391 imperium,
2382 5317 2573 5383 honor,
2602 5330 2743 5371 nunc
2779 5323 2831 5368 et
2870 5325 3100 5381 semper,
3129 5306 3260 5362 etin
3288 5302 3482 5359 saecula
3529 5316 3626 5355 sa:-

2042 5410 2310 5469 culorum.
2343 5409 2535 5464 Amen.

2633 5533 2911 5592 HOMILIA
2951 5529 3041 5586 XI.

2051 5678 2199 5746 Quod
2219 5683 2446 5744 Oporteat
2472 5673 2697 5724 virtutem
2723 5669 2892 5738 magni
2920 5669 3084 5738 facere
3105 5674 3398 5733 sanctosque
3418 5664 3626 5724 imitari,

2117 5769 2201 5839 qui
2226 5782 2339 5818 cum
2369 5765 2592 5833 ejusdem
2615 5763 2760 5836 cujus
2789 5777 2876 5815 nos
2900 5769 3095 5814 natum
3118 5767 3298 5823 essent,
3335 5772 3445 5811 ean.
3476 5769 3628 5808 utru-
