4122 6204
570 269 631 324 9|
1282 270 1341 325 8.
1380 267 1659 325 JOANNIS
1696 265 2171 325 CHRYSOSTOM!
2203 269 2521 329 ARCHIEP.
2547 272 3076 330 CONSTANTINOP.
3781 274 3851 331 9'2

651 396 759 441 rate
783 384 958 441 sectati
984 392 1118 437 sunt.
1147 382 1211 435 Et
1239 383 1371 451 quod
1401 381 1444 437 si
1468 397 1638 453 segnes
1668 381 1932 451 fuerimus,
1964 381 2158 435 natlem

652 476 1033 531 excusationem
1050 474 1267 528 habituri
1287 475 1463 527 simus.

656 588 710 639 ’t.
740 584 864 640 Scio
905 598 992 639 me
1031 584 1393 655 superioribus
1431 582 1619 638 diebus
1657 593 1891 638 mentem
1934 592 2164 639 vestram

582 674 1013 738 prnittndioribus
1068 676 1345 731 sententiis
1391 675 1879 729 exercuissezeam
1933 673 2004 728 ob
2050 689 2163 729 rem

587 764 740 821 hodie
771 765 981 820 animus
1021 774 1106 820 est
1144 764 1439 819 faciliorem
1463 763 1486 794 ι
1520 778 1818 834 proponere
1847 762 2165 820 doctrinam.

583 854 715 909 Nam
746 857 883 910 sicut
910 870 1105 925 corpus
1124 856 1330 926 jejunio
1354 867 1679 913 maceratum
1699 896 1715 919 ,
1748 855 2001 910 nonnulla
2026 854 2168 910 india

580 954 672 1015 get
718 944 1140 1011 refocillatione,
1184 954 1246 1001 ut
1286 962 1497 1002 rursum
1543 946 1743 1018 ingenti
1786 944 2061 1001 alacritate
2102 945 2170 1001 ad

586 1036 836 1091 ferendos
871 1035 1058 1106 jejunii
1104 1035 1312 1092 labores
1352 1036 1581 1092 redeat:
1609 1037 1681 1091 ita
1709 1045 1764 1091 et
1791 1036 1966 1090 anima
1995 1045 2171 1091 vestra

586 1127 903 1185 remissione
924 1128 1124 1199 indiget
1144 1136 1201 1183 et
1228 1128 1424 1199 quiete.
1474 1127 1655 1199 Neque
1677 1127 1821 1183 enim
1846 1141 2062 1197 semper
2085 1127 2172 1183 in-

589 1220 809 1276 tendere
826 1261 841 1287 ,
883 1235 1058 1290 neque
1082 1236 1296 1290 semper
1319 1223 1593 1277 remittere
1619 1228 1861 1292 oportet;
1907 1219 2003 1276 sed
2032 1234 2174 1276 nunc

590 1312 694 1369 hoc
715 1352 732 1376 ,
766 1328 907 1368 nunc
934 1312 1064 1369 illud
1108 1313 1407 1369 faciendum
1432 1329 1448 1381 ;
1492 1322 1554 1370 et
1581 1316 1659 1368 sic
1685 1312 1954 1384 regendus
1982 1313 2176 1368 anima:

589 1413 781 1470 status,
808 1414 863 1461 et
886 1405 1150 1460 domanda
1175 1406 1351 1462 carnis
1380 1407 1690 1476 petulantia.
1716 1406 1848 1461 Nam
1875 1406 2013 1461 sicut
2037 1420 2176 1461 sem—

596 1513 693 1567 per
719 1498 978 1553 intentum
1004 1511 1125 1553 esse
1152 1497 1421 1553 laboribus
1440 1538 1455 1563 ,
1486 1499 1541 1553 id
1582 1497 1796 1553 taedium
1824 1497 1978 1553 amart
2004 1506 2058 1553 et
2080 1497 2177 1553 dc—

594 1589 708 1658 jicit
733 1604 748 1641 :
778 1588 848 1642 ita
892 1596 1151 1658 perpetuo
1194 1588 1500 1652 remittere,
1547 1588 1614 1644 ad
1643 1588 1908 1659 ignaviam
1953 1589 2174 1645 inducit.

596 1680 651 1733 id
681 1688 736 1734 et
763 1678 817 1734 in
844 1680 1021 1733 anima
1050 1686 1105 1734 et
1134 1679 1188 1733 in
1217 1694 1443 1749 corpore
1472 1695 1570 1734 usu
1614 1680 1799 1735 venire
1841 1678 2022 1735 videre
2060 1680 2180 1750 quis

593 1784 790 1846 petest.
818 1776 1105 1847 Propterea
1130 1776 1321 1831 modus
1340 1776 1535 1846 ubique
1561 1775 1731 1831 bonus
1757 1784 1857 1831 est.
1889 1775 2041 1843 Quod
2084 1789 2182 1830 nos

598 1867 964 1923 universorum
994 1867 1136 1923 Deus
1163 1868 1319 1922 docet
1356 1868 1515 1923 etiam
1558 1883 1655 1937 per
1697 1875 2003 1929 creaturas,
2052 1878 2182 1937 quas

596 1958 662 2013 ad
692 1959 857 2015 nostri
884 1959 1319 2015 constitutionem
1362 1957 1631 2029 produxit.
1679 1960 1855 2029 Atque
1882 1965 1941 2013 ut
1968 1956 2071 2014 hoc
2099 1960 2182 2013 in-

599 2050 868 2121 telligatis,
893 2049 961 2105 de
982 2049 1070 2104 die
1091 2064 1154 2105 ac
1183 2059 1360 2115 nocte,
1381 2049 1483 2104 hoc
1506 2057 1590 2105 est
1603 2048 1668 2104 de
1691 2049 1809 2104 luce
1837 2064 1902 2104 ac
1923 2048 2181 2117 tenebris,

597 2157 902 2199 sermonem
949 2144 1307 2197 instituamus.
1361 2140 1801 2212 Quandoquidem
1854 2141 1998 2197 enim
2042 2140 2184 2197 diem

599 2233 904 2305 segregavit
947 2234 1000 2289 in
1044 2249 1181 2304 opus
1227 2233 1474 2288 humana:
1523 2241 1765 2298 naturae,
1813 2240 1870 2289 et
1895 2241 2106 2288 noctem
2134 2232 2183 2286 in

599 2328 840 2400 requiem
876 2336 931 2385 et
972 2328 1342 2385 remissionem
1379 2328 1655 2394 laborum,
1694 2340 1974 2383 mensuras
1998 2336 2053 2383 et
2081 2336 2189 2381 ter-

603 2421 777 2477 minos
802 2422 1039 2491 utrisque
1064 2421 1329 2491 praefixit,
1364 2420 1503 2476 unde
1532 2421 1685 2476 nobis
1710 2420 1960 2476 omnibus
1986 2418 2189 2476 beneﬁ-

603 2511 686 2566 cia
729 2511 972 2583 quaedam
1019 2512 1383 2582 provenirent.
1434 2511 1565 2567 Nam
1611 2510 1752 2583 quod
1802 2512 1927 2578 lux,
1980 2511 2187 2567 diurnae

603 2604 930 2675 operationis
953 2605 1024 2661 sit
1050 2613 1293 2676 tempus,
1344 2604 1467 2661 audi
1497 2604 1663 2660 David
1689 2604 1954 2660 dicentem
1984 2621 1999 2659 :
2031 2603 2191 2674 Egre-

605 2696 773 2750 dietur
800 2697 950 2749 homo
984 2696 1053 2749 ad
1081 2713 1207 2767 Opus
1234 2712 1383 2751 suum
1407 2737 1422 2762 ,
1474 2705 1523 2750 et
1561 2695 1629 2749 ad
1668 2695 2009 2765 operationem
2045 2710 2190 2749 suam

608 2803 767 2857 usque
802 2788 870 2840 ad
908 2802 1163 2858 vesperae:
1192 2787 1364 2859 (Psal.
1394 2786 1516 2842 103.
1548 2786 1665 2857 25).
1724 2786 1794 2841 Et
1822 2786 1959 2842 bene
1994 2785 2186 2856 inquit,

614 2876 786 2949 Usque
818 2878 887 2931 ad
911 2894 1167 2948 vesperam
1198 2898 1213 2933 :
1243 2895 1363 2933 nam
1406 2880 1686 2949 ingruente
1719 2869 2045 2942 νοερθτθιιιι
2060 2870 2187 2927 abs-

606 2968 791 3029 cedit,
866 2978 920 3024 et
962 2970 1311 3026 succedentes
1342 2969 1575 3025 tenebrae
1618 2969 1904 3023 humanam
1948 2976 2191 3023 naturam

609 3060 857 3129 sopiunt,
884 3070 939 3117 et
963 3076 1158 3131 corpus
1184 3062 1325 3131 quod
1350 3061 1717 3127 laboraverat,
1745 3061 1907 3131 quieti
1953 3059 2189 3127 tradunt,

609 3165 799 3207 sensus
845 3164 1033 3209 omnes
1079 3152 1390 3218 remittunt,
1439 3161 1494 3208 et
1540 3153 1691 3223 quasi
1744 3155 1921 3208 nutrix
1968 3153 2190 3223 Optima,

610 3257 860 3300 sensuum
887 3246 1100 3316 organis
1119 3244 1366 3300 omnibus
1390 3247 1620 3315 quietem
1648 3262 1679 3300 a
1708 3246 1976 3302 laboribus
2009 3246 2195 3317 fatiga-

606 3336 951 3408 tionibusque
997 3336 1318 3393 concedunt.
1367 3336 1500 3393 Cum
1549 3354 1676 3393 vero
1719 3352 1968 3393 mensura
2020 3338 2195 3392 noctis

611 3428 833 3499 impleta
861 3428 1019 3483 fuerit
1038 3469 1053 3493 ,
1082 3428 1516 3499 appropinquans
1553 3429 1686 3485 lucis
1712 3428 1976 3484 adventus
1998 3428 2198 3485 excitat

611 3530 668 3573 et
699 3519 749 3574 id
771 3520 879 3590 agit
905 3528 962 3574 ut
990 3519 1227 3590 vigentes
1257 3519 1547 3591 refectique
1566 3535 1758 3576 sensus
1785 3520 1995 3575 solares
2020 3519 2197 3575 radios

612 3610 839 3677 adeant,
870 3619 924 3667 et
952 3621 1010 3665 ut
1040 3611 1199 3666 homo
1225 3627 1361 3668 nova
1390 3612 1618 3684 quadam
1662 3620 1717 3668 et
1754 3612 1980 3669 ferventi
2009 3611 2200 3667 alacri-

609 3709 723 3756 tate
750 3703 1020 3757 consuetis
1047 3703 1296 3771 operibus
1321 3718 1535 3758 mauum
1557 3704 1859 3760 admoveat.
1888 3704 2016 3759 Illud
2038 3705 2197 3759 etiam

615 3794 671 3847 in
709 3796 831 3847 anni
862 3793 1303 3848 conversionibus
1332 3792 1446 3847 fieri
1471 3793 1758 3849 cernimus.
1791 3794 2031 3849 Hiemem
2055 3795 2197 3849 cnim

616 3883 816 3954 excipit
843 3898 938 3938 ver
962 3924 976 3948 ,
1016 3892 1072 3939 et
1095 3894 1297 3940 exacta:
1325 3886 1496 3939 testati
1526 3886 1763 3940 succedit
1787 3897 2073 3942 autumnus
2102 3907 2115 3942 :
2142 3896 2201 3942 ut

615 3990 713 4045 per
748 3972 1166 4032 vicissitudinem
1215 3985 1513 4047 temporum
1541 3987 1595 4033 et
1636 3980 1821 4033 mutati
1867 3980 2007 4035 aeris
2047 3981 2199 4050 quie-

616 4076 769 4122 scant
792 4082 1016 4137 corpora
1060 4077 1237 4125 nostra
1259 4109 1275 4134 ,
1321 4082 1495 4139 neque
1520 4069 1716 4140 frigore
1746 4072 1966 4126 nimium
2004 4086 2201 4142 conge-

616 4160 723 4215 lata
748 4172 1176 4230 corrumpantur,
1206 4177 1380 4233 neque
1400 4162 1594 4219 caloris
1615 4163 1951 4220 vehementia
1974 4165 2198 4222 nimium

616 4250 871 4306 calefacta
900 4251 1260 4306 dissolvantur
1291 4270 1306 4307 :
1332 4262 1387 4306 et
1417 4262 1474 4308 ut
1513 4253 1579 4308 ad
1625 4254 1726 4309 hoc
1768 4270 1865 4309 nos
1908 4267 2196 4327 praeparet,

620 4340 783 4396 hiemi
810 4342 1083 4411 praemittit
1110 4351 1423 4399 autumnum
1444 4384 1462 4411 ,
1506 4353 1562 4400 et
1596 4347 1767 4401 aestati
1798 4362 1913 4402 ver.
1965 4348 2118 4415 Quod
2153 4349 2199 4405 si

622 4434 742 4503 quis
780 4433 1073 4503 prudenter
1114 4434 1230 4491 hac
1261 4437 1439 4492 omnia
1469 4452 1650 4494 secum
1676 4440 2020 4510 expenderit,
2053 4442 2203 4498 inve-

618 4525 729 4580 niet
758 4524 810 4580 in
833 4526 1081 4582 omnibus
1100 4529 1359 4584 creaturis
1381 4529 1621 4586 ordinem
1651 4539 1705 4586 et
1730 4533 1989 4589 rationem
2015 4551 2200 4606 quam-

618 4615 772 4685 dam,
816 4625 873 4673 ct
899 4618 1028 4674 nihil
1064 4629 1265 4676 temere
1285 4629 1341 4676 et
1362 4621 1565 4694 absque
1590 4624 1796 4679 ratione
1822 4624 2037 4682 factum.
2087 4626 2200 4682 Hoc

617 4717 673 4764 et
697 4708 751 4766 in
772 4711 1085 4777 seminibus,
1113 4728 1232 4785 quae
1254 4728 1320 4769 ex
1343 4722 1484 4770 terra
1514 4725 1830 4785 nascuntur,
1871 4719 1988 4788 quis
2014 4718 2200 4775 videre

620 4810 815 4871 potest.
869 4801 1052 4874 Neque
1101 4806 1243 4860 enim
1292 4806 1470 4863 omnia
1521 4806 1711 4864 eodem
1756 4816 1994 4879 tempore
2042 4810 2199 4866 tellus

617 4892 841 4962 profert,
872 4910 1046 4967 neque
1078 4912 1235 4952 omne
1261 4905 1472 4969 tempus
1499 4899 1567 4954 ad
1587 4900 1877 4955 excolenda
1905 4910 2060 4957 terrae
2079 4917 2200 4973 ger-

619 4985 763 5040 mina
817 4986 1064 5041 idoneum
1114 4997 1224 5053 est;
1284 4989 1377 5044 sed
1430 4989 1581 5045 novit
1628 4992 1859 5063 agricola
1906 5008 2199 5064 congruum

626 5086 837 5147 tempus
862 5118 878 5143 ,
907 5077 1047 5147 quod
1080 5094 1173 5148 per
1200 5080 1511 5151 sapientiam
1539 5082 1637 5139 sibi
1664 5097 1694 5138 a
1726 5083 1835 5139 Deo
1861 5083 2039 5141 datam
2066 5085 2203 5141 didi-

616 5168 722 5231 cit,
770 5169 984 5240 quando
1039 5185 1231 5242 nempe
1276 5174 1595 5242 serendum,
1648 5177 1859 5248 quando
1904 5178 2202 5248 plantanda

620 5260 874 5326 arbores,
923 5264 1137 5334 quando
1171 5264 1307 5321 vites
1347 5273 1504 5321 terrm
1549 5267 1754 5323 sinibus
1790 5269 2199 5339 concredendaa,

620 5353 834 5419 quando
863 5356 929 5410 ad
974 5373 1203 5415 messem
1234 5361 1487 5415 acuendae
1527 5361 1687 5417 falces
1710 5402 1727 5427 ,
1771 5363 1985 5434 quando
2013 5363 2204 5420 decer-

621 5443 779 5509 pendi
810 5443 1083 5502 vinearum
1117 5448 1318 5503 fructus
1343 5490 1360 5517 ,
1390 5459 1444 5505 et
1485 5450 1623 5507 botri
1670 5452 1919 5509 demendi
1940 5496 1955 5519 ,
1987 5454 2201 5525 quando

621 5541 674 5585 et
703 5534 961 5591 olivarum
1003 5540 1175 5596 bacca:
1219 5542 1549 5614 colligendae.
1591 5545 1657 5600 Et
1684 5546 1959 5616 invenies,
2000 5549 2045 5603 si
2089 5547 2203 5603 haec

626 5625 805 5677 omnia
835 5625 1115 5697 diligenter
1138 5631 1369 5688 volueris
1400 5635 1666 5708 inquirere
1685 5679 1700 5706 ,
1728 5651 1916 5708 magna
1943 5639 2203 5710 sapientia

688 5713 708 5746 '
741 5714 941 5773 quidem
966 5725 1090 5783 διε..
1116 5722 1387 5775 duriorem.

2249 5514 2261 5554 ι
2314 5483 2391 5554 an
2411 5481 2897 5554 ἳετο,ιέθο¹θεὲ³ὀ¹,ίεη
2934 5488 3028 5554 tam
3063 5482 3201 5554 De???

2275 388 2433 441 etiam
2473 387 2731 456 agricolas
2779 402 2899 443 esse
2939 388 3209 459 pmditos.
3258 387 3375 443 1am
3424 404 3530 445 non
3581 390 3751 444 solum
3795 408 3846 446 ιη

2273 485 2414 530 terra
2455 478 2557 533 hoc
2580 478 2762 535 videre
2794 478 2951 545 licet,
2982 479 3075 533 sed
3103 481 3263 535 etiam
3306 484 3360 534 tu
3389 481 3542 535 mari.
3598 481 3737 537 Ecce
3769 482 3853 536 hic

2232 594 2233 597 η
2273 567 2431 622 aliam
2474 569 2839 625 admirabilem
2882 571 3195 640 sapientiam
3239 582 3484 641 spectare
3524 582 3695 641 potes.
3740 571 3854 628 Scit

2274 658 2415 713 enim
2447 660 2727 716 nauclerus
2754 661 2966 731 quando
2991 662 3304 717 deducenda
3330 662 3400 718 sit
3427 662 3577 717 navis
3597 705 3612 727 ,
3640 663 3853 733 quando

2273 765 2301 805 a
2326 760 2482 821 portu
2508 751 2837 817 solvendum,
2864 750 3077 822 quando
3107 753 3423 807 transeunda
3447 754 3611 807 maria
3635 768 3651 819 ;
3680 754 3851 808 masio

2276 858 2491 913 meque!
2520 842 2572 896 in
2619 842 2794 898 nautis
2843 842 3261 913 deprehenditur
3307 844 3647 910 intellectus,
3697 858 3852 915 quem

2275 933 2453 989 divina
2481 933 2737 1005 sapientia
2763 934 3008 989 humana:
3039 944 3240 989 natura:
3268 934 3474 990 indidit.
3502 934 3686 1004 Neque
3712 936 3852 990 enim

2276 1027 2367 1096 qui
2407 1041 2504 1097 per
2529 1027 2641 1081 vias
2672 1025 2909 1095 publicas
2938 1035 3180 1091 currunt,
3215 1027 3282 1081 ita
3310 1026 3623 1081 diverticula
3660 1028 3855 1091 sciunt,

2278 1129 2336 1173 ut
2364 1120 2399 1174 ii
2427 1121 2515 1189 qui
2546 1119 2597 1174 in
2623 1118 2776 1189 aquis
2797 1126 3000 1174 certum
3029 1120 3129 1173 iter
3157 1118 3375 1173 iaciunt.
3427 1118 3650 1188 Propter
3679 1119 3778 1174 hoc
3802 1124 3858 1175 et

2276 1210 2548 1280 Scriptura
2579 1211 2965 1281 obstupesceus
3010 1210 3334 1265 eminentem
3377 1209 3692 1279 sapientiam
3738 1210 3857 1277 Dei,

2279 1303 2411 1358 dicit
2442 1321 2455 1357 :
2490 1305 2586 1370 Qui
2611 1303 2747 1357 dedit
2771 1304 2825 1356 in
2854 1303 2983 1356 mari
3027 1303 3158 1357 uiam
3180 1344 3196 1369 ,
3242 1310 3291 1356 et
3327 1302 3379 1354 in
3419 1315 3552 1371 aqua
3591 1301 3860 1355 vehementi

2280 1397 2511 1450 semitam
2537 1395 2690 1465 (Sap.
2721 1394 2807 1450 14.
2838 1392 2915 1467 5).
2965 1394 3095 1462 Quae
3122 1393 3351 1449 humana
3379 1393 3516 1447 ratio
3544 1401 3722 1463 potest
3746 1392 3858 1446 haec

2282 1487 2645 1558 pernoscere!
2698 1486 2953 1543 Eamdem
3003 1486 3264 1541 rationem
3315 1486 3553 1541 inveniet
3601 1484 3861 1556 quispiam

2285 1580 2444 1635 etiam
2490 1579 2541 1634 in
2569 1579 2704 1634 cibis
2726 1593 2859 1648 quos
2896 1579 3176 1633 sumimus.
3207 1577 3338 1632 Nam
3359 1578 3583 1648 singulis
3608 1577 3862 1647 tempori-

2286 1674 2385 1727 bus
2409 1682 2464 1728 et
2489 1672 2611 1727 anni
2658 1673 2898 1742 partibus
2926 1672 3071 1727 varia
3096 1680 3152 1727 et
3178 1671 3390 1726 diversa
3432 1671 3584 1726 nobis
3610 1672 3860 1726 alimenta

2288 1764 2547 1819 Dominus
2602 1764 2822 1833 largitur
2865 1781 2880 1818 :
2929 1773 3069 1819 terra
3121 1765 3264 1818 enim
3314 1762 3463 1832 quasi
3512 1761 3712 1831 optima
3764 1775 3863 1816 nu-

2286 1856 2392 1910 trix
2417 1856 2557 1911 dona
2578 1870 2674 1911 sua
2703 1855 2857 1911 nobis
2884 1855 3123 1927 profert,
3153 1864 3421 1925 praecepto
3446 1852 3715 1908 Creatoris
3754 1854 3867 1907 sei-

2291 1949 2463 2004 vicus.

2359 2039 2413 2094 2.
2442 2039 2640 2096 Verum
2667 2054 2737 2095 ne
2771 2038 3029 2110 prolixius
3058 2051 3359 2093 sermonem
3386 2034 3669 2090 extendam
3689 2073 3705 2095 .
3744 2034 3869 2089 lice-

2291 2132 2367 2187 bit
2389 2134 2539 2187 vobis
2576 2146 2674 2203 pro
2701 2140 2877 2188 vestra
2906 2130 3185 2202 prudentia
3218 2143 3502 2186 recensere
3528 2128 3631 2182 alia
3668 2126 3865 2182 omnia.

2294 2222 2374 2278 Da
2398 2225 2539 2279 enim
2564 2266 2578 2289 ,
2625 2224 2795 2294 inquit
2817 2264 2830 2287 ,
2873 2222 3089 2293 sapienti
3118 2221 3466 2286 occasionem,
3510 2229 3557 2272 et
3597 2219 3869 2288 sapientior

2293 2319 2384 2371 erit
2427 2317 2609 2385 (Prov.
2638 2316 2692 2372 9.
2721 2316 2801 2384 9).
2856 2313 3039 2384 Neque
3087 2314 3139 2367 in
3183 2311 3380 2366 nostris
3426 2310 3700 2364 dumtaxat
3718 2308 3868 2363 ‘cihis

2295 2409 2396 2463 hoc
2422 2407 2603 2463 videre
2627 2415 2709 2462 est
2731 2444 2748 2473 ,
2795 2405 2889 2461 sed
2918 2414 2972 2459 et
3011 2405 3062 2459 in
3094 2404 3158 2459 iis
3183 2418 3303 2473 qua:
3329 2403 3603 2457 brutorum
3631 2405 3772 2455 sunt.
3808 2398 3870 2453 Et

2292 2499 2553 2569 poteritis,
2578 2498 2624 2553 si
2647 2497 2825 2563 vultis,
2857 2496 3016 2553 etiam
3044 2496 3096 2550 in
3125 2494 3303 2549 multis
3328 2494 3449 2548 aliis
3478 2492 3748 2563 inquirere
3770 2532 3784 2556 ,
3818 2499 3870 2544 et

2292 2592 2568 2648 addiscere
2602 2591 2792 2662 optimi
2836 2590 3060 2645 artificis
3086 2588 3181 2644 Dei
3210 2586 3530 2642 incﬂ'abilem
3560 2585 3869 2655 sapientiam

2293 2699 2348 2742 et
2373 2686 2695 2741 eminentem
2725 2683 3017 2739 bonitatem
3037 2724 3053 2748 ,
3081 2678 3351 2752 quomodo
3372 2686 3632 2734 creaturae
3654 2675 3873 2746 singulae

2298 2779 2506 2834 ratione
2528 2777 2755 2849 quadam
2785 2774 3014 2830 Condita:
3032 2772 3140 2828 sint
3171 2772 3212 2825 ¹.
3240 2770 3495 2827 Similiter
3511 2770 3666 2840 igitur
3687 2771 3745 2821 et
3772 2767 3872 2822 Illi-

2291 2870 2377 2941 jus
2407 2884 2572 2924 sacrae
2601 2866 3031 2937 Quadragesimm
3061 2874 3303 2934 tempore
3329 2863 3673 2919 constitutum
3720 2860 3875 2917 nobis

2296 2961 2644 3017 inveniemus.
2674 2959 2806 3014 Nam
2835 2956 3278 3028 quemadmodum
3309 2956 3362 3010 in
3386 2955 3487 3010 viis
3509 2954 3732 3025 publicis
3752 2964 3876 3010 sunt

2297 3055 2553 3109 stationes
2597 3060 2654 3107 et
2689 3050 3037 3116 diverticula,
3088 3049 3141 3103 in
3179 3047 3373 3119 quibus
3418 3045 3544 3102 fessi
3572 3046 3805 3101 viatores
3823 3053 3876 3100 ct

2298 3146 2563 3215 respirant
2598 3154 2652 3198 et
2689 3142 2989 3213 quiescunt,
3042 3149 3103 3195 ut
3145 3148 3331 3210 postea
3374 3139 3476 3194 iter
3528 3152 3679 3193 suum
3709 3138 3878 3194 contie-

2299 3237 2443 3292 ciant
2472 3253 2484 3290 :
2511 3243 2565 3290 et
2594 3235 2733 3290 sicut
2759 3235 2810 3288 in
2844 3232 2978 3288 mari
3008 3232 3183 3287 littora
3210 3241 3336 3285 sunt
3354 3272 3370 3297 ,
3396 3238 3452 3285 et
3479 3239 3663 3301 portus
3681 3270 3696 3295 ,
3724 3237 3782 3284 ut
3808 3228 3880 3284 ibi

2300 3335 2475 3381 nautae
2513 3334 2791 3395 postquam
2827 3323 3024 3378 multos
3056 3321 3250 3377 fluctus
3277 3323 3638 3391 trajecerant,
3670 3327 3726 3375 et
3752 3333 3878 3374 ven-

2302 3426 2477 3473 torum
2505 3416 2721 3485 impetui
2749 3415 3080 3481 restiterunt,
3111 3414 3370 3483 tantisper
3393 3413 3687 3484 quiescant,
3722 3420 3777 3466 ct
3804 3411 3880 3465 sic

2303 3510 2493 3565 iterum
2522 3507 2774 3578 navigare
2806 3506 3060 3576 incipiant
3086 3523 3101 3561 :
3128 3505 3199 3560 ita
3225 3515 3281 3560 et
3299 3519 3439 3565 nunc
3467 3505 3533 3560 iis
3551 3505 3640 3574 qui
3667 3505 3717 3559 in
3742 3503 3881 3572 Qua-

2302 3600 2599 3673 dragesima
2627 3599 2813 3670 jejunii
2835 3614 3048 3654 cursum
3081 3613 3365 3668 suscepere
3389 3640 3403 3664 ,
3444 3598 3593 3668 quasi
3624 3598 3881 3654 stationes

2303 3699 2358 3749 ct
2377 3689 2670 3747 diversoria
2695 3730 2709 3755 ,
2737 3698 2791 3745 et
2818 3690 2996 3745 littora
3025 3696 3078 3744 et
3101 3696 3304 3760 portus,
3334 3691 3499 3743 hosce
3523 3688 3658 3744 duos
3683 3687 3882 3743 hebdo-

2304 3780 2475 3838 madre
2498 3781 2611 3837 dies
2632 3781 2711 3852 (a)
2743 3782 3001 3836 Dominus
3028 3781 3261 3851 quietem
3305 3778 3525 3850 largitus
3568 3788 3682 3846 est,
3728 3788 3784 3834 ut
3830 3787 3884 3834 et

2303 3873 2517 3943 corpori
2537 3872 2919 3943 aliquantulum
2955 3871 3141 3941 jejunii
3172 3872 3407 3926 laborem
3434 3870 3763 3926 remittentes
3783 3912 3799 3936 ,
3829 3879 3885 3925 et

2304 3965 2534 4020 animam
2566 3973 2891 4029 recreantes,
2932 3964 3134 4018 exactis
3162 3963 3371 4018 duobus
3418 3961 3521 4016 illis
3561 3961 3782 4026 diebus,
3829 3962 3882 4017 in

2306 4055 2531 4127 pulchre
2571 4066 2747 4125 empto
2783 4056 2973 4110 itinere
3016 4054 3263 4108 alacriter
3306 4060 3527 4124 pergant
3556 4054 3589 4107 ii
3616 4053 3704 4122 qui
3753 4050 3883 4107 illud

2304 4156 2672 4219 susceperunt.
2720 4147 2831 4218 Age
2857 4147 3017 4217 igitur
3041 4187 3056 4212 ,
3084 4146 3205 4217 quia
3229 4145 3386 4200 hodie
3424 4144 3752 4199 remissionis
3769 4144 3889 4199 dies

2304 4252 2387 4298 est
2409 4282 2424 4310 ,
2464 4240 2861 4297 obsecrabimus
2888 4249 3119 4294 vestram
3144 4240 3443 4305 caritatem,
3471 4249 3529 4292 ut
3553 4253 3740 4309 magna
3761 4238 3886 4293 diii-

2304 4335 2479 4407 ge‘ntia
2505 4335 2707 4389 lucrum
2732 4347 2795 4387 ex
2818 4331 3025 4402 jejunio
3044 4331 3325 4386 collectum
3350 4329 3659 4385 custodiatis
3683 4345 3697 4381 :
3721 4336 3776 4383 et
3793 4342 3885 4384 re-

2305 4434 2516 4497 stnnpto
2542 4438 2827 4496 parumper
2864 4422 3053 4494 spiritu
3075 4463 3092 4489 ,
3136 4436 3259 4476 mox
3304 4420 3495 4476 iterum
3530 4419 3704 4490 priora
3731 4418 3887 4474 novis

2306 4519 2650 4577 incrementis
2696 4517 3013 4583 cumuletis,
3055 4524 3111 4571 et
3135 4514 3213 4569 sic
3252 4512 3501 4584 paulatim
3532 4511 3599 4567 ad
3629 4511 3886 4580 majorem

2305 4612 2716 4684 negotiationem
2759 4611 3001 4666 instructi
3022 4652 3037 4675 ,
3083 4609 3136 4664 in
3169 4606 3501 4662 Dominicum
3530 4605 3670 4660 diem
3696 4618 3895 4660 occur-

2305 4706 2455 4771 ratis,
2484 4714 2537 4761 et
2565 4703 2895 4775 spiritualem
2923 4710 3153 4755 vestram
3174 4700 3347 4753 navim
3373 4699 3423 4752 in
3453 4708 3663 4768 portum
3688 4704 3890 4751 sancire

2308 4798 2605 4854 festivitatis
2639 4797 2851 4867 plenam
2891 4791 3185 4849 adducatis.
3237 4790 3367 4846 Nam
3396 4789 3533 4845 sicut
3562 4788 3740 4843 omnia
3765 4801 3889 4857 qua:

2305 4905 2336 4945 a
2379 4889 2604 4944 Domino
2645 4895 2770 4942 sunt
2811 4885 2986 4953 facta,
3028 4884 3164 4940 sicut
3189 4891 3245 4939 et
3283 4895 3531 4937 sermone
3560 4879 3889 4935 declaratum

2307 4989 2391 5038 est
2412 4989 2466 5037 et
2492 4986 2581 5035 res
2604 4980 2733 5049 ipsa:
2755 4986 3035 5041 testantur,
3060 4975 3263 5030 ratione
3290 4981 3345 5028 et
3371 4972 3627 5042 sapientia
3656 4968 3889 5043 quadam

2307 5072 2444 5130 facta
2474 5081 2620 5139 sunt,
2648 5082 2805 5127 usum
2830 5069 3191 5126 necessarium
3214 5065 3521 5123 eshibentia
3553 5084 3565 5121 :
3602 5067 3670 5121 ita
3694 5075 3749 5120 et
3767 5079 3892 5134 qua

2306 5179 2337 5221 a
2364 5165 2517 5223 nobis
2542 5164 2676 5220 ﬁunt
2694 5204 2713 5230 ,
2755 5178 2823 5219 ne
2858 5162 3057 5233 absque
3079 5173 3241 5216 causa
3270 5166 3326 5215 et
3349 5156 3543 5214 frustra
3576 5156 3703 5211 tiam
3730 5169 3887 5227 opor-

2372 5299 2389 5332 ¹
2425 5296 2635 5353 Coislin.,
2657 5308 2751 5345 uno
2768 5293 2908 5347 verba
2929 5300 2972 5345 et
2986 5292 3148 5357 jussu,
3170 5304 3277 5355 pro.
3302 5290 3485 5357 ratione
3500 5288 3731 5357 quadam.

2372 5359 2444 5423 (α)
2485 5377 2508 5407 α
2529 5351 2784 5423 sabbatum
2804 5351 3002 5423 scilicet
3027 5351 3260 5418 diemque
3298 5351 3604 5422 Dominicam,
3630 5351 3791 5423 inquit
3806 5353 3893 5423 sa-

2308 5412 2475 5482 vilius;
2502 5423 2737 5483 Dominica
2768 5420 2995 5483 jejunare
3016 5412 3296 5483 numquam
3312 5414 3617 5483 permissum.
3644 5412 3892 5463 la'Orten.

3382 5482 3432 5547 ιφ
3460 5475 3707 5547 ἓθὶυέξὲπθν
3742 5484 3893 5547 QP”?!

2310 5535 2390 5595 dte
2410 5545 2667 5608 Dominica.
2714 5544 2943 5608 tgnatius.
2977 5553 3069 5591 seu
3089 5539 3309 5608 quisquis
3563 5535 3672 5608 illas
3698 5535 3894 5606 scripsit

2343 5606 2555 5677 pistolas,
2577 5616 2689 5667 qua
2712 5601 2822 5666 eius
2856 5601 3079 5653 feruntur
3101 5601 3295 5674 nomine
3319 5612 3333 5649 :
3370 5601 3424 5672 at
3513 5601 3525 5607 '

2310 5620 2440 5717 Sim
2460 5664 2827 5717 wsabbatum.
2848 5671 3156 5717 meum
3166 5666 3421 5717 multaut.
3440 5609 3685 5714 rima
3706 5668 3893 5707 actim

2848 5673 2940 5713 toto
2952 5652 3156 5725 excepto
3165 5660 3421 5727 jejuuattit,
3440 5652 3484 5714 ὑ
3503 5658 3685 5713 Christi
3706 5652 3898 5707 actim

2312 5736 2399 5788 est,
2422 5731 2562 5790 Epist.
2588 5727 2619 5777 8
2640 5727 2701 5777 ad
2723 5724 3083 5791 Philippensem
3100 5740 3123 5773 ι
