4122 6204
245 305 308 360 9|
1502 295 1570 351 IN
1615 292 1768 350 CAP.
1809 289 1830 344 Ι
1869 287 1947 344 GE

2056 287 2111 343 5.
2158 287 2387 344 ιιῡιιιι..
2434 284 2521 340 XI.
3627 283 3696 339 9?.

245 418 416 473 τοῦτο
464 415 723 488 βούλομαι
783 410 1022 483 σήμερον
1074 410 1440 483 ἀφελεστέρσν
1493 413 1624 482 ὑμῖν
1673 428 1699 456 ιι
1750 428 1927 482 παρα.

249 503 433 556 θεῖναι
479 495 846 553 διδασκαλίαν.
905 493 1173 565 Καθάπερ
1225 493 1334 564 7&9
1379 495 1441 548 1b
1490 495 1649 566 σῶμα
1694 494 1801 548 ὑπὸ
1829 493 1931 563 τῆς

251 588 517 658 νηστείας
545 581 916 650 κατεσκληκὺς
949 579 1118 633 δεῖται
1152 581 1354 650 μικρᾶς
1391 581 1648 644 ἀνέσεως,
1694 581 1760 632 ἵν’
1792 579 1932 632 οὑτω

255 675 428 730 πάλιν
449 669 773 742 ἀκμαζούσῃ
819 670 884 738 τῇ
915 665 1196 737 προθυμίᾳ
1225 666 1360 737 πρὸς
1396 665 1522 729 τοὺς
1553 668 1651 736 τῆς
1682 665 1931 736 νηστείας

257 761 484 831 ἀγῶνας
514 755 948 825 ἐπαποδύσηται·
987 753 1130 806 οὐτω
1154 753 1246 806 καὶ
1287 754 1319 823 ἡ
1351 752 1496 824 ψυχὴ
1523 753 1711 824 χρῄζει
1751 752 1933 805 διανα-

259 844 537 899 παύεσθαι
567 841 661 895 καὶ
710 837 975 893 ἀνίεσθαι.
1009 835 1147 890 Οὐτε
1187 835 1296 905 γὰρ
1321 835 1410 889 ἀεὶ
1441 836 1776 888 κατατείνειν
1802 834 1932 904 χρὴ,

257 931 386 985 οὐτε
421 929 480 982 δέ
522 926 750 987 ἀνιέναι,
782 923 918 978 ἀλλά
944 923 1073 976 ποτέ
1108 922 1208 992 μέν
1267 921 1446 984 τοῦτο,
1502 923 1630 974 ποτέ
1663 922 1720 974 δέ
1761 921 1935 972 ἐκεῖνο

261 1019 465 1076 ποιεῖν,
495 1014 588 1068 καὶ
607 1012 778 1074 οὐτως
821 1011 1056 1082 ἠνιοχεῖν
1079 1009 1171 1062 καὶ
1197 1011 1296 1079 τῆς
1324 1007 1502 1078 ψυχῆς
1532 1006 1630 1078 τὴν
1661 1007 1933 1061 κατάστα-

261 1119 369 1166 σιν,
406 1103 621 1170 καὶτῆς
649 1096 847 1168 σαρκὸς
861 1096 931 1150 1&
956 1097 984 1136 ιι
1013 1096 1376 1166 σκιρτήματα.
1410 1095 1621 1163 Ὠσπερ
1651 1094 1758 1166 γὰρ
1777 1094 1836 1147 1b
1850 1095 1936 1148 ἀεὶ

263 1185 605 1240 κατατείνειν
634 1183 744 1244 τοῖς
773 1181 954 1243 πόνοις
978 1179 1294 1233 ἀποκναίειν
1311 1181 1454 1232 ποιεῖ
1477 1179 1570 1232 καὶ
1591 1178 1933 1233 ἀναπίπτεινο

264 1268 409 1322 οὑτω
437 1267 498 1320 1b
525 1263 786 1336 διηνεκῶς
829 1261 1034 1316 ἀνιέναι
1061 1263 1142 1324 είς
1173 1261 1443 1332 ρᾳθυμίαν
1466 1262 1608 1330 ἄγει.
1642 1261 1812 1314 Τοῦτο
1843 1262 1937 1315 καὶ

267 1352 361 1404 ἐπὶ
385 1351 487 1420 τῆς
513 1348 712 1418 ψυχῆς,
745 1346 836 1400 καὶ
864 1346 956 1398 ἐπὶ
987 1345 1082 1398 τοῦ
1111 1343 1359 1415 σώματος
1389 1347 1682 1415 συμϐαῖνον
1714 1346 1810 1397 ῐδοι
1852 1362 1935 1409 τις

267 1432 353 1487 ἀν.
395 1429 666 1484 Διάτοῦτο
689 1425 964 1496 πανταχοῦ
1008 1426 1040 1496 ἡ
1081 1426 1387 1496 συμμετρία
1434 1426 1614 1480 καλόν.
1651 1425 1759 1478 Καὶ
1782 1425 1937 1479 τοῦτο

269 1514 400 1567 αὐτὸ
423 1511 664 1565 διδάσκει
689 1510 836 1580 ἡμᾶς
874 1515 895 1543 ε
946 1509 975 1560 6
1001 1506 1106 1560 τῶν
1137 1506 1273 1560 ὅλων
1322 1506 1476 1571 Θεὸς,
1506 1506 1600 1560 καὶ
1647 1506 1711 1560 δι’
1759 1507 1938 1559 αὐτῶν

269 1594 380 1649 τῶν
417 1590 936 1663 δημιουργημάτων,
990 1587 1026 1642 ἀ
1054 1587 1190 1659 πρὸς
1218 1587 1315 1658 τὴν
1363 1588 1634 1658 ἡμετέραν
1679 1587 1937 1640 σύστασιν

273 1679 584 1749 παρήγαγε.
641 1675 748 1727 Καὶ
781 1673 867 1726 ἴνα
903 1671 1129 1742 μάθητε,
1167 1671 1260 1723 ἐπὶ
1313 1671 1411 1741 τῆς
1465 1670 1679 1741 ἡμέρας
1710 1671 1802 1722 καὶ
1840 1669 1938 1738 1?};

273 1760 486 1824 νυκτὸς,
512 1755 608 1809 τοῦ
635 1754 812 1824 φωτὸς
835 1752 978 1820 λέγω
1010 1752 1102 1805 καὶ
1127 1750 1222 1804 τοῦ
1247 1751 1490 1815 σκότους,
1523 1751 1615 1804 τὸν
1645 1751 1802 1819 λόγον
1847 1767 1938 1818 γυ-

280 1837 590 1908 μνάσωμεν.
627 1831 842 1899 Ἐπειδὴ
872 1830 980 1900 γὰρ
1009 1828 1109 1899 τήν
1152 1829 1250 1899 μὲν
1273 1829 1484 1900 ἡμέραν
1521 1827 1794 1899 ἀφώρισεν
1851 1828 1938 1881 ἐπ’

279 1919 513 1988 ἐργασία
546 1917 614 1984 τῇ
649 1914 758 1967 τῶν
790 1910 1092 1983 ἀνθρώπων
1112 1910 1291 1979 φύσει,
1320 1911 1380 1964 τὸ
1401 1910 1457 1964 δὲ
1479 1911 1578 1980 τῆς
1610 1911 1801 1974 νυκτὸς
1825 1912 1942 1964 σκό⁶

281 2017 374 2064 τος
403 2001 478 2062 εἰς
525 1999 706 2052 ἀνεσιν
749 1995 842 2048 καὶ
885 1993 1174 2064 ἀνακωχὴν
1224 1993 1332 2046 τῶν
1363 1993 1568 2058 πόνων,
1617 1993 1790 2064 μέτρα
1845 1995 1941 2048 καὶ

281 2083 439 2153 ὅρους
470 2079 746 2148 ἑκατέροις
792 2075 1006 2146 ἔπηξεν,
1047 2074 1186 2127 ὥστε
1235 2074 1330 2153 καὶ
1368 2075 1632 2153 ἅπαντας
1658 2077 1805 2146 ἡμᾶς
1837 2075 1941 2144 1?};

286 2152 493 2212 ἐκεῖθεν
553 2155 864 2225 εὐεργεσίας
905 2154 1217 2209 ἀπολαύειν.
1273 2152 1396 2206 Ὀτι
1432 2153 1542 2224 γάρ
1591 2152 1651 2206 1b
1685 2155 1800 2223 φῶς
1844 2155 1941 2224 τῆς

287 2239 552 2308 ἡμερινῆς
578 2233 830 2304 ἐργασίας
867 2234 981 2286 ἐστί
1024 2232 1234 2305 καιρὸς,
1290 2232 1454 2288 ἄκουε
1507 2232 1600 2286 τοῦ
1650 2235 1813 2288 Δαυῒδ
1849 2235 1940 2288 λέ-

288 2337 492 2390 γοντος,
511 2317 915 2381 Ἔξελεύσεται
945 2313 1252 2384 ἄνθρωπος
1304 2315 1402 2369 ἐπὶ
1437 2317 1504 2368 τὸ
1533 2317 1709 2386 ἔργον
1733 2316 1940 2383 αὑτοῦ,

287 2403 382 2456 καὶ
415 2400 511 2453 ἐπὶ
542 2399 657 2466 τὴν
687 2398 972 2468 ἐργασίαν
997 2397 1206 2461 αὐτοῦ,
1243 2397 1352 2463 ἕως
1378 2397 1657 2466 ἑσπέρας.
1688 2399 1797 2452 Καὶ
1843 2416 1943 2453 κα-

287 2483 392 2546 λῶς
418 2477 588 2546 εἶπεν,
613 2481 766 2545 "Em;
787 2479 1066 2548 ἑσπέρας·
1103 2479 1511 2550 καταλαϐούσης
1536 2480 1644 2551 γὰρ
1668 2481 1765 2551 τῆς
1791 2481 1946 2534 ἐσπέ-

287 2582 406 2636 ρας,
433 2563 492 2616 1b
522 2562 636 2632 φῶς
661 2562 952 2632 ὑποχωρεῖ,
977 2560 1072 2615 καὶ
1095 2560 1317 2614 ἐπελθὸν
1337 2560 1398 2614 τὸ
1420 2561 1607 2624 σκότος
1625 2561 1946 2632 κατακοιμί-

287 2646 370 2712 ζει
393 2647 492 2714 τὴν
525 2643 872 2714 ἀνθρωπίνην
902 2642 1080 2712 φύσιν,
1112 2643 1205 2696 καὶ
1247 2642 1308 2695 1b
1329 2641 1488 2712 σῶμα
1507 2643 1810 2712 πεπονηκὸς
1830 2643 1946 2698 δια-

286 2725 539 2786 ναπαύει,
575 2723 789 2786 καὶτὰς
837 2723 1116 2794 αἰσθήσεις
1155 2724 1371 2787 ἁπάσας
1398 2723 1598 2792 ἀνίησι,
1645 2725 1739 2779 καί⁵
1777 2726 1948 2780 καθά-

287 2824 396 2879 περ
410 2806 606 2878 τροφδς
623 2805 814 2876 ἀρίστη
836 2803 905 2857 τά
928 2805 1251 2876 αἰσθητήρια
1272 2806 1486 2860 ἅπαντα
1502 2808 1568 2876 τῇ
1601 2807 1728 2878 παρ’
1749 2808 1946 2878 ἑαυτῆς

289 2889 574 2960 ἐπιμελείᾳ
619 2890 726 2942 τῶν
775 2888 952 2941 πόνων
991 2887 1105 2959 [85]
1152 2887 1384 2942 καὶτῶν
1426 2888 1687 2959 καμάτων
1716 2890 1944 2946 ἀνιεῖσα.

300 2972 551 3025 Ἐπειδὰν
572 2971 627 3025 δὲ
655 2970 913 3042 πληρωθῇ
943 2972 1040 3042 τῆς
1071 2972 1263 3034 νυκτὸς
1297 2971 1358 3024 1b
1390 2971 1605 3044 μέτρον,
1648 2973 1948 3044 ἐπιστάσης

285 3055 384 3125 τῆς
405 3053 499 3107 τοῦ
531 3054 703 3124 φωτὸς
733 3054 1031 3125 παρουσίας
1067 3053 1160 3108 καὶ
1196 3055 1559 3126 διεγειράσης,
1598 3057 1949 3126 παρασκευά-

287 3136 371 3200 ζει
406 3136 781 3207 ἀκμαζούσαις
807 3139 925 3200 ταῖς
957 3136 1240 3207 αἰσθήσεσι
1300 3137 1622 3206 προσϐαλεῖν
1650 3141 1768 3200 ταῖς
1796 3139 1950 3209 ἡλια-

287 3223 413 3284 καῖς
455 3221 654 3283 ἀκτῖσι,
698 3217 924 3273 καὶτῶν
959 3220 1204 3288 συνήθων
1261 3221 1437 3292 ἔργων
1465 3221 1730 3276 ἅπτεσθαι
1781 3225 1950 3294 νεαρᾷ

287 3303 380 3357 καί.
408 3301 604 3372 ζεούσῃ
633 3303 698 3371 τῇ
725 3301 1204 3373 προθυμίᾳ.Τοῦτο
1235 3305 1330 3356 καὶ
1358 3304 1450 3357 ἐπὶ
1481 3305 1588 3358 τῶν
1615 3307 1832 3376 τροπῶν
1856 3308 1949 3360 τοῦ

287 3382 534 3438 ἐνιαυτοῦ
561 3384 706 3435 ἐστιν
737 3383 861 3435 ἰδεῖν
886 3385 1271 3452 γεγενημένον.
1303 3386 1406 3438 Τὸν
1436 3386 1545 3457 γὰρ
1573 3387 1814 3458 χειμῶνα
1841 3388 1954 3441 δια-

285 3466 500 3536 δέχεται
538 3467 656 3535 ἐαρ,
689 3466 783 3519 καὶ
831 3465 1002 3528 οὕτως
1035 3467 1354 3544 ἐπιστάντος
1382 3467 1406 3506 ό
1431 3468 1526 3521 τοῦ
1557 3469 1748 3541 θέρους
1781 3487 1951 3524 κατα-

287 3549 552 3620 λαμϐάνει
583 3550 644 3602 1b
667 3549 998 3619 μετόπωρον,
1026 3549 1112 3600 ἵνα
1131 3552 1194 3617 τῇ
1231 3549 1497 3620 ἐναλλαγῇ
1525 3551 1624 3620 τῆς
1647 3551 1755 3604 τῶν
1775 3553 1952 3624 ἀέρων

289 3634 540 3702 κράσεως
568 3628 963 3699 διαναπαύηται
991 3630 1146 3699 ἡμῶν
1167 3630 1234 3682 τά
1267 3631 1514 3700 σώματα,
1553 3633 1645 3684 καὶ
1687 3634 1821 3703 μήτε
1864 3635 1955 3688 ἐπὶ

290 3715 455 3766 πλέον
483 3714 560 3782 τῷ
585 3711 778 3783 κρυμῷ
801 3711 1117 3781 πηγνύμενα
1131 3711 1526 3782 διαφθείρηται,
1556 3715 1693 3784 μήτε
1724 3714 1828 3768 ὑπὸ
1853 3718 1955 3786 τῆς

289 3795 390 3849 τοῦ
425 3795 614 3865 θέρους
647 3793 1002 3864 σφοδρότητος
1030 3793 1121 3846 ἐπὶ
1151 3794 1284 3848 πολὺ
1317 3794 1714 3865 θερμαινόμενα
1742 3796 1956 3869 διαλύη-

290 3893 383 3930 ται
408 3893 421 3905 ·
473 3877 562 3930 διά
604 3876 762 3930 τοῦτο
809 3875 1237 3947 ἐγγυμνάζεσθαι
1284 3877 1686 3947 παρασκευάζει
1718 3879 1823 3950 πρὸ
1858 3881 1956 3950 μὲν

291 3957 388 4010 τοῦ
421 3958 685 4027 χειμῶνος
714 3956 790 4026 τῷ
818 3955 1134 4027 μετοπώρῳ,
1163 3956 1268 4027 πρὸ
1295 3957 1350 4010 δὲ
1372 3955 1461 4010 τοῦ
1492 3956 1679 4028 θέρους
1703 3959 1782 4030 τῷ
1807 3960 1952 4032 ἔαρι.

294 4040 407 4093 Καὶ
439 4041 493 4092 εἷ
519 4057 600 4102 τις
629 4039 983 4109 εὐγνωμόνως
1010 4040 1223 4094 ἅπαντα
1252 4041 1471 4095 σκοπεῖν
1498 4039 1760 4111 βούλοιτο,
1796 4044 1958 4114 εὑρή-

294 4139 377 4175 σει
412 4125 470 4175 ἐν
499 4122 670 4176 ἅπασι
701 4125 811 4185 τοῖς
837 4121 1279 4192 δημιουργηθεῖσι
1312 4123 1464 4190 τάξιν
1501 4123 1622 4177 τινά
1651 4125 1746 4178 καὶ
1773 4123 1952 4191 λόγον,

294 4203 386 4255 καί⁵
415 4203 568 4256 οὐδὲν
613 4203 797 4266 ἀπλῶς
843 4204 936 4256 καὶ
981 4205 1104 4273 εἰκῆ
1130 4205 1513 4276 γεγενημένον.
1545 4205 1716 4260 Τοῦτο
1745 4210 1837 4261 καὶ
1863 4210 1958 4262 ἐπὶ

294 4285 398 4336 τῶν
431 4287 759 4356 σπερμάτων
788 4285 897 4339 τῶν
933 4287 998 4339 ἐκ
1028 4286 1126 4356 τῆς
1169 4287 1275 4356 7?};
1321 4288 1716 4359 ἀναδιδομένων
1761 4291 1828 4344 ἀν
1875 4309 1958 4356 τις

295 4367 520 4421 κατίδοι.
554 4366 688 4420 Οὐτε
714 4369 823 4438 γάρ
852 4369 994 4421 κατά
1035 4369 1126 4421 τὸν
1167 4369 1330 4423 αὑτὸν
1355 4371 1547 4440 καιρὸν
1574 4371 1790 4425 ἅπαντα
1814 4374 1958 4427 ἐκδί-

294 4447 455 4502 δωσιν
502 4452 536 4520 ἡ
581 4451 672 4518 7?},
703 4449 824 4503 οὐτε
854 4453 882 4504 ό
914 4451 1074 4514 αὐτὸς
1118 4453 1308 4522 καιρὸς
1339 4453 1640 4523 ἐπιτήδειος
1675 4454 1812 4525 πρὸς
1860 4458 1959 4526 τὴν

296 4531 610 4601 ἐπιμέλειαν
641 4533 746 4586 τῶν
773 4533 829 4600 ἐξ
858 4533 1026 4604 αὐτῆς
1058 4533 1490 4602 βλαστανόντων·
1522 4536 1634 4588 ἀλλ’
1662 4547 1685 4574 ε
1715 4534 1822 4590 οἶδε
1869 4538 1960 4590 τὸν

297 4613 600 4684 ἁρμόζοντα
635 4616 824 4686 καιρὸν
855 4618 883 4668 6
911 4616 1167 4686 γηπόνος,
1197 4617 1346 4688 παρά
1376 4618 1475 4687 1?};
1505 4617 1598 4670 τοῦ
1629 4618 1763 4671 Θεοῦ
1793 4619 1962 4672 δοθεί-

296 4711 393 4765 σης
431 4697 615 4764 σοφίας
646 4696 800 4750 τοῦτο
845 4697 1198 4767 μεμαθηκὼς,
1230 4699 1324 4751 καὶ
1352 4699 1637 4752 ἐπίσταται
1685 4700 1811 4753 πότε
1864 4701 1961 4770 μὲν

294 4776 370 4830 δεῖ
418 4778 486 4830 τά
533 4778 821 4848 σπέρματα
867 4779 1216 4842 καταϐαλεῖν,
1249 4780 1377 4832 πότε
1405 4775 1460 4832 δὲ
1492 4780 1599 4832 τῶν
1629 4779 1857 4851 δένδρων
1895 4781 1960 4833 τὰ

298 4860 439 4925 φυτά
465 4860 558 4910 καὶ
594 4859 691 4924 τῆς
722 4859 967 4928 ἀμπέλου
997 4863 1109 4922 τοῖς
1133 4859 1352 4923 κόλποις
1379 4862 1478 4930 τῆς
1507 4859 1612 4930 γῆς
1640 4877 1960 4930 παρακατα-

300 4936 509 5004 θέσθαι,
547 4942 642 4994 καὶ
690 4942 816 4994 πότε
854 4941 953 5010 μέν
1000 4941 1188 5011 θήγειν
1228 4943 1328 5012 τὴν
1369 4941 1640 5014 δρεπάνην
1691 4942 1826 5012 πρός
1870 4943 1962 4994 τὸν

300 5021 529 5094 ἀμητὸν,
570 5024 698 5076 πότε
743 5023 801 5077 δέ
839 5027 930 5077 τὸν
977 5026 1189 5096 καρπὸν
1237 5027 1339 5096 τῆς
1373 5025 1619 5095 ἀμπέλου
1646 5025 1959 5096 δρέπεσθαι,

300 5106 388 5157 καὶ
423 5108 549 5169 τούς
582 5105 813 5176 βότρυας
837 5108 1142 5178 ἐκτέμνειν,
1170 5109 1264 5163 καὶ
1291 5109 1431 5163 κατά
1460 5111 1610 5162 ποῖον
1648 5110 1838 5178 καιρὸν
1865 5111 1957 5161 ἐκ·

301 5184 475 5257 λέγειν
527 5190 622 5259 τῆς
666 5189 848 5253 ἐλαίας
881 5190 898 5229 ί
939 5191 1028 5245 τὸν
1057 5194 1284 5263 καρπόν.
1314 5193 1423 5247 Καὶ
1448 5193 1718 5262 εὑρήσεις,
1759 5194 1806 5244 εί
1843 5193 1963 5262 βού-

363 5389 388 5458 _'
414 5385 619 5458 Quidam
644 5401 753 5458 msg.
785 5391 990 5458 σήμερον
1013 5394 1304 5458 σαφεστέραν
1321 5394 1446 5458 ὑμῖν.

363 5448 389 5487 δ
411 5447 612 5514 CoisIIn.
647 5452 732 5514 καί
765 5455 849 5514 τοῦ
893 5447 1114 5514 σώματος
1152 5447 1232 5502 τά]
1257 5447 1363 5503 Μυί
1395 5456 1684 5512 ἀποκναίειν,
1708 5467 1796 5502 vox
1825 5462 1966 5505 certe

302 5506 393 5558 hoc
417 5522 506 5555 usu
534 5511 730 5558 InsoIIu
756 5506 999 5561 ἀποκναίει
1023 5506 1111 5561 καί
1125 5517 1248 5563 ποιεῖ
1269 5517 1554 5565 ἀναπίπτειν.

365 5575 386 5601 τ
411 5571 618 5639 Coishn;
639 5576 692 5618 cl
715 5573 795 5619 alii
816 5575 895 5639 καί
918 5574 1060 5639 τοῦτο
1077 5576 1192 5639 αὐτὸ
1212 5579 1446 5626 παιδεύων
1467 5582 1604 5639 ἡμᾶς.
1633 5576 1739 5626 Μοι
1765 5576 1966 5626 Coislin.

306 5630 364 5677 δι’
376 5631 537 5696 αεὶ-τῶν
560 5632 655 5696 τῶν
685 5637 975 5696 πραγμάτων
1007 5635 1232 5696 ἀκριϐῶς.

364 5691 393 5730 ἆ
416 5691 540 5740 Fort.
565 5691 871 5748 ἀποστάντος.

369 5753 395 5782 ⁸
421 5755 570 5810 A9117};
586 5754 950 5812 ἀναδιδομένων,
976 5753 1096 5808 ἀλλ’,
1122 5755 1191 5802 sIc
1220 5754 1418 5806 Cois'sin.

373 5815 389 5852 ³
419 5815 611 5864 Cuislin.
635 5820 688 5861 ct
713 5813 840 5862 alius
860 5820 944 5871 τῆς
965 5814 1193 5874 ἀμπέλου.

730 5932 1002 5992 Ριτιιυι..
1035 5931 1152 5989 Gn.
1198 5927 1350 5989 LIII.

2041 404 2158 456 λοιο
2210 403 2349 456 κατά
2405 401 2568 471 μέρος
2597 397 2969 470 διερευνᾶσθαι
3010 401 3182 451 ταῦτα
3233 396 3467 459 ἅπαντα,
3499 395 3698 469 πολλὴν

2041 483 2228 549 σοφίαν
2255 481 2349 535 καὶ
2375 479 2524 550 παρά
2557 479 2671 541 τοῖς
2717 477 2816 546 τὴν
2853 477 2957 546 γῆν
2984 474 3370 546 ἐργαζομένοις
3415 476 3688 529 ἐναποκει-

2041 560 2226 628 μένην.
2272 560 2382 611 Kal
2428 558 2524 610 οὐκ
2561 556 2652 608 ἐπὶ
2694 554 2797 624 τῆς
2832 554 2934 625 γῆς
2964 553 3122 606 τοῦτο
3152 554 3297 606 ἐστιν
3347 552 3472 606 ἰδεῖν
3517 555 3700 622 μόνον,

2039 635 2176 689 ἀλλά
2220 637 2313 689 καὶ
2358 635 2450 687 ἐπὶ
2481 634 2577 704 τῆς
2605 632 2898 702 θαλάσσης.
2946 632 3054 686 Καὶ
3102 631 3212 702 7&9
3257 630 3492 684 ἐνταῦθα
3538 632 3703 686 πάλιν

2039 715 2232 784 ἑτέραν
2271 712 2589 783 θαυμαστὴν
2613 713 2803 781 σοφίαν
2829 712 2974 764 ἐστιν
3001 711 3146 764 ίδεῖν.
3177 709 3297 763 Οἵδε
3323 711 3431 781 7&9
3462 713 3490 764 6
3514 713 3703 784 κυϐερ-

2039 795 2226 864 νήτης,
2256 793 2385 846 πότε
2412 794 2491 846 δεῖ
2519 791 2846 845 καθελκύσαι
2888 791 2950 844 1b
2992 790 3192 855 πλοῖον,
3223 791 3314 842 καὶ
3347 791 3410 842 ἐκ
3435 789 3529 842 τοῦ
3559 790 3704 862 λιμέ-

2038 889 2127 935 νος
2156 871 2423 934 ἐκϐαλεῖν,
2455 873 2548 924 καὶ
2580 872 2646 924 τά
2677 871 2884 941 πελάγη
2917 870 3326 942 περαιώσασθαι
3348 872 3395 924 ³.
3435 871 3544 922 Καὶ
3574 871 3704 924 πολ-

2039 949 2137 1018 λὴν
2173 950 2403 1019 μάλιστα
2438 949 2588 1020 παρά
2616 949 2821 1011 τούτοις
2853 948 2998 1000 ἐστιν
3030 948 3156 1000 ίδεῖν
3181 948 3279 1016 τὴν
3310 945 3542 1011 σύνεσιν,
3581 949 3648 1018 ἡν
3668 947 3702 1011 ὴ

2041 1028 2131 1080 τοῦ
2163 1028 2294 1080 θεοῦ
2329 1028 2488 1098 σοφία
2530 1028 2822 1082 ἐναπέθετο
2873 1029 2939 1097 τῇ
2993 1025 3309 1097 ἀνθρωπίνῃ
3359 1025 3538 1084 φύσει.
3569 1026 3704 1078 Οὐδὲ

2041 1107 2150 1177 γὰρ
2197 1105 2368 1170 οὑτως
2413 1109 2460 1160 οἰ
2507 1107 2606 1169 1&;
2638 1106 2944 1176 λεωφόρους
2984 1103 3360 1174 διατρέχοντες
3391 1100 3536 1155 ῐσασι
3571 1103 3708 1170 μετά

2042 1185 2322 1255 ἀκριϐείας
2367 1185 2466 1250 1&;
2512 1187 2788 1255 ἀτραποὺς
2805 1186 2854 1250 ιι,
2887 1185 2964 1248 ὡς
3007 1179 3153 1237 οὗτοι
3201 1183 3250 1234 οῖ
3298 1183 3356 1234 ἐν
3403 1183 3514 1243 τοῖς
3545 1180 3704 1233 ὕδασι

2046 1263 2183 1332 μετά
2209 1264 2504 1332 ἀσφαλείας
2537 1266 2634 1335 τὴν
2665 1263 2887 1333 πορείαν
2910 1261 3205 1315 ποιοῦνται.
3229 1259 3320 1311 Διὸ
3342 1258 3487 1329 καὶὴ
3512 1259 3704 1330 Γραφὴ

2044 1341 2450 1413 ἐκπληττομένη
2480 1342 2578 1412 τὴν
2612 1340 3052 1411 ὑπερϐάλλουσαν
3086 1337 3178 1392 τοῦ
3207 1337 3340 1391 Θεοῦ
3376 1338 3563 1404 σοφίαν
3586 1337 3704 1388 ἔλε-

2043 1436 2136 1487 γεν
2157 1436 2170 1450 ·
2220 1420 2280 1472 Ὀ
2312 1420 2454 1486 δοὺς
2477 1421 2546 1473 ἐν
2569 1419 2848 1488 θαλάσσῃ
2878 1420 3040 1483 ὁδὸν,
3071 1418 3169 1472 καί
3193 1419 3263 1472 ἐν
3284 1417 3454 1470 ὕδατι
3480 1415 3711 1485 ἰσχυρῷ

2044 1499 2262 1564 τρίϐον.
2303 1499 2460 1562 Ποῖος
2485 1497 2818 1568 ἀνθρώπινος
2849 1497 3106 1567 λογισμὸς
3127 1495 3349 1549 δύναται
3381 1494 3554 1548 ταῦτα
3580 1511 3706 1548 κατ⁴

2047 1575 2209 1641 ιδείν;
2248 1577 2402 1628 Κατά
2450 1575 2541 1628 τὸν
2585 1576 2744 1628 αὑτὸν
2772 1576 2926 1644 λόγον
2959 1575 3108 1646 εὖροι
3153 1592 3237 1638 τις
3282 1574 3348 1627 ἂν
3400 1573 3494 1626 καὶ
3539 1575 3594 1625 ἐν
3642 1573 3709 1641 τῇ

2049 1653 2344 1724 μεταλήψει
2371 1655 2468 1724 τῆς
2501 1655 2706 1724 τροφῆς
2755 1655 2852 1723 τῆς
2898 1652 3244 1722 ἀνθρωπίνης
3271 1650 3440 1704 ταῦτα
3466 1651 3707 1702 διατετα-

2044 1731 2238 1802 γμένα.
2277 1733 2386 1785 Καὶ
2415 1732 2524 1803 7&9
2553 1731 2674 1785 καθ’
2697 1733 2925 1784 ’ἑκαστον
2961 1729 3170 1800 καιρὸν,
3203 1728 3299 1782 καὶ
3330 1728 3450 1782 καθ’
3476 1728 3712 1795 ἐκάστην

2045 1811 2250 1882 τροπὴν
2275 1812 2367 1864 τοῦ
2400 1810 2664 1870 ἐνιαυτοῦ,
2686 1810 2972 1881 διαφόρους
2997 1811 3129 1879 ἡμῖν
3149 1806 3354 1879 τροφὰς
3379 1808 3406 1858 ό
3430 1806 3708 1873 Δεσπότης

2046 1889 2370 1960 κεχάρισται
2393 1904 2408 1920 ⁸
2452 1889 2545 1942 καὶ
2577 1888 2824 1959 καθάπερ
2871 1887 3066 1958 ἀρίστη
3117 1886 3333 1957 τροφὸς.
3368 1882 3540 1947 οὓτως
3573 1886 3606 1954 ἡ
3637 1883 3711 1952 γῆ

2046 1969 2114 2021 τά
2139 1967 2267 2038 παρ’
2291 1967 2488 2037 ἑαυτῆς
2521 1968 2652 2038 ἡμῖν
2685 1968 3001 2038 δωροφορεῖ,
3028 1965 3107 2036 τῷ
3132 1963 3467 2034 ἐπιτάγματι
3491 1962 3585 2016 τοῦ
3619 1963 3714 2033 δη-

2053 2065 2174 2116 μιου
2184 2045 2312 2116 ργοῦ
2350 2046 2458 2116 ὑπή
2467 2063 2618 2116 ρετου
2626 2046 2758 2116 μένη
2767 2085 2782 2100 .

2121 2125 2186 2194 β’.
2208 2123 2345 2176 Ἀλλ’
2380 2125 2466 2176 ἵνα
2494 2123 2567 2194 μὴ
2588 2124 2680 2175 ἐπὶ
2713 2120 2873 2175 πλέον
2902 2120 3088 2174 τοῦτον
3119 2119 3346 2175 ἐκτείνω
3376 2122 3392 2161 ί
3422 2120 3514 2174 τὸν
3531 2119 3710 2187 λόγον,

2047 2201 2254 2267 ἔξεστιν
2305 2201 2434 2271 ὑμῖν
2483 2202 2722 2263 συνετοῖς
2763 2195 2880 2252 οῦσι
2909 2199 2978 2252 τά
3010 2199 3170 2252 λοιπά
3201 2198 3416 2252 ἅπαντα
3457 2197 3714 2265 ἀναλέγε-

2050 2280 2191 2333 σθαι.
2222 2279 2337 2351 [84]
2369 2279 2544 2333 Δίδου
2573 2278 2703 2350 γὰρ,
2744 2279 2894 2348 φησὶ,
2923 2278 3092 2347 σοφῷ
3129 2277 3427 2348 ἀφορμὴν,
3466 2276 3564 2330 καί
3607 2291 3711 2330 σο-

2048 2356 2307 2426 φώτερος
2349 2359 2540 2411 ἕσται.
2570 2357 2704 2410 Οὐδὲ
2750 2355 2858 2424 γὰρ
2904 2356 2996 2408 ἐπὶ
3040 2355 3140 2425 τῆς
3186 2356 3459 2425 ἡμετέρας
3507 2353 3715 2425 τροφῆς

2048 2434 2206 2487 τοῦτο
2241 2434 2398 2504 μόνον
2427 2434 2570 2488 ἔστιν
2600 2433 2748 2498 ἰδεῖν,
2773 2433 2908 2486 ἀλλά
2940 2434 3030 2487 καὶ
3071 2433 3165 2487 ἐπὶ
3208 2433 3307 2504 τῆς
3345 2434 3454 2486 τῶν
3481 2432 3711 2499 ἀλόγων.

2050 2513 2161 2565 Καὶ
2215 2511 2525 2582 δυνήσεσθε,
2567 2513 2614 2564 εἰ
2654 2510 3038 2581 βουληθείητε,
3079 2511 3174 2564 καὶ
3226 2513 3290 2563 ἐκ
3340 2510 3549 2563 πολλῶν
3602 2509 3718 2562 ἐτέ-

2055 2607 2161 2662 ρων
2197 2589 2610 2660 διερευνώμενοι
2647 2589 2982 2660 καταμαθεῖν
3020 2587 3114 2641 τοῦ
3154 2588 3536 2658 ἀριποτέχνου
3577 2586 3715 2641 Θεοῦ

2050 2668 2150 2739 τήν
2185 2669 2388 2737 ἄφατον
2426 2669 2614 2736 σοφίαν
2637 2710 2651 2733 ,
2691 2669 2785 2721 καὶ
2820 2670 2920 2739 τὴν
2958 2667 3399 2739 ὑπερϐάλλουσαν
3437 2668 3710 2737 ἀγαθότη-

2053 2763 2154 2809 τα,
2195 2748 2289 2800 καὶ
2323 2746 2399 2810 ὼς
2433 2747 2662 2800 ἕκαστον
2698 2746 2807 2800 τῶν
2844 2748 3222 2818 γεγενημένων
3259 2745 3401 2816 λόγῳ
3437 2745 3543 2798 τινὶ
3579 2762 3717 2816 παρ-

2053 2824 2193 2895 ήχθη
2212 2822 2225 2873 i
2245 2863 2258 2876 .
2283 2824 2438 2878 Κατὰ
2456 2825 2517 2878 1b
2535 2824 2667 2877 αὐτὸ
2686 2825 2864 2878 τοίνυν
2888 2826 2981 2877 καὶ
2997 2815 3088 2877 ἐπὶ
3103 2822 3197 2876 τοῦ
3219 2815 3412 2894 καιροῦ
3434 2823 3532 2893 1?};
3553 2815 3716 2890 ἀγίας
3787 2815 3792 2820 ’
3888 2830 3896 2838 “

2054 2903 2502 2974 Τεσσαρακοστῆς
2551 2903 2855 2974 εὑρήσομεν
2912 2902 3006 2956 νῦν
3045 2903 3174 2973 ἡμῖν
3225 2901 3716 2970 διατετυπωμένον.

2054 2981 2322 3051 Καθάπερ
2353 2980 2460 3051 γάρ
2491 2981 2548 3033 ἐν
2577 2982 2696 3043 ταῖς
2713 2980 3003 3052 λεωφόροις
3029 2979 3137 3033 εἰσί
3166 2979 3397 3049 σταθμοὶ
3458 2979 3552 3032 καὶ
3583 2995 3720 3031 κατ-

2056 3055 2288 3126 αγώγια,
2316 3055 2455 3109 ὥστε
2492 3057 2617 3120 τούς
2647 3057 2826 3122 όδίτας
2874 3058 3220 3130 κεκμηκότας
3267 3056 3719 3119 διαναπαύεσθαι,

2056 3135 2151 3188 καὶ
2195 3134 2304 3187 τῶν
2359 3135 2536 3188 πόνων
2584 3136 2881 3206 λήγοντας,
2928 3134 3068 3188 οὓτω
3125 3134 3286 3188 πάλιν
3322 3134 3589 3187 ἅπτεσθαι
3623 3133 3720 3202 τῆς

2055 3213 2390 3285 ὁδοιπορίας,
2433 3213 2528 3266 καὶ
2561 3213 2619 3265 ἐν
2663 3217 2728 3285 τῇ
2767 3213 3011 3285 θαλάσσῃ
3051 3213 3108 3266 δὲ
3147 3214 3312 3267 ἀκταὶ
3359 3213 3454 3266 καὶ
3485 3211 3725 3280 αἰγιαλοὶ

2057 3291 2153 3345 καὶ
2178 3291 2396 3362 λιμένες
2427 3291 2585 3356 εἰσὶν,
2606 3291 2748 3344 ὥστε
2771 3292 2932 3345 κάκεῖ
2955 3292 3081 3354 τούς
3107 3290 3554 3361 ναυτιλλομένους
3585 3287 3726 3359 μετά

2055 3369 2118 3423 1b
2157 3370 2324 3422 πολλά
2350 3369 2568 3440 κύματα
2594 3370 2930 3441 διαδραμεῖν,
2953 3370 3047 3423 καὶ
3081 3369 3216 3439 πρὸς
3243 3369 3342 3430 1&;
3376 3368 3484 3420 τῶν
3506 3369 3726 3437 ἀνέμων

2059 3446 2295 3518 ἐμϐολάς
2331 3448 2663 3516 ἀντιστῆναι,
2691 3448 2885 3518 μικρὸν
2911 3447 3222 3508 ἀνεθέντας,
3262 3445 3405 3498 οὕτω
3435 3445 3597 3498 πάλιν
3626 3445 3723 3513 τῆς

2059 3523 2330 3587 ναυτιλίας
2359 3525 2621 3578 ἅπτεσθαι
2641 3542 2653 3554 ο
2687 3525 2778 3578 τὸν
2822 3525 2986 3576 αὐτὸν
3013 3525 3076 3592 δή
3109 3523 3309 3594 τρόπον
3350 3525 3444 3575 καὶ
3483 3521 3601 3586 νῦν,
3630 3523 3726 3575 ἐπὶ

2058 3603 2158 3670 τῆς
2187 3601 2346 3670 ἀγίας
2387 3602 2842 3672 Τεσσαρακοστῆς
2869 3601 2917 3662 II.
2958 3603 3071 3664 τοῖς
3113 3601 3205 3653 τὸν
3246 3599 3442 3670 δρόμον
3486 3601 3584 3670 τῆς
3626 3617 3722 3672 νη-

2062 3680 2242 3741 στείας
2305 3675 2782 3748 καταδεξαμένοις,
2806 3677 3054 3747 καθάπερ
3099 3676 3403 3746 σταθμοὺς,
3448 3679 3543 3731 καὶ
3594 3695 3727 3731 κατ-

2062 3757 2298 3825 αγώγια,
2330 3758 2424 3809 καὶ
2445 3756 2636 3820 ἀκτὰς,
2660 3757 2754 3810 καὶ
2791 3755 3092 3823 αἰγιαλοὺς,
3117 3755 3211 3808 καὶ
3240 3754 3484 3824 λιμένας,
3510 3755 3608 3818 τὰς
3632 3755 3728 3808 δύο

2061 3835 2262 3898 ταύτας
2292 3835 2506 3906 ἡμέρας
2538 3835 2639 3904 τῆς
2677 3833 2967 3905 ἑϐδομάδος
3006 3834 3177 3904 βραχὺ
3217 3850 3269 3886 τι
3297 3833 3726 3888 διαναπαύεσθαι

2062 3913 2380 3984 κεχάρισται
2415 3915 2444 3966 ό
2475 3913 2771 3983 Δεσπότης,
2809 3914 2894 3966 ἵνα
2931 3914 3024 3966 καί⁹
3055 3913 3116 3966 1b
3155 3913 3314 3982 σῶμα
3357 3915 3550 3985 μικρὸν
3581 3914 3727 3967 ἀνέν-

2061 4009 2152 4054 τες
2180 3992 2288 4045 ἀπδ
2314 3993 2420 4045 τῶν
2453 3993 2627 4047 πόνων
2659 3993 2758 4063 τῆς
2794 3991 3065 4062 νηστείας,
3105 3993 3198 4045 καί
3221 3992 3318 4062 τήν
3345 3993 3524 4063 ψυχὴν
3557 4011 3729 4062 παρα-

2065 4069 2461 4140 μυθησάμενοι,
2495 4069 2654 4122 πάλιν
2692 4068 3072 4140 παρελθουσῶν
3104 4068 3211 4120 τῶν
3248 4068 3340 4122 δύο
3369 4070 3572 4126 τούτων
3597 4074 3726 4141 ἡμε-

2065 4147 2194 4216 ρῶν,
2221 4147 2320 4218 τῆς
2357 4148 2524 4219 αὐτῆς
2560 4147 2680 4202 όδοῦ
2723 4147 2860 4219 μετά
2894 4145 3199 4217 προθυμίας
3243 4148 3520 4202 ᾰπτωνται
3552 4151 3601 4202 οἰ
3631 4150 3730 4221 τήν

2064 4228 2234 4298 καλὴν
2279 4226 2480 4296 ταύτην
2537 4228 2630 4280 καὶ
2697 4225 2950 4295 ἐπωφελῆ
3015 4225 3322 4296 ὁδοιπορίαν
3377 4226 3720 4297 ποιούμενοι.

2061 4305 2196 4375 Φέρε
2234 4301 2327 4358 οὐν
2355 4306 2452 4357 καὶ
2479 4306 2660 4374 ἡμεῖς,
2695 4303 2878 4374 ἐπειδὴ
2922 4302 3022 4372 τῆς
3070 4301 3307 4367 ἀνέσεώς
3351 4304 3499 4356 ἐστιν
3547 4305 3731 4378 ἡμέρα

2065 4384 2322 4453 σήμερον,
2351 4382 2816 4452 παρακαλέσωμεν
2842 4380 2995 4452 ὑμῶν
3023 4379 3120 4449 τήν
3148 4380 3387 4451 ἀγάπην,
3407 4381 3474 4434 τά
3499 4382 3606 4434 ἀπὸ
3632 4383 3732 4452 τῆς

2065 4460 2318 4528 νηστείας
2353 4459 2676 4528 συλλεγέντα
2715 4457 2884 4528 κέρδη
2929 4457 3066 4527 μετὰ
3093 4457 3392 4526 ἀσφαλείας
3422 4457 3731 4528 φυλάττειν,

2065 4537 2154 4589 ἵνα
2208 4537 2404 4608 μικρὸν
2441 4536 2948 4606 ,διαναπαυσάμενοι
2969 4573 2984 4599 ,
3024 4533 3186 4587 πάλιν
3219 4535 3535 4606 προσθήκην
3569 4538 3736 4607 £971-

2068 4614 2233 4684 σησθε
2293 4617 2404 4678 τοῖς
2455 4613 2818 4686 προλαϐοῦσι,
2866 4613 2960 4665 καὶ
3009 4611 3151 4664 οὑτω
3202 4611 3344 4665 κατά
3396 4614 3592 4682 μικρὸν
3632 4631 3729 4682 με·

2067 4693 2237 4762 γάλην
2277 4693 2378 4763 τὴν
2410 4694 2681 4762 ἐμπορίαν
2725 4691 2937 4752 ἑαυτοῖς
2974 4690 3518 4751 κατασκευάσαντες,
3560 4691 3733 4752 οὓτως

2067 4773 2145 4832 εἰς
2172 4771 2270 4839 τὴν
2299 4769 2491 4840 κυρίαν
2534 4768 2744 4839 ἡμέραν
2784 4767 3131 4835 ἀπαντήσητε
3164 4764 3208 4829 ι,
3241 4765 3334 4816 καὶ
3370 4767 3732 4837 πεπληρωμέο

2066 4865 2164 4918 νην
2205 4847 2358 4916 ὑμῶν
2385 4847 2483 4916 τὴν
2524 4845 2723 4898 ὁλκάδα
2763 4845 2862 4914 τήν
2894 4844 3270 4914 πνευματικὴν
3307 4845 3386 4907 εἰς
3417 4845 3510 4896 τὸν
3539 4845 3734 4914 λιμένα

2066 4925 2165 4992 1?};
2214 4925 2373 4991 ἀγίας
2419 4924 2610 4994 ἑορτῆς
2665 4921 3016 4991 είσαγάγητε.
3059 4922 3270 4992 Ὥσπερ
3315 4922 3422 4992 7&9
3473 4922 3542 4974 τὰ
3584 4924 3733 4992 παρά

2069 5004 2161 5056 τοῦ
2209 5005 2478 5056 Δεσπότου
2533 5001 2880 5070 γεγενημένα
2926 5001 3175 5064 ἅπαντα,
3224 5002 3474 5071 καθάπερ
3519 5004 3546 5055 ό
3578 5002 3735 5068 λόγος

2068 5082 2337 5148 ἀπέδειξε.
2385 5083 2477 5135 καὶ
2511 5084 2544 5153 ἡ
2584 5081 2690 5134 τῶν
2748 5083 3086 5152 πραγμάτων
3136 5081 3375 5135 διδάσκει
3427 5084 3730 5152 μαρτυρία,

2069 5159 2210 5229 λόγῳ
2241 5159 2345 5212 τινὶ
2385 5160 2871 5232 δεδημιούργηται,
2921 5161 3104 5231 χρείαν
3143 5160 3448 5227 ἀναγκαίαν
3484 5161 3733 5231 ἀποπλη-

2071 5238 2267 5308 ροῦντα
2287 5251 2301 5266 ⁸
2329 5239 2471 5291 οὐτω
2503 5241 2595 5292 καὶ
2625 5241 2691 5293 τά
2720 5241 2844 5310 παρ’
2877 5240 3030 5309 ἡμῶν
3065 5239 3319 5307 γινόμενα
3355 5240 3619 5309 προσήκει
3659 5241 3737 5312 μὴ

2073 5317 2293 5381 ἁπλῶς,
2333 5317 2467 5388 μηδέ
2520 5320 2696 5390 μάτην
2746 5319 3016 5386 γίνεσθαι,
3066 5317 3178 5370 ἀλλ’
3219 5317 3306 5369 ἐπ’
3355 5317 3590 5390 ὠφελείᾳ
3642 5324 3738 5375 καὶ

2138 5458 2162 5522 β
2188 5455 2338 5522 [idem
2360 5459 2599 5522 διαπερᾷν.

2137 5517 2160 5586 ί·
2188 5518 2458 5586 ίμίςεμιιιιιε
2480 5516 2561 5572 τάξ
2582 5518 2816 5580 ἀτραποὺς
2838 5516 2988 5571 ὁδούς.

2143 5581 2156 5616 ί
2188 5581 2219 5625 Α
2231 5580 2279 5625 lii
2307 5580 2600 5638 ἐπιτείνωμεν.

2144 5651 2157 5688 ι
2190 5639 2387 5688 Coislin.
2413 5647 2465 5686 el
2485 5640 2609 5700 allus
2641 5639 2726 5685 τινὶ
2743 5639 2838 5700 ,καὶ
2861 5637 3139 5698 ἐπιτάγματι
3165 5653 3276 5700 ⁴ιιαρ.

2143 5701 2167 5762 I}
2195 5700 2314 5760 urg.
2337 5712 2480 5762 funus
2501 5699 2575 5762 ἐπὶ
2599 5705 2681 5755 τῆς
2701 5699 2844 5756 αὐτῆς
2879 5715 3035 5762 τισσρ,
3066 5708 3116 5762 ει
3147 5699 3216 5747 sic
3240 5699 3451 5761 'Icgem
3472 5701 3734 5762 interpres.

2080 5760 2098 5808 Ι
2106 5761 2312 5822 Πίσᾳ-τας
2331 5760 2414 5807 δύο
2434 5760 2605 5813 ταύτας
2627 5762 2804 5821 ἡμέρας
2828 5766 2913 5818 τῆς
2934 5761 3054 5822 εδδ,
3079 5761 3228 5810 Savil.

2146 5823 2162 5859 Ι
2194 5820 2333 5870 Tres.
2357 5834 2470 5869 mss.
2496 5820 2836 5879 καταντήσητε.

3317 5920 3348 5980 6
