4104 6196
408 247 481 304 93
1550 244 1615 303 [Ν
1653 246 1803 305 CAP.
1843 247 1884 303 Ι.
1923 245 2165 305 οεΝΕε.
2205 250 2434 317 ιιοιιιι.
2476 258 2568 319 Χι.
3296 268 3301 269 ⁷
3608 264 3681 321 θι

407 370 506 428 tet,
545 360 642 417 sed
673 361 725 417 in
752 360 1036 417 utilitatem
1063 369 1116 417 et
1141 360 1345 417 lucrum
1374 369 1572 417 nostrae
1597 361 1804 421 salutis.
1851 359 1986 421 Nam

406 451 452 508 si
480 452 513 506 ii
545 452 633 522 qui
664 451 1012 508 saecularibus
1038 451 1266 522 negotiis
1290 450 1453 508 dediti
1479 460 1638 517 sunt,
1677 451 1866 509 adduci
1893 466 1989 508 ne.

404 550 640 613 queant.
684 551 741 597 ut
777 557 891 597 rem
921 542 1150 611 aliquam
1175 540 1452 611 incipiant,
1481 541 1586 597 nisi
1614 541 1763 613 prius
1788 539 1988 613 aliquid

409 635 540 689 lucri
568 635 811 690 suboleat
838 650 851 687 :
879 633 1049 687 multo
1079 632 1245 702 magis
1282 632 1485 703 justum
1525 642 1640 699 est,
1671 642 1731 688 ut
1759 647 1858 695 nos
1887 634 1990 689 hoc

408 726 698 792 faciamus,
742 738 916 795 neque
962 724 1030 778 ita
1077 722 1389 793 simpliciter
1409 723 1734 793 jejuniorum
1779 724 1986 781 hebdo-

403 815 573 871 madas
597 823 916 887 praetereant
945 854 959 878 ,
1000 813 1093 868 sed
1121 823 1422 868 scrutemur
1446 827 1598 869 suam
1626 814 1822 884 quique
1858 830 1990 871 cou-

403 905 677 959 scientiam
704 944 719 968 ,
765 912 820 957 ct
849 903 1109 957 rationem
1139 902 1533 967 exatnincmus,
1561 903 1989 959 consideremus-

402 1009 506 1064 que
526 1036 542 1060 ,
569 992 818 1063 quidnam
847 992 898 1046 in
929 992 1030 1047 hac
1055 991 1388 1049 hebdomada
1428 993 1596 1064 probe
1620 1003 1796 1050 actum
1817 1035 1832 1060 ,
1856 994 1984 1064 quid

404 1084 456 1138 in
483 1086 605 1152 alia,
632 1096 684 1140 et
707 1085 864 1154 quale
879 1092 1223 1154 augmentum
1249 1085 1615 1154 acceperimus
1642 1086 1692 1138 in
1717 1086 1980 1156 sequenti,

402 1190 533 1244 quas
572 1178 623 1230 in
662 1176 817 1231 nobis
855 1175 1167 1231 affectiones
1206 1175 1555 1230 correximus.
1605 1175 1718 1230 Nisi
1742 1176 1885 1232 enim
1913 1176 1983 1229 ita

402 1266 563 1319 vitam
618 1273 854 1319 nostram
911 1263 1337 1331 instituerimus,
1393 1279 1747 1336 magnamque
1790 1266 1984 1322 animm

403 1366 601 1411 nostra:
632 1368 814 1411 curam
844 1356 1188 1426 gesserimus,
1235 1355 1366 1410 nihil
1395 1355 1548 1410 nobis
1572 1355 1690 1410 usui
1718 1355 1820 1411 erit
1845 1355 1986 1426 jeju-

401 1447 570 1514 nium,
601 1446 682 1500 vel
711 1446 883 1501 inedia
909 1463 1064 1517 quam
1093 1447 1404 1512 toleramus,
1437 1446 1731 1518 praesertim
1760 1447 1804 1502 si
1833 1462 1982 1503 com-

401 1538 536 1608 perti
594 1536 848 1593 fuerimus
897 1539 1177 1593 inferiores
1229 1539 1295 1593 iis
1345 1540 1436 1610 qui
1490 1547 1693 1593 tantum
1748 1539 1981 1595 studium

401 1628 713 1699 colligendis
740 1629 932 1702 Opibus
970 1628 1285 1699 impendunt
1324 1648 1337 1683 :
1380 1623 1581 1684 nullum
1621 1631 1761 1686 enim
1790 1629 1980 1686 horum

399 1718 659 1787 invenies,
689 1718 779 1790 qui
802 1734 907 1775 non
935 1734 1140 1775 summa
1159 1720 1425 1792 vigilantia
1450 1720 1675 1789 laboret,
1706 1738 1813 1793 quo
1836 1725 1979 1793 prio-

397 1810 544 1864 ribus
559 1810 792 1880 quotidie
815 1810 1013 1881 aliquid
1035 1810 1266 1883 adjiciat,
1287 1813 1441 1884 etqui
1459 1829 1710 1883 umquam
1726 1815 1947 1870 satietur
1965 1835 1979 1873 :

396 1901 489 1956 sed
527 1909 725 1972 quanto
765 1901 1070 1958 facultatum
1115 1905 1285 1974 major
1311 1914 1395 1960 est
1423 1907 1696 1971 accessio,
1741 1915 1891 1963 tanto
1924 1918 1980 1964 et

396 2005 584 2045 curam
615 1999 669 2043 et
711 1990 945 2044 studium
976 2007 1129 2045 suum
1169 1993 1397 2060 amplius
1440 1993 1687 2051 intendit.
1743 1997 1896 2064 Quod
1936 1998 1980 2054 si

399 2078 488 2132 ubi
518 2078 750 2131 studium
777 2090 858 2133 est
885 2079 1070 2134 inutile
1090 2121 1105 2147 ,
1137 2092 1191 2136 et
1216 2080 1414 2137 divitiae
1444 2097 1840 2155 nonnumquam
1868 2102 1981 2140 ma-

399 2182 560 2236 gnam
590 2167 776 2220 salutis
800 2167 993 2222 anima:
1027 2168 1285 2238 jacturam
1325 2169 1585 2237 afferunt,
1632 2182 1779 2228 tanta
1806 2184 1980 2229 tamen

399 2258 667 2329 vigilantia
700 2273 786 2314 res
828 2268 1087 2329 aguntur,
1141 2261 1409 2330 quomodo
1456 2277 1561 2316 non
1608 2265 1776 2319 multo
1815 2266 1982 2335 magis

399 2350 538 2404 istud
583 2360 668 2407 est
715 2351 1050 2418 faciendum,
1098 2353 1185 2408 ubi
1231 2352 1518 2424 diligentiae
1555 2356 1717 2410 multa
1746 2357 1982 2413 succedit

396 2441 597 2495 utilitas
622 2483 637 2506 ,
666 2441 1052 2513 ineffabilisque
1074 2458 1282 2500 merces
1307 2459 1370 2500 ac
1394 2443 1597 2500 lucrum
1627 2448 1982 2503 immensmn?

395 2531 527 2587 Nam
555 2532 663 2588 illic
702 2533 915 2604 quidem
942 2544 1137 2606 praeter
1166 2535 1280 2591 bzee
1305 2536 1484 2591 omnia
1512 2535 1669 2593 fluxa:
1691 2538 1979 2594 admodum

395 2632 449 2677 et
477 2621 695 2677 incerta:
721 2621 955 2689 divitite,
1004 2623 1266 2679 instabilis
1301 2624 1643 2693 pecuniarum
1673 2629 1976 2698 possessio:

396 2726 503 2765 non
531 2712 703 2766 solum
733 2712 895 2782 quod,
925 2713 1235 2769 imminente
1263 2723 1453 2781 morte,
1487 2715 1614 2786 ipsae
1641 2715 1729 2771 hic
1757 2732 1981 2774 manen-

394 2812 498 2868 tes,
525 2802 727 2858 nullam
749 2804 827 2859 eis
849 2804 936 2875 qui
957 2804 1073 2859 illas
1089 2806 1353 2876 collegere
1373 2806 1650 2862 utilitatem
1672 2808 1975 2864 conferant:

393 2892 486 2946 sed
515 2893 672 2947 etiam
702 2891 842 2962 quod
873 2895 1210 2950 manentibus
1240 2894 1327 2949 hic
1349 2896 1586 2966 pecuniis
1608 2939 1623 2965 ,
1656 2913 1847 2969 magna
1887 2915 1974 2955 se-

395 2983 617 3038 veritate
665 2991 924 3054 cogentur
963 2983 1030 3040 de
1078 2986 1206 3055 ipsis
1249 2984 1373 3041 alibi
1419 2988 1684 3043 rationem
1728 2989 1971 3046 reddere.

392 3072 549 3142 Smpe
588 3088 798 3145 quoque
836 3074 1029 3131 accidit
1078 3083 1135 3130 ut
1178 3085 1304 3132 ante
1347 3087 1571 3134 mortem
1614 3087 1736 3149 post
1781 3082 1977 3137 multos

392 3164 601 3219 labores
624 3206 639 3231 ,
697 3173 752 3219 et
779 3164 1030 3231 sudores,
1077 3176 1234 3237 atque
1256 3181 1543 3235 aerumnas,
1571 3170 1721 3239 quasi
1748 3170 1975 3240 procella

392 3254 619 3325 quadam
662 3254 935 3327 ingruente
978 3257 1312 3327 negotiorum
1356 3257 1711 3329 difficultate,
1756 3272 1977 3334 repente

391 3348 482 3417 qui
531 3347 785 3417 plurimas
829 3349 1139 3417 possidebat
1193 3348 1438 3418 divitias,
1494 3353 1577 3408 vel
1622 3354 1976 3422 pauperrimis

393 3440 559 3494 factus
603 3440 673 3494 sit
719 3440 1018 3509 pauperior.
1070 3440 1254 3507 Qualia
1300 3442 1517 3511 singulis
1561 3442 1749 3497 diebus
1795 3444 1977 3500 videre

390 3531 666 3600 euntingit.
723 3531 881 3596 Atqui
929 3531 980 3585 in
1023 3531 1281 3600 spirituali
1313 3532 1673 3600 negotiatione
1701 3532 1832 3585 nihil
1874 3534 1977 3588 tale

393 3619 786 3675 formidandum
815 3636 1062 3690 umquam
1094 3637 1109 3674 :
1138 3620 1345 3674 stabilis
1380 3621 1521 3674 enim
1564 3622 1649 3674 illa
1676 3632 1731 3677 et
1758 3622 1974 3679 immota

395 3720 608 3777 tnunet,
650 3719 705 3765 et
733 3710 819 3765 ubi
848 3724 911 3765 ea
938 3711 1163 3764 multum
1208 3725 1466 3780 egemus,
1508 3710 1580 3765 ibi
1628 3710 1695 3765 ab
1741 3712 1831 3767 illa
1861 3713 1976 3784 ipsa

395 3800 618 3854 multum
649 3799 1023 3854 consolationis
1050 3799 1354 3871 accipimus.

465 3891 519 3944 5.
555 3888 704 3943 Nihil
735 3889 937 3960 prodest
969 3890 1262 3962 jejunium,
1296 3907 1453 3960 neque
1487 3893 1661 3947 concio
1698 3894 1807 3949 sine
1835 3894 1976 3951 bouis

396 3983 643 4052 operibus.
676 4011 747 4022 —
774 3981 933 4051 Igitur
960 3981 1086 4036 dmn
1130 3989 1341 4051 tempus
1385 3981 1675 4051 habemus,
1720 3985 1970 4054 obsecro,

397 4073 477 4128 vel
502 4071 690 4127 saltem
715 4071 767 4127 id
797 4071 952 4127 studii
983 4071 1349 4142 impendamus
1375 4073 1736 4145 spiritualibus
1780 4078 1974 4132 merci-

394 4165 491 4221 bus
518 4163 927 4235 conquirendis,
971 4164 1113 4235 quod
1143 4165 1229 4219 alii
1272 4167 1324 4220 in
1375 4166 1639 4236 perituras
1665 4167 1970 4233 collocant;

392 4271 563 4328 neque
588 4255 655 4310 ab
700 4254 800 4309 hac
845 4255 1197 4311 sollicitudine
1239 4270 1543 4323 cessemus,
1585 4257 1630 4312 si
1672 4267 1817 4314 recte
1845 4258 1973 4331 quid

390 4354 565 4402 actum
611 4345 805 4410 fuerit,
841 4346 923 4400 vel
969 4345 1012 4399 si
1055 4345 1283 4415 aliquam
1311 4345 1654 4401 affectionum
1679 4349 1833 4404 nobis
1857 4365 1974 4406 mo-

392 4437 646 4493 lestarum
678 4452 866 4507 magna
896 4437 1158 4507 vigilantia
1197 4437 1655 4507 profligaverimus
1678 4479 1691 4504 ,
1737 4448 1796 4495 ut
1840 4455 1972 4496 con-

391 4530 625 4585 scientia:
656 4529 795 4583 bono
827 4529 1068 4583 instructi
1107 4529 1410 4583 testimonio
1433 4570 1448 4596 ,
1480 4530 1788 4600 multiplicis
1825 4532 1977 4588 volu-

394 4625 549 4694 ptatis
578 4623 804 4678 fructum
834 4623 1209 4694 percipiamus.
1262 4621 1443 4692 Neque
1471 4623 1613 4678 enim
1652 4624 1754 4679 hoc
1797 4624 1971 4680 solmn

391 4715 680 4785 qumritur,
708 4725 764 4769 ut
791 4713 895 4770 huc
918 4714 1153 4785 quotidie
1173 4713 1580 4779 conveniamus,
1608 4725 1661 4770 et
1688 4716 1755 4771 de
1784 4716 1972 4773 iisdem

393 4809 646 4861 continuo
692 4807 1004 4873 audiamus,
1050 4815 1105 4861 et
1148 4822 1244 4876 per
1289 4814 1452 4862 totam
1499 4806 1970 4878 Quadragesimam

388 4898 709 4967 jejuncmus.
760 4898 1198 4969 Quandoquidem
1230 4899 1273 4954 si
1302 4899 1520 4954 nihilex
1554 4898 1815 4971 frequenti
1842 4916 1972 4956 con-

392 4995 554 5041 ventu
606 4994 661 5041 et
714 4987 1109 5053 admonitione,
1166 4998 1325 5058 atque
1376 5004 1444 5043 ex
1490 4988 1677 5059 jejunii
1736 4999 1975 5061 tempore

393 5077 585 5132 animae
612 5087 808 5135 nostrae
831 5080 1019 5135 lucrati
1053 5078 1328 5147 fuerimus,
1367 5088 1493 5135 tunc
1517 5095 1622 5135 non
1645 5081 1815 5137 solum
1843 5083 1975 5139 nihil

395 5166 636 5222 utilitatis
660 5167 884 5224 afferent
908 5169 1043 5236 haec,
1073 5168 1166 5225 sed
1198 5178 1250 5224 et
1276 5169 1495 5239 majoris
1518 5169 1976 5228 condemnationis

395 5257 604 5312 occasio
629 5267 782 5313 erunt
807 5300 823 5325 ,
850 5260 893 5314 si
919 5259 1133 5331 quidem
1165 5269 1305 5315 tanta
1328 5259 1498 5315 curati
1520 5259 1786 5331 diligentia
1814 5261 1973 5319 iidem

392 5361 803 5420 permatteamus
823 5388 842 5417 ,
873 5360 923 5405 et
951 5352 996 5406 si
1026 5366 1200 5421 neque
1229 5350 1516 5406 iracundus
1542 5351 1635 5405 fiat
1659 5351 1802 5408 mitis
1825 5394 1841 5421 ,
1872 5369 1973 5411 ne-

395 5451 500 5508 que
527 5435 949 5508 indignabundus
974 5440 1027 5494 in
1044 5441 1501 5496 mansuetudinem
1521 5454 1578 5496 se
1595 5450 1785 5510 vertat,
1803 5458 1977 5514 neque

397 5527 608 5581 invidus
634 5526 687 5582 in
717 5527 1138 5585 benevolentiam
1168 5545 1227 5587 se
1252 5530 1555 5599 transferat,
1587 5548 1760 5604 neque
1784 5534 1975 5592 insano

394 5617 697 5675 divitiarum
742 5633 924 5677 amore
968 5632 1245 5692 correptus
1288 5621 1510 5682 desistat
1557 5623 1625 5683 ab
1669 5623 1894 5693 affectu,
1921 5636 1976 5684 et

2102 364 2457 444 eleemosynis
2477 374 2851 446 disperdendis
2867 386 2920 435 et
2944 378 3150 436 alendis
3168 379 3485 451 pauperibus
3500 392 3676 448 vacet.

2095 473 2269 530 neque
2290 462 2654 534 intemperans
2681 477 2862 525 Castus
2886 468 3095 536 evadat,
3120 485 3293 540 neque
3314 485 3463 527 vana:
3486 472 3675 543 gloriae

2094 549 2364 609 studiosus
2386 552 2531 610 illam
2572 564 2949 625 contemnere,
2995 568 3051 615 et
3076 575 3255 615 veram
3281 559 3502 631 gloriam
3527 566 3675 620 desi-

2091 638 2283 698 derare
2309 642 2498 712 discat,
2525 662 2698 718 neque
2722 650 2961 706 caritatis
2988 651 3040 707 in
3062 652 3362 722 proximum
3379 655 3676 727 negligens,

2092 732 2326 801 seipsum
2352 736 2590 791 excitans
2614 739 2706 793 det
2732 753 2981 809 operam,
3015 753 3074 796 ut
3103 757 3207 798 non
3242 743 3417 799 solum
3452 761 3558 802 non
3588 747 3675 803 in-

2090 820 2256 877 [ει.οτ
2273 823 2343 877 sit
2367 824 2661 894 publicanis
2691 829 2855 898 (Nam
2879 831 2926 885 si
2954 831 3163 903 diligitis
3180 849 3267 888 cos
3287 874 3302 898 .
3326 835 3416 903 qui
3441 852 3525 899 vos
3549 839 3673 894 difi-

2088 921 2212 980 gunt
2236 952 2249 973 .
2280 913 2484 983 inquit,
2516 918 2640 983 quid
2663 922 2883 990 amplius
2903 922 3070 992 facilis
3092 923 3118 974 .9
3161 941 3327 979 nonne
3349 935 3395 979 et
3418 928 3676 996 publicani

2091 1000 2184 1054 hoc
2212 1004 2407 1073 faciunt
2432 1004 2641 1077 [Μαιιιι.
2661 1009 2713 1063 5.
2736 1009 2827 1081 46]
2849 1010 2871 1063 ?
2894 1012 2910 1077 )
2930 1052 2945 1077 ,
2975 1011 3069 1065 scd
3095 1021 3148 1067 ct
3173 1023 3231 1068 ut
3255 1014 3492 1070 animum
3517 1034 3672 1077 suum

2092 1091 2161 1145 ita
2207 1095 2483 1162 instituat,
2531 1108 2585 1151 ut
2615 1107 2670 1153 et
2715 1100 2959 1156 inimicos
3010 1101 3317 1159 humaniter
3358 1108 3581 1176 aspiciat
3618 1119 3676 1167 et

2091 1197 2334 1252 magnam
2357 1186 2486 1256 ipsis
2513 1190 2786 1245 caritatem
2814 1191 3084 1249 exhibeat.
3132 1194 3285 1262 Quod
3312 1198 3357 1252 si
3376 1198 3672 1258 affectioni-

2089 1273 2188 1329 bus
2218 1276 2353 1343 istis.
2383 1288 2438 1335 et
2462 1279 2581 1336 aliis
2603 1297 2719 1353 quae
2746 1283 2797 1337 in
2825 1285 2979 1340 nobis
3007 1299 3335 1356 nascuntur,
3366 1293 3671 1361 superiores

2089 1379 2196 1420 non
2226 1366 2502 1438 fuerimus,
2531 1371 2656 1429 licet
2679 1375 2917 1444 quotidie
2946 1376 3033 1432 hic
3055 1380 3453 1447 conveniamus,
3486 1393 3539 1438 et
3568 1383 3673 1441 fre.

2089 1458 2374 1526 quentibus
2402 1464 2748 1520 concionibus
2776 1478 2935 1537 atque
2962 1468 3203 1526 doctrina
3246 1481 3390 1528 tanta
3427 1474 3671 1530 institua-

2090 1565 2243 1613 mur,
2294 1560 2654 1626 tantumquea
2676 1557 2881 1627 jejunio
2922 1559 3305 1617 adminiculum
3351 1562 3666 1633 habeamus,

2088 1642 2257 1710 qualis
2297 1644 2401 1699 erit
2427 1645 2580 1703 nobis
2606 1648 2797 1703 venia?
2845 1650 3017 1720 qualis
3061 1649 3341 1708 defensio?
3388 1654 3482 1709 Die
3525 1656 3667 1712 enim

2088 1733 2217 1787 mihi
2241 1774 2258 1799 ,
2304 1736 2527 1793 obsecro
2549 1778 2565 1805 ,
2598 1739 2643 1795 si
2688 1755 2910 1810 puerum
2941 1751 3087 1796 tuum
3111 1743 3346 1812 quotidie
3372 1746 3585 1802 videres
3609 1747 3661 1805 in

2088 1824 2268 1880 ludum
2296 1828 2397 1894 ire,
2427 1837 2482 1884 et
2503 1830 2670 1885 multo
2694 1831 2875 1901 elapso
2895 1839 3135 1903 tempore
3158 1832 3289 1889 nihil
3315 1836 3443 1893 lucri
3471 1838 3663 1902 facere,

2085 1916 2419 1987 patienterne
2444 1921 2656 1977 ferres?
2703 1937 2882 1978 nonne
2907 1933 2959 1978 et
2980 1939 3203 1994 puerum
3235 1926 3550 1984 verberares
3568 1970 3583 1992 ,
3611 1941 3669 1986 et

2086 2009 2397 2077 magistrum
2426 2013 2719 2081 argueres?
2746 2024 2800 2068 et
2820 2015 2864 2068 si
2881 2014 3075 2071 deinde
3100 2016 3337 2073 discet-es
3353 2019 3663 2090 magistrum

2086 2113 2247 2155 omne
2270 2100 2411 2170 quod
2436 2100 2598 2157 officii
2625 2105 2706 2158 sui
2735 2114 2850 2159 erat
2876 2105 3067 2162 fecisse
3086 2148 3101 2173 ,
3133 2119 3189 2162 et
3225 2108 3381 2178 plane
3423 2111 3666 2166 intermi-

2087 2191 2221 2245 sisse
2240 2190 2390 2259 nihil,
2408 2193 2558 2262 pueri
2578 2202 2752 2250 autem
2772 2195 3030 2264 ignaviam
3043 2211 3256 2253 causam
3272 2213 3395 2255 esse
3406 2201 3664 2259 omnium:

2088 2294 2266 2336 nonne
2292 2280 2711 2353 indignationem
2738 2300 2951 2341 omnem
2983 2286 3036 2341 in
3075 2302 3296 2357 puerum
3327 2290 3666 2368 transferres,

2089 2387 2193 2426 non
2234 2373 2345 2443 jam
2392 2389 2649 2431 accusans
2692 2378 3047 2450 magistrum?
3093 2379 3325 2451 ldipsum
3350 2393 3407 2438 et
3435 2383 3667 2455 bicjure

2087 2463 2384 2520 faciendum
2416 2474 2516 2522 est.
2565 2466 2675 2523 Nos
2708 2470 2850 2524 enim
2870 2510 2886 2537 ,
2912 2470 3032 2541 quia
3060 2486 3156 2540 per
3180 2472 3404 2543 gratiam
3431 2474 3666 2533 divinam

2085 2554 2150 2609 ad
2187 2554 2288 2611 hoc
2330 2556 2578 2612 destinati
2606 2571 2824 2627 sumus,
2866 2563 3014 2630 quasi
3065 2563 3371 2632 spirituales
3399 2568 3415 2598 ί
3446 2568 3584 2622 filios
3614 2569 3666 2624 in

2087 2644 2246 2701 hasce
2273 2646 2487 2702 scholas
2512 2662 2608 2703 vos
2628 2649 2865 2717 quotidie
2896 2663 3166 2719 vocantes,
3198 2655 3487 2713 salutarem
3511 2658 3664 2714 vobis

2083 2735 2379 2791 doctrinam
2432 2739 2775 2809 proponimus
2817 2758 2832 2794 :
2878 2755 3051 2811 neque
3091 2757 3151 2797 ea
3203 2761 3324 2814 quae
3368 2763 3434 2803 ex
3480 2759 3664 2806 nosu'a

2084 2835 2265 2883 mente
2294 2829 2709 2899 excogitavimus
2732 2871 2748 2896 ,
2793 2831 2887 2887 sed
2916 2848 2978 2888 ea
3006 2848 3123 2904 quae
3151 2851 3182 2890 a
3212 2835 3436 2893 Domino
3464 2853 3560 2909 per
3582 2840 3668 2896 di-

2085 2918 2235 2975 vinas
2257 2919 2558 2990 Scripturas
2588 2921 2740 2977 nobis
2775 2922 2969 2979 donata
2996 2934 3149 2990 sunt,
3195 2927 3248 2982 in
3277 2930 3508 2984 medium
3535 2932 3666 2987 affe-

2083 3011 2248 3066 rimus
2286 3011 2481 3083 illaque
2506 3011 2657 3068 vobis
2691 3011 2996 3084 frequenter
3023 3017 3371 3074 inculcamus.
3425 3020 3481 3077 Si
3511 3036 3661 3092 ergo,

2081 3117 2201 3157 cum
2247 3116 2346 3157 nos
2385 3118 2599 3158 omnem
2643 3104 2991 3162 adhibeamus
3027 3108 3352 3178 vigilantiam
3395 3126 3662 3183 omneque

2080 3192 2341 3259 Studium,
2373 3200 2429 3248 et
2456 3208 2551 3250 vos
2579 3196 2815 3264 quotidie
2856 3196 2908 3251 in
2938 3197 3080 3252 viam
3117 3200 3356 3255 veritatis
3382 3200 3659 3271 ducamus,

2080 3299 2176 3339 vos
2202 3284 2253 3338 in
2277 3284 2463 3341 iisdem
2491 3289 2843 3356 perseveretis
2873 3290 3024 3345 malis
3049 3310 3063 3344 :
3093 3292 3322 3362 cogitate
3351 3304 3580 3364 quantus
3607 3306 3665 3353 et

2081 3381 2262 3429 noster
2281 3375 2349 3429 sit
2368 3374 2574 3432 futurus
2589 3376 2759 3445 dolor,
2782 3387 2837 3434 et
2858 3390 3053 3449 quanta
3070 3391 3241 3436 vestra
3264 3383 3661 3455 condemnatio,

2080 3478 2150 3518 ne
2194 3462 2319 3532 quid
2357 3464 2529 3518 dicam
2568 3467 2830 3521 acerbius.
2878 3469 3130 3535 Quamvis
3154 3472 3296 3526 enim
3328 3487 3425 3527 nos
3453 3475 3660 3542 crimini

2081 3564 2187 3605 non
2218 3551 2385 3604 simus
2405 3552 2639 3618 obnoxii,
2670 3563 2726 3608 ut
2751 3555 2839 3623 qui
2866 3556 2995 3610 nihil
3017 3561 3503 3627 praitermittamus,
3523 3564 3663 3634 quod

2081 3638 2148 3693 ad
2177 3647 2408 3694 vestram
2435 3641 2700 3709 pertineat
2724 3642 3164 3713 aedificationem;
3213 3656 3389 3704 tamen
3418 3653 3542 3722 quia
3571 3669 3662 3710 ve-

2081 3738 2206 3787 5tra:
2235 3729 2417 3784 salutis
2443 3745 2627 3785 curam
2668 3732 2901 3803 gerimus
2923 3775 2941 3803 ,
2990 3733 3110 3791 ideo
3148 3752 3255 3792 non
3295 3753 3577 3809 possumus
3610 3743 3664 3799 it

2081 3837 2189 3876 non
2218 3822 2449 3893 graviter
2485 3821 2647 3880 ferre.
2697 3824 2828 3892 Quia
2876 3835 2931 3881 et
2966 3826 3156 3883 doctor
3178 3843 3298 3884 cum
3328 3831 3474 3886 videt
3500 3832 3666 3890 disci—

2080 3913 2262 3984 pulum
2287 3913 2490 3969 nullum
2514 3928 2579 3969 ex
2605 3930 2733 3970 cura
2770 3930 2864 3971 sua
2904 3917 3130 3975 fructum
3160 3920 3337 3978 facere
3357 3964 3373 3990 ,
3405 3940 3512 3982 non
3543 3927 3663 3982 γυι-

2078 4006 2276 4077 gariter
2299 4006 2442 4063 dolet
2474 4016 2526 4064 et
2554 4008 2752 4080 gemit,
2798 4009 2987 4067 videns
3014 4027 3075 4069 se
3102 4028 3316 4070 omnem
3345 4017 3583 4075 laborem
3609 4029 3665 4081 et

2081 4112 2296 4169 operam
2329 4098 2572 4168 perdere.

2148 4192 2205 4246 4.
2246 4188 2371 4248 Haec
2394 4208 2537 4248 nunc
2555 4193 2735 4261 dieo',
2765 4209 2868 4250 non
2892 4204 2952 4250 ut
2974 4196 3249 4254 caritatem
3271 4208 3501 4257 vestram
3527 4217 3665 4260 mm-

2079 4298 2204 4339 rore
2230 4283 2481 4349 afficiam,
2509 4285 2602 4341 sed
2650 4295 2708 4341 ut
2733 4289 2959 4343 excitem
3005 4300 3058 4343 et
3090 4289 3383 4359 instruant,
3426 4307 3531 4366 quo
3559 4312 3665 4353 non

2080 4373 2275 4430 frustra
2300 4376 2515 4446 jejuniis
2542 4392 2733 4448 corpus
2758 4380 3050 4451 eaStigetis,
3082 4397 3255 4453 neque
3289 4394 3490 4442 temere
3531 4397 3586 4443 et
3611 4388 3668 4441 in

2079 4480 2274 4519 Vanum
2323 4466 2435 4521 dies
2480 4467 2909 4539 Quadragesimae
2957 4481 3156 4527 sancta:
3206 4475 3527 4545 transigatis.
3597 4477 3670 4534 Et

2081 4554 2204 4623 quid
2234 4555 2353 4610 dico
2395 4556 2511 4611 dics
2551 4557 2983 4630 Quadragesimae
3022 4573 3256 4630 sanctae,
3295 4579 3413 4619 cum
3448 4580 3668 4634 prorsus

2082 4646 2279 4700 nul-lam
2329 4663 2426 4703 nos
2448 4648 2587 4703 diem
2639 4664 2892 4719 umquam
2940 4652 3239 4721 transigere
3287 4663 3568 4723 oporteat,
3619 4659 3668 4713 si

2081 4737 2331 4806 possibile
2357 4746 2458 4804 est,
2487 4753 2584 4808 per
2615 4746 2781 4792 totum
2815 4739 2941 4794 vita:
2964 4741 3287 4796 curriculum
3308 4783 3324 4808 ,
3350 4742 3402 4796 in
3429 4758 3532 4813 qua
3559 4760 3667 4800 non

2081 4828 2285 4882 lttcrum
2324 4828 2535 4898 aliquod
2574 4829 2850 4900 spirituale
2897 4831 2950 4885 in
2994 4830 3149 4887 nobis
3187 4846 3542 4902 reponamus,
3581 4830 3671 4891 θυι

2079 4934 2175 4989 per
2202 4934 2411 4989 preces,
2441 4918 2525 4975 vel
2553 4934 2649 4989 per
2671 4921 3060 4976 confessionem
3082 4963 3099 4987 ,
3139 4922 3220 4978 vel
3252 4938 3346 4993 per
3364 4923 3669 5002 eleemosy-

2079 5025 2176 5065 nas
2193 5051 2209 5077 ,
2241 5010 2323 5065 vel
2352 5024 2450 5080 per
2473 5009 2647 5081 aliqua
2672 5012 2775 5067 alia
2812 5012 3108 5084 spiritualia
3132 5014 3273 5073 bona
3303 5017 3504 5087 opera?
3532 5017 3670 5073 Nam

2080 5100 2126 5156 si
2147 5100 2345 5156 Paulus
2374 5109 2550 5156 tantus
2578 5109 2632 5157 et
2657 5102 2799 5169 talis,
2822 5104 2910 5174 qui
2932 5119 3124 5161 arcana
3155 5106 3245 5161 illa
3265 5105 3425 5161 verba
3444 5107 3667 5178 audivit,

2080 5207 2200 5262 qua:
2230 5206 2399 5262 usque
2424 5192 2477 5246 in
2506 5191 2821 5250 hodiernum
2860 5195 3001 5252 diem
3043 5197 3220 5252 nullus
3258 5199 3522 5268 cognovit,
3550 5198 3668 5257 cla-

2082 5281 2262 5337 mabat
2286 5282 2470 5339 dicens
2497 5300 2510 5338 :
2546 5283 2784 5351 Quotidie
2801 5288 3012 5354 morior,
3043 5303 3135 5358 per
3161 5297 3378 5342 vestram
3401 5289 3668 5359 gloriatio-

2081 5387 2193 5425 nem
2214 5370 2288 5443 (t.
2319 5371 2436 5427 Cor.
2462 5373 2544 5431 15.
2572 5372 2700 5445 3i):
2743 5373 2943 5431 docens
2971 5390 3090 5443 nos,
3122 5391 3183 5432 se
3208 5375 3287 5432 sic
3312 5376 3549 5450 seipsum
3572 5395 3672 5449 pro

2082 5461 2276 5532 pietate
2304 5463 2552 5532 periculis
2579 5464 2910 5534 exposuisse,
2938 5474 2996 5519 ιιι
3015 5465 3252 5535 quotidie
3271 5466 3431 5526 morti
3456 5466 3668 5530 vicinus

2148 5576 2165 5645 ξ
2193 5582 2294 5645 se:
2320 5582 2447 5634 uss,
2473 5575 2821 5645 difectosnitro,
2838 5574 3137 5645 spirituum.

2144 5640 2167 5671 ³
2187 5640 2313 5702 Reg.
2341 5652 2483 5703 unus,
2509 5641 2676 5689 Porro
2693 5636 2797 5688 Ita'c
2815 5636 2945 5689 dico.
