4144 6200
468 258 548 316 05
1218 257 1274 313 S.
1315 257 1593 315 JOANNIS
1627 251 2104 312 ειιιιγεοδτοδιι
2145 255 2460 316 ARCIllEP.
2503 259 3041 325 CONSTANTINOP.
3669 276 3742 332 96

473 380 654 428 esset:
684 378 738 424 et
769 368 908 438 quod
949 376 1135 421 natura
1167 382 1272 422 non
1305 367 1405 423 fert
1435 369 1547 436 (uni
1585 368 1726 424 enim
1768 366 1924 421 morti
1955 366 2058 420 ob-

475 463 617 518 noxii
645 476 832 516 stnnus
858 461 1092 528 omnes),
1125 459 1225 514 hoc
1263 460 1378 529 ipse
1409 460 1663 530 pertinaci
1694 474 1793 514 suo
1819 460 2060 513 instituto

461 551 924 623 agebat,-tametsi
957 550 1217 620 benignus
1242 551 1383 606 Deus
1409 551 1555 605 illum
1585 551 1820 621 quotidie
1847 551 1898 606 in
1927 551 2060 606 alio-

473 660 591 700 rum
651 643 879 698 saiutem
925 652 1316 699 conservaret:
1353 643 1577 714 proinde
1605 644 1667 699 si
1715 643 1804 698 ille
1847 645 1936 712 qui
1981 651 2058 697 tot

469 735 740 806 przeclaris
779 736 1032 806 cperibus
1061 737 1496 800 excelsus-erat,
1545 745 1599 790 et
1645 735 1795 806 quasi
1838 735 2058 804 angelus

469 841 633 896 super
677 837 872 882 terram
917 827 1244 897 apparebat,
1293 827 1531 896 quotidie
1569 827 1816 881 studebat
1860 825 2056 895 aliquid

464 921 604 974 lucri
635 919 827 983 facere,
852 929 905 974 et
935 934 1032 988 pro
1053 919 1272 974 veritate
1299 927 1440 973 stare
1479 917 1530 974 in
1561 918 1677 973 acie
1705 925 1890 973 contra
1919 917 2059 986 peri-

455 1013 591 1067 -cula
614 1053 630 1078 ,
675 1011 1081 1081 spiritualcsque
1117 1009 1216 1064 sibi
1257 1010 1506 1080 colligere
1536 1023 1774 1075 merces,
1805 1024 1869 1064 ac
1897 1025 2058 1062 num-

464 1120 631 1172 quam
656 1103 875 1174 gradum
903 1103 1094 1160 sistere
1125 1118 1138 1156 :
1172 1103 1383 1173 qualem
1408 1102 1722 1158 habebimus
1743 1116 1841 1156 nos
1869 1101 2056 1156 defen-

471 1195 803 1264 sionem,qui
821 1209 924 1248 non
950 1195 1123 1248 solum
1151 1193 1305 1248 bonis
1333 1193 1584 1263 operibus
1611 1193 1860 1248 omnibus
1887 1191 2057 1246 desti-

473 1286 568 1340 tuti
593 1300 813 1351 sumus,
847 1285 938 1340 sed
969 1295 1024 1340 et
1071 1293 1147 1339 tot
1187 1285 1339 1338 malis
1377 1284 1580 1354 gravati
1625 1299 1849 1354 quorum
1893 1296 2057 1336 unum

474 1379 827 1435 dumtaxat'in
873 1379 1042 1449 ipsum
1076 1377 1386 1449 perditionis
1432 1376 1750 1447 profundmn
1777 1375 2059 1431 detrudere

473 1487 574 1528 nos
603 1473 772 1542 possit
797 1512 811 1539 ,
857 1471 1165 1541 nullumque
1193 1478 1451 1541 prmterea
1483 1469 1714 1524 studium
1757 1469 1909 1523 nobis
1952 1477 2055 1535 est,

475 1576 533 1621 ut
555 1567 636 1621 vel
661 1567 849 1622 saltem
873 1568 988 1620 htec
1013 1564 1398 1620 emendcmus?
1424 1579 1544 1618 cum
1572 1571 1748 1617 autem
1779 1561 1915 1616 idem
1945 1562 2058 1631 ipse

473 1673 617 1727 saepe
645 1657 942 1727 reperiatur
972 1671 1075 1709 non
1107 1655 1196 1708 uni
1238 1654 1457 1724 ﬂagitio,
1503 1652 1866 1722 sed'pluribus
1888 1653 2057 1705 obno-

473 1752 614 1817 xius,
646 1765 766 1805 cum
795 1765 988 1818 nempe
1012 1758 1064 1804 et
1086 1747 1370 1803 iracundus
1396 1747 1465 1801 sit
1498 1755 1551 1801 et
1575 1747 1958 1815 intemperans,
2005 1752 2060 1798 et

471 1855 685 1907 avarus,
709 1849 762 1896 et
791 1840 1020 1904 invidus,
1049 1848 1103 1894 et
1125 1838 1270 1893 ferox
1293 1879 1308 1904 ,
1339 1845 1392 1893 et
1417 1851 1589 1906 neque
1621 1836 1732 1890 hcce
1765 1835 2056 1904 corrigere,

472 1947 648 2000 neque
670 1931 878 1986 virtutis
905 1945 1065 2000 opera
1094 1931 1355 2000 attingere
1381 1928 1525 1996 velit,
1553 1926 1726 1997 qualis
1757 1936 1938 1996 postea
1957 1925 2058 1981 erit

380 2083 389 2094 ,
472 2038 596 2094 spes
622 2023 846 2078 salutis?
891 2023 1015 2078 [hec
1041 2022 1197 2086 dico,
1229 2030 1284 2075 et
1329 2019 1508 2075 dicere
1538 2035 1644 2074 non
1686 2017 1948 2084 desinam,
2001 2026 2059 2074 ut

472 2115 745 2170 auditores
773 2129 928 2169 suum
975 2113 1170 2183 quique
1195 2112 1487 2167 remedium
1515 2110 1780 2181 accipiant
1809 2125 1875 2164 ex
1903 2109 2058 2165 dictis

471 2205 708 2269 nostris,
773 2213 828 2259 et
882 2203 1174 2269 studeant,
1233 2210 1292 2256 ut
1339 2201 1519 2257 statim
1575 2201 1643 2256 ab
1691 2200 2057 2256 all'cctionibus

471 2305 707 2350 mentem
752 2293 1084 2349 turbantibus
1142 2293 1473 2359 liberentur,
1521 2291 2058 2360 convalescentesque

470 2387 722 2441 virtutum
753 2387 941 2441 studiis
967 2385 1189 2457 posthac
1217 2400 1276 2442 se
1299 2383 1725 2439 accommodent.
1750 2384 1961 2438 Etenim
1995 2384 2058 2438 iis

471 2478 560 2548 qui
601 2477 866 2546 corporali
908 2477 1096 2532 morbo
1147 2475 1423 2542 laborant,
1477 2475 1717 2544 quamvis
1759 2475 2057 2529 sexcenties

471 2569 710 2625 medicus
745 2567 978 2623 remedia
1005 2575 1270 2638 apponat,
1314 2567 1358 2621 si
1399 2580 1542 2636 a‘ger
1563 2574 1748 2619 autem
1777 2564 2056 2619 medicinae

471 2659 834 2729 operationem
863 2673 967 2713 non
994 2657 1258 2720 admittat,
1289 2665 1345 2711 ct
1369 2671 1512 2725 saepe
1541 2668 1884 2719 succensens,
1913 2662 2058 2724 post-

472 2766 633 2822 quam
685 2749 924 2805 medicus
975 2748 1287 2818 imposuerit
1338 2746 1681 2817 pharmacum
1710 2787 1726 2814 ,
1778 2744 2058 2814 impatiens

472 2843 677 2900 doloris
707 2841 836 2898 illud
865 2841 1105 2912 rcjiciat,
1157 2840 1300 2896 nulla
1345 2839 1471 2894 inde
1515 2839 1743 2894 utliitate
1787 2846 2052 2906 suscepta,

477 2949 635 2990 nemo
685 2933 921 3003 prudens
965 2932 1228 2987 medicum
1277 2931 1551 3002 arguerit,
1598 2929 1740 3001 quod
1769 2944 1874 2983 non
1903 2943 2058 2983 suum

473 3028 642 3099 egerit
666 3025 900 3082 ofﬁcium
929 3040 946 3080 :
975 3025 1165 3080 eodem
1198 3024 1356 3080 modo
1381 3031 1435 3078 et
1456 3022 1540 3078 hic
1563 3037 1663 3078 nos
1691 3022 2058 3077 medicamen-

473 3129 586 3174 tum
637 3134 702 3174 ex
755 3118 1016 3189 spirituali
1065 3117 1306 3172 doctrina
1349 3115 1645 3171 confectum
1677 3113 2054 3186 imponimus;

473 3219 916 3266 veSIrunrautem
942 3207 1164 3276 posthac
1193 3206 1350 3262 fuerit
1371 3205 1514 3260 ferre
1539 3205 1773 3271 dolores,
1799 3213 1852 3259 et
1877 3218 2058 3259 curam

472 3315 595 3357 cum
620 3301 847 3356 utilitate
874 3299 1174 3365 admittere,
1201 3306 1258 3353 ut
1282 3313 1312 3353 a
1339 3298 1524 3352 morbo
1545 3295 1855 3363 liberati,ad
1877 3311 2058 3350 veram

474 3391 849 3464 regrediamini
894 3390 1198 3445 sanitatem.
1251 3387 1342 3444 Sic
1381 3389 1524 3444 enim
1571 3396 1626 3444 et
1675 3387 1772 3457 ipsi
1815 3402 2086 3457 magnam-

470 3483 774 3555 percipietis
803 3482 1105 3548 utilitatem,
1135 3488 1188 3534 et
1217 3495 1312 3534 nos
1335 3495 1439 3534 non
1469 3479 1676 3534 modica
1709 3479 1830 3534 hinc
1856 3494 2060 3534 conso-

476 3574 670 3628 latione
686 3573 1002 3638 afﬁciemur,
1033 3573 1074 3626 si
1104 3571 1394 3625 viderimus
1421 3584 1534 3635 eos,
1565 3570 1654 3640 qui
1679 3569 1824 3640 prius
1851 3569 2060 3625 labora-

473 3665 621 3731 bant,
651 3674 759 3719 tam
787 3665 1111 3719 cito‘bonam
1139 3661 1494 3716 valetudinem
1525 3675 1890 3730 recuperasse.

544 3755 697 3809 Ratio
721 3755 946 3808 humana
978 3761 1137 3822 potest
1162 3751 1332 3806 omnia
1376 3752 1498 3804 vitia
1541 3751 1807 3818 edomare;
1838 3750 2060 3805 Paulum

473 3847 738 3917 praedicat.
760 3875 832 3885 —
848 3844 1221 3913 Unusquisque
1242 3857 1370 3913 ergo
1406 3849 1644 3897 vestrum
1662 3881 1676 3907 ,
1709 3841 1933 3896 obsecro
1953 3883 1967 3906 ,
2012 3842 2058 3897 si

475 3953 582 3990 non
611 3945 786 4001 antea,
809 3934 996 3988 saltem
1027 3947 1168 3988 nunc
1192 3947 1410 4003 Operam
1436 3931 1564 3996 det,
1600 3939 1664 3985 ut
1704 3931 1888 3986 vitium
1917 3931 2058 4000 quod

474 4029 576 4083 sibi
617 4027 786 4097 magis
825 4040 981 4096 quam
1029 4033 1222 4079 czetera
1264 4022 1513 4078 infestum
1561 4022 1724 4077 sentit
1772 4036 1836 4077 ex
1880 4022 2058 4076 anima

475 4128 709 4184 exsccet,
753 4126 809 4174 ct
847 4119 930 4188 pia
973 4117 1292 4187 cogitatione
1333 4115 1482 4186 quasi
1527 4112 1788 4184 spirituali
1829 4113 2058 4183 quodam

472 4213 650 4282 gladio
676 4220 852 4276 utens,
882 4209 1114 4278 seipsum
1137 4207 1205 4262 ab
1229 4221 1295 4262 eo
1311 4207 1526 4280 liberet.
1559 4205 1714 4260 Dedit
1734 4205 1875 4261 enim
1904 4205 2060 4262 nobis

474 4304 616 4357 Deus
647 4303 905 4355 rationem
956 4315 1074 4369 qua:
1122 4297 1347 4352 sufficiat
1391 4305 1446 4352 et
1483 4297 1688 4366 possit,
1739 4295 1784 4352 si
1833 4297 2059 4352 velimus

476 4406 661 4462 parum
691 4391 980 4459 respicere,
1001 4388 1177 4442 omnia
1203 4404 1320 4458 qua:
1357 4389 1406 4442 in
1432 4388 1583 4443 nobis
1612 4396 1902 4443 nascuntur
1921 4387 2053 4441 vitia

474 4483 713 4538 domare.
766 4481 1049 4549 Pr0pterca
1077 4481 1235 4534 etiam
1276 4489 1578 4534 sanctorum
1621 4479 1858 4534 omnium
1896 4479 2057 4533 vitam

474 4583 529 4628 et
572 4573 815 4627 instituta
851 4572 904 4625 in
943 4571 1132 4625 divinis
1158 4571 1445 4642 Scripturis
1483 4571 1744 4639 descripta
1768 4610 1784 4636 ,
1829 4570 2058 4640 Spiritus

475 4664 644 4719 sancti
688 4665 854 4734 gratia
890 4663 1132 4733 reliquit,
1177 4672 1234 4718 ut
1277 4663 1544 4718 discentes
1585 4677 1716 4728 eos,
1763 4662 1885 4718 licet
1913 4663 2058 4732 ejus-

474 4755 598 4810 dem
646 4755 840 4810 fuerint
877 4765 1080 4810 natura:
1107 4796 1124 4820 ,
1165 4756 1411 4810 virtutem
1468 4763 1643 4808 tamen
1697 4755 2057 4809 onmimodam

477 4847 818 4913 exhibuisse,
867 4862 935 4903 ne
980 4848 1146 4904 simus
1201 4861 1300 4902 nos
1343 4845 1514 4915 ignavi
1555 4855 1612 4901 ct
1656 4845 1869 4902 desides
1912 4847 1964 4901 in
1997 4848 2059 4902 iis

481 4939 817 4994 exercendis.

547 5030 600 5085 5.
642 5031 835 5084 Annon
875 5036 1078 5083 natura:
1123 5038 1319 5084 nostrte
1349 5027 1446 5082 fuit
1486 5037 1540 5083 et
1588 5027 1772 5082 beatus
1817 5027 2060 5082 Paulus?

478 5123 666 5192 Flagro
687 5122 828 5177 enim
854 5136 1036 5177 amore
1067 5120 1222 5190 hujus
1251 5121 1382 5186 viri,
1425 5128 1480 5174 et
1504 5129 1783 5190 propterea
1805 5121 2059 5175 continuo

478 5223 723 5268 versatur
749 5213 862 5283 ipse
906 5213 957 5265 in
1002 5226 1096 5266 ore
1139 5225 1290 5277 meo,
1333 5219 1387 5265 et
1426 5211 1576 5280 quasi
1606 5211 1667 5265 ’in
1712 5211 2056 5283 archetypum

476 5303 694 5371 aliquod
721 5303 1016 5372 exemplar,
1040 5302 1109 5356 ita
1137 5311 1192 5357 et
1219 5302 1270 5355 in
1303 5303 1443 5356 illius
1471 5301 1700 5356 animam
1741 5303 2055 5372 reSpiciens,

475 5397 797 5465 obstupesco
823 5395 874 5448 in
904 5395 1005 5448 hoc
1017 5395 1130 5449 viro
1145 5395 1332 5449 mirum
1362 5394 1643 5449 affectuum
1671 5405 2055 5466 contemptum,

479 5484 803 5541 fortitudinis
826 5485 1219 5550 excellentiam,
1245 5485 1443 5539 amoris
1472 5485 1522 5540 in
1554 5485 1718 5540 Deum
1749 5485 2012 5540 fervorem
2041 5504 2056 5540 :

480 5587 537 5630 et
575 5589 784 5630 mecum
827 5585 1052 5646 reputo,
1099 5592 1260 5630 unum
1299 5576 1568 5631 hominem
1610 5592 1798 5633 omnes
1835 5579 2058 5634 virtutes
2088 5592 2104 5603 '

477 5667 659 5724 Studio
684 5680 781 5723 suo
810 5667 862 5724 in
884 5682 944 5726 se
971 5667 1248 5740 collegisse
1283 5675 1339 5726 ct
1363 5668 1700 5739 exhibuisse;
1747 5684 1949 5740 nosque
1991 5684 2058 5727 ne

2171 369 2447 426 minimum
2479 375 2691 443 quidem
2721 376 2917 433 bonum
2946 395 3081 450 opus
3119 390 3372 450 przcslare
3417 385 3572 443 velle.
3618 389 3746 458 Quis

2167 461 2324 530 igitur
2350 478 2447 517 nos
2469 465 2659 536 eripiet
2702 483 2734 522 a
2779 471 3038 540 supplicio
3084 473 3418 530 inevitabili?
3460 477 3593 533 Nam
3624 496 3744 537 cum

2165 552 2406 620 ejusdem
2452 555 2541 611 ille
2586 557 2863 615 nobiscum
2911 561 3070 618 fuerit
3093 577 3316 634 naturae,
3347 577 3399 622 et
3423 568 3608 624 iisdem
3653 573 3752 626 ob-

2167 644 2356 698 noxius
2382 645 2770 715 affectionibus,
2813 653 3054 721 atquein
3085 662 3558 727 tantatemporum
3603 661 3746 716 difli-

2165 735 2379 800 cultate,
2408 739 2677 809 quotidie,
2706 751 2764 796 ut
2792 743 2864 796 ita
2895 743 3068 800 dicam
3091 787 3108 814 ,
3138 756 3367 816 tractus,
3398 751 3660 808 laceratus
3695 765 3750 810 et

2165 827 2376 895 publice
2419 839 2657 899 raptatus
2681 832 2842 888 abiis
2879 835 2970 905 qui
2995 838 3424 908 praedicationem
3449 858 3749 916 oppugna-

2165 916 2291 972 bant
2313 957 2329 981 ,
2361 919 2450 988 qui
2493 928 2547 975 et
2583 935 2726 992 saepe
2755 924 2925 993 ipsum
2967 938 3213 984 enectum
3239 932 3652 1001 existimarunt,
3693 951 3749 992 et

2163 1008 2313 1076 quasi
2341 1007 2659 1066 destinatam
2684 1013 2862 1069 animo
2886 1015 3087 1072 caedem
3119 1030 3542 1090 perpetrassent,
3574 1025 3744 1094 ipsum

2165 1097 2496 1166 reliquerunt
2533 1117 2548 1154 :
2589 1102 2924 1161 inveniturne
2963 1108 3152 1179 aliquis
3188 1120 3465 1180 nostrum,
3492 1115 3742 1182 desidim,

2164 1189 2513 1261 seguitieique
2541 1191 2865 1263 deditorum,
2911 1199 3002 1267 qui
3041 1209 3237 1256 tantam
3263 1205 3512 1260 virtutum
3541 1209 3746 1277 magni-

2165 1283 2400 1338 tudinem
2447 1301 2556 1355 prze
2599 1299 2658 1342 se
2703 1287 2875 1344 ferat?
2922 1291 3119 1346 Verum
3167 1305 3365 1363 quanta
3411 1295 3602 1354 beatus
3655 1303 3747 1356 ille

2165 1376 2414 1444 praeclara
2457 1394 2618 1450 opera
2661 1379 2866 1449 fecerit,
2899 1391 2951 1438 et
2989 1383 3382 1454 fortitudinem,
3437 1405 3596 1460 quam
3650 1409 3746 1462 pro

2163 1466 2435 1537 religionis
2482 1469 2860 1539 praedicatione
2905 1475 3142 1543 quotidie
3189 1477 3526 1548 exhibuerit,
3568 1499 3671 1536 non
3713 1501 3744 1540 a

2165 1566 2344 1612 nostra
2362 1559 2572 1630 lingua,
2617 1561 2712 1617 sed
2754 1563 2822 1618 ab
2871 1565 2987 1635 ipso
3029 1578 3240 1636 oportet
3283 1570 3469 1627 audire
3512 1574 3744 1630 dicente.

2161 1645 2388 1714 Quando
2414 1651 2554 1704 enim
2583 1651 2635 1706 in
2661 1667 2780 1707 eam
2805 1654 3018 1711 devenit
3044 1659 3432 1728 necessitatem,
3455 1673 3510 1717 ut
3531 1676 3748 1736 prepter

2165 1737 2731 1808 pseudoapostolorum
2779 1743 3043 1800 fallaciam
3083 1763 3170 1803 res
3193 1763 3324 1804 suas
3351 1767 3604 1810 enarrare
3649 1772 3748 1812 (ιο-ο
3811 1749 3814 1753 ’

2162 1837 2379 1897 geretur
2407 1844 2421 1881 :
2455 1841 2559 1884 tam
2582 1835 2909 1901 grave'enim
2938 1835 3076 1891 istud
3098 1846 3152 1893 et
3177 1839 3459 1896 molestum
3489 1844 3585 1912 ipsi
3609 1855 3742 1909 erat.

2165 1927 2220 1972 ut
2250 1921 2632 1990 reluctaretur,
2677 1933 2732 1980 et
2773 1941 3060 1997 numquam
3100 1929 3153 1984 in
3181 1932 3412 1987 medium
3453 1949 3516 1992 ea
3553 1936 3746 1994 allerre

2163 2009 2342 2077 vellet,
2373 2011 2480 2066 imo
2507 2012 2739 2083 seipsum
2766 2017 2987 2073 auderet
3015 2035 3208 2076 vocare
3238 2022 3605 2094 blasphemum
3629 2067 3648 2094 ,
3692 2039 3748 2086 et

2164 2111 2599 2171 perscquutorem
2623 2123 2640 2161 :
2668 2108 2916 2176 quoniam
2941 2119 3117 2166 autem
3147 2118 3598 2181 pernecessarium
3626 2135 3746 2177 esse

2166 2189 2393 2260 videret,
2426 2201 2482 2248 ut
2515 2193 2865 2264 impostorum
2897 2215 2989 2254 ora
3017 2201 3354 2270 Obstrueret,
3387 2215 3440 2261 et
3473 2207 3748 2278 discipulis

2164 2297 2378 2352 parvam
2420 2284 2571 2341 daret
2612 2289 3029 2346 consolationem
3075 2309 3090 2346 :
3145 2293 3222 2349 sic
3265 2294 3376 2350 fere
3419 2299 3581 2368 coepit
3628 2310 3749 2368 post

2163 2376 2326 2430 multa
2357 2377 2457 2432 alia
2479 2378 2656 2435 dicere
2683 2399 2693 2432 :
2719 2379 2786 2434 In
2809 2397 2907 2450 quo
2931 2383 3043 2453 quis
3073 2385 3225 2439 audet
3244 2405 3378 2458 ,ρετ
3406 2389 3746 2458 insipientiam

2163 2466 2359 2537 loquor,
2393 2469 2554 2522 audeo
2576 2479 2625 2524 et
2655 2487 2746 2540 ego
2779 2471 2854 2540 (2.
2885 2471 3002 2527 Cor.
3031 2476 3114 2528 Η.
3144 2473 3256 2546 2|).
3289 2477 3744 2550 Considerapiam

2161 2557 2427 2622 animam,
2475 2574 2582 2612 non
2621 2560 2792 2616 solum
2823 2563 3133 2632 audaciam,
3165 2568 3258 2622 sed
3299 2579 3350 2624 et
3389 2571 3746 2640 insipientiam

2164 2663 2276 2702 rem
2303 2663 2420 2704 eam
2448 2659 2636 2706 vocat:
2666 2652 2864 2710 docens
2905 2670 3003 2710 nos
3031 2672 3100 2713 ne
3126 2674 3374 2730 umquam
3404 2663 3534 2718 citra
3563 2681 3747 2721 neces-

2164 2737 2375 2794 sitatem
2401 2782 2417 2806 ,
2463 2749 2518 2796 et
2559 2742 2708 2798 nullo
2751 2755 2991 2815 urgente,
3017 2763 3136 2818 qua:
3161 2763 3190 2802 a
3216 2751 3371 2805 nobis
3407 2751 3540 2806 facta
3578 2765 3702 2808 sunt
3727 2795 3742 2819 ,

2161 2841 2512 2901 ostentemus,
2541 2837 2584 2889 si
2613 2837 2826 2906 quidem
2843 2838 3000 2910 aliqui
3025 2855 3090 2894 ex
3114 2841 3268 2896 nobis
3294 2844 3629 2900 inveniantur
3653 2847 3744 2916 qui

2163 2923 2360 2979 bonum
2388 2926 2602 2996 aliquod
2616 2938 2738 2982 sunt
2763 2933 2988 2999 operati.
3008 2930 3074 2984 In
3091 2947 3188 3001 quo
3213 2935 3345 3004 quis,
3365 2935 3555 3004 inquit,
3571 2938 3743 3004 audet,

2163 3017 2618 3087 per'insipientiam
2645 3019 2842 3089 loquor,
2872 3023 3033 3077 audeo
3049 3033 3095 3078 et
3111 3041 3236 3096 ego:
3259 3025 3359 3081 hoc
3375 3037 3476 3094 est,
3495 3030 3745 3100 quoniam

2163 3123 2262 3177 ego
2292 3110 2511 3163 multam
2537 3110 2691 3164 video
2719 3112 3112 3182 necessitatem,
3137 3115 3334 3172 audere
3355 3119 3494 3183 vo'lo,
3526 3131 3580 3174 et
3619 3120 3748 3175 insi-

2165 3198 2376 3266 pientia:
2407 3213 2540 3268 opus
2568 3200 2843 3257 exhibere.
2878 3203 3079 3259 Hebraei
3101 3215 3240 3272 sunt,
3283 3217 3330 3262 et
3349 3226 3472 3279 ego;
3500 3209 3747 3266 Israelita!

2163 3299 2301 3353 sunt,
2332 3299 2378 3343 et
2403 3305 2529 3361 ego;
2558 3307 2725 3345 semen
2749 3293 2966 3348 Abrahw
2988 3305 3138 3363 sunt,
3186 3307 3233 3352 et
3277 3315 3370 3369 ego
3415 3299 3522 3370 (Ib.
3552 3317 3598 3356 υ.
3627 3301 3742 3372 22).

2164 3377 2241 3432 De
2271 3378 2390 3441 hoc,
2424 3380 2634 3449 inquit,
2685 3381 2916 3438 sublime
2958 3377 3170 3454 sapiunt
3207 3395 3262 3441 et
3302 3388 3630 3458 gloriantur;
3678 3407 3746 3448 ne

2165 3477 2350 3537 putent
2379 3483 2440 3524 ea
2469 3471 2622 3525 nobis
2645 3471 2870 3539 deesse;
2895 3475 3055 3529 etiam
3098 3491 3199 3530 nos
3238 3479 3546 3535 eormndem
3583 3483 3746 3551 parti-

2163 3559 2308 3628 cipes
2333 3575 2539 3614 sumus.
2587 3561 2788 3618 Deinde
2828 3563 3054 3634 subjecit
3085 3583 3100 3620 :
3132 3565 3358 3622 Ministri
3383 3569 3571 3626 Caris-ti
3607 3583 3744 3642 sunt,

2163 3662 2217 3705 ut
2242 3652 2408 3705 minus
2435 3653 2635 3722 sapiens
2661 3655 2795 3722 dico,
2830 3657 2945 3725 plus
2968 3673 3060 3728 ego
3103 3657 3210 3728 (Ib.
3240 3676 3287 3714 υ.
3315 3660 3432 3733 25).

2235 3743 2290 3799 6.
2335 3744 2464 3800 Vide
2491 3745 2596 3813 hic,
2624 3745 2842 3812 dilecte,
2884 3748 3051 3805 beatae
3079 3749 3232 3820 hujus
3256 3753 3446 3808 anima:
3472 3754 3746 3815 virtutem.

2163 3835 2294 3890 Nam
2324 3847 2602 3907 postquam
2633 3855 2744 3895 rem
2782 3855 2812 3894 a
2858 3855 2917 3896 se
2965 3843 3175 3909 factam,
3221 3845 3494 3901 audaciam
3528 3857 3582 3901 et
3611 3849 3745 3902 insi-

2166 3926 2416 3996 pientiam
2443 3929 2668 3996 vocavit,
2699 3933 2941 4000 quamvis
2977 3932 3028 3986 in
3062 3942 3204 3987 tanta
3242 3945 3384 3990 esset
3426 3939 3747 3993 necessitate

2163 4018 2518 4086 constitutus,
2553 4035 2724 4090 neque
2763 4021 2842 4076 sic
2874 4031 3046 4076 tamen
3093 4022 3248 4078 dictis
3289 4036 3570 4081 contentus
3591 4028 3696 4082 fuit
3729 4045 3744 4082 :

2164 4109 2259 4164 sed
2287 4124 2406 4164 cum
2437 4111 2901 4169 demonstraturus
2925 4122 3068 4170 esset
3097 4129 3154 4170 se
3183 4115 3305 4170 illos
3331 4133 3521 4187 magno
3543 4134 3746 4188 praece-

2163 4202 2294 4259 dere
2322 4203 2624 4271 intervallo,
2653 4214 2707 4260 ut
2737 4222 2804 4262 ne
2823 4207 2940 4277 quis
2969 4221 3088 4262 eum
3122 4217 3269 4277 putet
3297 4224 3391 4277 per
3427 4213 3746 4266 ostentatio-

2165 4309 2286 4349 nem
2318 4293 2430 4350 haac
2455 4295 2651 4359 dicere,
2683 4297 2871 4351 iterum
2905 4297 3257 4368 insipientiam
3288 4310 3440 4356 vocat
3462 4302 3604 4372 quod
3629 4317 3658 4356 a
3686 4318 3746 4359 se

2163 4387 2455 4452 dicebatur,
2486 4387 2634 4457 quasi
2673 4387 2932 4444 diceret:
2977 4388 3092 4444 Non
3121 4404 3238 4444 sum
3271 4391 3480 4446 nescius
3508 4410 3593 4453 me
3622 4409 3734 4448 rem

2164 4477 2341 4532 facere
2367 4492 2485 4546 qua:
2502 4478 2710 4532 multos
2734 4477 3195 4551 olfendat,-etqu:e
3222 4497 3392 4551 neque
3419 4498 3504 4537 me
3523 4483 3742 4538 deccat:

2164 4567 2258 4622 scd
2291 4582 2376 4622 me
2409 4568 2690 4637 compellit
2735 4584 2923 4640 magna
2957 4572 3278 4637 necessitas;
3328 4573 3447 4628 ideo
3492 4574 3747 4644 ignoscite

2165 4658 2294 4713 mihi
2325 4659 2642 4728 insipientia:
2672 4660 2828 4714 verba
2871 4661 3128 4732 loquenti.
3173 4664 3338 4732 Hujus
3375 4666 3459 4719 vel
3503 4667 3744 4722 umbram

2165 4752 2433 4807 imitemur
2456 4767 2572 4818 nos,
2602 4754 2688 4821 qui
2722 4755 2882 4808 tantis
2914 4757 3205 4823 premimur
3231 4756 3478 4824 peccatis,
3525 4768 3578 4811 et
3605 4775 3746 4828 sche

2164 4845 2207 4898 si
2255 4859 2473 4912 parvum
2513 4843 2762 4913 quiddam
2808 4855 2954 4901 recte
2993 4845 3243 4910 facimus,
3293 4863 3463 4917 neque
3489 4848 3661 4918 ipsum
3696 4853 3748 4905 in

2166 4935 2528 5005 promptuario
2553 4936 2745 4991 mentis
2790 4946 2988 4990 nostra:
3020 4938 3319 5006 repositum
3365 4955 3580 4994 manere
3611 4941 3748 5009 pati-

2164 5044 2306 5091 mur,
2335 5027 2428 5082 sed
2457 5037 2512 5081 ttt
2535 5028 2810 5098 gloriolam
2851 5029 3082 5098 aliquam
3127 5027 3197 5081 ab
3248 5027 3551 5086 hominibus
3580 5048 3747 5086 vene-

2165 5135 2303 5182 mur,
2336 5118 2697 5189 divulgamus,
2744 5128 2799 5176 et
2826 5120 2894 5174 ob
2939 5119 3362 5188 intempestivam
3395 5124 3748 5192 nugacitatem

2164 5209 2340 5264 divina
2368 5211 2716 5265 retributione
2751 5211 3110 5279 nosmetipsos
3138 5209 3462 5267 fraudamus.
3513 5214 3582 5267 At
3618 5213 3749 5266 nihil

2167 5299 2273 5354 tale
2301 5299 2454 5354 beato
2477 5300 2638 5354 Paulo
2666 5299 2958 5354 accidebat.
3012 5299 3116 5355 Sed
3157 5300 3324 5370 quid?
3353 5301 3578 5357 Him'stri
3606 5303 3748 5358 Chri-

2165 5391 2230 5444 sti
2253 5400 2390 5457 sunt,
2421 5400 2471 5442 ut
2497 5391 2660 5445 minus
2689 5390 2887 5459 sapiens
2902 5391 3038 5456 dico,
3073 5393 3186 5461 plus
3211 5407 3341 5461 ego;
3383 5393 3508 5448 dein
3538 5394 3752 5449 adducit

2166 5483 2219 5536 in
2266 5483 2498 5537 medium
2545 5497 2607 5537 ea
2659 5497 2777 5551 quae
2811 5481 3242 5552 pscudoapostoli
3273 5499 3376 5538 non
3405 5485 3750 5541 exhibebant.

2166 5573 2448 5639 Quomodo
2481 5572 2622 5627 enim
2649 5570 3018 5626 exhibuissent
3057 5573 3144 5641 qui
3173 5573 3449 5629 veritatem
3479 5589 3753 5644 oppugna-

2159 5669 2332 5736 ~bant,
2376 5673 2430 5722 et
2455 5663 2585 5719 nihil
2609 5679 2712 5720 non
2742 5663 2966 5735 agebant
2993 5674 3049 5720 ut
3075 5663 3432 5736 praedicationi
3481 5664 3753 5733 religionis
