4122 6204
334 304 410 365 95
1551 297 1621 354 ιιι
1654 298 1806 357 CAP.
1839 297 1885 354 Il
1924 298 2171 356 GENES.
2209 297 2438 357 HOMIL.
2481 299 2574 355 XI.
3693 296 3764 353 90

331 421 430 474 τὸν
456 419 692 474 θάνατον
717 415 968 486 γίνεσθαι.
995 415 1080 484 ἐφ’
1114 414 1353 483 ἑκάστης
1379 412 1616 484 ιίγμέρας,
1651 414 1744 466 καὶ
1786 415 1923 484 ὅπερ
1964 414 1998 483 ἡ

333 507 496 575 φύσις
523 507 624 560 οὐκ
654 505 867 574 ἐδέχετο
889 503 997 571 (ἐνὶ
1021 501 1131 572 γάρ
1153 501 1368 569 Θανάτῳ
1393 499 1595 563 πάντες
1619 497 1988 568 ιῖιποκείμεθα)⁸

330 595 490 649 τοῦτο
515 595 548 664 ἠ
579 591 879 662 φιλονεικία
910 590 1006 660 τῆς
1030 589 1398 660 προαιρέσεως
1427 587 1593 641 αὐτοῦ
1621 585 1923 657 κατώρθου,
1952 585 2001 637 εί

333 683 430 736 καὶ
455 683 484 734 6
527 678 910 751 φιλάνθρωπος
948 676 1081 740 Θεὸς
1115 676 1208 728 ἐπὶ
1246 676 1406 728 πλέον
1449 675 1611 728 αὑτὸν
1649 674 1887 744 διετήρει
1915 672 2004 725 διὰ

333 771 434 840 τὴν
460 769 568 824 τῶν
595 768 800 821 λοιπῶν
832 765 1107 837 σωτηρίαν
1123 781 1137 795 ⁸
1168 767 1216 818 εί
1243 766 1422 817 τοίνυν
1448 766 1650 827 ἐκεῖνος
1675 766 1703 817 6
1730 763 2001 828 τοσούτοις

335 856 522 925 κομῶν
562 853 985 925 κατορθώμασι,
1034 852 1130 904 καλ⁸
1176 850 1428 921 καθάπερ
1480 851 1708 918 ἄγγελος
1755 852 1845 903 ἐπὶ
1900 851 2003 920 γῆς

337 941 680 1009 φαινόμενος,
724 939 847 992 καθ’
904 938 1144 1006 ἐκάστην
1204 936 1505 1001 ἐσπούδαζε
1547 935 1871 1006 κερδαίνειν,
1907 937 2002 990 καὶ

336 1029 475 1098 πρὸς
504 1027 627 1089 τοὺς
649 1026 789 1096 ὑπὲρ
820 1025 920 1094 τῆς
946 1023 1203 1094 ἀληθείας
1237 1021 1511 1085 κινδύνους
1542 1021 2000 1092 παρατάττεσθαι,

337 1116 434 1168 καὶ
463 1113 561 1184 τὴν
608 1112 879 1183 ἐμπορίαν
915 1113 1015 1182 τὴν
1058 1109 1434 1180 πνευματικὴν
1479 1109 1656 1179 ἐαυτῷ
1705 1109 2001 1177 συλλέγειν,

339 1204 432 1257 καὶ
467 1203 733 1273 μηδέποτε
762 1201 1044 1254 ἵστασθαι·
1081 1200 1242 1253 ποίαν
1280 1198 1346 1252 ἂν
1379 1199 1637 1268 σχοίημεν
1679 1199 1839 1268 ἡμεῖς
1867 1199 2004 1251 ἀπο-

337 1291 548 1358 λογίαν,
579 1291 628 1342 οί
663 1289 737 1360 μὴ
770 1290 930 1360 μόνον
964 1287 1182 1341 πάντων
1200 1286 1357 1349 -δντες
1385 1286 1578 1357 ἔρημοι
1599 1286 1707 1338 τῶν
1728 1285 2002 1354 κατορθω-

342 1378 549 1445 μάτων,
581 1377 718 1430 ἀλλά
749 1377 843 1429 καὶ
885 1375 1163 1437 τοσούτοις
1205 1373 1580 1443 ἐλαττώμασιν
1618 1374 2002 1444 ὑποκείμενοι,

339 1457 416 1517 ὧν
448 1465 544 1517 καὶ
578 1462 634 1515 ἓν
683 1462 842 1532 μόνον
875 1463 1004 1532 ἡμῖν
1037 1459 1238 1531 προσὸν
1270 1458 1454 1512 ίκανδν
1491 1461 1570 1522 είς
1603 1458 1732 1512 αὐτὸ
1772 1460 1870 1528 τῆς
1901 1460 2007 1512 άπ-

338 1551 536 1614 ωλείας
567 1551 630 1604 r6
680 1548 952 1620 βάραθρον
986 1549 1340 1615 καταγαγεῖν,
1382 1547 1478 1599 κα)⁸
1523 1545 1790 1616 μηδεμίαν
1823 1546 2007 1598 ποιού-

341 1654 506 1708 μενοι-
542 1636 810 1706 σπουδὴν,
851 1635 956 1688 κᾶν
1007 1633 1140 1703 γοῦν
1178 1635 1351 1687 ταῦτα
1393 1631 1669 1702 διορθοῦν;
1704 1633 1831 1685 ὅταν
1873 1631 1950 1684 δέ.
1978 1633 2007 1684 6

338 1726 500 1788 αὐτὸς
522 1724 782 1786 πολλάκις
811 1724 1138 1794 εὑρίσκοιτο,
1173 1722 1254 1793 μὴ
1275 1722 1432 1792 μόνον
1459 1721 1515 1773 ἐν
1538 1721 1822 1790 ἐλάττωμα
1844 1719 2004 1790 ἔχων,

339 1811 476 1864 ἀλλὰ
507 1813 599 1864 x61
628 1812 869 1876 πλείονα,
909 1812 1008 1864 καὶ
1048 1810 1266 1880 ὀργίλος
1302 1805 1360 1881 ᾖ,
1404 1809 1503 1869 καὶ
1553 1807 1864 1872 ἀκόλαστος,
1913 1809 2008 1860 καὶ

340 1900 689 1969 πλεονέκτης,
719 1899 814 1951 καὶ
837 1897 1125 1967 βάσκανος,
1149 1898 1244 1950 καὶ
1267 1895 1542 1966 θυμώδης,
1567 1895 1817 1966 καὶιμήτε
1836 1895 2008 1948 ταῦτα

338 1985 584 2056 διορθοῦν
620 1985 894 2055 βούλοιτο,
943 1987 1080 2055 μήτε
1123 1983 1232 2036 τῶν
1264 1983 1363 2053 τῆς
1407 1983 1606 2054 ἀρετῆς
1656 1982 1830 2052 ἔργων
1870 1981 2005 2050 ἐφά-

341 2072 594 2133 πτεσθαι,
617 2074 747 2125 ποία
783 2070 966 2124 λοιπὸν
993 2072 1057 2123 ἂν
1083 2070 1290 2137 γένοιτο
1321 2069 1594 2140 σωτηρίας
1613 2068 1800 2133 ἐλπίς;
1825 2068 2006 2121 Ταῦτα

342 2158 508 2226 λέγω,
538 2159 634 2212 καὶ
662 2158 837 2226 λέγων
868 2159 928 2211 ού
960 2157 1257 2228 παύσομαι,
1282 2157 1368 2209 ἵνα
1390 2155 1618 2219 ἕκαστος
1651 2155 1758 2208 τῶν
1787 2155 2008 2209 ἀκουόν-

343 2263 452 2299 των
484 2246 544 2300 r6
589 2246 921 2316 κατάλληλον
949 2244 1124 2316 ἐαυτῷ
1161 2245 1448 2316 φάρμακον
1477 2244 1762 2315 δεχόμενος
1805 2245 1868 2298 ἐκ
1898 2244 2006 2296 τῶν

344 2335 474 2402 παρ’
500 2332 666 2403 ἡμῶν.
694 2331 1018 2402 λεγομένων,
1061 2332 1336 2402 σπουδάτη
1375 2331 1604 2401 ταχέως,
1639 2331 1730 2384 καὶ
1770 2330 1877 2383 τῶν
1915 2330 2005 2382 ἐν-

339 2419 639 2488 οχλούντων
673 2418 870 2472 παθῶν
889 2419 1223 2486 ἀπαλλαγεὶς
1254 2419 1390 2490 πρὸς
1420 2418 1630 2486 ὑγίειαν
1669 2418 2003 2480 ἐπανελθεῖν,

338 2507 585 2577 καὶπρὸς
611 2507 710 2578 τὴν
739 2508 839 2578 τῆς
868 2507 1349 2579 ἀρετῆς-ἐργασίαν
1372 2507 1562 2561 ἐαυτδν
1593 2507 1893 2578 ἐπιτήδειον
1909 2524 2008 2560 κα-

336 2595 627 2664 ταστῆσαι.
653 2595 764 2648 Καὶ
797 2595 906 2666 γάρ
927 2595 1020 2648 ἐπὶ
1050 2595 1158 2648 τῶν
1183 2595 1498 2665 καμνόντων
1524 2595 1595 2648 τά
1633 2594 1880 2664 σώματα,
1903 2593 2008 2647 κάν

343 2683 602 2752 μυριάκις
629 2684 658 2736 6
687 2683 870 2753 ἰατρὸς
894 2683 1054 2753 ἐπιθῇ
1086 2683 1153 2736 r6
1181 2685 1468 2755 φάρμακα,
1488 2685 1516 2736 6
1539 2683 1595 2736 δέ
1623 2683 1902 2755 ἀρρωστος
1933 2683 2006 2756 μὴ

338 2769 599 2837 ἀνέχηται
631 2768 909 2837 ἐπιμένειν
941 2767 1037 2839 τὴν
1082 2768 1186 2822 61:6
1213 2769 1308 2822 τοῦ
1354 2769 1646 2841 φαρμάκου
1687 2769 2005 2840 θεραπείαν,

338 2854 475 2907 611‘:
496 2855 755 2919 πολλάκις
771 2856 1136 2926 δυσχεραίνων
1161 2857 1298 2926 μετά
1317 2857 1376 2910 r6
1399 2857 1664 2910 ἐπιθεῖναι
1687 2857 1778 2910 τὸν
1804 2857 2005 2928 ἰατρὸν,

337 2943 438 2996 ούκ
479 2943 806 3014 ἀνεχόμενος
851 2944 950 3012 τῆς
982 2944 1272 3015 ἀλγηδόνος
1308 2945 1636 3018 ἀπορῤίπτοι
1691 2943 1868 3008 τοῦτο,
1915 2945 2008 2996 καλ⁸

342 3031 418 3102 μὴ
456 3032 803 3097 καταδέξοιτο
834 3034 929 3103 τὴν
973 3032 1032 3098 ἐξ
1065 3032 1236 3085 αὑτοῦ
1263 3033 1530 3101 ὠφέλειαν
1552 3072 1567 3094 ,
1597 3032 1771 3094 οὐδεὶς
1801 3031 1868 3085 ἂν
1901 3032 2007 3084 τῶν

339 3113 410 3170 εὖ.
430 3118 765 3189 φρονούντων
808 3119 1074 3190 μέμφοιτο
1114 3121 1194 3190 τῷ
1235 3119 1404 3189 ἰατρῷ
1441 3119 1519 3190 τῷ
1549 3119 1618 3172 τά
1651 3119 1780 3190 παρ’
1815 3118 2006 3172 ἐαυτοῦ

341 3208 518 3259 πάντα
557 3207 924 3275 είσαγαγόντιο
957 3207 1256 3261 τὸναύτον.
1289 3207 1352 3278 δὴ
1396 3209 1594 3278 τρόπον
1642 3208 1736 3260 καὶ
1777 3206 2009 3260 ἐνταῦθα

339 3291 497 3360 ἡμεῖς
542 3292 642 3362 μὲν
688 3293 776 3345 τδ-
805 3293 1096 3363 φάρμακον
1140 3293 1202 3345 τὸ
1239 3292 1347 3344 ἀπὸ
1389 3292 1490 3361 τῆς
1529 3291 1872 3355 διδασκαλίας
1909 3293 2007 3362 τῆς

339 3378 715 3448 πνευματικῆς
749 3379 1260 3442 κατασκευάσαντες
1289 3380 1622 3450 ἐπιτίθεμεν·
1654 3381 1916 3450 ὑμέτερον
1950 3379 2006 3432 δὲ

339 3464 406 3516 ἂν
434 3466 517 3536 εἴη
537 3465 720 3518 λοιπὸν
751 3467 844 3519 καὶ
866 3466 1154 3536 ἀνέχεσθαι
1175 3466 1282 3518 τῶν
1312 3466 1639 3536 ἀλγηδόνων,
1673 3469 1766 3521 κα).
1789 3469 1890 3536 τῆς
1916 3467 2006 3519 θε-

339 3552 572 3620 ραπείας
614 3551 936 3615 ἀπόνασθαι,
974 3553 1066 3604 καὶ
1097 3552 1509 3618 ἀπαλλαγέντας
1550 3553 1648 3622 τῆς
1687 3554 1840 3606 νόσου
1872 3554 2006 3624 πρὸς

337 3638 442 3707 τὴν
461 3638 638 3708 ἀληθῆ
663 3639 872 3706 ὑγίειαν
905 3638 1237 3692 ἐπανελθεῖν.
1265 3639 1421 3691 υῦτω
1446 3640 1552 3710 γάρ
1587 3641 1680 3692 καὶ
1702 3641 1853 3692 αὐτοὶ
1881 3639 2010 3692 πολ-

337 3725 457 3795 λήν-
478 3726 580 3794 τῆς
611 3725 1000 3796 ώφελείαςτήν
1034 3725 1294 3795 αἴσθησιν,
1321 3726 1579 3796 λήψεσθε,
1616 3729 1708 3780 καὶ⁵
1751 3729 1913 3798 ⁴ἡμεῖς
1943 3730 2003 3782 ού

342 3806 548 3878 μικρὰν
575 3808 766 3879 ἐξομεν
791 3809 888 3877 τὴν
921 3809 1291 3880 παραμυθίαν,
1317 3810 1549 3880 ὁρῶντες
1583 3810 1709 3873 τοὺς
1743 3810 2005 3882 πρότερον

339 3891 667 3959 κάμνοντας,
711 3889 854 3944 οὕτω
884 3892 1092 3962 ταχέως
1135 3892 1266 3964 πρὸς
1306 3891 1513 3960 ὑγίειαν
1553 3892 1957 3956 ἐπανελθόντας.

416 3975 684 4038 Ἕκαστος
737 3975 918 4028 τοίνυν
957 3976 1130 4044 ὑμῶν,
1179 3975 1499 4045 παρακαλῶ,
1543 3978 1589 4030 εί
1637 3976 1730 4030 καὶ
1769 3976 1842 4048 μὴ
1883 3977 2008 4046 πρό-

335 4073 516 4127 τερον,
561 4057 664 4110 κᾶν
695 4057 825 4125 γοῦν
853 4059 915 4111 ἐκ
949 4057 1042 4111 τοῦ
1085 4058 1348 4128 παρόντος
1388 4070 1414 4098 ι
1465 4058 1831 4122 σπυδαζέτω,
1867 4061 2004 4132 ὅπερ

335 4135 476 4191 οἶδεν
518 4139 768 4210 ἐνοχλοῦν
808 4140 954 4210 αὐτῷ
997 4140 1284 4211 ἐλάττωμα
1323 4140 1432 4194 τῶν
1466 4140 1640 4194 ἀλλων
1691 4141 1848 4194 πλέον
1896 4160 2002 4195 πα-

338 4219 466 4284 θῶν,
535 4221 690 4275 τοῦτο
745 4223 1028 4293 ἐκτέμνειν
1088 4223 1186 4293 τῆς
1243 4222 1442 4293 ψυχῆς,
1495 4224 1589 4276 καὶ
1653 4223 1730 4292 τῷ
1791 4223 2005 4276 εὐσεϐεῖ

335 4304 600 4375 λογισμῷ,
637 4305 886 4377 καθάπερ
916 4306 1157 4376 μαχαίρᾳ
1189 4307 1298 4358 τινὶ
1325 4309 1665 4376 πνευματικῇ
1698 4305 1998 4377 χρώμενος,

335 4388 508 4451 οὕτως
564 4390 750 4441 ἐαυτὸν
803 4388 898 4441 τοῦ
940 4389 1143 4451 πάθους
1194 4387 1602 4442 ἀπαλλαττέτω.
1650 4390 1857 4443 Δέδωκε
1892 4391 2000 4461 γάρ

335 4471 469 4538 ἡμῖν
501 4473 530 4523 6
551 4470 682 4533 Θεδς
716 4471 974 4541 λογισμὸν
1003 4470 1296 4540 ἀρκοῦντα,
1322 4471 1418 4523 καὶ⁵
1440 4471 1758 4541 δυνάμενον,
1794 4473 1843 4525 εί
1873 4471 2000 4540 βου-

338 4551 632 4623 ληθείημεν
685 4554 879 4624 μικρὸν
933 4553 1236 4622 διαϐλέψαι,
1296 4552 1527 4605 ἑκάστου
1579 4552 1687 4604 τῶν
1751 4555 1810 4606 ἐν
1865 4555 2000 4623 ἡμῖν

335 4635 668 4704 τικτομένων
695 4635 881 4688 παθῶν
907 4634 1296 4706 περιγίνεσθαι.
1327 4633 1441 4706 [88]
1465 4633 1562 4686 Διά
1595 4633 1751 4686 τοῦτο
1775 4632 1996 4686 καὶτῶν

339 4716 508 4782 ἁγίων
541 4718 670 4787 ἡμῖν
709 4717 962 4770 ἀπάντων
990 4717 1114 4780 τοὺς
1149 4716 1294 4786 βίους
1326 4717 1420 4770 καὶ
1459 4717 1558 4786 τὴν
1598 4715 1872 4768 πολιτείαν
1912 4715 2000 4768 διὰ

337 4799 445 4850 τῶν
498 4798 664 4851 θείων
705 4799 939 4869 Γραφῶν
994 4799 1339 4869 ἀνάγραπτον
1391 4798 1773 4851 καταλέλοιπεν
1822 4799 1854 4868 ἡ
1900 4797 1997 4850 τοῦ

339 4880 650 4950 Πνεύματος
684 4883 863 4952 χάρις,
897 4882 982 4934 ῖνα
1012 4882 1291 4952 μαθόντες,
1314 4883 1390 4946 ώς
1426 4883 1526 4952 τῆς
1561 4882 1730 4951 αὐτῆς
1757 4883 1887 4951 ἡμῖν
1910 4880 1998 4933 δν-

335 4979 427 5026 τες
473 4965 706 5032 φύσεως,
749 4966 970 5018 ἅπαντα
1002 4965 1083 5020 τά*
1108 4967 1207 5036 τῆς
1243 4966 1447 5036 ἀρετῆς
1491 4965 1880 5036 κατώρθωσαν,
1918 4964 1994 5035 μὴ

337 5045 672 5117 βαθυμῶμεν
704 5049 829 5118 περὶ
855 5049 964 5119 τὴν
978 5047 1181 5118 ταύτης
1212 5049 1494 5119 ἐργασίαν.

404 5131 540 5182 ε⁹.Ἥ
561 5130 683 5199 ούχὶ
701 5131 797 5199 τῆς
818 5131 987 5199 αὐτῆς
1010 5133 1143 5201 ἡμῖν
1165 5131 1378 5200 φύσεως
1401 5127 1468 5201 ἦν
1497 5132 1527 5183 ό
1554 5131 1817 5201 μακάριος
1848 5131 1996 5184 Παῦ-

334 5209 459 5272 λος-ς
505 5211 827 5282 Ἐκκαίομαι
861 5213 970 5283 γάρ
997 5215 1075 5275 είς
1106 5213 1323 5266 τὸν-τοῦ
1347 5213 1538 5284 ἀνδρὸς
1567 5213 1750 5276 πόθον,
1784 5214 1878 5266 καὶ
1908 5212 1997 5265 διὰ

333 5291 493 5343 τοῦτο
528 5293 763 5361 συνεχῶς
797 5295 955 5348 αὑτὸν
983 5296 1360 5366 περιστρέφων
1389 5296 1450 5348 ού
1477 5296 1740 5364 παύομαι.
1769 5297 1862 5348 καὶ
1892 5296 1999 5348 ῶσ-

335 5389 442 5442 περ
486 5373 568 5436 είς
615 5373 918 5444 ἀρχέτυπον
963 5379 1145 5431 είκόνα
1185 5379 1324 5439 τινὰ,
1362 5380 1440 5440 είς
1476 5378 1576 5446 τὴν
1602 5377 1790 5429 τούτου
1821 5377 1999 5447 ψυχὴν

333 5454 557 5524 ἐνορῶν,
598 5456 968 5528 ἐκπλήττομαι
1012 5459 1122 5513 τῶν
1156 5461 1346 5513 παθῶν
1391 5459 1488 5530 τὴν
1536 5459 1856 5529 ὑπεροψίαν,
1899 5461 1998 5529 τῆς

331 5536 582 5605 ἀνδρείας
611 5537 708 5608 τὴν
741 5539 1062 5611 ὑπερϐολὴν,
1089 5542 1182 5594 τοῦ
1216 5543 1435 5613 φίλτρου
1465 5541 1557 5594 τοῦ
1595 5541 1729 5610 πρὸς
1754 5541 1842 5593 τὸν
1864 5543 1997 5595 Θεὸν

331 5618 392 5670 τδ
417 5619 697 5689 διάπυρον,
738 5621 832 5673 καὶ
862 5621 1162 5693 λογίζομαι,
1189 5626 1270 5677 ὅτι
1299 5627 1477 5677 πᾶσαν
1507 5624 1614 5676 τῶν
1652 5625 1858 5694 ἀρετῶν
1896 5626 1995 5694 τὴν

336 5701 654 5772 συναγωγὴν
709 5697 790 5765 εἷς
831 5703 1112 5772 ἄνθρωπος
1168 5707 1444 5777 βουληθεὶς
1492 5705 1840 5776 κατώρθωσε·
1899 5710 1993 5761 καὶ

332 5784 490 5850 ἡμῶν
541 5784 769 5848 ἕκαστος
816 5787 934 5839 ούδέ
977 5788 1036 5840 r6
1066 5789 1226 5857 τυχὸν
1265 5789 1558 5860 κατορθοῦν
1602 5790 1865 5860 βούλεται.
1899 5791 1993 5854 Τίς

396 5886 418 5913 ⁸
444 5885 614 5937 lore].
643 5889 695 5936 ἐκ
715 5887 800 5937 τοῦ
826 5892 1140 5953 παρελθόντος.

2101 405 2194 463 οὖν
2231 413 2375 483 ἡμᾶς
2413 413 2757 483 ἐξαιρήσεται
2790 411 2888 481 τῆς
2925 409 3194 472 κολάσεως
3225 408 3323 479 τῆς
3362 408 3760 483 ἀπαραιτήτου,

2100 495 2226 547 ὅταν
2254 495 2462 566 καὶτῆς
2498 495 2823 565 αύτῆςήμῖν
2853 493 3122 548 κοινωνῶν
3149 491 3382 561 φύσεως,
3409 493 3504 544 καὶ
3531 497 3643 558 τοῖς
3672 496 3763 549 αύ-

2099 582 2212 642 τοῖς
2245 579 2471 634 πάθεσιν
2498 580 2876 650 ὑποκείμενος.
2906 580 3010 632 καῖ’
3029 580 3086 632 ἐν
3113 578 3346 648 τοσαύτῃ
3371 579 3590 648 ¹καιρῶν
3635 581 3764 633 δυσ-

2101 667 2256 738 κολίᾳ.
2283 671 2299 690 ⁶
2329 667 2587 736 γεγονὼς,
2618 667 2738 721 καθ’
2765 666 2999 736 ἐκάστην
3033 665 3264 738 ἡμέραν,
3301 666 3376 730 ώς
3407 668 3599 730 είπεῖν,
3621 667 3769 720 ἑλκό-

2106 771 2284 823 μενος,
2327 756 2787 826 σπαραττόμενος,
2811 754 2907 807 καὶ
2934 754 3165 824 δημοσίᾳ
3194 754 3488 823 συρόμενος
3520 755 3640 808 ύπὸ’
3655 756 3766 808 τῶν

2101 843 2179 913 τῷ
2221 843 2536 916 κηρύγματι
2575 843 2973 914 πολεμούντων,
3026 842 3074 895 οἳ
3109 841 3203 894 καὶ
3235 842 3554 912 νομίσαντες
3603 844 3766 896 αὑτὸν

2105 928 2361 993 πολλάκις
2387 930 2658 994 τεθνάναι,
2681 930 2798 983 τότε
2828 929 3037 995 λοιπὸν,
3071 928 3146 991 ώς
3176 929 3254 991 είς
3273 927 3432 999 ἔργον
3466 929 3767 997 ἀγαγόντες

2104 1015 2201 1084 τὴν
2233 1015 2456 1086 φονικὴν
2482 1017 2659 1069 αὐτῶν
2696 1016 2939 1087 γνώμην,
2967 1015 3110 1068 οὕτω
3141 1013 3463 1079 κατέλιπον;
3491 1015 3768 1085 ,Εὑρίσκε-

2103 1103 2192 1154 ταί
2222 1119 2305 1166 τις
2340 1104 2498 1174 ἡμῶν
2527 1103 2778 1156 τοσοῦτον
2815 1103 3044 1174 μέγεθος
3073 1101 3272 1174 ἀρετῆς
3305 1100 3766 1172 ἐπιδεικνύμενος.

2103 1187 2276 1252 οὕτως
2313 1191 2805 1252 ἀναπεπτωκότων,
2849 1191 2944 1242 καὶ
2983 1189 3216 1259 τοσαύτῃ
3261 1188 3504 1260 ῥᾳθυμίᾳ
3543 1189 3770 1254 ἑαυτοὺς

2105 1275 2511 1340 ἐκδεδωκότωνς
2551 1276 2692 1328 Ἀλλ’
2723 1277 2809 1330 ἴνα
2835 1276 2909 1346 μὴ
2933 1275 3082 1346 παρά
3109 1275 3205 1344 τῆς
3226 1275 3505 1345 ἡμετέρας
3525 1275 3769 1346 γλώττης

2105 1361 2338 1432 ἀκούητε
2385 1362 2452 1415 τὰ
2482 1362 2632 1432 παρά
2676 1363 2768 1415 τοῦ
2811 1362 3079 1433 μακαρίου
3119 1361 3306 1414 τούτου
3349 1361 3766 1433 κατορθώματα,

2106 1449 2200 1500 καὶ
2248 1449 2346 1518 τὴν
2401 1449 2670 1520 ἀνδρείαν,
2718 1451 2783 1520 ἣν
2841 1450 2978 1520 ὑπὲρ
3030 1449 3122 1503 τοῦ
3152 1450 3179 1489 δ
3209 1449 3305 1520 τῆς
3349 1449 3628 1514 εὐσεϐείας
3669 1468 3770 1521 κη·

2111 1535 2384 1604 ρύγματος
2428 1536 2548 1588 καθ’
2584 1537 2820 1605 ἑκάστην
2860 1535 3221 1601 ἐπεδείκνυτο,
3267 1538 3560 1604 ἀναγκαῖον
3601 1537 3767 1590 αὐτοῦ

2106 1621 2332 1675 ἀκοῦσαι
2355 1623 2622 1691 λέγοντος.
2674 1623 2865 1676 Ἦνίκα
2900 1623 3008 1693 γὰρ
3029 1624 3106 1687 είς
3140 1623 3383 1694 ἀνάγκην
3417 1623 3652 1693 κατέστη
3683 1624 3771 1678 διὰ

2105 1708 2203 1777 τὴν
2227 1708 2335 1761 τῶν
2367 1708 2811 1777 ψευδαποστόλων
2846 1709 3062 1778 ἀπάτην
3094 1707 3161 1760 τά
3203 1708 3403 1762 ἐαυτοῦ
3442 1708 3765 1779 διηγεῖσθαι·

2106 1788 2247 1840 οὕτω
2275 1789 2381 1860 γάρ
2409 1786 2475 1860 ἦν
2507 1790 2653 1860 αύτῷ
2681 1789 2845 1843 τοῦτο.
2866 1790 3000 1860 βαρὺ
3028 1790 3122 1842 καὶ
3141 1790 3394 1860 ἐπαχθὲς,
3422 1791 3498 1854 ώς
3528 1791 3771 1843 καὶάναο

2106 1869 2346 1934 δύεσθαι,
2379 1873 2470 1924 καὶ
2495 1872 2760 1942 μηδέποτε
2791 1871 3074 1942 βούλεσθαι
3099 1871 3270 1924 ταῦτα
3301 1873 3379 1935 είς
3407 1871 3570 1942 μέσον
3593 1872 3768 1940 άγειν,

2106 1951 2240 2004 ἀλλά
2262 1954 2358 2006 καὶ
2373 1955 2580 2024 ’τολμᾷν
2607 1955 2795 2007 ἐαυτὸν
2826 1955 3010 2008 καλεῖν
3037 1954 3375 2025 βλάσφημον,
3398 1954 3491 2007 καὶ
3512 1954 3766 2023 διώκτην’

2108 2038 2305 2111 ἐπειδη
2325 2041 2380 2093 δέ
2418 2041 2618 2111 πολλὴν
2645 2039 2749 2095 εἶδε
2775 2042 2870 2113 τὴν
2900 2043 3163 2112 ἀνάγκην,
3187 2042 3329 2114 ὑπὲρ
3345 2043 3440 2094 τοῦ
3466 2051 3488 2080 ο
3525 2041 3770 2112 ἀπορρά-

2107 2124 2205 2193 ψαι
2231 2127 2300 2179 τὰ
2329 2128 2571 2198 στόματα
2604 2128 2712 2182 τῶν
2729 2129 3077 2194 ἀπατεώνων,
3101 2130 3196 2182 καὶ
3223 2128 3422 2199 μικράν
3453 2127 3640 2182 δοῦναι
3669 2127 3769 2198 τὴν

2107 2212 2434 2284 παραψυχὴν
2454 2217 2564 2278 τοῖς
2590 2215 3074 2286 μαθητευομένοις,
3093 2215 3238 2268 οὕτω
3262 2231 3379 2278 πως
3401 2214 3602 2288 ἤρξατο
3620 2215 3768 2284 μετὰ

2105 2298 2166 2352 τὸ
2218 2299 2386 2352 πολλά
2439 2301 2598 2372 ἐτερα
2648 2303 2846 2354 εἰπεῖν’·
2882 2304 2985 2356 Ἐν
3014 2296 3142 2368 ὧδ’
3176 2302 3256 2354 ἄν
3297 2319 3387 2368 τις
3432 2298 3642 2370 τολμᾷ,
3695 2302 3768 2354 ἕν

2107 2385 2422 2453 ἀφροσύνῃ
2468 2387 2644 2456 λέγω,
2683 2386 2879 2457 τολμῶ
2919 2386 3097 2457 κάγώ.
3139 2385 3340 2439 Σκόπει
3390 2385 3568 2457 ψυχὴν
3612 2386 3767 2454 φιλό-

2109 2469 2250 2534 θεον,
2283 2472 2344 2524 ού
2379 2473 2537 2542 μόνον
2561 2473 2785 2543 τόλμαν,
2810 2472 2947 2526 άλλά
2975 2473 3070 2526 καὶ
3104 2471 3412 2543 ἀφροσύνην
3450 2472 3510 2525 r6
3531 2473 3768 2543 ’πρᾶγμα

2108 2557 2280 2620 καλεῖ,
2307 2557 2574 2611 παιδεύων
2597 2560 2743 2628 ἡμᾶς
2771 2559 2978 2629 μήποτε
3004 2557 3188 2622 ἁπλῶς
3219 2560 3344 2612 ἄνευ
3377 2558 3641 2628 ἀνάγκης,
3673 2558 3768 2611 καὶ

2111 2642 2334 2712 μηδενὸς
2392 2644 2914 2712 καταναγκάζοντος,
2962 2644 3032 2697 τά
3079 2645 3167 2712 ὑφ’
3206 2643 3361 2714 ἡμῶν
3429 2643 3770 2714 γεγενημένα

2109 2728 2500 2798 ἐκπομπεύειν,
2537 2731 2591 2783 εῐ
2617 2731 2681 2799 γέ
2701 2749 2844 2794 τινες
2882 2732 2942 2797 ἐξ
2969 2731 3126 2802 ἡμῶν
3159 2731 3431 2802 εὑρεθεῖεν
3473 2731 3676 2800 ἀγαθόν
3715 2749 3772 2784 τι

2110 2816 2492 2886 ἐργασάμενοι.
2535 2817 2636 2871 Ἐν
2665 2810 2714 2884 ᾧ
2737 2819 2792 2871 δ’
2816 2818 2895 2872 ἄν
2926 2836 3014 2885 τις
3043 2819 3254 2888 τολμᾷ,
3284 2821 3468 2891 φησιν,
3498 2821 3568 2872 ἐν
3587 2819 3771 2887 ἀφρο-

2108 2905 2267 2971 σύνῃ
2299 2903 2472 2973 λέγω,
2511 2904 2709 2974 τολμῶ
2737 2906 2915 2975 κάγώ·
2945 2906 3089 2960 τοῦτ’
3120 2907 3287 2972 ἐστιν,
3342 2907 3525 2976 ἐπειδὴ
3571 2906 3772 2977 πολλὴν

2109 2990 2218 3062 ὁρῶ
2252 2990 2348 3061 τὴν
2385 2991 2650 3060 ἀνάγκην,
2681 2993 2949 3063 τολμῆσαι
2991 2993 3269 3064 βούλομαι,
3322 2994 3415 3046 καὶ
3460 2993 3772 3065 ἀφροσύνης

2108 3077 2266 3147 ἔργον
2304 3078 2694 3143 ἐπιδείξασθαι.
2740 3080 2989 3148 Ἐϐραῖοί
3015 3083 3153 3146 εισι,
3187 3079 3364 3150 κάγώ’
3405 3079 3773 3148 Ἰσραηλῖται

2106 3166 2247 3228 εισι,
2292 3163 2468 3234 κάγώ’
2518 3164 2754 3234 σπέρμα
2793 3167 3038 3236 Ἁϐραάμ
3079 3170 3218 3230 εισι,
3257 3166 3434 3234 κάγώ.
3474 3166 3601 3220 Ἐπὶ
3645 3166 3771 3222 τού-

2107 3267 2239 3316 τοις,
2272 3253 2422 3322 φησὶ,
2459 3252 2600 3322 μέγα
2631 3253 2884 3324 φρονοῦσι
2913 3270 2928 3286 ·
2968 3255 3043 3324 μὴ
3091 3253 3458 3324 νομιζέτωσαν
3489 3253 3770 3309 λείπεσθαι

2108 3339 2272 3407 ἡμᾶς’
2323 3339 2415 3394 καὶ
2449 3339 2556 3410 γὰρ
2595 3341 2689 3394 καὶ
2735 3341 2894 3411 ἡμεῖς
2931 3340 3040 3395 τῶν
3077 3340 3254 3394 αὐτῶν
3294 3341 3611 3411 μετέχομεν.
3652 3340 3765 3413 [89]

2108 3421 2239 3476 Εἶτα
2277 3426 2544 3494 ἐπήγαγε,
2575 3426 2843 3482 Διάκονοι
2880 3427 3137 3496 Χριστοῦ
3183 3429 3322 3495 εισι,
3371 3427 3770 3498 παραφρονεῖν

2105 3509 2292 3575 λαλῶ,
2322 3513 2474 3580 ὑπὲρ
2501 3513 2635 3581 ἐγώ.

2178 3604 2249 3661 ς’.
2267 3597 2375 3652 Θέα
2401 3616 2489 3668 μοι
2507 3597 2758 3663 ἐνταῦθα,
2776 3599 3150 3671 ἀταπητέ,τοῦ
3173 3600 3441 3672 μακαρίου
3461 3599 3652 3655 τούτου
3666 3602 3769 3672 τῆς

2105 3684 2281 3757 ψυχῆς
2304 3687 2402 3756 τὴν
2419 3687 2643 3758 ἀρετήν.
2681 3688 2898 3758 Ἐπειδὴ
2925 3689 3033 3758 γάρ
3060 3688 3151 3741 καὶ
3173 3689 3376 3759 τόλμαν
3395 3689 3493 3742 καὶ
3523 3688 3766 3758 ἀφροσύ-

2105 3789 2202 3843 νην
2231 3772 2452 3826 ἐκάλεσε
2476 3773 2536 3826 :6
2562 3773 2925 3845 γεγενημένον
2955 3775 3045 3828 ὑπ’
3070 3773 3254 3838 αὑτοῦ,
3278 3774 3450 3828 καίτοι
3472 3775 3551 3839 εις
3571 3774 3769 3828 τοσαύ-

2103 3876 2203 3930 την
2224 3859 2464 3932 ἀνάγκην
2486 3861 2778 3926 καταστάς,
2803 3861 2923 3914 οὐδὲ
2951 3861 3122 3926 οὕτως
3147 3862 3388 3933 ἠρκέσθη
3416 3865 3527 3926 τοῖς
3547 3861 3767 3934 εἰρημέ-

2105 3964 2236 4010 νοιςο
2267 3947 2379 4001 ἀλλ’
2408 3949 2496 4000 ὅτε
2519 3947 2740 4018 ἔμελλεν
2773 3949 2962 4002 ἐαυτὸν
2985 3949 3256 4002 δεικνύναι
3282 3948 3458 4020 πολλῷ
3481 3949 3558 4020 τῷ
3582 3949 3766 4022 μέτρῳ

2104 4033 2343 4097 ἐκείνους
2374 4034 2880 4105 ύπερακοντίξοντα,
2924 4036 3010 4088 ῖνα
3051 4037 3125 4105 μή
3160 4053 3244 4098 τις
3278 4037 3472 4108 νομίσῃ
3511 4036 3620 4089 ἀπὸ
3649 4037 3769 4102 φιλ-

2104 4121 2295 4185 αυτίας
2320 4122 2480 4174 αὐτὸν
2504 4121 2674 4176 ταῦτα
2704 4121 3054 4190 φθέγγεσθαι,
3087 4121 3246 4174 πάλιν
3275 4121 3768 4192 ἀφροσύνηνηκαλεῖ

2103 4207 2163 4260 r6
2192 4207 2219 4247 ἀ
2256 4210 2389 4280 παρ’
2416 4208 2592 4269 αὑτοῦ,
2616 4208 2925 4279 λεγόμενον,
2968 4208 3246 4279 μονονουχὶ
3286 4208 3475 4276 λέγων·
3527 4208 3603 4279 μὴ
3661 4210 3764 4280 γάρ

2102 4294 2202 4346 ούκ
2228 4292 2367 4356 οἶδα,
2396 4295 2476 4348 ὅτι
2499 4296 2733 4366 πρᾶγμα
2773 4294 2909 4348 ποιῶ
2934 4297 3046 4358 τοῖς
3076 4293 3289 4357 πολλοῖς
3312 4294 3762 4366 προσιστάμενον,

2103 4379 2197 4432 καὶ
2225 4380 2324 4432 οὐκ
2355 4379 2477 4450 ἐμοὶ
2502 4381 2740 4451 πρέπονς
2771 4381 2886 4435 ἀλλ’
2910 4383 2944 4452 ἡ
2971 4381 3140 4453 πολλή
3180 4398 3248 4452 με
3270 4382 3482 4452 ἀνάγκη
3506 4383 3584 4444 είς
3607 4381 3765 4435 τοῦτο

2105 4465 2462 4536 συνωθήσασα
2494 4467 2823 4530 ἐκϐιάζεται·
2858 4468 2936 4521 διὸ
2959 4467 3234 4537 σύγγνωτέ
3264 4486 3372 4540 μοι,
3404 4468 3557 4539 φησὶ,
3591 4486 3764 4541 παρα-

2103 4551 2375 4621 φροσύνης
2410 4553 2629 4622 ῥήματα
2674 4553 3046 4624 φθεγγομένῳ.
3080 4554 3300 4607 Τούτου.
3325 4554 3428 4608 κάν
3465 4556 3567 4624 τὴν
3607 4555 3764 4609 σκιάν

2106 4636 2473 4708 μιμησώμεθα
2521 4640 2680 4708 ἡμεῖς
2724 4641 2773 4692 οί
2813 4639 3049 4693 τοσαῦτα
3101 4641 3297 4710 φορτία
3351 4641 3763 4711 ἁμαρτημάτων

2101 4723 2313 4793 ἔχοντες
2365 4725 2702 4794 ἐπικείμενα,
2759 4725 2853 4778 καὶ
2909 4725 3167 4788 πολλάκις
3218 4726 3276 4777 ἐν
3327 4742 3373 4777 τι
3419 4725 3591 4796 βραχὺ
3635 4745 3762 4781 κατ-

2100 4811 2412 4881 ορθοῦντες,
2447 4811 2541 4864 καὶ
2577 4810 2698 4864 οὐδέ
2728 4809 2884 4864 τοῦτο
2924 4813 3004 4874 είς
3040 4811 3108 4863 r6
3143 4811 3364 4880 ταμιεῖα
3400 4811 3497 4880 τῆς
3529 4812 3761 4876 διανοίας

2102 4897 2386 4964 φυλάττειν
2412 4896 2746 4967 ἀνεχόμενοι,
2776 4896 2910 4950 ἀλλά
2937 4896 3024 4950 διά
3046 4895 3106 4949 :6
3121 4895 3217 4966 τὴν
3251 4895 3410 4966 παρὰ.
3427 4896 3535 4948 τῶν
3556 4897 3762 4968 ἀνθρώ-

2100 4999 2220 5035 πων
2246 4983 2515 5054 θηρᾶσθαι
2539 4983 2696 5049 δόξαν
2728 4983 3186 5054 ἐκπομπεύοντες,
3222 4983 3315 5036 καὶ
3340 4983 3418 5046 είς
3443 4984 3603 5052 μέσον
3632 5001 3762 5055 προ-

2098 5069 2358 5132 τιθέντες,
2384 5071 2478 5122 καὶ
2501 5069 2588 5122 διά
2625 5067 2727 5139 τῆς
2758 5071 2984 5142 ἀκαίρου
3016 5070 3217 5134 ταύτης
3247 5071 3509 5141 φλυαρίας
3536 5073 3633 5140 τῆς
3659 5087 3762 5124 πα-

2105 5156 2171 5226 ρὰ
2196 5155 2288 5208 τοῦ
2311 5155 2444 5208 Θεοῦ
2464 5157 2694 5228 ἀμοιϐῆς
2715 5159 2941 5222 ἑαυτοὺς
2963 5157 3406 5228 ἀποστεροῦντες.
3449 5157 3585 5210 Ἀλλ’
3615 5159 3711 5226 οὐχ
3731 5161 3761 5211 6

2104 5245 2370 5314 μακάριος
2403 5237 2561 5308 οὗτος
2590 5245 2831 5298 τοιοῦτόν
2858 5264 2910 5299 τι
2937 5246 3220 5316 πέπονθεν.
3258 5243 3416 5298 ’Δλλά
3434 5244 3488 5296 τί
3511 5261 3526 5309 ;
3560 5245 3760 5298 Διάκο-

2100 5347 2190 5383 ι-οι
2214 5333 2469 5399 Χριστοῦ
2481 5336 2597 5386 εισι
2615 5345 2659 5395 ο,
2685 5351 2757 5404 φη
2765 5334 2837 5396 σὶ,
2862 5331 3256 5401 παραφρονῶν
3269 5331 3442 5401 λέγω,
3460 5331 3611 5398 ὑπὲρ
3625 5319 3758 5400 6710':-

2100 5412 2218 5469 εἶτα
2240 5417 2428 5471 λοιπὸν
2453 5419 2701 5472 ἐντεῦθεν
2725 5422 2906 5472 ἐκεῖνα
2945 5421 3023 5481 είς
3051 5419 3215 5488 μέσον
3245 5419 3390 5486 ἀγει,
3423 5412 3498 5472 ὧν
3517 5420 3566 5472 οί
3593 5419 3758 5487 ψευδ-

2098 5504 2384 5557 απόστολοι
2415 5505 2568 5557 οὐδὲν
2611 5502 2752 5576 ἦσαν
2789 5505 3229 5572 ἐπιδεδειγμένοι.
3281 5505 3402 5568 Πῶς
3435 5506 3541 5577 γάρ
3567 5507 3617 5559 οι
3666 5507 3758 5558 καὶ

2097 5593 2163 5658 τῇ
2194 5590 2420 5661 ἀληθεία
2443 5592 2822 5661 πολεμοῦντες,
2857 5593 2992 5661 πρὸς
3019 5592 3080 5644 τὸ
3112 5592 3398 5664 ἐμποδίσαι
3444 5593 3524 5662 τῷ
3547 5593 3755 5665 κηρύγ-

2160 5708 2190 5746 b
2216 5708 2296 5756 Sic
2336 5709 2416 5758 alii
2441 5716 2619 5770 prmler
2647 5709 2766 5757 Mor.
2789 5711 2872 5770 qui
2898 5709 3044 5757 habet
3068 5711 3171 5772 περὶ
3196 5709 3299 5759 τοῦ.

2164 5771 2188 5832 "_
2216 5770 2310 5832 ᾼΙιί
2355 5772 2448 5817 ὐπὸ
2488 5770 2587 5817 τοῦ.
2638 5772 2788 5819 I'aulo
2833 5777 2938 5831 post
2968 5772 3137 5818 Morel.
3187 5775 3303 5832 μετά
3327 5773 3383 5818 τὰ
3424 5770 3747 5832 «01166306.

2165 5828 2190 5864 ἀ
2211 5830 2407 5896 (ξιιίςιὶιι.
2432 5832 2700 5896 άξροσὺνην
2727 5834 2807 5896 )6)
2819 5828 2856 5878 εἷ
2882 5834 2952 5880 τό.
2977 5834 3142 5894 Aliqui
3170 5828 3527 5896 παρατροούνην
3552 5828 3750 5880 habent.

2172 5900 2196 5930 ο
2225 5889 2396 5940 Morel.
2427 5889 2635 5942 διάκονοι
2656 5896 2740 5956 γάρ
2762 5895 2869 5944 ιίσι.
