4144 6200
415 302 481 361 97
1070 264 1076 271 Ι
1190 303 1248 358 S.
1287 300 1573 360 JOANNIS
1607 299 2099 359 CHRYSOSTOMI
2138 297 2451 360 ARCHIEP.
2496 301 3039 360 CONSTANTINOP.
3774 306 3844 362 98

416 439 548 492 ματι
601 422 698 492 τῆς
751 417 1029 481 εὑσεϐείας
1083 417 1259 473 πάντα
1290 418 1765 492 διαπραττόμενοι,
1819 419 1914 472 καὶ
1966 418 2077 472 τῶν

411 507 788 578 ἀφελεστὲρων
815 504 914 568 τάς
937 505 1172 570 διανοίας
1215 523 1288 558 πα
1299 506 1715 578 ρασαλεύοντες;
1751 504 1934 559 Είπὼν
1961 503 2064 558 τοί-

408 615 526 662 νυν,
568 592 737 662 Ὑπὲρ
765 592 900 662 ἐγὼ,
930 592 1321 666 ἀπαριθμεῖται
1354 593 1538 647 λοιπὸν
1585 593 1654 647 τά
1683 593 1778 663 τῆς
1830 591 2077 668 ἀνδρείας

409 682 573 738 αὑτοῦ
598 678 1015 751 κατορθώματα,
1050 678 1143 732 καί
1169 696 1365 750 φησιν·
1411 682 1514 734 Ἐν
1547 680 1757 745 κόποις
1795 694 2077 747 περισσο-

408 771 620 838 τέρως,
665 767 736 820 ἐν
791 766 1050 835 πληγαῖς
1100 769 1618 835 ὑπερϐαλλόντως.
1667 766 1739 820 ἐν
1798 765 2076 832 θανάτοις

408 854 727 920 πολλάκις.
759 853 826 906 Τί
851 853 1065 921 λέγεις;
1105 853 1266 906 Ξένον
1312 871 1363 906 τι
1393 854 1486 906 καὶ
1521 851 1822 924 παράδοξόν
1857 855 1975 904 ἐστι
2015 852 2076 905 τὸ

408 941 562 1012 παρὰ
586 941 679 994 σοῦ
705 939 1019 1010 λεγόμενον.
1051 940 1208 992 Ἔστι
1231 939 1340 1009 γὰρ
1382 939 1642 1002 πολλάκις
1676 937 1905 992 θάνατον
1939 939 2075 991 ὑπο-

412 1033 594 1100 μεῖναι
613 1045 628 1094 ;
648 1029 776 1092 Ναὶ,
795 1028 979 1098 φησὶν,
998 1028 1044 1080 εἰ
1076 1026 1168 1080 καὶ
1193 1027 1266 1097 μὴ
1283 1029 1348 1096 τῇ
1389 1025 1576 1096 πείρᾳ,
1603 1025 1738 1078 ἀλλά
1755 1027 1821 1096 τῇ
1845 1024 2039 1095 γνώμῃ
2058 1040 2071 1054 ο

407 1117 673 1172 διδάσκων
700 1115 868 1186 ἡμᾶς,
901 1115 979 1168 ὅτι
1008 1114 1267 1175 τοιούτοις
1287 1112 1550 1182 διηνεκῶς
1584 1112 1778 1164 ἐαυτὸν
1810 1111 2076 1175 κινδύνοις

407 1203 638 1270 ἐξεδίδου
664 1203 750 1255 διὰ
772 1202 832 1255 τὸ
862 1204 1120 1272 κήρυγμα
1151 1203 1263 1261 τοῖς
1294 1199 1522 1252 θάνατον
1575 1197 1725 1268 αὑτῷ
1775 1198 2073 1260 τίκτουσιν,

408 1291 524 1344 ἀλλ’
549 1292 582 1360 ἡ
611 1289 704 1341 τοῦ
733 1287 869 1341 θεοῦ
899 1289 1059 1358 χάρις
1112 1289 1170 1340 ἐν
1198 1287 1379 1348 αὑτοῖς
1441 1286 1626 1356 μέσοις
1667 1286 1779 1348 τοῖς
1811 1283 2073 1348 κινδύνοις

407 1380 498 1433 τὸν
534 1377 772 1448 ἀθλητὴν
812 1375 1184 1444 διεφύλαττεν,
1247 1375 1387 1427 ὥστε
1445 1375 1556 1436 τοῖς
1608 1373 2074 1444 μαθητευομένοις

406 1465 609 1535 πολλὴν
649 1465 895 1533 γίνεσθαι
933 1463 1076 1533 παρ’
1108 1459 1270 1514 αὑτοῦ
1298 1461 1394 1530 τὴν
1424 1460 1712 1528 ὠφέλειαν.
1771 1461 1873 1512 Ἐν
1903 1458 2073 1514 θανά-

406 1570 553 1622 τοις,
579 1551 733 1622 φησὶ,
777 1548 1068 1614 πολλάκις
1092 1565 1103 1576 ·
1138 1547 1257 1602 ὑπὸ
1296 1546 1601 1601 Ἰουδαίων
1631 1545 1912 1610 πεντάκις
1939 1560 2072 1599 τεσ-

407 1637 751 1705 σαράκοντα
798 1634 958 1702 παρὰ
1004 1635 1154 1703 μίαν
1195 1633 1443 1696 ἔλαϐον,
1484 1633 1612 1700 τρίς
1654 1631 2069 1700 ἐρῤαόδίσθην,

407 1725 570 1790 ἅπαξ
592 1723 942 1790 ἐλιθάσθην,
989 1722 1114 1790 τρίς
1159 1721 1538 1790 ἐναυάγησα,
1595 1719 1973 1792 νυχθήμερον
2002 1722 2072 1776 ἐν

408 1812 488 1879 τῷ
508 1811 680 1878 ,ϐυθῷ
711 1811 1028 1877 πεποίηκα,
1048 1809 1410 1876 ὁδοιπορίαις
1429 1807 1743 1874 πολλάκις,
1769 1810 2072 1876 κινδύνοις

407 1898 710 1968 ποταμῶν,
753 1896 1060 1962 κινδύνοις
1086 1894 1351 1963 λῃστῶν,
1382 1896 1687 1962 κινδύνοις
1723 1897 1791 1950 ἐκ
1835 1897 2069 1966 γένους,

407 1987 712 2052 κινδύνοις
749 1984 812 2048 ἐξ
866 1985 1086 2046 ἐθνῶν,
1135 1983 1437 2048 κινδύνοις
1489 1983 1562 2036 ἐν
1595 1983 2069 2053 ψευδαδέλφοις,

407 2074 714 2139 κινδύνοις
734 2073 804 2126 ἐν
830 2073 1103 2136 πόλεσιν,
1139 2070 1440 2136 κινδύνοις
1464 2070 1534 2122 ἐν
1584 2070 1793 2140 ἐρημίᾳ
1815 2110 1832 2137 ,
1873 2071 2073 2127 κινδύ-

405 2181 538 2231 νοις
563 2164 633 2217 ἐν
655 2160 959 2228 θαλάσσῃ.
989 2159 1081 2230 Μὴ
1124 2158 1320 2230 ,ἁπλῶς
1369 2159 1823 2230 παρατρέχωμεν,
1859 2161 2070 2232 ἀγαπη-

405 2254 508 2314 τοὶ,
534 2251 604 2305 τὰ
626 2247 920 2320 εἰρημένα·
948 2247 1178 2300 ἕκαστον
1205 2245 1313 2316 γὰρ
1345 2246 1547 2300 τούτων
1573 2246 1693 2298 καθ’
1718 2247 1877 2299 ἐαυτδ
1912 2248 2071 2317 μόνον

405 2335 640 2402 πέλαγος
674 2335 806 2402 ἡμῖν
832 2329 1176 2383 ὑποδείκνυσι
1207 2328 1547 2400 πειρασμῶν.
1583 2329 1715 2382 Οὑδέ
1743 2329 1848 2401 γὰρ
1886 2330 2071 2394 ἁπλῶς

403 2414 708 2484 ὁδοιπορίαν
738 2412 867 2482 μίαν
893 2407 1078 2464 εἶπεν·
1137 2409 1283 2472 ἀλλ’,
1321 2410 1699 2480 ὐδοιπορίαις,
1747 2413 1898 2481 φησὶ,
1942 2413 2067 2464 πολ⁸

403 2498 562 2560 λακις
580 2514 592 2526 ’
633 2494 753 2547 οὑδὲ
782 2493 1020 2546 κίνδυνον
1053 2492 1334 2562 ποταμῶν,
1355 2492 1488 2545 ἀλλά
1519 2493 1744 2555 πολλοὺς
1765 2495 1859 2545 καὶ
1884 2494 2069 2563 διαφό-

407 2595 533 2650 ρους
559 2575 858 2638 κινδύνους,
904 2575 998 2627 καὶ
1029 2574 1208 2626 πάντα
1238 2573 1374 2642 μετὰ
1416 2574 1614 2643 πολλῆς
1641 2575 1738 2643 τῆς
1765 2575 2069 2646 ὑπερϐολῆς

404 2659 684 2729 ὑπέμεινε.
713 2657 824 2708 Kal
855 2655 994 2726 μετά
1031 2654 1204 2706 ταῦτα
1251 2654 1364 2725 [90]
1399 2657 1614 2710 ἅπαντα
1651 2655 1808 2710 πάλιν
1862 2657 2023 2726 φησίν
2049 2675 2063 2687 ι

415 2741 512 2793 Ἐν
544 2740 707 2802 κόπῳ
741 2737 841 2791 καὶ
893 2737 1119 2806 μόχθῳ,
1144 2735 1216 2790 ἐν
1253 2738 1610 2806 ἀγρυπνίαις
1653 2737 1966 2803 πολλάκις,
1998 2739 2069 2792 ἐν

394 2823 553 2895 λιμῷ
576 2825 673 2878 καὶ
715 2823 898 2891 δίψει,
941 2823 1012 2876 ἐν
1045 2822 1352 2889 νηστείαις
1397 2823 1733 2887 πολλάκις,
1766 2823 1835 2877 ἐν
1885 2827 2066 2894 ψύχει

401 2908 501 2963 καί
531 2908 869 2977 γυμνότητι,
897 2905 1075 2976 χωρὶς
1105 2905 1223 2958 τῶν
1245 2905 1556 2972 παρεκτός.

471 2991 536 3056 ζ’.
563 2991 706 3060 Ὅρα
731 2989 892 3042 πάλιν
921 2988 1048 3042 ἄλλο
1075 2987 1308 3056 πέλαγος
1342 2990 1475 3058 ἡμῖν
1505 2987 1828 3059 πειρασμῶν
1854 2989 2067 3058 ἀνοιγό-

403 3088 582 3142 μενον.
613 3069 796 3124 Εἰπὼν
821 3069 948 3141 γὰρ.
973 3071 1154 3141 Χωρίς
1178 3067 1285 3122 τῶν
1313 3068 1603 3140 παρεκτὸς,
1636 3067 1854 3139 ᾐνίξατο
1885 3070 1965 3122 δτι
1997 3070 2066 3125 τά

399 3152 844 3225 παραλειφθέντα
873 3152 1094 3204 πλείονα
1118 3152 1264 3215 εἰκὸς
1295 3148 1435 3204 εἶναι
1461 3151 1572 3204 τῶν
1601 3151 1924 3222 εἰρημένων.
1955 3154 2064 3206 Kal

399 3237 522 3291 οὑδέ
550 3236 712 3306 μέχρι
739 3235 927 3288 τούτου
954 3234 1107 3305 ἔστη,
1144 3234 1280 3288 ἀλλά
1309 3235 1469 3288 πάλιν
1513 3235 1657 3304 ἡμᾶς
1687 3234 1922 3288 διδάσκει
1963 3235 2064 3298 τάς

399 3324 804 3386 ἐπισυστάσεις,
830 3321 1049 3386 καὶτὰς
1101 3321 1408 3393 συστροφὰς
1447 3321 1511 3385 ἀς
1561 3321 1874 3391 ὑπέμεινεν,
1919 3321 2064 3375 οὑτω

398 3407 572 3475 λέγων
598 3423 613 3438 ο
660 3409 720 3462 Ἠ
750 3406 1158 3471 ἐπισύστασίς
1187 3421 1306 3476 μου
1357 3405 1395 3472 ἡ
1453 3404 1582 3458 καθ’
1616 3403 1862 3472 ἡμέραν,
1896 3405 1935 3471 ἡ
1959 3405 2064 3473 μέ-

389 3509 576 3562 ριμνα
603 3492 816 3546 πασῶν
837 3492 955 3546 τῶν
1000 3489 1392 3559 Ἐκκλησιῶν.
1437 3491 1567 3544 ’1δοὺ
1596 3491 1758 3545 πάλιν
1784 3491 1878 3544 καὶ
1903 3491 2062 3544 τοῦτο

399 3581 582 3635 ἰκανὸν
612 3579 966 3650 κατόρθωμα,
992 3580 1042 3631 εἰ
1074 3580 1170 3632 καὶ
1212 3579 1372 3648 μόνον
1428 3578 1706 3648 τυγχάνει,
1757 3579 1838 3641 εἰς
1891 3578 2060 3650 αὑτὴν

394 3669 559 3722 αὑτὸν
585 3669 878 3736 ἐναγαγείν
941 3665 1044 3736 τὴν
1075 3666 1252 3735 ἄκραν
1299 3665 1542 3736 κορυφὴν
1569 3665 1668 3734 τῆς
1711 3665 1941 3736 ἀρετῆς·
1995 3666 2061 3720 Ἡ

388 3755 666 3826 μέριμνα,
697 3754 850 3822 φησὶ,
882 3753 1098 3806 πασῶν
1124 3751 1243 3805 τῶν
1300 3751 1694 3818 Ἐκκλησιῶν,
1734 3752 1852 3822 οὑχὶ
1908 3754 2056 3822 μιᾶς,

395 3843 491 3895 καὶ
512 3841 624 3904 δύο,
651 3841 745 3893 καὶ
763 3838 952 3909 τριῶν,
987 3837 1123 3891 ἀλλὰ
1151 3837 1340 3890 πασῶν
1372 3836 1480 3888 τῶν
1513 3837 1654 3890 κατά
1676 3838 1773 3907 τὴν
1803 3839 2056 3908 οἰκουμέ-

392 3943 512 3997 νην.
547 3927 720 3996 Ὄσην
749 3924 858 3995 γὰρ
878 3925 1026 3994 ἥλιος
1045 3922 1317 3993 διατρέχει
1348 3922 1450 3992 γῆν
1480 3923 1578 3986 τάς
1602 3921 1806 3985 οἰκείας
1835 3924 2058 3988 ἀκτῖνας

391 4013 593 4083 ἀφιεὶς,
609 4011 876 4081 τοσαύτην
903 4011 998 4065 καὶ
1016 4013 1044 4064 ό
1066 4012 1334 4082 μακάριος
1355 4005 1510 4074 οὗτος
1530 4007 1644 4080 εἶχε
1666 4009 1764 4080 τὴν
1786 4011 2056 4082 μέριμναν

391 4100 615 4170 καὶσὴν
662 4098 938 4170 φροντίδα.
975 4093 1130 4160 Εἶδες
1162 4097 1363 4159 πλάτος
1397 4095 1602 4166 ψυχῆςς
1633 4091 1773 4159 εῐδες
1823 4095 2056 4159 διανοίας

393 4186 650 4258 μέγεθοςς
673 4187 784 4240 Kal
812 4185 874 4238 τὸ
902 4183 1028 4254 ἑξῆς
1058 4184 1115 4236 δὲ
1143 4184 1481 4254 ἐπαγόμενον
1519 4182 1680 4248 πάλιν
1715 4182 1950 4247 ἅπαντα,
1979 4184 2056 4248 ὡς

389 4261 666 4332 εἰπεῖν,τά
677 4271 797 4339 είρη
807 4269 940 4338 μένα
957 4267 1357 4337 ἀποκρύπτειι.
1380 4267 1472 4332 Τίς
1494 4268 1602 4337 γὰρ
1620 4268 1878 4332 ἀσθενεῖ,
1899 4269 2052 4341 φησί,

387 4357 489 4410 καὶ
535 4358 647 4410 οὐκ
708 4353 988 4417 ἁσθενῶ;
1053 4354 1145 4418 τίς
1213 4354 1702 4420 σκανδαλίζεται,
1774 4356 1874 4409 καί
1943 4359 2052 4411 οὐκ

385 4442 502 4513 ἐγὼ
549 4441 880 4509 πυροῦμαι;
940 4439 1150 4504 Βαϐαὶ,
1195 4440 1335 4510 πόση
1388 4440 1484 4494 τοῦ
1536 4443 1728 4513 ἀνδρὸς
1782 4443 1972 4497 τούτου
2019 4446 2052 4514 ή

387 4527 767 4600 φιλοστοργίαν
793 4526 936 4596 πόση
986 4527 1019 4596 ή
1063 4527 1338 4598 ἀγρυπνία
1358 4545 1370 4558 ο
1401 4528 1540 4599 πόση
1564 4529 1596 4598 ἡ
1624 4529 1883 4600 μέριμνα,
1918 4531 2054 4585 Ποία

389 4617 573 4687 μήτηρ
591 4613 732 4668 οὑτω
757 4613 1105 4669 διακόπτεται
1134 4613 1202 4667 τὰ
1235 4613 1514 4684 σπλάγχνα
1539 4615 1634 4669 τοῦ
1673 4615 1860 4679 παιδὸς
1883 4618 2054 4688 αὑτῆς

384 4702 761 4774 πυρέττοντος,
798 4702 896 4755 καὶ
915 4701 1008 4755 ἐπὶ
1031 4702 1130 4773 τῆς
1151 4700 1340 4772 κλίνης
1376 4703 1652 4774 κειμένου,
1682 4703 1759 4767 ὡς
1807 4705 1837 4758 ὁ
1873 4706 2051 4774 μακά-

387 4806 500 4862 ριος
537 4781 691 4852 οὗτος
716 4789 855 4858 ὑπὲρ
877 4788 986 4842 τῶν
1011 4790 1070 4842 ἐν
1097 4789 1312 4858 ἑκάστῳ
1338 4790 1488 4860 τόπῳ
1516 4789 1885 4845 ἀσθενούντων
1914 4793 2052 4862 μᾶλ-

381 4873 474 4926 λον
502 4870 742 4941 ἠσθένει,
777 4870 873 4924 καί⁵
896 4871 1038 4941 ὑπὲρ
1059 4870 1168 4924 τῶν
1203 4871 1704 4940 σκανδαλιζομένων
1734 4874 2002 4944 ἐπυροῦτο
2032 4892 2047 4940 ;

383 4958 580 5011 Σκόπει
606 4957 715 5026 γάρ
743 4974 834 5027 μοι
859 4955 1057 5020 λέξεως
1085 4957 1342 5026 ἔμφασιν.
1379 4958 1492 5010 Οὑκ
1522 4953 1665 5021 εἷπε,
1691 4959 1778 5022 τίς
1818 4961 2047 5014 σκανδα-

382 5039 611 5105 λίζεται,
633 5039 730 5092 καὶ
753 5039 853 5092 οὑκ
879 5037 992 5106 ἐγὼ
1020 5037 1326 5108 λυποῦμαι;
1358 5039 1494 5093 ἀλλά
1522 5039 1826 5108 Πυροῦμαι
1844 5078 1860 5104 ,
1890 5046 2044 5112 φησὶ,

379 5126 480 5198 τὴν
527 5127 779 5180 ἐπίτασιν
809 5125 944 5195 ήμῖν
998 5124 1097 5194 τῆς
1153 5123 1344 5193 ὀδύνης
1396 5124 1591 5196 δηλῶν,
1629 5127 1721 5179 καὶ
1766 5133 2046 5199 μονονουχὶ

378 5211 591 5276 δεικνὺς
623 5210 1056 5285 ἐμπυριζόμενον
1085 5211 1296 5273 ἐαυτὸν,
1351 5211 1445 5265 καὶ
1497 5213 1784 5281 καιόμενον
1835 5215 2043 5267 ἔνδοθεν

379 5299 521 5370 ὑπὲρ
550 5298 657 5351 τῶν
684 5297 753 5349 τὰ
784 5295 1058 5350 σκάνδαλα
1086 5296 1484 5365 ὑπομενόντων.
1510 5295 1643 5352 Οἶδα
1669 5301 1750 5352 ὄτι
1773 5302 1852 5364 εἰς
1905 5301 2039 5354 πολὺ

381 5385 556 5453 μῆκος
594 5381 832 5448 ἐξέτεινα
883 5381 982 5451 τὴν
1042 5381 1424 5447 διδασκαλίαν,
1455 5384 1750 5438 καὶταῦτα
1789 5403 2038 5459 προῃρη-

380 5467 538 5536 μένος
561 5468 797 5537 σήμερον
819 5467 1111 5529 συστεῖλαι,
1131 5466 1216 5518 ἵνα
1235 5467 1428 5537 μικρὸν
1453 5470 1516 5521 ἐκ
1545 5469 1638 5522 τοῦ
1662 5469 1763 5541 τῆς
1785 5474 2038 5542 νηστείας

376 5550 538 5604 πόνου
568 5549 822 5621 ἀνεθῆναι
848 5549 1110 5620 δυνηθῆτε
1132 5569 1144 5580 ·
1178 5549 1290 5603 ἀλλ’
1315 5551 1416 5604 οὑκ
1464 5548 1556 5606 οἷδ’
1595 5554 1742 5618 ὅπως
1780 5557 2035 5626 ἐμπεσὼν

375 5641 454 5702 είς
483 5639 572 5692 τδν
601 5637 834 5694 πλοῦτον
853 5637 960 5690 τῶν
1008 5638 1452 5710 κατορθωμάτων
1497 5640 1590 5694 τοῦ
1624 5642 1777 5710 ἁγίου
1819 5643 2030 5709 τούτου,

376 5727 624 5800 καθάπερ
680 5726 782 5779 ὑπὸ
833 5725 1010 5798 ῥύμης
1063 5727 1269 5782 ὑδάτων
1305 5728 1704 5801 σφοδροτάτης,
1741 5729 1882 5784 οὑτω
1935 5731 2031 5802 τὴν

435 5871 461 5902 ⁸
485 5870 652 5920 Morel.
679 5871 1080 5934 ὑπυκρύπτει,αὶὶί
1100 5883 1271 5923 omnes
1296 5871 1608 5934 ἀποκρύπτει.

2186 419 2432 488 γλῶτταν
2454 415 2789 490 παρεσύρην.
2808 419 2898 473 Διδ
2925 419 3082 490 μέχρι
3107 417 3295 471 τούτου
3321 417 3525 489 στήσας
3551 416 3645 472 τὸν
3666 417 3843 488 λόγον,

2184 505 2487 576 παρακαλῶ
2510 506 2611 578 τὴν
2653 506 2923 578 ὑμετέραν
2977 505 3195 576 ἀγάπην
3227 504 3490 576 διηνεκῶς
3540 504 3735 558 τοῦτον
3785 505 3844 558 ἐν

2183 591 2389 663 διανοίᾳ
2420 593 2756 665 περιφέρειν,
2810 593 2904 646 καὶ
2933 591 3090 646 τοῦτο
3119 590 3430 662 λογίζεσθαι
3469 590 3727 662 συνεχῶς,
3761 592 3843 645 δτι

2183 682 2281 750 τῆς
2313 681 2484 751 αὑτῆς
2507 682 2638 751 ἡμῖν
2672 681 2943 734 κοινωνῶν
2966 679 3200 749 φύσεως,
3255 682 3348 733 καὶ
3379 681 3491 743 τοῖς
3518 680 3703 743 αὐτοῖς
3735 679 3843 734 πά-

2183 768 2332 823 θεσιν
2361 770 2738 841 ὑποκείμενος,
2774 771 2867 824 καὶ
2896 769 3234 841 ἐπιτήδευμα
3294 767 3433 839 ἔχων
3480 769 3694 831 εὑτελὲς
3749 771 3846 824 καὶ

2182 856 2674 928 εὐκαταφρόνητον,
2709 859 2800 911 καὶ
2850 857 3094 928 δέρματα
3140 856 3380 924 ρἁτων,
3415 857 3508 909 καὶ
3550 857 3644 908 ἐπὶ
3680 857 3844 927 ἐργα-

2184 945 2407 1014 στηρίου
2443 945 2708 1015 ἑστηκὼς,
2739 943 2926 1015 ἐπειδὴ
2956 943 3228 1014 ἠϐουλήθη
3277 943 3371 996 καὶ
3416 942 3649 1014 ἠθέλησε
3707 943 3844 1014 πρὸς

2181 1031 2304 1095 τοὺς
2341 1033 2441 1102 τῆς
2494 1033 2697 1104 ἀρετῆς
2745 1034 2938 1096 πόνους
2977 1033 3166 1085 ἐαυτὸν
3222 1031 3489 1093 ἐκδοῦναι,
3543 1032 3640 1084 καὶ
3693 1031 3843 1098 ἄξιον

2183 1119 2370 1172 ἐαυτὸν
2397 1122 2736 1189 καταστῆσαι
2760 1120 2860 1187 τῆς
2884 1120 3148 1190 ὑποδοχῆς
3179 1117 3274 1171 τοῦ
3308 1117 3463 1185 ἀγίου
3499 1117 3835 1188 Πνεύματος,

2179 1205 2567 1277 δαψιλεστέρας
2604 1206 2883 1277 ἀπήλαυσε
2933 1206 3035 1275 τῆς
3089 1204 3295 1260 ἀνωθεν
3345 1204 3676 1274 φιλοτιμίας.
3727 1206 3836 1258 Kal

2180 1293 2341 1362 ἡμεῖς
2366 1293 2566 1358 τοίνυν,
2602 1293 2699 1347 ἐάν
2735 1292 3086 1363 βουληθῶμεν
3119 1292 3186 1345 τὰ
3217 1295 3346 1364 παρ’
3383 1291 3592 1346 ἑαυτῶν
3637 1292 3840 1345 ἐπιδεί-

2180 1378 2392 1445 ξασθαι,
2427 1381 2580 1434 οὑδέν
2599 1381 2660 1434 τὸ
2693 1380 2900 1434 κωλύον
2926 1380 3037 1433 τῶν
3069 1379 3252 1434 αὑτῶν
3310 1380 3456 1451 ἡμᾶς
3511 1380 3837 1434 ἀπολαῦσαι.

2177 1465 2462 1537 Φιλότιμος
2490 1467 2598 1538 γὰρ
2624 1470 2653 1522 ό
2674 1468 2971 1539 Δεσπότης,
3007 1467 3099 1520 καὶ
3141 1468 3429 1521 Βούλεται
3459 1466 3689 1533 πάντας
3737 1467 3840 1521 άν-

2179 1550 2448 1619 θρώπους
2467 1553 2757 1622 σωθῆναι,
2793 1553 2892 1607 καὶ
2936 1555 3024 1619 είς
3052 1552 3380 1622 ἐπίγνωσιν
3421 1553 3705 1619 ἀληθείας
3734 1553 3837 1606 έλ-

2177 1638 2322 1693 θεῖν.
2395 1640 2606 1706 Ἀξίους
2658 1640 2840 1694 τοίνυν
2896 1641 3122 1702 ἑαυτοὺς
3171 1640 3690 1709 κατασκευάσωμεν,
3740 1639 3838 1692 καὶ

2180 1725 2316 1794 μετά
2376 1726 2686 1798 προθυμίας
2729 1725 2960 1795 ζεούσης
2999 1727 3097 1796 τῆς
3133 1726 3333 1796 ἀρετῆς
3381 1725 3480 1795 όψέ
3525 1725 3654 1794 γοῦν
3705 1742 3835 1779 ποτε

2176 1811 2562 1882 ἐπιλαδὼμεθα
2589 1853 2604 1879 ,
2643 1813 2736 1867 καὶ
2788 1812 2897 1866 τῶν
2924 1813 2982 1865 ἐν
3017 1813 3150 1883 ήμῖν
3206 1811 3392 1866 παθῶν
3424 1811 3522 1880 τὴν
3555 1810 3837 1879 διόρθωσιν

2177 1898 2570 1969 ἐπιδειξάμενοι
2605 1897 2938 1969 ἐπιτηδείους
2969 1899 3196 1961 ἑαυτοὺς
3239 1895 3686 1968 ἀπεργασώμεθα
3710 1895 3831 1968 [91]

2177 1985 2312 2054 πρὸς
2335 1984 2431 2055 τήν
2459 1984 2552 2038 τοῦ
2583 1984 2900 2056 Πνεύματος
2925 1984 3190 2054 ὑποδοχήν
3219 2001 3228 2016 ⁸
3262 1979 3330 2055 ἧς
3381 1983 3590 2052 γένοιτο
3627 1983 3836 2048 πάντας

2175 2073 2323 2144 ἡμᾶς
2352 2071 2682 2143 ἀξιωθῆναι,
2715 2073 2898 2144 χάριτι
2921 2073 3015 2126 καὶ
3056 2071 3438 2142 φιλανθρωπίᾳ
3482 2069 3576 2123 τοῦ
3628 2070 3832 2138 Κυρίου

2177 2159 2332 2229 ήμῶν
2366 2158 2538 2229 Ἰησοῦ
2565 2159 2820 2230 Χριστοῦ,
2854 2158 2973 2230 μεθ’
2997 2153 3064 2228 οὗ
3091 2157 3166 2228 τῷ
3192 2158 3383 2228 Πατρὶ,
3406 2159 3524 2227 ἅμα
3571 2156 3647 2227 τῷ
3694 2157 3834 2227 ἁγίῳ

2171 2245 2472 2315 Πνεύματι,
2508 2246 2655 2312 δόξα,
2678 2246 2898 2316 κράτος,
2931 2245 3088 2316 τιμὴ,
3119 2243 3212 2298 νῦν
3235 2245 3327 2298 καὶ
3348 2244 3434 2297 ἀεὶ
3469 2244 3561 2298 καὶ
3600 2244 3678 2307 εἰς
3707 2243 3834 2307 τοὺς

2176 2332 2376 2396 αἰῶνας
2403 2331 2509 2386 τῶν
2534 2333 2765 2388 αἰώνων.
2806 2333 2997 2403 Ἀμήν.

2821 2473 3061 2525 OMIAIA
3093 2471 3186 2524 IB'.

2176 2597 2278 2660 Εἰς
2304 2593 2376 2646 τὰ
2401 2592 2702 2648 ἀκόλουθα
2743 2590 2850 2658 τῆς
2883 2592 3160 2662 κτίσεως·
3176 2661 3180 2662 ν
3199 2612 3217 2642 ι
3248 2594 3413 2660 Αὕτη
3438 2595 3477 2661 ἠ
3495 2595 3712 2658 ,ϐίϐλος
3734 2611 3831 2662 71'-

2242 2663 2466 2729 νέσεως
2491 2662 2749 2733 οὐρανοῦ
2775 2678 2837 2715 τε
2851 2662 2960 2733 ,καί
2984 2661 3144 2733 γῆς,
3161 2661 3258 2717 ὅτε
3284 2663 3612 2733 ἐγένετοχῇ
3643 2661 3831 2733 ἡμέρᾳ

2241 2733 2530 2800 ἐποίησεν
2563 2735 2594 2787 ό
2627 2731 2766 2796 Θεὸς
2801 2731 2908 2784 τὸν
2934 2731 3194 2799 οὐρανὸν
3223 2731 3331 2786 καί
3356 2737 3469 2801 τὴν
3500 2731 3633 2802 γῆν.
3664 2753 3684 2785 ι

2242 2877 2310 2924 α’.
2325 2869 2460 2941 Φέρε
2481 2869 2544 2939 δὴ
2570 2870 2807 2940 σήμερον
2830 2868 3206 2941 πληρώσωμεν
3223 2870 3254 2940 ή
3263 2871 3376 2940 μῶν
3395 2870 3493 2942 τὴν
3515 2871 3827 2942 ὑπόσχεσιν,

2173 2959 2268 3010 καὶ
2294 2957 2392 3027 τῆς
2427 2956 2688 3027 συνήθους
2716 2956 2979 3027 ἁψώμεθα
3005 2956 3369 3022 διδασκαλίας,
3397 2958 3491 3010 καὶ
3515 2960 3580 3028 τῇ
3606 2958 3829 3012 ἀκολου-

2171 3045 2262 3116 θίᾳ
2297 3045 2405 3098 τῶν
2438 3044 2628 3115 πρῴην
2666 3045 2972 3115 εἰρημένων
3006 3044 3329 3114 συνάψωμεν
3360 3047 3450 3098 καὶ
3474 3045 3541 3100 τὰ
3569 3045 3826 3116 μέλλοντα

2171 3129 2266 3184 νῦν
2292 3131 2642 3202 ῥηθήσεσθαι,
2691 3133 2836 3184 Ἴστε
2866 3129 2997 3202 γὰρ,
3050 3131 3133 3184 ὅτι
3163 3133 3256 3185 καὶ
3280 3131 3422 3198 ἀπαξ
3457 3132 3552 3186 καὶ
3575 3133 3828 3204 δεύτερον

2171 3218 2494 3282 σπεύδοντας
2514 3219 2681 3289 ἡμᾶς,
2698 3218 2792 3271 καὶ
2819 3217 3172 3288 βουλομένους
3192 3217 3348 3272 τοῦτο
3369 3218 3614 3290 ποιῆσαι,
3636 3221 3670 3292 ή
3695 3220 3828 3291 περὶ

2167 3309 2292 3369 τοὺς
2339 3305 2602 3374 ἀδελφοὺς
2646 3305 2772 3369 τοὺς
2811 3305 3111 3376 ἡμετέρους
3156 3305 3381 3376 πρόνοια
3433 3307 3531 3378 τὴν
3577 3306 3826 3376 γλῶτταν

2167 3393 2300 3464 ήμῖν
2332 3394 2413 3456 εἰς
2438 3393 2539 3462 τὴν
2572 3392 2708 3463 πρὸς
2736 3392 2976 3454 ἐκείνους
3003 3391 3323 3462 παραίνεσιν
3355 3395 3648 3464 μετήγαγε.
3685 3395 3823 3448 Ποτὲ

2171 3481 2270 3550 μὲν
2294 3479 2402 3551 γὰρ
2429 3479 2556 3543 τοὺς
2583 3479 2941 3550 νενοσηκότας
2964 3478 3070 3532 τῶν
3107 3478 3371 3548 ἀδελφῶν,
3418 3481 3512 3534 καὶ
3542 3482 3629 3537 διά
3659 3500 3823 3553 συνη-

2166 3567 2317 3631 θείας
2373 3565 2642 3638 πρόληψιν
2694 3563 3088 3635 ἀποσχίζοντας
3142 3567 3366 3630 ἐαυτοὺς
3413 3567 3508 3620 τοῦ
3563 3569 3822 3638 συλλόγου

2163 3653 2352 3708 τούτου
2391 3653 2485 3708 τοῦ
2538 3652 2937 3725 πνευματικοῦ,
2990 3655 3083 3707 καί
3130 3653 3227 3724 τήν
3276 3656 3469 3725 ήδονήν
3508 3656 3607 3726 τῆς
3658 3659 3824 3726 ἁγίας

2165 3741 2359 3812 ἐορτῆς
2386 3741 2414 3781 b
2442 3743 2574 3812 ἡμῖν
2604 3740 3134 3812 ἀκρωτηριάξοντας,
3165 3742 3252 3796 διὰ
3281 3744 3376 3813 τῆς
3406 3743 3607 3813 πολλῆς
3642 3761 3819 3816 παραυ

2164 3828 2406 3899 κλήσεως
2434 3827 2529 3879 καὶ
2554 3827 2858 3897 συμϐουλῆς
2885 3827 3195 3898 ἐπείθομεν,
3237 3828 3312 3900 μὴ
3343 3829 3434 3883 ἐπὶ
3471 3831 3606 3883 πολὺ
3650 3830 3817 3901 χωρίοι

2163 3915 2275 3979 ζειν
2301 3915 2523 3976 ἐαυτοὺς
2551 3915 2650 3983 τῆς
2687 3913 2780 3967 τοῦ
2818 3914 3054 3984 Χριστοῦ
3099 3914 3354 3986 ποίμνης,
3400 3916 3533 3987 μηδὲ
3575 3915 3679 3980 ἔξω
3719 3916 3815 3970 τοῦ

2165 3998 2333 4070 οηκοῦ
2375 3997 2563 4051 τούτου
2603 3998 2696 4051 τοῦ
2745 4000 3114 4068 πνευματικοῦ
3139 3999 3458 4062 πλανᾶσθαι,
3490 4001 3581 4056 καὶ
3607 4002 3685 4073 τῷ
3719 4003 3820 4072 μὲν

2162 4085 2304 4157 λόγῳ
2331 4085 2427 4138 καὶ
2452 4081 2529 4153 τῷ
2555 4083 2778 4152 ὀνόματι
2823 4084 2954 4153 ἡμῖν
2979 4083 3239 4153 ἡνῶσθαι,
3261 4087 3328 4156 τῇ
3352 4085 3406 4138 δὲ
3427 4087 3651 4159 ἀληθείᾳ
3691 4090 3819 4142 ’1ουο

2160 4173 2331 4234 δαίοις
2349 4169 2763 4224 κατακολουθεῖν
2796 4171 2908 4233 τοῖς
2930 4169 3024 4222 ἐπὶ
3053 4172 3120 4242 τῇ
3158 4173 3283 4242 σκιᾷ
3313 4172 3816 4245 παρακαθημένοις,

2162 4260 2256 4313 καὶ
2287 4256 2364 4327 τῷ
2393 4255 2572 4326 λύχνῳ
2621 4255 3079 4326 προσηλωμένας,
3119 4258 3256 4328 μετά
3288 4257 3384 4330 τὴν
3419 4258 3684 4330 ἐλλαμψιν
3719 4263 3816 4316 τοῦ

2161 4349 2256 4419 τῆς
2289 4345 2631 4416 δικαιοσύνης
2657 4344 2806 4414 ήλίου
2827 4359 2841 4373 ’
2872 4345 2999 4397 ποτέ
3020 4345 3077 4399 δὲ
3103 4346 3210 4399 τῶν
3235 4347 3464 4402 ἐνταῦθα
3489 4349 3818 4422 συλλεγομέ-

2160 4451 2266 4490 νων
2289 4435 2413 4498 τοὺς
2431 4434 2707 4504 ἀμυήτους
2729 4432 3174 4502 παρεκαλέσαμεν
3199 4435 3516 4506 ἐπιδραμεῖν
3537 4439 3600 4508 τῇ
3623 4438 3814 4508 κλήσει

2161 4525 2228 4591 τῇ
2263 4522 2626 4589 πνευματικῇ,
2659 4519 2752 4572 καὶ
2782 4519 2956 4571 πάντα
2987 4517 3176 4582 ὕπνον,
3207 4521 3304 4574 καὶ
3333 4523 3512 4575 πᾶσαν
3543 4522 3813 4594 ρᾳθυμίαν

2161 4605 2680 4675 ἀποτιναξαμένους,
2709 4604 2858 4674 πόθῳ
2881 4603 3076 4669 ζέοντι,
3117 4605 3210 4660 καὶ
3257 4605 3533 4678 προθυμίᾳ
3563 4624 3814 4664 συντετα-

2162 4695 2298 4767 μένῃ
2323 4692 2570 4762 ἑτοίμους
2599 4692 2824 4754 ἑαυτοὺς
2846 4691 2980 4761 πρὸς
3000 4691 3096 4762 τήν
3122 4691 3385 4763 ὑποδοχήν
3404 4693 3504 4763 τῆς
3527 4695 3814 4766 βασιλικῆς

2156 4781 2364 4851 δωρεᾶς
2391 4778 2826 4850 ἀπεργάσασθαι,
2853 4778 2944 4831 καὶ
2971 4777 3205 4831 σπεῦσαι
3227 4778 3362 4850 πρὸς
3381 4778 3470 4832 τὸν
3494 4779 3593 4851 τήν
3619 4781 3812 4851 ἄφεσιν

2153 4867 2263 4918 τῶν
2286 4864 2459 4934 πεπλη
2469 4863 2644 4933 μμελη
2653 4862 2828 4932 μένων
2847 4861 3206 4934 δωρούμενον,
3241 4862 3335 4916 καὶ
3361 4863 3428 4917 τὰ
3447 4865 3616 4936 μυρία
3636 4867 3812 4936 ἀγαθά

2157 4951 2299 5022 μετὰ
2329 4949 2603 5020 δαψιλείας
2633 4949 2960 5020 παρέχοντα.
3010 4949 3161 5002 Ἐπεὶ
3189 4946 3282 5002 οὖν
3305 4950 3399 5002 καὶ
3419 4951 3526 5004 τῶν
3560 4953 3688 5024 περὶ
3711 4955 3808 5025 τὴν

2151 5039 2245 5094 τοῦ
2274 5039 2455 5108 πάσχα
2479 5037 2672 5108 ἑορτὴν
2703 5035 3105 5106 σφαλλομένων,
3124 5036 3216 5090 καὶ
3236 5037 3322 5091 διά
3337 5037 3435 5108 τῆς
3451 5039 3811 5112 νομιζομένης

2151 5123 2355 5194 ταύτης
2388 5125 2590 5194 μικρᾶς
2610 5123 3044 5194 παρατηρήσεως
3071 5123 3284 5193 μεγάλα
3312 5125 3537 5189 ἑαυτοὺς
3563 5126 3811 5198 ζημιούν-

2146 5225 2274 5270 των,
2314 5207 2412 5279 τὴν
2462 5210 2593 5279 ήμῖν
2639 5208 3014 5277 ἁρμόττουσαν
3078 5208 3330 5278 πρόνοιαν
3412 5212 3807 5283 ἐποιησάμεθα,

2147 5295 2479 5366 κατάλληλον
2508 5294 2686 5348 αὑτῶν
2711 5293 2788 5364 τῷ
2821 5293 3095 5364 τραύματι
3125 5292 3223 5364 τὴν
3271 5294 3568 5366 θεραπείαν
3609 5301 3808 5369 ἐπαγασ

2145 5380 2352 5448 γόντες,
2406 5380 2498 5433 καί
2525 5381 2640 5442 τοῖς
2691 5379 2956 5448 ἀμυήτοις
2987 5378 3086 5447 τὴν
3117 5379 3496 5450 προσήκουσαν
3525 5383 3801 5438 νουθεσίαν

2145 5464 2587 5536 προσηγάγομεν,
2615 5461 2902 5516 ἀκόλουθον
2931 5463 2996 5516 ἂν
3020 5463 3104 5532 είη
3131 5463 3331 5530 λοιπὸν,
3363 5466 3548 5537 ἐπειδὴ
3578 5469 3714 5538 πρὸς
3737 5471 3806 5524 τὰ

2143 5551 2535 5619 κατεπείγοντα
2566 5549 2673 5603 τῶν
2725 5549 3046 5618 νοσημάτων
3089 5549 3345 5621 ἔστημεν,
3393 5553 3487 5606 καὶ
3531 5554 3593 5608 τὸ
3623 5556 3801 5610 αὑτῶν

2143 5637 2560 5707 ἐπληρώσαμεν,
2596 5638 2744 5705 κοινῇ
2781 5638 2945 5688 πᾶσιν
2985 5637 3111 5705 ὑμῖν
3146 5639 3386 5710 σήμερον
3417 5641 3657 5694 ἑστίασιν
3699 5661 3802 5696 πα-

2147 5723 2388 5793 ραθεῖναι
2418 5723 2514 5794 τὴν
2537 5723 2926 5792 πνευματικήν.
2949 5723 3158 5794 Ὥσπερ
3179 5724 3286 5797 γὰρ
3313 5726 3488 5798 πρὶνη
3520 5727 3629 5785 τῶν
3650 5729 3803 5784 ἀδελ.

2207 5870 2383 5944 ξΒρε.
2408 5884 2536 5949 ullus
2558 5877 2638 5930 τῆς
2682 5877 2994 5933 πνευματικῆς
3026 5873 3207 5935 ἑορτῆς.
