4144 6200
489 220 559 280 97
1613 210 1682 268 1N
1716 209 1870 269 CAP.
1898 207 1961 265 Il.
1990 206 2235 266 GENES.
2273 208 2502 266 "om.
2543 208 2661 267 ΧΠ.
3683 217 3751 273 98

493 334 840 400 obsisterent,
889 346 953 388 ac
998 338 1210 387 mentes
1252 327 1640 399 simpliciorum
1668 322 2081 382 subverterent?

494 427 662 496 Igitur
686 433 748 481 ut
771 423 925 490 dixit,
953 421 1081 477 Plus
1108 438 1220 493 ego,
1247 426 1525 479 enumerat
1545 428 1729 490 postea
1753 414 2083 472 fortitudinis

496 532 609 573 suae
641 516 895 587 pncclara
922 529 1109 585 opera,
1138 523 1193 568 et
1211 512 1384 582 inquit
1407 527 1423 563 :
1450 510 1520 565 In
1543 508 1800 565 laboribus
1829 506 2081 579 plurimis,

498 609 553 662 in
583 606 748 676 plagis
772 621 933 675 supra
969 603 1175 657 modum
1195 643 1211 667 ,
1260 602 1315 655 iu
1340 600 1583 654 mortibus
1605 599 1907 669 frequenter.
1948 593 2086 663 Quid

499 698 671 754 dicis?
698 694 1034 766 Stupendum
1061 702 1117 749 ct
1134 691 1447 749 admirabile
1474 699 1557 746 est
1580 689 1721 761 quod
1745 704 1775 743 a
1798 697 1849 744 te
1874 688 2082 743 dicitur.

504 790 669 847 Betae
695 786 840 842 enim
870 784 1143 856 possibile,
1177 792 1235 839 ut
1261 782 1383 853 quis
1406 796 1549 851 saepe
1576 779 1865 835 moriatur?
1889 778 2085 841 Etiam,

503 878 720 949 inquit,
767 874 1013 947 quamvis
1051 889 1159 929 non
1201 872 1393 928 mortis
1432 869 1763 940 experientia
1787 909 1806 936 ,
1851 879 2086 923 attamen

504 966 766 1024 ntoriendi
805 964 1120 1036 proposito:
1150 964 1350 1019 docens
1378 976 1498 1028 nos,
1525 960 1755 1017 subinde
1775 973 1834 1014 se
1858 958 1928 1013 ob
1952 971 2089 1026 pra:-

507 1060 828 1115 dicatiouem
857 1057 1046 1113 mortis
1074 1054 1307 1126 pericula
1330 1053 1560 1117 adiisse,
1582 1051 1678 1108 sed
1718 1051 1809 1106 Dei
1834 1049 2001 1121 gratia
2033 1048 2091 1103 in

510 1151 700 1207 mediis
728 1148 979 1220 periculis
1007 1146 1265 1202 athletam
1308 1152 1619 1210 servatum,
1661 1156 1769 1212 quo
1811 1139 2086 1209 discipulis

508 1242 675 1311 magis
701 1238 999 1310 prodesset.
1039 1235 1108 1291 In
1144 1235 1418 1302 mortibus,
1461 1232 1652 1303 inquit,
1701 1232 2026 1301 frequenter:
2054 1247 2088 1283 a

506 1332 708 1388 ludatis
730 1330 993 1402 quinquin
1015 1327 1350 1399 quadraginta
1371 1326 1550 1396 plagas
1571 1340 1675 1379 una
1701 1323 1865 1376 minus
1891 1321 2084 1390 accepi,

508 1434 584 1478 ter
604 1423 763 1494 uirgis
796 1436 956 1477 canus
977 1435 1114 1483 sum,
1137 1418 1295 1473 semel
1334 1416 1624 1485 lapidatus,
1662 1422 1738 1466 ter
1764 1411 2089 1482 naufragium

509 1518 626 1587 feci,
640 1525 904 1570 noctentac
931 1513 1065 1567 diem
1084 1512 1139 1567 its
1158 1510 1412 1582 profundo
1434 1511 1550 1579 egi;
1574 1510 1627 1563 in
1643 1508 1905 1562 itineribus
1929 1521 2084 1575 sape,

510 1606 749 1679 periculis
790 1604 1054 1676 ﬂuminum
1080 1641 1098 1670 ,
1144 1600 1378 1671 periculis
1426 1600 1678 1653 latronum
1701 1639 1719 1665 ,
1765 1596 2001 1668 periculis
2029 1611 2091 1648 ea:

509 1713 708 1768 genere,
739 1693 977 1766 periculis
1004 1709 1071 1748 ea:
1096 1690 1344 1763 gentibus,
1374 1689 1609 1759 periculis
1644 1704 1708 1743 ex
1736 1688 1882 1757 falsis
1916 1687 2093 1759 fratri-

512 1791 603 1843 bus
628 1829 643 1854 ,
687 1786 922 1857 periculis
953 1786 1009 1839 in
1049 1782 1329 1838 civitatibus
1355 1821 1373 1848 ,
1422 1780 1660 1851 periculis
1696 1780 1751 1835 in
1782 1779 2053 1834 solitudine
2071 1818 2095 1843 ,

514 1879 752 1949 periculis
776 1879 830 1931 in
856 1877 986 1931 mari
1014 1876 1089 1948 (Ξ.
1120 1875 1243 1930 Cor.
1279 1874 1367 1929 ll.
1396 1872 1634 1942 2L—26).
1674 1871 1751 1927 Ne
1779 1870 2092 1941 simpliciter

515 1978 896 2041 przetereamus
947 1966 1063 2023 hmo
1112 1966 1252 2021 dicta
1280 2004 1322 2031 ,.
1351 1963 1533 2018 dilecti
1585 1982 1600 2016 :
1651 1976 1772 2017 nam
1820 1961 2094 2032 quodlibet

517 2060 707 2114 horum
753 2073 848 2128 per
893 2072 952 2111 se
999 2055 1173 2110 solum
1216 2053 1436 2123 pelagus
1481 2051 1697 2122 aliquod
1745 2050 2093 2106 tentatiouum

518 2150 676 2205 nobis
694 2147 950 2204 ostendit.
976 2146 1097 2201 Non
1121 2145 1264 2201 enim
1283 2142 1597 2213 simpliciter
1617 2143 1719 2197 iter
1737 2157 1900 2196 unum
1924 2140 2095 2196 dixit:

516 2243 636 2311 sed,
665 2240 731 2295 In
756 2240 1016 2295 itineribus
1060 2254 1195 2308 sirpe
1243 2253 1262 2291 :
1308 2250 1479 2307 neque
1517 2251 1680 2291 unum
1708 2234 1999 2306 periculum
2041 2232 2095 2287 iu

517 2331 712 2397 fluviis,
744 2330 842 2386 sed
882 2329 1045 2384 multa
1074 2339 1128 2384 et
1150 2328 1324 2392 varia;
1349 2337 1407 2383 et
1440 2327 1618 2381 omnia
1660 2326 1858 2396 ingenti
1886 2324 2100 2380 fortitu-

514 2424 639 2480 dine
682 2422 823 2477 tulit.
871 2422 938 2477 Et
966 2420 1224 2492 posthaec
1250 2420 1430 2475 omnia
1465 2419 1656 2475 iterum
1682 2419 1853 2489 inquit
1882 2434 1896 2470 :
1930 2416 1998 2473 In
2021 2418 2099 2472 la-

516 2517 634 2569 bore
653 2524 698 2569 et
724 2530 972 2582 (eranum,
999 2514 1053 2568 in
1076 2513 1261 2585 uigiliis
1275 2527 1429 2583 ηερε,
1452 2512 1507 2566 in
1527 2512 1665 2583 fame
1685 2523 1732 2567 et
1758 2512 1865 2579 siti,
1887 2511 1941 2566 in
1956 2513 2099 2582 jeju-

516 2609 615 2663 niis
637 2623 791 2677 stupe,
812 2608 865 2661 in
892 2608 1078 2679 frigore
1096 2616 1144 2660 et
1169 2605 1415 2673 nuditate,
1438 2614 1620 2675 prater
1644 2604 1737 2661 illa
1755 2619 1869 2676 qua
1897 2604 2094 2660 extrin-

515 2713 657 2752 secus
684 2705 800 2752 sunt
836 2695 946 2766 (Ib.
974 2711 1023 2750 υ.
1047 2696 1137 2750 27.
1163 2695 1284 2767 28).

587 2789 640 2842 7.
679 2787 834 2842 Pauli
856 2802 1096 2842 aerumna:
1122 2788 1294 2842 variae.
1323 2815 1395 2828 -—
1420 2786 1550 2843 Vide
1591 2787 1782 2843 iterum
1820 2785 1961 2841 aliud
2000 2800 2096 2857 pe-

516 2882 668 2952 lagus
696 2880 1045 2936 tentationum
1076 2879 1232 2934 nobis
1250 2879 1471 2949 aperiri.
1505 2878 1573 2935 Ut
1597 2879 1740 2934 enim
1766 2878 1920 2946 dixit,
1950 2877 2099 2933 Prae-

517 2980 592 3025 ter
617 2970 710 3027 illa
744 2985 857 3040 qua:
891 2970 1200 3026 extrinsecus
1233 2979 1373 3037 sunt,
1408 2970 1698 3027 insinuavit
1738 2970 2099 3041 pnutertnissa

519 3066 666 3135 plura
695 3078 837 3127 esse,
867 3078 1026 3134 quam
1067 3078 1186 3134 qua:
1210 3063 1352 3120 dicta
1376 3073 1520 3118 sunt.
1551 3063 1736 3133 Neque
1762 3062 1847 3117 his
1879 3070 2101 3117 conten-

518 3166 603 3211 tus
632 3154 751 3223 fuit,
776 3170 958 3211 verum
986 3169 1084 3210 nos
1113 3154 1269 3211 docet
1299 3170 1572 3225 pressuras
1596 3163 1651 3209 et
1671 3154 2101 3225 conspirationes

516 3261 649 3317 quas
672 3247 944 3311 sustinuit,
976 3247 1056 3301 sie
1077 3245 1263 3302 dicens
1294 3263 1308 3299 :
1337 3245 1590 3301 Inslanlia
1635 3261 1747 3301 inea
1782 3245 2097 3316 quotidiana,

517 3337 803 3392 sollicitudo
821 3339 1046 3392 muniunt
1071 3336 1437 3392 Ecclesium.
1462 3336 1600 3391 Ecce
1622 3334 1726 3391 hoc
1749 3336 1948 3390 bonum
1967 3350 2101 3405 opus

519 3429 602 3483 vel
623 3428 834 3483 unicum
851 3428 1124 3483 sufficiens
1138 3436 1241 3491 est,
1256 3437 1313 3482 ut
1328 3442 1568 3481 summus
1585 3425 1684 3496 ipsi
1701 3426 1951 3480 virtutum
1966 3441 2103 3495 apex

522 3518 825 3572 tribuatur:
867 3516 1198 3582 Sollicitudo,
1244 3515 1435 3583 inquit,
1477 3516 1700 3568 omnium
1734 3512 2101 3581 Ecclesiarum,

522 3622 629 3660 non
650 3606 827 3670 unius,
848 3606 933 3660 vel
956 3604 1206 3669 duarum,
1233 3605 1318 3659 vel
1342 3605 1523 3668 trium,
1578 3602 1673 3659 sed
1707 3603 1945 3657 omnium
1986 3617 2104 3673 qua:

523 3698 577 3752 in
630 3706 741 3751 toto
784 3695 936 3751 orbe.
981 3694 1121 3751 Nam
1156 3704 1409 3764 quantam
1450 3701 1645 3748 terram
1679 3692 1758 3747 sol
1801 3692 1962 3749 radiis
1994 3693 2107 3749 suis

526 3789 779 3854 illustrat,
807 3795 1009 3842 tantam
1037 3801 1220 3843 curam
1246 3795 1304 3842 et
1330 3784 1740 3842 sollicitudinem
1761 3784 1945 3840 habuit
1965 3786 2102 3841 Pau-

524 3879 627 3933 lus.
656 3876 844 3932 Vidisti
867 3876 1198 3932 latitudinem
1229 3877 1435 3932 uniuni?
1464 3875 1641 3932 vidisti
1666 3875 1861 3931 mentis
1901 3878 2105 3947 magni-

525 3968 807 4024 tudinem?
833 3967 949 4023 Jam
991 3968 1131 4039 quod
1167 3967 1537 4037 subsequitur,
1572 3966 1750 4022 omnia
1789 3968 2105 4037 superiora,

522 4073 578 4116 ut
604 4062 674 4117 ita
712 4061 905 4127 dicam,
944 4062 1199 4131 contegit.
1254 4059 1382 4125 Quis
1405 4061 1547 4115 enim
1574 4060 1887 4127 inﬁrmatur,
1910 4061 2100 4132 inquit,

516 4166 565 4209 et
588 4171 679 4225 ego
705 4171 807 4209 non
846 4154 1079 4224 inﬁrmat
1099 4153 1126 4207 2
1177 4154 1290 4222 quis
1332 4152 1736 4216 scandalizatur,
1778 4161 1826 4207 et
1866 4168 1959 4223 ego
1999 4170 2101 4208 non

516 4262 638 4300 uror
661 4243 681 4316 (
705 4245 760 4300 2.
785 4244 908 4300 Cor.
937 4246 1022 4300 ll.
1048 4244 1119 4300 29
1165 4243 1187 4315 )
1212 4244 1236 4298 ?
1266 4244 1444 4314 Papae,
1467 4253 1702 4313 quantus
1720 4242 1818 4298 viri
1844 4243 2002 4313 hujus
2045 4246 2102 4300 in

519 4337 661 4391 lilios
686 4352 839 4391 amor
865 4346 920 4391 ct
950 4335 1276 4405 indulgentia
1308 4337 1323 4391 ε
1354 4346 1548 4406 quanta
1587 4337 1858 4406 vigilantia
1882 4338 1897 4391 Ξ
1927 4353 2100 4407 quan.-

519 4438 568 4481 ta
585 4441 713 4482 cura
749 4430 763 4481 l
796 4425 927 4494 Quas
964 4433 1133 4481 mater
1157 4427 1234 4481 sic
1275 4426 1543 4481 cruciatur
1566 4426 1703 4479 intra
1734 4426 1941 4483 viscera
1988 4426 2100 4482 filio

518 4518 671 4574 febre
695 4518 994 4583 laborante,
1038 4525 1099 4572 et
1139 4517 1192 4571 in
1228 4517 1367 4572 lecto
1408 4516 1780 4583 decumbente,
1816 4525 1874 4572 ut
1914 4517 2100 4573 beatus

517 4610 608 4667 ille
651 4626 751 4681 pro
785 4611 976 4681 quovis
1022 4609 1253 4676 intirmo,
1297 4624 1635 4680 quocumque
1663 4608 1890 4665 illeloco
1931 4619 2096 4678 esset,

518 4703 911 4768 inlirmabatur,
940 4710 996 4757 et
1023 4717 1120 4772 pro
1162 4701 1533 4758 scandalizatis
1569 4700 1860 4757 urebatur?
1906 4701 2097 4757 Carisi-

517 4793 644 4848 dera
666 4794 826 4858 enim,
852 4808 1067 4863 quaso,
1078 4794 1362 4848 verborum
1384 4793 1635 4848 latentent
1662 4794 1767 4847 vim
1800 4802 1855 4848 et
1877 4793 2098 4863 empha-

516 4884 619 4939 sin.
652 4882 771 4940 Non
793 4884 953 4951 dixit,
982 4883 1114 4951 Quis
1137 4882 1543 4948 scandalizatur,
1570 4891 1629 4937 et
1649 4898 1748 4952 ego
1774 4896 1879 4938 non
1902 4882 2099 4939 doleo?

516 4975 633 5042 sed,
676 4974 829 5040 Uror,
887 4975 1093 5046 inquit,
1139 4974 1407 5029 intonsum
1448 4972 1603 5029 nobis
1644 4972 1883 5029 dolorem
1921 4972 2099 5029 decla-

516 5081 661 5132 rans,
685 5068 837 5136 quasi
851 5067 1253 5123 demonstraret
1269 5082 1328 5121 se
1353 5065 1674 5121 intrinsecus
1704 5065 1914 5122 incendi
1940 5075 1997 5120 et
2016 5072 2098 5121 uri

516 5171 614 5226 pro
637 5158 702 5213 iis
719 5158 808 5229 qui
834 5158 1258 5215 oﬂendebantur.
1284 5159 1410 5215 Scio
1436 5172 1523 5214 me
1561 5158 1612 5213 in
1642 5172 1887 5229 magnam
1938 5160 2100 5229 proli-

519 5248 743 5305 xitatem
791 5250 1100 5307 extendisse
1150 5251 1469 5317 doctrinam,
1513 5250 1757 5321 quamvis
1809 5259 2096 5306 statueram

521 5337 682 5393 hodie
707 5339 922 5394 brevior
946 5356 1090 5408 esse,
1130 5352 1190 5396 ut
1213 5341 1481 5411 paululum
1511 5355 1541 5394 a
1563 5340 1748 5412 jejunii
1770 5341 1953 5396 labore
1972 5355 2097 5411 pos-

512 5427 633 5482 sitis
660 5428 926 5497 respirare
946 5446 963 5485 :
986 5430 1079 5486 sed
1094 5431 1275 5487 nescio
1295 5429 1583 5501 quomodo,
1606 5441 1661 5484 ut
1689 5430 1743 5485 in
1773 5429 1983 5486 divitias
2004 5431 2100 5486 bo-

511 5533 702 5576 norum
746 5534 968 5590 operum
1023 5520 1178 5592 hujus
1223 5521 1392 5578 sancti
1436 5520 1619 5590 incidi,
1674 5520 1907 5592 linguam
1959 5522 2092 5580 mihi

2178 326 2329 398 quasi
2352 327 2525 397 rapidi
2554 328 2787 382 fluminis
2815 324 2896 382 vis
2920 325 3112 397 rapuit.
3145 327 3430 396 Propterea
3458 329 3545 387 hic
3589 330 3773 388 litteris.

2177 416 2388 472 dicendi
2427 416 2647 483 faciens,
2669 431 2766 470 oro
2800 418 3079 471 caritatem
3118 427 3369 484 vestram,
3414 431 3470 475 ut
3508 424 3762 479 continue

2180 509 2329 564 illum
2361 510 2414 564 in
2451 517 2633 565 mente
2679 510 3084 574 circumferatis,
3126 518 3182 566 et
3225 510 3450 567 subinde
3494 518 3761 584 cogitetis,

2178 616 2300 657 eum
2356 601 2599 671 ejusdem
2647 602 2924 657 nobiscum
2961 611 3165 658 natura:
3196 612 3522 670 consortem,
3572 606 3767 663 iisdem

2178 692 2548 748 affectionibus
2589 692 2899 761 obnoxium,
2939 694 3208 764 opiﬁcium
3248 694 3355 750 vile
3414 709 3478 750 ac
3522 706 3763 751 contem.

2178 797 2326 857 ptum
2355 794 2690 841 exercentem
2722 787 2935 855 pellium
2955 796 3214 851 sutorem,
3246 787 3371 841 etin
3401 786 3629 842 officinis
3653 788 3761 842 fre-

2177 888 2450 947 quentem,
2482 878 2603 948 quia
2624 879 2793 932 voluit
2817 886 2871 933 et
2912 878 3150 935 decrevit
3190 880 3443 934 virtutum
3484 879 3661 934 studio
3704 894 3769 936 se

2177 969 2500 1039 mancipare,
2522 977 2576 1023 et
2612 968 2857 1023 idoneum
2900 983 2961 1024 se
3003 971 3326 1025 constituere
3371 970 3764 1038 receptaculum

2177 1059 2405 1130 Spiritus
2444 1060 2635 1124 sancti,
2690 1059 2886 1130 largius
2922 1076 3133 1131 quoque
3175 1075 3400 1131 superna
3451 1062 3769 1118 liberalitate

2177 1154 2402 1224 potitum
2429 1167 2568 1209 esse.
2607 1153 2672 1208 Et
2703 1168 2804 1208 nos
2844 1154 2991 1220 item,
3033 1155 3077 1209 si
3116 1152 3442 1210 voluerimus
3477 1155 3618 1225 quod
3663 1170 3762 1207 n0-

2177 1257 2346 1300 strum
2393 1256 2475 1301 est
2516 1245 2713 1313 facere,
2758 1246 2891 1301 nihil
2933 1246 3237 1316 prohibebit
3276 1247 3462 1302 eadem
3491 1262 3589 1301 nos
3623 1248 3760 1302 bona

2177 1336 2452 1406 consequi.
2493 1336 2751 1391 Liberalis
2779 1336 2921 1391 enim
2947 1345 3030 1391 est
3060 1336 3336 1400 Dominus,
3376 1345 3431 1392 et
3482 1337 3598 1391 Vult
3647 1353 3758 1391 om-

2177 1445 2266 1483 nes
2292 1428 2517 1482 homines
2554 1428 2718 1483 salvos
2754 1428 2885 1496 fieri,
2917 1437 3068 1497 atque
3107 1427 3175 1480 ad
3202 1428 3503 1498 agnitionem
3545 1430 3764 1482 veritatis

2177 1522 2444 1593 σεπτεμ.
2479 1520 2613 1575 Tim.
2636 1521 2689 1576 2.
2723 1522 2756 1576 4
2778 1521 2821 1591 ).
2852 1522 3046 1590 Dignos
3076 1520 3237 1591 igitur
3278 1535 3376 1576 nos
3419 1521 3562 1592 ipsos
3607 1522 3761 1576 exitio

2179 1616 2424 1682 beamus,
2455 1629 2516 1669 ac
2543 1614 2764 1669 ferventi
2788 1614 3059 1668 alacritate
3084 1613 3331 1668 virtutem
3362 1612 3445 1667 vel
3469 1628 3592 1668 sero
3639 1623 3760 1668 tan-

2179 1704 2299 1761 dem
2328 1705 2812 1776 apprehendamus,
2837 1713 2892 1760 et
2917 1703 3225 1759 allectiones
3249 1713 3462 1760 nostras
3487 1704 3761 1775 corrigcnv

2180 1807 2283 1865 tes,
2306 1798 2527 1855 idoneos
2552 1814 2649 1853 nos
2679 1796 2963 1853 reddamus
2987 1795 3053 1851 ad
3080 1796 3335 1867 Spiritum
3385 1803 3626 1851 sanctum
3671 1812 3757 1851 reo

2181 1890 2482 1962 cipicndum
2513 1908 2527 1945 :
2559 1890 2698 1961 quod
2721 1898 2778 1944 ut
2815 1904 3137 1954 mereamur,
3184 1887 3444 1943 concedat
3476 1888 3654 1959 gratia
3705 1896 3762 1942 et

2181 1984 2478 2053 benignitas
2519 1981 2727 2037 Domini
2770 1981 2935 2035 nostri
2964 1980 3087 2035 Jesu
3113 1979 3329 2046 Christi,
3354 1979 3567 2049 quicum
3624 1978 3771 2034 Patri

2183 2072 2364 2138 simul,
2394 2071 2675 2140 etSpiritu
2716 2078 2903 2124 sancto
2922 2070 2990 2124 sit
3009 2067 3199 2139 gloria,
3224 2068 3506 2138 imperium
3557 2076 3613 2123 et
3659 2067 3773 2121 lto-

2184 2177 2308 2232 nor,
2333 2176 2476 2218 nunc
2502 2173 2556 2218 ct
2574 2174 2811 2232 semper,
2834 2162 2962 2217 etin
2988 2160 3187 2216 szncula
3208 2159 3543 2216 smculurtttn.
3569 2160 3763 2215 Amen.

2750 2316 3028 2374 HOMlLlA
3081 2314 3195 2370 ΧΠ.

2187 2431 2345 2489 Deiis
2365 2445 2483 2502 quae
2505 2439 2804 2500 sequuntur
2832 2429 3158 2483 creationem
3186 2443 3199 2481 :
3235 2425 3337 2481 llic
3363 2434 3436 2480 est
3460 2426 3585 2480 liber
3613 2440 3769 2495 gene-

2256 2522 2467 2577 rationis
2490 2521 2602 2575 cceli
2628 2530 2677 2575 et
2716 2530 2864 2573 terra:
2890 2560 2905 2583 ,
2952 2517 3157 2589 quando
3176 2518 3310 2587 facta
3360 2525 3475 2571 sunt
3503 2531 3523 2571 :
3550 2532 3650 2586 quo
3679 2516 3767 2569 die

2259 2614 2375 2685 fecit
2403 2612 2538 2668 Deus
2563 2612 2742 2667 ctutum
2762 2620 2809 2665 et
2836 2620 3025 2664 terram
3058 2608 3207 2679 (Gen.
3239 2608 3295 2663 2.
3327 2607 3405 2680 4).

2260 2746 2314 2800 l.
2343 2746 2456 2814 Age
2500 2742 2819 2813 promissum
2864 2748 3105 2796 nostrum
3135 2735 3296 2794 hodie
3322 2737 3634 2808 impleamus
3659 2779 3672 2803 ,
3715 2746 3773 2794 et

2187 2845 2495 2893 consuetam
2514 2833 2811 2889 doctrinam
2830 2839 3137 2895 tractantes,
3155 2827 3378 2884 dicenda
3404 2843 3545 2884 nunc
3567 2828 3631 2883 iis
3652 2844 3771 2897 qum

2187 2942 2349 3000 supra
2376 2925 2517 2982 dicta
2546 2933 2671 2981 sunt
2691 2931 3065 2981 contcxamus.
3100 2922 3261 2978 Scitis
3282 2921 3448 2989 enim,
3479 2936 3577 2977 nos
3605 2920 3774 2976 semel

2187 3028 2352 3091 atque
2379 3018 2571 3074 iterum
2598 3016 2702 3072 hoc
2719 3016 2890 3071 facere
2914 3014 3236 3080 decrevisse,
3255 3023 3309 3069 et
3331 3012 3399 3068 ad
3439 3013 3538 3068 hoc
3563 3021 3775 3083 paratos

2189 3111 2378 3179 fuisse,
2405 3110 2499 3166 sed
2534 3124 2715 3166 curam
2743 3107 2984 3172 fratrum,
3017 3122 3173 3177 quam
3196 3106 3447 3177 gerimus,
3486 3105 3539 3160 in
3561 3105 3772 3161 illorum

2188 3201 2605 3256 admonitionem
2638 3198 2869 3267 linguam
2903 3203 3137 3252 nostram
3169 3195 3275 3250 alio
3298 3196 3558 3265 rapuisse.
3587 3195 3771 3262 Quan-

2189 3291 2474 3360 doquidem
2522 3286 2794 3344 interdum
2852 3285 3076 3341 iniirmis
3111 3284 3394 3352 fratribus,
3425 3285 3617 3355 quibus
3644 3301 3774 3342 con-

2191 3389 2399 3436 suetum
2417 3386 2532 3433 erat
2550 3386 2887 3447 sequestrare
2906 3390 2965 3430 se
2984 3374 3051 3428 ab
3077 3374 3179 3428 hoc
3206 3374 3463 3443 spirituali
3485 3385 3775 3442 conventu,

2193 3481 2250 3529 et
2273 3472 2525 3526 mutilare
2571 3469 2723 3523 nobis
2749 3475 2947 3521 sancta:
2978 3466 2995 3497 ί
3023 3464 3321 3519 festivitatis
3344 3465 3558 3534 gaudia,
3597 3467 3769 3522 suasi-

2194 3575 2313 3616 mus
2337 3556 2668 3615 consulendo
2705 3563 2761 3611 et
2788 3553 3161 3621 exhortando,
3195 3569 3262 3609 ne
3290 3554 3490 3609 diutius
3539 3556 3607 3610 ab
3642 3555 3770 3610 ovili

2195 3652 2391 3711 Christi
2416 3650 2612 3717 absint,
2639 3656 2694 3705 et
2718 3654 2866 3702 extra
2890 3645 3095 3701 caulam
3118 3646 3254 3701 hanc
3271 3645 3596 3716 spiritualem
3613 3646 3773 3703 aber.

2194 3755 2315 3802 rent
2348 3760 2362 3798 :
2390 3741 2603 3797 nomine
2631 3738 2845 3811 quidem
2879 3744 2934 3793 et
2970 3736 3330 3806 appellatione
3372 3736 3526 3793 nobis
3566 3736 3771 3807 juncti,

2193 3852 2381 3894 revera
2406 3845 2582 3892 autem
2607 3835 2819 3891 Iudaeos
2837 3842 3120 3901 sectantes,
3140 3833 3229 3904 qui
3249 3831 3431 3888 adhuc
3457 3833 3660 3888 umbra:
3682 3847 3770 3887 as-

2193 3929 2389 3995 sident,
2416 3926 2756 3997 lacerumque
2792 3924 2987 3981 addicti
3032 3933 3177 3991 sunt,
3209 3933 3487 3995 postquam
3512 3922 3773 3994 soljusti-

2197 4022 2283 4076 tiae
2311 4017 2521 4084 illuxit;
2551 4017 2818 4073 interdum
2847 4016 3005 4073 etiam
3029 4014 3262 4070 nondum
3292 4015 3526 4072 initiatos
3546 4016 3647 4084 (α),
3679 4014 3769 4083 qui

2194 4112 2248 4167 in
2288 4119 2431 4167 cmtu
2475 4090 2733 4173 aderant,
2764 4107 2960 4162 hortati
2999 4121 3185 4161 sumus
3208 4146 3224 4173 ,
3264 4114 3322 4160 ut
3345 4104 3412 4160 ad
3441 4105 3771 4173 spiritualem

2194 4201 2529 4257 vocationem
2596 4205 2908 4262 accurrunt,
2958 4209 3290 4265 excussaque
3341 4194 3489 4249 omni
3550 4193 3774 4265 ignaviae

2193 4310 2404 4361 somno,
2432 4293 2660 4349 ferventi
2685 4290 2972 4357 desiderio.
2997 4300 3052 4346 et
3080 4290 3279 4362 ingenti
3316 4289 3591 4345 alacritate
3618 4302 3774 4361 para—

2194 4396 2278 4442 tos
2318 4400 2379 4441 se
2415 4384 2483 4440 ad
2517 4382 2852 4455 suscipienda
2896 4383 3044 4454 regia
3090 4396 3317 4437 munera
3367 4388 3664 4452 praestent,
3717 4388 3772 4435 et

2191 4483 2479 4547 preperent
2501 4475 2569 4531 ad
2590 4490 2712 4531 cum
2730 4474 2829 4546 qui
2842 4472 3208 4530 remissionem
3228 4471 3394 4528 donat
3412 4479 3773 4541 peccatorum,

2191 4577 2246 4624 et
2266 4568 2557 4624 liberaliter
2582 4568 2858 4624 innumera
2885 4565 3023 4621 bona
3064 4564 3386 4634 suppeditat.
3420 4564 3602 4633 itaque
3624 4571 3773 4632 post-

2190 4674 2349 4730 quam
2378 4673 2566 4714 eorum
2593 4658 2683 4727 qui
2709 4656 2850 4712 circa
2876 4655 3094 4710 l’aschae
3113 4653 3306 4708 festum
3334 4652 3614 4718 errabant,
3651 4652 3769 4721 qui-

2190 4765 2293 4821 que
2314 4764 2409 4819 per
2428 4751 2566 4803 hanc
2589 4746 2815 4811 minimi,
2844 4754 2902 4800 ut
2930 4744 3216 4814 putabant,
3248 4742 3503 4797 momenti
3524 4742 3748 4797 observa
3767 4769 3776 4782 -

2191 4841 2414 4903 tionem,
2442 4852 2689 4908 magnum
2711 4835 2811 4892 sibi
2836 4835 3090 4891 damnum
3120 4832 3441 4900 inferebant,
3472 4845 3769 4902 congruen-

2193 4937 2299 4983 tem
2345 4938 2528 4983 curam
2569 4926 2832 4997 gessimus
2878 4924 2977 4997 (ὺ),
3025 4922 3220 4979 idoneo
3262 4922 3506 4979 adhibito
3565 4919 3773 4976 vulneri

2189 5018 2604 5085 medicamento,
2632 5025 2687 5072 et
2737 5031 2845 5073 non
2884 5015 3103 5072 initiatis
3126 5030 3189 5071 ea
3242 5016 3311 5070 de
3355 5028 3414 5068 re
3453 5011 3776 5081 probecom-

2191 5109 2443 5178 monitis,
2498 5115 2666 5164 restat
2702 5116 2758 5163 ut
2798 5107 3048 5164 omnibus
3099 5103 3252 5161 vobis
3297 5101 3457 5159 hodie
3497 5098 3775 5173 spiritualc

2255 5287 2271 5353 ξ
2308 5293 2425 5353 tteg.
2450 5281 2902 5353 u_nus,_spiri_tualis,
2927 5295 3032 5353 pro,
3055 5286 3253 5353 sancta.

2252 5347 2326 5413 (α)
2362 5339 2444 5397 Ιῖἰο
2479 5339 2688 5410 loquitur
2718 5346 2783 5413 de
2820 5339 3183 5413 catechumenis
3215 5339 3569 5413 quosnipitiare
3601 5347 3652 5413 et
3694 5340 3775 5390 ba-

2190 5401 2371 5476 pti'ga're
2395 5401 2613 5476 exeydte
2630 5406 3019 5476 Quadragesima,
3044 5416 3150 5454 mos
3168 5401 3294 5453 erat.
3318 5401 3445 5453 Vide
3487 5403 3776 5454 catecbeses

2192 5467 2227 5523 ἰ.
2253 5471 2306 5579 ἳό
2327 5476 2379 5518 et
2396 5475 2431 5516 t.
2458 5469 2516 5517 l5
2538 5469 2602 5517 de
2624 5467 3001 5517 catechumenis.

2255 5531 2273 5593 (
2309 5531 2327 5593 )
2358 5529 2720 5593 chrysostomus
2739 5528 2865 5578 circa
2884 5526 3013 5575 diem
3035 5524 3225 5588 pascha
3246 5524 3554 5577 condonatus
3581 5528 3707 5575 erat.

3866 6068 4049 6096 Α.
4062 6094 4065 6095 ,
