4144 6200
377 223 448 281 90
960 161 974 177 ⁸
1123 212 1178 269 S.
1221 207 1501 269 JOANNIS
1533 201 2006 266 CHRYSOSTOMI
2046 201 2361 260 ARCHIEP.
2401 201 2934 263 CONS'I'ANTINOP.

380 342 597 404 paret-ur
625 327 948 387 convivium.
977 324 1110 380 Nam
1151 320 1603 394 quemadmodum
1648 319 1695 375 si
1741 317 1963 373 fratrum

383 434 689 480 nostrorum
729 419 971 489 neglecta
1011 431 1138 473 cura
1161 457 1178 482 ,
1228 413 1692 486 przetermissaque
1753 407 1964 464 illorum

380 514 767 576 admonitione,
797 518 990 579 empta:
1026 508 1185 564 seriei
1216 506 1506 569 haerentes,
1537 503 1788 573 ipsosque
1813 497 1963 556 infir-

383 613 588 658 mantes
617 601 1147 671 contempsissemus,
1197 596 1318 667 jure
1368 594 1629 665 quispiam
1663 605 1759 646 nos
1785 603 1967 659 repre-

383 695 674 758 hendisset,
702 701 890 762 utpote
911 699 1268 761 opportunum
1292 695 1500 754 tempus
1545 691 1966 753 prmtercurreu-

383 797 462 840 tes
489 803 501 839 :
533 786 602 839 ita
631 799 793 847 nunc,
823 783 945 853 quia
969 779 1100 836 nihil
1130 776 1544 849 praetermissum
1575 781 1678 839 est,
1713 779 1966 841 quantum

381 887 581 932 nostra:
602 877 741 930 vires
761 875 960 936 sinunt,
985 873 1080 928 sed
1101 872 1320 928 verbum
1334 869 1588 924 doctrina:
1607 865 1966 928 adhibuimus,

386 969 663 1038 pecuniam
706 964 1162 1021 dinumeravimus
1186 1003 1202 1028 ,
1254 961 1564 1028 seminaque
1604 957 1656 1010 in
1687 966 1825 1011 terra
1868 954 1968 1008 hac

383 1057 645 1128 spirituali
703 1056 968 1125 jecimus,
996 1060 1410 1108 consentaneum
1440 1057 1540 1115 est,
1584 1057 1640 1102 ut
1678 1047 1868 1100 iterum
1914 1044 1966 1097 iu

386 1150 616 1203 medium
639 1147 949 1211 alferantur,
976 1160 1094 1215 qua:
1121 1160 1187 1200 ex
1218 1144 1373 1198 beato
1393 1141 1538 1196 Mose
1565 1149 1688 1195 sunt
1711 1140 1846 1194 lecta
1865 1177 1882 1204 ,
1912 1145 1969 1192 ut

383 1243 558 1296 fructu
613 1239 736 1294 inde
775 1238 1000 1293 collecto
1025 1278 1040 1303 ,
1065 1236 1280 1290 domum
1311 1233 1488 1288 redire
1513 1232 1687 1286 liceat.
1712 1229 1966 1296 Quaenam

389 1333 545 1400 Igitur
592 1331 706 1384 hzec
743 1330 872 1394 sint,
930 1328 1226 1382 audiamus.
1257 1325 1313 1378 4.
1353 1321 1456 1376 Hic
1502 1331 1574 1376 est
1603 1322 1743 1386 liber,
1775 1319 1964 1388 inquit,

383 1420 722 1491 generationis
745 1418 855 1473 caeli
875 1427 920 1472 et
946 1427 1092 1471 terra:
1113 1415 1315 1487 quando
1341 1417 1476 1485 facta
1494 1421 1610 1466 sunt
1632 1428 1651 1466 :
1670 1427 1768 1480 quo
1794 1411 1875 1464 die
1894 1411 1968 1478 [e-

387 1512 454 1563 rit
481 1509 615 1563 Deus
643 1509 820 1563 caelum
850 1516 895 1561 et
923 1517 1129 1570 terram,
1156 1506 1210 1559 5.
1240 1513 1287 1558 et
1315 1518 1462 1557 omne
1489 1501 1761 1572 virgultum
1804 1498 1917 1569 agri
1948 1539 1965 1566 ,

385 1610 654 1670 aiitequam
675 1599 892 1652 oriretur
913 1613 1063 1666 super
1080 1605 1286 1660 terram,
1307 1609 1601 1662 omnemque
1616 1592 1820 1646 herbam
1834 1590 1963 1660 agri,

387 1693 684 1760 priusquam
709 1690 947 1743 oriretur.
976 1686 1098 1741 Non
1126 1686 1259 1740 enim
1287 1686 1483 1754 pluerat
1515 1681 1652 1736 Deus
1690 1697 1844 1751 super
1869 1690 1970 1734 ter-

388 1800 522 1848 ram,
551 1791 597 1836 et
623 1782 772 1835 homo
810 1797 910 1834 non
940 1788 1046 1833 erat
1070 1778 1157 1848 qui
1189 1777 1371 1830 coleret
1401 1784 1605 1829 terram.
1633 1773 1684 1828 6.
1709 1771 1850 1826 Fons
1875 1787 1970 1824 au-

383 1886 479 1927 tent
506 1871 803 1927 ascendebat
835 1871 897 1925 de
927 1880 1078 1935 terra,
1108 1880 1155 1922 et
1203 1867 1446 1938 irrigabat
1470 1867 1754 1920 universam
1779 1865 1964 1936 {aciem

382 1975 528 2019 teme
563 1961 712 2032 (Gen.
739 1961 817 2032 ἒ).
845 1960 1132 2016 Considera
1165 1957 1293 2012 mihi
1342 1971 1551 2022 rursus,
1577 1956 1823 2018 obsecro,
1866 1954 1964 2008 ad-

383 2053 641 2109 mirabilis
670 2052 824 2123 hujus
856 2051 1125 2121 propheta:
1148 2049 1484 2118 sapientiam,
1513 2048 1619 2100 imo
1640 2046 1808 2100 sancti
1841 2043 1964 2114 Spi-

382 2149 516 2202 ritus
564 2145 881 2201 doctrinam.
941 2141 1072 2197 Nam
1110 2150 1388 2211 postquam
1439 2138 1594 2194 nobis
1639 2153 1734 2207 per
1783 2147 1966 2207 partes

382 2238 652 2292 enarrasit
679 2244 951 2291 creaturas
980 2248 1188 2298 omnes,
1221 2241 1276 2287 et
1305 2247 1400 2286 sex
1443 2230 1648 2286 dierum
1675 2235 1968 2299 pertracta-

385 2333 461 2386 vit
497 2345 682 2401 opera,
730 2339 785 2385 et
823 2327 1194 2384 formationem
1235 2324 1502 2390 hominis,
1550 2331 1974 2392 potestatemque

384 2424 672 2478 visibilium
695 2421 933 2478 omnium
961 2420 1035 2474 illi
1061 2431 1397 2482 concessam,
1427 2429 1569 2469 nunc
1603 2415 1792 2468 iterum
1819 2428 1971 2468 sum-

386 2513 572 2567 matim
622 2511 800 2565 omnia
829 2517 1098 2579 repetens,
1129 2507 1300 2576 inquit
1327 2522 1341 2560 :
1371 2504 1473 2558 llic
1512 2513 1584 2559 est
1610 2505 1735 2558 liber
1759 2519 1972 2574 genera-

385 2605 536 2658 tionis
561 2602 672 2657 ca'li
696 2611 743 2656 et
769 2611 933 2664 terrae,
957 2599 1160 2671 quando
1186 2602 1321 2668 facta
1344 2605 1478 2650 sunt.
1511 2596 1702 2666 Opera:
1743 2594 1968 2664 pretium

386 2695 474 2749 hic
500 2694 656 2749 fuerit
683 2693 970 2762 inquirere,
998 2703 1164 2760 quare
1193 2687 1466 2757 Scriptura
1492 2686 1686 2740 librum
1713 2685 1854 2740 hunc
1870 2698 1968 2738 vo-

389 2785 591 2840 caverit
611 2784 724 2838 ca:li
754 2791 810 2838 et
838 2789 1014 2845 terrae,
1045 2779 1284 2850 quamvis
1310 2777 1474 2832 multa
1500 2776 1599 2831 alia
1631 2776 1682 2830 in
1709 2790 1769 2831 se
1793 2774 1968 2830 conti-

384 2887 509 2932 neat
527 2919 543 2945 ,
569 2886 624 2932 ct
643 2875 831 2931 doceat
857 2888 953 2929 nos
976 2873 1076 2927 alia
1101 2869 1353 2942 plurima,
1395 2882 1592 2937 nempe
1619 2866 1686 2921 de
1701 2866 1966 2936 justorum

384 2967 669 3023 virtutibus
704 2974 955 3030 tractans,
985 2964 1053 3018 de
1082 2961 1405 3031 benignitate
1436 2959 1549 3023 Dei,
1579 2957 1753 3027 deque
1795 2956 1971 3010 indul-

382 3057 582 3128 gentia,
611 3072 767 3127 quam
788 3069 914 3125 erga
937 3053 1163 3123 primum
1177 3058 1414 3105 creatum
1439 3048 1708 3103 hominem
1729 3055 1784 3102 et
1809 3060 1968 3101 omne

389 3152 676 3204 lmmanum
702 3161 870 3217 genus
899 3145 1146 3202 exhibuit
1190 3152 1284 3198 :et
1308 3142 1376 3198 de
1423 3142 1542 3196 aliis
1582 3141 1794 3206 multis,
1849 3157 1968 3210 qua:

389 3241 546 3309 hujus
575 3239 832 3308 temporis
860 3252 964 3292 non
1010 3235 1169 3292 fuerit
1195 3234 1487 3288 declarare.
1519 3231 1598 3288 Ne
1627 3231 1856 3298 mireris,
1883 3230 1967 3286 di-

385 3335 557 3389 lecte:
580 3346 694 3388 mos
723 3331 866 3387 enim
895 3330 980 3384 hic
1004 3337 1085 3384 est
1108 3343 1274 3383 sacra:
1301 3327 1610 3396 Scripturze,
1639 3334 1695 3380 ut
1716 3340 1821 3379 non
1848 3323 1967 3378 ubi-

385 3441 489 3496 que
535 3425 714 3480 onmia
761 3421 1114 3494 particulatim
1168 3428 1414 3484 enarret;
1447 3418 1540 3474 sed
1568 3433 1689 3473 cum
1737 3433 1823 3484 ea,
1849 3433 1970 3487 qua:

388 3515 611 3585 plurima
634 3514 1081 3582 complectuntur,
1101 3510 1283 3566 dicere
1307 3509 1552 3578 cmperit,
1583 3507 1968 3563 consideranda

393 3606 659 3676 relinquat
684 3603 957 3673 sequentia
1007 3603 1092 3669 iis,
1137 3602 1226 3671 qui
1255 3600 1509 3656 studiosis
1554 3601 1771 3654 auribus
1813 3600 1966 3654 exci-

389 3697 538 3766 piunt
563 3711 625 3750 ea
665 3710 782 3764 qua:
811 3694 1075 3750 dicuntur.
1101 3693 1165 3746 Et
1195 3702 1251 3746 ut
1275 3691 1452 3745 discas
1474 3706 1588 3745 rem
1617 3690 1688 3744 ita
1730 3706 1849 3745 esse
1873 3731 1889 3756 ,
1915 3689 1968 3744 id

383 3789 561 3858 palam
581 3787 772 3840 faciam
798 3802 862 3840 ex
892 3785 977 3838 his
1005 3799 1125 3854 qua:
1153 3799 1291 3838 nunc
1323 3791 1449 3837 sunt
1475 3783 1632 3837 lecta.
1662 3783 1796 3837 Ecce
1823 3784 1967 3836 enim

388 3880 442 3932 in
471 3876 858 3946 superioribus,
893 3883 1173 3944 postquam
1221 3887 1320 3927 nos
1340 3872 1518 3928 divina
1539 3871 1810 3942 Scriptura
1854 3870 1968 3927 for-

388 3968 678 4021 mationem
708 3966 943 4020 omnimn
973 3964 1273 4018 minutatim
1298 3962 1501 4028 docuit,
1536 3976 1679 4016 nunc
1717 3975 1824 4016 non
1853 3975 1969 4015 om-

388 4061 535 4113 nium
567 4057 827 4125 meminit,
859 4056 954 4112 sed
986 4055 1187 4126 inquit:
1218 4054 1315 4109 Hic
1361 4063 1434 4110 est
1469 4054 1594 4108 liber
1635 4053 1969 4125 generationis

387 4152 498 4205 αι’ιὶ
518 4161 564 4204 et
594 4159 774 4214 terrae,
820 4149 1022 4218 quando
1049 4148 1184 4217 facta
1226 4156 1342 4202 sunt
1374 4161 1514 4217 :quo
1545 4145 1628 4201 die
1673 4145 1792 4216 fecit
1832 4143 1971 4200 Deus

389 4241 569 4294 uelum
592 4251 637 4294 et
663 4249 868 4303 terram,
893 4246 947 4293 et
972 4247 1182 4292 extera.

461 4331 518 4382 2.
551 4329 739 4384 Videu'
765 4327 1037 4398 quomodo
1063 4338 1235 4382 totum
1265 4341 1570 4383 sermonem
1606 4327 1674 4382 ad
1700 4327 1888 4382 caelum
1916 4335 1970 4383 et

391 4429 590 4476 terram
620 4418 909 4485 convertit,
931 4433 998 4472 ex
1023 4417 1129 4472 illis
1153 4418 1255 4472 alia
1286 4418 1464 4472 omnia
1491 4417 1645 4473 nobis
1672 4418 1968 4473 contuenda

393 4510 745 4581 relinquens?
772 4509 906 4565 Cum
934 4525 1064 4580 ergo
1092 4509 1221 4565 dicit
1241 4509 1429 4564 caelum
1459 4519 1514 4566 et
1542 4519 1758 4576 terram,
1781 4525 1972 4566 onmes

395 4610 667 4658 creaturas
695 4601 856 4656 simul
881 4600 1304 4670 comprehcndit,
1334 4610 1438 4655 tam
1460 4615 1552 4656 eas
1573 4617 1692 4671 quae
1717 4601 1768 4656 in
1797 4601 1930 4655 cado
1953 4641 1969 4667 ,

390 4708 550 4762 quam
576 4707 694 4762 quae
721 4692 772 4746 in
808 4701 968 4746 terra.
1019 4691 1171 4746 Sicut
1195 4691 1350 4761 igitur
1376 4691 1428 4746 in
1458 4692 1795 4746 enarratione
1819 4706 1970 4747 crea-

393 4794 631 4837 turarum
654 4798 758 4838 non
783 4783 960 4837 omnia
982 4782 1235 4852 deinceps
1255 4782 1404 4849 dicit,
1427 4782 1522 4837 sed
1559 4783 1791 4836 maxime
1810 4797 1974 4852 gene-

391 4877 523 4930 ralia
554 4884 755 4929 tantum
808 4885 1222 4940 commemorat,
1271 4889 1370 4930 nec
1411 4876 1679 4946 sigillatim
1710 4885 1925 4930 enarrat
1959 4897 1972 4931 :

393 4969 462 5021 ita
488 4977 543 5022 et
561 4967 754 5022 librum
783 4974 974 5033 totum,
997 4967 1098 5021 etsi
1127 4967 1291 5020 multa
1317 4966 1417 5020 alia
1440 4966 1732 5032 contineat,
1776 4965 1970 5020 librum

391 5059 750 5128 generationis
788 5058 904 5113 caeli
929 5068 979 5113 et
1011 5067 1167 5113 terra:
1184 5057 1484 5129 appellavit,
1513 5059 1666 5113 nobis
1691 5073 1755 5114 ex
1783 5057 1972 5112 horum

392 5152 900 5206 commemoratione
941 5151 1083 5220 quod
1133 5151 1392 5220 reliquum
1437 5159 1518 5206 est
1559 5150 1971 5220 computandum

403 5244 732 5312 relinquens,
763 5255 985 5296 necesse
1013 5255 1132 5296 esse
1169 5242 1348 5296 omnia
1375 5241 1430 5295 in
1458 5241 1559 5296 hoc
1589 5240 1722 5295 libro
1749 5240 1974 5295 visibilia

399 5333 683 5397 contineri,
714 5341 820 5386 tam
859 5347 920 5386 ea
946 5346 1065 5401 quae
1105 5331 1157 5385 in
1187 5331 1340 5396 caelo,
1368 5346 1525 5399 quam
1555 5345 1674 5400 qua:
1718 5330 1770 5384 in
1813 5338 1971 5384 terra.

401 5423 518 5487 Quo
558 5423 659 5486 die,
685 5422 870 5492 inquit,
895 5422 1010 5492 fecit
1032 5422 1169 5476 Deus
1198 5423 1377 5476 caelum
1397 5431 1442 5475 et
1473 5431 1656 5475 terram
1680 5464 1694 5488 ,
1741 5431 1788 5474 et
1833 5437 1978 5475 omne

397 5511 666 5580 virgultum
693 5512 824 5582 agri,
851 5523 1118 5581 antequam
1145 5513 1284 5582 ﬁeret
1309 5529 1459 5583 super
1487 5522 1688 5577 terram,
1719 5524 1760 5564 et
1783 5530 1977 5566 omnem

403 5601 603 5657 herbam
645 5603 791 5672 agri,
820 5611 1088 5673 antequam
1138 5604 1371 5660 oriretur.
1423 5602 1544 5658 Non
1609 5605 1738 5657 enim
1783 5604 1977 5673 pluerat

3552 205 3654 262 {00

2080 311 2218 370 Deus
2245 332 2397 385 super
2421 325 2626 384 terram,
2655 335 2810 388 neque
2835 320 2982 374 homo
3007 327 3115 372 erat
3157 319 3245 388 qui
3279 319 3466 374 coleret
3487 319 3650 376 illaut.

2072 406 2179 460 Sed
2199 410 2313 477 fons
2340 407 2636 462 ascendebat
2660 425 2688 464 e
2715 419 2867 476 terra,
2893 420 2939 464 et
2965 410 3212 480 irrigabat
3251 411 3534 464 universam
3564 416 3646 480 fa-

2071 498 2197 550 ciem
2224 506 2392 552 terrw.
2415 497 2646 555 Grandis
2691 499 2970 556 thesaurus
3001 501 3053 555 in
3085 501 3323 570 pauculis
3344 501 3521 557 verbis
3549 503 3654 558 illis

2070 588 2378 645 reconditus
2404 600 2485 646 est
2508 607 2522 644 :
2547 590 2688 646 unde
2705 606 2893 662 magna
2921 591 3218 662 prudentia,
3241 608 3358 662 qua:
3382 593 3650 662 dicuntur,

2067 681 2287 750 juvaute
2333 697 2431 736 nos
2485 682 2580 737 Dei
2603 682 2770 751 gratia
2800 724 2816 749 ,
2847 684 3094 754 congruit
3137 686 3423 754 explicare,
3451 701 3654 756 vosque

2071 773 2424 841 Spiritualium
2449 774 2632 829 harum
2655 773 2962 831 divitiarum
2993 787 3271 833 consortes
3297 778 3494 835 facere.
3535 779 3653 850 Spi-

2071 864 2203 927 ritus
2227 863 2371 918 enim
2397 873 2612 922 sanctus
2631 864 2926 922 futurorum
2955 867 3230 938 praescius,
3261 877 3318 922 ut
3348 869 3477 924 nulli
3504 879 3652 938 post-

2072 952 2172 1008 hac
2223 954 2584 1020 contendere,
2631 965 2686 1011 et
2727 956 3105 1013 ecclesiasticis
3163 958 3539 1028 dogmatibus,
3585 975 3649 1015 ex

2072 1043 2304 1112 propriis
2345 1045 2638 1101 ratiociniis
2657 1085 2674 1112 ,
2697 1046 2920 1101 adversa
2948 1046 3142 1102 divinis
3167 1047 3455 1118 Scripturis
3480 1049 3653 1102 inuni-

2071 1147 2220 1188 scere
2235 1134 2411 1203 liceat,
2434 1136 2595 1192 etiam
2617 1151 2758 1194 nunc
2780 1136 2976 1203 denuo,
2997 1147 3274 1208 postquam
3285 1149 3651 1194 creaturarum

2071 1223 2314 1278 ordinem
2353 1225 2574 1293 docuit,
2624 1234 2680 1282 et
2730 1227 2856 1298 quid
2890 1229 3152 1298 primum,
3203 1230 3328 1300 quid
3357 1231 3651 1286 secundum

2074 1314 2384 1384 productum
2406 1317 2493 1382 sit,
2527 1325 2577 1372 et
2609 1317 2750 1387 quod
2780 1319 2983 1374 semina
3005 1334 3100 1374 sua
3125 1320 3282 1376 tellus
3305 1321 3470 1376 verbo
3499 1336 3654 1374 man-

2070 1406 2302 1477 dataque
2332 1408 2542 1464 Domini
2585 1410 2893 1466 ministrans
2943 1411 3190 1478 ediderit,
3234 1427 3297 1467 ac
3324 1412 3650 1483 producendi

2073 1501 2180 1554 vim
2207 1501 2494 1571 acceperit,
2523 1517 2645 1557 cum
2675 1517 2849 1572 neque
2875 1504 3004 1558 solis
3027 1505 3404 1574 cooperatione
3423 1514 3606 1575 egeret
3632 1546 3648 1572 ,

2071 1593 2162 1661 qui
2191 1593 2425 1648 nondum
2455 1603 2568 1650 erat
2590 1635 2605 1661 ,
2639 1611 2816 1666 neque
2842 1596 3137 1665 pluviarum
3186 1595 3519 1662 humiditate,
3555 1613 3653 1652 ne-

2071 1699 2177 1754 que
2201 1684 2432 1740 hominis
2454 1689 2660 1742 cultura
2684 1703 2699 1753 ;
2729 1701 2851 1742 nam
2881 1695 2936 1742 et
2961 1687 3050 1742 ille
3078 1687 3312 1742 nondum
3340 1689 3391 1742 in
3419 1689 3652 1744 medium

2073 1776 2378 1845 prodierat:
2408 1776 2527 1832 ideo
2553 1777 2743 1832 iterum
2768 1778 2958 1848 repetit
2985 1779 3336 1848 particulatim
3366 1780 3565 1848 omnia,
3597 1789 3654 1834 ut

2073 1865 2348 1921 indomitae
2393 1867 2730 1936 impudenter
2763 1869 3136 1924 hlaterantium
3187 1869 3384 1940 lingua:
3432 1885 3651 1940 compe-

2072 1967 2310 2013 scantur.
2331 1957 2467 2026 Quid
2497 1960 2638 2013 enim
2665 1958 2782 2013 ait?
2817 1958 2912 2014 Die
2933 1976 3034 2031 quo
3058 1961 3174 2031 fecit
3221 1959 3359 2014 Deus
3384 1962 3563 2015 eiciunt
3604 1973 3652 2016 et

2073 2060 2278 2117 terram,
2305 2060 2352 2103 et
2381 2067 2528 2104 omne
2552 2051 2820 2121 virgultum
2847 2052 2980 2121 agri,
3013 2051 3307 2120 priusquam
3345 2053 3482 2119 ﬁeret
3502 2069 3654 2123 super

2073 2150 2287 2207 terram,
2333 2157 2624 2212 omnemque
2651 2139 2854 2195 herbam
2884 2141 3030 2209 agri,
3081 2141 3372 2211 priusquam
3413 2142 3646 2195 oriretur.

2076 2228 2195 2283 Non
2221 2229 2354 2283 enim
2399 2230 2598 2300 pluerat
2625 2229 2763 2284 Deus
2787 2247 2938 2300 super
2965 2239 3185 2298 terram,
3242 2239 3331 2285 nec
3355 2240 3457 2284 erat
3502 2232 3652 2286 Itonia

2077 2321 2161 2390 qui
2191 2323 2371 2384 coleret
2395 2321 2559 2376 illaut.
2589 2321 2730 2376 Fons
2758 2331 2924 2375 autem
2949 2323 3246 2377 ascendebat
3291 2324 3356 2377 de
3395 2334 3550 2388 terra,
3604 2335 3652 2377 et

2072 2412 2268 2484 rigabat
2311 2413 2594 2467 universam
2619 2414 2799 2484 {aciem
2837 2423 2999 2468 terra.
3030 2414 3142 2469 lloc
3171 2415 3282 2470 vult
3309 2415 3507 2482 dicere,
3533 2431 3650 2470 ser-

2073 2519 2232 2560 mone
2253 2515 2305 2560 et
2327 2516 2594 2576 praecepto
2643 2505 2803 2571 illius,
2828 2521 2948 2575 qua:
2976 2505 3120 2576 prius
3163 2521 3272 2561 non
3297 2516 3449 2562 erant
3467 2549 3482 2573 ,
3522 2522 3648 2577 pro-

2073 2595 2230 2650 ducta
2259 2595 2449 2662 fuisse,
2470 2605 2525 2651 et
2567 2611 2686 2666 qua:
2712 2611 2818 2650 non
2861 2596 3208 2662 exsistebaut,
3237 2597 3413 2653 subito
3433 2612 3646 2667 compa-

2075 2686 2262 2741 ruisse.
2297 2685 2472 2741 ﬂerba
2520 2695 2620 2752 est,
2653 2701 2773 2756 quae
2797 2701 2863 2741 ex
2889 2697 3030 2741 terra
3059 2687 3299 2756 provenit
3327 2704 3338 2739 :
3365 2686 3452 2742 hic
3475 2697 3657 2742 autem

2073 2776 2291 2833 herbam
2315 2777 2519 2846 dicens,
2547 2778 2748 2832 semina
2779 2778 2955 2832 omnia
2979 2778 3122 2834 dicit.
3153 2777 3221 2832 Et
3244 2778 3312 2834 de
3340 2779 3530 2849 pluviis
3557 2779 3652 2833 do-

2071 2885 2200 2926 cens
2234 2885 2330 2926 nos
2366 2870 2554 2925 iterum
2593 2869 2771 2924 divina
2799 2870 3067 2940 Scriptura
3105 2869 3324 2924 subdit:
3357 2869 3480 2923 Non
3517 2873 3650 2923 enim

2073 2966 2268 3035 pluerat
2296 2962 2433 3018 Deus
2471 2979 2624 3032 super
2661 2973 2845 3020 terram
2873 2978 2892 3016 :
2923 2962 3023 3018 hoc
3050 2971 3152 3028 est,
3183 2961 3418 3017 nondum
3462 2963 3650 3032 pluviae

2070 3057 2299 3126 desuper
2323 3054 2620 3120 cadebant;
2645 3053 2941 3124 deindeque
2967 3053 3230 3118 ostendit,
3272 3069 3445 3125 neque
3475 3053 3648 3109 homi-

2071 3150 2152 3204 nis
2195 3147 2503 3219 operatione
2546 3147 2794 3202 habuisse
2819 3161 2996 3216 opus:
3030 3145 3149 3201 Non
3189 3147 3352 3213 enim,
3397 3148 3503 3211 ait,
3543 3157 3654 3201 erat

2071 3243 2219 3296 homo
2243 3243 2327 3313 qui
2353 3250 2646 3311 operaretur
2687 3250 2870 3294 terram
2899 3255 2918 3294 :
2941 3239 3091 3310 quasi
3113 3240 3352 3294 clamans
3377 3247 3432 3294 et
3467 3239 3650 3295 dicens

2072 3333 2298 3404 posteris
2330 3331 2614 3388 omnibus:
2659 3330 2852 3386 Audite
2881 3329 3016 3397 hinc,
3058 3339 3113 3385 et
3135 3329 3354 3396 discite,
3384 3329 3656 3400 quomodo

2070 3427 2137 3481 ab
2161 3425 2310 3482 initio
2336 3439 2525 3481 omnes
2547 3435 2700 3480 terra:
2745 3430 3032 3493 proventus
3056 3421 3163 3475 sint
3205 3420 3466 3492 producti,
3505 3429 3560 3476 et
3586 3436 3653 3476 ne

2072 3530 2266 3573 terram
2293 3517 2582 3574 colentium
2607 3515 2890 3586 diligentiae
2914 3513 3092 3569 omnia
3119 3513 3350 3579 tribuite,
3375 3528 3547 3583 neque
3572 3513 3653 3567 eis

2072 3613 2171 3667 hos
2203 3612 2319 3682 ejus
2349 3619 2529 3681 partus
2568 3609 2855 3665 adscribite
2882 3626 2896 3662 :
2928 3607 3022 3663 sed
3049 3605 3215 3661 verbo
3255 3614 3310 3661 et
3345 3616 3650 3677 prmeepto,

2070 3705 2210 3775 quod
2239 3720 2268 3758 a
2297 3703 2582 3760 Conditore
2606 3718 2703 3759 suo
2731 3702 2798 3757 ad
2827 3716 2944 3757 eam
2973 3701 3236 3771 prolatum
3265 3709 3366 3754 est.
3405 3699 3528 3753 lia-c
3553 3713 3650 3752 au-

2073 3807 2178 3851 tem
2217 3797 2394 3851 omnia
2434 3797 2585 3863 fiunt,
2616 3803 2676 3852 ut.
2697 3795 2964 3850 discamus
2991 3803 3188 3848 terram
3216 3792 3282 3847 ad
3322 3791 3527 3848 edenda
3567 3807 3652 3847 se.

2071 3891 2213 3944 mina
2261 3903 2357 3944 sua
2404 3889 2626 3943 aliorum
2676 3889 3059 3944 elementorum
3119 3887 3495 3956 cooperatione
3544 3901 3649 3940 non

2071 3996 2260 4051 egere,
2292 3980 2386 4036 sed
2414 3980 2714 4035 Conditoris
2740 3978 2990 4033 mandato
3028 3986 3330 4034 contentam
3371 3977 3555 4033 fuisse.
3585 3976 3653 4030 Et

2071 4073 2211 4144 quod
2255 4072 2552 4128 mirandum
2582 4071 3012 4142 stupendumque
3039 4081 3142 4136 est,
3173 4072 3219 4126 is
3257 4071 3345 4142 qui
3376 4086 3512 4126 nunc
3542 4079 3650 4125 ter-

2071 4180 2186 4218 ram
2215 4163 2378 4218 verbo
2397 4159 2469 4217 ‘ad
2492 4171 2568 4218 tot
2592 4160 2794 4216 semina
2822 4161 3157 4232 producenda
3181 4163 3449 4228 excitavit,
3479 4171 3532 4216 et
3557 4175 3652 4231 po-

2074 4261 2292 4312 tentiam
2333 4271 2484 4311 suam
2527 4254 2770 4310 humana:
2792 4253 3013 4309 rationis
3058 4266 3270 4325 captum
3317 4263 3650 4325 superantem

2072 4349 2328 4414 exhibuit,
2361 4348 2498 4402 hanc
2526 4348 2694 4418 ipsam
2723 4356 2828 4400 tam
2853 4361 3067 4417 gravem
3092 4356 3145 4402 et
3172 4356 3371 4403 tantum
3398 4346 3651 4401 mundum

2074 4457 2232 4509 supra
2257 4439 2473 4496 dorsum
2501 4455 2655 4496 suum
2703 4439 2960 4494 ferentem
2991 4454 3150 4510 super
3185 4454 3349 4509 aquas
3391 4437 3650 4504 fundavit,

2073 4535 2210 4589 sicut
2252 4543 2306 4588 et
2343 4532 2596 4602 prepheta
2637 4532 2768 4588 dicit
2801 4549 2813 4584 :
2850 4532 2950 4600 Qui
3000 4532 3229 4604 fundavit
3274 4540 3458 4586 terram
3501 4546 3652 4600 super

2075 4643 2230 4692 aquas
2260 4623 2429 4696 (Psal.
2457 4624 2580 4680 1⁸55.
2603 4623 2679 4693 6).
2711 4623 2842 4689 Quae
2877 4623 3104 4676 humana
3132 4621 3265 4676 ratio
3288 4620 3356 4675 ad
3385 4621 3498 4674 haec
3529 4635 3651 4688 pcr-

2077 4717 2280 4786 tingere
2319 4714 2521 4785 possit?
2543 4713 2676 4769 Nam
2704 4728 2824 4768 cum
2855 4712 3100 4768 homines
3133 4711 3326 4767 domus
3352 4710 3615 4766 aediﬁcant
3635 4753 3650 4774 ,

2075 4816 2129 4861 et
2150 4804 2488 4860 fundamenta
2506 4805 2685 4874 jacere
2713 4805 2917 4869 volunt,
2942 4803 3092 4874 prius
3118 4802 3360 4868 fodiunt;
3389 4811 3444 4857 et
3467 4801 3555 4856 ubi
3585 4800 3653 4856 ad

2077 4895 2336 4964 profunda
2360 4895 2720 4966 pervenerint,
2746 4895 2792 4950 si
2816 4895 2900 4950 vel
2927 4911 3146 4965 parvum
3187 4894 3464 4951 humorem
3503 4895 3654 4951 vide-

2077 4987 2208 5053 rint,
2236 4987 2365 5040 nihil
2401 5000 2506 5042 non
2531 4995 2688 5057 agunt
2722 4994 2778 5040 ut
2814 4994 2981 5042 totum
3026 4985 3198 5057 ipsum
3225 4987 3558 5053 exhauriant,
3602 4995 3657 5041 et

2077 5078 2156 5131 sic
2201 5075 2540 5133 fundamenta
2586 5077 2764 5132 locent
2802 5094 2817 5131 :
2867 5087 3147 5148 propterea
3191 5073 3428 5132 omnium
3471 5077 3656 5145 Opifex

2077 5167 2254 5223 omnia
2281 5181 2435 5223 secus
2477 5181 2634 5237 quam
2665 5166 2906 5222 homines
2948 5166 3095 5233 facit,
3138 5175 3197 5221 ut
3233 5181 3299 5222 ex
3341 5167 3440 5222 hoc
3483 5167 3660 5222 discas

2081 5259 2400 5314 ineil'abilem
2429 5259 2544 5328 ejus
2571 5259 2884 5328 potentiam,
2915 5266 2989 5324 et,
3021 5257 3232 5327 quando
3258 5257 3370 5328 ipse
3396 5259 3656 5323 voluerit,

2080 5351 2342 5406 elementa
2370 5350 2485 5404 hzec
2514 5350 2667 5419 plane
2695 5348 3040 5415 contrarium,
3068 5363 3226 5417 quam
3283 5349 3479 5418 solent,
3528 5349 3648 5406 clie-

2081 5451 2223 5494 ctum
2251 5455 2316 5494 ex
2342 5437 2642 5494 Conditoris
2665 5445 2930 5509 praecepto
2953 5437 3254 5493 ostendere.

2156 5530 2423 5584 Elementa
2457 5529 2562 5584 Deo
2591 5529 2794 5584 omnino
2831 5527 3031 5582 subdita
3068 5538 3221 5594 sunt;
3250 5545 3418 5585 servos
3444 5529 3541 5584 Dei
3579 5545 3660 5582 re-

2092 5633 2342 5680 verentur.
2361 5654 2429 5665 —
2450 5624 2501 5681 '5.
2537 5624 2602 5681 Ει
2627 5632 2683 5681 ut
2708 5622 2760 5680 id
2787 5623 2928 5696 quod
2958 5623 3169 5694 dicitur,
3201 5623 3479 5682 dilucidius
3511 5622 3662 5679 vobis
