4144 6200
243 251 315 302 99
1461 253 1533 306 IN
1569 253 1724 310 CAP.
1766 252 1806 308 11
1842 251 2090 309 GENES.
2117 253 2350 310 "OMIL.
2399 255 2510 310 XII.

250 364 368 435 φῶν
399 365 508 420 τῶν
534 369 820 442 ἡμετέρων
858 369 958 442 τὴν
1003 366 1324 438 ἐπιμέλειαν
1355 367 1706 439 ποιήσασθαι,
1741 369 1790 420 εἰ
1822 367 1920 439 τὴν

250 449 391 522 πρὸς
422 454 664 519 ἐκείνους
693 456 1015 526 παραίνεσιν
1042 453 1454 517 καταλιπόντες,
1483 455 1581 524 τῆς
1603 453 1925 518 ἀκολουθίας

252 539 522 608 ἐχόμενοι,
559 543 884 613 παρείδομεν
915 541 1220 613 κάμνοντας
1249 541 1467 604 αὐτοὺς,
1500 540 1726 604 εἰκότως
1751 541 1815 594 ἄν
1840 557 1926 604 τις

251 626 388 696 ⁴ἡμῖν
416 627 692 698 μέμψαιτο
743 629 820 692 ὼς
869 628 961 681 τὸν
991 627 1294 696 ἐπιτήδειον
1326 627 1514 698 καιρὸν
1533 625 1925 696 παραδραμοῦο

255 728 376 765 σιν·
413 713 556 767 οὕτω
582 714 697 779 νῦν,
730 715 918 786 ἐπειδὴ
943 715 1108 786 μηδὲν
1140 714 1568 784 παραλέλειπται
1593 713 1700 766 τῶν
1731 715 1808 775 εἰς
1838 712 1924 764 δύ-

254 816 422 870 ναμιν
453 801 751 873 ἡμετέραν,
777 803 912 856 ἀλλὰ
938 803 1030 854 τδν
1059 801 1156 872 τῆς
1183 800 1532 864 διδασκαλίας
1553 801 1709 868 λόγον
1740 800 1928 868 ἐποιη-

259 887 494 958 σάμεθα,
519 890 612 942 καὶ
636 889 697 942 τὸ
726 889 988 960 ἀργύριον
1015 889 1407 959 κατεϐάλομεν,
1433 890 1526 942 καὶ
1546 887 1612 941 τά
1637 887 1929 959 σπέρματα

257 978 326 1045 τῇ
355 974 470 1047 Ιθῖ]
495 978 565 1046 γῇ
590 976 765 1049 ταύτῃ
783 980 848 1048 τῇ
876 979 1222 1048 πνευματικῇ
1256 976 1768 1048 παρακατεθέμεθα,
1800 974 1930 1026 ἀκό-

259 1062 448 1115 λουθόν
477 1064 592 1116 ἐστι
617 1064 780 1117 πάλιν
808 1066 874 1119 τὰ
901 1065 1052 1136 παρά
1078 1064 1170 1118 τοῦ
1197 1063 1468 1134 μακαρίου
1501 1062 1780 1125 Μωῦσέως
1796 1062 1930 1116 ἀνα-

259 1148 573 1218 γνωσθέντα
605 1152 686 1214 εἰς
713 1151 877 1222 μέσον
911 1151 1214 1222 προθεῖναι,
1243 1151 1328 1203 ἵνα
1357 1149 1416 1202 τὸ
1443 1150 1502 1214 ἐξ
1531 1147 1710 1202 αὐτῶν
1743 1148 1932 1220 κέρδος

262 1237 710 1308 καρπωσάμενοι,
746 1237 920 1301 οὕτως
957 1237 1138 1291 οῖκαδε
1176 1239 1638 1308 ἀναχωρήσωμεν.
1675 1235 1810 1289 Τίνα
1838 1232 1932 1289 οὖν

263 1325 432 1387 ἐστιν,
469 1325 814 1396 ἀκούσωμεν.
847 1326 1008 1393 Αὕτη
1043 1325 1082 1392 ἠ
1124 1326 1366 1391 βίϐλος,
1418 1325 1585 1394 φησὶ,
1643 1323 1934 1393 γενέσεως

264 1411 527 1480 οὐρανοῦ
555 1430 619 1467 τε
642 1414 739 1467 καί
771 1413 902 1483 γῆς,
933 1413 1030 1468 ὅτε
1055 1414 1320 1484 ἐγένετοο
1355 1407 1394 1484 ᾗ
1429 1411 1617 1481 ἡμέρᾳ
1647 1411 1935 1474 ἐποίησεν

265 1501 298 1552 ό
345 1501 490 1566 Θεὸς
525 1499 634 1554 τὸν
662 1502 922 1568 οὐρανὸν
959 1500 1059 1554 καί
1088 1500 1202 1567 τὴν
1233 1499 1371 1570 γῆν,
1413 1499 1514 1552 καὶ
1551 1496 1673 1552 πᾶν
1699 1497 1934 1566 χλωρὸν

263 1585 470 1652 ἀγροῦ,
502 1587 616 1656 πρὸ
647 1587 756 1642 τοῦ
795 1587 1074 1657 γενέσθαι
1117 1587 1214 1640 ἐπὶ
1261 1585 1372 1655 τῆς
1416 1584 1550 1656 τῆς,
1602 1584 1698 1638 καὶ
1737 1583 1935 1638 πάντα

265 1676 484 1742 χόρτον
506 1674 712 1745 ἀγροῦ,
744 1675 857 1744 πρὸ
887 1675 994 1730 τοῦ
1031 1675 1358 1730 ἀνατεῖλαι.
1389 1676 1473 1728 Οὐ
1494 1674 1604 1744 γὰρ
1634 1672 1876 1741 ἔϐρεξεν
1901 1673 1935 1726 δ

269 1762 414 1827 Θεὸς
441 1763 540 1815 ἐπὶ
573 1762 689 1831 τὴν
713 1762 850 1833 γῆν,
883 1763 981 1817 καὶ
1003 1763 1315 1832 ἄνθρωπος
1347 1764 1460 1817 οὐκ
1483 1759 1562 1831 ἦν
1591 1758 1936 1831 ἐργάζεσθαι

265 1847 381 1914 τὴν
402 1847 538 1918 γῆν.
565 1849 735 1920 Πηγὴ
754 1848 823 1903 δὲ
844 1849 1158 1904 ἀνέϐαινεν
1187 1849 1256 1902 ἐκ
1283 1849 1394 1918 τῆς
1422 1847 1554 1919 γῆς,
1589 1847 1686 1902 καὶ
1713 1843 1938 1906 ἐπότιῶ

264 1933 391 1988 πᾶν
423 1936 488 1989 τὸ
513 1939 836 2004 πρόσωπον
850 1936 961 2006 τῆς
975 1936 1107 2006 γῆς.
1139 1938 1337 1991 Σκόπει
1371 1954 1461 2006 μοι
1491 1937 1650 1990 πάλιν
1680 1934 1775 1988 τοῦ
1807 1934 1939 1988 θαυ-

271 2020 479 2091 μαστοῦ
511 2021 702 2074 τούτου
736 2024 1015 2092 προφήτου
1065 2023 1164 2092 τὴν
1209 2023 1444 2088 σύνεσιν,
1495 2022 1691 2091 μᾶλλον
1737 2021 1794 2073 δὲ
1843 2018 1937 2072 τοῦ

270 2107 430 2173 ἀγίου
457 2105 772 2177 Πνεύματος
795 2107 894 2176 τὴν
923 2105 1290 2161 διδασκαλίαν.
1315 2104 1474 2160 Μετὰ
1515 2105 1625 2174 γὰρ
1654 2105 1714 2156 τὸ
1749 2103 1941 2173 διηγήο

275 2193 473 2246 σασθαι
502 2196 632 2265 ἡμῖν
666 2194 805 2248 κατά
851 2194 1013 2265 μέρος
1041 2195 1110 2248 τά
1151 2197 1249 2265 τῆς
1296 2194 1656 2265 δημιουργίας
1704 2193 1940 2258 ἅπαντα,

275 2283 372 2334 καὶ
401 2280 470 2334 τά
499 2281 633 2353 ἔργα
657 2280 765 2335 τῶν
813 2281 872 2346 ἒξ
901 2281 1125 2334 διελθεῖν
1151 2294 1176 2322 ει
1202 2280 1446 2352 ἡμερῶν,
1481 2281 1575 2334 καὶ
1603 2279 1702 2351 τὴν
1725 2279 1820 2332 τοῦ
1852 2281 1946 2332 ἀν-

275 2367 496 2438 θρώπου
526 2368 904 2440 δημιουργίαν,
937 2369 1030 2421 καὶ⁵
1057 2368 1153 2440 τὴν
1177 2369 1426 2434 ἐξουσίαν
1456 2369 1555 2440 τὴν
1585 2365 1946 2438 παρασχεθεῖ-

276 2472 376 2508 σαν
403 2453 553 2524 αὐτῷ
596 2455 813 2512 πάντων
841 2455 951 2511 τῶν
981 2455 1294 2527 ὁρωμένων,
1335 2454 1428 2508 νῦν
1461 2454 1622 2508 πάλιν
1672 2457 1946 2522 ἀνακεφα-

273 2541 598 2613 λαιούμενος
619 2543 687 2597 τὰ
723 2544 922 2608 πάντα,
955 2544 1119 2614 φησίν
1135 2558 1148 2572 ’
1168 2543 1326 2610 Αὕτη
1350 2544 1388 2611 ἡ
1409 2543 1628 2608 ,βίϐλος
1654 2543 1945 2611 γενέσεως

277 2631 542 2700 οὐρανοῦ
570 2648 632 2684 τε
664 2632 763 2685 καὶ
794 2630 927 2701 γῆς,
962 2631 1060 2685 ὅτε
1087 2629 1341 2701 ἐγένετο.
1381 2629 1564 2696 ’Ἄξιον
1595 2629 1829 2685 ἐνταῦθα
1854 2628 1950 2699 ζη-

277 2721 464 2788 τῆσαι,
497 2718 641 2783 τίνος
676 2720 862 2773 ἕνεκεν
898 2718 1078 2788 βίϐλον
1110 2718 1278 2788 αὐτὴν
1308 2717 1463 2771 καλεῖ
1502 2717 1733 2789 οὐρανοῦ
1761 2734 1821 2770 τε
1856 2717 1951 2770 καὶ

279 2805 406 2873 γῆς,
442 2805 622 2859 καίτοι
656 2805 828 2859 πολλά
855 2805 1019 2875 ἔτερα
1065 2807 1164 2876 τῆς
1199 2804 1382 2874 βίϐλου
1423 2803 1807 2875 περιεχούσης,
1858 2803 1952 2856 καὶ

279 2890 641 2964 διδασκούσης
669 2894 840 2963 ἡμᾶς,
869 2893 964 2946 καὶ
994 2893 1122 2963 περί
1155 2891 1360 2962 ἐτέρων
1395 2890 1678 2954 πλειόνων,
1715 2889 1954 2961 καὶπερὶ

280 2979 382 3048 τῆς
413 2978 521 3031 τῶν
547 2979 772 3033 δικαίων
801 2981 1021 3051 ἀρετῆς,
1058 2979 1152 3032 καὶ
1180 2979 1308 3048 περὶ
1345 2977 1446 3046 τῆς
1476 2977 1568 3029 τοῦ
1603 2975 1736 3030 Θεοῦ
1766 2975 1953 3046 φιλαν-

286 3065 550 3136 θρωπίας,
594 3067 690 3120 καὶ
729 3066 832 3137 τῆς
861 3066 1340 3136 συγκαταϐάσεως,
1383 3065 1450 3134 ἢν
1483 3065 1796 3131 ἐπεδείξατο
1827 3065 1955 3136 περί

285 3170 344 3205 τε
372 3153 460 3206 τὸν
499 3153 944 3226 πρωτόπλαστον,
975 3154 1069 3207 καὶ
1103 3153 1233 3224 περί
1262 3151 1408 3207 ἀπαν
1429 3152 1491 3206 τὸ
1518 3151 1626 3205 τῶν
1651 3151 1954 3223 ἀνθρώπων

286 3241 461 3308 γένος,
499 3243 592 3294 καὶ
629 3243 758 3314 περὶ
787 3243 988 3313 ἐτέρων
1015 3241 1072 3295 δὲ
1105 3240 1338 3303 πολλῶν,
1360 3240 1505 3311 ἅπερ
1535 3241 1635 3294 οὐκ
1662 3240 1727 3293 ἂν
1748 3243 1832 3312 εἴη
1857 3240 1952 3294 τοῦ

288 3329 556 3398 παρόντος
595 3328 787 3400 καιροῦ
837 3329 1181 3398 καταλέγειν.
1221 3330 1314 3400 Μὴ
1363 3328 1633 3399 ξενισθῇς,
1669 3328 1916 3399 ἀγαπητέ
1939 3345 1954 3359 ·

289 3417 410 3479 ἐθος
430 3419 539 3488 γάρ
559 3417 718 3484 τοῦτο
733 3419 799 3488 τῇ
825 3417 946 3488 θεία
978 3419 1192 3489 Γραφῇ,
1225 3417 1300 3488 μὴ
1325 3417 1602 3487 πανταχοῦ
1630 3417 1770 3470 κατά
1797 3417 1960 3487 μέρος

291 3505 425 3573 ἡμῖν
453 3504 672 3557 ᾶπαντα
694 3504 1024 3573 διηγεῖσθαι,
1054 3504 1168 3556 ἀλλ’
1201 3503 1308 3556 ἀπὸ
1334 3502 1444 3554 τῶν
1482 3503 1961 3555 συνεκτικωτάτων

289 3590 605 3660 ἀρχομένην
635 3589 1071 3659 καταλιμπάνειν
1103 3588 1174 3641 τὰ.
1210 3588 1336 3657 ἐξῆς
1365 3591 1588 3640 σκοπεῖν
1616 3590 1726 3648 τοῖς
1755 3587 1964 3654 εὐγνώ-

296 3693 456 3748 μοσιν
480 3677 672 3740 ἀκοαῖς
709 3675 1021 3746 δεχομένοις
1053 3675 1122 3728 τά
1159 3675 1451 3744 λεγόμενα.
1487 3675 1598 3728 Καὶ
1634 3674 1721 3729 ἵνα
1761 3674 1962 3745 μάθῃς,

293 3765 378 3817 ὅτι
409 3763 566 3816 τοῦτο
597 3761 771 3826 οὑτως
791 3762 962 3825 ἐστὶν,
991 3761 1051 3826 ἐξ
1083 3760 1261 3814 αὐτῶν
1291 3760 1400 3814 τῶν
1420 3760 1516 3815 νῦν
1541 3762 1967 3833 ἀνεγνωσμένων

295 3851 457 3904 τοῦτο
489 3850 649 3921 δῆλον
681 3851 809 3920 ὑμῖν
855 3849 1174 3921 καθίστημι.
1221 3848 1350 3902 Ἰδοὺ
1390 3849 1500 3920 γάρ
1535 3852 1593 3902 ἐν
1621 3852 1735 3913 τοῖς
1769 3850 1969 3921 προλα-

298 3937 456 3990 ϐοῦσι
503 3938 762 4003 διδάξασα
809 3939 958 4008 ἡμᾶς
1000 3939 1033 4007 ή
1063 3936 1181 3990 θεία
1231 3936 1419 4008 Γραφὴ
1463 3937 1562 4007 τὴν
1612 3937 1752 3989 κατά
1804 3937 1969 4007 μέρος

298 4025 559 4080 ἁπάντων
605 4025 982 4097 δημιουργίαν,
1013 4024 1108 4077 νῦν
1158 4024 1218 4078 οὐ
1253 4025 1470 4078 πάντων
1503 4025 1798 4096 μέμνηται,
1833 4025 1970 4080 ἀλλά

300 4131 466 4185 φησιν
483 4130 496 4144 ⁸
520 4115 678 4182 Αὕτη
710 4115 748 4180 ἡ
771 4115 992 4179 βίϐλος
1018 4113 1309 4184 γενέσεως
1333 4114 1592 4182 οὐρανοῦ
1616 4130 1678 4167 τε
1700 4114 1798 4167 καί
1835 4112 1966 4184 γῆς,

299 4202 399 4254 ὅτε
423 4199 686 4270 ἐγένετό
715 4195 754 4272 ᾗ
779 4200 971 4270 ἡμέρᾳ
993 4201 1285 4271 ἐποίησεν
1317 4204 1350 4256 o'
1397 4201 1541 4268 Θεὸς
1572 4200 1680 4256 τὸν
1711 4201 1971 4269 οὐρανὸν

299 4289 398 4343 καὶ
428 4288 542 4356 τὴν
571 4287 711 4358 γῆν,
752 4288 848 4341 καὶ
875 4287 946 4341 τὰ
979 4287 1124 4358 ἑξῆς.

373 4377 436 4446 β’.
455 4377 615 4447 Ὀρᾷς
645 4375 762 4440 πῶς
791 4376 969 4430 πάντα
993 4375 1084 4430 τὸν
1103 4374 1259 4444 λόγον
1281 4375 1361 4438 είς
1386 4374 1476 4428 τὸν
1497 4374 1724 4447 οὐρανὸν
1749 4373 1844 4428 καὶ
1873 4373 1971 4444 τὴν

301 4465 407 4534 γῆν
429 4465 803 4536 περιστρέφει,
823 4466 956 4536 ἡμῖν
980 4463 1465 4534 καταλιμπάνουσα
1485 4467 1548 4517 ἐκ
1569 4463 1772 4517 τούτων
1796 4462 1972 4516 πάντα

303 4550 370 4604 τά
414 4550 551 4604 ἀλλα
588 4552 853 4616 συνιδεῖν;
895 4551 1064 4604 Ὅταν
1104 4549 1212 4622 γὰρ
1261 4551 1391 4623 εῐπῃ
1439 4550 1666 4621 οὐρανὸν
1710 4551 1804 4602 καὶ
1843 4549 1970 4619 γῆν,

303 4637 482 4690 πάντα
509 4635 646 4708 ὁμοῦ
677 4635 974 4691 συνελοῦσα
999 4633 1143 4703 εἰπε,
1168 4637 1238 4691 τά
1264 4655 1324 4689 τε
1355 4639 1412 4691 ἐν
1426 4640 1492 4708 τῇ
1519 4639 1612 4707 γῇ,
1635 4636 1704 4690 τά
1729 4654 1788 4690 τε
1813 4639 1870 4690 ἐν
1895 4635 1973 4708 τῷ

302 4723 536 4795 οὐρανῷ.
573 4725 790 4795 ’Ὥσπερ
821 4719 914 4777 οὖν
953 4725 1046 4776 ἐπὶ
1073 4725 1172 4795 τῆς
1194 4724 1303 4778 τῶν
1336 4724 1832 4794 δημιουργημάτων
1857 4723 1974 4794 διη-

303 4813 522 4881 γήσεως
554 4811 615 4863 οὐ
643 4812 819 4865 πάντα
861 4809 1095 4881 καθεξῆς
1121 4811 1288 4879 λέγει,
1331 4809 1466 4863 ἀλλά
1498 4810 1607 4864 τῶν
1644 4827 1974 4863 συνεκτικω-

304 4897 486 4950 τάτων
512 4897 954 4968 μνημονεύουσα,
983 4897 1164 4951 οὐκέτι
1194 4897 1317 4950 καθ’
1361 4898 1418 4949 ἓν
1451 4899 1582 4968 ἡμῖν
1613 4897 1830 4951 ἅπαντα
1857 4899 1975 4968 διη-

307 4984 518 5049 γεῖται·
545 4981 685 5035 οὑτω
713 4983 807 5036 καὶ
832 4983 932 5056 τὴν
963 4984 1144 5056 βίϐλον
1178 4985 1380 5050 πᾶσαν,
1409 4985 1458 5036 εἰ
1490 4985 1583 5038 καὶ
1612 4983 1780 5037 πολλά
1814 4985 1977 5056 ἔτερα

313 5067 583 5138 περιέχει,
643 5069 822 5139 βίϐλον
862 5071 1132 5140 γενέσεως
1167 5071 1398 5142 οὐρανοῦ
1430 5087 1487 5123 τε
1516 5071 1612 5124 καὶ
1631 5071 1737 5140 γῆς
1765 5071 1980 5143 ὠνόμα-

311 5171 424 5215 σεν,
453 5158 585 5225 ημῖν
620 5156 1112 5229 καταλιμπάνουσα
1140 5159 1328 5211 λοιπὸν
1355 5157 1443 5211 διά
1467 5159 1568 5230 τῆς
1589 5160 1795 5212 τούτων
1837 5161 1977 5231 μνή-

313 5257 422 5310 μης
437 5241 872 5310 ἀναλογίζεσθαι,
902 5246 984 5299 ὅτι
1007 5245 1185 5300 πάντα
1211 5247 1425 5317 ἀνάγκη
1445 5247 1502 5300 ἐν
1523 5246 1696 5320 ταύτῃ
1719 5250 1784 5319 τῇ
1813 5247 1980 5319 βίϐλῳ

310 5326 661 5398 περιέχεσθαι
691 5330 758 5383 τὰ
787 5330 1060 5402 ὁρώμενα,
1096 5335 1164 5388 τά
1193 5351 1253 5387 τε
1287 5336 1346 5390 ἐν
1376 5333 1453 5404 τῷ
1475 5333 1709 5404 οὐρανῷ,
1743 5337 1814 5387 τά
1839 5352 1896 5388 τε
1923 5337 1980 5388 ἐν

309 5416 375 5486 τῇ
417 5416 510 5485 γῇ.
546 5407 630 5486 τῌ
658 5416 868 5485 ἡμέρᾳ,
896 5419 1078 5489 φησὶν,
1110 5421 1398 5488 ἐποίησεν
1431 5425 1464 5476 ό
1501 5420 1645 5486 Θεὸς
1673 5421 1779 5474 τὸν
1801 5423 1980 5490 οὐρα-

308 5504 422 5557 νὸν
459 5503 556 5556 καί
585 5503 703 5572 τὴν
731 5503 868 5574 γῆν,
899 5507 995 5561 καὶ
1025 5507 1147 5561 πᾶν
1190 5509 1426 5577 χλωρὸν
1467 5507 1674 5578 ἀγροῦ,
1708 5509 1824 5578 πρὸ
1873 5509 1982 5564 τοῦ

309 5589 588 5660 γενέσθαι
614 5591 713 5644 ἐπὶ
744 5591 856 5659 τῆς
883 5593 1019 5661 γῆς,
1040 5595 1135 5648 καὶ
1165 5595 1362 5649 πάντα
1389 5598 1606 5665 χόρτον
1629 5597 1838 5666 ἀγιοοῦ,
1867 5596 1982 5666 πρὸ

309 5677 418 5730 τοῦ
442 5679 771 5734 ἀνατεῖλαι.
803 5683 886 5734 Οὐ
926 5681 1040 5749 γὰρ
1065 5681 1307 5750 ἔϐρεξεν
1336 5687 1367 5738 ό
1405 5684 1549 5751 Θεὸς
1581 5685 1678 5738 ἐπὶ
1706 5684 1819 5752 τὴν
1843 5683 1977 5754 γῆν,

315 5761 428 5834 [95]
450 5765 875 5836 καὶᾶνθρωπος
892 5767 1005 5822 οὐκ
1031 5765 1109 5840 ἦν
1136 5768 1471 5840 ἐργάζεσθαι
1501 5771 1616 5842 τὴν
1651 5771 1784 5843 γῆν.
1809 5773 1976 5844 Πηγὴ

368 5873 394 5901 ⁸
418 5873 579 5925 Codex
603 5889 729 5926 unus
751 5877 1051 5928 διελθουσῶν.

3590 261 3694 317 1οθ

2027 367 2096 421 δὲ
2123 369 2440 424 ἀνέϐαινεν
2462 370 2530 424 ἐκ
2571 370 2683 438 τῆς
2720 370 2858 440 γῆς,
2900 372 3000 426 καί
3025 373 3249 436 ἐπότιζε
3273 374 3394 429 πᾶν
3420 376 3487 430 τὸ
3509 380 3695 445 πρόσ-

1996 467 1998 469 '
2027 467 2192 506 ωπον
2219 453 2329 521 τῆς
2364 452 2493 523 γῆς.
2535 455 2710 517 Πολὺς
2734 457 2762 508 ὁ
2803 457 3248 528 ἐγκεκρυμμένος
3281 458 3552 531 θησαυρὸς
3583 464 3696 526 τοῖς

2030 533 2255 604 βραχέσι
2283 537 2494 600 τούτοις
2523 537 2728 607 ῥήμασι
2749 555 2762 570 ο
2798 537 2877 590 διὸ
2915 541 3179 610 προσήκει
3216 542 3350 611 μετά
3378 543 3578 612 πολλῆς
3596 545 3696 615 τῆς

2029 617 2315 685 συνέσεως,
2341 621 2444 674 ὑπὸ
2473 621 2573 690 τῆς
2594 620 2685 673 τοῦ
2714 620 2847 673 Θεοῦ
2881 622 3098 693 χάριτος
3129 625 3520 694 ὸδηγουμένους
3549 628 3696 696 ἡμᾶς

2028 699 2332 767 ἀναπτύξαι
2397 703 2464 756 τὰ
2501 703 2785 774 εἰρημένα,
2840 705 2934 757 καὶ
2984 707 3273 769 κοινωνοὺς
3318 709 3461 777 ὑμᾶς
3513 707 3697 763 λαϐεῖν

2028 781 2123 833 τοῦ
2157 783 2385 836 πλούτου
2424 784 2612 838 τούτου
2638 786 2730 838 τοῦ
2758 786 3148 856 πνευματικοῦ.
3174 788 3246 840 Τὸ
3264 788 3369 859 γὰρ
3396 789 3618 860 Πνεῦμα
3637 792 3700 844 τὸ

2030 864 2186 932 ἅγιον
2217 867 2283 920 τὰ
2329 868 2589 937 μέλλοντα
2632 869 3025 940 προγινῶσκον,
3058 871 3142 922 ἵνα
3172 871 3360 940 μηδενὶ
3399 873 3510 926 τῶν
3562 873 3700 942 μετὰ

2029 946 2204 1001 ταῦτα
2226 948 2318 1020 ἐξῇ
2341 950 2687 1017 φιλονεικεῖν,
2728 952 2824 1005 καὶ
2846 952 3172 1016 ἀπεναντίας
3193 956 3257 1022 τῇ
3282 953 3401 1024 θείᾳ
3420 955 3608 1024 Γραφῇ
3631 955 3700 1008 τὰ

2031 1027 2140 1080 ἀπὸ
2160 1030 2268 1084 τῶν
2288 1033 2504 1086 οἰκείων
2520 1033 2795 1105 λογισμῶν
2822 1036 3103 1106 ἐπιφέρειν
3115 1038 3226 1098 τοῖς
3248 1037 3347 1104 τῆς
3375 1035 3702 1107 Ἐκκλησίας

2032 1109 2286 1181 δόγμασι,
2321 1115 2415 1168 καὶ
2435 1115 2531 1170 νῦν
2556 1117 2738 1180 πάλιν,
2763 1119 2900 1188 μετά
2930 1119 2990 1171 τὸ
3017 1119 3222 1183 διδάξαι
3243 1118 3352 1171 τῶν
3367 1120 3702 1190 δημιουργη-

2033 1194 2233 1248 θέντων
2253 1197 2350 1268 τὴν
2377 1199 2548 1263 τάξιν,
2569 1203 2662 1254 καὶ⁵
2688 1201 2741 1254 τί
2774 1203 2870 1272 μὲν
2894 1201 3106 1272 πρῶτον
3124 1203 3402 1273 παρήχθη,
3431 1202 3480 1254 τί
3499 1202 3555 1254 δὲ
3582 1201 3704 1254 δεύ-

2034 1292 2213 1347 τερον,
2250 1281 2344 1332 καὶ
2373 1282 2453 1334 ὅτι
2486 1281 2556 1335 τὰ
2584 1282 2694 1336 ἀπὸ
2724 1284 2823 1353 τῆς
2853 1285 2957 1354 γῆς
2988 1283 3278 1356 σπέρματα
3310 1283 3387 1354 τῷ
3421 1285 3564 1352 λόγῳ
3608 1285 3704 1337 καὶ

2033 1361 2111 1431 τῷ
2140 1363 2519 1434 προστάγματι
2549 1367 2658 1438 ὑπη
2670 1369 2964 1439 ρετουμένη
3001 1368 3095 1421 τοῦ
3140 1370 3410 1422 Δεσπότου
3441 1369 3704 1434 ἐξέδωκεν

2034 1451 2067 1519 ἡ
2110 1451 2202 1520 γῆ,
2251 1452 2344 1504 καὶ
2392 1453 2528 1524 πρὸς
2551 1454 2650 1519 τὰς
2686 1456 2881 1519 ὠδῖνας
2916 1457 3198 1528 διηγέρθη,
3240 1457 3364 1510 οὔτε
3412 1458 3502 1512 τοῦ
3553 1458 3702 1528 ἡλίου

2039 1533 2176 1603 πρὸς
2224 1534 2544 1608 συνέργειαν
2587 1538 2861 1609 δεηθεῖσα,
2905 1539 3044 1609 (πῶς
3074 1540 3182 1611 γὰρ
3228 1541 3322 1594 τοῦ
3357 1541 3582 1612 μηδέπω
3619 1542 3706 1612 δη-

2041 1616 2461 1686 μιουργηθέντος
2487 1620 2575 1689 1);)
2609 1619 2729 1673 οὔτε
2755 1623 2854 1691 τῆς
2889 1622 2996 1674 τῶν
3025 1623 3194 1676 ὑετῶν
3225 1624 3550 1695 ἐπομϐρίας,
3580 1623 3705 1678 οὐτε

2038 1698 2136 1766 τῆς
2166 1699 2258 1751 τοῦ
2285 1699 2574 1771 ἀνθρώπου
2607 1705 2870 1774 ἐργασίας
2891 1722 2904 1734 ·
2941 1705 3063 1758 οὐδέ
3104 1705 3212 1776 γὰρ
3239 1701 3391 1769 οὗτος
3422 1702 3490 1776 ἦν
3529 1723 3709 1776 παρα-

2038 1781 2189 1850 χθεὶς
2211 1783 2288 1845 είς
2318 1782 2377 1835 τὸ
2408 1783 2572 1854 μέσον
2590 1802 2604 1816 ⁸
2630 1786 2718 1839 διὰ
2749 1786 2908 1840 τοῦτο
2942 1787 3106 1842 πάλιν
3131 1789 3273 1841 κατά
3301 1789 3465 1859 μέρος
3492 1789 3708 1843 πάντων

2042 1865 2388 1936 μνημονεύει,
2417 1870 2500 1921 ἵνα
2521 1871 2629 1922 τῶν
2654 1872 3030 1942 ἀναισχυντεῖν
3054 1871 3473 1943 ἐπιχειρούντων
3494 1873 3711 1925 ἐπιστο-

2044 1947 2179 2020 μίσῃ
2209 1949 2310 2019 τὴν
2343 1952 2642 2006 ἀκόλαστον
2675 1954 2939 2022 γλῶτταν.
2970 1955 3035 2006 Τί
3055 1956 3163 2025 γάρ
3193 1972 3392 2024 φησιν;
3417 1949 3499 2026 τῌ
3523 1954 3714 2023 ἡμέρᾳ

2040 2029 2332 2097 ἐποίησεν
2363 2038 2396 2086 ό
2433 2037 2576 2101 Θεὸς
2603 2036 2709 2089 τὸν
2736 2036 2998 2104 οίῬανὸν
3027 2039 3123 2090 καὶ
3154 2039 3269 2104 τὴν
3301 2038 3438 2107 γῆν,
3470 2037 3568 2090 καὶ
3590 2036 3714 2091 πᾶν

2043 2113 2279 2180 χλωρὸν
2310 2115 2515 2182 ἀγιοοῦ,
2553 2117 2666 2183 πρὸ
2703 2118 2808 2171 τοῦ
2843 2119 3120 2186 γενέσθαι
3156 2121 3253 2173 ἐπὶ
3288 2120 3398 2188 τῆς
3435 2117 3568 2188 γῆς,
3615 2119 3714 2172 καί

2047 2192 2240 2246 πάντα
2287 2197 2505 2263 χόρτον
2536 2198 2742 2266 ἀγροῦ,
2780 2200 2891 2267 πρὸ
2950 2201 3056 2254 τοῦ
3103 2202 3430 2258 ἀνατεῖλαι.
3476 2203 3557 2255 Οὐ
3604 2199 3716 2270 γὰρ

2047 2276 2290 2345 ἔϐρεξεν
2320 2283 2354 2334 ό
2376 2283 2518 2350 Θεὸς
2550 2284 2647 2338 ἐπὶ
2688 2284 2803 2352 τὴν
2839 2285 2978 2355 γῆν,
3012 2288 3108 2340 καὶ
3144 2288 3452 2354 ἄνθρωπος
3490 2289 3600 2341 οὐκ
3636 2283 3718 2354 ἦν

2047 2359 2390 2430 ἐργάξεσθαι
2418 2365 2530 2435 τὴν
2553 2365 2690 2434 γῆν.
2723 2368 2890 2437 Πηγὴ
2914 2369 2982 2422 δὲ
3007 2370 3323 2424 ἀνέϐαινεν
3348 2371 3415 2423 ἐκ
3443 2369 3555 2437 τῆς
3580 2369 3716 2439 γῆς.

2049 2445 2146 2498 καὶ
2168 2445 2328 2498 ἐπότι
2341 2443 2407 2506 ζε
2427 2446 2551 2502 πᾶν
2569 2449 2634 2502 τὸ
2650 2453 2974 2518 πρόσωπον
3000 2451 3112 2520 τῆς
3126 2451 3260 2521 γῆς.
3285 2451 3454 2506 Τοῦτο
3472 2452 3717 2522 βούλεται

2049 2528 2244 2592 εἰπεῖν,
2275 2531 2456 2601 ὅτιτῷ
2483 2531 2624 2603 λόγῳ
2647 2533 2812 2587 αὑτοῦ
2841 2535 2936 2589 καὶ
2954 2535 3032 2606 τῷ
3067 2537 3448 2608 προστάγματι
3479 2536 3545 2589 τὰ
3581 2536 3719 2606 πρό-

2049 2623 2205 2680 τερον
2264 2612 2338 2684 μὴ
2377 2613 2502 2667 ὅντα
2540 2616 2620 2678 εἰς
2651 2615 2712 2668 τὸ
2745 2611 2882 2670 εἶναι
2917 2617 3152 2688 ὑπέστη,
3192 2620 3286 2672 καὶ
3317 2619 3461 2689 ἅπερ
3488 2619 3588 2671 οὑκ
3625 2615 3718 2690 ἦν,

2049 2691 2219 2746 ταῦτα
2249 2694 2442 2765 ἀθρόον
2501 2696 2792 2751 ἐδείκνυτο.
2862 2700 2918 2752 '0
2952 2699 3165 2770 χόρτος,
3191 2703 3220 2754 ό
3249 2702 3312 2753 ἐκ
3332 2701 3428 2770 τῆς
3455 2701 3560 2770 γῆς
3586 2702 3720 2754 ἀνα-

2051 2773 2324 2846 διδόμενος
2342 2793 2355 2807 ·
2385 2778 2576 2848 χόρτον
2594 2779 2648 2832 δέ
2671 2780 2798 2833 ὅταν
2824 2781 2973 2852 εἴπῃ,
2992 2781 3059 2835 τά
3089 2783 3382 2854 σπέρματα
3398 2783 3614 2838 ἅπαντα
3631 2783 3722 2837 λέ-

2053 2874 2160 2926 γει.
2194 2861 2303 2914 Καὶ
2325 2862 2452 2932 περὶ
2482 2862 2590 2915 τῶν
2618 2863 2789 2916 ὑετῶν
2817 2863 3139 2919 διδάσκουσα
3160 2868 3327 2936 ἡμᾶς,
3359 2867 3522 2920 πάλιν
3544 2869 3577 2936 ἡ
3605 2866 3725 2926 θεία

2053 2941 2244 3012 Γραφὴ
2267 2944 2573 3014 ἐπηγαγενο
2592 2947 2674 2999 Οὐ
2700 2947 2812 3014 γὰρ
2835 2946 3079 3015 ἔϐρεξεν
3099 2951 3130 3002 ό
3163 2947 3303 3014 Θεὸς
3327 2950 3420 3004 ἐπὶ
3440 2948 3553 3016 τὴν
3573 2949 3692 3018 γῆν
3707 2966 3721 2980 ο

2055 3023 2199 3077 τοῦτ’
2232 3025 2398 3091 ἔστιν,
2433 3027 2644 3081 οὐδέπω
2666 3029 2787 3082 οὐδὲ
2809 3030 2956 3083 ὑετοὶ
2981 3030 3186 3085 ἄνωθεν
3207 3031 3592 3102 κατεφέροντο·
3630 3033 3726 3086 καὶ

2060 3109 2195 3178 μετά
2226 3111 2381 3164 τοῦτο
2404 3110 2592 3166 λοιπὸν
2623 3113 2894 3166 δείκνυσιν
2923 3117 3072 3185 ἡμῖν,
3116 3115 3198 3168 ὅτι
3229 3115 3350 3169 οὐδέ
3386 3117 3482 3186 τῆς
3512 3114 3605 3169 τοῦ
3635 3116 3730 3168 ἀνο

2057 3193 2274 3264 θρώπου
2303 3196 2566 3266 ἐργασίας
2599 3195 2792 3267 ἐδεήθη
2814 3214 2827 3229 ·
2866 3198 3200 3265 Ἀνθρωπος
3231 3199 3362 3269 γὰρ,
3403 3200 3589 3268 φησὶν,
3614 3201 3729 3254 οὐκ

2057 3273 2136 3345 ἦν
2163 3276 2507 3346 ἐργάζεσθαι
2524 3279 2638 3348 τὴν
2655 3279 2772 3350 γῆν
2791 3297 2804 3310 ο
2837 3283 3118 3352 μονονουχὶ
3147 3281 3347 3351 βοῶσα,
3372 3284 3465 3335 καὶ
3498 3281 3728 3348 λέγουσα

2059 3361 2170 3422 τοῖς
2207 3359 2346 3428 μετά
2389 3361 2561 3414 ταῦτα
2593 3362 2816 3426 ἅπασιν,
2851 3363 2931 3416 ὃτι
2959 3363 3128 3416 ταῦτα
3171 3363 3457 3426 ἀκούοντες
3506 3364 3727 3434 μάθετε,

2063 3441 2179 3502 πῶς
2209 3440 2269 3504 ἐξ
2296 3441 2472 3510 ἀρχῆς
2507 3442 2722 3496 ἅπαντα
2759 3445 3013 3514 παρήχθη
3043 3444 3110 3496 τὰ
3148 3445 3254 3497 ἀπὸ
3285 3445 3382 3515 τῆς
3412 3446 3517 3514 γῆς
3553 3447 3733 3498 ἀναδι-

2062 3523 2284 3590 δόμενα,
2315 3525 2411 3575 καὶ
2437 3523 2510 3593 μὴ
2537 3527 2602 3592 τῇ
2628 3525 2914 3594 ἐπιμελείᾳ
2941 3527 3048 3578 τῶν
3069 3526 3164 3596 τὴν
3198 3529 3300 3597 γῆν
3325 3529 3733 3598 θεραπευόντων

2063 3606 2126 3658 τὸ
2159 3608 2268 3658 πᾶν
2299 3605 2602 3673 λογίζεσθε,
2647 3607 2780 3676 μηδὲ
2817 3608 3043 3672 ἐκείνοις
3088 3610 3187 3673 τὰς
3235 3611 3428 3673 ὠδῖνας
3477 3612 3675 3676 ταύτας
3706 3625 3731 3654 ε

2067 3690 2423 3760 ἐπιγράφετε,
2469 3689 2605 3744 ἀλλά
2637 3691 2714 3761 τῷ
2750 3690 2894 3761 λόγῳ
2944 3692 3036 3744 καὶ
3075 3692 3152 3762 τῷ
3184 3694 3517 3764 ἐπιτάγματι
3558 3695 3636 3766 τῷ
3675 3697 3736 3762 ἐξ

2066 3774 2241 3845 ἀρχῆς
2268 3773 2402 3844 πρὸς
2433 3773 2603 3844 αὐτὴν
2634 3774 2784 3844 παρά
2799 3774 2892 3827 τοῦ
2922 3775 3421 3848 δημιουργήσαντος
3444 3777 3610 3848 αὐτὴν
3640 3796 3735 3847 γε·-

2067 3858 2297 3928 νομένῳ.
2330 3856 2514 3910 Ταῦτα
2535 3857 2590 3910 δὲ
2621 3856 2838 3912 ἅπαντα
2854 3859 3084 3926 γίνεται,
3117 3863 3205 3914 ἵνα
3232 3862 3511 3934 μάθωμεν,
3531 3865 3612 3916 ὄτι
3637 3864 3739 3917 οὐκ

2069 3942 2263 4012 ἐδεήθη
2312 3941 2410 4012 τῆς
2436 3941 2546 3994 τῶν
2589 3941 2763 3994 ἄλλων
2797 3942 3074 4012 στοιχείων
3112 3946 3432 4016 συνεργείας
3465 3946 3598 4018 πρὸς
3637 3947 3738 4018 τὴν

2067 4025 2176 4078 τῶν
2205 4023 2417 4078 οἰκείων
2448 4025 2776 4093 σπερμάτων
2799 4026 3069 4081 ἀνάδοσιν.
3104 4027 3218 4080 ἀλλ’
3243 4029 3484 4099 ἠρκέσθη
3518 4030 3596 4100 τῷ
3619 4033 3740 4083 ἐπι-

2069 4111 2309 4179 τάγματι
2338 4108 2431 4162 τοῦ
2468 4109 2533 4179 δη
2543 4126 2664 4178 μιου
2675 4108 2825 4180 ργοῦ.
2859 4111 2969 4162 Καὶ
2997 4110 3055 4162 τὸ
3081 4111 3144 4182 δὴ
3180 4111 3494 4182 θαυμαστὸν
3522 4114 3616 4166 καὶ
3641 4131 3741 4166 πα-

2073 4191 2316 4264 ράδοξον,
2349 4187 2502 4254 οὗτος
2523 4194 2551 4244 ὁ
2574 4191 2668 4244 νῦν
2689 4192 2768 4262 τῷ
2794 4193 2978 4263 οἰκείῳ
2997 4192 3140 4262 λόγῳ
3164 4193 3299 4265 πρὸς
3322 4194 3422 4264 τὴν
3439 4194 3545 4247 τῶν
3559 4195 3744 4248 τοσούο

2069 4291 2176 4326 των
2197 4274 2528 4344 σπερμάτων
2551 4273 2787 4343 βλάστην
2804 4274 2972 4345 αὐτὴν
2991 4274 3282 4346 διεγείρας,
3303 4277 3396 4329 καὶ
3411 4277 3510 4350 τὴν
3531 4279 3742 4331 οἰκείαν

2071 4355 2299 4424 δύναμιν
2331 4354 2759 4425 ἐπιδειξάμενος,
2803 4355 3234 4427 ὑπερϐαίνουσαν
3273 4358 3364 4412 τὸν
3399 4359 3742 4430 ἀνθρώπινον

2070 4438 2352 4510 λογισμὸν,
2389 4439 2593 4510 ταύτην
2639 4439 2809 4511 αὐτὴν
2835 4441 2933 4510 τὴν
2964 4441 3207 4512 βαρεῖαν,
3239 4444 3334 4496 καὶ
3376 4443 3466 4496 τὸν
3488 4445 3742 4498 τοσοῦτον

2073 4523 2276 4594 κόσμον
2305 4523 2396 4576 ἐπὶ
2417 4523 2525 4576 τῶν
2551 4522 2766 4576 οἰκείων
2787 4522 2970 4577 νώτων
2993 4525 3262 4596 φέρουσαν
3285 4527 3376 4579 ἐπὶ
3399 4526 3507 4579 τῶν
3532 4527 3741 4581 ὑδάτων

2075 4605 2420 4677 ἐθεμελίωσε,
2454 4606 2636 4670 καθὼς
2661 4609 2689 4660 ό
2729 4609 3012 4678 προφήτης
3061 4609 3244 4679 φησὶν,
3288 4610 3349 4661 '0
3377 4609 3744 4677 θεμελιώσας

2073 4690 2172 4744 ἐπὶ
2200 4689 2318 4743 τῶν
2346 4689 2581 4744 ὑδάτων
2606 4690 2722 4757 τὴν
2747 4689 2883 4758 γῆν.
2909 4692 3066 4752 Ποῖος
3100 4689 3356 4758 λογισμὸς
3389 4690 3503 4761 [94]
3537 4692 3742 4762 ἀνθρώ-

2076 4789 2230 4836 πινος
2261 4770 2286 4810 ἀ
2319 4771 2602 4840 ἐφικέσθαι
2648 4769 2853 4824 τούτων
2893 4771 3221 4840 δυνήσεταις
3269 4770 3487 4841 Ἐπειδὴ
3536 4772 3643 4843 γάρ
3693 4775 3745 4827 οἰ

2076 4855 2354 4924 ἄνθρωποι
2385 4854 2562 4916 οἰκίας
2607 4851 3073 4923 οἰκοδομούμενοι,
3115 4855 3210 4907 καὶ
3248 4854 3530 4926 θεμελίους
3577 4873 3744 4911 κατα-

2083 4938 2300 4992 ϐάλλειν
2330 4936 2663 5008 βουλόμενοι,
2701 4936 2967 5007 πρότερον
2989 4935 3427 5000 διασκάπτοντες,
3455 4938 3549 4990 καὶ
3578 4939 3656 5001 εἰς
3683 4940 3745 4993 τὸ

2080 5021 2241 5091 βάθος
2271 5019 2569 5084 κατιόντες,
2587 5019 2691 5074 κᾶν
2720 5018 2922 5090 μικρὰν
2952 5019 3131 5073 νοτίδα
3153 5019 3322 5084 ἴδωσι,
3353 5019 3530 5073 πάντα
3562 5019 3747 5074 ποιοῦ-

2079 5119 2186 5165 σιν,
2221 5101 2361 5155 ὥστε
2402 5103 2580 5156 πᾶσαν
2611 5102 2783 5173 αὐτὴν
2808 5101 3156 5172 ἐξαντλῆσαι,
3192 5103 3286 5157 καὶ
3310 5101 3453 5155 οὑτω
3484 5105 3610 5166 τούς
3651 5105 3746 5158 θε·

2083 5185 2295 5254 μελίους
2325 5186 2651 5239 καταϐαλεῖν
2671 5203 2685 5217 ο
2719 5185 2808 5239 διὰ
2840 5185 3000 5239 τοῦτο
3030 5187 3124 5239 καὶ
3161 5188 3190 5239 ό
3223 5184 3329 5239 τῶν
3361 5187 3616 5243 ἀπάντων
3644 5192 3746 5262 δη-

2085 5270 2341 5340 μιουργὸς
2375 5270 2704 5334 ἀπεναντίας
2749 5273 2815 5342 τῇ
2853 5270 3172 5343 ἀνθρωπίνῃ
3212 5272 3371 5338 φύσει
3403 5272 3618 5328 ἅπαντα
3651 5275 3748 5345 δη-

2085 5353 2354 5422 μιουργεῖ,
2391 5352 2478 5405 ἵνα
2527 5352 2704 5424 μάθῃς
2753 5355 2848 5406 καὶ
2877 5353 2942 5405 ἐκ
2970 5351 3174 5404 τούτων
3204 5352 3367 5404 αὑτοῦ
3396 5355 3496 5423 τὴν
3539 5355 3748 5424 ἄφατον

2081 5434 2330 5505 δύναμιν,
2361 5437 2453 5489 καὶ
2473 5437 2576 5500 ὅτι,
2603 5436 2822 5490 ἐπειδὰν
2848 5434 3105 5506 βουληθῇ,
3137 5435 3230 5487 καὶ
3251 5435 3390 5489 αὑτά
3410 5436 3477 5489 τά
3508 5442 3740 5508 στοιχεῖα

2086 5523 2158 5576 τὰ
2195 5523 2413 5579 ἐναντία
2458 5525 2526 5595 τῇ
2557 5525 2734 5595 οἰκείᾳ
2766 5523 3016 5594 ἐνεργείᾳ
3101 5523 3487 5592 ἐπιδείκνυται,
3519 5524 3598 5598 τῷ
3631 5529 3754 5582 ἐπι-ν

2083 5606 2324 5676 τάγματι
2354 5605 2446 5659 τοῦ
2475 5606 2976 5678 δημιουργήσαντος
3010 5605 3443 5679 ὑπηρετούμενα.

2136 5691 2184 5760 γ
2189 5732 2204 5746 .
2219 5694 2764 5766 Καίῖνασαφέστερον
2778 5695 2907 5765 ὑμῖν
2934 5694 3159 5766 γένηται
3185 5695 3246 5749 τὺ
3276 5695 3587 5767 λεγόμενον,
3615 5696 3753 5762 τέως

2137 5813 2169 5851 δ
2209 5809 2403 5861 Coislin.
2449 5807 2648 5868 μηδέπω
2690 5807 2944 5866 δεηθέντος.
3016 5811 3036 5840 ε
3069 5808 3288 5868 Quatuor
3319 5823 3431 5857 mss.
3455 5809 3537 5865 τὰς
3579 5809 3752 5861 ὠδῖνας

2087 5879 2275 5932 ταύτης.
2343 5871 2369 5910 ⁴ι
2395 5872 2594 5922 CulsJu.
2620 5872 2772 5926 ,ποῐος
2825 5871 2985 5933 λόγος,
3008 5873 3038 5931 ἢ
3059 5872 3164 5930 νοῦς
3189 5873 3488 5935 ἀνθρώπινος.
