4122 6204
500 263 594 318 101

497 381 586 434 ἐπ’
616 382 781 438 αὑτοῦ
818 381 914 436 τοῦ
943 376 1305 449 προκειμένου
1336 377 1426 433 τδν
1456 378 1617 448 λόγον
1656 382 2047 453 γυμνάσωμεν,
2078 386 2173 439 καὶ

499 471 620 525 τότε
638 469 737 524 καὶ
756 467 844 536 ἐφ’
872 466 1058 535 ἔτερον
1083 464 1527 536 μεταϐησόμεθα.
1552 466 1724 519 Τοῦτο
1742 466 1851 538 γάρ
1870 469 2001 523 αὑτὸ
2027 471 2181 524 ἐναν-

498 557 613 610 τίον
646 554 764 608 ἐστὶ
791 555 858 624 τῇ
884 550 1047 622 φύσει
1076 549 1186 605 τῶν
1208 551 1444 618 ὑδάτων,
1470 552 1533 605 τὸ
1564 551 1711 606 οὓτω
1734 552 1873 623 βαρὺ
1897 554 2057 625 σῶμα
2083 557 2182 625 φέο

502 656 655 713 ρεινο
689 639 783 691 καὶ
812 640 879 708 τῇ
911 639 982 708 γῇ
1009 635 1172 691 πάλιν
1197 636 1442 691 ἐναντίον
1465 637 1528 691 τὸ
1565 637 1658 691 ἐπὶ
1689 636 1917 711 τοιούτῳ
1943 640 2180 713 θεμελίῳ

498 724 596 795 τὴν
627 725 788 794 ἔδραν
822 723 987 794 ἔχειν.
1024 724 1135 777 Kal
1165 723 1219 777 τί
1261 722 1598 795 θαυμάζεις;
1636 725 1755 779 Κάν
1782 727 1894 798 γὰρ
1925 728 2012 796 ἐφ’
2045 728 2179 783 ἑκά..

497 824 626 860 στου
654 807 763 861 τῶν
787 806 1096 879 γενομένων
1120 806 1470 878 διερευνῆσαι
1495 807 1784 880 βουληθῇς,
1805 811 2058 883 εὑρήσεις
2085 812 2179 865 τοῦ

495 894 1008 966 δημιουργήσαντος
1026 894 1257 966 ἄπειρον
1275 894 1374 965 τὴν
1402 896 1652 965 δύναμιν,
1685 896 1779 950 καὶ
1806 897 1888 951 ὅτι
1912 900 1978 969 τῇ
2004 899 2180 970 οἰκείᾳ

498 975 990 1052 βουλήσει⁶ήνιοχεῖ
1016 981 1195 1035 πάντα
1218 981 1289 1034 τὰ
1313 980 1589 1053 ὁρώμενα.
1624 982 1799 1037 Τοῦτο
1837 984 1947 1054 γάρ
1976 985 2070 1037 κα¹ι
2089 986 2181 1037 ἐπὶ

496 1067 595 1121 τοῦ
630 1069 801 1139 πυρὸς
829 1068 979 1122 ἔστιν
1023 1068 1152 1121 ἰδεῖν
1188 1066 1509 1137 γινόμενονο
1552 1067 1615 1120 τὸ
1659 1068 1766 1140 γὰρ
1799 1068 2178 1139 δαπανητικὴν

498 1154 625 1227 ἔχον
663 1156 966 1228 ἐνέργειαν,
1009 1155 1105 1208 καὶ
1137 1155 1355 1207 πάντων
1390 1154 1825 1225 περιγινόμενον,
1873 1156 1966 1208 καὶ
1999 1157 2178 1208 πᾶσαν

502 1241 636 1315 ὕλην
656 1241 841 1307 λίθων,
871 1242 966 1295 καὶ
1004 1240 1197 1308 ξύλων,
1238 1242 1333 1295 καί
1362 1242 1654 1311 σωμάτων,
1689 1243 1780 1295 καὶ
1805 1243 2025 1314 σιδήρου
2059 1244 2178 1313 μετ’

502 1329 753 1392 εὐκολίας
774 1327 1192 1393 καταναλίσκον,
1212 1328 1398 1398 ἐπειδὴ
1434 1327 1768 1399 προσέταξεν
1784 1329 1811 1380 0
1825 1327 2189 1399 δημιουργὸς,

502 1418 771 1489 σωμάτων
802 1416 1028 1471 ἁπαλῶν
1062 1416 1158 1469 καὶ
1194 1415 1450 1487 φθαρτῶν
1491 1417 1593 1487 οὑχ
1634 1416 1831 1486 ἥψατο,
1865 1415 1979 1469 ἀλλ’
2008 1415 2181 1469 ἀϐλα-

499 1507 617 1569 ϐεῖς
652 1506 781 1570 τοὺς
816 1504 1016 1568 παῖδας
1044 1503 1390 1573 διεφύλαττεν
1424 1504 1482 1557 ἐν
1520 1504 1663 1575 μέσῃ
1696 1505 1768 1574 τῇ
1808 1502 2042 1574 καμίνῳ.
2069 1503 2182 1556 Kal

505 1595 581 1666 μὴ
605 1593 915 1667 θαυμάσῃς,
956 1595 1005 1645 εἰ
1038 1592 1146 1646 τῶν
1194 1592 1462 1662 σωμάτων
1486 1590 1663 1645 αὐτῶν
1705 1592 1803 1662 οὑχ
1826 1591 2019 1662 ἥψατο,
2062 1590 2179 1644 ἁλλ’

501 1681 755 1746 εὐταξίαν
820 1680 1091 1750 τοσαύτην
1160 1679 1472 1745 ἐπεδείξατο
1539 1679 1599 1731 τὸ
1659 1676 1863 1747 ἄλογον
1922 1681 2179 1748 στοιχεῖον

499 1770 632 1840 ὅσην
673 1768 796 1823 οὐδὲ
829 1768 976 1822 ἔστιν
1004 1768 1198 1821 εἰπεῖν.
1227 1767 1361 1819 Οὐδὲ
1389 1765 1506 1837 γὰρ⁶
1530 1768 1649 1829 ταῖς
1687 1765 1863 1837 θριξὶν
1902 1765 2178 1836 ἐλυμήνα-

498 1875 583 1921 το,
613 1856 729 1912 ἀλλ’
754 1856 983 1910 ἐκύκλου
1013 1854 1113 1925 μὲν
1139 1854 1363 1917 αὑτοὺς,
1402 1854 1497 1906 καὶ
1537 1847 1683 1923 εἶχεν
1715 1853 1860 1906 ἔνδον
1878 1868 1899 1884 ο
1929 1852 2195 1926 καθάπερ-

499 1944 557 1998 δέ
581 1942 828 2014 ὑπακοὴν
858 1941 1139 2014 πληροῦσα
1175 1943 1209 2011 ή
1236 1940 1331 1993 τοῦ
1361 1940 1534 2013 πυρὸς
1573 1939 1751 2004 οὐσία,
1785 1940 1877 1993 καὶ
1905 1941 2179 1995 Δεσπότου

500 2031 835 2101 ἐπιτάγματι
867 2028 1308 2100 ὑπηρετουμένη,
1342 2026 1634 2096 ἀκεραίους
1681 2027 1775 2080 καὶ
1818 2026 2075 2090 ἀϐλαϐεῖς
2103 2026 2182 2080 διο

501 2118 767 2189 εφύλαττε
804 2116 932 2178 τοὺς
982 2114 1330 2185 θαυμαστοὺς
1358 2113 1604 2176 ἐκείνους.
1631 2115 1847 2177 παῖδας,
1875 2114 1971 2167 καὶ
1990 2112 2179 2185 ῶσπερ

501 2208 560 2260 ἐν
613 2203 840 2275 λειμῶνι
886 2201 980 2256 καὶ
1026 2200 1339 2274 παραδείσῳ
1374 2199 1702 2271 βαδίζοντες,
1744 2201 1884 2271 μετὰ
1913 2200 2181 2272 τοσαύτης

500 2294 683 2358 ἁδείας
720 2294 814 2347 ἐπὶ
838 2291 936 2363 τῆς
968 2290 1198 2363 καμίνου
1228 2288 1439 2360 διῆγον.
1474 2289 1584 2343 Kal
1611 2289 1700 2341 ἵνα
1742 2289 1821 2360 μὴ
1850 2289 2046 2361 νομίσῃ
2073 2305 2180 2355 τις,

500 2382 585 2435 ὅτι
610 2381 714 2435 οὐκ
737 2375 806 2452 ἦν
833 2379 1085 2449 ἐνέργεια
1111 2377 1285 2449 πυρὸς
1311 2377 1372 2430 τὸ
1397 2375 1697 2448 ὁρώμενον,
1728 2376 1816 2431 διά
1841 2376 2001 2430 τοῦτο
2028 2379 2058 2430 0
2091 2394 2185 2445 φι-

500 2468 823 2541 λάνθρωπος
853 2466 1134 2537 Δεσπότης
1159 2464 1221 2518 οὐ
1252 2465 1350 2535 τὴν
1384 2466 1664 2535 ἐνέργειαν
1690 2464 1855 2518 αὑτοῦ
1894 2463 2179 2534 ὲπέδησεν,

499 2556 615 2610 ἀλλ’
643 2555 802 2624 ἀφεὶς
850 2552 1032 2623 μένειν
1081 2554 1180 2620 τήν
1223 2550 1504 2622 ἐνέργειαν
1536 2551 1700 2605 αὑτοῦ
1730 2550 1828 2622 τὴν
1857 2551 2178 2621 καυστικὴν,

500 2643 630 2707 τοὺς
658 2641 821 2704 ἰδίους
850 2639 1192 2710 θεράποντας
1215 2638 1521 2709 ἀνωτέρους
1544 2638 1646 2709 τῆς
1670 2640 1735 2692 ἐκ
1758 2637 1951 2691 τούτου
1979 2637 2182 2709 βλάϐης

501 2729 807 2803 εἰργάζετο.
824 2728 963 2781 Ἀλλ’
988 2728 1076 2781 ἵνα
1104 2725 1315 2797 μάθωσι
1346 2727 1441 2781 καὶ
1468 2729 1517 2781 οί
1547 2727 1912 2798 ἐμϐαλόντες,
1965 2727 2065 2797 ὅση
2086 2724 2181 2779 τοῦ

500 2819 612 2872 τῶν
639 2818 776 2871 ὅλων
803 2815 939 2871 Θεοῦ
972 2817 1006 2887 ἡ
1032 2814 1283 2885 δύναμις,
1315 2814 1403 2867 ἐπ’
1431 2815 1658 2868 ἐκείνων
1684 2815 1785 2885 μὲν
1830 2815 1931 2885 τὴν
1976 2814 2183 2867 οἰκείαν

500 2907 783 2979 ἐνέργειαν
812 2904 1157 2957 ἐπεδείκνυτο
1178 2903 1242 2956 τὺ
1271 2902 1381 2975 πῦρ
1403 2920 1417 2934 ·
1447 2904 1543 2957 xal
1568 2903 1630 2956 τὸ
1654 2902 1787 2956 αὐτὸ
1816 2901 2057 2966 ἐκείνους
2084 2902 2184 2973 μὲν

503 2992 881 3068 περιέστελλεν
914 2992 1085 3059 ἔνδον,
1116 2992 1342 3056 τούτους
1374 2991 1430 3045 δὲ
1457 2992 1563 3059 ἔξω
1592 2991 1833 3055 ἑστῶτας
1882 2989 2184 3060 κατέφλεγε

500 3086 597 3141 καὶ
641 3085 950 3156 ἀνήλισκεν.
981 3079 1137 3148 Εἶδες
1185 3082 1325 3147 πῶς,
1351 3083 1481 3137 ὅταν
1520 3084 1549 3137 0
1589 3082 1866 3154 Δεσπότης
1902 3080 2180 3153 βούληται,

501 3174 732 3227 ἔκαστον
781 3169 892 3224 τῶν
940 3170 1219 3240 στοιχείων
1267 3169 1405 3241 πρὸς
1436 3170 1537 3236 τὴν
1585 3168 1834 3222 ἐναντίαν
1866 3167 2187 3241 μεθίστησιν

502 3258 723 3320 οὐσίανς
756 3256 1097 3328 Δημιουργὸς
1125 3257 1235 3328 γάρ
1268 3257 1385 3309 ἐστι
1429 3256 1524 3308 καὶ
1567 3254 1866 3326 Δεσπότης,
1908 3253 2005 3308 καί
2048 3255 2183 3325 πρὸς

501 3348 563 3401 τὸ
594 3347 793 3401 οἰκεῖον
818 3346 1030 3418 θέλημα
1054 3346 1272 3401 ἃπαντα
1302 3347 1597 3415 οἰκονομεῖ.
1636 3344 1904 3398 Βούλεσθε
1951 3344 2048 3397 καὶ
2090 3343 2183 3397 ἐπὶ

501 3433 610 3488 τῶν
636 3436 845 3489 ὑδάτων
877 3433 1040 3488 πάλιν
1069 3433 1198 3487 ἰδεῖν
1230 3432 1291 3486 τὸ
1316 3432 1449 3487 αὐτὸ
1473 3432 1629 3485 τοῦτο
1663 3432 1973 3502 γινόμενον;
2001 3431 2187 3485 Καθά-

504 3540 610 3596 περ
641 3523 749 3595 γὰρ
778 3521 1011 3577 ἐνταῦθα
1035 3521 1095 3575 τὺ
1120 3521 1233 3593 πῦρ
1261 3521 1370 3575 τῶν
1399 3520 1498 3592 μὲν
1520 3520 1666 3573 ἔνδον
1694 3520 1864 3573 ὅντων
1890 3520 2181 3591 ἀπέσχετο,

503 3612 598 3666 καὶ
629 3609 922 3664 ἐπελάθετο
959 3610 1057 3680 τῆς
1088 3608 1298 3672 οἰκείας
1327 3607 1628 3680 ἐνεργείας,
1679 3608 1773 3661 ἐπὶ
1816 3607 1875 3660 δὲ
1924 3608 2032 3661 τῶν
2080 3606 2185 3673 ἔξω

501 3698 879 3770 τυγχανόντων
924 3698 995 3750 τά
1039 3695 1235 3749 ἑαυτοῦ
1285 3696 1549 3765 ἐπλήρου,
1580 3695 1723 3749 οῦτω
1772 3696 1867 3749 καὶ
1903 3695 1972 3749 τὰ
2015 3695 2185 3749 ὕδατα

500 3784 747 3857 ὀψόμεθα
778 3784 905 3846 τοὺς
949 3783 1047 3853 μὲν
1084 3781 1453 3851 ὑποϐρυχίους
1494 3780 1857 3851 ἐργαζόμενα,
1893 3782 2100 3850 ἑτέροις
2128 3782 2185 3835 δέ

505 3870 912 3942 ὑποχωροῦντα,
946 3867 1088 3920 ὥστε
1134 3865 1389 3929 ἀϐλαϐῶς
1427 3868 1622 3929 αὐτοὺς
1652 3866 1898 3921 διελθεῖν.
1918 3868 2186 3937 Ἀναμνή-

506 3956 670 4029 σθητέ
703 3970 793 4025 μοι
828 3954 923 4010 νῦν
954 3953 1048 4006 τοῦ
1080 3951 1195 4024 [95]
1224 3952 1427 4025 Φαραὼ
1457 3952 1551 4006 καὶ
1588 3953 1698 4009 τῶν
1729 3953 2063 4022 Αἰγυπτίων,
2093 3955 2185 4008 καὶ

502 4045 599 4100 τοῦ
624 4045 795 4116 δήμου
826 4041 936 4097 τῶν
973 4041 1263 4113 Ἐϐραίων,
1287 4041 1435 4104 ὅπως
1471 4042 1670 4094 ἐκεῖνοι
1694 4042 1794 4111 μὲν
1818 4042 1907 4095 διά
1928 4040 1991 4095 τὸ
2017 4042 2186 4112 πρόσ-

503 4149 691 4204 ταγμα
714 4129 808 4184 τοῦ
839 4129 1135 4194 Δεσπότου,
1164 4127 1261 4182 τοῦ
1298 4127 1537 4198 μεγάλου
1566 4128 1847 4192 Μωῦσέως
1906 4145 2186 4200 προηγου-

508 4222 691 4293 μένου,
724 4219 979 4290 καθάπερ
1007 4219 1102 4272 ἐπὶ
1139 4217 1334 4287 ξηρᾶς,
1363 4215 1508 4270 οὕτω
1536 4215 1804 4270 διέϐαινον
1831 4216 1920 4271 διά
1947 4217 2049 4287 τῆς
2083 4218 2180 4271 θα-

504 4307 710 4377 λάσσης
757 4306 861 4374 τῆς
904 4305 1143 4375 ἐρυθρᾶς
1164 4320 1181 4336 ·
1210 4304 1260 4355 οἰ
1284 4301 1342 4356 δὲ
1373 4303 1662 4370 Αἰγύπτιοι
1696 4304 1834 4374 μετά
1860 4303 1955 4357 τοῦ
1987 4304 2187 4376 Φαραὼ

502 4396 605 4464 τήν
651 4392 824 4462 αὐτὴν
867 4391 1052 4453 αὐτοῖς
1089 4388 1267 4443 ἐλθεῖν
1312 4388 1430 4442 000v
1462 4388 1833 4460 βουληθέντες,
1865 4391 2185 4464 ὑποϐρύχιοι

502 4478 786 4548 γενόμενοι
815 4474 1283 4540 κατεποντίζοντο.
1313 4474 1503 4538 Οὕτως
1541 4471 1650 4528 οἶδε
1694 4476 1787 4530 καί¹
1831 4478 1900 4531 τά
1949 4481 2186 4551 στοιχεῖα

505 4564 771 4621 αἰδεῖσθαι
810 4564 939 4628 τοὺς
981 4563 1077 4617 τοῦ
1120 4561 1394 4616 Δεσπότου
1431 4562 1798 4633 θεράποντας,
1832 4564 1927 4617 καὶ
1967 4564 2065 4636 τὴν
2107 4567 2187 4619 οἰ-

506 4654 661 4709 κείαν
689 4651 865 4726 όρμὴν
907 4652 1016 4706 ἔσω
1046 4650 1319 4723 κατέχειν.
1338 4649 1685 4722 Ἀκούσωμεν
1732 4652 1847 4705 ὅσοι
1895 4651 2183 4724 θυμὼδεις,

503 4744 619 4797 ὅσοι
661 4741 891 4810 ὀργίλοι,
921 4740 1035 4794 ὅσοι
1085 4739 1192 4793 ὑπὸ
1219 4739 1328 4793 τῶν
1360 4737 1537 4793 ἀλλων
1574 4736 1764 4793 παθῶν
1790 4738 1878 4793 διά
1912 4741 2185 4813 ρᾳθυμίαν

506 4830 852 4900 ἁλισκόμενοι
881 4827 981 4900 τήν
1016 4825 1227 4880 ἑαυτῶν
1274 4824 1596 4897 προδίδομεν
1645 4826 1942 4898 σωτηρίαν,
1975 4828 2066 4882 καὶ
2095 4847 2187 4901 μι-

509 4915 810 4989 μησὼμεθα
853 4915 962 4968 τῶν
996 4913 1206 4983 ἀλόγων
1241 4912 1447 4968 τούτων
1472 4913 1753 4984 στοιχείων
1780 4913 1879 4985 τὴν
1918 4915 2186 4987 τοσαύτην

507 5004 771 5074 ὑπακοὴν,
800 5004 963 5074 ἡμεῖς
995 5003 1044 5055 οἰ
1077 5001 1219 5073 λόγῳ
1245 5001 1621 5073 τετιμημένοι.
1649 5003 1714 5056 Εἰ
1742 5003 1851 5075 γάρ
1884 5003 1945 5057 τὸ
1978 5005 2186 5078 πῦρ,τὸ

506 5092 648 5147 οὕτω
677 5088 1065 5161 δαπανητικδν,
1092 5088 1154 5142 τὸ
1178 5089 1320 5143 οὓτω
1352 5089 1601 5161 σφοδρὸν,
1627 5093 1896 5163 σωμάτων
1930 5092 2187 5165 φθαρτῶν

507 5180 603 5235 καὶ
630 5178 804 5243 οὕτως
834 5176 1059 5233 ἁπαλῶν
1088 5175 1378 5247 ἀπέσχετο,
1401 5177 1561 5241 ποίας
1592 5178 1660 5231 ἀν
1683 5178 1823 5253 τύχῃ
1854 5180 2187 5253 συγγνώμης

508 5267 814 5338 ἄνθρωπος,
851 5263 926 5336 μὴ
973 5262 1292 5335 βουλόμενος
1332 5263 1424 5317 τὸν
1455 5264 1649 5319 ἑαυτοῦ
1682 5265 1979 5336 χαλινῶσαι
2018 5268 2187 5340 θυμὸν

507 5354 595 5408 διά
619 5354 680 5407 τὸ
703 5354 985 5424 ἐπίταγμα
1029 5352 1124 5405 τοῦ
1151 5351 1448 5416 Δεσπότου,
1475 5352 1570 5406 καὶ
1597 5353 1695 5423 τὴν
1729 5354 1899 5425 ὀργὴν
1923 5354 2022 5427 τὴν
2049 5358 2186 5429 πρὸς

507 5441 602 5496 τὸν
630 5440 856 5511 πλησίον
899 5440 1181 5505 ἐκϐαλεῖν;
1210 5439 1320 5492 Kal
1353 5438 1412 5494 τὸ
1443 5439 1508 5511 δὴ
1547 5441 1761 5510 μεῖζον,
1803 5442 1883 5496 ὅτι
1917 5443 2028 5515 πῦρ
2055 5445 2186 5498 ταύ-

509 5544 608 5599 την
644 5527 766 5599 ἔχον
793 5527 889 5599 τὴν
919 5528 1128 5595 οὐσίαν,
1156 5526 1216 5580 :0
1248 5527 1423 5581 καίειν
1457 5527 1623 5596 λέγω,
1648 5529 1751 5601 τὴν
1789 5530 1995 5585 οἰκείαν
2032 5533 2185 5606 ἐνέρ-

510 5630 666 5683 γειαν
712 5614 813 5667 οὑκ
858 5614 1192 5678 ἐπεδείξατο,
1223 5614 1253 5665 0
1275 5614 1332 5668 δὲ
1360 5615 1668 5686 ἄνθρωπος,
1699 5618 1760 5671 τὸ
1787 5619 1994 5689 ἥμερον
2024 5619 2181 5687 ζῶον,

507 5699 570 5752 τὸ
598 5697 835 5765 λογικὸν,
860 5698 920 5751 τὸ
944 5700 1203 5763 ἐπιεικὲς,
1231 5699 1300 5753 τά
1332 5702 1552 5757 ἐναντία
1580 5709 1647 5774 τῇ
1677 5704 1854 5775 οἰκείᾳ
1887 5705 2046 5773 φύσει
2069 5707 2182 5760 δια-

494 5785 830 5859 ·πράττεται,
866 5786 958 5838 καὶ
1000 5785 1087 5841 διὰ
1137 5786 1407 5858 ῥᾳθυμίαν
1438 5790 1517 5857 εἰς
1544 5791 1643 5863 τὴν
1672 5792 1777 5849 τῶν
1805 5792 2007 5865 θηρίων
2043 5793 2181 5867 ὡμό-

1290 261 1348 329 5.
1387 263 1678 321 JOANNIS
1712 264 2201 325 cumsoswom
2226 267 2547 328 ARCHIEP.
2572 254 3117 331 CONS’I‘AN'I‘INOPL

3850 276 3954 334 102

2280 405 2422 458 τητα
2457 388 2650 442 ἑαυτὸν
2678 387 2881 458 ἐξάγει.
2915 389 3015 443 Διά
3038 389 3194 443 τοῦτο
3237 390 3331 443 καὶ
3362 390 3395 463 ή
3438 391 3557 446 θεία
3597 392 3787 465 Γραφὴ
3818 394 3955 465 πρὸς

2277 476 2347 530 τά
2377 476 2524 547 πάθη
2552 476 2619 530 τά
2647 476 2968 547 ἐνοχλοῦντα
2994 477 3137 531 οὕτω
3169 478 3262 530 καί
3286 479 3386 541 τὰς
3413 479 3523 531 τῶν
3548 480 3756 548 ἀλόγων
3782 498 3956 552 προσ-

2277 564 2530 636 ηγορίας,
2564 564 2830 636 πολλαχοῦ
2852 565 2907 618 δὲ
2933 568 3028 618 καὶ
3050 565 3384 647 τῶν.θηρίων
3408 569 3519 630 τοῖς
3553 566 3698 637 λόγῳ
3726 586 3957 639 τετιμη-

2284 653 2779 725 μένοιςοηὲπιτίθησι
2804 669 2818 684 ⁸
2849 655 2978 707 ποτὲ
3016 655 3113 724 μὲν
3135 654 3305 718 κύνας
3338 654 3578 710 καλοῦσα
3605 656 3693 709 διά
3715 657 3777 710 τὸ
3804 658 3954 710 ἀναί-

2282 759 2506 813 σχυντον
2534 742 2627 796 καί
2671 742 2861 813 ἰταμόν
2882 758 2897 773 ο
2932 743 3123 807 Κύνες
3159 740 3290 813 γὰρ,
3318 743 3502 813 φησὶν,
3529 743 3707 807 ἐνεοί,
3746 746 3819 798 οὐ
3852 745 3956 798 δυ-

2277 829 2525 897 νάμενοι
2577 828 2892 886 ὑλακτεῖν
2947 828 3079 882 ποτὲ
3128 828 3185 883 δὲ
3238 830 3443 893 ἵππους
3482 829 3571 883 διὰ
3612 829 3673 883 τὸ
3717 830 3911 898 λάγνον
3936 847 3952 862 ο

2281 916 2489 970 ἰπποι
2537 917 2649 987 γὰρ
2696 916 3063 985 θηλυμανεῖς
3100 915 3401 985 ἐγένοντο,
3429 915 3685 983 ἕκαστος
3712 917 3809 969 ἐπὶ
3839 918 3958 983 τὴν

2279 1002 2547 1072 γυναῖκα
2566 1003 2672 1057 τοῦ
2710 1004 2982 1070 πλησίον
3011 1002 3477 1073 χρεμετίζοντες·
3525 1003 3656 1056 ποτὲ
3693 1004 3749 1056 δὲ
3776 1003 3975 1069 ὅνους,

2277 1090 2370 1143 διά
2383 1089 2481 1162 τὴν
2500 1089 2898 1161 ἀγνωμοσύνην
2925 1090 3017 1142 καὶ
3046 1091 3148 1161 τὴν
3177 1089 3363 1145 ἄνοιαν
3393 1105 3410 1122 ο
3434 1090 3952 1158 Παρασυνεϐἱίήοη

2278 1179 2408 1251 γάρ,
2441 1178 2595 1251 φησί,
2625 1179 2751 1245 τοῖς
2782 1176 3029 1242 κτήνεσι
3063 1177 3188 1244 τοῖς
3218 1177 3517 1243 ἀνοήτοις,
3548 1176 3646 1230 καί
3685 1179 3952 1246 ὡμοιώθη

2278 1267 2514 1333 αὐτοῖς·
2554 1266 2687 1319 ποτὲ
2731 1266 2787 1318 δὲ
2833 1264 3056 1328 λέοντας
3084 1265 3177 1319 καί
3206 1263 3515 1334 παρδάλεις,
3549 1263 3636 1316 διὰ
3678 1263 3738 1316 τὸ
3773 1265 3951 1336 ἁρπαο

2279 1354 2463 1407 κτικὸν
2489 1355 2583 1409 καὶ
2605 1352 2985 1406 πλεονεκτικόν
3006 1370 3023 1382 ο
3059 1352 3190 1405 ποτὲ
3228 1351 3286 1404 δὲ
3318 1351 3571 1413 ἀσπίδας,
3601 1349 3692 1404 διὰ
3718 1351 3776 1405 τὸ
3803 1351 3952 1404 δολε-

2283 1442 2402 1513 ράΨ
2445 1441 2551 1507 Ἰὸς
2580 1442 2711 1513 γὰρ,
2740 1442 2922 1511 φησὶν,
2954 1439 3229 1493 ἀσπίδων
3256 1439 3376 1493 ὑπὸ
3407 1440 3480 1492 τὰ
3503 1439 3677 1508 χείλη
3714 1438 3912 1493 αὐτῶν
3935 1458 3948 1469 -

2282 1529 2411 1583 ποτέ
2433 1528 2489 1581 δὲ
2522 1528 2674 1597 ὄφεις
2702 1527 2796 1581 καὶ
2826 1527 2990 1597 ἔχεις,
3018 1526 3105 1580 διὰ
3147 1525 3240 1580 τὸν
3285 1526 3361 1580 ἰὸν
3405 1527 3498 1581 καὶ
3527 1531 3625 1599 τὴν
3661 1528 3949 1598 πονηρίαν,

2279 1614 2463 1679 καθὼς
2503 1616 2597 1669 καὶ
2645 1616 2674 1667 ὁ
2713 1615 2980 1685 μακάριος
3022 1614 3274 1685 Ἰωάννης
3303 1614 3454 1673 ἐϐόα,
3487 1613 3695 1682 λέγων’
3732 1616 3948 1685 Ὄφεις,

2280 1701 2624 1771 γεννήματα
2652 1699 2928 1769 ἐχιδνῶν,
2959 1698 3052 1765 τίς
3080 1698 3396 1762 ὑπέδειξεν
3429 1699 3568 1769 ὑμῖν
3598 1699 3811 1769 φυγεῖν
3829 1701 3950 1753 ἀπὸ

2278 1788 2389 1856 τῆς
2416 1789 2773 1859 μελίούσης
2810 1785 3032 1856 ὀργῆς
3071 1785 3163 1839 καὶ
3194 1784 3356 1857 ἔτερα
3400 1786 3458 1839 δὲ
3504 1787 3809 1858 κατάλληλα
3837 1791 3949 1844 τοῖς

2281 1878 2510 1931 πάθεσιν
2541 1876 2779 1946 ὀνόματα
2810 1874 3027 1943 ἐπάγει,
3052 1874 3139 1926 ⁶ἵνα
3170 1872 3272 1927 κᾶν
3301 1872 3473 1935 οὕτως
3500 1874 3836 1938 αἰδεσθέντες
3852 1875 3947 1943 ὀψέ

2279 1981 2411 2018 ποτε
2444 1963 2580 2035 πρὸς
2607 1963 2704 2034 τὴν
2734 1962 2940 2015 οἰκείαν
2974 1960 3252 2029 εὐγένειαν
3286 1960 3640 2023 ἐπανέλθωσι,
3673 1963 3767 2015 καὶ
3795 1963 3946 2016 σπεί-

2282 2068 2482 2105 σωνται
2534 2049 2669 2121 πρὸς
2715 2049 2777 2102 τὸ
2822 2047 3099 2119 ὁμογενὲς,
3140 2047 3235 2101 καὶ
3283 2048 3409 2111 τοὺς
3453 2046 3547 2099 τοῦ
3586 2047 3722 2101 Θεοῦ
3752 2049 3947 2119 νόμους

2281 2138 2706 2211 προτιμοτέρους
2752 2136 3060 2206 ἡγήσωνται
3105 2134 3214 2188 τῶν
3260 2133 3476 2187 οἰκείων
3509 2133 3714 2202 παθῶν,
3741 2129 3821 2198 οἷς
3859 2134 3963 2187 διάι

2283 2227 2556 2297 ρᾳθυμίαν
2582 2224 2808 2287 ἑαυτοὺς
2837 2221 3217 2276 ἔκδεδὼκασιν.

2350 2313 2412 2368 δ’.
2457 2312 2598 2365 Ἀλλ’
2618 2311 2718 2365 οὑκ
2766 2307 2900 2375 οἰδα,
2932 2307 3050 2372 πῶς
3082 2310 3186 2362 ὑπὸ
3210 2308 3310 2380 τῆς
3340 2309 3436 2363 τοῦ
3470 2309 3630 2378 λόγου
3665 2308 3841 2381 ῥύμης
3867 2310 3948 2372 εἰς

2279 2396 2453 2450 ταῦτα
2501 2393 2786 2464 ἐξέϐημεν.
2819 2393 2955 2462 Φέρε
2999 2391 3063 2463 δὴ
3114 2391 3301 2445 λοιπὸν
3341 2392 3724 2462 ἐπανέλθωμεν
3757 2393 3847 2445 ἐπὶ
3886 2393 3947 2444 τὸ

2281 2478 2660 2551 προκείμενον,
2706 2475 2801 2528 καὶ
2832 2474 3030 2543 ἴδωμεν
3072 2472 3125 2525 τί
3171 2474 3266 2527 καὶ
3298 2473 3483 2546 ἔτερον
3520 2475 3757 2544 σήμερον
3803 2475 3963 2544 ἡμᾶς.

2280 2561 2485 2627 διδάξαι
2531 2560 2778 2631 βούλεται
2822 2559 2852 2611 0
2898 2558 3165 2629 μακάριος
3208 2555 3366 2621 οὗτος
3416 2560 3718 2628 προφήτης.
3768 2556 3947 2616 Εἰπὼν

2281 2647 2409 2717 γὰρ,
2440 2644 2603 2711 Αὕτη
2630 2640 2671 2707 ἠ
2700 2641 2921 2705 βίϐλος
2949 2639 3245 2709 γενέσεως
3270 2639 3533 2707 οὐρανοῦ
3574 2655 3637 2692 τε
3682 2639 3775 2692 καὶ
3812 2637 3946 2705 Τῆς,

2283 2727 2492 2800 προῖὼν
2521 2726 2789 2797 διηγεῖται
2821 2724 2952 2793 ἡμῖν
3000 2721 3160 2775 πάλιν
3187 2723 3576 2794 ἀκριϐέστερον
3603 2722 3703 2791 τὴν
3725 2720 3819 2773 τοῦ
3859 2722 3952 2772 ἀν-

2281 2810 2501 2883 θρώπου
2545 2806 2923 2878 δημιουργίαν.
2977 2806 3089 2858 Kal
3122 2806 3329 2875 ’ἐπειδὴ
3378 2806 3635 2875 ἀνωτέρω
3677 2804 3950 2872 συντόμως

2281 2891 2422 2949 εἶπε
2445 2893 2495 2947 K
2499 2893 2558 2946 αἰ
2578 2892 2866 2959 ἐποίησεν
2889 2892 2922 2943 ὀ
2945 2889 3090 2953 θεὸς
3114 2888 3221 2942 τὸν
3245 2888 3578 2957 ἄνθρωπον,
3600 2887 3725 2942 κατ’
3748 2886 3962 2939 εἰκόνα

2284 2978 2433 3033 Θεοῦ
2452 2976 2743 3042 ἐποίησεν
2762 2971 2974 3037 αὑτὸν,
3006 2970 3102 3025 νῦν
3127 2990 3279 3043 φησι,
3307 2971 3414 3025 Καὶ
3439 2972 3712 3026 ἔπλασεν
3743 2973 3777 3024 ό
3808 2969 3954 3036 Θεὸς

2283 3060 2398 3135 [96]
2433 3059 2539 3115 τὸν
2566 3058 2899 3126 ἄνθρωπον,
2926 3054 3079 3125 χοῦν
3103 3067 3132 3096 ι
3157 3054 3279 3110 ἀπὸ
3318 3053 3429 3125 τῆς
3452 3053 3591 3124 τῆς,
3616 3053 3717 3108 καί
3737 3052 3951 3121 ἐνεφύ-

2281 3160 2483 3213 σησεν
2500 3144 2588 3209 εἰς
2605 3140 2674 3195 τὸ
2695 3140 3023 3208 πρόσωπον
3059 3137 3248 3192 αὐτοῦ
3283 3137 3485 3205 πνοὴν
3506 3135 3679 3205 ζωῆς,
3702 3136 3796 3190 καί
3826 3136 3954 3204 ἐγέ-

2281 3244 2418 3282 νετο
2439 3229 2471 3281 ό
2493 3225 2801 3292 ἄνθρωπος
2821 3223 2908 3288 είς
2926 3220 3138 3289 ψυχὴν
3156 3218 3371 3281 ζῶσαν.
3389 3220 3548 3288 Μέγα
3562 3220 3623 3273 τὸ
3641 3220 3955 3291 εἰρημένον,

2283 3312 2378 3366 καὶ
2426 3308 2627 3378 πολλῆς
2675 3303 2990 3374 ἐκπλήξεως
3016 3302 3206 3373 γέμον,
3238 3302 3336 3355 καὶ
3364 3302 3689 3373 ὑπερϐαῖνον
3715 3301 3953 3355 διάνοιαν

2283 3391 2663 3482 ἀνθρωπίνην·
2695 3387 2806 3479 lia!
2831 3388 3092 3482 έπςνιαςε,
3123 3386 3306 3482 φησὶν,
3346 3389 3380 3440 ό
3419 3384 3564 3482 Θεὸς
3599 3385 3708 3478 τόν
3734 3384 3949 3482 ἀνθρωο

2282 3489 2424 3540 πον,
2453 3469 2633 3526 λαϐὼν
2649 3467 2800 3539 χοῦν
2812 3466 2930 3522 ἀπὸ
2952 3466 3064 3534 τῆς
3085 3465 3442 3538 γῆς.“Ωσπερ
3468 3465 3562 3520 ἐπί
3591 3467 3700 3519 τῶν
3724 3467 3950 3533 κτισμάο

2281 3577 2390 3614 των
2420 3556 2528 3611 τῶν
2570 3551 2862 3626 ὁρωμένων
2892 3551 3147 3604 ἁπάντων
3185 3549 3390 3619 ἔλεγον,
3423 3551 3502 3604 ὅτι
3529 3551 3855 3613 ἁπεναντίας
3883 3553 3947 3620 τῇ

2285 3641 2445 3713 φύσει
2489 3640 2555 3709 τῇ
2602 3632 2917 3706 ἀνθρωπίνῃ
2947 3632 3166 3686 ἅπαντα
3195 3632 3579 3703 διαπράττεται
3608 3634 3636 3686 0
3662 3633 3772 3685 τῶν
3814 3630 3952 3684 ὅλων

2282 3721 2632 3797 δημιουργὸς,
2659 3720 2746 3771 ἵνα
2770 3718 2864 3771 καὶ
2889 3714 2976 3768 διὰ
3003 3714 3193 3767 τούτου
3224 3716 3260 3785 ή
3290 3717 3493 3784 ἀφατος
3521 3713 3687 3797 αὑτοῦ
3724 3713 3951 3781 δύναμις

2282 3796 2464 3878 δειχθῇ
2485 3822 2498 3835 ⁸
2536 3803 2677 3857 οὕτω
2695 3802 2789 3855 καὶ
2819 3800 2912 3854 ὲπί
2934 3800 3032 3870 τῆς
3057 3798 3151 3851 τοῦ
3176 3798 3467 3869 ἀνθρώπου
3501 3796 3834 3859 διαπλάσεως
3862 3796 3952 3847 εὑ-

2286 3891 2523 3961 ρήσομεν
2549 3886 2643 3939 νῦν
2669 3883 3066 3954 γεγονός.”ορα
3085 3880 3216 3953 γὰρ,
3240 3880 3337 3951 τὴν
3367 3881 3472 3950 γῆν
3502 3881 3593 3933 ἐπὶ
3616 3879 3721 3933 τῶν
3746 3879 3951 3961 ὑδάτων

2286 3959 2664 4041 ἔθεμελίωσεν,
2693 3966 2831 4036 ὅπερ
2863 3965 2924 4017 οὐ
2977 3967 3146 4037 χωρεῖ
3186 3964 3438 4031 δέξασθαι
3470 3961 3726 4031 λογισμὸς
3752 3959 3952 4030 ἀνθρώ-

2284 4070 2437 4116 πινος
2471 4051 2599 4105 ἄνευ
2630 4047 2883 4111 πίστεως,
2912 4048 3008 4101 καὶ
3055 4046 3155 4111 τὰς
3184 4046 3371 4109 οὐσίας
3415 4046 3472 4099 δὲ
3519 4046 3698 4108 πάσας
3734 4043 3951 4098 ἐπειδὰν

2286 4133 2545 4206 βουληθῇ,
2578 4130 2827 4202 καθάπερ
2848 4129 3225 4201 ἀπεδείξαμεν,
3254 4128 3473 4181 ἐναντία
3503 4130 3569 4198 τῇ
3605 4127 3780 4197 οἰκείᾳ
3799 4128 3949 4193 ἐνερο

2283 4220 2409 4291 γείᾳ
2435 4215 2843 4290 παρασκευάζει
2863 4212 3310 4285 διαπράττεσθαι.
3336 4211 3441 4264 Τὸν
3474 4211 3638 4265 αὑτὸν
3657 4210 3722 4281 δὴ
3751 4209 3949 4280 τρόπον

2284 4303 2378 4357 καὶ
2422 4302 2516 4356 ἐπὶ
2555 4301 2655 4370 τῆς
2681 4299 2930 4359 πλάσεως
2950 4296 3045 4349 τοῦ
3080 4292 3367 4366 ἀνθρώπου
3402 4295 3497 4349 νῦν
3538 4296 3667 4364 ήμῖν
3697 4292 3950 4362 ἐμφαίνει

2283 4386 2505 4456 γεγονὸς
2527 4386 2562 4456 ή
2590 4383 2711 4437 θεία
2733 4381 3245 4452 Γραφή.Ἕπ.ἰασε,
3275 4377 3460 4448 φησὶν,
3492 4379 3526 4431 d
3554 4375 3697 4441 Θεὸς
3725 4377 3831 4429 τὸν
3855 4376 3951 4427 ἄνα

2285 4473 2522 4539 θρωπον
2552 4462 2706 4535 χοῦν
2729 4464 2846 4521 ἀπὸ
2891 4461 3003 4532 τῆς
3050 4461 3166 4532 γῆς
3202 4458 3402 4516 λαϐών.
3440 4460 3504 4515 Τί
3553 4460 3763 4529 λέγεις;
3810 4457 3953 4512 Χοῦν

2286 4549 2465 4605 λαϐὼν
2497 4549 2606 4604 ἀπὸ
2648 4548 2749 4617 τῆς
2794 4546 2897 4618 γῆς
2930 4543 3133 4598 ἔπλασε
3162 4542 3254 4595 τὸν
3282 4542 3600 4613 ἁνθρωπον;
3629 4542 3760 4604 Ναὶ,
3789 4542 3947 4612 φησὶ,

2286 4634 2381 4689 καὶ
2416 4632 2515 4703 οὐχ
2540 4629 2727 4694 ἁπλῶς
2757 4623 2881 4681 εἷπε
2923 4627 3048 4697 γῆν,
3093 4624 3249 4691 ἀλλά,
3276 4624 3441 4691 Χυῦν,
3468 4625 3543 4689 ὡς
3582 4625 3649 4679 ἀν
3673 4625 3814 4678 εἴποι
3841 4643 3952 4692 τις,

2285 4717 2455 4787 αὐτῆς
2479 4716 2580 4786 τῆς
2609 4713 2715 4784 γῆς
2754 4712 2814 4765 τὸ
2850 4710 3172 4780 λεπτότερον
3196 4708 3288 4761 καὶ
3315 4708 3652 4779 ἀτιμότερον.
3685 4706 3845 4775 Μέγα
3870 4723 3952 4759 σοι

2286 4799 2381 4854 καὶ
2412 4796 2712 4869 παράδοξον
2736 4791 2874 4847 εἰναι
2897 4794 3045 4847 δοκεῖ
3070 4793 3132 4846 τὸ
3154 4789 3441 4864 εἰρημένον
3460 4806 3475 4819 ⁶
3498 4789 3611 4843 ἀλλ’
3637 4788 3732 4843 ἐάν
3757 4790 3956 4863 νοήσῃς

2286 4887 2370 4951 τίς
2398 4888 2428 4941 0
2458 4882 2807 4957 δημιουργὸς,
2837 4880 3022 4934 οὐκέτι
3055 4880 3378 4950 ἀπιστήσεις
3409 4875 3487 4949 τῷ
3509 4877 3798 4947 γινομένῳ,
3819 4877 3956 4931 ἀλλά

2287 4974 2587 5045 θαυμάσεις
2630 4970 2727 5025 καὶ
2772 4969 3173 5041 προσκυνήσεις
3217 4964 3312 5019 τοῦ
3350 4966 3414 5036 δη
3424 4965 3810 5037 μιουργοῦντος
3855 4964 3967 5034 τὴν-

2284 5061 2532 5132 δύναμιν.
2558 5059 2684 5113 Ἐἁν
2725 5057 2785 5111 δὲ
2820 5056 3017 5130 μέλλῃς
3047 5054 3183 5126 1:90;
3222 5054 3322 5124 τὴν
3368 5052 3648 5107 ἀσθένειαν
3692 5050 3801 5104 τῶν
3846 5051 3963 5103 σῶν

2202 5161 2209 5165 ’
2285 5146 2560 5218 λογισμῶν
2585 5145 2757 5200 ταῦτα
2785 5142 3267 5216 περιεργάζεσθαι,
3290 5140 3437 5204 εἰκός
3459 5156 3520 5207 γε
3549 5138 3770 5193 κάκεῖνό
3793 5154 3854 5191 σε
3875 5139 3957 5200 εἰς

2285 5235 2492 5291 ἔννοιαν
2517 5234 2722 5300 λαϐεῖν,
2752 5233 2835 5287 ὅτι
2868 5232 2975 5286 ἀπὸ
3008 5232 3112 5302 γῆς
3148 5229 3308 5300 σῶμα
3333 5229 3435 5282 οὐκ
3462 5227 3529 5283 ἀν
3563 5226 3772 5296 γένοιτό
3802 5241 3954 5287 ποτε,

2286 5325 2400 5381 ἀλλ’
2421 5325 2456 5396 ἢ
2488 5323 2727 5388 πλίνθος,
2766 5322 2799 5392 ἢ
2832 5321 3121 5392 ὄστρακον,
3166 5317 3326 5387 σῶμα
3370 5316 3428 5369 δέ
3469 5314 3706 5368 τοιοῦτον
3749 5312 3849 5365 οὐκ
3888 5312 3957 5365 ἂν

2284 5412 2695 5484 γένοιτο.’ορᾷς
2721 5409 2801 5462 ὅτι
2828 5407 2922 5460 ἐὰν
2956 5407 3030 5478 μὴ
3056 5406 3148 5459 καὶ
3181 5403 3411 5473 δύναμιν
3434 5401 3515 5464 εἰς
3546 5400 3753 5456 ἔννοιαν
3778 5397 3959 5452 λάϐω-

2289 5518 2387 5572 μεν
2435 5499 2526 5554 τοῦ
2571 5493 3049 5569 δημιουργοῦντας,
3074 5492 3168 5546 καὶ
3213 5491 3338 5553 τοὺς
3382 5488 3617 5552 οἰκείους
3664 5486 3961 5555 λογισμοὺς

2284 5590 2409 5651 τοὺς
2431 5586 2629 5656 πολλὴν
2666 5582 2764 5653 τὴν
2789 5580 3070 5634 ἀσθένειαν
3104 5574 3578 5649 προϐεϐλημένους
3611 5572 3958 5627 κατευνάσω-

2290 5692 2409 5746 μεν,
2442 5676 2503 5727 οὑ
2548 5669 2826 5741 δυνάμεθα
2882 5667 2990 5720 τῶν
3040 5666 3344 5736 εἰρημένων
3381 5664 3443 5717 τὸ
3477 5662 3609 5732 ὕψος
3656 5659 3956 5746 δέξασθαις

2288 5745 2406 5815 Τῶν
2456 5760 2564 5830 γὰρ
2609 5757 2710 5827 τῆς
2760 5755 2994 5817 πίστεως
3027 5750 3321 5822 ὀφθαλμῶν
3345 5748 3518 5801 δεῖται
3562 5747 3632 5801 τὰ
3664 5745 3955 5818 λεγόμενα,

2346 5882 2373 5913 ⁸
2396 5878 2548 5930 Savil.
2574 5882 2625 5928 et
2652 5876 2823 5927 Morel.
2850 5874 2928 5923 τὸν
2950 5874 3191 5940 ἄνθρωπον
3198 5868 3370 5936 ,λαϐὼν
3400 5864 3534 5929 χοῦν.
