4122 6204
403 333 498 392 101

401 450 510 514 llat,
533 445 645 518 jam
663 442 734 499 de
750 439 855 495 hoc
875 440 1196 506 argumento
1213 429 1413 501 aliquid
1435 429 1779 495 disseramus,
1802 437 1986 499 postea

395 539 465 594 ad
489 536 635 593 aliud
678 528 973 589 transituri.
1008 526 1123 581 lloc
1143 522 1286 578 enim
1313 530 1499 575 contra
1536 535 1793 591 aquarum
1838 532 1994 577 natu.

401 645 514 687 ram
541 634 645 693 est,
677 625 822 681 ferre
847 631 1048 688 corpus
1088 624 1197 670 tam
1239 629 1400 685 grave
1434 630 1450 667 :
1481 622 1535 668 et
1573 614 1763 668 iterum
1807 623 1992 670 contra

403 731 643 778 naturam
673 726 849 780 terras,
884 711 1068 768 sedem
1119 722 1269 763 suam
1313 707 1365 761 in
1398 706 1487 761 tali
1513 705 1856 762 fundamento
1896 709 1992 763 ha-

401 815 549 871 bere.
584 814 652 867 Et
676 808 803 879 quid
834 802 1090 860 miraris?
1114 801 1173 857 ln
1200 813 1536 871 quacumque
1569 815 1749 855 rerum
1791 811 1996 857 creata-

404 919 523 960 ruet
562 898 788 957 scrutari
816 894 1085 959 volueris,
1132 890 1377 946 invenies
1423 892 1738 947 immensam
1781 891 1996 961 Opificis

407 993 720 1067 potentiam,
771 1001 1002 1057 eumque
1042 997 1140 1039 sua
1184 983 1460 1037 voluntate
1496 982 1792 1052 gubernare
1821 984 1996 1037 omnia

407 1083 799 1153 deprehendes.
823 1079 1016 1135 Videre
1034 1077 1179 1131 enim
1209 1075 1310 1129 hoc
1340 1073 1466 1128 licet
1491 1074 1542 1128 in
1573 1074 1714 1144 igne,
1736 1075 1821 1129 cui
1843 1075 2001 1129 absu-

408 1177 588 1233 mendi
613 1185 797 1229 natura
819 1180 938 1226 est:
965 1168 1144 1223 omnia
1165 1166 1308 1222 enim
1325 1164 1478 1220 facile
1500 1164 1701 1232 domat,
1724 1167 1998 1221 materiam

408 1266 699 1331 lignorum,
732 1261 989 1332 lapidum,
1018 1271 1324 1327 corporum,
1358 1264 1413 1309 et
1443 1255 1566 1309 ferri
1597 1273 1611 1308 :
1640 1266 1694 1309 at
1723 1268 1999 1325 postquam

417 1353 696 1424 imperavit
739 1350 1017 1415 Dominus,
1062 1361 1285 1416 corpora
1329 1354 1509 1400 tenera
1549 1353 1605 1400 et
1639 1347 2000 1417 eorruptibilia

416 1461 526 1502 non
558 1444 746 1512 tetigit,
783 1440 878 1496 sed
907 1440 1105 1495 illesos
1132 1449 1329 1508 pueros
1352 1437 1584 1490 servavit
1625 1437 1677 1490 in
1704 1438 1881 1492 medio
1908 1453 2002 1491 ca-

415 1537 567 1592 mino
595 1534 758 1606 (Dan.
790 1533 869 1603 5).
904 1532 969 1586 Et
993 1546 1061 1585 ne
1091 1530 1299 1584 mireris
1323 1530 1368 1583 si
1400 1543 1622 1599 corpora
1655 1529 1866 1584 illorum
1898 1547 2002 1586 non

416 1629 613 1699 tetigit,
639 1626 737 1682 sed
766 1623 1074 1681 irrationale
1102 1623 1425 1678 elementum
1469 1630 1610 1675 tanta
1643 1622 2007 1679 moderatione

421 1720 775 1788 obscqnutum
816 1723 918 1779 est,
949 1721 1203 1784 quantum
1248 1711 1426 1766 nullus
1461 1722 1620 1782 queat
1660 1712 1827 1766 effari.
1876 1712 2005 1767 Nam

420 1824 490 1865 ne
519 1808 724 1877 capillis
769 1805 984 1876 quidem
1018 1804 1228 1859 illorum
1268 1802 1513 1868 nocebat,
1559 1802 1653 1856 sed
1696 1803 2011 1857 circumibat

426 1899 565 1965 illos,
598 1907 652 1953 et
692 1898 830 1952 intra
873 1910 934 1951 se
967 1894 1310 1951 continebat:
1337 1894 1475 1963 ignis
1511 1903 1686 1947 autem
1716 1894 2009 1949 substantia

427 1999 696 2059 tamquam
726 1987 1087 2043 obedientiam
1116 1985 1397 2050 exhibens,
1426 1996 1481 2039 et
1514 1985 1718 2039 Domini
1763 1987 2012 2042 mandato

430 2081 690 2142 serviens.
746 2079 939 2134 iuresos
984 2086 1040 2134 et
1084 2077 1313 2132 intactos
1371 2075 1615 2131 servabat
1676 2076 2012 2133 aihnirabiles

435 2170 553 2226 illos
580 2183 798 2239 pueros,
825 2169 913 2239 qui
938 2169 1085 2237 quasi
1114 2168 1164 2222 in
1197 2177 1349 2248 prato
1376 2176 1430 2223 et
1458 2168 1613 2221 horto
1640 2167 1971 2223 ambulantes
1994 2210 2009 2233 ,

438 2272 580 2318 tanta
627 2262 909 2318 securitate
949 2261 1001 2316 in
1044 2260 1252 2316 camino
1289 2258 1651 2315 versabantur.
1686 2258 1754 2313 Et
1792 2274 1859 2313 ne
1896 2261 2015 2330 quis

438 2361 646 2422 putaret
678 2351 932 2406 visibilem
963 2351 1111 2405 illum
1141 2351 1314 2421 ignem
1345 2349 1655 2419 operatione
1679 2363 1863 2405 carere
1887 2391 1902 2415 ,
1930 2349 2014 2404 id-

433 2443 576 2498 circo
604 2441 861 2512 benignus
902 2440 1157 2496 Dominus
1184 2440 1322 2494 illius
1341 2439 1631 2495 efﬁcaciam
1656 2454 1763 2494 non
1790 2439 2015 2509 impedi-

432 2535 507 2588 vit
533 2550 547 2588 :
578 2532 672 2589 sed
701 2534 804 2588 vim
830 2534 972 2588 illam
1002 2532 1193 2587 urendi
1223 2531 1441 2585 illaesam
1472 2533 1722 2596 servavit,
1751 2541 1806 2585 et
1832 2547 2017 2586 servos

432 2638 562 2680 suos
589 2623 678 2678 illa
720 2628 1022 2692 superiores
1046 2621 1190 2687 fecit,
1216 2630 1273 2676 ut
1301 2621 1447 2675 nullo
1469 2620 1629 2676 modo
1674 2620 2015 2677 undet-eatur.

435 2715 699 2771 Ceterum
728 2726 786 2768 ut
812 2714 1011 2769 scirent
1033 2714 1123 2783 qui
1151 2729 1343 2784 pueros
1371 2712 1683 2783 iniecerant,
1711 2721 1905 2783 quanta
1928 2728 2015 2767 cs-

435 2816 519 2862 set
544 2807 783 2863 omnium
811 2807 902 2862 Dei
949 2808 1201 2877 potentia,
1232 2806 1283 2861 in
1310 2805 1430 2861 illos
1472 2806 1610 2876 ignis
1635 2821 1784 2861 suam
1825 2820 1986 2876 opera
2004 2836 2016 2844 ς

438 2899 633 2954 tionem
675 2897 947 2962 exercuit,
978 2898 1046 2952 ita
1083 2905 1140 2951 ut
1161 2896 1249 2951 ille
1279 2897 1391 2965 ipse
1436 2896 1571 2967 ignis
1603 2910 1699 2951 eos
1740 2897 1882 2951 intus
1919 2896 2022 2951 cir-

435 2990 810 3055 cummuniret,
839 3002 933 3042 eos
960 2997 1138 3043 autem
1157 2986 1245 3057 qui
1276 2986 1406 3041 foris
1431 2994 1585 3042 erant
1608 2996 1791 3042 ureret
1812 2996 1866 3043 et
1894 3001 2024 3041 con-

437 3076 693 3137 sumeret.
748 3079 936 3135 Vidisti
972 3095 1082 3151 quo
1126 3087 1281 3149 pacto
1324 3078 1582 3133 Dominus
1627 3078 1841 3149 quando
1886 3079 2019 3143 vult,

438 3173 699 3229 elementa
722 3173 900 3229 omnia
930 3172 983 3227 in
1009 3172 1332 3228 contrariam
1354 3181 1521 3228 mutet
1546 3172 1833 3227 essentiam
1854 3171 1877 3226 2
1897 3172 2023 3243 0ρί-

440 3262 525 3321 fex
554 3265 697 3321 enim
722 3274 804 3320 est
829 3273 883 3320 et
912 3265 1187 3331 Dominus,
1211 3274 1263 3319 el
1292 3278 1390 3333 pro
1417 3277 1512 3319 sua
1540 3263 1815 3319 voluntate
1845 3264 2021 3317 omnia

438 3355 731 3426 dispensat.
759 3355 931 3411 Vultis
954 3364 1010 3411 et
1047 3356 1098 3409 in
1127 3355 1280 3426 aquis
1307 3355 1533 3424 idipsum
1562 3354 1745 3410 videre
1787 3354 2025 3409 factum?

442 3446 572 3502 Nam
592 3448 731 3503 sicut
754 3447 890 3518 ignis
915 3446 1003 3502 hic
1031 3447 1096 3500 iis
1122 3447 1211 3516 qui
1233 3446 1375 3501 intus
1398 3457 1550 3501 erant
1590 3428 1724 3501 nihil
1765 3446 2022 3512 nocebat,

440 3538 534 3594 sed
556 3538 660 3593 illis
683 3538 956 3608 parcebat,
983 3538 1178 3591 oblitus
1201 3552 1313 3593 su:e
1341 3538 1699 3607 operationis;
1729 3538 1782 3593 in
1807 3552 1904 3594 eos
1927 3554 2023 3593 au-

445 3640 551 3687 tem
577 3632 667 3700 qni
698 3629 827 3683 foris
850 3639 1003 3684 erant
1030 3628 1283 3684 saeviebat
1324 3643 1475 3683 more
1501 3643 1636 3683 suo:
1662 3629 1745 3684 sic
1781 3639 1836 3685 et
1861 3645 2028 3701 aquas

443 3720 742 3775 videbimus
769 3719 904 3774 alios
926 3718 1141 3788 quidem
1176 3719 1541 3788 submergere,
1569 3718 1691 3772 aliis
1718 3727 1893 3774 autem
1933 3736 2027 3775 ce-

444 3811 592 3876 dere,
617 3811 686 3865 ita
708 3820 767 3865 ut
789 3810 990 3879 absque
1008 3809 1202 3865 damno
1230 3817 1520 3865 transeant.
1548 3809 1919 3866 Recordamiui
1942 3814 2028 3868 hic

446 3902 742 3958 Pharaonis
768 3910 822 3958 et
847 3901 1238 3973 Egyptiorum.
1263 3912 1424 3973 atque
1452 3903 1629 3974 populi
1658 3903 2023 3973 Hebraeorum,

446 3994 716 4065 quomodo
740 3992 792 4049 hi
810 3993 879 4049 ad
900 3993 1204 4048 mandatum
1230 3993 1460 4060 Domini,
1487 4009 1678 4065 magno
1699 3994 1845 4050 lose
1869 3994 2026 4063 duce,

448 4100 545 4155 per
593 4100 740 4140 mare
794 4084 1033 4140 Rubrum
1080 4085 1233 4156 quasi
1290 4100 1386 4156 per
1441 4085 1648 4141 aridam
1705 4086 2031 4143 transierunt

445 4176 641 4246 (and.
687 4174 772 4248 ll)
796 4176 1062 4248 :Egyptii
1101 4185 1303 4243 autem,
1334 4178 1422 4247 qui
1451 4176 1696 4233 eamdem
1742 4177 1882 4232 viam
1909 4193 2029 4234 cum

445 4267 722 4322 Pharaone
747 4267 825 4323 ire
862 4267 1130 4334 volebant,
1160 4267 1313 4339 aquis
1356 4267 1531 4322 obruti
1574 4267 1837 4323 submersi
1885 4276 2030 4324 sunt.

445 4357 519 4413 Ita
548 4359 718 4414 solent
747 4359 1012 4415 elementa
1052 4359 1282 4415 revereri
1308 4373 1494 4414 servos
1535 4359 1768 4427 Domini,
1795 4370 1849 4415 et
1876 4374 1907 4415 a
1934 4375 2034 4416 suo

443 4464 504 4504 se
526 4449 803 4505 continere
829 4448 1050 4519 impetu.
1079 4450 1369 4503 Audiamus
1395 4464 1513 4516 nos,
1541 4458 1804 4521 quotquot
1830 4451 2034 4508 feroces

442 4551 499 4597 ct
528 4542 785 4604 iracundi.
811 4551 866 4597 et
888 4541 1008 4597 aliis
1030 4541 1396 4598 all'ectionibus
1420 4542 1491 4598 ob
1513 4552 1747 4599 nostram
1770 4543 2031 4616 ignaviam

448 4634 683 4703 impliciti
712 4645 948 4688 nostram
974 4633 1201 4689 salutem
1229 4635 1654 4704 pessumdantus,
1686 4644 1742 4691 et
1768 4636 2035 4694 imitemur

447 4735 645 4781 tantam
690 4725 882 4781 horum
913 4726 1298 4782 elementorum
1343 4730 1550 4784 ratione
1583 4731 1878 4786 carentium
1908 4732 2036 4787 obe-

444 4815 720 4881 dientiam,
773 4833 872 4873 nos
911 4818 1002 4888 qui
1040 4819 1248 4874 ratione
1293 4819 1527 4891 iusigniti
1557 4836 1760 4877 sumus.
1810 4822 1940 4878 Nam
1990 4824 2036 4879 si

448 4906 602 4977 ignis,
632 4908 722 4977 qui
745 4908 816 4961 ita
841 4906 999 4974 edas,
1042 4908 1115 4964 ita
1144 4907 1465 4974 vehemens,
1493 4911 1809 4981 corporibus
1851 4928 2037 4968 corru-

446 4997 718 5066 ptibilibus
743 5007 798 5053 et
842 5008 948 5052 tam
977 4999 1177 5054 teneris
1202 5001 1460 5070 pepercit,
1501 5016 1659 5071 quam
1685 5015 1924 5059 meretur
1948 5020 2041 5058 ve-

446 5089 588 5143 niam
618 5087 800 5153 bomo,
824 5103 979 5145 suum
1003 5090 1276 5147 refrenare
1301 5090 1532 5147 furorem
1579 5104 1798 5163 propter
1823 5095 2043 5150 manda-

446 5189 559 5235 tnm
592 5180 822 5247 Domini,
854 5191 911 5237 et
930 5182 1062 5237 iram
1091 5198 1216 5254 erga
1259 5183 1559 5254 proximum
1600 5200 1635 5241 e
1682 5196 1899 5257 pectore
1939 5202 2038 5243 suo

446 5270 726 5328 eliminare
766 5272 991 5328 nolens?
1018 5273 1086 5329 Et
1110 5274 1251 5345 quod
1287 5274 1459 5345 majus
1502 5284 1626 5343 est,
1669 5277 1807 5347 ignis
1835 5287 2037 5335 tantam

451 5359 635 5413 urendi
661 5360 766 5415 vim
794 5361 1025 5429 habens,
1055 5377 1206 5417 suam
1236 5365 1600 5434 operationem
1631 5382 1738 5421 non
1765 5368 2034 5435 ostendit;

450 5452 612 5507 homo
635 5460 834 5515 autem.
865 5465 1203 5511 mansuetum
1247 5457 1467 5523 animal,
1498 5460 1761 5515 rationale
1802 5469 1858 5515 et
1884 5461 2038 5517 beni-

445 5546 914 5613 gnum,coutraria
935 5560 1049 5602 suae
1075 5557 1279 5603 natura:
1295 5548 1438 5615 facit,
1462 5549 1844 5621 etnegligentia
1863 5566 2042 5608 mores

446 5647 576 5690 suos
620 5635 672 5690 in
719 5634 919 5692 ferinos
965 5638 1145 5692 vertit.
1198 5636 1401 5695 Idcirco
1429 5647 1485 5696 et
1525 5638 1702 5694 divina
1744 5638 2037 5711 Scriptura,

448 5734 665 5799 propter
676 5726 986 5786 aﬂ'ectioncs
1007 5728 1124 5785 illas
1140 5729 1572 5798 interturbantcs,
1596 5729 2034 5790 imtionabilium

1475 286 1584 373 ἰη
1618 313 1773 372 car.
1792 311 1860 368 ιι.
1901 309 2148 370 cenas.
2188 306 2414 367 nomn
2458 306 2576 366 xu.

2048 453 2066 467 -
2095 430 2152 477 rt
2177 422 2405 477 fetarum
2448 422 2662 476 notnina
2693 422 2758 478 iis
2798 423 2889 493 qui
2914 422 3118 480 ratione
3144 424 3375 498 insigniti
3419 439 3543 485 sunt
3572 438 3669 485 im-

3572 317 3682 375 102

2098 514 2283 584 mit;
2325 515 2586 569 interdum
2616 530 2776 571 canes
2799 517 2869 571 ob
2909 518 3287 588 impudentiam
3327 531 3379 577 et
3420 524 3674 593 impetum

2097 619 2269 665 "ut.
2300 608 2523 663 dicens:
2550 606 2713 663 Canes
2737 609 2880 673 muti,
2914 627 3014 665 non
3053 613 3271 667 valentes
3313 614 3500 669 latrare
3523 617 3677 689 (lsai.

2096 697 2187 753 56.
2220 698 2340 767 i0);
2381 698 2644 753 interdum
2696 701 2766 754 ob
2809 699 3080 755 iibidiucm
3127 719 3330 773 equos:
3388 707 3527 761 Nam
3569 710 3679 776 equi

2098 787 2345 841 emissarii
2368 789 2492 857 farti
2511 797 2647 853 sunt,
2675 790 3012 860 unusquisque
3034 792 3103 843 ad
3124 808 3334 848 uxorem
3361 798 3579 865 proximi
3601 799 3681 853 sui

2099 876 2354 931 hinniebal
2401 878 2535 948 (λετ.
2568 880 2620 934 5.
2661 880 2751 949 8);
2786 880 3049 935 interdum
3077 899 3203 938 vero
3230 887 3429 955 asinos,
3461 890 3530 943 ob
3572 900 3681 945 stn-

2104 966 2373 1035 piditatem
2418 978 2471 1023 et
2502 970 2785 1026 ruditatem
2812 988 2825 1024 :
2853 972 3187 1042 Comparatus
3208 986 3281 1029 est
3309 979 3450 1033 enim
3472 1022 3487 1044 ,
3519 982 3682 1053 inquit

2100 1057 2393 1127 Scriptura,
2427 1063 2674 1131 jumentis
2712 1064 3077 1135 insipientibus,
3110 1077 3156 1122 et
3195 1070 3376 1125 similis
3413 1074 3576 1144 factus
3618 1086 3687 1131 est

2102 1148 2205 1203 illis
2232 1148 2404 1218 (Psal.
2435 1152 2525 1207 48.
2562 1154 2686 1224 15);
2713 1154 3000 1226 aliquando
3025 1159 3184 1213 etiam
3210 1160 3392 1216 leones
3421 1172 3476 1217 ct
3498 1167 3691 1229 pardus

2104 1252 2277 1307 vocat,
2309 1243 2380 1298 ob
2402 1246 2744 1313 rapacitatem
2769 1258 2823 1303 et
2849 1250 3152 1307 aviditatem
3175 1270 3190 1319 ;
3234 1255 3518 1326 aliquando
3567 1261 3690 1315 item

2105 1333 2335 1400 aspides,
2365 1334 2434 1389 ob
2455 1336 2861 1395 fraudulentiam
2886 1358 2900 1395 :
2933 1341 3206 1410 Venenum,
3232 1347 3419 1417 inquit,
3458 1353 3695 1421 aspidum

2107 1423 2197 1476 sub
2222 1422 2364 1479 labiis
2389 1440 2561 1480 eorum
2583 1428 2754 1498 (Psal.
2784 1431 2901 1487 159.
2934 1434 2988 1504 4)
3012 1450 3026 1498 ;
3050 1450 3447 1508 nonnumquam
3474 1456 3693 1512 serpen-

2113 1523 2192 1569 tes
2210 1526 2265 1570 et
2284 1516 2516 1586 viperas,
2540 1518 2611 1573 ob
2638 1521 2809 1577 latens
2831 1538 3090 1579 venenum
3113 1536 3169 1581 et
3190 1529 3464 1596 malitiam,
3489 1534 3626 1588 sicut
3644 1545 3698 1590 et

2111 1604 2299 1659 beatus
2322 1605 2553 1663 Joannes
2568 1610 2850 1679 clamabat,
2879 1614 3061 1671 dicens
3086 1634 3098 1670 :
3126 1618 3414 1688 Serpentes,
3438 1627 3698 1696 progenies

2111 1694 2416 1763 viperarum,
2449 1699 2562 1766 quis
2587 1700 2725 1755 vobis
2754 1703 3111 1759 demonstravit
3136 1712 3308 1780 fugere
3330 1728 3362 1765 α
3387 1694 3595 1769 uentura
3624 1719 3700 1771 ira

2114 1784 2327 1857 (Matth.
2356 1790 2412 1844 '5.
2440 1791 2494 1860 'i)
2511 1791 2535 1844 ?
2554 1792 2772 1862 insuper
2789 1806 2843 1849 et
2863 1796 2964 1850 alia
2985 1797 3352 1858 affectionibus
3375 1808 3703 1875 responden-

2117 1878 2188 1933 tia
2216 1880 2431 1935 nomina
2454 1882 2697 1952 imponit,
2723 1888 2877 1941 utsic
2897 1889 2979 1943 vel
3004 1891 3213 1945 tandem
3235 1894 3439 1951 confusi
3458 1899 3522 1953 ad
3551 1915 3701 1958 suam

2115 1970 2401 2039 aliquando
2443 1974 2666 2029 redeant
2696 1977 3045 2045 nobilitatem,
3075 1993 3130 2036 et
3159 1998 3256 2039 suo
3280 1990 3460 2056 generi
3503 1996 3705 2048 contm-

2121 2060 2399 2127 derentur,
2445 2063 2921 2138 ali‘ectionibusque
2959 2074 3071 2126 suis
3111 2073 3316 2131 divinas
3346 2079 3486 2150 leges
3514 2085 3706 2152 pra-lc-

2118 2162 2258 2217 rant,
2284 2153 2477 2223 quibus
2499 2170 2619 2210 sese
2644 2157 3007 2228 dclinquendo
3037 2166 3414 2231 permiserunt.

2188 2243 2245 2297 4.
2284 2243 2391 2299 Sed
2432 2247 2617 2300 nescio
2648 2251 2917 2317 quomodo
2941 2267 2971 2307 a
2999 2256 3505 2330 sermonis'impetu
3544 2263 3705 2322 abre-

2121 2343 2241 2404 ptus
2278 2335 2346 2391 ad
2377 2336 2494 2393 hare
2520 2338 2745 2409 digres-i
2774 2342 2959 2398 simus.
2991 2346 3103 2415 Age
3123 2364 3263 2404 nunc
3300 2352 3366 2406 ad
3411 2354 3706 2413 institutum

2120 2427 2436 2494 redeamus;
2468 2438 2520 2485 et
2546 2430 2821 2487 videamus
2844 2435 3094 2505 quidnam
3118 2440 3277 2495 etiam
3307 2444 3449 2499 aliud
3478 2462 3575 2501 nos
3603 2448 3703 2503 do-

2120 2532 2248 2575 cere
2292 2520 2417 2574 velit
2447 2521 2630 2576 beatus
2656 2523 2745 2579 ille
2774 2527 3052 2596 prepheta.
3082 2529 3214 2585 Nam
3245 2544 3299 2587 ut
3329 2536 3481 2605 dixit,
3506 2538 3607 2594 Hic
3636 2553 3709 2596 est

2123 2612 2248 2664 liber
2281 2612 2617 2681 generationis
2642 2617 2753 2669 ctuti
2780 2626 2828 2670 et
2858 2627 3025 2685 terra,
3055 2635 3366 2692 progressus
3397 2627 3553 2696 ultra,
3582 2646 3708 2685 nar-

2125 2710 2205 2755 rat
2249 2701 2441 2756 iterum
2468 2703 2773 2774 diligentius
2814 2706 3045 2771 hominis
3075 2710 3466 2771 formationem.
3499 2717 3561 2774 Et
3588 2723 3709 2791 quia

2124 2795 2368 2862 superius
2392 2794 2623 2850 breviter
2645 2797 2851 2853 dixerat
2878 2817 2893 2854 :
2921 2798 2987 2854 Et
3023 2804 3137 2872 fecit
3184 2803 3320 2861 Deus
3350 2809 3618 2878 hominem,
3645 2815 3713 2867 ad

2124 2886 2395 2956 imaginem
2424 2887 2517 2942 Dei
2546 2892 2666 2959 fecit
2706 2890 2883 2957 illum,
2925 2909 3067 2949 nunc
3110 2895 3276 2954 dicit:
3304 2900 3357 2954 7.
3384 2901 3449 2955 Et
3478 2903 3714 2972 formavit

2128 2976 2263 3033 Dm
2289 2978 2540 3034 hominem
2561 3021 2576 3045 ,
2601 2981 2859 3052 pulverem
2882 2985 2947 3038 de
2973 2995 3107 3040 terra
3126 3030 3141 3053 ,
3174 2998 3221 3043 et
3261 2991 3529 3062 inspiravit
3555 2996 3606 3049 in
3634 2999 3715 3068 fn-

2128 3068 2251 3122 cient
2281 3071 2393 3133 eius
2428 3072 2743 3139 spiraculum
2786 3075 3012 3150 uitw,_et
3038 3078 3205 3147 factus
3235 3092 3309 3135 est
3337 3084 3486 3138 homo
3515 3087 3567 3140 in
3599 3088 3716 3142 ani-

2128 3177 2265 3215 mam
2294 3163 2557 3217 viventem.
2587 3164 2831 3236 Magnum
2856 3176 2940 3224 est
2962 3170 3104 3239 quod
3135 3171 3220 3227 hic
3248 3174 3397 3238 dicit,
3420 3186 3474 3231 et
3497 3189 3717 3248 stupore

2130 3252 2343 3322 plenum
2372 3252 2765 3327 humanamque
2804 3260 3181 3316 transcendens
3206 3274 3438 3320 mentem
3468 3285 3482 3321 :
3513 3267 3581 3323 Et
3606 3274 3716 3339 [or-

2129 3345 2320 3412 maait,
2346 3345 2549 3416 inquit,
2573 3344 2715 3403 Deus
2747 3348 3029 3417 hominem,
3061 3353 3313 3422 pulverem
3353 3360 3619 3429 accipiens
3641 3364 3718 3435 (η)

2130 3437 2195 3491 de
2221 3446 2377 3493 terra.
2411 3437 2562 3494 Sicut
2589 3438 2657 3495 de
2689 3442 2938 3498 omnibus
2961 3447 3221 3500 creaturis
3247 3448 3540 3505 visibilibus
3566 3453 3715 3509 diee-

2131 3530 2254 3585 bam
2301 3530 2669 3587 universorum
2714 3532 2969 3603 Opilieem
3007 3538 3187 3592 omnia
3229 3549 3424 3607 praeter
3469 3542 3716 3599 humana:

2133 3631 2336 3677 naturze
2379 3638 2582 3679 morem
2627 3639 2823 3695 agere,
2855 3634 2911 3681 ut
2962 3642 3058 3696 per
3088 3628 3189 3685 hoc
3227 3630 3505 3689 inell‘abilis
3551 3636 3718 3707 ipsius

2134 3723 2461 3769 monstretur
2486 3716 2691 3771 virtus:
2724 3718 2793 3771 ita
2834 3727 2890 3773 et
2928 3719 2979 3774 in
3020 3720 3250 3776 hominis
3278 3722 3593 3784 formatione
3629 3730 3715 3785 in-

2134 3806 2409 3861 veniemus
2456 3822 2597 3861 nunc
2642 3807 2860 3864 factum.
2891 3808 3024 3865 Vide
3061 3813 3202 3867 enim
3247 3817 3513 3885 quomodo
3558 3834 3720 3891 super

2135 3910 2303 3967 aquas
2332 3906 2527 3953 terram
2570 3899 2842 3966 fundavit,
2870 3900 2923 3955 id
2949 3903 3089 3969 quod
3118 3904 3249 3961 citra
3289 3905 3446 3962 fidem
3489 3909 3717 3968 humana

2137 3990 2274 4043 ratio
2298 4004 2403 4044 non
2423 3991 2565 4060 capit
2591 4007 2607 4046 :
2633 4000 2686 4047 et
2716 3994 2984 4063 quomodo
3009 3995 3449 4070 quandocumque
3475 4002 3719 4072 voluerit,

2137 4080 2275 4136 sicut
2300 4082 2649 4147 ostendimus,
2672 4091 2731 4138 ut
2755 4099 2941 4139 omnes
2965 4085 3275 4142 substantia:
3297 4096 3559 4147 contraria
3585 4094 3724 4164 ipsa-

2138 4186 2255 4225 rum
2287 4180 2488 4227 natura:
2523 4184 2685 4243 agant
2716 4175 2897 4230 efficit.
2928 4176 3097 4231 Simili
3139 4179 3297 4234 modo
3334 4183 3464 4237 etin
3495 4184 3726 4243 hominis

2140 4262 2458 4321 formatione
2500 4281 2641 4320 nunc
2683 4266 2837 4323 nobis
2873 4269 2998 4339 quid
3030 4269 3223 4326 factum
3259 4272 3329 4329 sit
3362 4274 3537 4331 divina
3581 4277 3725 4334 Siri-

2140 4365 2294 4426 plura
2320 4357 2574 4413 declarat.
2605 4358 2870 4414 Formavit
2897 4360 3056 4430 Deus,
3089 4363 3276 4435 inquit,
3307 4369 3579 4433 hominem,
3612 4371 3728 4440 pul-

2140 4463 2303 4502 verem
2349 4450 2616 4520 accipiens
2655 4451 2721 4505 de
2757 4461 2911 4506 fma.
2939 4454 3075 4522 Quid
3115 4455 3291 4511 dicis?
3320 4457 3622 4529 Acceptone
3662 4462 3730 4518 de

2140 4548 2281 4595 terra
2323 4542 2541 4611 pulvere
2585 4542 2829 4598 formavit
2867 4545 3177 4600 hominem?
3207 4548 3376 4603 Etiam
3397 4592 3413 4616 ,
3445 4551 3647 4623 inquit,
3682 4567 3732 4609 et

2142 4645 2247 4685 non
2274 4633 2621 4703 simpliciter;
2653 4649 2753 4690 nec
2780 4637 3071 4704 quamlibet
3107 4636 3323 4693 fortuito
3363 4648 3560 4697 terram
3583 4645 3731 4713 dicit,

2140 4724 2236 4781 sed
2262 4724 2529 4782 Palmam
2552 4743 2572 4781 :
2592 4728 2741 4797 quasi
2769 4727 2813 4781 si
2834 4728 2953 4798 quis
2982 4728 3142 4794 dicat,
3173 4731 3541 4788 tenuissimum
3571 4744 3627 4790 et
3652 4737 3731 4789 vi-

2142 4815 2401 4871 lissimum
2422 4817 2563 4887 quod
2585 4826 2669 4872 est
2694 4817 2746 4871 in
2769 4824 2930 4873 terra.
2957 4818 3198 4889 Magnum
3225 4820 3315 4874 tibi
3336 4831 3391 4876 ct
3418 4823 3732 4882 admirabile

2142 4908 2350 4964 videtur
2367 4910 2511 4979 quod
2535 4909 2731 4964 dictum
2753 4918 2837 4965 est
2857 4928 2871 4964 :
2894 4926 3080 4966 verum
3101 4898 3145 4966 si
3162 4913 3367 4983 cogites
3390 4916 3508 4985 quis
3532 4919 3732 4987 opifex,

2146 4999 2453 5069 neutiquam
2482 5000 2638 5056 iidem
2668 5000 2864 5057 habere
2892 5000 3031 5057 facto
3056 5005 3352 5073 recusabis,
3376 5008 3468 5063 sed
3498 5010 3732 5067 mirabe-

2142 5090 2217 5145 ris
2241 5099 2297 5144 et
2319 5090 2565 5148 adorabis
2588 5090 2893 5147 Conditoris
2935 5096 3245 5164 potentiam.
3273 5097 3426 5162 Quod
3445 5100 3490 5152 si
3509 5098 3623 5153 hare
3647 5116 3734 5155 se-

2141 5181 2372 5238 cundum
2411 5183 2787 5255 cogitationum
2826 5195 3031 5240 tuarum
3066 5186 3479 5243 imbecillitatem
3521 5193 3730 5246 cmetiri

2141 5273 2397 5343 volueris,
2430 5282 2486 5329 et
2530 5275 2794 5331 curiosius
2835 5278 3115 5345 exinterare
3138 5318 3155 5344 ,
3203 5293 3297 5347 par
3329 5287 3413 5334 est
3453 5288 3508 5334 ut
3538 5280 3631 5336 tibi
3679 5282 3733 5338 in

2143 5377 2378 5420 mentem
2422 5366 2635 5431 veniat,
2666 5380 2732 5421 ex
2781 5375 2922 5421 terra
2969 5368 3548 5442 corpus(lmmanum)
3577 5389 3732 5428 num-

2142 5469 2303 5525 quam
2349 5454 2463 5511 fleri
2484 5497 2500 5523 ,
2528 5456 2620 5513 sed
2651 5458 2733 5510 vel
2763 5458 2984 5512 laterem
3004 5498 3020 5522 ,
3049 5457 3132 5513 vel
3163 5468 3350 5513 testam
3373 5501 3389 5523 ,
3410 5472 3465 5517 et
3491 5479 3594 5517 non
3628 5465 3734 5521 tale

2143 5561 2361 5618 corpus.
2396 5547 2580 5605 Viden‘
2606 5564 2725 5615 nos,
2763 5550 2863 5605 nisi
2893 5550 3184 5619 potentiam
3205 5551 3507 5611 Cenditoris
3530 5565 3731 5613 attenta

2213 5743 2291 5808 (α)
2314 5750 2379 5795 tta
2404 5743 2538 5807 Regii
2563 5750 2668 5795 Mss.
2697 5751 2749 5796 et
2769 5743 2923 5809 colh.,
2940 5752 3087 5810 atque
3102 5750 3173 5803 sic
3195 5748 3373 5813 legitur
3397 5747 3446 5800 in
