4122 6204
513 225 617 283 ’03

502 352 684 400 uiuite
702 339 1042 399 conueniet-arte
1055 331 1469 394 voluerimus,et
1483 335 1695 381 nostras
1713 327 1950 380 rationes
1973 332 2083 377 tam

499 432 798 492 imbecilles
844 427 1215 496 reprimamus,
1258 435 1363 475 non
1411 433 1568 489 posse
1607 417 1868 472 dictorum
1894 430 2086 486 capere

500 518 926 580 sublimitatem?
949 516 1091 571 Nam
1121 530 1240 585 qua:
1281 513 1567 576 dicuntur,
1597 509 1718 564 ﬁdei
1753 508 1922 563 oculis
1950 507 2088 561 indi-

501 622 650 684 gent,
680 621 910 678 suntque
936 607 1267 662 obnostram
1301 602 1662 657 inﬁrmitatem
1694 597 2086 652 multa-verbo-

503 719 619 759 rum
669 698 1109 769 attemperatione
1145 691 1430 762 descripta.
1461 689 1898 758 Quandoquidem
1947 687 2084 741 istud

502 796 674 863 ipsum
697 791 838 863 quod
870 790 1038 859 inquit
1069 805 1082 842 :
1116 785 1372 840 Formavit
1397 781 1538 836 Deus
1566 782 1838 844 hominem,
1861 790 1906 833 et
1935 779 2089 848 inspi-

501 885 652 949 ravit,
685 881 956 949 indignum
986 879 1093 932 Deo
1125 874 1283 930 fuerit
1308 893 1324 929 :
1350 874 1442 928 sed
1479 881 1696 942 propter
1726 886 1823 924 nos
1843 877 1938 934 ,et
1967 884 2088 938 pro-

504 984 622 1042 pter
650 972 1010 1026 inﬁrmitatem
1041 977 1275 1022 nostrain
1304 965 1419 1018 h:ec
1455 964 1532 1017 sic
1570 972 1749 1016 narrat
1777 962 2048 1028 Scriptura
2067 1000 2083 1024 ,

503 1064 580 1120 ad.
599 1073 832 1118 nostram
863 1078 922 1117 se
951 1061 1259 1116 tenuitatem
1286 1057 1680 1119 demittens,ut
1702 1065 1844 1109 tanta
1863 1055 2097 1108 familia~-

506 1157 663 1209 ritate
687 1153 906 1224 dignati,
937 1151 1003 1204 ad
1030 1151 1296 1220 fastigium
1322 1147 1448 1202 illud
1484 1147 1772 1201 ascendere
1799 1150 2087 1215 possimus.

510 1246 572 1300 Et
598 1245 856 1316 formavit,
875 1243 1063 1312 inquit,
1085 1241 1234 1294 Dens-
1249 1241 1518 1318 hominem,
1547 1238 1801 1309 pulverem
1821 1238 2089 1306 accipiens

504 1337 567 1389 de
591 1347 740 1388 terra.
767 1335 899 1388 liiuc
921 1333 966 1387 si
991 1347 1180 1400 sapere
1201 1333 1465 1392 volumus,
1494 1345 1599 1383 non
1626 1344 1787 1399 parva
1819 1328 1970 1382 nobis
1993 1327 2091 1381 hu-

507 1427 746 1480 militatis
789 1426 959 1478 oritur
997 1423 1258 1478 doctrina.
1305 1422 1438 1477 Nam
1480 1437 1602 1477 cum
1642 1422 2090 1491 cogitaverimus,

509 1518 648 1571 unde
672 1516 1062 1571 constitutionis
1090 1530 1200 1568 sua:
1229 1515 1436 1568 initium
1481 1523 1665 1568 natura
1695 1521 1873 1566 nostra
1902 1525 2090 1565 susce-

510 1609 672 1678 perit,
697 1608 905 1663 etiamsi
952 1607 1254 1662 sexcenties
1290 1604 1574 1674 supercilia
1623 1605 1972 1674 surrigamus,
2002 1618 2090 1658 re-

509 1701 810 1771 primimur,
836 1698 1196 1761 luuniliamur,
1215 1705 1277 1752 et
1289 1697 1597 1752 substantia:
1619 1706 1814 1751 nostra:
1830 1696 2091 1750 rationem

510 1791 898 1862 perpendentes
923 1832 938 1855 ,
963 1789 1281 1844 modestiam
1303 1789 1576 1844 discimus.
1608 1788 1731 1843 Ideo
1755 1788 1899 1843 enim
1928 1789 2092 1854 Deus,

508 1884 594 1938 cai
625 1892 767 1937 tanta
795 1881 986 1936 salutis
1030 1891 1225 1935 nostne
1249 1895 1402 1946 cura,
1429 1879 1496 1934 ad
1537 1880 1704 1934 nostri
1736 1878 2090 1933 eruditionem

511 1973 784 2044 propheta:
823 1973 1052 2042 linguam
1083 1975 1160 2026 sic
1205 1971 1423 2026 direxit.
1449 1972 1656 2039 Quippe
1682 1986 1802 2025 cum
1846 1969 2093 2039 superius

508 2068 729 2122 dixisset
752 2066 932 2120 divina
964 2065 1260 2133 Scriptura,
1293 2062 1358 2116 Et
1386 2064 1502 2132 fecit
1531 2063 1669 2118 Deus
1709 2063 1959 2117 hominem
1979 2103 1993 2127 ,
2014 2078 2098 2116 se-

506 2160 731 2213 cundum
757 2157 1027 2228 imaginem
1049 2154 1146 2210 Dei
1175 2155 1292 2226 fecit
1313 2171 1446 2217 eum,
1476 2153 1624 2208 dedit
1650 2153 1726 2208 illi
1750 2153 1987 2208 omnium
2016 2153 2096 2208 vi-

507 2249 742 2304 sibilimn
772 2256 1113 2317 potestatem,
1133 2256 1189 2299 ut
1217 2261 1284 2300 ne
1302 2261 1370 2300 ex
1395 2259 1507 2299 suae
1531 2244 1924 2299 constitutionis
1953 2244 2098 2314 igne-

507 2340 677 2396 rantia
699 2339 834 2394 altos
853 2339 1070 2407 spiritus
1091 2345 1406 2402 assumeret,
1425 2335 1870 2405 prmscriptosque
1896 2335 2094 2390 limites

518 2431 762 2493 transiret
793 2448 807 2484 :
835 2431 1107 2499 superiora
1135 2438 1382 2498 repetens
1407 2428 1678 2498 Scriptura
1707 2428 1865 2482 docet
1890 2426 2095 2482 forma-

515 2527 670 2580 :ionis
707 2525 823 2595 ejus
863 2525 1140 2594 originem.
1173 2534 1229 2577 et
1277 2521 1418 2577 unde
1459 2536 1522 2575 ac
1571 2521 1841 2591 quomodo
1891 2521 2094 2591 primus

511 2619 672 2672 homo
695 2615 982 2686 productus
1005 2616 1100 2670 sit.
1121 2615 1250 2669 Nam
1273 2614 1318 2669 si
1346 2624 1466 2684 post
1491 2614 1628 2668 hanc
1650 2615 1966 2679 doctrinam,
1989 2630 2095 2685 qua

509 2708 723 2777 agnovit
746 2721 805 2761 se
831 2723 861 2762 e
882 2714 1018 2761 terra
1040 2705 1238 2761 habere
1261 2706 1542 2776 originem,
1568 2721 1633 2761 ex
1663 2721 1766 2775 qua
1792 2706 2017 2770 semina,
2041 2713 2097 2760 et

508 2807 701 2852 czntera
725 2797 1004 2865 animalia,
1035 2796 1276 2867 quamvis
1316 2795 1596 2862 formatio,
1625 2797 1920 2866 animmque
1964 2796 2094 2851 sub-

509 2891 703 2945 Stantia
733 2889 1084 2961 incorporalis
1112 2890 1279 2944 multo
1303 2889 1648 2944 excellentior
1678 2904 1770 2960 per
1793 2889 2094 2960 benignita-

513 2995 618 3038 tem
653 2985 745 3038 Dei
787 2997 1038 3038 concessa
1081 2982 1194 3037 sit:
1225 2997 1321 3052 per
1347 2983 1484 3035 hanc
1517 2981 1659 3036 enim
1705 2979 1911 3050 accepit
1953 2979 2094 3050 quod

514 3075 787 3130 rationalis
816 3075 902 3138 sit,
933 3083 987 3129 et
1008 3073 1255 3128 omnibus
1281 3071 1399 3126 aliis
1439 3073 1701 3142 imperet:
1733 3071 1812 3138 si,
1843 3073 2055 3141 inquam
2075 3113 2092 3140 ,

513 3168 637 3222 licet
669 3166 784 3222 ha-c
798 3166 1008 3230 doctus,
1031 3165 1296 3232 serpentis
1317 3163 1630 3233 deceptione
1656 3178 1838 3233 parem
1865 3164 2094 3232 aliquam

508 3274 630 3312 cum
667 3258 777 3312 Deo
805 3255 1160 3326 :equalitatcm
1206 3253 1521 3322 imaginatus
1547 3261 1631 3308 est
1673 3255 1718 3307 is
1742 3253 1831 3322 qui
1859 3253 1927 3308 de
1956 3262 2094 3307 terra

512 3354 807 3405 formatus:
835 3349 880 3403 si
908 3348 1072 3417 priori
1101 3347 1402 3402 narratione
1439 3356 1720 3401 contentus
1745 3346 1933 3401 fuisset
1972 3347 2098 3402 bea-

512 3453 596 3496 tus
625 3442 709 3495 hic
739 3439 1021 3510 propheta,
1047 3448 1100 3492 et
1129 3437 1228 3492 nisi
1260 3437 1499 3506 repetitis
1537 3438 1784 3492 omnibus
1819 3438 2100 3509 diligenter

512 3550 611 3589 nos
637 3534 928 3599 docuisset,
959 3533 1010 3586 in
1033 3547 1190 3602 quam
1223 3547 1327 3584 non
1356 3531 1729 3586 incidissemus
1750 3531 2010 3586 insaniam
2038 3532 2068 3584 ?

583 3627 636 3681 5.
679 3625 862 3696 Itaque
888 3623 1173 3693 plurimum
1215 3622 1283 3676 ad
1322 3623 1676 3678 erudiendum
1717 3639 1814 3679 nos
1849 3623 2098 3680 conducit

510 3732 553 3771 δε
574 3717 650 3772 ire
678 3716 820 3770 unde
855 3714 1147 3768 substantia
1176 3722 1353 3766 nostra
1384 3713 1610 3780 primum
1647 3714 1904 3782 originem
1946 3729 2098 3767 acce-

518 3805 674 3874 perit.
701 3803 764 3856 Et
787 3802 1046 3873 formavit,
1071 3801 1256 3868 inquit,
1282 3799 1420 3852 Deus
1446 3799 1720 3865 hominem,
1746 3801 1995 3868 pulverem
2018 3816 2100 3854 ac-

513 3895 716 3963 cipiens
745 3892 808 3945 de
836 3901 970 3944 terra
991 3931 1008 3954 ,
1034 3899 1082 3944 et
1120 3889 1387 3960 insit/ﬂavit
1415 3889 1468 3942 in
1503 3889 1681 3960 faciem
1715 3892 1826 3958 ejus
1863 3891 2098 3960 spiracu-

517 3986 622 4039 lum
643 3984 772 4037 vitae.
796 3981 1056 4050 Quoniam
1080 3979 1381 4035 hominibus
1406 3979 1740 4047 loquebatur,
1760 3981 1916 4035 aliter
1940 3996 2097 4050 quam

518 4088 668 4130 more
716 4082 898 4127 nostro
941 4071 1126 4126 audire
1174 4085 1279 4124 non
1307 4069 1646 4135 valentibus,
1676 4068 1775 4124 hac
1814 4070 2097 4125 verborum

515 4167 855 4238 simplicitate
875 4173 930 4218 et
956 4161 1309 4218 crassitudine
1329 4177 1457 4216 usus
1485 4169 1566 4216 est
1590 4177 1606 4225 ;
1634 4171 1687 4215 et
1705 4171 1761 4216 ut
1788 4159 1978 4217 doceat
2003 4178 2099 4218 nos

517 4273 624 4326 quo
656 4265 808 4326 pacto
836 4255 1119 4308 formatum
1148 4251 1296 4306 illum
1322 4251 1390 4305 de
1425 4261 1566 4306 terra
1590 4292 1606 4317 ,
1653 4251 1950 4321 benignitas
1997 4255 2100 4308 Do-

521 4347 648 4403 mini
679 4345 994 4401 rationalem
1023 4342 1216 4396 anima:
1258 4341 1542 4396 essentiam
1595 4341 1794 4398 habere
1835 4344 2096 4412 voluerit,

519 4459 609 4513 per
637 4455 798 4511 quam
823 4437 1018 4492 animal
1047 4435 1148 4491 hoc
1168 4435 1469 4490 absolutum
1506 4444 1564 4492 et
1591 4435 1879 4505 perfectum
1927 4437 2097 4494 ﬁeret.

523 4536 586 4591 Et
625 4533 923 4603 inspiravit,
955 4531 1158 4600 inquit,
1203 4529 1255 4582 in
1283 4529 1462 4600 facient
1490 4529 1598 4596 eius
1623 4530 1934 4600 spiraculum
1965 4532 2098 4586 vine.

525 4626 750 4681 Vitalem
777 4625 852 4678 ait
893 4620 1148 4693 operandi
1174 4620 1468 4676 efﬁcaciam
1499 4619 1583 4687 ei,
1605 4623 1693 4691 qui
1720 4620 1787 4676 de
1816 4631 1955 4677 terra
1997 4623 2104 4678 for-

523 4727 696 4775 matus
720 4725 824 4781 est,
854 4711 1175 4784 spiraculum
1201 4711 1379 4766 datum
1401 4725 1542 4777 esse,
1570 4721 1625 4767 et
1650 4711 1764 4768 bare
1789 4712 1884 4768 fuit
1905 4718 2104 4771 consu-

525 4812 658 4867 tutio
703 4807 1013 4864 substantiae
1048 4806 1264 4860 animae.
1297 4803 1449 4860 Unde
1494 4805 1716 4860 subdit:
1751 4805 1817 4859 Et
1845 4811 2008 4877 factus
2035 4819 2104 4862 est

522 4904 672 4956 homo
699 4901 750 4954 in
776 4900 997 4952 animam
1021 4897 1282 4951 viventem.
1312 4895 1405 4951 Ille
1432 4895 1706 4962 formatus,
1739 4898 1926 4970 inquit,
1956 4909 2011 4953 et
2036 4899 2103 4953 de

521 4994 738 5063 pulvere
782 4997 1082 5059 susceptus,
1121 4987 1408 5056 inspiratus
1445 4988 1711 5056 Spiraculo
1739 4991 1881 5057 vitae,
1915 4990 2103 5044 Factus

520 5097 592 5141 cst
622 5087 674 5140 in
699 5085 920 5138 animam
946 5078 1352 5146 viventem.Quid
1373 5086 1476 5145 est,
1499 5077 1564 5132 In
1585 5081 1806 5134 animant
1828 5081 2104 5136 viventem?

523 5179 636 5234 lloc
679 5186 794 5240 est,
822 5173 1110 5230 efﬁcaciter
1156 5181 1464 5240 operantem
1490 5211 1506 5236 ,
1536 5170 1818 5228 habentem
1863 5175 2104 5244 corporis

527 5269 764 5325 membra
793 5267 958 5337 ipsius
986 5261 1384 5335 operationibus
1409 5263 1690 5317 servientis
1719 5264 1986 5333 ipsiusque
2006 5281 2104 5320 vo-

525 5358 712 5416 luntati
748 5355 1186 5428 obtemperantia.
1218 5353 1480 5408 Cmterum
1510 5353 1690 5407 nescio
1715 5353 1982 5422 quomodo
2008 5371 2107 5412 nos

527 5466 648 5504 eum
674 5448 1089 5504 subverterimus
1123 5445 1388 5512 ordinem,
1412 5453 1468 5499 et
1491 5451 1636 5498 tanta
1663 5442 1822 5499 fuerit
1855 5447 2106 5515 nequitiae

528 5543 766 5597 accessio
789 5581 805 5610 ,
851 5550 909 5595 ut
953 5551 1120 5609 Ipsam
1156 5552 1409 5608 cogamus
1445 5537 1622 5592 carnis
1668 5537 2107 5607 concupiscentiis

529 5631 848 5701 obsequi,et
875 5646 1013 5696 eam,
1037 5646 1154 5701 quze
1193 5639 1373 5700 utpote
1397 5628 1610 5684 domina
1647 5629 1765 5685 aliis
1792 5643 2022 5701 pra-esse
2045 5640 2100 5688 ct

1235 213 1297 270 5.
1334 199 2109 270 JO‘ANNIS‘CHRYSOSTOIII
2147 199 2465 258 ARCHIEP.
2504 201 3038 258 CONSTANTINOP.

3675 209 3781 264 104

2200 316 2462 388 imperare
2484 317 2731 385 debebat,
2753 334 2784 374 e
2811 320 2946 373 solio
2964 319 3312 379 deturbatam.
3335 324 3512 377 carnis
3532 323 3777 393 volupta-

2195 408 2334 462 tibus
2367 423 2556 478 parere
2580 425 2853 479 cogamus,
2888 412 3188 480 ignorantes
3229 413 3394 481 ipsius
3418 416 3776 480 nobilitatem,

2194 507 2260 552 et
2275 509 2524 568 quantam
2554 515 2663 568 pra:
2693 501 2791 555 ista
2820 502 3160 556 eminentiam
3192 506 3377 558 sortita
3406 507 3494 560 sit.
3528 506 3658 560 Nam
3685 524 3778 561 co-

2191 591 2296 659 gita
2320 631 2336 655 ,
2361 591 2587 645 obsecro
2606 632 2621 653 ,
2650 590 2986 647 fortnatiouis
3016 594 3258 649 ordinem
3290 612 3304 648 :
3335 606 3387 650 et
3423 599 3664 665 expende
3695 608 3780 651 te-

2193 694 2338 745 cum,
2370 681 2489 750 quis
2515 691 2656 736 esset
2688 682 2777 736 ille
2799 694 3081 753 antequam
3114 686 3462 754 inspiraretur
3489 704 3517 740 a
3551 689 3776 743 Domine

2191 772 2514 840 spiraculum
2542 774 2691 838 vitaz,
2720 785 2775 831 et
2807 776 2956 831 ﬁeret
2999 777 3050 830 in
3080 778 3310 832 animam
3339 779 3623 834 viventem.
3659 781 3779 834 lna-

2194 862 2351 917 nimis
2380 880 2570 934 nempe
2615 866 2819 936 imago,
2855 871 3165 938 operatione
3210 886 3426 937 carens,
3453 883 3508 926 et
3541 873 3606 926 ad
3642 873 3774 929 nihil

2194 954 2334 1007 utilis
2355 970 2382 1018 ;.
2403 955 2472 1008 ita
2519 965 2588 1010 ut-
2615 965 2780 1011 totum
2819 959 2948 1013 illud
2989 961 3129 1029 quod
3175 963 3227 1015 in
3269 972 3470 1015 tantum
3517 964 3774 1018 honorem

2195 1045 2365 1113 ipsum
2400 1048 2658 1114 provexit.
2684 1049 2814 1102 nihil
2838 1050 2980 1104 aliud
2997 1052 3267 1121 sit,quam
3293 1054 3616 1122 spiraculum
3646 1055 3774 1110 illud

2194 1152 2224 1190 a
2259 1139 2366 1191 Deo
2394 1139 2730 1208 inspiratum.
2759 1140 3024 1196 Caeterum
3052 1153 3108 1198 ut
3135 1143 3236 1198 hoc
3260 1161 3365 1198 non
3404 1147 3572 1198 solum
3603 1163 3667 1199 ex
3711 1148 3790 1200 iis-

2193 1245 2311 1296 quze
2341 1239 2465 1283 tunc
2494 1231 2627 1284 facta
2657 1241 2800 1297 sunt,
2830 1233 2924 1288 sed
2950 1244 3004 1289 et
3036 1250 3106 1290 ex
3132 1236 3200 1290 iis
3214 1253 3338 1307 qua:
3357 1263 3360 1266 -
3379 1253 3517 1291 nunc
3541 1239 3776 1307 quotidie

2194 1320 2510 1390 contingunt
2531 1323 2735 1389 videas,
2761 1325 2934 1394 cegita
2964 1335 3136 1381 tecum
3156 1329 3422 1397 quomodo
3448 1341 3565 1399 post
3585 1332 3777 1384 anima:

2195 1414 2632 1482 emigrationcm,
2665 1431 2859 1485 corpus
2887 1417 2996 1472 hoc
3040 1429 3145 1472 tam
3176 1420 3393 1476 insuave
3438 1431 3492 1476 et
3535 1422 3776 1491 injucun-

2195 1502 2320 1557 dum
2349 1516 2572 1575 apparet
2598 1525 2612 1560 :
2640 1517 2694 1561 et
2715 1508 2841 1576 quid
2863 1509 3004 1575 dico,
3047 1511 3262 1565 insuave
3291 1521 3356 1566 et
3395 1512 3778 1582 iniucundum?

2194 1610 2354 1662 quam
2382 1595 2729 1666 horrendum,
2749 1617 2908 1670 quam
2938 1605 3201 1674 fmtidum,
3230 1619 3280 1663 et
3311 1611 3643 1669 deformitate
3665 1617 3777 1684 ple-

2197 1702 2349 1754 num,
2369 1689 2510 1758 quod
2531 1700 2684 1745 antea
2714 1708 2836 1747 cum
2861 1697 2930 1751 ab
2953 1697 3129 1753 anima
3151 1713 3442 1771 regeretur,
3459 1704 3774 1776 jucundum,

2194 1788 2425 1846 gratuiti,
2453 1780 2842 1854 admodumque
2872 1785 3164 1844 formosum
3190 1801 3309 1846 erat
3327 1834 3342 1856 ,
3372 1797 3533 1850 multa
3563 1799 3774 1866 plenum

2199 1870 2477 1937 prudentia
2503 1914 2519 1939 ,
2551 1883 2605 1928 et
2633 1875 2698 1929 ad
2717 1876 2866 1931 bona
2892 1895 3052 1948 opera
3080 1897 3268 1952 magna
3293 1887 3608 1944 dexteritate
3637 1907 3776 1959 prie-

2196 1962 2382 2016 ditum.
2431 1964 2559 2021 Ha-c
2603 1968 2782 2038 utique
2811 1973 2988 2025 omnia
3033 1976 3362 2044 cogitantes,
3395 1995 3460 2033 ac
3500 1983 3800 2038 nobiscum»

2197 2064 2513 2122 reputantes
2552 2070 2746 2127 quanta
2795 2061 2868 2115 sit
2910 2064 3102 2120 anima:
3152 2079 3346 2123 nostra;
3389 2071 3656 2140 nobilitas,
3710 2091 3776 2131 ue

2197 2145 2322 2214 quid
2365 2162 2427 2201 ea
2474 2148 2747 2218 indignum
2775 2166 3092 2222 Operemur,
3126 2173 3191 2212 ne
3217 2161 3620 2231 coinquincmus
3657 2182 3796 2220 eam,

2197 2235 2399 2292 illicitis
2425 2241 2696 2309 operibus,
2725 2259 2792 2298 ne
2819 2245 2919 2300 sub
2955 2248 3134 2302 carnis
3159 2253 3468 2308 servitutem
3496 2271 3612 2310 eam
3649 2259 3788 2312 sub»

2191 2329 2440 2399 jugemus
2462 2373 2478 2395 ,
2509 2349 2577 2388 ne
2603 2341 2708 2387 tam
2739 2337 2971 2392 nobilem
2992 2380 3022 2405 ,-
3045 2350 3293 2412 tamtaque
3317 2345 3572 2415 dignitate
3596 2351 3774 2404 subli-

2197 2438 2338 2477 mem
2360 2465 2376 2490 ,
2407 2424 2486 2480 sic
2522 2426 2810 2482 crudeliter
2839 2438 2895 2484 et
2939 2430 3428 2491 immiscricorditer
3467 2449 3773 2496 tractemus.

2197 2511 2332 2566 Nam
2375 2523 2592 2584 propter
2619 2516 2763 2572 illius
2791 2519 3142 2576 substantiam
3185 2540 3280 2579 nos
3321 2527 3661 2598 qui-corpore
3699 2532 3778 2585 in-

2197 2604 2360 2658 voluti
2387 2621 2592 2672 sumus,
2623 2609 2667 2663 si
2697 2610 2954 2680 velimus,
2984 2629 3262 2681 possumus
3288 2633 3408 2672 cum
3454 2620 3777 2691 incorporcis

2197 2697 2501 2765 virtutibus,
2528 2701 2811 2772 adjuvante
2839 2721 2936 2760 nos
2961 2706 3138 2762 divina
3167 2711 3354 2778 gratia,
3387 2722 3613 2779 certare,
3642 2726 3695 2770 ct
3724 2717 3800 2770 in-

2199 2797 2340 2844 terra
2368 2793 2725 2862 ambulantes,
2756 2800 2906 2866 quasi
2955 2800 3006 2853 in
3038 2801 3172 2855 casio
3204 2803 3403 2867 vivere,
3428 2815 3483 2860 et
3514 2807 3642 2862 nihil
3672 2811 3774 2864 mi-

2199 2897 2302 2937 nus
2343 2898 2502 2953 quam
2543 2886 2645 2940 illa:
2686 2888 2916 2956 habere;
2961 2891 3069 2946 imo
3108 2893 3241 2948 forte
3279 2897 3483 2966 aliquid
3501 2902 3726 2969 amplius
3757 2920 3792 2956 ι.

2198 2975 2466 3042 quomodo
2491 2987 2690 3042 autem,
2709 2995 2808 3049 ego
2833 2980 3026 3036 dicam.
3047 2983 3272 3050 Quando
3290 2989 3430 3042 enim
3457 2991 3573 3059 quis
3596 2993 3778 3047 inven-

2199 3075 2284 3122 tus
2328 3067 2482 3123 fuerit
2519 3073 2848 3141 corruptibili
2893 3075 2994 3129 hoc
3034 3091 3258 3146 corpore
3285 3082 3672 3152 circumdatus,
3707 3088 3790 3141 ita.

2198 3157 2359 3210 vitam
2386 3174 2550 3229 agens
2578 3171 2634 3215 ut
2669 3177 2916 3231 superna:
2964 3165 3064 3220 illa:
3092 3168 3312 3237 virtutes
3331 3213 3344 3234 ,
3375 3175 3640 3242 quomodo
3671 3193 3791 3231 non,

2200 3251 2598 3319 propensiorem
2629 3253 2721 3308 Dei
2741 3257 2962 3323 gratiam
2990 3259 3258 3324 sortietur,
3282 3263 3402 3331 quia
3423 3267 3659 3333 corporis
3686 3283 3784 3322 nco

2199 3343 2536 3399 cessitatibus
2571 3345 2832 3403 obnoxius
2856 3389 2872 3416 ,
2904 3349 3260 3423 incorruptam
3299 3356 3490 3413 anima:
3530 3360 3793 3415 nobilitate

2201 3441 2308 3488 tem
2341 3435 2356 3465 ¹
2387 3437 2616 3491 servavit
2635 3438 2660 3490 τ

2285 3523 2456 3580 Virtus
2501 3528 2786 3595 possibilis;
2829 3548 3092 3600 possumus
3129 3535 3379 3591 Joannem
3421 3539 3699 3610 Baptistam
3732 3553 3794 3595 cr-

2203 3615 2427 3670 Paulum
2445 3619 2928 3692 imitari.-Ecquis
2947 3640 3218 3695 umquam,
3234 3628 3399 3694 dices,
3425 3633 3618 3700 poterit
3637 3633 3778 3686 inve—

2203 3707 2303 3760 niri
2333 3709 2490 3763 talis?
2527 3711 2712 3766 Merito
2737 3713 3079 3782 impOSsibilis
3108 3719 3259 3773 nobis
3295 3720 3409 3775 hare
3438 3737 3522 3776 res
3550 3723 3774 3782 videtur.

2202 3810 2425 3864 quorum
2455 3801 2618 3855 virtus
2643 3804 2927 3858 admodum
2951 3806 3158 3876 exigua.
3187 3809 3252 3862 At
3279 3811 3323 3863 si
3353 3813 3437 3866 vis
3449 3812 3652 3867 discere
3675 3829 3778 3868 non

2203 3901 2321 3941 esse
2349 3889 2447 3943 hoc
2475 3889 2798 3960 impossibile
2820 3936 2834 3959 ,
2864 3897 3034 3966 Cogita
3055 3939 3071 3964 ,
3098 3914 3194 3953 oro
3212 3940 3226 3961 ,
3256 3916 3441 3956 omnes
3457 3902 3630 3970 justos
3649 3945 3662 3965 ,
3689 3904 3777 3972 qui

2204 3978 2427 4033 Domino
2457 3980 2522 4034 ab
2562 3982 2710 4036 initio
2750 3999 2916 4054 usque
2944 3987 3010 4040 ad
3058 4003 3292 4056 prmsens
3329 4000 3534 4061 tempus
3571 3993 3780 4062 placue-

2204 4078 2327 4122 runt
2353 4085 2598 4140 magnum
2621 4073 2791 4138 illum,
2821 4084 2875 4129 et
2900 4077 3197 4134 infecundae
3225 4081 3410 4146 ﬁlium,
3433 4092 3487 4136 et
3513 4085 3676 4137 eremi
3706 4084 3778 4137 ci-

2203 4175 2320 4214 vem
2347 4160 2605 4216 Joannem
2637 4166 2680 4231 ’,
2712 4165 2931 4220 Paulum
2961 4184 3173 4239 quoque
3199 4171 3506 4241 magistrum
3537 4173 3698 4239 orbis,
3727 4183 3790 4228 et‘

2203 4267 2415 4307 onmem
2445 4265 2746 4311 sanctorum
2781 4273 3084 4328 numerum,
3114 4263 3204 4330 qui
3232 4263 3474 4318 eamdem
3501 4280 3657 4333 quam
3685 4279 3790 4318 nos

2204 4352 2444 4398 naturam
2475 4345 2730 4413 habuere,
2759 4347 2943 4403 iisdem
2974 4353 3213 4421 corporis
3243 4355 3645 4408 necessitatibus
3680 4354 3778 4407 ob:-

2204 4435 2368 4502 nosii,
2390 4445 2442 4490 et
2473 4452 2539 4491 ne
2557 4438 2692 4492 ultra
2715 4441 3040 4510 impossibile
3067 4458 3186 4498 esse
3211 4459 3342 4512 opus
3367 4445 3658 4510 existimes,
3689 4461 3781 4500 neb

2203 4542 2306 4596 que
2344 4528 2556 4598 segnior
2597 4530 2673 4584 sis
2709 4531 2775 4585 ad
2816 4533 3084 4598 virtutem,
3113 4534 3180 4587 ad
3205 4549 3361 4604 quam
3403 4536 3552 4589 facile
3585 4537 3780 4604 auiples

2204 4619 2449 4674 ctendam
2474 4629 2643 4675 tantas
2661 4637 2689 4675 a
2715 4623 2938 4678 Domino
2959 4635 3149 4681 nactus
3167 4642 3226 4681 es
3251 4627 3575 4681 occasiones.
3595 4627 3778 4682 Sciens

2203 4711 2346 4764 enim
2379 4710 2635 4783 benignus
2664 4712 2916 4768 Dominus
2953 4725 3148 4770 nostra:
3179 4717 3417 4770 voluntat
3438 4733 3464 4772 s
3506 4718 3780 4772 inﬁrmitat-

2207 4811 2334 4867 tem,
2367 4811 2422 4856 et
2447 4801 2514 4856 ad
2548 4803 2828 4882 labentium
2859 4805 3261 4873 proclivitatem,
3283 4822 3468 4876 magna
3493 4808 3642 4861 nobis
3668 4823 3781 4861 me-

2207 4893 2468 4948 dit-amiua
2499 4897 2550 4950 in
2578 4911 2854 4952 sacrarum
2876 4898 3268 4969 Scripturarunt
3301 4899 3526 4953 lectione
3550 4899 3781 4967 reliquit,

2209 4995 2266 5039 ut
2290 5001 2353 5041 ea
2377 4987 2602 5044 subinde
2621 4990 2926 5045 vulneribus
2953 4992 3149 5046 nostris
3175 4991 3526 5060 imponentes,
3549 5000 3603 5045 et
3624 4993 3792 5044 vitam-

2209 5080 2418 5135 illorum
2460 5081 2734 5136 beatorum
2764 5083 2994 5138 virorum
3028 5092 3152 5137 ante
3179 5083 3365 5138 oculos
3392 5093 3744 5152 proponentes
3766 5123 3782 5147 ,

2209 5171 2276 5226 ad
2297 5172 2654 5227 :emuiandum
2674 5187 3041 5244 provocemur,
3063 5182 3117 5228 et
3139 5174 3386 5229 virtutem
3418 5189 3524 5227 non
3553 5174 3786 5243 negliga~

2274 5312 2294 5387 ξ
2322 5309 2403 5360 Sic
2444 5311 2596 5387 Savil.
2640 5316 2694 5361 et
2731 5309 2932 5362 Coislin.
2969 5311 3143 5361 Morel.
3178 5317 3234 5362 et
3263 5313 3370 5377 alii,
3399 5317 3648 5382 euergium
3677 5321 3783 5383 (τήν

2211 5373 2570 5510 ξνὶρέῗὲαξξνίι.
2594 5439 2647 5483 et
2667 5434 2767 5510 dno
2788 5433 2914 5510 hlss.‘
2930 5433 3047 5510 Alii,
3076 5432 3674 5510 Dfimit,.pro,_1‘oaunem.
3705 5442 3780 5510 lu-

2211 5501 2406 5566 terpres
2433 5502 2697 5566 utramque
2729 5498 3029 5566 Iegerat,_ita
3062 5498 3484 5566 ut__.loauues__hic
3526 5509 3780 5566 vocaretur

2211 5558 2398 5626 Helias.
2434 5559 2538 5626 _St_c
2581 5558 2739 5626 etiam!
2774 5561 2876 5626 tres
2927 5557 3074 5620 Mss,
3117 5557 3312 5610 Batiam
3352 5557 3491 5610 illum
3539 5565 3776 5626 Joannem

2213 5627 2230 5682 (
2243 5617 2407 5667 Ἠλίαν
2427 5618 2602 5666 ἐκεῖνον
2633 5612 2893 5678 Ἰωάννην).
