4144 6200
234 162 269 172 ο.

186 266 368 323 ’305

259 384 356 438 καὶ
378 382 554 439 ταῦτα
584 381 723 455 μετά
751 381 954 454 πολλῆς
982 379 1081 453 τῆς
1106 380 1566 446 συγκαταϐάσεως
1589 381 1686 437 καὶ
1723 382 1812 436 διὰ
1832 382 1933 453 τὴν

259 470 547 525 ἀσθένειαν
573 471 672 540 τὴν
701 469 974 542 ἡμετέραν
995 468 1141 523 οὕτω
1162 469 1414 542 ρηθέντα.
1441 470 1553 523 Kal
1577 469 1711 523 αὐτὸ
1733 469 1845 540 γάρ
1871 469 1931 522 16
1968 539 1972 542 γ

260 558 437 611 ιίπεῐν
463 576 475 589 ο
515 557 819 611 Ἐπλασεν
858 558 893 610 δ
936 556 1082 623 Θεὸς
1110 556 1220 610 τὸν
1258 556 1708 625 ἇνθρωπον,καί
1725 556 1938 626 ἐνεφύσ-

262 657 481 712 σησεν,
509 641 728 707 ἀνάξιον
758 641 924 695 Θεοῦ’
956 641 1091 696 ἀλλά
1116 642 1183 694 δι’
1203 644 1353 715 ἡμᾶς
1394 643 1490 697 καὶ
1521 642 1582 696 τὸ
1616 643 1841 707 ἀσθενὲς
1872 642 1937 697 16

261 731 574 802 ἡμέτερον·
622 729 765 784 οὕτω
795 729 967 784 ταῦτα
996 730 1261 800 διηγεῖται
1311 732 1345 802 ἡ
1395 729 1530 784 θεία.
1552 730 1762 802 Γραφὶμ
1804 731 1937 802 ἡμῖν

265 816 795 887 συγκαταϐαίνουσα,
844 817 933 871 ἵνα
959 816 1160 887 ταύτης
1189 817 1512 881 ἀξιωθέντες
1523 817 1636 889 ’τῆς
1662 834 1937 884 συγκατα-

264 904 497 969 ϐάσεως,
525 903 770 958 ἀνελθεῖν
797 904 938 974 πρὸς
977 903 1040 957 16
1086 903 1219 974 ὕψος
1266 905 1441 958 ἐκεῖνο
1475 903 1800 974 ἰσχύσωμεν.
1825 903 1939 957 Kal

263 990 521 1057 ἔπλασε,
566 990 752 1061 φησὶν,
798 993 832 1045 d
881 990 1025 1057 Θεὸς
1063 990 1171 1044 τὸν
1205 991 1540 1058 ἄνθρωπον,
1573 990 1727 1059 χοῦν
1758 988 1938 1044 λαϐὼν

262 1077 382 1134 ἀπὸ
401 1076 510 1147 τῆς
531 1078 823 1148 rapum;
844 1078 906 1131 οὐ
933 1077 1108 1150 μικρά
1134 1079 1267 1150 ἡμῖν
1283 1078 1533 1133 ἐντεῦθεν
1557 1078 1820 1142 τίκτεται,
1841 1077 1939 1131 ἐάν

266 1167 454 1238 νήφειν
488 1164 828 1236 βουλώμεθα,
868 1166 1366 1238 ταπεινοφροσύνης
1407 1165 1743 1220 διδασκαλία.
1768 1166 1939 1219 Ὅταν

266 1254 379 1324 γάρ
420 1254 789 1324 ἐννοήσωμεν,
825 1253 990 1307 πόθεν
1014 1253 1143 1324 ἔσχε
1170 1254 1270 1324 τὴν
1293 1252 1473 1325 ἀρχὴν
1495 1253 1597 1323 τῆς
1627 1252 1940 1316 συστάσεως

267 1343 303 1412 ἡ
332 1340 492 1409 φύσις
515 1343 549 1412 ἡ
577 1341 843 1412 ἡμετέρα,
874 1340 981 1396 κᾶν
1012 1340 1272 1412 μυριάκις
1292 1341 1394 1404 σάς
1421 1341 1592 1413 ὀφρῦς
1609 1339 1942 1395 ἀνασπάσω-

273 1445 395 1498 μεν,
443 1428 838 1499 ωστελλόμεθα
858 1430 907 1495 ιι,
936 1427 1362 1499 ταπεινούμεθα,
1394 1428 1494 1500 τὴν
1521 1428 1708 1483 οὐσίαν
1733 1427 1941 1481 ἐαυτῶν

269 1513 731 1587 ἀναλογιζόμενοι,
768 1517 1079 1587 μετριάζειν
1108 1514 1495 1587 παιδευόμεθα.
1523 1516 1622 1569 Διά
1653 1515 1810 1569 τοῦτο
1827 1515 1942 1587 γὰρ

268 1603 362 1656 καὶ
397 1605 426 1656 ό
454 1602 607 1667 Θεὸς,
642 1603 937 1674 κηδόμενος
967 1604 1124 1675 ἡμῶν
1149 1604 1247 1676 τῆς
1277 1603 1571 1674 σωτηρίας.
1604 1601 1778 1666 οὕτως
1807 1603 1944 1673 ὼδή·

268 1704 405 1758 γησε
428 1689 521 1742 τοῦ
545 1692 822 1760 προφήτου
861 1691 960 1762 τὴν
992 1690 1237 1759 γλῶτταν
1276 1692 1415 1762 πρὸς
1440 1690 1540 1762 τὴν
1564 1690 1835 1761 ἡμετέραν
1859 1688 1941 1742 δι-

268 1775 582 1830 δασκαλίαν.
599 1777 817 1848 Ἐπειδὴ
853 1779 961 1850 γὰρ
986 1774 1110 1831 εἷπε
1131 1778 1480 1849 προλαϐοῦσα
1505 1781 1541 1849 ιὴ
1572 1777 1692 1831 θεία
1710 1777 1901 1848 Γραφή
1924 1790 1943 1808 ⁸

270 1863 375 1917 Kal
391 1864 684 1931 ἐποίησεν
702 1867 735 1918 ό
758 1864 903 1930 Θεὸς
921 1865 1028 1918 τὸν
1047 1865 1382 1933 ἄνθρωπον,
1411 1866 1538 1919 κατ’
1558 1865 1763 1920 εἰκόνα
1790 1863 1941 1919 Θεοῦ

268 1951 557 2029 ἐποίησεν
588 1951 796 2016 αὐτὸν,
819 1954 915 2006 καὶ
938 1953 1035 2022 τὴν
1068 1954 1241 2023 ἀρχὴν
1270 1953 1419 2023 αὐτῷ
1443 1955 1622 2006 πᾶσαν
1655 1952 1942 2024 παρέδωκε

268 2038 378 2091 τῶν
422 2038 737 2109 ὁρωμένων,
776 2038 850 2109 μὴ
882 2040 1093 2106 ἀγνοῶν
1118 2042 1218 2113 τῆς
1248 2040 1453 2102 οίκείας
1485 2040 1674 2102 οὐσίας
1716 2041 1817 2109 τὴν
1845 2038 1942 2091 σύ-

273 2142 461 2178 στασιν
514 2125 725 2193 μεγάλα
775 2125 1054 2195 φαντασθῇ
1077 2167 1090 2188 ,
1139 2128 1234 2179 καὶ
1278 2126 1490 2197 ὑπερϐῇ
1535 2126 1662 2188 τούς
1710 2125 1944 2189 οἰκείους

272 2212 468 2281 ὄρους·
521 2210 609 2263 διὰ
651 2209 807 2263 τοῦτο
852 2197 1382 2282 ἐπαναλαμϐάνουσα
1413 2211 1528 2283 [9η
1560 2211 1803 2265 διδάσκει
1849 2211 1946 2264 καὶ

274 2298 364 2352 τὸν
409 2297 610 2370 τρόπον
636 2297 735 2367 τῆς
769 2298 1101 2362 συστάσεως.
1138 2299 1232 2358 καὶ
1275 2298 1378 2369 τῆς
1406 2299 1672 2367 γενέσεως
1696 2299 1797 2371 τήν
1845 2299 1946 2369 ἀρ-

274 2385 393 2458 χὴν,
434 2386 528 2439 καὶ
574 2385 696 2439 ὅθεν
741 2387 770 2439 6
821 2386 1038 2457 πρῶτος
1065 2386 1350 2458 ἄνθρωπος
1375 2386 1654 2458 παρήχθη.
1702 2387 1797 2440 καὶ
1830 2385 1946 2451 πῶς

273 2471 546 2543 παρήχθη.
583 2472 646 2525 Εί
674 2472 782 2544 γάρ
810 2474 904 2526 καὶ
936 2473 1076 2541 μετὰ
1104 2474 1310 2545 ταύτην
1331 2475 1428 2545 τήν
1452 2473 1822 2538 διδασκαλίαν,
1850 2475 1945 2528 καὶ

276 2559 412 2630 μετά
445 2561 505 2612 16
547 2559 772 2629 γνῶναι,
799 2561 882 2613 ὅτι
930 2560 1039 2614 ἀπὸ
1083 2562 1183 2631 τῆς
1210 2561 1313 2633 γῆς
1355 2561 1468 2632 ἔχει
1505 2562 1604 2622 τὴν
1644 2561 1821 2634 ἀρχὴν
1846 2563 1946 2633 τῆς

274 2649 605 2711 συστάσεως,
637 2648 694 2714 ἐξ
719 2643 788 2719 ἦς
816 2647 886 2701 τὰ
912 2647 1223 2719 σπέρματα,
1255 2647 1314 2714 ἐξ
1337 2645 1406 2720 ἦς
1433 2648 1504 2702 τά
1526 2648 1693 2717 ἄλογα
1720 2650 1855 2713 ζῶα,
1895 2653 1945 2705 εί

272 2735 369 2787 καὶ
407 2736 441 2804 ή
469 2733 780 2797 διάπλασις,
827 2734 920 2787 καὶ
957 2735 1058 2804 τῆς
1098 2734 1276 2804 ψυχῆς
1301 2737 1334 2806 ἡ
1363 2736 1521 2790 οὐσία
1567 2738 1600 2807 ἡ
1655 2734 1946 2807 ἀσώματος

273 2820 471 2890 πολλὴν
514 2820 662 2891 αὐτῷ
702 2820 800 2891 τὴν
830 2820 1156 2892 προεδρίανο
1197 2822 1283 2875 διὰ
1317 2822 1416 2894 τὴν
1447 2822 1541 2876 τοῦ
1575 2823 1708 2878 Θεοῦ
1760 2824 1955 2895 φιλανσ

275 2907 518 2979 θρωπίαν
547 2908 867 2978 κεχάρισται
890 2925 904 2938 ο
934 2908 1020 2961 διὰ
1052 2909 1160 2982 γὰρ
1199 2909 1400 2981 ταύτην
1426 2910 1522 2964 καὶ
1549 2911 1609 2965 16
1634 2911 1847 2979 λογικὸς
1871 2906 1947 2964 εἷ-

273 3012 382 3057 ναι,
415 2997 510 3049 καὶ
541 2995 640 3066 τὴν
666 2994 811 3047 κατά
839 2994 1055 3049 πάντων
1079 2996 1254 3068 ἀρχὴν
1279 2996 1495 3062 ἐδέξατο
1513 3013 1526 3026 ⁶
1569 2999 1618 3051 εί
1650 2997 1826 3051 τοίνυν
1852 3000 1946 3052 καὶ

272 3082 443 3136 ταῦτα
475 3081 682 3153 μαθὼν,
708 3082 797 3136 διὰ
823 3080 920 3154 τὴν
950 3082 1104 3152 παρά
1129 3082 1224 3136 τοῦ
1253 3083 1429 3152 ὄφεως
1461 3084 1676 3155 ἀπάτην
1711 3086 1946 3141 ίσοθεῖαν

278 3170 584 3242 ἐφαντάσθη
628 3171 657 3223 6
689 3172 753 3223 ἐκ
784 3170 887 3240 γῆς
924 3169 1215 3234 πλασθείς*
1264 3173 1313 3223 εί
1349 3173 1416 3242 τῇ
1465 3171 1654 3244 πρώτῃ
1696 3172 1947 3246 διηγήσει

277 3258 515 3329 ήρκέσθη
549 3259 577 3311 ό
607 3258 875 3329 μακάριος
916 3250 1071 3322 οὐτος
1105 3259 1412 3331 προφήτης,
1443 3261 1537 3313 καὶ
1571 3261 1646 3332 μή
1675 3262 1947 3316 ἐπαναλα-

276 3346 386 3402 ϐὼν
416 3346 593 3401 πάντα
629 3342 766 3417 μετά
799 3346 1083 3415 ἀκριϐείας
1111 3347 1258 3418 ἡμᾶς
1304 3346 1532 3415 ἐδίδαξε,
1581 3348 1685 3403 ποῦ
1733 3350 1834 3405 οὐκ
1880 3350 1947 3405 ἂν

279 3429 479 3500 μανίας
509 3427 908 3498 ἐξωκείλαμενς

346 3514 576 3571 ε¹.’⁸Ωστε
615 3513 869 3584 μέγιστον
902 3514 1034 3583 ἡμῖν
1062 3513 1210 3566 ἐστιν
1241 3514 1320 3576 είς
1353 3513 1701 3568 διδασκαλίαν
1734 3515 1951 3584 φιλοσο-

279 3602 408 3670 φίας
440 3600 501 3653 16
532 3599 722 3669 μαθεῖν
748 3599 912 3653 πόθεν
940 3600 1001 3664 ἐξ
1028 3600 1205 3671 ἀρχῆς
1233 3600 1331 3671 τήν
1365 3600 1623 3653 σύστασιν
1642 3603 1741 3670 τῆς
1763 3603 1952 3667 οὐσίας

281 3690 615 3758 ἐσχήκαμεν.
634 3686 743 3741 Καὶ
769 3686 1024 3747 ἔπλασε,
1050 3686 1235 3754 φησὶν,
1265 3688 1296 3738 ό
1321 3685 1465 3751 Θεὸς
1483 3687 1590 3739 τὸν
1619 3685 1950 3755 ἄνθρωπον,

280 3774 436 3844 χοῦν
487 3771 665 3826 λαϐὼν
702 3771 823 3827 ἀπὸ
864 3768 973 3839 τῆς
1012 3770 1145 3841 γῆς,
1192 3771 1292 3825 xal
1332 3772 1718 3841 ἐνεφύσησεν
1760 3776 1848 3841 είς
1886 3774 1954 3829 τὸ

281 3862 607 3929 πρόσωπον
650 3857 837 3913 αὐτοῦ
868 3857 1069 3927 πνοὴν
1107 3857 1512 3932 ζωῆς.Ἐπειδὴ
1541 3859 1846 3930 ἀνθρώποις
1876 3861 1954 3916 δι-

284 3950 501 4018 ελέγετο
538 3949 600 4001 οὐ
642 3946 960 4018 δυναμένοις
1004 3947 1207 4019 ἑτέρως
1251 3948 1565 4021 ἀκοῦσαι,ἡ
1609 3949 1685 4014 ὡς
1723 3950 1953 4005 ἀκοῦσαι

284 4037 432 4108 ἡμᾶς
457 4034 680 4088 δυνατὸν
710 4029 797 4106 ἦν,
837 4032 981 4087 οὕτω
1015 4037 1082 4106 τῇ
1118 4035 1388 4105 παχύτητι
1416 4036 1524 4088 τῶν
1556 4037 1727 4106 λόγων
1750 4038 1942 4111 κέχρηο

283 4141 391 4186 ται,
424 4124 518 4177 καὶ
569 4124 655 4177 ἵνα
703 4119 886 4193 διδάξῃ
936 4123 1104 4193 ἡμᾶς,
1134 4123 1215 4176 δτι
1240 4123 1425 4176 τοῦτον
1470 4124 1561 4177 16v
1601 4126 1664 4178 ἐκ
1713 4125 1813 4196 τῆς
1849 4126 1953 4196 γῆς

284 4212 591 4267 πλασθέντα
633 4212 666 4283 ἡ
716 4210 1093 4282 φιλανθρωπία
1117 4212 1211 4266 τοῦ
1239 4211 1508 4266 Δεσπότου
1552 4212 1815 4286 ἐϐουλήθη
1860 4215 1954 4269 καὶ

281 4301 460 4373 ψυχῆς
482 4300 669 4354 οὐσίαν
694 4300 835 4371 ἔχειν
861 4299 1105 4372 λογικήν,
1137 4300 1204 4354 δι’
1230 4295 1299 4373 ἦς
1329 4300 1389 4353 16
1418 4299 1555 4365 ζῶον
1588 4300 1745 4356 τοῦτο
1767 4301 1953 4373 ἀρτιον

283 4388 378 4443 καὶ
428 4387 636 4442 τέλειον
688 4387 1061 4443 ἀπεδείκνυτο.
1093 4387 1202 4442 Kal
1238 4389 1604 4456 ἐνεφύσησε,
1641 4388 1822 4461 φησὶν,
1868 4391 1956 4456 είς

283 4476 351 4531 τὸ
393 4476 718 4544 πρόσωπον
757 4473 945 4528 αὐτοῦ
988 4473 1190 4541 πνοὴν
1227 4473 1397 4543 ζωῆς.
1443 4476 1687 4547 Ζωτικὴν
1710 4515 1726 4540 ,
1767 4477 1952 4546 φησὶν,

284 4565 565 4636 ἐνέργειαν
591 4564 653 4616 τὸ
676 4562 978 4634 ἐμφύσημα
1007 4563 1298 4633 ἐχαρίσατο
1320 4562 1398 4634 τῷ
1425 4565 1489 4617 ἐκ
1512 4564 1615 4635 γῆς
1644 4564 1952 4630 πλασθέντι,

285 4653 382 4707 καὶ
433 4651 592 4704 τοῦτο
637 4649 857 4718 ἐγένετο
902 4650 1162 4713 σύστασις
1212 4650 1312 4720 τῆς
1353 4650 1584 4714 οὐσίαςά
1626 4652 1724 4722 τῆς
1754 4650 1952 4722 ψυχῆς.

298 4740 576 4811 Ἐπήγαγε
608 4737 757 4806 γοῦν,
791 4736 901 4792 Kal
930 4737 1167 4806 ἐγένετο
1201 4740 1234 4791 ό
1264 4737 1571 4806 ἅνθρωπος
1614 4741 1701 4806 εις
1745 4737 1958 4808 ψυχὴν

286 4825 505 4887 ζῶσαν.
540 4826 779 4887 Ἐκεῖνος
803 4825 831 4877 6
860 4824 1137 4889 πλασθεὶς,
1165 4825 1194 4876 6
1232 4824 1341 4877 ἀπὸ
1370 4824 1464 4878 τοῦ
1490 4825 1633 4895 χοὸς,
1665 4824 1959 4897 δεξάμενος

286 4911 350 4966 16
377 4909 677 4980 ἐμφύσημα
704 4911 804 4983 τὴν
834 4910 1004 4984 πνοὴν
1027 4911 1126 4982 τῆς
1154 4908 1319 4980 ζωῆς,
1338 4910 1621 4979 Ἐγένετο,
1651 4914 1835 4982 φησιν,
1869 4914 1958 4979 είς

291 4996 505 5066 ψυχὴν
550 4995 763 5057 ζῶσαν.
791 4998 856 5050 Τί
901 4999 1071 5063 ἐστιν,
1115 5000 1215 5064 Εἰς
1246 4997 1463 5069 ψυχὴν
1505 4997 1733 5064 {Focum
1776 5000 1959 5071 Ἐνερ-

292 5081 517 5151 γοῦσαν,
561 5082 789 5154 ἔχουσαν
838 5085 1255 5158 ὐπηρετούμενα
1283 5085 1354 5139 τά
1397 5085 1532 5157 μέλη
1575 5087 1671 5140 τοῦ
1709 5085 1957 5158 σώματος

295 5171 413 5231 ταῖς
430 5168 599 5239 αὐτῆς
618 5171 935 5241 ἐνεργείαις,
966 5172 1060 5225 καὶ
1080 5172 1158 5243 τῷ
1180 5172 1479 5243 βουλήματι
1499 5173 1667 5245 αὐτῆς
1694 5174 1955 5245 ἑπόμενα.

309 5254 447 5308 Ἀλλ’
467 5255 569 5308 οὐκ
595 5251 690 5309 οἶδ’
711 5257 856 5323 ὅπως
884 5259 1045 5330 ἡμεῖς
1073 5258 1517 5331 ἀπεστρέψαμεν
1542 5260 1642 5331 τὴν
1668 5259 1840 5325 τάξιν,
1864 5260 1960 5314 καὶ

293 5341 528 5412 τοσαύτη
571 5341 791 5410 γέγονεν
832 5347 866 5415 ἡ
918 5345 1017 5415 τῆς
1072 5346 1270 5410 κακίας
1316 5346 1586 5414 ἐπίτασις,
1633 5346 1710 5410 ὡς
1755 5347 1957 5419 ταύτην

297 5428 626 5501 ἀναγκάζειν
668 5432 781 5495 τοῖς
818 5431 918 5503 τῆς
968 5432 1167 5504 σαρκὸς
1197 5432 1533 5505 βουλήμασιν
1563 5432 1957 5501 ἐξακολουθεῖν,

359 5605 386 5673 _.
414 5603 600 5673 Νοΐβι·
643 5606 726 5654 καὶ
761 5606 818 5654 τὸ
846 5606 1035 5664 ἀσθενὶς
1064 5608 1120 5657 τὸ
1137 5610 1366 5673 ἡμέτερον
1387 5609 1531 5661 τοῦτο
1554 5610 1802 5673 διτγεῖται.

356 5666 386 5735 ξ
412 5665 561 5735 Saj’il.
587 5672 839 5735 et_n9v_gm
871 5681 998 5735 Δ[ηερε.
1020 5665 1451 5735 καταστελλῦμεθα.
1516 5675 1552 5735 ⁸-
1572 5665 1743 5735 Mare].
1780 5687 1960 5735 προσε-

296 5725 446 5794 δρίαν.
470 5727 593 5777 Infra
636 5727 819 5794 ορίςιίη
864 5730 960 5781 ὐπὸ
999 5736 1084 5793 τῆς
1121 5732 1236 5783 1.6.
1262 5725 1462 5794 ἀτξάτης.
1528 5733 1555 5776 d
1589 5725 1960 5788 Comeru'unus

300 5785 532 5850 οὖστασις
568 5794 627 5854 τῇ
651 5790 758 5843 οὖσί
766 5811 814 5862 α.

1456 264 1531 323 1N
1557 265 1721 323 ‘CAP.
1764 266 1808 324 ll
1846 265 2091 325 GENES.
2133 264 2368 325 HOHIL.
2412 266 2526 324 XII.

3587 270 3693 327 1οι

2040 383 2135 438 καὶ
2158 383 2258 454 τὴν
2285 384 2346 437 ἐν
2371 383 2522 450 τάξει
2545 382 2833 455 δεσποίνης
2854 381 3172 453 ὀφείλουσαν
3199 383 3577 456 προκαθῆσθαι
3607 386 3703 440 καὶ

2034 468 2344 523 ἐπιτάττειν
2389 469 2850 534 καταϐιϐάσαντες
2875 470 2986 524 ἀπὸ
3027 470 3122 524 τοῦ
3162 469 3374 541 θρόνου,
3408 472 3704 526 ὑπακούειν

2033 557 2155 620 ταῖς
2199 556 2302 627 τῆς
2352 556 2553 628 σαρκὸς
2597 557 2810 628 ἡδοναῖς
2856 557 3362 629 καταναγκάζομεν,
3387 558 3704 626 ἀγνοοῦντες

2035 641 2209 713 αὐτῆς
2238 643 2338 714 τήν
2372 644 2670 712 εὐγένειαν,
2706 644 2801 697 καὶ
2831 643 2931 714 ὃση
2978 642 3182 714 ταύτης
3214 646 3249 715 ἡ
3281 644 3541 716 προεδρία
3575 662 3705 711 τυγ-

2036 729 2215 799 χάνει.
2232 730 2511 802 Ἐννόησον
2536 730 2646 802 γάρ
2681 747 2771 801 μοι
2795 729 2891 800 τὴν
2920 729 3073 796 τάξιν
3101 731 3201 803 τῆς
3225 731 3582 796 διαπλάσεως,
3611 733 3707 786 καὶ

2036 814 2252 884 λογίζου
2278 815 2386 887 πρὸ
2410 815 2505 870 τοῦ
2531 817 2922 888 ἐμφυσήματος
2947 814 3041 869 τοῦ
3076 815 3368 881 Δεσπότου,
3395 818 3532 888 ὅπερ
3559 816 3708 888 αὐτῷ

2036 902 2261 972 γέγονεν
2299 905 2380 969 είς
2407 905 2579 976 πνοὴν
2606 904 2773 974 ζωῆς,
2799 904 2895 957 καὶ
2921 903 3136 972 ἐγένετο
3157 903 3235 967 είς
3257 903 3435 976 ψυχὴν
3461 904 3640 969 ζῶσαν
3658 916 3708 967 ο,

2036 991 2090 1043 τί
2132 987 2201 1062 ἦν
2236 992 2266 1044 6
2294 990 2806 1056 πλασθείς.⁹Απλῶς
2837 991 3001 1045 είκὼν
3033 990 3260 1062 ἄψυχος,
3288 992 3383 1044 καὶ
3411 991 3709 1061 ἀνενέργη-

2037 1094 2150 1144 τος,
2181 1080 2277 1132 καὶ
2327 1080 2407 1142 είς
2449 1079 2600 1133 οὐδὲν
2645 1080 2935 1151 χρήσιμος,
2975 1077 3118 1131 ῶστε
3154 1078 3214 1131 16
3247 1079 3355 1131 πᾶν
3385 1078 3479 1132 καὶ
3523 1079 3584 1131 16
3630 1080 3710 1140 είς

2037 1164 2307 1236 τοσαύτην
2337 1164 2499 1219 αὐτὸν
2532 1164 2693 1237 τιμὴν
2720 1165 2946 1235 ἀγαγὸν,
2980 1165 3156 1219 ἐκεῖνό
3182 1165 3300 1218 ἐστι
3342 1163 3402 1217 16
3435 1164 3583 1233 παρὰ
3613 1162 3708 1216 τοῦ

2038 1250 2174 1304 Θεοῦ
2198 1251 2421 1320 γεγονὸς
2447 1253 2528 1315 είς
2550 1252 2709 1306 αὐτὸν
2741 1251 3066 1323 ἐμφύσημα.
3096 1251 3206 1305 Kal
3237 1251 3324 1303 ἵνα
3355 1250 3508 1304 τοῦτο
3541 1250 3615 1320 μὴ
3645 1252 3710 1302 ἐκ

2037 1337 2147 1392 τῶν
2170 1338 2293 1392 τότε
2317 1339 2716 1411 γεγενημένων,
2730 1340 2867 1393 ἀλλά
2887 1340 2982 1394 καὶ
3006 1341 3071 1393 ἐκ
3084 1338 3191 1393 τῶν
3218 1338 3313 1393 νῦν
3331 1337 3452 1392 καθ’
3474 1338 3709 1406 ἐκάστην

2040 1424 2253 1496 ἡμέραν
2281 1426 2685 1497 συμϐαινόντων
2717 1427 2976 1493 κατίδοις,
2999 1427 3169 1481 ἐννόει
3205 1444 3295 1498 μοι
3328 1425 3467 1496 μετὰ
3490 1425 3589 1496 τὴν
3611 1424 3711 1493 τῆς

2039 1511 2220 1581 ψυχῆς
2254 1511 2433 1579 ἐξοδον
2479 1513 2541 1567 16
2594 1513 2753 1583 σῶμα
2787 1513 2944 1568 τοῦτο
2973 1513 3090 1578 πῶς
3129 1515 3292 1585 ἀηδὲς
3336 1515 3430 1567 καὶ
3477 1512 3711 1583 ἀτερπὲς

2042 1596 2322 1665 φαίνεται·
2373 1599 2471 1653 καλ⁸
2513 1600 2567 1652 τί
2597 1600 2743 1669 λέγω
2777 1599 2893 1672 [98]
2923 1600 3086 1671 ἀηδὲς
3128 1600 3222 1654 καὶ
3269 1600 3544 1671 ἀτερπές;
3593 1600 3712 1662 πῶς

2042 1684 2294 1753 φευκτὸν,
2329 1685 2589 1750 δυσωδίας
2617 1686 3111 1758 ἐμπεπλησμένον,
3154 1687 3335 1757 πάσης
3377 1686 3651 1757 ἀμορφίας
3687 1685 3707 1726 ῑ

2041 1772 2506 1844 πεπληρωμένον,
2542 1774 2604 1827 16
2633 1775 2741 1846 πρὸ
2785 1774 2997 1840 τούτου,
3029 1775 3193 1846 ἡνίκα
3224 1775 3321 1845 τὴν
3351 1774 3528 1845 ψυχὴν
3568 1770 3713 1844 εἶχεν

2040 1858 2382 1928 ἡνιοχοῦσαν,
2408 1861 2651 1932 φαιδρὸν,
2686 1863 2896 1933 χαρίεν,
2929 1862 3130 1933 πολλῆς
3164 1863 3263 1933 τῆς
3286 1861 3590 1932 εὐμορφίας
3615 1863 3715 1931 ἐμ-

2041 1946 2444 2017 πεπλησμένον,
2468 1948 2670 2018 πολλῆς
2697 1949 2799 2019 τῆς
2825 1950 3092 2014 συνέσεως
3114 1949 3563 2020 πεπληρωμένον,
3590 1948 3715 2000 πολ-

2040 2033 2140 2105 λὴν
2168 2036 2577 2107 ἐπιτηδειότητα
2615 2037 2736 2107 ἐχον
2767 2039 2902 2110 πρὸς
2930 2038 3031 2110 τὴν
3069 2038 3177 2092 τῶν
3210 2039 3430 2107 ἀγαθῶν
3464 2037 3714 2109 πράξεων

2042 2121 2339 2191 ἐνέργειαν.
2370 2123 2555 2177 Ταῦτα
2582 2124 2646 2196 δὴ
2674 2125 2851 2178 πάντα
2893 2126 3221 2192 ἐννοοῦντες,
3251 2128 3347 2179 καὶ
3375 2125 3714 2195 λογιζόμενοι

2041 2208 2141 2278 τὴν
2182 2209 2509 2276 εὐγένειαν⁸
2556 2210 2657 2281 τῆς
2704 2212 2982 2283 ἡμετέρας
3032 2213 3232 2283 ψυχῆς,
3287 2212 3462 2284 μηδὲν,
3497 2211 3715 2275 ἀνάξιον

2036 2294 2214 2365 αὐτῆς
2257 2295 2737 2369 διαπραττώμεθα,
2785 2300 2920 2370 μηδέ
2969 2300 3497 2371 καταῤῥυπαίνωμεν
3545 2299 3714 2369 αὐτὴν

2044 2383 2162 2445 ταῖς
2206 2383 2429 2447 ἀτόποις
2473 2385 2726 2458 πράξεσι,
2763 2378 3118 2451 κᾶθέλκοντες
3150 2386 3319 2458 αὐτὴν
3351 2388 3431 2451 είς
3473 2386 3572 2458 τὴν
3614 2387 3714 2458 τῆς

2046 2468 2248 2538 σαρκὸς
2271 2470 2569 2542 ὑποταγὴν,
2586 2474 2827 2544 καὶπερὶ
2848 2475 2948 2545 τὴν
2964 2473 3137 2537 οὕτως
3156 2474 3375 2543 εὐγενῆ,
3401 2473 3495 2527 καὶ
3518 2473 3715 2527 τοσαύ-

2043 2570 2142 2625 της
2171 2555 2478 2630 ἡξιωμένην
2506 2559 2814 2631 προεδρίας,
2840 2559 3012 2624 οὕτως
3042 2560 3388 2632 ἀσυμπαθεῖς
3414 2561 3710 2631 γινόμενοι,

2045 2646 2140 2699 καί
2185 2645 2515 2718 ἀγνώμονες.
2555 2648 2654 2701 Διά
2703 2648 2812 2720 γάρ
2861 2649 2960 2721 τὴν
3006 2650 3211 2720 ταύτης
3254 2650 3443 2703 οὐσίαν
3475 2651 3635 2721 ἡμεῖς
3662 2650 3713 2702 οί

2046 2730 2259 2803 σώματι
2292 2735 2796 2805 συμπεπλεγμένοι,
2825 2735 2921 2789 ἐὰν
2955 2735 3324 2807 βουληθῶμεν,
3349 2735 3712 2809 δυνησόμεθα,

2044 2820 2143 2888 τῆς
2173 2821 2322 2891 παρὰ
2349 2820 2442 2874 τοῦ
2475 2821 2610 2874 Θεοῦ
2656 2822 2831 2893 ῥοπῆς
2872 2825 3005 2894 ἡμῖν
3055 2824 3560 2895 συνεφαπτομένης,
3593 2826 3717 2887 ταῖς

2045 2908 2360 2977 ἀσωμάτοις
2401 2908 2735 2979 ἁμιλλᾶσθαι
2775 2910 3059 2981 δυνάμεσι,
3092 2912 3187 2964 καὶ
3220 2913 3278 2964 ἐν
3302 2914 3373 2982 γῇ
3412 2911 3717 2982 βαδίζοντες

2046 2993 2121 3057 ὡς
2158 2994 2217 3046 ἐν
2243 2993 2457 3065 οὐρανῷ
2483 2994 2779 3063 διάγοντες,
2811 2995 2953 3050 οὕτω
2993 2995 3384 3063 πολιτεύεσθαι,
3416 2997 3512 3051 καὶ
3548 2996 3717 3068 μηδὲν

2049 3080 2270 3134 ἐκείνων
2315 3081 2535 3136 ἔλαττον
2583 3082 2749 3152 ἐχειν,
2792 3081 2929 3137 ἀλλά
2956 3083 3097 3154 τάχα
3142 3085 3283 3139 κατά
3310 3101 3363 3137 τι
3393 3084 3487 3137 καὶ
3514 3083 3675 3137 πλέον
3698 3100 3713 3115 ·

2048 3170 2140 3221 καὶ
2171 3168 2311 3233 πῶς,
2340 3169 2452 3239 ἐγὼ
2474 3170 2813 3241 λέγω.’⁹υταν
2839 3172 2945 3244 γάρ
2975 3171 3172 3244 εὐρεθῇ
3202 3189 3286 3236 τις
3317 3171 3454 3243 μετὰ
3483 3172 3543 3226 16
3562 3172 3590 3212 h
3614 3171 3721 3225 σώ-

2050 3272 2180 3325 ματι
2207 3256 2431 3328 φθαρτῷ
2455 3256 2886 3330 συμπεπλέχθαι,
2918 3258 2987 3311 τά
3015 3258 3155 3311 αὐτά
3178 3260 3297 3322 ταῖς
3321 3259 3434 3313 ἀνω
3458 3258 3719 3329 δυνάμεσι

2050 3343 2481 3414 πολιτευόμενος,
2510 3345 2628 3408 πῶς
2665 3345 2726 3398 οὐ
2764 3344 3003 3408 πλείονος
3047 3343 3406 3413 ἀξιωθήσεται
3433 3345 3532 3415 τῆς
3569 3345 3721 3415 παρά

2047 3430 2141 3483 τοῦ
2173 3429 2308 3483 Θεοῦ
2359 3430 2555 3501 ῥοπῆς,
2597 3431 2679 3484 ὅτι
2728 3433 2824 3486 καὶ
2859 3434 2979 3495 ταῖς
3031 3431 3298 3498 ἀνάγκαις
3330 3430 3424 3484 τοῦ
3469 3431 3720 3501 σώματος

2048 3516 2408 3587 ὑποκείμενος
2447 3517 2705 3586 ἀκέραιον
2741 3517 2841 3585 τῆς
2883 3517 3064 3588 ψυχῆς
3094 3515 3192 3571 τὴν
3222 3517 3501 3585 εὐγένειαν
3539 3517 3720 3590 διετή-

2053 3619 2222 3673 ρησες

2121 3690 2232 3743 Kal
2274 3688 2360 3753 τίς
2403 3688 2470 3743 ἂν
2508 3687 2784 3761 δυνηθείη,
2816 3688 2979 3760 φησι,
3009 3688 3251 3753 τοιοῦτος
3295 3689 3584 3761 εὑρεθῆναί
3624 3708 3725 3743 πο-

2051 3791 2140 3844 τε;
2171 3775 2411 3840 Εἰκότως
2453 3776 2713 3832 ἀδύνατον
2760 3777 2891 3847 ἡμῖν
2921 3777 2984 3831 16
3010 3778 3244 3849 πρᾶγμα
3287 3778 3597 3848 νενόμισται
3633 3777 3724 3831 διά

2048 3863 2141 3917 τὸν
2165 3863 2338 3918 πολὺν
2366 3864 2469 3935 τῆς
2502 3864 2702 3936 ἀρετῆς
2731 3863 2958 3934 αὐχμόν.
3005 3865 3066 3918 Εί
3104 3863 3160 3916 δὲ
3187 3863 3366 3934 βούλει
3401 3862 3612 3934 μαθεῖν,
3639 3865 3722 3919 ὅτι

2052 3950 2152 4004 οὐκ
2197 3950 2312 4004 ἐστι
2343 3950 2503 4004 τοῦτο
2529 3951 2639 4004 τῶν
2665 3951 2963 4015 ἀδυνάτων,
3004 3952 3258 4022 ἐννόησόν
3305 3968 3396 4022 μοι
3441 3950 3499 4018 ἐξ
3544 3952 3721 4024 ἀρχῆς

2056 4039 2216 4111 μέχρι
2243 4038 2338 4092 τοῦ
2373 4039 2641 4110 παρόντος
2670 4040 2795 4102 τούς
2824 4039 3299 4111 εὐαρεστήσαντας
3339 4037 3417 4109 τῷ
3452 4041 3720 4113 Δεσπότη,

2051 4126 2142 4179 τὸν
2189 4124 2363 4196 μέγαν
2402 4127 2654 4195 Ἰωάννην
2702 4116 2929 4192 ἐκεῖνον,
2962 4127 3053 4180 16v
3088 4126 3186 4197 τῆς
3215 4125 3437 4197 στείρας
3464 4125 3600 4191 υίὸν,
3628 4130 3721 4179 16v

2051 4213 2154 4282 τῆς
2186 4214 2391 4284 ἐρήμου
2419 4213 2663 4285 πολίτην,
2701 4213 2911 4268 Παῦλον
2941 4214 3033 4267 16v
3080 4214 3180 4285 τῆς
3226 4213 3548 4285 οίκουμένης
3578 4213 3724 4268 διδά-

2056 4300 2272 4362 σκαλον,
2298 4302 2393 4354 καὶ
2420 4300 2598 4355 πάντα
2622 4301 2730 4354 τῶν
2757 4301 2928 4370 ἁγίων
2953 4301 3044 4355 τὸν
3074 4299 3330 4371 ὁρμαθὸν,
3352 4299 3402 4355 οἳ
3426 4300 3528 4371 τῆς
3552 4300 3723 4371 αὐτῆς

2054 4389 2185 4458 ἡμῖν
2215 4389 2429 4458 φύσεως
2470 4388 2785 4459 ἐτύγχανον,
2816 4390 2935 4453 ταῖς
2976 4389 3168 4450 αὐταῖς
3193 4388 3460 4457 ἀνάγκαις
3487 4386 3583 4442 τοῦ
3613 4389 3721 4440 σὼ-

2058 4491 2225 4545 ματος
2254 4474 2624 4546 ὐποκείμενοι,
2657 4476 2753 4529 καὶ
2785 4476 2983 4547 μηκέτι
3004 4476 3191 4530 λοιπὸν
3216 4476 3476 4530 ἀδύνατον
3499 4471 3724 4530 εἶναιτὸ

1988 4635 1997 4643 ~
2055 4563 2287 4633 πρᾶγμα
2310 4561 2516 4633 νόμιζε,
2549 4563 2682 4634 μηδὲ
2705 4563 3063 4636 ὀκνηρότερος
3092 4564 3243 4632 γίνου
3276 4564 3403 4636 περὶ
3450 4564 3550 4635 τὴν
3592 4565 3724 4634 ἀρε-

2054 4648 2173 4721 τήν,
2199 4650 2464 4712 τοσαύτας
2495 4648 2674 4703 λαϐὼν
2701 4651 2800 4712 τὰς
2843 4650 3098 4721 ἀφορμὰς
3146 4650 3298 4720 παρά
3325 4648 3417 4702 τοῦ
3450 4649 3719 4703 Δεσπότου

2057 4738 2194 4810 πρὸς
2239 4739 2300 4792 16
2345 4741 2460 4811 μετ’
2493 4739 2742 4801 εὐκολίας
2786 4737 2954 4809 αὐτὴν
3001 4736 3350 4791 ἀσπάσασθαι
3375 4739 3421 4789 i.
3460 4738 3570 4790 Kal
3612 4736 3721 4807 γάρ

2058 4825 2211 4890 είδὼς
2241 4829 2270 4880 6
2303 4826 2679 4896 φιλάνθρωπος
2708 4825 2863 4895 ἡμῶν
2889 4822 3165 4892 Δεσπότης
3204 4822 3265 4874 16
3301 4822 3523 4884 ἀσθενὲς
3565 4823 3723 4893 ἡμῶν

2055 4913 2157 4983 τῆς
2201 4914 2589 4985 προαιρέσεως,
2638 4911 2732 4965 καὶ
2771 4911 2833 4963 16
2868 4908 3175 4973 εὐόλισθον,
3214 4909 3424 4979 μεγάλα
3457 4909 3725 4981 φάρμακα

2059 5002 2189 5072 ἡμῖν
2210 5001 2486 5064 κατέλιπε,
2504 4999 2600 5069 τὴν
2623 5000 2687 5051 ἐκ
2705 4997 2814 5051 τῶν
2835 4996 3066 5069 Γραφῶν
3089 4996 3412 5065 ἀνάγνωσιν,
3445 4997 3533 5050 ἵνα
3550 4996 3723 5050 ταῦτα

2058 5088 2367 5151 ἐπιθέντεςί
2412 5089 2621 5149 ἐαυτοῖς
2648 5085 2905 5155 συνεχῶς,
2938 5085 3033 5139 καὶ
3061 5084 3188 5149 τοὺς
3223 5084 3371 5154 βίους
3409 5083 3725 5152 ἀναλογιζό-

2063 5192 2212 5246 μενοι
2238 5174 2348 5229 τῶν
2373 5172 2702 5244 θαυμαστῶν
2734 5173 2956 5226 ἐκείνων
2989 5173 3081 5226 καὶ
3109 5171 3359 5243 μεγάλων
3384 5170 3613 5243 ἀνδρῶν,
3645 5173 3721 5235 εἰς

2060 5262 2219 5335 ζῆλον
2245 5262 2589 5333 ἐναγώμεθα,
2619 5262 2714 5315 καλ¹
2759 5260 2834 5334 μὴ
2881 5260 3175 5333 ἀμελῶμεν
3206 5259 3307 5328 τῆς
3335 5258 3556 5330 ἀρετῆς,
3588 5257 3720 5312 ἀλλὰ

2125 5428 2149 5457 °
2177 5424 2322 5484 Illud,
2346 5423 2427 5472 καὶ
2454 5422 2636 5484 ἐγένετο
2675 5421 2741 5477 είς
2756 5421 2904 5484 πνοὴν
2928 5417 3022 5484 (sic
3042 5420 3177 5484 enim
3206 5417 3443 5484 πτίλων)
3473 5419 3649 5484 ζῶσαν,
3673 5421 3720 5471 in

2059 5481 2350 5549 quibusdam
2382 5481 2544 5549 deest,
2579 5484 2720 5549 Aligs
2736 5482 2892 5549 ῂιρει
2930 5481 2994 5549 είς
3046 5481 3202 5549 ψυχὴν
3250 5481 3427 5542 ζῶσαν,
3487 5494 3599 5542 qua
3637 5481 3725 5533 ἐει

2063 5541 2239 5609 aliqua
2274 5559 2391 5598 vera
2428 5547 2597 5609 lectio,
2628 5605 2639 5609 _
2667 5541 2687 5581 τ
2730 5544 2929 5609 Coislip.
2950 5541 3201 5609 ξμαρτιας.

2125 5599 2166 5650 ε’
2195 5607 2369 5673 Morel:
2416 5609 2503 5663 τήν
2527 5665 2537 5673 _
2565 5605 2813 5673 agnam:
2877 5600 2930 5673 ιΔ
2947 5599 3296 5673 μὀτει...μετὸι
3315 5599 3433 5673 χοῦ.
3549 5601 3722 5673 Mprel.

2067 5662 2474 5719 ἐπισπάσασθαι(
2522 5665 2537 5716 ἱ
2592 5662 2710 5727 ﬁlii
2754 5724 2766 5727 Α
2785 5664 3078 5727 ἐπιτιθέντες.
3121 5662 3240 5727 ΔΜΟΧ
3315 5664 3441 5727 ῐξρε.
3502 5664 3725 5727 ἀναλογι-

2066 5733 2251 5802 ζόμενοι
2271 5728 2495 5802 ξυνεχῶς.
2522 5724 2723 5794 Coislin;
2749 5724 2991 5802 διῃχεκῶς.
3016 5723 3181 5802 Pa'ulo‘
3194 5731 3303 5799 ροσε
3319 5723 3524 5780 Cofslin.

2070 5785 2188 5859 μέθα
2206 5785 2446 5848 πολιτείας
2465 5785 2767 5853 θεοπρεποῦς.
2791 5785 2873 5846 Μὴ
2894 5785 3048 5837 τοίνυν
3070 5785 3341 5854 ἅμελῶμεν.
