4144 6200
303 297 405 352 105

303 427 424 468 mus
454 411 469 442 ¹
495 449 511 476 ,
551 406 646 464 sed
676 404 940 477 fugiamus
970 378 1276 473 peccatum,
1297 406 1357 454 et
1376 398 1559 453 omnia
1590 394 1846 450 faciamus
1866 430 1884 458 ,

306 514 376 558 ne
401 499 649 568 indignos
677 510 776 551 nos
802 492 1160 550 inell’abilibus
1184 490 1288 544 illis
1313 488 1468 544 benis
1496 485 1845 542 exhibeamus
1873 499 1887 535 :

304 590 445 662 quod
475 588 628 644 nobis
649 585 900 641 omnibus
925 580 1268 644 concedatur,
1293 577 1464 647 gratia
1478 586 1542 632 et
1569 575 1894 645 benignitate

310 681 519 738 Domini
548 679 674 735 Jesu
704 674 926 738 Christi,
947 686 1197 741 cumquo
1220 669 1359 724 I’atri
1386 676 1441 723 et
1462 666 1682 737 Spiritui
1708 672 1894 720 sancto

306 772 371 826 sit
407 769 600 841 gloria,
629 764 933 838 imperium,
964 771 1020 817 et
1039 761 1217 816 honor
1240 757 1295 813 in
1319 756 1514 813 saecula
1551 754 1893 810 seculorum.

307 868 502 920 Amen.

880 967 1161 1026 HOMILIA
1197 966 1338 1022 XIII.

314 1092 377 1147 Et
424 1087 670 1160 plantavit
710 1082 960 1139 Dominus
1008 1081 1143 1135 Deus
1187 1079 1480 1152 paradisum
1523 1077 1577 1131 in
1623 1075 1785 1131 Edent
1830 1077 1898 1130 ad

380 1187 660 1247 orientem,
702 1188 750 1232 et
794 1177 962 1248 posuit
1007 1175 1114 1230 illic
1167 1173 1415 1227 hominem
1461 1187 1607 1241 quem
1660 1169 1897 1242 formavit

385 1274 540 1345 (Gen.
567 1272 623 1326 2.
646 1270 757 1342 8);“

386 1411 439 1463 1.
486 1409 679 1465 Videns
699 1418 932 1464 vestrum
960 1403 1279 1474 inexplebile
1303 1400 1644 1461 desiderium,
1672 1402 1733 1451 et
1756 1391 1898 1449 mul-

316 1509 422 1555 tam
445 1500 770 1563 aviditatem,
794 1505 1130 1565 mentemque
1151 1502 1431 1556 attentam,
1454 1504 1554 1544 nec
1575 1502 1679 1543 non
1707 1496 1898 1538 omnes

313 1591 377 1645 ad
404 1591 732 1659 spiritualem
763 1589 898 1643 hanc
932 1585 1226 1641 doctrinam
1265 1582 1612 1643 advolantes;
1658 1573 1898 1648 quamvis

315 1682 470 1737 valde
499 1681 599 1735 sim
625 1696 759 1735 mea:
784 1679 977 1748 inopia:
1009 1677 1137 1731 mihi
1167 1676 1446 1738 conscius;
1478 1672 1784 1740 frequenter
1815 1675 1897 1721 ta-

313 1789 433 1828 men
463 1781 516 1826 et
536 1771 772 1842 quotidie
803 1771 1014 1838 incitent
1035 1776 1086 1822 et
1113 1775 1325 1821 tenuent
1372 1763 1508 1818 hanc
1538 1773 1775 1814 mensmn
1803 1772 1893 1810 vo-

313 1863 395 1917 bis
417 1876 718 1932 proponere
741 1860 951 1923 studeo,
975 1856 1249 1912 conlidens
1275 1870 1368 1908 vos
1389 1851 1655 1907 desiderio
1680 1848 1899 1918 ﬂagran-

315 1962 415 2018 tes,
444 1951 629 2019 majori
656 1948 931 2003 alacritate
957 1963 1076 2018 qua:
1103 1946 1352 2001 dicuntur
1373 1950 1715 2011 suscepturos
1743 1953 1895 2004 esse,

313 2042 740 2113 quandoquidem
769 2048 824 2093 et
851 2039 903 2092 in
932 2037 1272 2092 scnsibilibus
1300 2034 1488 2089 eduliis
1516 2031 1696 2085 videre
1727 2035 1902 2098 potest

316 2136 488 2205 quivis
535 2134 637 2186 hoc
675 2132 1002 2199 contingere.
1028 2128 1260 2198 Urgente
1291 2139 1517 2193 namque
1561 2121 1900 2175 convivarum

318 2224 555 2294 appetitu
579 2263 594 2287 ,
624 2220 830 2275 etiamsi
868 2217 1177 2288 paupercula
1223 2229 1406 2269 mensa
1449 2213 1552 2277 sit,
1582 2220 1636 2265 et
1672 2210 1827 2277 in0ps
1858 2208 1905 2261 is

319 2319 408 2387 qui
436 2314 678 2370 convivio
719 2311 913 2382 excipit
935 2351 950 2377 ,
987 2323 1173 2379 magna
1201 2315 1379 2362 tamen
1409 2319 1530 2358 cum
1576 2301 1844 2370 voluptate
1869 2298 1904 2352 ii

318 2406 557 2476 apposita
586 2404 906 2467 absumunt;
938 2409 1121 2455 contra
1149 2399 1191 2453 si
1233 2398 1409 2452 minor
1430 2392 1753 2463 epulantium
1787 2388 1904 2445 fue-

319 2499 387 2553 rit
415 2496 699 2566 appetitus,
729 2492 933 2548 etiamsi
979 2499 1348 2560 sumptuosum
1377 2485 1536 2541 fuerit
1572 2483 1785 2553 epulum
1807 2523 1827 2548 ,
1852 2490 1907 2536 et

321 2591 463 2644 varia
485 2589 804 2657 copiosaque
819 2584 1017 2648 edulia,
1039 2582 1239 2636 nullum
1258 2579 1381 2634 inde
1398 2575 1760 2642 commodum,
1780 2588 1901 2628 cum

322 2696 481 2738 nemo
508 2681 577 2735 sit
596 2680 684 2749 qui
711 2677 965 2747 appositis
994 2674 1069 2729 uti
1095 2682 1271 2745 queat.
1308 2671 1404 2725 llic
1429 2677 1625 2731 autem,
1645 2667 1765 2737 quia
1787 2680 1908 2735 gra-

324 2776 392 2828 tia
422 2774 511 2828 Dei
538 2771 739 2826 alacres
766 2776 821 2823 et
850 2767 1076 2823 famelici
1103 2764 1167 2832 ad
1194 2761 1525 2834 spiritualem
1553 2772 1791 2815 mensam
1817 2771 1907 2811 ac-

323 2866 532 2930 ceditis,
560 2872 613 2919 et
638 2862 735 2932 ipsi
760 2875 952 2928 magno
976 2855 1244 2912 desiderio
1265 2853 1510 2915 dicimus,
1532 2850 1784 2912 scientes,
1807 2862 1907 2902 nos

321 2955 514 3009 sobriis
554 2952 771 3006 auribus
797 2950 1002 3004 divinas
1042 2947 1198 3000 hasce
1239 2943 1571 2998 narrationes
1610 2953 1903 3010 apponere.

322 3044 583 3113 Quoniam
611 3051 666 3098 et
693 3039 924 3112 agricola
947 3080 962 3104 ,
993 3038 1080 3108 qui
1111 3037 1359 3107 pinguem
1388 3041 1442 3087 et
1479 3031 1701 3087 fertilem
1723 3044 1906 3100 agrum

324 3134 544 3197 invenit,
575 3143 851 3203 postquam
879 3130 1056 3183 omnia
1080 3143 1199 3197 quae
1224 3125 1305 3180 sui
1330 3122 1488 3178 ofticii
1518 3131 1669 3177 erant
1698 3118 1906 3190 prmsti-

324 3231 420 3293 tit,
463 3243 526 3283 ac
568 3236 762 3282 terram
793 3223 1050 3287 suleavit,
1099 3227 1334 3274 aratrum
1388 3216 1582 3282 duxit,
1624 3215 1910 3283 spiuasque

323 3318 540 3383 eduxit,
586 3325 710 3371 tunc
738 3313 956 3385 largiter
991 3311 1219 3366 seminat
1241 3349 1256 3374 ,
1285 3308 1528 3377 bonaque
1570 3321 1665 3375 spe
1704 3304 1911 3371 fultus,

324 3408 560 3479 quotidie
597 3420 818 3477 germen
860 3409 1137 3473 exspectat
1172 3398 1394 3454 seminis
1417 3438 1431 3461 ,
1462 3395 1602 3466 quod
1630 3403 1784 3449 terrae
1828 3391 1906 3446 fe-

325 3500 578 3557 cunditati
616 3496 916 3563 commisit,
946 3494 1011 3548 ad
1046 3502 1199 3548 terra:
1230 3489 1557 3545 feracitatem
1597 3484 1911 3548 attendens,

327 3593 393 3647 ad
421 3591 586 3647 multo
613 3589 867 3657 majorem
891 3586 1035 3656 jacto
1064 3584 1268 3639 semine
1288 3595 1516 3635 messem
1546 3576 1914 3646 excipiendam

331 3691 564 3753 paratus.
592 3678 846 3734 Similiter
874 3683 928 3729 et
970 3689 1067 3728 nos
1091 3712 1106 3736 ,
1147 3688 1267 3726 cum
1304 3670 1544 3724 videmus
1587 3667 1914 3721 alacritatem

329 3782 563 3827 vestram
589 3766 826 3839 qu0tidie
855 3764 1190 3826 increscere,
1220 3757 1544 3814 desiderium
1573 3756 1774 3827 vigere,
1801 3763 1916 3808 stn-

332 3863 477 3917 dium
505 3861 829 3913 incrementa
851 3868 1080 3915 sumere,
1108 3850 1300 3906 bonam
1323 3864 1472 3918 spem
1498 3847 1776 3909 habemus,
1801 3860 1917 3899 ma-

331 3952 543 4021 joriqttc
586 3947 760 4002 studio
801 3953 854 3999 et
890 3942 1199 4009 alacritate,
1235 3948 1490 4010 quantum
1539 3939 1679 3993 vires
1720 3946 1918 3993 nostrae

336 4048 644 4112 suppetunt,
679 4038 728 4091 in
756 4034 1158 4090 :cdilicationcm
1188 4041 1376 4086 vestra:
1405 4029 1640 4084 Caritatis
1662 4070 1677 4093 ,
1710 4028 1762 4082 in
1800 4028 1918 4097 glo-

337 4137 467 4189 riam
500 4133 623 4195 Dei,
656 4131 706 4183 in
738 4126 993 4183 Ecclesia:
1032 4124 1122 4178 Dei
1152 4122 1317 4178 decus
1344 4120 1540 4191 aliquid
1573 4120 1711 4175 fcrre
1749 4118 1918 4173 anhe-

336 4227 524 4281 lamus.
553 4224 664 4292 Age
703 4218 861 4289 igitur
879 4258 895 4282 ,
932 4216 978 4272 si
1014 4214 1182 4284 placet
1208 4254 1223 4280 ,
1249 4212 1489 4282 repetitis
1518 4211 1581 4266 iis
1609 4226 1727 4280 qua:
1752 4224 1921 4279 nuper

332 4318 471 4371 (lit-ta
501 4322 645 4378 sunt,
673 4314 1064 4378 consequenter
1089 4306 1155 4361 de
1182 4305 1438 4359 hodierna
1464 4302 1693 4358 lectione
1720 4310 1921 4356 tracte-

336 4422 473 4462 mus.
506 4402 645 4472 Quid
670 4412 848 4456 autem
880 4400 949 4453 sit
974 4397 1116 4469 quod
1147 4411 1316 4466 nuper
1347 4392 1691 4457 tractabatur,
1725 4408 1925 4461 quous-

334 4516 437 4571 que
488 4508 792 4552 scrmonem
820 4488 1251 4547 ostenderimus,
1289 4496 1343 4539 et
1375 4485 1463 4539 ubi
1502 4484 1661 4539 linem
1709 4482 1923 4538 dicendi

337 4588 619 4644 fecerimus
638 4626 652 4649 ,
697 4580 1055 4638 necessarium
1085 4586 1167 4633 est
1204 4576 1402 4632 dicere.
1431 4573 1497 4629 Et
1529 4575 1758 4646 formavit
1788 4573 1926 4628 Deus

339 4679 609 4739 hominem,
639 4675 896 4746 pulverem
919 4669 1186 4739 accipiens
1215 4667 1278 4720 de
1308 4676 1458 4719 terra.
1486 4664 1550 4718 Et
1579 4665 1843 4733 inspiravit
1871 4666 1925 4718 in

339 4774 521 4843 facient
548 4770 657 4839 ejus
681 4762 993 4836 spiraculum
1013 4762 1147 4826 vitaz,
1176 4761 1440 4831 factusque
1467 4765 1536 4811 est
1566 4758 1715 4810 homo
1740 4757 1792 4810 in
1814 4757 1928 4809 ani-

342 4879 478 4916 mum
515 4862 754 4912 viventem
787 4854 940 4927 (Gen.
966 4854 1022 4908 2.
1054 4853 1132 4925 7).
1169 4850 1319 4920 Quod
1353 4862 1476 4904 tunc
1500 4849 1763 4917 dicebam,
1794 4849 1843 4903 id
1873 4857 1927 4904 et

345 4967 485 5009 lillllc
513 4951 708 5016 dicam,
738 4957 794 5005 et
817 4947 1045 5003 subinde
1071 4959 1373 5000 memorare
1401 4957 1508 4995 non
1539 4940 1783 5004 cessabo,
1811 4957 1929 4994 ma-

346 5058 506 5116 gnam
559 5050 613 5096 et
659 5039 973 5095 iueﬂ'abilem
1028 5052 1150 5092 esse
1200 5034 1575 5105 benignitatem
1630 5031 1931 5086 communis

350 5135 586 5191 omnium
610 5131 815 5187 Domini
837 5146 958 5202 ergo
978 5144 1149 5201 genus
1168 5135 1429 5183 nostrum.
1446 5124 1719 5194 Siquidem
1742 5137 1930 5194 magna

350 5223 790 5293 attemperatione
816 5220 885 5276 ob
911 5221 1135 5276 salutem
1163 5227 1400 5273 nostram
1432 5229 1560 5269 usus
1585 5223 1686 5278 est,
1715 5230 1935 5285 magno-

350 5331 456 5389 quc
481 5313 676 5371 animal
716 5313 848 5379 hoc,
872 5312 1142 5368 hominem
1165 5311 1306 5376 dico,
1345 5308 1548 5363 honore
1578 5319 1935 5378 prosequntus

349 5419 475 5472 est;
508 5420 715 5469 necnon
753 5404 930 5458 verbis
955 5412 1010 5459 et
1031 5403 1192 5458 rebus
1215 5400 1537 5465 declaravit,
1575 5414 1634 5453 se
1677 5413 1932 5468 majorem

352 5502 468 5570 ejus
487 5539 503 5565 ,
532 5512 691 5568 quam
716 5494 1001 5549 visibilium
1021 5493 1260 5549 omnium
1284 5506 1464 5547 curam
1498 5490 1767 5546 habuisse.
1795 5489 1936 5545 Nihil

418 5657 434 5685 ι
469 5649 632 5716 ποίει,
646 5658 957 5716 provocamur
970 5647 1035 5696 ad
1054 5644 1405 5716 aemulationem
1422 5644 1599 5710 agendi
1622 5642 1821 5697 rationis
1837 5651 1939 5698 Deo

351 5710 536 5779 digna.
569 5704 804 5765 Virtutem
825 5707 972 5774 igitur
994 5721 1087 5759 non
1100 5704 1409 5770 negtigamus.

1390 282 1465 338 1N
1502 278 1733 339 CA’PJl.
1759 273 2006 336 GENE.
2049 272 2277 331 IIOMIL.
2311 272 2448 330 XIII.

3479 280 3579 337 lilii

2002 388 2146 444 enim
2169 388 2418 458 prohibet
2442 387 2601 442 etiam
2628 386 2788 445 hodie
2810 386 2999 444 eadem
3023 389 3304 461 explorare
3327 395 3465 464 apud
3490 411 3580 452 ca-

1998 479 2209 535 ritatem
2242 487 2496 533 vestram.
2523 477 2656 532 Nam
2696 479 2836 533 sicut
2874 490 3112 536 aromata
3136 522 3152 549 ,
3178 492 3381 553 quanto
3415 487 3585 555 magis

1998 571 2177 642 digitis
2205 580 2520 635 atteruntur,
2553 580 2700 626 tanto
2722 571 2976 641 majorem
3006 583 3193 630 natura
3218 591 3311 631 sua
3340 577 3585 647 fragran-

2001 664 2127 719 tiam
2160 663 2398 719 reddunt
2425 681 2440 718 :
2469 663 2540 719 ita
2579 672 2633 719 et
2678 663 2730 717 in
2759 662 3049 734 Scripturis
3077 668 3325 723 usuvenit
3344 708 3359 732 ,
3386 680 3587 739 quanto

1999 758 2118 826 quis
2143 756 2259 811 illas
2296 757 2525 827 amplius
2555 764 2782 812 tractare
2818 757 3105 823 studuerit,
3140 768 3286 816 tanto
3311 764 3480 833 magis
3505 766 3588 818 vi-

2000 848 2129 903 dere
2164 850 2360 916 poterit
2396 848 2644 903 latentem
2675 848 2727 903 in
2773 848 2903 919 ipsis
2930 849 3274 918 thesaurum,
3301 863 3462 924 atque
3490 856 3591 910 itu-

2002 952 2218 992 mensos
2245 938 2523 1007 percipere
2547 938 2852 993 divitiarum
2880 938 3102 994 fructus.
3133 940 3200 994 Et
3226 941 3483 1012 formavit,
3508 945 3589 999 in-

2001 1027 2149 1096 quit,
2191 1026 2329 1081 Deus
2369 1027 2658 1095 hominem,
2708 1028 2964 1098 pulverem
3010 1030 3277 1100 accipiens
3319 1033 3383 1087 de
3432 1043 3586 1089 terra.

2003 1118 2381 1175 Animadverte
2401 1160 2418 1186 ,
2449 1119 2674 1175 obsecro
2691 1162 2707 1187 ,
2732 1130 2931 1189 quanta
2955 1122 3184 1178 varietas
3224 1138 3289 1177 ex
3333 1124 3448 1194 ipso
3470 1141 3595 1181 ver-

2003 1211 2192 1267 borum
2218 1212 2498 1281 prooemio.
2531 1213 2588 1267 In
2614 1213 2864 1268 omnibus
2891 1214 3034 1268 enim
3060 1215 3178 1269 aliis
3199 1218 3460 1272 creatmis
3488 1217 3589 1272 do-

2003 1305 2112 1359 cuit
2140 1319 2238 1360 nos
2262 1305 2446 1360 beatus
2474 1306 2649 1361 Moses
2678 1306 2892 1359 modum
2921 1307 3229 1372 creationis,
3260 1308 3343 1363 his
3368 1309 3543 1365 verbis
3573 1328 3587 1365 :

2004 1395 2147 1451 Dixit
2174 1396 2334 1462 Deus,
2367 1395 2486 1450 Fiat
2508 1398 2618 1465 lux,
2646 1407 2693 1451 et
2719 1402 2856 1467 facta
2902 1410 2976 1451 est
3004 1397 3125 1463 lux;
3149 1398 3267 1453 Fiat
3296 1401 3587 1468 ﬁrmamen-

2004 1497 2147 1553 tum;
2193 1487 2532 1560 Congregetur
2571 1505 2746 1558 aqua;
2774 1488 2929 1543 Fiant
2974 1490 3289 1558 luminaria;
3337 1492 3589 1549 Germinct

2003 1588 2138 1633 terra
2163 1579 2368 1633 herbam
2396 1579 2518 1650 faeni
2540 1596 2560 1643 ,'
2584 1578 2881 1633 Producant
2908 1596 3054 1649 aqum
3078 1582 3280 1645 reptilia
3304 1584 3591 1637 animarum

2003 1671 2289 1735 viventium,
2318 1678 2393 1731 et,
2418 1668 2677 1723 Producat
2703 1679 2836 1723 terra
2866 1670 3088 1723 animam
3117 1671 3381 1725 viventem.
3402 1672 3591 1728 Vidisti

2003 1761 2269 1833 quomodo
2310 1761 2474 1817 verbo
2516 1763 2696 1817 omnia
2740 1762 2965 1817 formata
2996 1763 3140 1817 sint?
3174 1763 3279 1819 Sed
3320 1765 3594 1820 videamus

2003 1861 2185 1921 postea
2213 1851 2339 1922 quid
2375 1851 2428 1906 in
2468 1852 2740 1907 creatione
2779 1852 3009 1907 hominis
3050 1852 3215 1909 dicat.
3246 1851 3315 1907 Et
3357 1856 3595 1926 formarit

2008 1940 2142 1996 Deus
2166 1942 2440 1996 hominem.
2477 1940 2608 1996 \‘ide
2633 1941 2903 2011 quomodo
2942 1941 3228 1997 verborum
3269 1953 3594 2014 attempera-

2006 2033 2170 2098 tione,
2198 2033 2350 2102 queis
2375 2031 2444 2086 ob
2471 2040 2707 2086 nostram
2752 2032 3114 2087 infirmitatem
3147 2048 3273 2088 usus
3298 2045 3400 2099 est,
3433 2035 3593 2088 sinntl

2005 2131 2060 2176 et
2082 2123 2296 2176 modum
2323 2121 2620 2177 creatiouis
2645 2121 2853 2185 doceat,
2884 2131 2939 2176 et
2963 2123 3352 2188 diversitatem,
3381 2141 3505 2194 qua,
3539 2136 3598 2180 ut

2009 2214 2243 2266 humano
2277 2226 2426 2266 more
2456 2213 2677 2281 loquar,
2708 2212 2867 2267 veluti
2906 2213 2996 2267 Dei
3028 2214 3273 2268 manibus
3309 2216 3595 2270 formatum

2010 2301 2182 2371 ipsum
2210 2300 2443 2367 indicat,
2470 2302 2612 2356 sicut
2634 2310 2690 2356 et
2729 2302 2865 2357 alius
2896 2302 3156 2373 propheta
3200 2303 3329 2359 dicit
3363 2322 3375 2358 :
3411 2305 3598 2360 Manus

2011 2402 2111 2447 tute
2128 2393 2351 2462 fecerunt
2378 2409 2477 2459 nte,
2503 2402 2549 2447 et
2569 2394 2941 2464 plasntaverunt
2972 2412 3049 2449 me
3072 2395 3215 2467 (Job.
3242 2398 3327 2451 I0.
3352 2398 3435 2469 8).
3465 2398 3596 2452 Nam

2009 2484 2056 2538 si
2084 2484 2398 2554 simpliciter
2426 2485 2757 2555 imperasset,
2786 2501 2988 2556 quarso,
3017 2497 3073 2541 ut
3099 2503 3166 2541 ex
3197 2497 3337 2543 terra
3366 2490 3600 2545 oriretur

2013 2574 2196 2642 homo,
2218 2590 2398 2630 annon
2427 2575 2477 2631 id
2506 2576 2648 2646 quod
2673 2577 2881 2647 jussum
2904 2585 3019 2632 erat
3039 2578 3350 2647 productum
3378 2578 3601 2635 fuisset?

2009 2665 2114 2720 Sed
2149 2676 2204 2720 ut
2230 2682 2324 2737 per
2358 2667 2644 2722 creatiouis
2687 2667 2902 2723 modum
2935 2668 3232 2723 doctrinam
3281 2670 3436 2725 nobis
3476 2686 3603 2741 per-

2011 2767 2223 2830 petuam
2268 2758 2541 2827 traderet,
2588 2769 2647 2815 ut
2684 2776 2751 2815 ne
2792 2761 2995 2830 majora
3042 2777 3200 2831 quam
3244 2778 3363 2832 qum
3411 2773 3601 2818 natura

2012 2862 2191 2907 nostra
2240 2850 2409 2907 ferret
2451 2853 2808 2919 sentiremus,
2836 2853 2956 2908 ideo
3015 2855 3094 2909 sic
3144 2864 3391 2910 accurate
3419 2856 3622 2910 omnia-

2013 2953 2262 3009 enarrat,
2294 2952 2350 2999 et
2382 2946 2499 3000 ait:
2534 2944 2795 3001 Formavit
2843 2945 2979 3001 Deus
3027 2946 3315 3013 hominem,
3349 2949 3601 3019 pulverem

2011 3035 2278 3105 accipiens
2306 3037 2320 3067 ¹
2350 3036 2412 3090 de
2433 3046 2585 3090 terra.

2082 3126 2138 3182 2.
2164 3127 2299 3184 Vide
2327 3137 2380 3183 et
2407 3129 2459 3183 in
2484 3129 2584 3184 hac
2612 3144 2671 3185 re
2719 3128 2998 3184 honorem.
3047 3129 3163 3186 Non
3212 3132 3356 3186 enim
3405 3140 3600 3188 terram

2014 3221 2304 3289 quamlibet
2328 3221 2540 3290 accipit,
2570 3221 2662 3277 scd
2698 3222 2994 3293 pulverem,
3025 3224 3392 3280 tenuissimum
3424 3236 3598 3293 terrm,

2016 3320 2073 3364 ut
2109 3312 2180 3364 ita
2231 3312 2351 3380 quis
2374 3310 2590 3389 dixerit,
2615 3313 2831 3367 ethunc
2857 3312 3027 3382 ipsum
3074 3313 3341 3383 pulverem
3369 3314 3437 3369 de
3464 3325 3605 3371 terra

2017 3409 2284 3469 pra'ccpto
2310 3415 2408 3454 suo
2452 3401 2503 3454 in
2540 3402 2783 3471 corporis
2809 3413 3051 3456 naturam
3085 3404 3372 3457 transtulit.
3401 3404 3604 3471 Quem-

2019 3490 2304 3544 admodum
2353 3489 2494 3543 enim
2539 3491 2708 3558 ipsam
2750 3501 2907 3546 terra:
2935 3490 3284 3545 substantiam
3327 3508 3433 3546 non
3460 3494 3605 3547 exsi-

2019 3589 2248 3633 stentem
2280 3578 2551 3646 produxit,
2597 3579 2667 3631 ita
2714 3593 2877 3644 nunc,
2929 3594 3052 3633 cum
3101 3579 3286 3645 voluit,
3333 3581 3606 3650 pulverem

2020 3667 2089 3723 de
2114 3678 2254 3724 terra
2280 3668 2333 3722 in
2360 3682 2555 3736 corpus
2574 3668 2854 3722 convertit.
2885 3668 2983 3724 Hic
3016 3669 3319 3725 exclamare
3355 3671 3506 3739 juvat
3554 3673 3625 3727 id

2022 3759 2163 3829 quod
2192 3776 2222 3813 a
2253 3760 2413 3815 beato
2444 3758 2643 3813 Davide
2667 3759 2864 3813 dictum
2909 3767 3036 3815 est:
3072 3758 3197 3824 Quis
3241 3761 3473 3832 loquetur
3511 3778 3627 3831 ρος-ι

2023 3853 2202 3905 tentias
2254 3849 2464 3904 Domini
2485 3890 2501 3915 ,
2569 3850 2771 3903 auditas
2829 3850 2981 3922 faciet
3044 3865 3216 3905 omnes
3271 3851 3448 3906 laudes
3499 3853 3611 3923 ejus

2026 3941 2209 4013 (Psal.
2237 3942 2360 3996 105.
2387 3940 2502 4011 ‘2)?
2546 3940 2688 4011 quod
2717 3957 2782 3995 ex
2841 3942 3057 4011 pulvere
3101 3942 3207 3997 tale
3248 3943 3443 3998 animal
3486 3961 3611 4015 pro-

2022 4035 2251 4099 duxerit,
2275 4043 2331 4090 et
2356 4034 2408 4089 in
2435 4044 2635 4088 tantum
2666 4034 2923 4089 honorem
2952 4034 3209 4101 erexerit,
3243 4043 3421 4104 totque
3447 4037 3632 4092 benc-.

2025 4126 2142 4182 ficia
2169 4128 2221 4181 in
2243 4143 2364 4181 eum
2389 4127 2569 4182 statim
2595 4127 2664 4181 ab
2690 4126 2842 4181 initio
2867 4126 3168 4189 contulerit,
3192 4143 3340 4182 suam
3364 4129 3609 4199 benigni-

2027 4227 2187 4273 tatem
2222 4234 2317 4288 per
2341 4219 2517 4272 omnia
2569 4217 2879 4272 ostendens.
2912 4216 2977 4270 Et
3018 4218 3300 4287 inspiravit,
3335 4218 3524 4288 inquit,
3557 4222 3611 4274 in

2026 4310 2206 4382 facient
2231 4311 2340 4379 ejus
2369 4309 2680 4379 spiraculum
2699 4307 2832 4377 vitae,
2857 4319 2903 4362 et
2931 4307 3100 4378 factus
3127 4318 3199 4363 est
3224 4309 3373 4363 homo
3402 4310 3455 4364 in
3500 4312 3613 4365 uni-

2025 4417 2160 4454 mam
2199 4401 2456 4453 viventem.

2099 4493 2286 4548 Contra
2335 4508 2419 4546 eos
2455 4490 2541 4562 qui
2587 4490 2819 4545 dicebant
2846 4492 3068 4545 animum
3095 4510 3158 4546 ea:
3194 4494 3476 4548 substantia
3520 4493 3616 4548 Dei

2029 4600 2152 4638 esse.
2187 4583 2322 4638 Deus
2349 4583 2587 4651 simplex,
2614 4583 3002 4653 incompositus,
3032 4592 3079 4636 et
3116 4585 3284 4654 ﬁgura
3332 4600 3618 4638 carinis.—

2031 4678 2127 4732 llic
2173 4677 2383 4747 quidam
2436 4676 2575 4731 male
2604 4674 2800 4737 feriati,
2858 4675 3083 4743 propriis
3112 4675 3240 4728 moti
3282 4674 3613 4740 ratiociniis,

2031 4768 2268 4837 nihilque
2318 4767 2428 4822 Deo
2476 4766 2691 4834 dignum
2745 4765 3059 4833 cogitantes,
3110 4778 3284 4832 neque
3326 4764 3614 4818 verborum

2031 4860 2527 4930 atlemperationem
2577 4872 2760 4912 secum
2814 4863 3144 4924 reputantes,
3191 4854 3368 4909 dicere
3397 4854 3615 4919 audent,

2030 4955 2260 5008 animam
2288 4968 2351 5006 ex
2383 4951 2473 5006 Dei
2501 4949 2792 5004 substantia
2818 4964 2956 5004 esse.
2984 4948 3029 5002 0
3057 4948 3345 5003 insaniam!
3377 4964 3410 5004 ο
3429 4963 3617 5003 amen-

2035 5045 2195 5099 tiam!
2225 5052 2355 5113 quot
2393 5041 2645 5113 perniciei
2689 5041 2803 5095 vias
2827 5040 3073 5097 diabolus
3100 5040 3302 5111 paravit
3327 5041 3620 5096 cultoribus

2033 5136 2180 5191 suis!
2226 5133 2279 5188 Id
2311 5142 2369 5188 ut
2410 5134 2605 5198 discas,
2632 5131 2904 5202 perpende
2927 5146 3084 5202 quam
3116 5130 3344 5186 diversis
3372 5130 3619 5187 incedant

2035 5227 2154 5281 viis.
2175 5225 2306 5280 Nam
2332 5225 2421 5279 alii
2447 5239 2510 5279 ex
2534 5224 2638 5279 hoc
2666 5224 2828 5280 verbo
2856 5238 3041 5279 ansam
3066 5224 3410 5292 arripientes,
3446 5222 3620 5294 Inspi-

2035 5322 2187 5385 raoit,
2238 5321 2424 5374 dicunt
2464 5318 2674 5373 animos
2720 5332 2788 5372 ex
2837 5316 3130 5372 substantia
3180 5315 3271 5369 Dei
3318 5329 3474 5379 esse;
3530 5316 3621 5370 alii

2037 5424 2249 5466 rursum
2276 5410 2477 5475 dicunt,
2505 5410 2559 5463 in
2577 5407 2953 5462 vilissimorum
2975 5406 3248 5459 brutorum
3269 5404 3620 5479 substantiam

2040 5502 2184 5572 ipsas
2207 5501 2429 5556 transire
2453 5515 2466 5551 :
2491 5513 2594 5569 qua
2616 5497 2849 5553 amentia
2868 5494 2994 5565 quid
3019 5492 3256 5550 deterius
3274 5509 3394 5550 esse
3415 5496 3621 5565 passu!

2109 5704 2126 5736 ι
2161 5709 2213 5754 tn
2227 5708 2342 5765 nos.
2367 5709 2464 5750 uno
2487 5704 2541 5749 et
2559 5694 2690 5747 colb.
2708 5708 2805 5746 uno
2822 5694 2968 5747 deest
2989 5706 3098 5756 vox,
3122 5689 3383 5759 accipiens.
