4144 6200
533 298 635 354 107

529 419 664 484 Quia
690 414 831 468 enim
877 406 1220 463 obtenebrata
1263 412 1348 460 est
1393 406 1529 460 ratio
1572 418 1778 465 eorum,
1832 411 1888 456 et
1923 415 2108 454 verum

529 507 816 571 Scriptura:
865 515 1079 556 sensum
1125 500 1389 569 ignorant,
1421 499 1569 568 quasi
1615 495 1866 551 excaecati
1922 494 2114 548 mentis

528 594 696 648 oculis
718 594 768 646 in
796 592 1006 646 diversa
1041 590 1280 644 feruntur
1305 588 1622 659 praecipitia,
1649 586 1774 641 dum
1825 585 1913 640 alii
1968 585 2110 639 illam

525 698 682 754 supra
709 684 1016 754 dignitatem
1041 682 1290 746 eﬂ'erunt,
1323 680 1416 734 alii
1441 688 1616 734 autem
1646 679 1777 732 infra
1803 677 2112 747 dignitatem

527 777 849 848 deprimunt.
873 776 1003 831 Nam
1031 776 1074 830 si
1105 789 1171 830 eo
1191 773 1332 844 quod
1368 773 1637 842 Scriptura
1677 771 1838 834 dicat,
1882 769 2115 838 Inspira-

527 873 594 924 vit
618 872 674 924 in
703 871 883 937 facient
925 870 1054 939 ejus,
1081 883 1144 922 os
1193 867 1302 922 Deo
1353 865 1607 936 afﬁngene
1648 864 1834 930 velint,
1891 877 2114 917 necesse

524 963 632 1016 erit
657 963 816 1016 etiam
846 975 1034 1014 manus
1056 959 1154 1028 ipsi
1186 957 1421 1011 tribuere
1450 976 1463 1009 :
1492 953 1921 1025 quandoquidem
1957 953 2110 1017 dixit,

530 1052 792 1107 Formavit
829 1051 1097 1104 hominem.
1126 1048 1232 1104 Sed
1287 1062 1354 1101 ne
1397 1047 1607 1100 illorum
1659 1043 2011 1112 nugacitatcm
2060 1043 2111 1096 in

529 1144 762 1200 medium
786 1143 1136 1215 proferentes,
1166 1153 1420 1210 cogamur
1444 1147 1498 1192 et
1526 1136 1623 1206 ipsi
1665 1135 1910 1190 indecora
1943 1135 2109 1204 loqui,

529 1250 628 1304 age
677 1235 912 1304 ipsorum
953 1233 1229 1287 stultitiam
1283 1239 1339 1285 et
1390 1229 1736 1298 multiplicem
1788 1227 2112 1282 dementiam

529 1327 846 1391 devitemus,
878 1341 942 1380 ac
969 1325 1166 1379 divina:
1184 1323 1495 1392 Scriptum,
1531 1337 1650 1391 qua:
1682 1320 1911 1389 seipsam
1951 1320 2115 1373 inter-

530 1425 788 1487 pretatur,
816 1430 1032 1486 scopum
1061 1415 1464 1484 snhsequamnr,
1496 1411 1784 1466 dummodo
1812 1420 1987 1464 tamen
2018 1424 2114 1464 nos

528 1510 815 1563 verborum
855 1507 1110 1563 crassitiei
1151 1521 1257 1561 non
1299 1505 1668 1569 attendamus,
1697 1503 1790 1558 sed
1822 1502 2116 1572 cogitemus

529 1598 891 1654 inﬁrmitatem
945 1608 1177 1651 nostram
1231 1595 1534 1664 hujusmodi
1593 1595 1849 1649 crassitiei
1898 1607 2112 1647 causam

528 1702 669 1744 esse.
701 1687 882 1758 Neque
910 1687 1050 1741 enim
1079 1695 1296 1757 possent
1317 1700 1474 1741 aures
1517 1685 1762 1739 humana:
1799 1701 1861 1739 ea
1889 1701 2007 1754 qua:
2029 1685 2114 1739 di-

529 1790 722 1835 cuntur
744 1781 1010 1850 excipere,
1036 1780 1135 1833 nisi
1164 1787 1309 1833 tanto
1336 1777 1638 1833 fruerentur
1675 1789 2113 1848 temperamento.

522 1870 833 1942 Cogitantes
859 1871 1036 1939 itaque
1062 1878 1116 1924 et
1138 1879 1373 1923 nostram
1417 1868 1794 1933 inﬁrmitatem,
1824 1880 1877 1923 et
1910 1868 2024 1921 haec
2049 1868 2116 1922 de

531 1962 642 2016 Deo
674 1962 814 2015 dicta
845 1961 1028 2020 fuisse.
1060 1960 1136 2015 sic
1157 1975 1220 2015 ea
1247 1959 1615 2028 suscipiamus,
1649 1968 1702 2012 ut
1733 1974 1826 2029 par
1853 1968 1932 2013 est
1962 1974 2023 2014 ea
2050 1959 2116 2013 de

534 2053 644 2106 Deo
669 2054 931 2122 accipere,
965 2067 1064 2106 nec
1089 2053 1140 2105 in
1171 2066 1456 2120 corporum
1488 2052 1732 2117 formam,
1757 2052 1838 2105 vel
1865 2052 1914 2105 in
1946 2067 2115 2104 mem-

529 2145 746 2199 brorum
791 2145 1252 2213 compositionem,
1315 2143 1482 2196 Deum
1529 2143 1699 2212 ipsum
1746 2141 2112 2206 deducamus;

529 2237 624 2290 sed
653 2237 830 2290 omnia
860 2235 928 2290 de
959 2235 1086 2299 Deo,
1119 2245 1175 2288 nt
1195 2234 1464 2296 convenit,
1493 2234 1865 2304 iinaginemur.
1907 2233 2116 2287 Numen

529 2327 672 2380 enim
703 2326 925 2395 simplex
961 2325 1472 2395 incompositumqne
1493 2337 1596 2391 est,
1635 2340 1698 2380 ac
1729 2324 1892 2394 ﬁgura
1922 2333 2068 2378 caret
2097 2339 2112 2381 :

529 2433 652 2472 nam
698 2419 741 2473 si
793 2434 865 2474 ex
921 2418 1074 2472 nobis
1125 2417 1470 2472 similitudine
1518 2416 1693 2480 ducta,
1738 2416 1964 2469 velimus
2007 2415 2116 2468 Deo

530 2510 890 2564 membrorum
946 2509 1387 2578 compositionem
1439 2508 1706 2570 tribuere,
1754 2507 2116 2576 imprudentes

529 2600 585 2654 in
612 2601 884 2670 gentilium
915 2600 1237 2668 impietatem
1267 2599 1507 2653 labimur.
1537 2597 1668 2652 Cum
1691 2599 1867 2666 itaque
1886 2596 2118 2650 audieris

531 2693 857 2760 Scripturam
903 2689 1190 2756 dicentem,
1224 2688 1481 2742 Formavit
1523 2688 1657 2742 Deus
1699 2688 1980 2750 hominem,
2007 2685 2116 2740 vir-

528 2791 697 2836 tutcm
723 2781 964 2836 eamdem
995 2781 1188 2850 cogita,
1238 2795 1394 2849 quam
1435 2795 1556 2834 cum
1623 2779 1788 2844 dicit,
1845 2776 2006 2841 Fiat;
2053 2789 2118 2830 ac

533 2889 741 2928 rursum
773 2888 892 2928 cum
918 2873 1172 2939 audieris,
1206 2872 1484 2941 Inspiravit
1511 2873 1562 2924 in
1605 2873 1784 2942 faciem
1811 2872 1922 2941 ejus
1947 2871 2116 2938 spira-

531 2967 700 3020 culum
749 2967 897 3030 vitaz,
957 2967 1146 3020 iterum
1195 2967 1402 3035 cogita,
1448 2963 1891 3034 quemadmodum
1939 2962 2116 3018 incor-

533 3071 723 3126 poreas
773 3057 994 3110 virtutes
1052 3055 1407 3123 produxerat,
1458 3056 1536 3109 sic
1601 3055 1862 3125 placuisse
1901 3054 2008 3120 illi,
2061 3063 2119 3108 ut

531 3164 725 3218 corpus
752 3148 858 3202 hoc
880 3164 944 3202 ex
978 3149 1191 3217 pulvere
1219 3147 1413 3201 factum
1437 3150 1668 3201 animam
1699 3145 1920 3201 haberet
1948 3146 2115 3200 ratio-

531 3239 728 3304 nalem,
751 3252 869 3308 qum
889 3237 1144 3292 membris
1157 3238 1430 3307 corporeis
1451 3246 1629 3307 posset
1654 3237 1747 3290 uti.
1774 3237 1886 3292 lloc
1913 3238 2110 3307 quippe

529 3343 725 3397 corpus
773 3329 977 3382 Deinini
1005 3328 1158 3398 jussu
1207 3337 1468 3392 creatum,
1501 3327 1651 3397 quasi
1705 3329 2114 3382 instrumentum

525 3419 755 3489 jacebat,
785 3420 965 3490 aliquo
994 3429 1240 3474 movente
1267 3419 1536 3489 indigens;
1567 3420 1673 3474 imo
1700 3420 1833 3473 sicut
1857 3420 1970 3490 lyra
1999 3436 2116 3489 qua:

527 3511 708 3578 aliquo
731 3520 869 3580 eget,
892 3511 981 3580 qui
1007 3521 1120 3564 arte
1150 3511 1470 3580 solertiaqtte
1501 3525 1593 3566 sua
1627 3511 1814 3580 possit,
1845 3513 1998 3581 quasi
2023 3529 2117 3581 per

531 3602 753 3668 fistulas,
787 3617 880 3670 per
929 3601 1167 3656 membra
1195 3616 1291 3656 sua
1331 3612 1715 3670 congruentem
1750 3603 1973 3658 Domino
2005 3619 2117 3658 me-

532 3691 724 3747 lodiatn
755 3692 978 3747 referre.
1000 3691 1297 3762 Inspiravit,
1316 3693 1506 3762 inquit,
1529 3695 1581 3747 in
1603 3695 1783 3764 faciem
1809 3695 1922 3765 ejus
1945 3696 2114 3764 spira-

528 3783 701 3837 culum
729 3784 864 3845 vitaz,
910 3793 957 3836 et
995 3784 1156 3850 fartus
1205 3794 1279 3836 est
1325 3783 1472 3836 honto
1499 3785 1552 3837 in
1591 3786 1814 3838 animam
1851 3788 2112 3842 viventem.

528 3873 665 3940 Quid
685 3882 788 3936 est,
813 3872 1090 3940 Inspiravit
1115 3873 1427 3943 spiraculum
1454 3875 1569 3928 vita:
1588 3875 1614 3927 ?
1640 3875 1694 3929 Id
1716 3884 1817 3940 est,
1840 3861 1942 3931 huc
1965 3893 2117 3932 crea-

533 3976 643 4019 tum
671 3980 866 4034 corpus
897 3965 1060 4020 voluit
1083 3966 1345 4035 jussitque
1372 3967 1474 4021 vim
1503 3966 1700 4022 habere
1727 3968 1966 4037 vitalem,
1995 3985 2115 4039 quae

530 4058 744 4112 animali
787 4056 920 4113 facta
957 4067 1040 4113 est
1075 4059 1126 4113 in
1169 4059 1398 4113 animam
1425 4059 1708 4123 viventem,
1746 4060 1859 4114 sive
1885 4074 2114 4130 operan-

531 4158 659 4210 tctn,
687 4163 806 4218 qua:
833 4158 1002 4203 artem
1027 4163 1177 4203 suam
1199 4157 1380 4219 posset
1402 4163 1496 4219 per
1524 4149 1883 4204 membrorum
1912 4159 2114 4205 motum

530 4238 802 4292 exhibere.

601 4329 655 4381 3.
697 4329 790 4380 llic
817 4342 942 4382 vero
963 4326 1090 4380 milii
1121 4327 1389 4396 perpende
1408 4369 1424 4391 ,
1454 4338 1710 4398 quantum
1738 4330 1947 4386 intersit
1974 4331 2113 4386 inter

536 4416 692 4486 hujus
730 4415 1058 4469 admirabilis
1099 4417 1347 4471 animalis
1390 4419 1703 4484 rationalis,
1745 4430 1798 4474 et
1839 4423 2112 4476 brutorum

535 4508 904 4562 formationem
945 4509 1250 4564 discrimen.
1282 4511 1354 4564 De
1382 4510 1486 4564 illis
1511 4512 1650 4566 enim
1691 4511 1859 4567 dixit:
1883 4513 2117 4567 Educant

535 4615 680 4668 aqua:
700 4600 900 4668 reptilia
926 4601 1208 4654 animarum
1230 4601 1516 4668 viventium,
1539 4611 1593 4658 et
1621 4605 1778 4658 simul
1804 4604 2116 4672 prodierunt

533 4705 597 4744 ex
646 4705 781 4760 aqua
822 4691 1067 4744 animalia
1115 4691 1382 4756 animata;
1430 4702 1485 4747 et
1535 4693 1588 4747 in
1637 4702 1776 4747 terra
1822 4694 2112 4749 similiter:

531 4780 791 4837 Produc-at
829 4793 962 4836 terra
999 4784 1220 4836 animam
1265 4785 1524 4840 viventem.
1558 4785 1633 4841 De
1677 4785 1892 4842 homine
1935 4802 2112 4843 autem

531 4890 636 4928 non
665 4876 774 4938 sic;
803 4875 897 4929 sed
929 4877 1072 4944 prius
1099 4876 1165 4930 de
1197 4879 1414 4946 pulvere
1450 4893 1643 4948 corpus
1688 4880 1945 4936 formatur
1969 4923 1983 4947 ,
2017 4899 2114 4952 po-

527 4976 644 5021 stea
673 4968 846 5021 vitalis
880 4967 954 5020 illi
983 4969 1150 5023 virtus
1177 4969 1364 5035 datur,
1395 4987 1515 5041 qua:
1541 4981 1626 5026 est
1646 4973 1837 5027 animm
1861 4975 2114 5029 substan-

531 5057 622 5111 tia.
667 5054 868 5111 Idcirco
911 5058 978 5113 de
1016 5058 1184 5113 brutis
1220 5061 1430 5115 dicebat
1468 5061 1719 5133 Moyses:
1751 5064 1976 5134 Sanguis
2007 5067 2115 5133 eius

529 5158 603 5201 (xl
629 5151 800 5202 anima
827 5152 936 5222 ejus
963 5150 1108 5222 (Lev.
1139 5154 1226 5206 17.
1270 5155 1380 5222 ll).
1434 5155 1486 5208 In
1522 5155 1738 5211 homine
1767 5167 1943 5212 autem
1985 5159 2113 5211 sub-

531 5244 723 5296 stantia
769 5254 852 5298 est
905 5245 1215 5312 incorporea
1265 5255 1318 5300 ct
1371 5246 1730 5314 immortalis,
1783 5265 1902 5318 qua:
1947 5251 2114 5304 multo

533 5333 812 5388 intervallo
839 5349 1040 5405 corpus
1068 5336 1371 5400 antecellit,
1403 5347 1455 5391 ct
1484 5347 1661 5400 tanto,
1687 5349 1888 5408 quanto
1913 5355 2008 5410 par
2031 5351 2116 5396 est

534 5424 905 5492 incorporeum
949 5425 1160 5495 corpori
1209 5425 1498 5481 anteferre.
1551 5427 1745 5482 \‘erum
1791 5430 1926 5485 forte
1970 5431 2115 5487 dicet

532 5519 793 5586 quispiam
829 5535 843 5572 :
877 5519 932 5574 Si
973 5519 1148 5573 anima
1191 5533 1416 5589 corpore
1443 5519 1684 5590 dignior,
1734 5537 1831 5577 cur
1878 5524 1928 5579 id
1969 5526 2110 5595 quod

536 5607 710 5658 minus
769 5619 849 5662 est
879 5609 1106 5672 primum
1152 5621 1403 5678 creatur,
1431 5613 1648 5682 etquod
1694 5614 1864 5685 majus
1906 5628 2114 5687 postre-

538 5713 681 5752 nnnn
709 5699 732 5752 ?
766 5702 949 5758 Annon
983 5703 1128 5762 vides
1153 5747 1166 5771 ,
1199 5707 1410 5772 dilecte,
1455 5704 1680 5778 idipsum
1736 5709 1788 5767 in
1841 5710 2113 5770 creatione

1251 291 1312 348 S.
1351 287 1628 346 JOANNIS
1663 283 2140 343 CHRYSOSTOMI
2179 283 2478 340 ARCHIEP
2537 285 3071 344 CONSTANTINOP.

3700 289 3804 346 103

2227 398 2463 455 factum?
2507 402 2655 458 Sicut
2682 405 2823 459 enini
2853 406 3066 473 exulum,
3099 413 3237 460 terra
3259 447 3274 470 ,
3302 404 3383 460 sol
3408 447 3424 472 ,
3457 405 3602 468 luna,
3628 416 3681 462 et
3706 409 3810 462 al.a

2221 494 2398 548 omnia
2430 506 2608 550 creata
2637 504 2792 563 sunt,
2822 497 3082 568 brutaque
3107 497 3267 552 etiam
3296 498 3544 552 animalia
3567 539 3581 562 ,
3610 507 3663 553 et
3691 511 3814 569 post

2222 583 2327 638 haee
2380 586 2559 640 omnia
2600 586 2800 652 homo,
2845 588 2930 642 cui
2960 588 3149 642 horum
3196 588 3438 642 omnium
3487 590 3815 659 principatus

2225 677 2540 732 tribuendus
2569 689 2688 734 erat
2719 697 2733 733 :
2765 680 2832 734 ita
2859 689 2912 734 et
2942 680 2996 734 in
3025 679 3254 734 hominis
3283 679 3603 736 formatione
3633 683 3809 751 primo

2219 783 2416 837 corpus
2443 768 2772 839 producitur,
2803 779 3090 841 posteaque
3117 770 3294 826 anima
3321 787 3440 842 quae
3465 771 3675 842 dignior
3701 783 3813 828 est.

2219 859 2680 926 Quemadmodum
2739 861 2881 914 enim
2948 861 3101 914 bruta
3160 861 3453 928 animalia,
3514 861 3815 917 ministerio

2221 950 2450 1004 hominis
2494 951 2639 1004 utilia
2688 951 3052 1014 l'ntnra,’ante
3097 951 3367 1007 hominem
3421 962 3707 1017 creantur,
3753 966 3813 1008 ut

2220 1052 2462 1111 paratum
2495 1040 2714 1096 haberet
2744 1042 3093 1096 ministerium
3123 1043 3168 1096 is
3191 1042 3280 1112 qui
3313 1042 3417 1095 illis
3442 1057 3636 1096 usurus
3659 1056 3810 1098 erat:

2218 1133 2294 1186 sic
2320 1142 2373 1186 et
2399 1143 2520 1188 ante
2546 1134 2776 1186 animam
2799 1148 2996 1203 corpus
3023 1144 3236 1188 creatur
3255 1174 3271 1199 ,
3321 1143 3378 1187 ut
3407 1143 3685 1203 postquam
3725 1151 3814 1188 se-

2220 1225 2450 1278 cundum
2497 1223 2813 1279 inell‘abilem
2841 1225 2957 1294 ejus
3005 1225 3320 1294 sapientiam
3349 1226 3523 1281 anima
3554 1227 3810 1295 producta

2219 1324 2397 1381 esset,
2442 1325 2624 1384 posset
2665 1330 2790 1370 suas
2827 1319 3168 1386 Operationes
3212 1332 3308 1387 per
3341 1318 3584 1387 corporis
3632 1329 3813 1373 motus

2219 1410 2490 1464 exhibere.
2521 1411 2574 1464 8.
2609 1411 2674 1464 Et
2707 1411 2987 1480 plantavit,
3018 1411 3184 1480 inquit
3210 1455 3224 1476 ,
3254 1411 3393 1467 Deus
3437 1414 3729 1482 paradisum
3759 1417 3814 1468 in

2220 1500 2459 1555 Edemab
2489 1503 2696 1567 oriente,
2715 1514 2760 1558 et
2789 1505 2953 1572 posuit
2973 1504 3078 1558 illic
3094 1505 3364 1568 hominem,
3389 1521 3532 1574 quem
3556 1508 3811 1576 formavit.

2227 1595 2512 1663 Postquam
2578 1595 2837 1662 benignus
2903 1597 3160 1652 Dominus
3215 1597 3596 1667 benignitatem
3659 1613 3815 1652 suam

2219 1687 2488 1752 ostendit,
2519 1696 2571 1741 et
2599 1687 2744 1742 illum
2773 1689 2924 1754 cujus
2963 1703 3120 1742 causa
3151 1689 3329 1742 omnia
3358 1698 3648 1753 creaverat,
3681 1705 3813 1759 pro-

2221 1776 2370 1830 duxit
2398 1777 2448 1830 in
2487 1776 2741 1842 medium,
2765 1777 2943 1832 statim
2975 1778 3156 1846 incipit
3182 1794 3274 1832 sua
3325 1779 3376 1832 in
3424 1780 3570 1833 illum
3603 1780 3811 1834 beneﬁ-

2221 1866 2302 1918 cia
2339 1865 2603 1920 conferre.
2662 1865 2730 1920 Et
2779 1867 3040 1935 plantavit,
3098 1867 3286 1937 inquit,
3341 1868 3474 1922 Deus
3518 1870 3814 1939 paradisum

2219 1956 2273 2010 in
2317 1956 2476 2010 Edent
2503 1958 2564 2010 ab
2604 1958 2811 2010 oriente.
2844 1957 2941 2012 llic
2993 1958 3120 2012 mihi
3146 2000 3162 2025 ,
3217 1958 3411 2014 dilecte
3434 2000 3450 2024 ,
3486 1960 3765 2014 considera
3791 2003 3808 2025 ,

2220 2047 2360 2118 quod
2390 2048 2488 2103 nisi
2525 2064 2585 2104 ea
2614 2051 2774 2104 verba
2802 2062 2859 2106 ut
2888 2051 2955 2106 de
3005 2051 3114 2105 Deo
3144 2066 3240 2120 par
3268 2059 3383 2114 est,
3437 2052 3762 2124 accipiamus
3792 2093 3808 2116 ,

2219 2152 2440 2194 necesse
2485 2139 2556 2194 sit
2607 2149 2662 2194 ut
2713 2141 2764 2195 in
2812 2143 3164 2213 praecipitium
3219 2157 3455 2196 ruamus.
3504 2143 3633 2196 Nam
3681 2145 3808 2213 quid

2219 2231 2450 2286 dixerint
2487 2231 2553 2286 de
2593 2233 2736 2288 dicto
2769 2233 3071 2304 hujusmodi
3105 2235 3209 2300 illi,
3244 2236 3332 2303 qui
3363 2236 3539 2290 omnia
3587 2235 3655 2290 de
3699 2237 3810 2292 Deo

2219 2324 2358 2379 dicta
2409 2326 2641 2380 humano
2669 2327 2910 2396 accipere
2963 2343 3112 2382 more
3153 2327 3393 2382 audent?
3449 2327 3514 2382 Et
3562 2330 3811 2398 plantam

2221 2417 2357 2472 Deus
2379 2459 2394 2482 ,
2425 2421 2632 2488 inquit,
2666 2421 2983 2490 paradisum.
3015 2419 3150 2487 Quid
3175 2461 3189 2483 ,
3223 2420 3447 2488 quaeso?
3474 2435 3599 2474 num
3632 2422 3810 2492 ligone

2220 2521 2356 2576 opus
2396 2509 2576 2563 habuit
2615 2519 2668 2564 ct
2705 2511 3022 2580 agricultura
3051 2511 3264 2580 aliaque
3291 2526 3418 2565 cura
3447 2553 3460 2575 ,
3494 2523 3552 2566 ut
3595 2515 3810 2581 paradi-

2221 2615 2338 2652 sum
2368 2602 2702 2656 exornaret?
2748 2602 2920 2656 Absit.
2953 2602 3147 2657 lterum
3177 2601 3320 2656 enim
3357 2602 3517 2657 etiam
3557 2603 3657 2658 hoc
3685 2604 3808 2659 loco

2221 2690 2378 2754 illud,
2410 2691 2672 2746 Plantavit
2697 2734 2712 2757 ,
2742 2693 2820 2748 sic
2865 2693 3268 2763 intelligendum
3290 2733 3304 2755 ,
3349 2694 3553 2748 scilicet
3591 2695 3761 2764 ipsum
3787 2736 3804 2760 ,

2222 2780 2543 2850 imperasse,
2572 2790 2629 2836 ut
2655 2782 2930 2854 paradisus
2960 2783 3012 2837 in
3044 2791 3185 2838 terra
3209 2783 3402 2850 ﬁeret,
3432 2794 3491 2837 ut
3518 2784 3812 2853 productus

2222 2868 2382 2923 homo
2405 2870 2457 2923 in
2483 2885 2548 2925 co
2572 2881 2896 2926 versaretur.
2922 2871 3073 2938 Quod
3096 2881 3272 2926 autem
3299 2881 3516 2941 propter
3535 2873 3803 2928 hominem

2222 2961 2521 3030 paradisum
2565 2963 2937 3029 adornaverit,
2967 2963 3088 3018 audi
3133 2963 3465 3034 Scripturam
3495 2963 3758 3019 dicentem
3791 2984 3806 3020 :

2222 3049 2287 3104 Et
2338 3052 2582 3121 plantavit
2613 3051 2752 3106 Deus
2795 3053 3090 3122 paradisum
3129 3054 3182 3107 in
3223 3053 3386 3108 Edein
3414 3055 3476 3108 ab
3505 3055 3730 3124 oriente,
3758 3067 3809 3111 et

2221 3144 2384 3213 posuit
2427 3145 2532 3198 illic
2558 3145 2842 3212 hominem,
2888 3163 3034 3216 quem
3063 3149 3316 3218 formavit.

2293 3234 2478 3288 Contra
2508 3251 2591 3288 eos
2611 3236 2698 3305 qui
2721 3235 2948 3290 dicebant
2976 3236 3285 3292 Paradisum
3311 3255 3411 3293 non
3435 3255 3540 3294 esse
3558 3239 3609 3293 in
3636 3248 3800 3294 terra.

2221 3357 2289 3367 ——
2308 3325 2431 3380 lilco
2459 3327 2623 3380 etiam
2654 3327 2752 3381 loci
2782 3343 2974 3382 nomen
2997 3328 3151 3383 alfert
3175 3329 3384 3400 Moyses
3412 3331 3464 3384 in
3489 3328 3803 3401 Scriptnris,

2221 3426 2278 3470 ut
2314 3433 2380 3472 ne
2419 3418 2603 3472 liceret
2643 3416 2838 3472 frustra
2868 3420 3052 3489 nugari
3083 3421 3382 3476 volentibus
3421 3423 3806 3492 simpliciorun

2219 3510 2437 3562 auribus
2487 3509 2798 3579 imponere,
2853 3509 3175 3582 dicereque,
3227 3527 3334 3566 non
3383 3527 3504 3568 esse
3557 3515 3609 3567 in
3669 3525 3803 3571 terra

2220 3599 2564 3668 paradisum,
2623 3600 2718 3655 sed
2776 3601 2828 3654 in
2881 3603 3056 3667 caelo,
3129 3612 3184 3658 et
3245 3604 3450 3659 fabulas
3503 3605 3802 3674 lmjusntodi

2219 3694 2508 3746 somniare.
2541 3693 2673 3747 Nam
2724 3694 2768 3748 si
2813 3709 2934 3748 cum
2979 3694 3160 3749 divina
3211 3695 3488 3767 Scriptura
3540 3707 3684 3752 tanta
3716 3714 3808 3753 usa

2220 3781 2291 3835 sit
2339 3783 2625 3837 verborum
2679 3785 3061 3850 accuratione,
3113 3799 3222 3840 non
3270 3787 3581 3841 dubitarunt
3630 3798 3805 3844 tamen

2219 3869 2432 3939 quidam
2453 3872 2520 3926 de
2541 3872 2782 3927 facundia
2807 3890 2902 3929 sua
2923 3916 2939 3942 ,
2967 3890 3175 3931 necnon
3204 3876 3272 3932 de
3303 3877 3636 3948 philo50phia
3673 3896 3806 3933 exo-

2221 3964 2324 4016 tica
2367 3964 2532 4018 altum
2575 3967 2874 4034 sapientes,
2926 3968 3146 4024 adversa
3185 3968 3476 4040 Scripturis
3520 3971 3697 4041 loqui,
3753 3982 3808 4027 ct

2220 4055 2399 4111 d;cere
2427 4057 2726 4126 paradisum
2771 4059 2821 4112 in
2865 4069 3008 4114 terra
3051 4077 3155 4116 non
3185 4076 3343 4129 esse,
3387 4063 3658 4134 multaque
3702 4064 3805 4120 alia

2219 4158 2416 4218 praiter
2439 4163 2499 4203 ea
2530 4165 2650 4218 qua:
2675 4149 2812 4205 dicta
2845 4163 2967 4206 sunt
2996 4153 3332 4224 adoptantes,
3359 4165 3544 4209 contra
3568 4155 3807 4224 Scriptu-

2219 4259 2333 4298 ram
2375 4245 2613 4310 sentire;
2660 4255 2714 4300 et
2757 4246 3041 4302 adversam
3091 4258 3271 4303 tenere
3316 4248 3491 4311 viam,
3543 4259 3700 4319 atque
3743 4266 3805 4304 ea

2219 4353 2338 4404 qua:
2368 4337 2435 4390 de
2461 4346 2601 4392 terra
2629 4339 2766 4392 dicta
2795 4348 2946 4404 sunt,
2987 4340 3055 4396 de
3088 4341 3236 4395 caslis
3265 4341 3406 4396 dicta
3445 4352 3670 4413 putare;
3704 4342 3804 4397 nisi

2221 4427 2409 4482 humili
2460 4429 2544 4482 illa
2587 4438 2642 4484 et
2689 4439 3037 4499 attempeiata
3089 4432 3372 4488 verborum
3427 4434 3631 4488 ratione
3679 4449 3807 4488 usus

2221 4520 2427 4589 Moyses
2455 4531 2616 4587 esset,
2640 4521 2836 4590 Spiritu
2875 4532 3060 4577 sancto
3100 4523 3332 4591 linguam
3373 4523 3488 4594 ejus
3515 4534 3803 4590 movente,

2220 4628 2327 4681 quo
2371 4629 2478 4666 non
2520 4613 2754 4667 devoluti
2788 4623 3006 4681 essent,
3051 4616 3292 4685 quamvis
3331 4615 3604 4685 Scriptura
3654 4632 3802 4670 sacra

2219 4718 2338 4757 Clllll
2369 4719 2468 4758 nos
2508 4704 2610 4760 tale
2649 4705 2916 4775 quidpiam
2947 4707 3139 4762 docere
3184 4709 3325 4772 vult,
3357 4709 3589 4776 seipsam
3641 4713 3806 4763 inter-

2222 4807 2462 4867 pretetur
2482 4838 2499 4864 ,
2545 4806 2600 4852 et
2637 4798 2934 4854 auditorem
2965 4815 3147 4854 errare
3178 4815 3282 4854 non
3312 4800 3489 4854 sinat?
3533 4801 3640 4854 Sed
3670 4816 3804 4869 quo-

2221 4894 2364 4943 niam
2393 4888 2543 4942 multi
2576 4904 2679 4942 non
2713 4897 2768 4942 ut
2794 4886 3060 4959 quidpiam
3091 4891 3224 4944 lucri
3255 4906 3319 4945 ex
3348 4891 3542 4946 divinis
3567 4890 3808 4959 Scriptu-

2222 4981 2297 5036 ris
2344 4980 2636 5047 demetant,
2668 4981 2760 5036 scd
2801 4983 3085 5051 voluptatis
3119 4983 3308 5052 gratia,
3337 4998 3494 5037 aures
3522 4983 3680 5038 dictis
3705 4982 3802 5036 ad-

2223 5069 2440 5124 hibent:
2474 5070 2593 5126 ideo
2633 5087 2738 5126 non
2780 5071 2843 5125 iis
2882 5072 2971 5142 qui
3014 5081 3273 5141 prosunt,
3316 5073 3410 5128 sed
3438 5073 3502 5128 iis
3531 5073 3616 5142 qui
3639 5073 3808 5142 magis

2220 5161 2489 5214 oblectant
2518 5161 2819 5216 attendunt.
2852 5161 3210 5229 Quamobrem
3250 5163 3474 5217 obsecro
3497 5204 3512 5228 ,
3545 5171 3602 5216 ut
3629 5165 3808 5216 omni-

2222 5252 2320 5307 bus
2367 5253 2474 5308 illis
2514 5269 2672 5308 aures
2715 5253 3047 5320 obturantes,
3079 5269 3246 5308 sacrae
3278 5254 3570 5323 Scriptura:
3613 5256 3805 5311 canoni

2220 5345 2596 5414 obsequamur.
2625 5347 2701 5400 Ac
2725 5360 2846 5400 cum
2871 5347 3125 5414 audieris,
3149 5348 3362 5413 dilecte,
3389 5349 3530 5403 Deus
3551 5349 3809 5419 plantavit

2222 5436 2524 5506 paradisum
2551 5435 2603 5490 in
2633 5435 2841 5492 oriente
2869 5451 2884 5500 ;
2917 5435 3046 5490 illud
3071 5478 3086 5502 ,
3122 5436 3379 5491 Plantavit
3401 5480 3417 5505 ,
3451 5447 3508 5492 ut
3537 5439 3646 5495 Deo
3673 5455 3808 5495 con-

2221 5527 2368 5581 venit
2408 5524 2675 5594 iotcllige,
2708 5539 2902 5594 nempe
2931 5526 3070 5595 quod
3115 5529 3462 5599 prteceperit;
3491 5531 3632 5600 quod
3679 5547 3809 5586 vero

2221 5621 2460 5691 sequitur
2482 5619 2664 5687 crede,
2695 5621 2944 5676 nimirum
2991 5624 3291 5693 paradismn
3335 5625 3528 5680 factum
3555 5640 3676 5680 esse
3699 5665 3714 5683 .
3753 5634 3809 5677 ct

2225 5715 2278 5771 in
2308 5715 2400 5771 illo
2441 5715 2591 5784 loco,
2638 5713 2724 5771 ubi
2771 5713 3044 5788 Scriptura
3093 5731 3247 5776 sacra
3297 5717 3632 5790 signiﬁcavit.
3690 5716 3806 5772 Mn
