  <div class='ocr_page' id='page_1' title='image "/cluster/home/n/w/nwhite01/storage/ocr_20150623/53/hvd.32044054086673/108.png"; bbox 0 0 4122 6204; ppageno 0'>
   <div class='ocr_carea' id='block_1_1' title="bbox 461 228 563 285">
    <p class='ocr_par' dir='ltr' id='par_1_1' title="bbox 461 228 563 285">
     <span class='ocr_line' id='line_1_1' title="bbox 461 228 563 285; baseline 0 0"><span class='ocrx_word' id='word_1_1' title='bbox 461 228 563 285; x_wconf 76' lang='grc'><strong>109</strong></span> 
     </span>
    </p>
   </div>
   <div class='ocr_carea' id='block_1_2' title="bbox 465 330 2052 406">
    <p class='ocr_par' dir='ltr' id='par_1_2' title="bbox 465 330 2052 406">
     <span class='ocr_line' id='line_1_2' title="bbox 465 330 2052 406; baseline -0.009 -6"><span class='ocrx_word' id='word_1_2' title='bbox 465 342 689 400; x_wconf 81' lang='lat' dir='ltr'><strong>credere</strong></span> <span class='ocrx_word' id='word_1_3' title='bbox 718 337 861 395; x_wconf 89' lang='lat' dir='ltr'><strong>enim</strong></span> <span class='ocrx_word' id='word_1_4' title='bbox 910 336 974 391; x_wconf 90' lang='lat' dir='ltr'><strong>iis</strong></span> <span class='ocrx_word' id='word_1_5' title='bbox 1017 348 1135 406; x_wconf 66' lang='lat' dir='ltr'><strong>quae</strong></span> <span class='ocrx_word' id='word_1_6' title='bbox 1166 332 1217 387; x_wconf 94' lang='lat' dir='ltr'><strong>in</strong></span> <span class='ocrx_word' id='word_1_7' title='bbox 1245 331 1421 387; x_wconf 89' lang='lat' dir='ltr'><strong>divina</strong></span> <span class='ocrx_word' id='word_1_8' title='bbox 1458 331 1733 401; x_wconf 89' lang='lat' dir='ltr'><strong>Scriptura</strong></span> <span class='ocrx_word' id='word_1_9' title='bbox 1776 330 2052 385; x_wconf 87' lang='lat' dir='ltr'><strong>feruntur.</strong></span> 
     </span>
    </p>
   </div>
   <div class='ocr_carea' id='block_1_3' title="bbox 476 422 2059 498">
    <p class='ocr_par' dir='ltr' id='par_1_3' title="bbox 476 422 2059 498">
     <span class='ocr_line' id='line_1_3' title="bbox 476 422 2059 498; baseline -0.01 -11"><span class='ocrx_word' id='word_1_10' title='bbox 476 434 570 488; x_wconf 88' lang='lat' dir='ltr'><strong>sed</strong></span> <span class='ocrx_word' id='word_1_11' title='bbox 600 432 704 485; x_wconf 89' lang='lat' dir='ltr'><strong>alia</strong></span> <span class='ocrx_word' id='word_1_12' title='bbox 744 445 808 483; x_wconf 78' lang='lat' dir='ltr'><strong>ex</strong></span> <span class='ocrx_word' id='word_1_13' title='bbox 836 426 1054 498; x_wconf 86' lang='lat' dir='ltr'><strong>propria</strong></span> <span class='ocrx_word' id='word_1_14' title='bbox 1084 433 1263 479; x_wconf 90' lang='lat' dir='ltr'><strong>mente</strong></span> <span class='ocrx_word' id='word_1_15' title='bbox 1303 422 1552 477; x_wconf 92' lang='lat' dir='ltr'><strong>inducere</strong></span> <span class='ocrx_word' id='word_1_16' title='bbox 1573 463 1587 483; x_wconf 86' lang='lat'><strong>.</strong></span> <span class='ocrx_word' id='word_1_17' title='bbox 1638 435 1885 489; x_wconf 89' lang='lat' dir='ltr'><strong>magnum</strong></span> <span class='ocrx_word' id='word_1_18' title='bbox 1933 428 2059 489; x_wconf 91' lang='lat' dir='ltr'><strong>pulo</strong></span> 
     </span>
    </p>
   </div>
   <div class='ocr_carea' id='block_1_4' title="bbox 470 510 2057 594">
    <p class='ocr_par' dir='ltr' id='par_1_4' title="bbox 470 510 2057 594">
     <span class='ocr_line' id='line_1_4' title="bbox 470 510 2057 594; baseline -0.009 -16"><span class='ocrx_word' id='word_1_19' title='bbox 470 522 765 594; x_wconf 89' lang='lat' dir='ltr'><strong>periculum</strong></span> <span class='ocrx_word' id='word_1_20' title='bbox 807 531 994 573; x_wconf 87' lang='lat' dir='ltr'><strong>creare</strong></span> <span class='ocrx_word' id='word_1_21' title='bbox 1025 514 1149 569; x_wconf 88' lang='lat' dir='ltr'><strong>talia</strong></span> <span class='ocrx_word' id='word_1_22' title='bbox 1176 512 1515 568; x_wconf 91' lang='lat' dir='ltr'><strong>audentibus.</strong></span> <span class='ocrx_word' id='word_1_23' title='bbox 1548 512 1615 565; x_wconf 83' lang='lat' dir='ltr'><strong>Et</strong></span> <span class='ocrx_word' id='word_1_24' title='bbox 1643 513 1841 583; x_wconf 79' lang='lat' dir='ltr'><strong>posuit,</strong></span> <span class='ocrx_word' id='word_1_25' title='bbox 1871 510 2057 580; x_wconf 85' lang='lat' dir='ltr'><strong>inquit.</strong></span> 
     </span>
    </p>
   </div>
   <div class='ocr_carea' id='block_1_5' title="bbox 468 608 1354 681">
    <p class='ocr_par' dir='ltr' id='par_1_5' title="bbox 468 608 1354 681">
     <span class='ocr_line' id='line_1_5' title="bbox 468 608 1354 681; baseline -0.014 -9"><span class='ocrx_word' id='word_1_26' title='bbox 468 618 538 672; x_wconf 87' lang='lat' dir='ltr'><strong>ibi</strong></span> <span class='ocrx_word' id='word_1_27' title='bbox 586 615 857 677; x_wconf 77' lang='lat' dir='ltr'><strong>hominem,</strong></span> <span class='ocrx_word' id='word_1_28' title='bbox 906 625 1055 681; x_wconf 88' lang='lat' dir='ltr'><strong>quem</strong></span> <span class='ocrx_word' id='word_1_29' title='bbox 1097 608 1354 677; x_wconf 79' lang='lat' dir='ltr'><strong>formavit.</strong></span> 
     </span>
    </p>
   </div>
   <div class='ocr_carea' id='block_1_6' title="bbox 538 698 2056 775">
    <p class='ocr_par' dir='ltr' id='par_1_6' title="bbox 538 698 2056 775">
     <span class='ocr_line' id='line_1_6' title="bbox 538 698 2056 775; baseline -0.011 -10"><span class='ocrx_word' id='word_1_30' title='bbox 538 710 592 765; x_wconf 73' lang='grc'><strong>4.</strong></span> <span class='ocrx_word' id='word_1_31' title='bbox 618 706 783 774; x_wconf 83' lang='lat' dir='ltr'><strong>Vide,</strong></span> <span class='ocrx_word' id='word_1_32' title='bbox 806 714 1064 775; x_wconf 87' lang='lat' dir='ltr'><strong>quantum</strong></span> <span class='ocrx_word' id='word_1_33' title='bbox 1107 699 1367 755; x_wconf 87' lang='lat' dir='ltr'><strong>honorem</strong></span> <span class='ocrx_word' id='word_1_34' title='bbox 1404 699 1583 753; x_wconf 77' lang='lat' dir='ltr'><strong>statim</strong></span> <span class='ocrx_word' id='word_1_35' title='bbox 1624 698 1676 751; x_wconf 92' lang='lat' dir='ltr'><strong>in</strong></span> <span class='ocrx_word' id='word_1_36' title='bbox 1705 711 1829 752; x_wconf 88' lang='lat' dir='ltr'><strong>eum</strong></span> <span class='ocrx_word' id='word_1_37' title='bbox 1868 704 2056 751; x_wconf 83' lang='lat' dir='ltr'><strong>contu-</strong></span> 
     </span>
    </p>
   </div>
   <div class='ocr_carea' id='block_1_7' title="bbox 472 787 2063 863">
    <p class='ocr_par' dir='ltr' id='par_1_7' title="bbox 472 787 2063 863">
     <span class='ocr_line' id='line_1_7' title="bbox 472 787 2063 863; baseline -0.011 -5"><span class='ocrx_word' id='word_1_38' title='bbox 472 802 617 858; x_wconf 87' lang='lat' dir='ltr'><strong>lerit.</strong></span> <span class='ocrx_word' id='word_1_39' title='bbox 650 800 784 855; x_wconf 85' lang='lat' dir='ltr'><strong>Cum</strong></span> <span class='ocrx_word' id='word_1_40' title='bbox 817 812 940 853; x_wconf 90' lang='lat' dir='ltr'><strong>eum</strong></span> <span class='ocrx_word' id='word_1_41' title='bbox 972 803 1123 850; x_wconf 74' lang='lat' dir='ltr'><strong>extra</strong></span> <span class='ocrx_word' id='word_1_42' title='bbox 1158 792 1459 863; x_wconf 89' lang='lat' dir='ltr'><strong>paradisum</strong></span> <span class='ocrx_word' id='word_1_43' title='bbox 1490 798 1761 855; x_wconf 82' lang='lat' dir='ltr'><strong>creasset,</strong></span> <span class='ocrx_word' id='word_1_44' title='bbox 1794 788 1970 843; x_wconf 85' lang='lat' dir='ltr'><strong>statim</strong></span> <span class='ocrx_word' id='word_1_45' title='bbox 2003 787 2063 842; x_wconf 90' lang='lat' dir='ltr'><strong>il-</strong></span> 
     </span>
    </p>
   </div>
   <div class='ocr_carea' id='block_1_8' title="bbox 473 879 2067 950">
    <p class='ocr_par' dir='ltr' id='par_1_8' title="bbox 473 879 2067 950">
     <span class='ocr_line' id='line_1_8' title="bbox 473 879 2067 950; baseline -0.012 -1"><span class='ocrx_word' id='word_1_46' title='bbox 473 894 585 949; x_wconf 89' lang='lat' dir='ltr'><strong>lum</strong></span> <span class='ocrx_word' id='word_1_47' title='bbox 611 907 677 947; x_wconf 89' lang='lat' dir='ltr'><strong>eo</strong></span> <span class='ocrx_word' id='word_1_48' title='bbox 702 887 1019 947; x_wconf 78' lang='lat' dir='ltr'><strong>introduxit;</strong></span> <span class='ocrx_word' id='word_1_49' title='bbox 1054 892 1113 938; x_wconf 93' lang='lat' dir='ltr'><strong>ut</strong></span> <span class='ocrx_word' id='word_1_50' title='bbox 1142 898 1207 938; x_wconf 79' lang='lat' dir='ltr'><strong>ex</strong></span> <span class='ocrx_word' id='word_1_51' title='bbox 1234 882 1394 937; x_wconf 86' lang='lat' dir='ltr'><strong>rebus</strong></span> <span class='ocrx_word' id='word_1_52' title='bbox 1425 882 1554 950; x_wconf 89' lang='lat' dir='ltr'><strong>ipsis</strong></span> <span class='ocrx_word' id='word_1_53' title='bbox 1584 881 1636 934; x_wconf 89' lang='lat' dir='ltr'><strong>in</strong></span> <span class='ocrx_word' id='word_1_54' title='bbox 1669 879 1912 934; x_wconf 89' lang='lat' dir='ltr'><strong>beneﬁcii</strong></span> <span class='ocrx_word' id='word_1_55' title='bbox 1939 894 2067 934; x_wconf 84' lang='lat' dir='ltr'><strong>sen-</strong></span> 
     </span>
    </p>
   </div>
   <div class='ocr_carea' id='block_1_9' title="bbox 475 970 2071 1051">
    <p class='ocr_par' dir='ltr' id='par_1_9' title="bbox 475 970 2071 1051">
     <span class='ocr_line' id='line_1_9' title="bbox 475 970 2071 1051; baseline -0.009 -14"><span class='ocrx_word' id='word_1_56' title='bbox 475 998 593 1037; x_wconf 87' lang='lat' dir='ltr'><strong>sum</strong></span> <span class='ocrx_word' id='word_1_57' title='bbox 636 982 809 1051; x_wconf 87' lang='lat' dir='ltr'><strong>ipsum</strong></span> <span class='ocrx_word' id='word_1_58' title='bbox 854 976 1184 1042; x_wconf 90' lang='lat' dir='ltr'><strong>adduceret,</strong></span> <span class='ocrx_word' id='word_1_59' title='bbox 1225 982 1283 1028; x_wconf 90' lang='lat' dir='ltr'><strong>ut</strong></span> <span class='ocrx_word' id='word_1_60' title='bbox 1322 974 1484 1028; x_wconf 89' lang='lat' dir='ltr'><strong>sciret</strong></span> <span class='ocrx_word' id='word_1_61' title='bbox 1527 982 1756 1043; x_wconf 88' lang='lat' dir='ltr'><strong>quantus</strong></span> <span class='ocrx_word' id='word_1_62' title='bbox 1790 970 1861 1024; x_wconf 86' lang='lat' dir='ltr'><strong>illi</strong></span> <span class='ocrx_word' id='word_1_63' title='bbox 1899 970 2071 1023; x_wconf 90' lang='lat' dir='ltr'><strong>honor</strong></span> 
     </span>
    </p>
   </div>
   <div class='ocr_carea' id='block_1_10' title="bbox 481 1058 2072 1136">
    <p class='ocr_par' dir='ltr' id='par_1_10' title="bbox 481 1058 2072 1136">
     <span class='ocr_line' id='line_1_10' title="bbox 481 1058 2072 1136; baseline -0.01 -7"><span class='ocrx_word' id='word_1_64' title='bbox 481 1081 624 1129; x_wconf 82' lang='lat' dir='ltr'><strong>esset</strong></span> <span class='ocrx_word' id='word_1_65' title='bbox 660 1083 971 1135; x_wconf 83' lang='lat' dir='ltr'><strong>concessus,</strong></span> <span class='ocrx_word' id='word_1_66' title='bbox 1017 1068 1070 1121; x_wconf 95' lang='lat' dir='ltr'><strong>in</strong></span> <span class='ocrx_word' id='word_1_67' title='bbox 1105 1065 1409 1136; x_wconf 78' lang='lat' dir='ltr'><strong>paradisum</strong></span> <span class='ocrx_word' id='word_1_68' title='bbox 1455 1064 1600 1118; x_wconf 90' lang='lat' dir='ltr'><strong>illum</strong></span> <span class='ocrx_word' id='word_1_69' title='bbox 1634 1061 1958 1127; x_wconf 78' lang='lat' dir='ltr'><strong>introduxit,</strong></span> <span class='ocrx_word' id='word_1_70' title='bbox 2007 1058 2072 1113; x_wconf 87' lang='lat' dir='ltr'><strong>Et</strong></span> 
     </span>
    </p>
   </div>
   <div class='ocr_carea' id='block_1_11' title="bbox 480 1153 2069 1235">
    <p class='ocr_par' dir='ltr' id='par_1_11' title="bbox 480 1153 2069 1235">
     <span class='ocr_line' id='line_1_11' title="bbox 480 1153 2069 1235; baseline -0.009 -15"><span class='ocrx_word' id='word_1_71' title='bbox 480 1165 645 1235; x_wconf 72' lang='lat' dir='ltr'><strong>posuit</strong></span> <span class='ocrx_word' id='word_1_72' title='bbox 662 1164 770 1217; x_wconf 86' lang='lat' dir='ltr'><strong>illic</strong></span> <span class='ocrx_word' id='word_1_73' title='bbox 788 1162 1060 1225; x_wconf 80' lang='lat' dir='ltr'><strong>hominem,</strong></span> <span class='ocrx_word' id='word_1_74' title='bbox 1088 1175 1235 1229; x_wconf 82' lang='lat' dir='ltr'><strong>quem</strong></span> <span class='ocrx_word' id='word_1_75' title='bbox 1258 1158 1515 1229; x_wconf 80' lang='lat' dir='ltr'><strong>formavit.</strong></span> <span class='ocrx_word' id='word_1_76' title='bbox 1538 1155 1671 1211; x_wconf 85' lang='lat' dir='ltr'><strong>Illud</strong></span> <span class='ocrx_word' id='word_1_77' title='bbox 1695 1156 1845 1220; x_wconf 88' lang='lat' dir='ltr'><strong>item,</strong></span> <span class='ocrx_word' id='word_1_78' title='bbox 1868 1153 2069 1218; x_wconf 81' lang='lat' dir='ltr'><strong>Posuit,</strong></span> 
     </span>
    </p>
   </div>
   <div class='ocr_carea' id='block_1_12' title="bbox 483 1246 2076 1326">
    <p class='ocr_par' dir='ltr' id='par_1_12' title="bbox 483 1246 2076 1326">
     <span class='ocr_line' id='line_1_12' title="bbox 483 1246 2076 1326; baseline -0.009 -13"><span class='ocrx_word' id='word_1_79' title='bbox 483 1258 562 1315; x_wconf 79' lang='lat' dir='ltr'><strong>sic</strong></span> <span class='ocrx_word' id='word_1_80' title='bbox 598 1257 955 1326; x_wconf 86' lang='lat' dir='ltr'><strong>intelligamus</strong></span> <span class='ocrx_word' id='word_1_81' title='bbox 1006 1269 1071 1307; x_wconf 90' lang='lat' dir='ltr'><strong>ac</strong></span> <span class='ocrx_word' id='word_1_82' title='bbox 1104 1252 1148 1307; x_wconf 93' lang='lat' dir='ltr'><strong>si</strong></span> <span class='ocrx_word' id='word_1_83' title='bbox 1191 1251 1412 1318; x_wconf 92' lang='lat' dir='ltr'><strong>diceret,</strong></span> <span class='ocrx_word' id='word_1_84' title='bbox 1461 1248 1714 1319; x_wconf 54' lang='lat' dir='ltr'><strong>praecepit</strong></span> <span class='ocrx_word' id='word_1_85' title='bbox 1752 1256 1809 1302; x_wconf 92' lang='lat' dir='ltr'><strong>ut</strong></span> <span class='ocrx_word' id='word_1_86' title='bbox 1838 1247 1944 1301; x_wconf 92' lang='lat' dir='ltr'><strong>illic</strong></span> <span class='ocrx_word' id='word_1_87' title='bbox 1984 1246 2076 1299; x_wconf 87' lang='lat' dir='ltr'><strong>ha-</strong></span> 
     </span>
    </p>
   </div>
   <div class='ocr_carea' id='block_1_13' title="bbox 400 1338 2076 1415">
    <p class='ocr_par' dir='ltr' id='par_1_13' title="bbox 400 1338 2076 1415">
     <span class='ocr_line' id='line_1_13' title="bbox 400 1338 2076 1415; baseline -0.009 -10"><span class='ocrx_word' id='word_1_88' title='bbox 400 1411 403 1414; x_wconf 18' lang='lat'><strong>,</strong></span> <span class='ocrx_word' id='word_1_89' title='bbox 485 1350 699 1414; x_wconf 85' lang='lat' dir='ltr'><strong>bitaret,</strong></span> <span class='ocrx_word' id='word_1_90' title='bbox 732 1357 791 1402; x_wconf 90' lang='lat' dir='ltr'><strong>ut</strong></span> <span class='ocrx_word' id='word_1_91' title='bbox 815 1355 871 1401; x_wconf 91' lang='lat' dir='ltr'><strong>et</strong></span> <span class='ocrx_word' id='word_1_92' title='bbox 898 1354 1146 1415; x_wconf 86' lang='lat' dir='ltr'><strong>aspectus</strong></span> <span class='ocrx_word' id='word_1_93' title='bbox 1181 1352 1235 1398; x_wconf 89' lang='lat' dir='ltr'><strong>et</strong></span> <span class='ocrx_word' id='word_1_94' title='bbox 1261 1342 1517 1396; x_wconf 82' lang='lat' dir='ltr'><strong>habitatio</strong></span> <span class='ocrx_word' id='word_1_95' title='bbox 1562 1355 1810 1410; x_wconf 88' lang='lat' dir='ltr'><strong>magnum</strong></span> <span class='ocrx_word' id='word_1_96' title='bbox 1854 1338 1951 1408; x_wconf 81' lang='lat' dir='ltr'><strong>ipsi</strong></span> <span class='ocrx_word' id='word_1_97' title='bbox 1983 1353 2076 1407; x_wconf 89' lang='lat' dir='ltr'><strong>pa-</strong></span> 
     </span>
    </p>
   </div>
   <div class='ocr_carea' id='block_1_14' title="bbox 488 1428 2078 1505">
    <p class='ocr_par' dir='ltr' id='par_1_14' title="bbox 488 1428 2078 1505">
     <span class='ocr_line' id='line_1_14' title="bbox 488 1428 2078 1505; baseline -0.009 -10"><span class='ocrx_word' id='word_1_98' title='bbox 488 1448 633 1496; x_wconf 88' lang='lat' dir='ltr'><strong>rcret</strong></span> <span class='ocrx_word' id='word_1_99' title='bbox 676 1439 1039 1505; x_wconf 75' lang='lat' dir='ltr'><strong>voluptatem,</strong></span> <span class='ocrx_word' id='word_1_100' title='bbox 1072 1446 1122 1489; x_wconf 92' lang='lat' dir='ltr'><strong>et</strong></span> <span class='ocrx_word' id='word_1_101' title='bbox 1155 1449 1276 1488; x_wconf 91' lang='lat' dir='ltr'><strong>enm</strong></span> <span class='ocrx_word' id='word_1_102' title='bbox 1303 1432 1369 1486; x_wconf 91' lang='lat' dir='ltr'><strong>ad</strong></span> <span class='ocrx_word' id='word_1_103' title='bbox 1408 1431 1603 1502; x_wconf 86' lang='lat' dir='ltr'><strong>gratias</strong></span> <span class='ocrx_word' id='word_1_104' title='bbox 1639 1428 1945 1485; x_wconf 89' lang='lat' dir='ltr'><strong>referendas</strong></span> <span class='ocrx_word' id='word_1_105' title='bbox 1982 1443 2078 1482; x_wconf 81' lang='lat' dir='ltr'><strong>ex-</strong></span> 
     </span>
    </p>
   </div>
   <div class='ocr_carea' id='block_1_15' title="bbox 488 1521 2072 1598">
    <p class='ocr_par' dir='ltr' id='par_1_15' title="bbox 488 1521 2072 1598">
     <span class='ocr_line' id='line_1_15' title="bbox 488 1521 2072 1598; baseline -0.009 -13"><span class='ocrx_word' id='word_1_106' title='bbox 488 1533 676 1585; x_wconf 83' lang='lat' dir='ltr'><strong>citaret</strong></span> <span class='ocrx_word' id='word_1_107' title='bbox 704 1528 1023 1598; x_wconf 81' lang='lat' dir='ltr'><strong>cogitantem</strong></span> <span class='ocrx_word' id='word_1_108' title='bbox 1055 1534 1309 1595; x_wconf 90' lang='lat' dir='ltr'><strong>quantum</strong></span> <span class='ocrx_word' id='word_1_109' title='bbox 1337 1522 1581 1577; x_wconf 73' lang='lat' dir='ltr'><strong>beneficii</strong></span> <span class='ocrx_word' id='word_1_110' title='bbox 1613 1521 1925 1589; x_wconf 91' lang='lat' dir='ltr'><strong>accepisset,</strong></span> <span class='ocrx_word' id='word_1_111' title='bbox 1952 1532 2072 1573; x_wconf 88' lang='lat' dir='ltr'><strong>cum</strong></span> 
     </span>
    </p>
   </div>
   <div class='ocr_carea' id='block_1_16' title="bbox 490 1610 2071 1690">
    <p class='ocr_par' dir='ltr' id='par_1_16' title="bbox 490 1610 2071 1690">
     <span class='ocr_line' id='line_1_16' title="bbox 490 1610 2071 1690; baseline -0.007 -16"><span class='ocrx_word' id='word_1_112' title='bbox 490 1620 723 1674; x_wconf 90' lang='lat' dir='ltr'><strong>nondum</strong></span> <span class='ocrx_word' id='word_1_113' title='bbox 756 1618 1024 1690; x_wconf 83' lang='lat' dir='ltr'><strong>quidpiam</strong></span> <span class='ocrx_word' id='word_1_114' title='bbox 1069 1615 1401 1685; x_wconf 71' lang='lat' dir='ltr'><strong>prmstitisset</strong></span> <span class='ocrx_word' id='word_1_115' title='bbox 1434 1613 1577 1667; x_wconf 89' lang='lat' dir='ltr'><strong>boni.</strong></span> <span class='ocrx_word' id='word_1_116' title='bbox 1610 1612 1686 1667; x_wconf 88' lang='lat' dir='ltr'><strong>Ne</strong></span> <span class='ocrx_word' id='word_1_117' title='bbox 1729 1613 1887 1683; x_wconf 81' lang='lat' dir='ltr'><strong>igitur</strong></span> <span class='ocrx_word' id='word_1_118' title='bbox 1924 1619 1977 1665; x_wconf 82' lang='lat' dir='ltr'><strong>te</strong></span> <span class='ocrx_word' id='word_1_119' title='bbox 2019 1610 2071 1664; x_wconf 92' lang='lat' dir='ltr'><strong>in</strong></span> 
     </span>
    </p>
   </div>
   <div class='ocr_carea' id='block_1_17' title="bbox 491 1701 2086 1781">
    <p class='ocr_par' dir='ltr' id='par_1_17' title="bbox 491 1701 2086 1781">
     <span class='ocr_line' id='line_1_17' title="bbox 491 1701 2086 1781; baseline -0.008 -15"><span class='ocrx_word' id='word_1_120' title='bbox 491 1722 763 1781; x_wconf 86' lang='lat' dir='ltr'><strong>stuporem</strong></span> <span class='ocrx_word' id='word_1_121' title='bbox 812 1708 1013 1777; x_wconf 87' lang='lat' dir='ltr'><strong>injiciat</strong></span> <span class='ocrx_word' id='word_1_122' title='bbox 1052 1721 1153 1761; x_wconf 76' lang='lat' dir='ltr'><strong>vox</strong></span> <span class='ocrx_word' id='word_1_123' title='bbox 1203 1704 1321 1771; x_wconf 88' lang='lat' dir='ltr'><strong>illa,</strong></span> <span class='ocrx_word' id='word_1_124' title='bbox 1375 1702 1609 1758; x_wconf 80' lang='lat' dir='ltr'><strong>Posuit:</strong></span> <span class='ocrx_word' id='word_1_125' title='bbox 1658 1717 1774 1757; x_wconf 90' lang='lat' dir='ltr'><strong>mos</strong></span> <span class='ocrx_word' id='word_1_126' title='bbox 1818 1701 1960 1757; x_wconf 89' lang='lat' dir='ltr'><strong>enim</strong></span> <span class='ocrx_word' id='word_1_127' title='bbox 2004 1707 2086 1755; x_wconf 89' lang='lat' dir='ltr'><strong>est</strong></span> 
     </span>
    </p>
   </div>
   <div class='ocr_carea' id='block_1_18' title="bbox 492 1799 2083 1877">
    <p class='ocr_par' dir='ltr' id='par_1_18' title="bbox 492 1799 2083 1877">
     <span class='ocr_line' id='line_1_18' title="bbox 492 1799 2083 1877; baseline -0.007 -16"><span class='ocrx_word' id='word_1_128' title='bbox 492 1806 779 1877; x_wconf 70' lang='lat' dir='ltr'><strong>Scripturte</strong></span> <span class='ocrx_word' id='word_1_129' title='bbox 804 1820 972 1860; x_wconf 77' lang='lat' dir='ltr'><strong>sacra:</strong></span> <span class='ocrx_word' id='word_1_130' title='bbox 996 1812 1214 1873; x_wconf 88' lang='lat' dir='ltr'><strong>propter</strong></span> <span class='ocrx_word' id='word_1_131' title='bbox 1243 1816 1341 1856; x_wconf 88' lang='lat' dir='ltr'><strong>nos</strong></span> <span class='ocrx_word' id='word_1_132' title='bbox 1370 1808 1424 1856; x_wconf 92' lang='lat' dir='ltr'><strong>et</strong></span> <span class='ocrx_word' id='word_1_133' title='bbox 1442 1799 1507 1853; x_wconf 91' lang='lat' dir='ltr'><strong>ad</strong></span> <span class='ocrx_word' id='word_1_134' title='bbox 1537 1799 1819 1853; x_wconf 88' lang='lat' dir='ltr'><strong>utilitatem</strong></span> <span class='ocrx_word' id='word_1_135' title='bbox 1843 1806 2083 1852; x_wconf 86' lang='lat' dir='ltr'><strong>nostram</strong></span> 
     </span>
    </p>
   </div>
   <div class='ocr_carea' id='block_1_19' title="bbox 498 1890 2087 1964">
    <p class='ocr_par' dir='ltr' id='par_1_19' title="bbox 498 1890 2087 1964">
     <span class='ocr_line' id='line_1_19' title="bbox 498 1890 2087 1964; baseline -0.007 -10"><span class='ocrx_word' id='word_1_136' title='bbox 498 1900 745 1955; x_wconf 91' lang='lat' dir='ltr'><strong>humanis</strong></span> <span class='ocrx_word' id='word_1_137' title='bbox 771 1899 845 1952; x_wconf 90' lang='lat' dir='ltr'><strong>uti</strong></span> <span class='ocrx_word' id='word_1_138' title='bbox 875 1898 1079 1952; x_wconf 81' lang='lat' dir='ltr'><strong>verbis.</strong></span> <span class='ocrx_word' id='word_1_139' title='bbox 1109 1894 1262 1964; x_wconf 83' lang='lat' dir='ltr'><strong>Quod</strong></span> <span class='ocrx_word' id='word_1_140' title='bbox 1293 1904 1351 1949; x_wconf 91' lang='lat' dir='ltr'><strong>ut</strong></span> <span class='ocrx_word' id='word_1_141' title='bbox 1375 1893 1586 1949; x_wconf 88' lang='lat' dir='ltr'><strong>ediscas</strong></span> <span class='ocrx_word' id='word_1_142' title='bbox 1606 1934 1621 1958; x_wconf 93' lang='lat'><strong>,</strong></span> <span class='ocrx_word' id='word_1_143' title='bbox 1654 1890 1926 1962; x_wconf 86' lang='lat' dir='ltr'><strong>perpende</strong></span> <span class='ocrx_word' id='word_1_144' title='bbox 1954 1904 2087 1960; x_wconf 88' lang='lat' dir='ltr'><strong>quo-</strong></span> 
     </span>
    </p>
   </div>
   <div class='ocr_carea' id='block_1_20' title="bbox 500 1985 2086 2059">
    <p class='ocr_par' dir='ltr' id='par_1_20' title="bbox 500 1985 2086 2059">
     <span class='ocr_line' id='line_1_20' title="bbox 500 1985 2086 2059; baseline -0.008 -14"><span class='ocrx_word' id='word_1_145' title='bbox 500 1990 660 2045; x_wconf 80' lang='lat' dir='ltr'><strong>modo</strong></span> <span class='ocrx_word' id='word_1_146' title='bbox 701 1989 879 2059; x_wconf 84' lang='lat' dir='ltr'><strong>prius,</strong></span> <span class='ocrx_word' id='word_1_147' title='bbox 910 2003 1032 2043; x_wconf 88' lang='lat' dir='ltr'><strong>cum</strong></span> <span class='ocrx_word' id='word_1_148' title='bbox 1064 1986 1133 2042; x_wconf 90' lang='lat' dir='ltr'><strong>de</strong></span> <span class='ocrx_word' id='word_1_149' title='bbox 1172 1985 1446 2040; x_wconf 89' lang='lat' dir='ltr'><strong>stellarum</strong></span> <span class='ocrx_word' id='word_1_150' title='bbox 1491 1986 1764 2038; x_wconf 84' lang='lat' dir='ltr'><strong>creatione</strong></span> <span class='ocrx_word' id='word_1_151' title='bbox 1805 1990 2086 2051; x_wconf 81' lang='lat' dir='ltr'><strong>ageretur,</strong></span> 
     </span>
    </p>
   </div>
   <div class='ocr_carea' id='block_1_21' title="bbox 504 2071 2090 2143">
    <p class='ocr_par' dir='ltr' id='par_1_21' title="bbox 504 2071 2090 2143">
     <span class='ocr_line' id='line_1_21' title="bbox 504 2071 2090 2143; baseline -0.008 -9"><span class='ocrx_word' id='word_1_152' title='bbox 504 2079 689 2134; x_wconf 87' lang='lat' dir='ltr'><strong>eadem</strong></span> <span class='ocrx_word' id='word_1_153' title='bbox 730 2093 822 2131; x_wconf 89' lang='lat' dir='ltr'><strong>usa</strong></span> <span class='ocrx_word' id='word_1_154' title='bbox 854 2079 922 2132; x_wconf 85' lang='lat' dir='ltr'><strong>sit</strong></span> <span class='ocrx_word' id='word_1_155' title='bbox 961 2091 1093 2134; x_wconf 85' lang='lat' dir='ltr'><strong>voce</strong></span> <span class='ocrx_word' id='word_1_156' title='bbox 1123 2075 1345 2130; x_wconf 87' lang='lat' dir='ltr'><strong>dicens:</strong></span> <span class='ocrx_word' id='word_1_157' title='bbox 1379 2074 1442 2128; x_wconf 85' lang='lat' dir='ltr'><strong>Et</strong></span> <span class='ocrx_word' id='word_1_158' title='bbox 1472 2073 1638 2143; x_wconf 80' lang='lat' dir='ltr'><strong>posuit</strong></span> <span class='ocrx_word' id='word_1_159' title='bbox 1671 2072 1789 2126; x_wconf 80' lang='lat' dir='ltr'><strong>illas</strong></span> <span class='ocrx_word' id='word_1_160' title='bbox 1830 2071 1883 2125; x_wconf 86' lang='lat' dir='ltr'><strong>in</strong></span> <span class='ocrx_word' id='word_1_161' title='bbox 1912 2071 2090 2139; x_wconf 82' lang='lat' dir='ltr'><strong>ﬁrma-</strong></span> 
     </span>
    </p>
   </div>
   <div class='ocr_carea' id='block_1_22' title="bbox 510 2159 2090 2234">
    <p class='ocr_par' dir='ltr' id='par_1_22' title="bbox 510 2159 2090 2234">
     <span class='ocr_line' id='line_1_22' title="bbox 510 2159 2090 2234; baseline -0.005 -12"><span class='ocrx_word' id='word_1_162' title='bbox 510 2178 676 2223; x_wconf 82' lang='lat' dir='ltr'><strong>mento</strong></span> <span class='ocrx_word' id='word_1_163' title='bbox 719 2168 849 2231; x_wconf 73' lang='lat' dir='ltr'><strong>arti,</strong></span> <span class='ocrx_word' id='word_1_164' title='bbox 884 2182 990 2221; x_wconf 88' lang='lat' dir='ltr'><strong>non</strong></span> <span class='ocrx_word' id='word_1_165' title='bbox 1026 2176 1084 2220; x_wconf 91' lang='lat' dir='ltr'><strong>ut</strong></span> <span class='ocrx_word' id='word_1_166' title='bbox 1109 2181 1201 2221; x_wconf 87' lang='lat' dir='ltr'><strong>cas</strong></span> <span class='ocrx_word' id='word_1_167' title='bbox 1241 2164 1377 2221; x_wconf 65' lang='lat' dir='ltr'><strong>carlo</strong></span> <span class='ocrx_word' id='word_1_168' title='bbox 1420 2166 1609 2219; x_wconf 80' lang='lat' dir='ltr'><strong>inﬁxas</strong></span> <span class='ocrx_word' id='word_1_169' title='bbox 1653 2173 1899 2233; x_wconf 92' lang='lat' dir='ltr'><strong>putemus</strong></span> <span class='ocrx_word' id='word_1_170' title='bbox 1946 2159 2090 2234; x_wconf 90' lang='lat' dir='ltr'><strong>(nam</strong></span> 
     </span>
    </p>
   </div>
   <div class='ocr_carea' id='block_1_23' title="bbox 512 2256 2092 2331">
    <p class='ocr_par' dir='ltr' id='par_1_23' title="bbox 512 2256 2092 2331">
     <span class='ocr_line' id='line_1_23' title="bbox 512 2256 2092 2331; baseline -0.005 -15"><span class='ocrx_word' id='word_1_171' title='bbox 512 2276 697 2317; x_wconf 90' lang='lat' dir='ltr'><strong>earum</strong></span> <span class='ocrx_word' id='word_1_172' title='bbox 737 2259 960 2331; x_wconf 78' lang='lat' dir='ltr'><strong>singula:</strong></span> <span class='ocrx_word' id='word_1_173' title='bbox 1000 2260 1272 2330; x_wconf 88' lang='lat' dir='ltr'><strong>proprium</strong></span> <span class='ocrx_word' id='word_1_174' title='bbox 1320 2272 1536 2313; x_wconf 90' lang='lat' dir='ltr'><strong>cursum</strong></span> <span class='ocrx_word' id='word_1_175' title='bbox 1578 2256 1887 2320; x_wconf 91' lang='lat' dir='ltr'><strong>conﬁciunt,</strong></span> <span class='ocrx_word' id='word_1_176' title='bbox 1919 2256 2092 2311; x_wconf 88' lang='lat' dir='ltr'><strong>locum</strong></span> 
     </span>
    </p>
   </div>
   <div class='ocr_carea' id='block_1_24' title="bbox 514 2348 2097 2418">
    <p class='ocr_par' dir='ltr' id='par_1_24' title="bbox 514 2348 2097 2418">
     <span class='ocr_line' id='line_1_24' title="bbox 514 2348 2097 2418; baseline -0.004 -11"><span class='ocrx_word' id='word_1_177' title='bbox 514 2367 578 2407; x_wconf 79' lang='lat' dir='ltr'><strong>ex</strong></span> <span class='ocrx_word' id='word_1_178' title='bbox 612 2352 730 2406; x_wconf 91' lang='lat' dir='ltr'><strong>loco</strong></span> <span class='ocrx_word' id='word_1_179' title='bbox 758 2351 1069 2418; x_wconf 91' lang='lat' dir='ltr'><strong>mutantes),</strong></span> <span class='ocrx_word' id='word_1_180' title='bbox 1098 2350 1190 2404; x_wconf 86' lang='lat' dir='ltr'><strong>sed</strong></span> <span class='ocrx_word' id='word_1_181' title='bbox 1234 2359 1289 2404; x_wconf 92' lang='lat' dir='ltr'><strong>ut</strong></span> <span class='ocrx_word' id='word_1_182' title='bbox 1317 2349 1529 2415; x_wconf 89' lang='lat' dir='ltr'><strong>doceat,</strong></span> <span class='ocrx_word' id='word_1_183' title='bbox 1570 2364 1630 2404; x_wconf 91' lang='lat' dir='ltr'><strong>se</strong></span> <span class='ocrx_word' id='word_1_184' title='bbox 1660 2348 1765 2403; x_wconf 87' lang='lat' dir='ltr'><strong>illis</strong></span> <span class='ocrx_word' id='word_1_185' title='bbox 1801 2348 1934 2403; x_wconf 92' lang='lat' dir='ltr'><strong>utin</strong></span> <span class='ocrx_word' id='word_1_186' title='bbox 1964 2348 2097 2402; x_wconf 65' lang='lat' dir='ltr'><strong>caelo</strong></span> 
     </span>
    </p>
   </div>
   <div class='ocr_carea' id='block_1_25' title="bbox 511 2438 2099 2513">
    <p class='ocr_par' dir='ltr' id='par_1_25' title="bbox 511 2438 2099 2513">
     <span class='ocr_line' id='line_1_25' title="bbox 511 2438 2099 2513; baseline -0.003 -17"><span class='ocrx_word' id='word_1_187' title='bbox 511 2452 691 2498; x_wconf 76' lang='lat' dir='ltr'><strong>essent</strong></span> <span class='ocrx_word' id='word_1_188' title='bbox 732 2442 1087 2513; x_wconf 64' lang='lat' dir='ltr'><strong>praecepisse,</strong></span> <span class='ocrx_word' id='word_1_189' title='bbox 1137 2450 1194 2496; x_wconf 93' lang='lat' dir='ltr'><strong>ut</strong></span> <span class='ocrx_word' id='word_1_190' title='bbox 1239 2441 1510 2495; x_wconf 88' lang='lat' dir='ltr'><strong>hominem</strong></span> <span class='ocrx_word' id='word_1_191' title='bbox 1553 2441 1716 2510; x_wconf 80' lang='lat' dir='ltr'><strong>jussit</strong></span> <span class='ocrx_word' id='word_1_192' title='bbox 1755 2439 1809 2494; x_wconf 93' lang='lat' dir='ltr'><strong>in</strong></span> <span class='ocrx_word' id='word_1_193' title='bbox 1853 2438 2099 2508; x_wconf 86' lang='lat' dir='ltr'><strong>paradiso</strong></span> 
     </span>
    </p>
   </div>
   <div class='ocr_carea' id='block_1_26' title="bbox 510 2531 2101 2607">
    <p class='ocr_par' dir='ltr' id='par_1_26' title="bbox 510 2531 2101 2607">
     <span class='ocr_line' id='line_1_26' title="bbox 510 2531 2101 2607; baseline -0.003 -19"><span class='ocrx_word' id='word_1_194' title='bbox 510 2535 725 2607; x_wconf 81' lang='lat' dir='ltr'><strong>degere.</strong></span> <span class='ocrx_word' id='word_1_195' title='bbox 758 2536 811 2591; x_wconf 86' lang='lat'><strong>9.</strong></span> <span class='ocrx_word' id='word_1_196' title='bbox 840 2533 906 2590; x_wconf 83' lang='lat' dir='ltr'><strong>Et</strong></span> <span class='ocrx_word' id='word_1_197' title='bbox 952 2536 1224 2606; x_wconf 73' lang='lat' dir='ltr'><strong>produxit,</strong></span> <span class='ocrx_word' id='word_1_198' title='bbox 1256 2535 1446 2605; x_wconf 87' lang='lat' dir='ltr'><strong>inquit,</strong></span> <span class='ocrx_word' id='word_1_199' title='bbox 1488 2531 1631 2587; x_wconf 82' lang='lat' dir='ltr'><strong>Deus</strong></span> <span class='ocrx_word' id='word_1_200' title='bbox 1673 2531 1737 2585; x_wconf 89' lang='lat' dir='ltr'><strong>de</strong></span> <span class='ocrx_word' id='word_1_201' title='bbox 1776 2540 1911 2585; x_wconf 85' lang='lat' dir='ltr'><strong>terra</strong></span> <span class='ocrx_word' id='word_1_202' title='bbox 1952 2546 2101 2584; x_wconf 86' lang='lat' dir='ltr'><strong>autne</strong></span> 
     </span>
    </p>
   </div>
   <div class='ocr_carea' id='block_1_27' title="bbox 514 2622 2094 2698">
    <p class='ocr_par' dir='ltr' id='par_1_27' title="bbox 514 2622 2094 2698">
     <span class='ocr_line' id='line_1_27' title="bbox 514 2622 2094 2698; baseline -0.004 -17"><span class='ocrx_word' id='word_1_203' title='bbox 514 2628 706 2696; x_wconf 71' lang='lat' dir='ltr'><strong>lignum</strong></span> <span class='ocrx_word' id='word_1_204' title='bbox 733 2627 1001 2698; x_wconf 82' lang='lat' dir='ltr'><strong>pulchrum</strong></span> <span class='ocrx_word' id='word_1_205' title='bbox 1025 2626 1092 2680; x_wconf 78' lang='lat' dir='ltr'><strong>ad</strong></span> <span class='ocrx_word' id='word_1_206' title='bbox 1122 2625 1415 2690; x_wconf 81' lang='lat' dir='ltr'><strong>videndum,</strong></span> <span class='ocrx_word' id='word_1_207' title='bbox 1445 2635 1490 2679; x_wconf 88' lang='lat' dir='ltr'><strong>et</strong></span> <span class='ocrx_word' id='word_1_208' title='bbox 1512 2624 1699 2678; x_wconf 86' lang='lat' dir='ltr'><strong>bonum</strong></span> <span class='ocrx_word' id='word_1_209' title='bbox 1723 2623 1791 2676; x_wconf 84' lang='lat' dir='ltr'><strong>ad</strong></span> <span class='ocrx_word' id='word_1_210' title='bbox 1814 2622 2064 2678; x_wconf 82' lang='lat' dir='ltr'><strong>edendum</strong></span> <span class='ocrx_word' id='word_1_211' title='bbox 2080 2662 2094 2687; x_wconf 95' lang='lat'><strong>,</strong></span> 
     </span>
    </p>
   </div>
   <div class='ocr_carea' id='block_1_28' title="bbox 521 2716 2103 2792">
    <p class='ocr_par' dir='ltr' id='par_1_28' title="bbox 521 2716 2103 2792">
     <span class='ocr_line' id='line_1_28' title="bbox 521 2716 2103 2792; baseline -0.004 -18"><span class='ocrx_word' id='word_1_212' title='bbox 521 2731 567 2774; x_wconf 81' lang='lat' dir='ltr'><strong>et</strong></span> <span class='ocrx_word' id='word_1_213' title='bbox 596 2719 792 2792; x_wconf 82' lang='lat' dir='ltr'><strong>lignum</strong></span> <span class='ocrx_word' id='word_1_214' title='bbox 817 2721 929 2774; x_wconf 74' lang='lat' dir='ltr'><strong>vita:</strong></span> <span class='ocrx_word' id='word_1_215' title='bbox 952 2719 1004 2773; x_wconf 88' lang='lat' dir='ltr'><strong>in</strong></span> <span class='ocrx_word' id='word_1_216' title='bbox 1030 2720 1194 2774; x_wconf 87' lang='lat' dir='ltr'><strong>medio</strong></span> <span class='ocrx_word' id='word_1_217' title='bbox 1216 2719 1442 2791; x_wconf 74' lang='lat' dir='ltr'><strong>paradisi</strong></span> <span class='ocrx_word' id='word_1_218' title='bbox 1470 2727 1516 2773; x_wconf 86' lang='lat' dir='ltr'><strong>et</strong></span> <span class='ocrx_word' id='word_1_219' title='bbox 1543 2718 1738 2789; x_wconf 83' lang='lat' dir='ltr'><strong>tignum</strong></span> <span class='ocrx_word' id='word_1_220' title='bbox 1757 2716 1827 2771; x_wconf 84' lang='lat' dir='ltr'><strong>ad</strong></span> <span class='ocrx_word' id='word_1_221' title='bbox 1844 2716 2103 2771; x_wconf 78' lang='lat' dir='ltr'><strong>sciendum</strong></span> 
     </span>
    </p>
   </div>
   <div class='ocr_carea' id='block_1_29' title="bbox 522 2797 2107 2879">
    <p class='ocr_par' dir='ltr' id='par_1_29' title="bbox 522 2797 2107 2879">
     <span class='ocr_line' id='line_1_29' title="bbox 522 2797 2107 2879; baseline -0.003 -14"><span class='ocrx_word' id='word_1_222' title='bbox 522 2813 710 2865; x_wconf 77' lang='lat' dir='ltr'><strong>bonum</strong></span> <span class='ocrx_word' id='word_1_223' title='bbox 736 2820 783 2864; x_wconf 88' lang='lat' dir='ltr'><strong>et</strong></span> <span class='ocrx_word' id='word_1_224' title='bbox 813 2811 1024 2865; x_wconf 87' lang='lat' dir='ltr'><strong>malum.</strong></span> <span class='ocrx_word' id='word_1_225' title='bbox 1053 2797 1191 2866; x_wconf 82' lang='lat' dir='ltr'><strong>Ecce</strong></span> <span class='ocrx_word' id='word_1_226' title='bbox 1211 2811 1370 2865; x_wconf 86' lang='lat' dir='ltr'><strong>aliam</strong></span> <span class='ocrx_word' id='word_1_227' title='bbox 1392 2808 1634 2865; x_wconf 89' lang='lat' dir='ltr'><strong>beneﬁcii</strong></span> <span class='ocrx_word' id='word_1_228' title='bbox 1661 2808 1895 2879; x_wconf 85' lang='lat' dir='ltr'><strong>speciem</strong></span> <span class='ocrx_word' id='word_1_229' title='bbox 1923 2807 1977 2861; x_wconf 89' lang='lat' dir='ltr'><strong>in</strong></span> <span class='ocrx_word' id='word_1_230' title='bbox 2008 2806 2107 2860; x_wconf 82' lang='lat' dir='ltr'><strong>ho-</strong></span> 
     </span>
    </p>
   </div>
   <div class='ocr_carea' id='block_1_30' title="bbox 523 2898 2107 2972">
    <p class='ocr_par' dir='ltr' id='par_1_30' title="bbox 523 2898 2107 2972">
     <span class='ocr_line' id='line_1_30' title="bbox 523 2898 2107 2972; baseline -0.001 -14"><span class='ocrx_word' id='word_1_231' title='bbox 523 2919 710 2959; x_wconf 89' lang='lat' dir='ltr'><strong>norem</strong></span> <span class='ocrx_word' id='word_1_232' title='bbox 740 2904 905 2960; x_wconf 87' lang='lat' dir='ltr'><strong>creati</strong></span> <span class='ocrx_word' id='word_1_233' title='bbox 949 2903 1198 2960; x_wconf 86' lang='lat' dir='ltr'><strong>hominis.</strong></span> <span class='ocrx_word' id='word_1_234' title='bbox 1239 2903 1373 2972; x_wconf 85' lang='lat' dir='ltr'><strong>Quia</strong></span> <span class='ocrx_word' id='word_1_235' title='bbox 1402 2902 1544 2959; x_wconf 87' lang='lat' dir='ltr'><strong>enim</strong></span> <span class='ocrx_word' id='word_1_236' title='bbox 1585 2902 1735 2957; x_wconf 90' lang='lat' dir='ltr'><strong>illum</strong></span> <span class='ocrx_word' id='word_1_237' title='bbox 1775 2903 1830 2957; x_wconf 89' lang='lat' dir='ltr'><strong>in</strong></span> <span class='ocrx_word' id='word_1_238' title='bbox 1858 2898 2107 2972; x_wconf 81' lang='lat' dir='ltr'><strong>paradiso</strong></span> 
     </span>
    </p>
   </div>
   <div class='ocr_carea' id='block_1_31' title="bbox 524 2993 2108 3069">
    <p class='ocr_par' dir='ltr' id='par_1_31' title="bbox 524 2993 2108 3069">
     <span class='ocr_line' id='line_1_31' title="bbox 524 2993 2108 3069; baseline -0.001 -20"><span class='ocrx_word' id='word_1_239' title='bbox 524 2998 730 3053; x_wconf 86' lang='lat' dir='ltr'><strong>versari</strong></span> <span class='ocrx_word' id='word_1_240' title='bbox 755 2997 1001 3064; x_wconf 89' lang='lat' dir='ltr'><strong>volebat,</strong></span> <span class='ocrx_word' id='word_1_241' title='bbox 1030 2998 1289 3069; x_wconf 67' lang='lat' dir='ltr'><strong>praacepit</strong></span> <span class='ocrx_word' id='word_1_242' title='bbox 1322 3012 1389 3052; x_wconf 83' lang='lat' dir='ltr'><strong>ex</strong></span> <span class='ocrx_word' id='word_1_243' title='bbox 1426 3005 1567 3052; x_wconf 86' lang='lat' dir='ltr'><strong>terra</strong></span> <span class='ocrx_word' id='word_1_244' title='bbox 1605 2997 1828 3051; x_wconf 91' lang='lat' dir='ltr'><strong>arbores</strong></span> <span class='ocrx_word' id='word_1_245' title='bbox 1869 2993 2108 3049; x_wconf 85' lang='lat' dir='ltr'><strong>diversas</strong></span> 
     </span>
    </p>
   </div>
   <div class='ocr_carea' id='block_1_32' title="bbox 520 3083 2109 3160">
    <p class='ocr_par' dir='ltr' id='par_1_32' title="bbox 520 3083 2109 3160">
     <span class='ocr_line' id='line_1_32' title="bbox 520 3083 2109 3160; baseline -0.005 -15"><span class='ocrx_word' id='word_1_246' title='bbox 520 3091 672 3157; x_wconf 91' lang='lat' dir='ltr'><strong>oriri,</strong></span> <span class='ocrx_word' id='word_1_247' title='bbox 702 3106 821 3160; x_wconf 72' lang='lat' dir='ltr'><strong>qua:</strong></span> <span class='ocrx_word' id='word_1_248' title='bbox 865 3090 1023 3145; x_wconf 89' lang='lat' dir='ltr'><strong>simul</strong></span> <span class='ocrx_word' id='word_1_249' title='bbox 1063 3099 1118 3145; x_wconf 90' lang='lat' dir='ltr'><strong>et</strong></span> <span class='ocrx_word' id='word_1_250' title='bbox 1160 3098 1380 3160; x_wconf 86' lang='lat' dir='ltr'><strong>aspectu</strong></span> <span class='ocrx_word' id='word_1_251' title='bbox 1415 3086 1665 3154; x_wconf 71' lang='lat' dir='ltr'><strong>jucunda:</strong></span> <span class='ocrx_word' id='word_1_252' title='bbox 1710 3094 1925 3151; x_wconf 87' lang='lat' dir='ltr'><strong>essent,</strong></span> <span class='ocrx_word' id='word_1_253' title='bbox 1954 3095 2008 3139; x_wconf 92' lang='lat' dir='ltr'><strong>et</strong></span> <span class='ocrx_word' id='word_1_254' title='bbox 2040 3083 2109 3138; x_wconf 90' lang='lat' dir='ltr'><strong>ad</strong></span> 
     </span>
    </p>
   </div>
   <div class='ocr_carea' id='block_1_33' title="bbox 523 3181 2108 3255">
    <p class='ocr_par' dir='ltr' id='par_1_33' title="bbox 523 3181 2108 3255">
     <span class='ocr_line' id='line_1_33' title="bbox 523 3181 2108 3255; baseline -0.003 -20"><span class='ocrx_word' id='word_1_255' title='bbox 523 3185 699 3237; x_wconf 81' lang='lat' dir='ltr'><strong>cibum</strong></span> <span class='ocrx_word' id='word_1_256' title='bbox 728 3193 885 3252; x_wconf 74' lang='lat' dir='ltr'><strong>aptm.</strong></span> <span class='ocrx_word' id='word_1_257' title='bbox 922 3182 1084 3238; x_wconf 84' lang='lat' dir='ltr'><strong>Omne</strong></span> <span class='ocrx_word' id='word_1_258' title='bbox 1118 3184 1332 3255; x_wconf 84' lang='lat' dir='ltr'><strong>lignum,</strong></span> <span class='ocrx_word' id='word_1_259' title='bbox 1366 3183 1554 3253; x_wconf 89' lang='lat' dir='ltr'><strong>inquit,</strong></span> <span class='ocrx_word' id='word_1_260' title='bbox 1587 3181 1854 3252; x_wconf 83' lang='lat' dir='ltr'><strong>pulchrum</strong></span> <span class='ocrx_word' id='word_1_261' title='bbox 1882 3186 2108 3249; x_wconf 79' lang='lat' dir='ltr'><strong>aspectu,</strong></span> 
     </span>
    </p>
   </div>
   <div class='ocr_carea' id='block_1_34' title="bbox 524 3267 2112 3344">
    <p class='ocr_par' dir='ltr' id='par_1_34' title="bbox 524 3267 2112 3344">
     <span class='ocr_line' id='line_1_34' title="bbox 524 3267 2112 3344; baseline -0.003 -17"><span class='ocrx_word' id='word_1_262' title='bbox 524 3274 575 3327; x_wconf 87' lang='lat' dir='ltr'><strong>id</strong></span> <span class='ocrx_word' id='word_1_263' title='bbox 602 3281 704 3338; x_wconf 83' lang='lat' dir='ltr'><strong>est,</strong></span> <span class='ocrx_word' id='word_1_264' title='bbox 738 3273 800 3327; x_wconf 88' lang='lat' dir='ltr'><strong>ad</strong></span> <span class='ocrx_word' id='word_1_265' title='bbox 830 3274 1225 3344; x_wconf 87' lang='lat' dir='ltr'><strong>spectaculum;</strong></span> <span class='ocrx_word' id='word_1_266' title='bbox 1254 3271 1324 3327; x_wconf 87' lang='lat' dir='ltr'><strong>Et</strong></span> <span class='ocrx_word' id='word_1_267' title='bbox 1355 3273 1539 3327; x_wconf 86' lang='lat' dir='ltr'><strong>bonum</strong></span> <span class='ocrx_word' id='word_1_268' title='bbox 1567 3273 1635 3325; x_wconf 81' lang='lat' dir='ltr'><strong>ad</strong></span> <span class='ocrx_word' id='word_1_269' title='bbox 1661 3287 1835 3335; x_wconf 77' lang='lat' dir='ltr'><strong>esum;</strong></span> <span class='ocrx_word' id='word_1_270' title='bbox 1863 3267 2112 3324; x_wconf 82' lang='lat' dir='ltr'><strong>videlicet</strong></span> 
     </span>
    </p>
   </div>
   <div class='ocr_carea' id='block_1_35' title="bbox 530 3365 2111 3436">
    <p class='ocr_par' dir='ltr' id='par_1_35' title="bbox 530 3365 2111 3436">
     <span class='ocr_line' id='line_1_35' title="bbox 530 3365 2111 3436; baseline -0.004 -16"><span class='ocrx_word' id='word_1_271' title='bbox 530 3365 691 3436; x_wconf 77' lang='lat' dir='ltr'><strong>ligna,</strong></span> <span class='ocrx_word' id='word_1_272' title='bbox 720 3382 837 3435; x_wconf 75' lang='lat' dir='ltr'><strong>qua:</strong></span> <span class='ocrx_word' id='word_1_273' title='bbox 869 3370 1039 3421; x_wconf 74' lang='lat' dir='ltr'><strong>visum</strong></span> <span class='ocrx_word' id='word_1_274' title='bbox 1070 3366 1341 3420; x_wconf 85' lang='lat' dir='ltr'><strong>oblectare</strong></span> <span class='ocrx_word' id='word_1_275' title='bbox 1370 3371 1620 3435; x_wconf 84' lang='lat' dir='ltr'><strong>possent,</strong></span> <span class='ocrx_word' id='word_1_276' title='bbox 1649 3373 1699 3418; x_wconf 87' lang='lat' dir='ltr'><strong>et</strong></span> <span class='ocrx_word' id='word_1_277' title='bbox 1730 3378 1825 3419; x_wconf 90' lang='lat' dir='ltr'><strong>esu</strong></span> <span class='ocrx_word' id='word_1_278' title='bbox 1866 3374 2111 3431; x_wconf 90' lang='lat' dir='ltr'><strong>magnam</strong></span> 
     </span>
    </p>
   </div>
   <div class='ocr_carea' id='block_1_36' title="bbox 531 3451 2113 3527">
    <p class='ocr_par' dir='ltr' id='par_1_36' title="bbox 531 3451 2113 3527">
     <span class='ocr_line' id='line_1_36' title="bbox 531 3451 2113 3527; baseline -0.003 -19"><span class='ocrx_word' id='word_1_279' title='bbox 531 3460 773 3526; x_wconf 69' lang='lat' dir='ltr'><strong>prcebere</strong></span> <span class='ocrx_word' id='word_1_280' title='bbox 802 3459 1159 3527; x_wconf 83' lang='lat' dir='ltr'><strong>voluptatem;</strong></span> <span class='ocrx_word' id='word_1_281' title='bbox 1182 3471 1407 3527; x_wconf 86' lang='lat' dir='ltr'><strong>quaeque</strong></span> <span class='ocrx_word' id='word_1_282' title='bbox 1436 3464 1615 3524; x_wconf 85' lang='lat' dir='ltr'><strong>utpote</strong></span> <span class='ocrx_word' id='word_1_283' title='bbox 1637 3454 1798 3508; x_wconf 87' lang='lat' dir='ltr'><strong>multa</strong></span> <span class='ocrx_word' id='word_1_284' title='bbox 1826 3461 1881 3507; x_wconf 89' lang='lat' dir='ltr'><strong>et</strong></span> <span class='ocrx_word' id='word_1_285' title='bbox 1899 3451 2113 3522; x_wconf 89' lang='lat' dir='ltr'><strong>copiosa</strong></span> 
     </span>
    </p>
   </div>
   <div class='ocr_carea' id='block_1_37' title="bbox 534 3541 2115 3617">
    <p class='ocr_par' dir='ltr' id='par_1_37' title="bbox 534 3541 2115 3617">
     <span class='ocr_line' id='line_1_37' title="bbox 534 3541 2115 3617; baseline -0.006 -14"><span class='ocrx_word' id='word_1_286' title='bbox 534 3549 757 3603; x_wconf 81' lang='lat' dir='ltr'><strong>multum</strong></span> <span class='ocrx_word' id='word_1_287' title='bbox 812 3548 875 3601; x_wconf 88' lang='lat' dir='ltr'><strong>iis</strong></span> <span class='ocrx_word' id='word_1_288' title='bbox 921 3562 1086 3601; x_wconf 90' lang='lat' dir='ltr'><strong>usuro</strong></span> <span class='ocrx_word' id='word_1_289' title='bbox 1138 3555 1387 3617; x_wconf 83' lang='lat' dir='ltr'><strong>parerent</strong></span> <span class='ocrx_word' id='word_1_290' title='bbox 1435 3545 1775 3614; x_wconf 85' lang='lat' dir='ltr'><strong>voluptatem.</strong></span> <span class='ocrx_word' id='word_1_291' title='bbox 1830 3542 2000 3598; x_wconf 90' lang='lat' dir='ltr'><strong>Omne</strong></span> <span class='ocrx_word' id='word_1_292' title='bbox 2047 3541 2115 3595; x_wconf 88' lang='lat' dir='ltr'><strong>li-</strong></span> 
     </span>
    </p>
   </div>
   <div class='ocr_carea' id='block_1_38' title="bbox 531 3633 2115 3709">
    <p class='ocr_par' dir='ltr' id='par_1_38' title="bbox 531 3633 2115 3709">
     <span class='ocr_line' id='line_1_38' title="bbox 531 3633 2115 3709; baseline -0.004 -16"><span class='ocrx_word' id='word_1_293' title='bbox 531 3655 719 3709; x_wconf 88' lang='lat' dir='ltr'><strong>gnum,</strong></span> <span class='ocrx_word' id='word_1_294' title='bbox 746 3638 935 3708; x_wconf 87' lang='lat' dir='ltr'><strong>inquit,</strong></span> <span class='ocrx_word' id='word_1_295' title='bbox 967 3636 1342 3708; x_wconf 85' lang='lat' dir='ltr'><strong>quodcumque</strong></span> <span class='ocrx_word' id='word_1_296' title='bbox 1363 3636 1583 3701; x_wconf 79' lang='lat' dir='ltr'><strong>dixeris,</strong></span> <span class='ocrx_word' id='word_1_297' title='bbox 1606 3636 1735 3689; x_wconf 88' lang='lat' dir='ltr'><strong>oriri</strong></span> <span class='ocrx_word' id='word_1_298' title='bbox 1759 3634 1985 3689; x_wconf 80' lang='lat' dir='ltr'><strong>curavit.</strong></span> <span class='ocrx_word' id='word_1_299' title='bbox 2020 3633 2115 3688; x_wconf 83' lang='lat' dir='ltr'><strong>Vi-</strong></span> 
     </span>
    </p>
   </div>
   <div class='ocr_carea' id='block_1_39' title="bbox 534 3725 2117 3783">
    <p class='ocr_par' dir='ltr' id='par_1_39' title="bbox 534 3725 2117 3783">
     <span class='ocr_line' id='line_1_39' title="bbox 534 3725 2117 3783; baseline -0.003 0"><span class='ocrx_word' id='word_1_300' title='bbox 534 3728 951 3783; x_wconf 82' lang='lat' dir='ltr'><strong>distin‘miscria</strong></span> <span class='ocrx_word' id='word_1_301' title='bbox 993 3743 1217 3783; x_wconf 82' lang='lat' dir='ltr'><strong>vacuam</strong></span> <span class='ocrx_word' id='word_1_302' title='bbox 1252 3726 1673 3782; x_wconf 83' lang='lat' dir='ltr'><strong>habitationem?</strong></span> <span class='ocrx_word' id='word_1_303' title='bbox 1709 3725 1941 3780; x_wconf 85' lang='lat' dir='ltr'><strong>vidistin‘</strong></span> <span class='ocrx_word' id='word_1_304' title='bbox 1961 3725 2117 3779; x_wconf 82' lang='lat' dir='ltr'><strong>vitam</strong></span> 
     </span>
    </p>
   </div>
   <div class='ocr_carea' id='block_1_40' title="bbox 536 3816 2120 3889">
    <p class='ocr_par' dir='ltr' id='par_1_40' title="bbox 536 3816 2120 3889">
     <span class='ocr_line' id='line_1_40' title="bbox 536 3816 2120 3889; baseline -0.003 -15"><span class='ocrx_word' id='word_1_305' title='bbox 536 3818 885 3874; x_wconf 79' lang='lat' dir='ltr'><strong>mirabilem?</strong></span> <span class='ocrx_word' id='word_1_306' title='bbox 916 3818 1070 3873; x_wconf 87' lang='lat' dir='ltr'><strong>Sicut</strong></span> <span class='ocrx_word' id='word_1_307' title='bbox 1092 3817 1312 3889; x_wconf 77' lang='lat' dir='ltr'><strong>angelus</strong></span> <span class='ocrx_word' id='word_1_308' title='bbox 1345 3816 1590 3888; x_wconf 90' lang='lat' dir='ltr'><strong>quidam,</strong></span> <span class='ocrx_word' id='word_1_309' title='bbox 1622 3817 1933 3872; x_wconf 85' lang='lat' dir='ltr'><strong>versabatur</strong></span> <span class='ocrx_word' id='word_1_310' title='bbox 1960 3816 2120 3871; x_wconf 91' lang='lat' dir='ltr'><strong>homo</strong></span> 
     </span>
    </p>
   </div>
   <div class='ocr_carea' id='block_1_41' title="bbox 540 3909 2121 3982">
    <p class='ocr_par' dir='ltr' id='par_1_41' title="bbox 540 3909 2121 3982">
     <span class='ocr_line' id='line_1_41' title="bbox 540 3909 2121 3982; baseline -0.001 -17"><span class='ocrx_word' id='word_1_311' title='bbox 540 3913 593 3965; x_wconf 90' lang='lat' dir='ltr'><strong>in</strong></span> <span class='ocrx_word' id='word_1_312' title='bbox 618 3921 779 3977; x_wconf 87' lang='lat' dir='ltr'><strong>terra,</strong></span> <span class='ocrx_word' id='word_1_313' title='bbox 802 3926 1029 3980; x_wconf 89' lang='lat' dir='ltr'><strong>corpore</strong></span> <span class='ocrx_word' id='word_1_314' title='bbox 1050 3910 1264 3981; x_wconf 88' lang='lat' dir='ltr'><strong>quidem</strong></span> <span class='ocrx_word' id='word_1_315' title='bbox 1287 3911 1533 3975; x_wconf 88' lang='lat' dir='ltr'><strong>amictus,</strong></span> <span class='ocrx_word' id='word_1_316' title='bbox 1551 3909 1645 3965; x_wconf 87' lang='lat' dir='ltr'><strong>sed</strong></span> <span class='ocrx_word' id='word_1_317' title='bbox 1663 3919 1812 3964; x_wconf 74' lang='lat' dir='ltr'><strong>extra</strong></span> <span class='ocrx_word' id='word_1_318' title='bbox 1833 3924 2121 3982; x_wconf 74' lang='lat' dir='ltr'><strong>corporeus</strong></span> 
     </span>
    </p>
   </div>
   <div class='ocr_carea' id='block_1_42' title="bbox 545 4001 2121 4072">
    <p class='ocr_par' dir='ltr' id='par_1_42' title="bbox 545 4001 2121 4072">
     <span class='ocr_line' id='line_1_42' title="bbox 545 4001 2121 4072; baseline 0.001 -17"><span class='ocrx_word' id='word_1_319' title='bbox 545 4002 890 4057; x_wconf 89' lang='lat' dir='ltr'><strong>necessitates</strong></span> <span class='ocrx_word' id='word_1_320' title='bbox 919 4003 1277 4070; x_wconf 88' lang='lat' dir='ltr'><strong>constitutus,</strong></span> <span class='ocrx_word' id='word_1_321' title='bbox 1309 4010 1364 4057; x_wconf 91' lang='lat' dir='ltr'><strong>et</strong></span> <span class='ocrx_word' id='word_1_322' title='bbox 1396 4001 1845 4072; x_wconf 84' lang='lat' dir='ltr'><strong>quemadmodum</strong></span> <span class='ocrx_word' id='word_1_323' title='bbox 1890 4016 2121 4071; x_wconf 81' lang='lat' dir='ltr'><strong>purpura</strong></span> 
     </span>
    </p>
   </div>
   <div class='ocr_carea' id='block_1_43' title="bbox 540 4092 2126 4165">
    <p class='ocr_par' dir='ltr' id='par_1_43' title="bbox 540 4092 2126 4165">
     <span class='ocr_line' id='line_1_43' title="bbox 540 4092 2126 4165; baseline 0.001 -18"><span class='ocrx_word' id='word_1_324' title='bbox 540 4102 595 4147; x_wconf 91' lang='lat' dir='ltr'><strong>et</strong></span> <span class='ocrx_word' id='word_1_325' title='bbox 623 4092 924 4149; x_wconf 85' lang='lat' dir='ltr'><strong>diademate</strong></span> <span class='ocrx_word' id='word_1_326' title='bbox 948 4104 1188 4161; x_wconf 89' lang='lat' dir='ltr'><strong>ornatus,</strong></span> <span class='ocrx_word' id='word_1_327' title='bbox 1212 4109 1583 4165; x_wconf 87' lang='lat' dir='ltr'><strong>purpureaque</strong></span> <span class='ocrx_word' id='word_1_328' title='bbox 1612 4093 1826 4149; x_wconf 88' lang='lat' dir='ltr'><strong>indutus</strong></span> <span class='ocrx_word' id='word_1_329' title='bbox 1852 4102 2021 4158; x_wconf 87' lang='lat' dir='ltr'><strong>veste,</strong></span> <span class='ocrx_word' id='word_1_330' title='bbox 2048 4095 2126 4148; x_wconf 88' lang='lat' dir='ltr'><strong>sic</strong></span> 
     </span>
    </p>
   </div>
   <div class='ocr_carea' id='block_1_44' title="bbox 538 4184 2123 4256">
    <p class='ocr_par' dir='ltr' id='par_1_44' title="bbox 538 4184 2123 4256">
     <span class='ocr_line' id='line_1_44' title="bbox 538 4184 2123 4256; baseline 0.001 -17"><span class='ocrx_word' id='word_1_331' title='bbox 538 4199 659 4239; x_wconf 89' lang='lat' dir='ltr'><strong>cum</strong></span> <span class='ocrx_word' id='word_1_332' title='bbox 692 4184 933 4240; x_wconf 87' lang='lat' dir='ltr'><strong>libertate</strong></span> <span class='ocrx_word' id='word_1_333' title='bbox 960 4186 1269 4240; x_wconf 74' lang='lat' dir='ltr'><strong>versabatur</strong></span> <span class='ocrx_word' id='word_1_334' title='bbox 1312 4186 1366 4240; x_wconf 91' lang='lat' dir='ltr'><strong>in</strong></span> <span class='ocrx_word' id='word_1_335' title='bbox 1400 4184 1635 4256; x_wconf 87' lang='lat' dir='ltr'><strong>paradisi</strong></span> <span class='ocrx_word' id='word_1_336' title='bbox 1680 4184 1928 4249; x_wconf 86' lang='lat' dir='ltr'><strong>sedibus,</strong></span> <span class='ocrx_word' id='word_1_337' title='bbox 1961 4185 2123 4239; x_wconf 90' lang='lat' dir='ltr'><strong>multa</strong></span> 
     </span>
    </p>
   </div>
   <div class='ocr_carea' id='block_1_45' title="bbox 539 4277 2126 4350">
    <p class='ocr_par' dir='ltr' id='par_1_45' title="bbox 539 4277 2126 4350">
     <span class='ocr_line' id='line_1_45' title="bbox 539 4277 2126 4350; baseline -0.001 -19"><span class='ocrx_word' id='word_1_338' title='bbox 539 4277 778 4347; x_wconf 85' lang='lat' dir='ltr'><strong>gaudens</strong></span> <span class='ocrx_word' id='word_1_339' title='bbox 818 4293 996 4331; x_wconf 89' lang='lat' dir='ltr'><strong>rerum</strong></span> <span class='ocrx_word' id='word_1_340' title='bbox 1054 4278 1228 4348; x_wconf 90' lang='lat' dir='ltr'><strong>copia.</strong></span> <span class='ocrx_word' id='word_1_341' title='bbox 1279 4277 1348 4331; x_wconf 86' lang='lat' dir='ltr'><strong>Et</strong></span> <span class='ocrx_word' id='word_1_342' title='bbox 1382 4279 1609 4350; x_wconf 86' lang='lat' dir='ltr'><strong>lignum,</strong></span> <span class='ocrx_word' id='word_1_343' title='bbox 1660 4278 1862 4347; x_wconf 87' lang='lat' dir='ltr'><strong>inquit,</strong></span> <span class='ocrx_word' id='word_1_344' title='bbox 1913 4278 2026 4331; x_wconf 74' lang='lat' dir='ltr'><strong>uitta</strong></span> <span class='ocrx_word' id='word_1_345' title='bbox 2073 4277 2126 4330; x_wconf 88' lang='lat' dir='ltr'><strong>in</strong></span> 
     </span>
    </p>
   </div>
   <div class='ocr_carea' id='block_1_46' title="bbox 541 4371 2123 4443">
    <p class='ocr_par' dir='ltr' id='par_1_46' title="bbox 541 4371 2123 4443">
     <span class='ocr_line' id='line_1_46' title="bbox 541 4371 2123 4443; baseline 0 -21"><span class='ocrx_word' id='word_1_346' title='bbox 541 4372 705 4425; x_wconf 84' lang='lat' dir='ltr'><strong>medio</strong></span> <span class='ocrx_word' id='word_1_347' title='bbox 727 4371 972 4441; x_wconf 80' lang='lat' dir='ltr'><strong>paradisi,</strong></span> <span class='ocrx_word' id='word_1_348' title='bbox 1005 4382 1049 4425; x_wconf 78' lang='lat' dir='ltr'><strong>et</strong></span> <span class='ocrx_word' id='word_1_349' title='bbox 1068 4373 1260 4443; x_wconf 83' lang='lat' dir='ltr'><strong>lignum</strong></span> <span class='ocrx_word' id='word_1_350' title='bbox 1276 4371 1344 4424; x_wconf 85' lang='lat' dir='ltr'><strong>ad</strong></span> <span class='ocrx_word' id='word_1_351' title='bbox 1358 4371 1616 4426; x_wconf 77' lang='lat' dir='ltr'><strong>sciendum</strong></span> <span class='ocrx_word' id='word_1_352' title='bbox 1637 4371 1820 4426; x_wconf 82' lang='lat' dir='ltr'><strong>bonum</strong></span> <span class='ocrx_word' id='word_1_353' title='bbox 1845 4381 1891 4426; x_wconf 88' lang='lat' dir='ltr'><strong>et</strong></span> <span class='ocrx_word' id='word_1_354' title='bbox 1915 4371 2123 4425; x_wconf 85' lang='lat' dir='ltr'><strong>malum.</strong></span> 
     </span>
    </p>
   </div>
   <div class='ocr_carea' id='block_1_47' title="bbox 546 4461 2129 4535">
    <p class='ocr_par' dir='ltr' id='par_1_47' title="bbox 546 4461 2129 4535">
     <span class='ocr_line' id='line_1_47' title="bbox 546 4461 2129 4535; baseline 0.001 -19"><span class='ocrx_word' id='word_1_355' title='bbox 546 4461 828 4533; x_wconf 70' lang='lat' dir='ltr'><strong>Postquam</strong></span> <span class='ocrx_word' id='word_1_356' title='bbox 858 4477 954 4517; x_wconf 86' lang='lat' dir='ltr'><strong>nos</strong></span> <span class='ocrx_word' id='word_1_357' title='bbox 980 4463 1195 4527; x_wconf 87' lang='lat' dir='ltr'><strong>docuit,</strong></span> <span class='ocrx_word' id='word_1_358' title='bbox 1231 4474 1428 4519; x_wconf 89' lang='lat' dir='ltr'><strong>terram</strong></span> <span class='ocrx_word' id='word_1_359' title='bbox 1456 4480 1616 4519; x_wconf 88' lang='lat' dir='ltr'><strong>omne</strong></span> <span class='ocrx_word' id='word_1_360' title='bbox 1646 4464 1846 4535; x_wconf 79' lang='lat' dir='ltr'><strong>lignum</strong></span> <span class='ocrx_word' id='word_1_361' title='bbox 1883 4464 2129 4519; x_wconf 87' lang='lat' dir='ltr'><strong>emisisse</strong></span> 
     </span>
    </p>
   </div>
   <div class='ocr_carea' id='block_1_48' title="bbox 543 4555 2129 4625">
    <p class='ocr_par' dir='ltr' id='par_1_48' title="bbox 543 4555 2129 4625">
     <span class='ocr_line' id='line_1_48' title="bbox 543 4555 2129 4625; baseline 0.003 -20"><span class='ocrx_word' id='word_1_362' title='bbox 543 4555 834 4609; x_wconf 86' lang='lat' dir='ltr'><strong>secundum</strong></span> <span class='ocrx_word' id='word_1_363' title='bbox 882 4556 1093 4611; x_wconf 89' lang='lat' dir='ltr'><strong>Dominl</strong></span> <span class='ocrx_word' id='word_1_364' title='bbox 1139 4564 1500 4625; x_wconf 69' lang='lat' dir='ltr'><strong>prtcceptutn,</strong></span> <span class='ocrx_word' id='word_1_365' title='bbox 1540 4556 1830 4625; x_wconf 83' lang='lat' dir='ltr'><strong>jucundum</strong></span> <span class='ocrx_word' id='word_1_366' title='bbox 1886 4556 2037 4619; x_wconf 85' lang='lat' dir='ltr'><strong>visu,</strong></span> <span class='ocrx_word' id='word_1_367' title='bbox 2072 4563 2129 4609; x_wconf 88' lang='lat' dir='ltr'><strong>et</strong></span> 
     </span>
    </p>
   </div>
   <div class='ocr_carea' id='block_1_49' title="bbox 548 4645 2132 4717">
    <p class='ocr_par' dir='ltr' id='par_1_49' title="bbox 548 4645 2132 4717">
     <span class='ocr_line' id='line_1_49' title="bbox 548 4645 2132 4717; baseline -0.002 -17"><span class='ocrx_word' id='word_1_368' title='bbox 548 4646 744 4700; x_wconf 77' lang='lat' dir='ltr'><strong>thlllllll</strong></span> <span class='ocrx_word' id='word_1_369' title='bbox 791 4662 908 4712; x_wconf 89' lang='lat' dir='ltr'><strong>esu,</strong></span> <span class='ocrx_word' id='word_1_370' title='bbox 940 4656 1065 4700; x_wconf 91' lang='lat' dir='ltr'><strong>tunc</strong></span> <span class='ocrx_word' id='word_1_371' title='bbox 1106 4647 1221 4701; x_wconf 85' lang='lat' dir='ltr'><strong>ait:</strong></span> <span class='ocrx_word' id='word_1_372' title='bbox 1256 4645 1321 4700; x_wconf 84' lang='lat' dir='ltr'><strong>Et</strong></span> <span class='ocrx_word' id='word_1_373' title='bbox 1347 4648 1540 4717; x_wconf 87' lang='lat' dir='ltr'><strong>lignum</strong></span> <span class='ocrx_word' id='word_1_374' title='bbox 1586 4647 1699 4699; x_wconf 80' lang='lat' dir='ltr'><strong>vita:</strong></span> <span class='ocrx_word' id='word_1_375' title='bbox 1735 4648 1786 4699; x_wconf 85' lang='lat' dir='ltr'><strong>iu</strong></span> <span class='ocrx_word' id='word_1_376' title='bbox 1829 4645 1991 4699; x_wconf 81' lang='lat' dir='ltr'><strong>medio</strong></span> <span class='ocrx_word' id='word_1_377' title='bbox 2033 4661 2132 4713; x_wconf 84' lang='lat' dir='ltr'><strong>pa—</strong></span> 
     </span>
    </p>
   </div>
   <div class='ocr_carea' id='block_1_50' title="bbox 546 4737 2130 4809">
    <p class='ocr_par' dir='ltr' id='par_1_50' title="bbox 546 4737 2130 4809">
     <span class='ocr_line' id='line_1_50' title="bbox 546 4737 2130 4809; baseline -0.001 -16"><span class='ocrx_word' id='word_1_378' title='bbox 546 4739 703 4793; x_wconf 74' lang='lat' dir='ltr'><strong>radisi</strong></span> <span class='ocrx_word' id='word_1_379' title='bbox 725 4781 741 4805; x_wconf 92' lang='lat'><strong>,</strong></span> <span class='ocrx_word' id='word_1_380' title='bbox 764 4749 810 4793; x_wconf 83' lang='lat' dir='ltr'><strong>et</strong></span> <span class='ocrx_word' id='word_1_381' title='bbox 835 4739 1028 4809; x_wconf 80' lang='lat' dir='ltr'><strong>lignum</strong></span> <span class='ocrx_word' id='word_1_382' title='bbox 1062 4739 1129 4791; x_wconf 83' lang='lat' dir='ltr'><strong>ad</strong></span> <span class='ocrx_word' id='word_1_383' title='bbox 1155 4739 1413 4793; x_wconf 75' lang='lat' dir='ltr'><strong>sciendum</strong></span> <span class='ocrx_word' id='word_1_384' title='bbox 1452 4740 1633 4793; x_wconf 85' lang='lat' dir='ltr'><strong>bonum</strong></span> <span class='ocrx_word' id='word_1_385' title='bbox 1663 4747 1709 4791; x_wconf 82' lang='lat' dir='ltr'><strong>et</strong></span> <span class='ocrx_word' id='word_1_386' title='bbox 1746 4739 1953 4791; x_wconf 85' lang='lat' dir='ltr'><strong>malum.</strong></span> <span class='ocrx_word' id='word_1_387' title='bbox 1997 4737 2130 4792; x_wconf 87' lang='lat' dir='ltr'><strong>Cum</strong></span> 
     </span>
    </p>
   </div>
   <div class='ocr_carea' id='block_1_51' title="bbox 550 4832 2130 4907">
    <p class='ocr_par' dir='ltr' id='par_1_51' title="bbox 550 4832 2130 4907">
     <span class='ocr_line' id='line_1_51' title="bbox 550 4832 2130 4907; baseline -0.001 -20"><span class='ocrx_word' id='word_1_388' title='bbox 550 4835 824 4901; x_wconf 75' lang='lat' dir='ltr'><strong>prmscin-t</strong></span> <span class='ocrx_word' id='word_1_389' title='bbox 863 4835 1005 4888; x_wconf 82' lang='lat' dir='ltr'><strong>enim</strong></span> <span class='ocrx_word' id='word_1_390' title='bbox 1036 4834 1297 4907; x_wconf 86' lang='lat' dir='ltr'><strong>benignus</strong></span> <span class='ocrx_word' id='word_1_391' title='bbox 1341 4834 1598 4888; x_wconf 87' lang='lat' dir='ltr'><strong>Dominus</strong></span> <span class='ocrx_word' id='word_1_392' title='bbox 1617 4875 1631 4900; x_wconf 90' lang='lat'><strong>,</strong></span> <span class='ocrx_word' id='word_1_393' title='bbox 1658 4841 1842 4903; x_wconf 77' lang='lat' dir='ltr'><strong>utpme</strong></span> <span class='ocrx_word' id='word_1_394' title='bbox 1870 4832 2090 4887; x_wconf 77' lang='lat' dir='ltr'><strong>Creator</strong></span> <span class='ocrx_word' id='word_1_395' title='bbox 2111 4871 2130 4898; x_wconf 90' lang='lat'><strong>,</strong></span> 
     </span>
    </p>
   </div>
   <div class='ocr_carea' id='block_1_52' title="bbox 550 4922 2132 4993">
    <p class='ocr_par' dir='ltr' id='par_1_52' title="bbox 550 4922 2132 4993">
     <span class='ocr_line' id='line_1_52' title="bbox 550 4922 2132 4993; baseline -0.002 -13"><span class='ocrx_word' id='word_1_396' title='bbox 550 4937 931 4981; x_wconf 86' lang='lat' dir='ltr'><strong>nocumentum</strong></span> <span class='ocrx_word' id='word_1_397' title='bbox 975 4942 1039 4981; x_wconf 78' lang='lat' dir='ltr'><strong>ex</strong></span> <span class='ocrx_word' id='word_1_398' title='bbox 1093 4927 1340 4982; x_wconf 88' lang='lat' dir='ltr'><strong>libertate</strong></span> <span class='ocrx_word' id='word_1_399' title='bbox 1383 4935 1439 4982; x_wconf 91' lang='lat' dir='ltr'><strong>et</strong></span> <span class='ocrx_word' id='word_1_400' title='bbox 1483 4924 1767 4979; x_wconf 88' lang='lat' dir='ltr'><strong>securitate</strong></span> <span class='ocrx_word' id='word_1_401' title='bbox 1811 4922 2132 4993; x_wconf 84' lang='lat' dir='ltr'><strong>procedente</strong></span> 
     </span>
    </p>
   </div>
   <div class='ocr_carea' id='block_1_53' title="bbox 550 5013 2134 5089">
    <p class='ocr_par' dir='ltr' id='par_1_53' title="bbox 550 5013 2134 5089">
     <span class='ocr_line' id='line_1_53' title="bbox 550 5013 2134 5089; baseline -0.003 -16"><span class='ocrx_word' id='word_1_402' title='bbox 550 5027 790 5089; x_wconf 84' lang='lat' dir='ltr'><strong>tempore</strong></span> <span class='ocrx_word' id='word_1_403' title='bbox 828 5020 1112 5083; x_wconf 89' lang='lat' dir='ltr'><strong>oriturum,</strong></span> <span class='ocrx_word' id='word_1_404' title='bbox 1161 5016 1411 5089; x_wconf 84' lang='lat' dir='ltr'><strong>produxit</strong></span> <span class='ocrx_word' id='word_1_405' title='bbox 1454 5017 1650 5088; x_wconf 88' lang='lat' dir='ltr'><strong>lignum</strong></span> <span class='ocrx_word' id='word_1_406' title='bbox 1690 5015 1811 5070; x_wconf 73' lang='lat' dir='ltr'><strong>vita:</strong></span> <span class='ocrx_word' id='word_1_407' title='bbox 1863 5015 1916 5068; x_wconf 94' lang='lat' dir='ltr'><strong>iu</strong></span> <span class='ocrx_word' id='word_1_408' title='bbox 1957 5013 2134 5069; x_wconf 90' lang='lat' dir='ltr'><strong>medio</strong></span> 
     </span>
    </p>
   </div>
   <div class='ocr_carea' id='block_1_54' title="bbox 551 5105 2129 5181">
    <p class='ocr_par' dir='ltr' id='par_1_54' title="bbox 551 5105 2129 5181">
     <span class='ocr_line' id='line_1_54' title="bbox 551 5105 2129 5181; baseline -0.004 -18"><span class='ocrx_word' id='word_1_409' title='bbox 551 5110 805 5179; x_wconf 86' lang='lat' dir='ltr'><strong>paradisi,</strong></span> <span class='ocrx_word' id='word_1_410' title='bbox 839 5125 1044 5165; x_wconf 81' lang='lat' dir='ltr'><strong>necnon</strong></span> <span class='ocrx_word' id='word_1_411' title='bbox 1080 5110 1278 5181; x_wconf 89' lang='lat' dir='ltr'><strong>lignum</strong></span> <span class='ocrx_word' id='word_1_412' title='bbox 1324 5108 1526 5164; x_wconf 90' lang='lat' dir='ltr'><strong>sciendi</strong></span> <span class='ocrx_word' id='word_1_413' title='bbox 1574 5106 1769 5161; x_wconf 90' lang='lat' dir='ltr'><strong>bonum</strong></span> <span class='ocrx_word' id='word_1_414' title='bbox 1816 5115 1872 5160; x_wconf 85' lang='lat' dir='ltr'><strong>ct</strong></span> <span class='ocrx_word' id='word_1_415' title='bbox 1910 5105 2129 5167; x_wconf 88' lang='lat' dir='ltr'><strong>tnalum,</strong></span> 
     </span>
    </p>
   </div>
   <div class='ocr_carea' id='block_1_55' title="bbox 552 5198 2136 5272">
    <p class='ocr_par' dir='ltr' id='par_1_55' title="bbox 552 5198 2136 5272">
     <span class='ocr_line' id='line_1_55' title="bbox 552 5198 2136 5272; baseline -0.004 -17"><span class='ocrx_word' id='word_1_416' title='bbox 552 5204 675 5270; x_wconf 84' lang='lat' dir='ltr'><strong>quia</strong></span> <span class='ocrx_word' id='word_1_417' title='bbox 701 5218 804 5257; x_wconf 91' lang='lat' dir='ltr'><strong>nou</strong></span> <span class='ocrx_word' id='word_1_418' title='bbox 832 5202 998 5257; x_wconf 91' lang='lat' dir='ltr'><strong>multo</strong></span> <span class='ocrx_word' id='word_1_419' title='bbox 1028 5211 1146 5272; x_wconf 84' lang='lat' dir='ltr'><strong>post</strong></span> <span class='ocrx_word' id='word_1_420' title='bbox 1174 5202 1242 5258; x_wconf 91' lang='lat' dir='ltr'><strong>ab</strong></span> <span class='ocrx_word' id='word_1_421' title='bbox 1265 5216 1332 5255; x_wconf 91' lang='lat' dir='ltr'><strong>eo</strong></span> <span class='ocrx_word' id='word_1_422' title='bbox 1356 5199 1624 5256; x_wconf 88' lang='lat' dir='ltr'><strong>abstinere</strong></span> <span class='ocrx_word' id='word_1_423' title='bbox 1649 5198 1891 5267; x_wconf 72' lang='lat' dir='ltr'><strong>iussurus</strong></span> <span class='ocrx_word' id='word_1_424' title='bbox 1911 5204 2047 5262; x_wconf 89' lang='lat' dir='ltr'><strong>erat,</strong></span> <span class='ocrx_word' id='word_1_425' title='bbox 2079 5207 2136 5249; x_wconf 93' lang='lat' dir='ltr'><strong>ut</strong></span> 
     </span>
    </p>
   </div>
   <div class='ocr_carea' id='block_1_56' title="bbox 554 5289 2137 5367">
    <p class='ocr_par' dir='ltr' id='par_1_56' title="bbox 554 5289 2137 5367">
     <span class='ocr_line' id='line_1_56' title="bbox 554 5289 2137 5367; baseline -0.003 -20"><span class='ocrx_word' id='word_1_426' title='bbox 554 5296 694 5349; x_wconf 70' lang='lat' dir='ltr'><strong>scire</strong></span> <span class='ocrx_word' id='word_1_427' title='bbox 742 5306 922 5365; x_wconf 80' lang='lat' dir='ltr'><strong>posset</strong></span> <span class='ocrx_word' id='word_1_428' title='bbox 964 5311 1024 5351; x_wconf 90' lang='lat' dir='ltr'><strong>se</strong></span> <span class='ocrx_word' id='word_1_429' title='bbox 1067 5312 1132 5351; x_wconf 80' lang='lat' dir='ltr'><strong>ex</strong></span> <span class='ocrx_word' id='word_1_430' title='bbox 1171 5295 1337 5367; x_wconf 83' lang='lat' dir='ltr'><strong>gratia</strong></span> <span class='ocrx_word' id='word_1_431' title='bbox 1382 5303 1437 5349; x_wconf 90' lang='lat' dir='ltr'><strong>et</strong></span> <span class='ocrx_word' id='word_1_432' title='bbox 1465 5291 1826 5364; x_wconf 68' lang='lat' dir='ltr'><strong>benignitate‘</strong></span> <span class='ocrx_word' id='word_1_433' title='bbox 1864 5290 1970 5345; x_wconf 82' lang='lat' dir='ltr'><strong>illis</strong></span> <span class='ocrx_word' id='word_1_434' title='bbox 2009 5289 2137 5344; x_wconf 86' lang='lat' dir='ltr'><strong>frui-</strong></span> 
     </span>
    </p>
   </div>
   <div class='ocr_carea' id='block_1_57' title="bbox 568 5384 2136 5452">
    <p class='ocr_par' dir='ltr' id='par_1_57' title="bbox 568 5384 2136 5452">
     <span class='ocr_line' id='line_1_57' title="bbox 568 5384 2136 5452; baseline -0.003 -14"><span class='ocrx_word' id='word_1_435' title='bbox 568 5391 743 5439; x_wconf 86' lang='lat' dir='ltr'><strong>turum</strong></span> <span class='ocrx_word' id='word_1_436' title='bbox 772 5401 912 5452; x_wconf 79' lang='lat' dir='ltr'><strong>csse,</strong></span> <span class='ocrx_word' id='word_1_437' title='bbox 940 5402 1004 5442; x_wconf 85' lang='lat' dir='ltr'><strong>ac</strong></span> <span class='ocrx_word' id='word_1_438' title='bbox 1049 5404 1109 5443; x_wconf 90' lang='lat' dir='ltr'><strong>se</strong></span> <span class='ocrx_word' id='word_1_439' title='bbox 1145 5387 1424 5443; x_wconf 91' lang='lat' dir='ltr'><strong>Dominum</strong></span> <span class='ocrx_word' id='word_1_440' title='bbox 1452 5396 1505 5441; x_wconf 88' lang='lat' dir='ltr'><strong>et</strong></span> <span class='ocrx_word' id='word_1_441' title='bbox 1531 5384 1840 5440; x_wconf 90' lang='lat' dir='ltr'><strong>Creatorem</strong></span> <span class='ocrx_word' id='word_1_442' title='bbox 1879 5395 2000 5436; x_wconf 89' lang='lat' dir='ltr'><strong>esse</strong></span> <span class='ocrx_word' id='word_1_443' title='bbox 2027 5391 2136 5434; x_wconf 89' lang='lat' dir='ltr'><strong>tum</strong></span> 
     </span>
    </p>
   </div>
   <div class='ocr_carea' id='block_1_58' title="bbox 568 5470 2138 5547">
    <p class='ocr_par' dir='ltr' id='par_1_58' title="bbox 568 5470 2138 5547">
     <span class='ocr_line' id='line_1_58' title="bbox 568 5470 2138 5547; baseline -0.004 -15"><span class='ocrx_word' id='word_1_444' title='bbox 568 5474 711 5533; x_wconf 88' lang='lat' dir='ltr'><strong>illius</strong></span> <span class='ocrx_word' id='word_1_445' title='bbox 752 5479 1083 5547; x_wconf 58' lang='lat' dir='ltr'><strong>substantia},</strong></span> <span class='ocrx_word' id='word_1_446' title='bbox 1116 5489 1225 5535; x_wconf 87' lang='lat' dir='ltr'><strong>tum</strong></span> <span class='ocrx_word' id='word_1_447' title='bbox 1260 5479 1499 5534; x_wconf 90' lang='lat' dir='ltr'><strong>omnium</strong></span> <span class='ocrx_word' id='word_1_448' title='bbox 1534 5476 1840 5531; x_wconf 67' lang='lat' dir='ltr'><strong>visibilium.</strong></span> <span class='ocrx_word' id='word_1_449' title='bbox 1884 5472 2006 5529; x_wconf 86' lang='lat' dir='ltr'><strong>ldeo</strong></span> <span class='ocrx_word' id='word_1_450' title='bbox 2027 5470 2138 5541; x_wconf 79' lang='lat' dir='ltr'><strong>jam</strong></span> 
     </span>
    </p>
   </div>
   <div class='ocr_carea' id='block_1_59' title="bbox 624 5653 1783 5722">
    <p class='ocr_par' dir='ltr' id='par_1_59' title="bbox 624 5653 1783 5722">
     <span class='ocr_line' id='line_1_59' title="bbox 624 5653 1783 5722; baseline -0.001 -18"><span class='ocrx_word' id='word_1_451' title='bbox 624 5655 643 5688; x_wconf 77' lang='lat'><strong>&#39;</strong></span> <span class='ocrx_word' id='word_1_452' title='bbox 679 5662 798 5708; x_wconf 76' lang='lat' dir='ltr'><strong>Tres</strong></span> <span class='ocrx_word' id='word_1_453' title='bbox 813 5654 1332 5722; x_wconf 65' lang='lat' dir='ltr'><strong>Is.,ntagniﬁceutiu.</strong></span> <span class='ocrx_word' id='word_1_454' title='bbox 1354 5669 1458 5715; x_wconf 85' lang='lat' dir='ltr'><strong>pro.</strong></span> <span class='ocrx_word' id='word_1_455' title='bbox 1482 5653 1783 5720; x_wconf 74' lang='lat' dir='ltr'><strong>benignitate.</strong></span> 
     </span>
    </p>
   </div>
   <div class='ocr_carea' id='block_1_60' title="bbox 1568 211 2641 274">
    <p class='ocr_par' dir='ltr' id='par_1_60' title="bbox 1568 211 2641 274">
     <span class='ocr_line' id='line_1_60' title="bbox 1568 211 2641 274; baseline -0.007 0"><span class='ocrx_word' id='word_1_456' title='bbox 1568 217 1633 274; x_wconf 77' lang='lat' dir='ltr'><strong>IN</strong></span> <span class='ocrx_word' id='word_1_457' title='bbox 1671 217 1825 274; x_wconf 79' lang='lat' dir='ltr'><strong>CAP.</strong></span> <span class='ocrx_word' id='word_1_458' title='bbox 1843 215 1907 271; x_wconf 89' lang='grc'><strong>11.</strong></span> <span class='ocrx_word' id='word_1_459' title='bbox 1949 212 2191 271; x_wconf 82' lang='lat' dir='ltr'><strong>GENES.</strong></span> <span class='ocrx_word' id='word_1_460' title='bbox 2232 211 2461 268; x_wconf 78' lang='lat' dir='ltr'><strong>HOMIL.</strong></span> <span class='ocrx_word' id='word_1_461' title='bbox 2505 212 2641 268; x_wconf 81' lang='lat' dir='ltr'><strong>Xlll.</strong></span> 
     </span>
    </p>
   </div>
   <div class='ocr_carea' id='block_1_61' title="bbox 3645 214 3748 269">
    <p class='ocr_par' dir='ltr' id='par_1_61' title="bbox 3645 214 3748 269">
     <span class='ocr_line' id='line_1_61' title="bbox 3645 214 3748 269; baseline -0.049 0"><span class='ocrx_word' id='word_1_462' title='bbox 3645 214 3748 269; x_wconf 78' lang='lat' dir='ltr'><strong>Htt</strong></span> 
     </span>
    </p>
   </div>
   <div class='ocr_carea' id='block_1_62' title="bbox 2164 327 3749 398">
    <p class='ocr_par' dir='ltr' id='par_1_62' title="bbox 2164 327 3749 398">
     <span class='ocr_line' id='line_1_62' title="bbox 2164 327 3749 398; baseline 0.001 -16"><span class='ocrx_word' id='word_1_463' title='bbox 2164 327 2288 398; x_wconf 86' lang='lat' dir='ltr'><strong>ligni</strong></span> <span class='ocrx_word' id='word_1_464' title='bbox 2320 330 2643 383; x_wconf 90' lang='lat' dir='ltr'><strong>mentionem</strong></span> <span class='ocrx_word' id='word_1_465' title='bbox 2692 329 2817 383; x_wconf 85' lang='lat' dir='ltr'><strong>fecit</strong></span> <span class='ocrx_word' id='word_1_466' title='bbox 2842 371 2855 395; x_wconf 95' lang='lat'><strong>,</strong></span> <span class='ocrx_word' id='word_1_467' title='bbox 2893 344 2955 384; x_wconf 90' lang='lat' dir='ltr'><strong>ac</strong></span> <span class='ocrx_word' id='word_1_468' title='bbox 3000 328 3273 384; x_wconf 83' lang='lat' dir='ltr'><strong>ﬂuminum</strong></span> <span class='ocrx_word' id='word_1_469' title='bbox 3307 330 3519 384; x_wconf 79' lang='lat' dir='ltr'><strong>numina</strong></span> <span class='ocrx_word' id='word_1_470' title='bbox 3556 328 3749 384; x_wconf 88' lang='lat' dir='ltr'><strong>deinde</strong></span> 
     </span>
    </p>
   </div>
   <div class='ocr_carea' id='block_1_63' title="bbox 2166 422 3749 492">
    <p class='ocr_par' dir='ltr' id='par_1_63' title="bbox 2166 422 3749 492">
     <span class='ocr_line' id='line_1_63' title="bbox 2166 422 3749 492; baseline -0.002 -15"><span class='ocrx_word' id='word_1_471' title='bbox 2166 423 2320 477; x_wconf 89' lang='lat' dir='ltr'><strong>nobis</strong></span> <span class='ocrx_word' id='word_1_472' title='bbox 2346 422 2584 477; x_wconf 82' lang='lat' dir='ltr'><strong>declarat</strong></span> <span class='ocrx_word' id='word_1_473' title='bbox 2607 464 2621 489; x_wconf 95' lang='lat'><strong>,</strong></span> <span class='ocrx_word' id='word_1_474' title='bbox 2655 422 2971 492; x_wconf 83' lang='lat' dir='ltr'><strong>illorutnque</strong></span> <span class='ocrx_word' id='word_1_475' title='bbox 3000 433 3055 476; x_wconf 92' lang='lat' dir='ltr'><strong>ut</strong></span> <span class='ocrx_word' id='word_1_476' title='bbox 3082 422 3276 476; x_wconf 76' lang='lat' dir='ltr'><strong>dixerit</strong></span> <span class='ocrx_word' id='word_1_477' title='bbox 3303 422 3564 491; x_wconf 83' lang='lat' dir='ltr'><strong>quispiam</strong></span> <span class='ocrx_word' id='word_1_478' title='bbox 3593 435 3749 491; x_wconf 85' lang='lat' dir='ltr'><strong>sepa-</strong></span> 
     </span>
    </p>
   </div>
   <div class='ocr_carea' id='block_1_64' title="bbox 2168 514 3754 586">
    <p class='ocr_par' dir='ltr' id='par_1_64' title="bbox 2168 514 3754 586">
     <span class='ocr_line' id='line_1_64' title="bbox 2168 514 3754 586; baseline -0.003 -13"><span class='ocrx_word' id='word_1_479' title='bbox 2168 519 2468 581; x_wconf 86' lang='lat' dir='ltr'><strong>rationem,</strong></span> <span class='ocrx_word' id='word_1_480' title='bbox 2510 532 2574 571; x_wconf 88' lang='lat' dir='ltr'><strong>ac</strong></span> <span class='ocrx_word' id='word_1_481' title='bbox 2612 516 2880 586; x_wconf 89' lang='lat' dir='ltr'><strong>quomodo</strong></span> <span class='ocrx_word' id='word_1_482' title='bbox 2924 530 2987 570; x_wconf 77' lang='lat' dir='ltr'><strong>ex</strong></span> <span class='ocrx_word' id='word_1_483' title='bbox 3033 515 3122 570; x_wconf 91' lang='lat' dir='ltr'><strong>illo</strong></span> <span class='ocrx_word' id='word_1_484' title='bbox 3143 516 3232 585; x_wconf 91' lang='lat' dir='ltr'><strong>qui</strong></span> <span class='ocrx_word' id='word_1_485' title='bbox 3283 514 3587 585; x_wconf 81' lang='lat' dir='ltr'><strong>paradisum</strong></span> <span class='ocrx_word' id='word_1_486' title='bbox 3634 514 3754 569; x_wconf 88' lang='lat' dir='ltr'><strong>irri-</strong></span> 
     </span>
    </p>
   </div>
   <div class='ocr_carea' id='block_1_65' title="bbox 2168 607 3752 682">
    <p class='ocr_par' dir='ltr' id='par_1_65' title="bbox 2168 607 3752 682">
     <span class='ocr_line' id='line_1_65' title="bbox 2168 607 3752 682; baseline -0.003 -18"><span class='ocrx_word' id='word_1_487' title='bbox 2168 611 2346 682; x_wconf 87' lang='lat' dir='ltr'><strong>gabat,</strong></span> <span class='ocrx_word' id='word_1_488' title='bbox 2394 611 2481 665; x_wconf 90' lang='lat' dir='ltr'><strong>alii</strong></span> <span class='ocrx_word' id='word_1_489' title='bbox 2530 610 2581 664; x_wconf 90' lang='lat' dir='ltr'><strong>in</strong></span> <span class='ocrx_word' id='word_1_490' title='bbox 2609 620 2838 679; x_wconf 83' lang='lat' dir='ltr'><strong>quatuor</strong></span> <span class='ocrx_word' id='word_1_491' title='bbox 2880 609 3048 678; x_wconf 85' lang='lat' dir='ltr'><strong>capita</strong></span> <span class='ocrx_word' id='word_1_492' title='bbox 3087 609 3264 672; x_wconf 88' lang='lat' dir='ltr'><strong>divisi,</strong></span> <span class='ocrx_word' id='word_1_493' title='bbox 3305 608 3523 663; x_wconf 87' lang='lat' dir='ltr'><strong>climata</strong></span> <span class='ocrx_word' id='word_1_494' title='bbox 3563 607 3752 663; x_wconf 85' lang='lat' dir='ltr'><strong>distin-</strong></span> 
     </span>
    </p>
   </div>
   <div class='ocr_carea' id='block_1_66' title="bbox 2170 698 3751 775">
    <p class='ocr_par' dir='ltr' id='par_1_66' title="bbox 2170 698 3751 775">
     <span class='ocr_line' id='line_1_66' title="bbox 2170 698 3751 775; baseline -0.003 -18"><span class='ocrx_word' id='word_1_495' title='bbox 2170 712 2417 775; x_wconf 88' lang='lat' dir='ltr'><strong>guerent.</strong></span> <span class='ocrx_word' id='word_1_496' title='bbox 2445 702 2638 757; x_wconf 85' lang='lat' dir='ltr'><strong>Verum</strong></span> <span class='ocrx_word' id='word_1_497' title='bbox 2667 701 2800 756; x_wconf 89' lang='lat' dir='ltr'><strong>forte</strong></span> <span class='ocrx_word' id='word_1_498' title='bbox 2827 701 2859 754; x_wconf 94' lang='lat' dir='ltr'><strong>ii</strong></span> <span class='ocrx_word' id='word_1_499' title='bbox 2882 700 2971 770; x_wconf 91' lang='lat' dir='ltr'><strong>qui</strong></span> <span class='ocrx_word' id='word_1_500' title='bbox 2995 715 3058 754; x_wconf 88' lang='lat' dir='ltr'><strong>ex</strong></span> <span class='ocrx_word' id='word_1_501' title='bbox 3084 700 3295 769; x_wconf 89' lang='lat' dir='ltr'><strong>propria</strong></span> <span class='ocrx_word' id='word_1_502' title='bbox 3320 699 3580 767; x_wconf 85' lang='lat' dir='ltr'><strong>sapientia</strong></span> <span class='ocrx_word' id='word_1_503' title='bbox 3608 698 3751 768; x_wconf 88' lang='lat' dir='ltr'><strong>loqui</strong></span> 
     </span>
    </p>
   </div>
   <div class='ocr_carea' id='block_1_67' title="bbox 2177 788 3753 859">
    <p class='ocr_par' dir='ltr' id='par_1_67' title="bbox 2177 788 3753 859">
     <span class='ocr_line' id='line_1_67' title="bbox 2177 788 3753 859; baseline -0.003 -11"><span class='ocrx_word' id='word_1_504' title='bbox 2177 801 2392 859; x_wconf 86' lang='lat' dir='ltr'><strong>volunt,</strong></span> <span class='ocrx_word' id='word_1_505' title='bbox 2440 793 2659 848; x_wconf 86' lang='lat' dir='ltr'><strong>ﬁumina</strong></span> <span class='ocrx_word' id='word_1_506' title='bbox 2711 792 2797 846; x_wconf 92' lang='lat' dir='ltr'><strong>illa</strong></span> <span class='ocrx_word' id='word_1_507' title='bbox 2852 807 2955 845; x_wconf 90' lang='lat' dir='ltr'><strong>non</strong></span> <span class='ocrx_word' id='word_1_508' title='bbox 3008 789 3308 845; x_wconf 88' lang='lat' dir='ltr'><strong>concedunt</strong></span> <span class='ocrx_word' id='word_1_509' title='bbox 3346 804 3465 846; x_wconf 80' lang='lat' dir='ltr'><strong>esse</strong></span> <span class='ocrx_word' id='word_1_510' title='bbox 3503 788 3753 854; x_wconf 79' lang='lat' dir='ltr'><strong>ﬁumina.</strong></span> 
     </span>
    </p>
   </div>
   <div class='ocr_carea' id='block_1_68' title="bbox 2176 880 3756 958">
    <p class='ocr_par' dir='ltr' id='par_1_68' title="bbox 2176 880 3756 958">
     <span class='ocr_line' id='line_1_68' title="bbox 2176 880 3756 958; baseline -0.004 -16"><span class='ocrx_word' id='word_1_511' title='bbox 2176 902 2347 958; x_wconf 89' lang='lat' dir='ltr'><strong>neque</strong></span> <span class='ocrx_word' id='word_1_512' title='bbox 2375 901 2540 958; x_wconf 89' lang='lat' dir='ltr'><strong>aquas</strong></span> <span class='ocrx_word' id='word_1_513' title='bbox 2565 885 2798 941; x_wconf 83' lang='lat' dir='ltr'><strong>fatentur</strong></span> <span class='ocrx_word' id='word_1_514' title='bbox 2819 899 2939 940; x_wconf 91' lang='lat' dir='ltr'><strong>esse</strong></span> <span class='ocrx_word' id='word_1_515' title='bbox 2959 897 3158 954; x_wconf 88' lang='lat' dir='ltr'><strong>aquas,</strong></span> <span class='ocrx_word' id='word_1_516' title='bbox 3188 882 3281 937; x_wconf 88' lang='lat' dir='ltr'><strong>sed</strong></span> <span class='ocrx_word' id='word_1_517' title='bbox 3309 880 3452 937; x_wconf 82' lang='lat' dir='ltr'><strong>aliud</strong></span> <span class='ocrx_word' id='word_1_518' title='bbox 3481 881 3756 953; x_wconf 75' lang='lat' dir='ltr'><strong>imaginari</strong></span> 
     </span>
    </p>
   </div>
   <div class='ocr_carea' id='block_1_69' title="bbox 2176 973 3761 1052">
    <p class='ocr_par' dir='ltr' id='par_1_69' title="bbox 2176 973 3761 1052">
     <span class='ocr_line' id='line_1_69' title="bbox 2176 973 3761 1052; baseline -0.008 -13"><span class='ocrx_word' id='word_1_519' title='bbox 2176 982 2402 1039; x_wconf 90' lang='lat' dir='ltr'><strong>suadent</strong></span> <span class='ocrx_word' id='word_1_520' title='bbox 2443 982 2509 1038; x_wconf 91' lang='lat' dir='ltr'><strong>iis</strong></span> <span class='ocrx_word' id='word_1_521' title='bbox 2536 982 2625 1052; x_wconf 90' lang='lat' dir='ltr'><strong>qui</strong></span> <span class='ocrx_word' id='word_1_522' title='bbox 2668 979 2767 1035; x_wconf 90' lang='lat' dir='ltr'><strong>sibi</strong></span> <span class='ocrx_word' id='word_1_523' title='bbox 2806 992 2964 1033; x_wconf 89' lang='lat' dir='ltr'><strong>aures</strong></span> <span class='ocrx_word' id='word_1_524' title='bbox 3003 973 3407 1032; x_wconf 87' lang='lat' dir='ltr'><strong>accommodare</strong></span> <span class='ocrx_word' id='word_1_525' title='bbox 3450 973 3653 1028; x_wconf 85' lang='lat' dir='ltr'><strong>volunt.</strong></span> <span class='ocrx_word' id='word_1_526' title='bbox 3692 976 3761 1028; x_wconf 77' lang='lat' dir='ltr'><strong>At</strong></span> 
     </span>
    </p>
   </div>
   <div class='ocr_carea' id='block_1_70' title="bbox 2179 1064 3760 1141">
    <p class='ocr_par' dir='ltr' id='par_1_70' title="bbox 2179 1064 3760 1141">
     <span class='ocr_line' id='line_1_70' title="bbox 2179 1064 3760 1141; baseline -0.008 -11"><span class='ocrx_word' id='word_1_527' title='bbox 2179 1088 2312 1139; x_wconf 89' lang='lat' dir='ltr'><strong>nos,</strong></span> <span class='ocrx_word' id='word_1_528' title='bbox 2342 1074 2586 1135; x_wconf 88' lang='lat' dir='ltr'><strong>obsecro,</strong></span> <span class='ocrx_word' id='word_1_529' title='bbox 2632 1069 2934 1141; x_wconf 76' lang='lat' dir='ltr'><strong>huiusmodi</strong></span> <span class='ocrx_word' id='word_1_530' title='bbox 2982 1067 3228 1122; x_wconf 88' lang='lat' dir='ltr'><strong>homines</strong></span> <span class='ocrx_word' id='word_1_531' title='bbox 3267 1080 3335 1119; x_wconf 91' lang='lat' dir='ltr'><strong>ne</strong></span> <span class='ocrx_word' id='word_1_532' title='bbox 3375 1064 3643 1131; x_wconf 84' lang='lat' dir='ltr'><strong>feramus,</strong></span> <span class='ocrx_word' id='word_1_533' title='bbox 3668 1064 3760 1118; x_wconf 88' lang='lat' dir='ltr'><strong>sed</strong></span> 
     </span>
    </p>
   </div>
   <div class='ocr_carea' id='block_1_71' title="bbox 2181 1155 3761 1224">
    <p class='ocr_par' dir='ltr' id='par_1_71' title="bbox 2181 1155 3761 1224">
     <span class='ocr_line' id='line_1_71' title="bbox 2181 1155 3761 1224; baseline -0.007 -4"><span class='ocrx_word' id='word_1_534' title='bbox 2181 1168 2521 1222; x_wconf 81' lang='lat' dir='ltr'><strong>obstrttamus</strong></span> <span class='ocrx_word' id='word_1_535' title='bbox 2569 1163 2782 1218; x_wconf 90' lang='lat' dir='ltr'><strong>illorum</strong></span> <span class='ocrx_word' id='word_1_536' title='bbox 2822 1160 2977 1215; x_wconf 89' lang='lat' dir='ltr'><strong>dictis</strong></span> <span class='ocrx_word' id='word_1_537' title='bbox 3022 1173 3201 1224; x_wconf 90' lang='lat' dir='ltr'><strong>aures,</strong></span> <span class='ocrx_word' id='word_1_538' title='bbox 3250 1156 3531 1211; x_wconf 89' lang='lat' dir='ltr'><strong>credamus</strong></span> <span class='ocrx_word' id='word_1_539' title='bbox 3569 1155 3761 1210; x_wconf 62' lang='lat' dir='ltr'><strong>divinae</strong></span> 
     </span>
    </p>
   </div>
   <div class='ocr_carea' id='block_1_72' title="bbox 2180 1248 3763 1328">
    <p class='ocr_par' dir='ltr' id='par_1_72' title="bbox 2180 1248 3763 1328">
     <span class='ocr_line' id='line_1_72' title="bbox 2180 1248 3763 1328; baseline -0.009 -14"><span class='ocrx_word' id='word_1_540' title='bbox 2180 1259 2495 1328; x_wconf 75' lang='lat' dir='ltr'><strong>Scriptum,</strong></span> <span class='ocrx_word' id='word_1_541' title='bbox 2527 1265 2686 1325; x_wconf 89' lang='lat' dir='ltr'><strong>atque</strong></span> <span class='ocrx_word' id='word_1_542' title='bbox 2708 1270 2769 1308; x_wconf 87' lang='lat' dir='ltr'><strong>ea</strong></span> <span class='ocrx_word' id='word_1_543' title='bbox 2812 1269 2931 1324; x_wconf 74' lang='lat' dir='ltr'><strong>qua:</strong></span> <span class='ocrx_word' id='word_1_544' title='bbox 2971 1250 3022 1305; x_wconf 93' lang='lat' dir='ltr'><strong>in</strong></span> <span class='ocrx_word' id='word_1_545' title='bbox 3051 1250 3140 1304; x_wconf 88' lang='lat' dir='ltr'><strong>illa</strong></span> <span class='ocrx_word' id='word_1_546' title='bbox 3188 1248 3437 1304; x_wconf 90' lang='lat' dir='ltr'><strong>dicuntur</strong></span> <span class='ocrx_word' id='word_1_547' title='bbox 3476 1256 3763 1313; x_wconf 84' lang='lat' dir='ltr'><strong>sectantes,</strong></span> 
     </span>
    </p>
   </div>
   <div class='ocr_carea' id='block_1_73' title="bbox 2184 1341 3768 1409">
    <p class='ocr_par' dir='ltr' id='par_1_73' title="bbox 2184 1341 3768 1409">
     <span class='ocr_line' id='line_1_73' title="bbox 2184 1341 3768 1409; baseline -0.011 -1"><span class='ocrx_word' id='word_1_548' title='bbox 2184 1367 2367 1408; x_wconf 77' lang='lat' dir='ltr'><strong>Sanam</strong></span> <span class='ocrx_word' id='word_1_549' title='bbox 2406 1350 2705 1405; x_wconf 89' lang='lat' dir='ltr'><strong>doctrinam</strong></span> <span class='ocrx_word' id='word_1_550' title='bbox 2748 1347 2802 1401; x_wconf 92' lang='lat' dir='ltr'><strong>in</strong></span> <span class='ocrx_word' id='word_1_551' title='bbox 2844 1344 3039 1399; x_wconf 88' lang='lat' dir='ltr'><strong>animis</strong></span> <span class='ocrx_word' id='word_1_552' title='bbox 3086 1341 3284 1398; x_wconf 88' lang='lat' dir='ltr'><strong>nostris</strong></span> <span class='ocrx_word' id='word_1_553' title='bbox 3325 1355 3588 1409; x_wconf 89' lang='lat' dir='ltr'><strong>reponere</strong></span> <span class='ocrx_word' id='word_1_554' title='bbox 3628 1347 3768 1393; x_wconf 80' lang='lat' dir='ltr'><strong>sata-</strong></span> 
     </span>
    </p>
   </div>
   <div class='ocr_carea' id='block_1_74' title="bbox 2183 1433 3770 1515">
    <p class='ocr_par' dir='ltr' id='par_1_74' title="bbox 2183 1433 3770 1515">
     <span class='ocr_line' id='line_1_74' title="bbox 2183 1433 3770 1515; baseline -0.009 -17"><span class='ocrx_word' id='word_1_555' title='bbox 2183 1458 2390 1515; x_wconf 88' lang='lat' dir='ltr'><strong>gamus,</strong></span> <span class='ocrx_word' id='word_1_556' title='bbox 2418 1441 2742 1511; x_wconf 90' lang='lat' dir='ltr'><strong>insuperquc</strong></span> <span class='ocrx_word' id='word_1_557' title='bbox 2767 1437 2929 1492; x_wconf 87' lang='lat' dir='ltr'><strong>vitam</strong></span> <span class='ocrx_word' id='word_1_558' title='bbox 2951 1433 3608 1506; x_wconf 87' lang='lat' dir='ltr'><strong>diligenterinstituamus,</strong></span> <span class='ocrx_word' id='word_1_559' title='bbox 3639 1439 3693 1483; x_wconf 92' lang='lat' dir='ltr'><strong>ut</strong></span> <span class='ocrx_word' id='word_1_560' title='bbox 3717 1440 3770 1485; x_wconf 83' lang='lat' dir='ltr'><strong>et</strong></span> 
     </span>
    </p>
   </div>
   <div class='ocr_carea' id='block_1_75' title="bbox 2186 1520 3769 1606">
    <p class='ocr_par' dir='ltr' id='par_1_75' title="bbox 2186 1520 3769 1606">
     <span class='ocr_line' id='line_1_75' title="bbox 2186 1520 3769 1606; baseline -0.011 -16"><span class='ocrx_word' id='word_1_561' title='bbox 2186 1535 2300 1606; x_wconf 90' lang='lat' dir='ltr'><strong>ipsa</strong></span> <span class='ocrx_word' id='word_1_562' title='bbox 2343 1534 2452 1588; x_wconf 86' lang='lat' dir='ltr'><strong>vita</strong></span> <span class='ocrx_word' id='word_1_563' title='bbox 2496 1534 2567 1586; x_wconf 89' lang='lat' dir='ltr'><strong>sit</strong></span> <span class='ocrx_word' id='word_1_564' title='bbox 2608 1529 2867 1585; x_wconf 75' lang='lat' dir='ltr'><strong>doctrina:</strong></span> <span class='ocrx_word' id='word_1_565' title='bbox 2913 1526 3171 1592; x_wconf 90' lang='lat' dir='ltr'><strong>testis,et</strong></span> <span class='ocrx_word' id='word_1_566' title='bbox 3214 1523 3461 1595; x_wconf 88' lang='lat' dir='ltr'><strong>dogmata</strong></span> <span class='ocrx_word' id='word_1_567' title='bbox 3510 1521 3622 1591; x_wconf 88' lang='lat' dir='ltr'><strong>ipsa</strong></span> <span class='ocrx_word' id='word_1_568' title='bbox 3649 1520 3769 1573; x_wconf 61' lang='lat' dir='ltr'><strong>vita;</strong></span> 
     </span>
    </p>
   </div>
   <div class='ocr_carea' id='block_1_76' title="bbox 2191 1616 3770 1691">
    <p class='ocr_par' dir='ltr' id='par_1_76' title="bbox 2191 1616 3770 1691">
     <span class='ocr_line' id='line_1_76' title="bbox 2191 1616 3770 1691; baseline -0.011 -9"><span class='ocrx_word' id='word_1_569' title='bbox 2191 1628 2349 1682; x_wconf 89' lang='lat' dir='ltr'><strong>ﬁdem</strong></span> <span class='ocrx_word' id='word_1_570' title='bbox 2380 1625 2593 1679; x_wconf 82' lang='lat' dir='ltr'><strong>faciant.</strong></span> <span class='ocrx_word' id='word_1_571' title='bbox 2623 1623 2756 1678; x_wconf 87' lang='lat' dir='ltr'><strong>Nam</strong></span> <span class='ocrx_word' id='word_1_572' title='bbox 2795 1626 2839 1676; x_wconf 91' lang='lat' dir='ltr'><strong>si</strong></span> <span class='ocrx_word' id='word_1_573' title='bbox 2886 1620 3130 1691; x_wconf 89' lang='lat' dir='ltr'><strong>dogmata</strong></span> <span class='ocrx_word' id='word_1_574' title='bbox 3163 1616 3375 1688; x_wconf 87' lang='lat' dir='ltr'><strong>quidem</strong></span> <span class='ocrx_word' id='word_1_575' title='bbox 3413 1625 3557 1671; x_wconf 79' lang='lat' dir='ltr'><strong>recta</strong></span> <span class='ocrx_word' id='word_1_576' title='bbox 3590 1624 3770 1669; x_wconf 79' lang='lat' dir='ltr'><strong>tenea-</strong></span> 
     </span>
    </p>
   </div>
   <div class='ocr_carea' id='block_1_77' title="bbox 2191 1705 3773 1786">
    <p class='ocr_par' dir='ltr' id='par_1_77' title="bbox 2191 1705 3773 1786">
     <span class='ocr_line' id='line_1_77' title="bbox 2191 1705 3773 1786; baseline -0.009 -14"><span class='ocrx_word' id='word_1_577' title='bbox 2191 1734 2327 1783; x_wconf 90' lang='lat' dir='ltr'><strong>mus,</strong></span> <span class='ocrx_word' id='word_1_578' title='bbox 2359 1718 2629 1786; x_wconf 81' lang='lat' dir='ltr'><strong>vitamque</strong></span> <span class='ocrx_word' id='word_1_579' title='bbox 2652 1725 2828 1769; x_wconf 90' lang='lat' dir='ltr'><strong>tamen</strong></span> <span class='ocrx_word' id='word_1_580' title='bbox 2858 1713 3207 1782; x_wconf 83' lang='lat' dir='ltr'><strong>ncgligamus,</strong></span> <span class='ocrx_word' id='word_1_581' title='bbox 3236 1707 3366 1762; x_wconf 88' lang='lat' dir='ltr'><strong>nihil</strong></span> <span class='ocrx_word' id='word_1_582' title='bbox 3390 1706 3440 1761; x_wconf 90' lang='lat' dir='ltr'><strong>id</strong></span> <span class='ocrx_word' id='word_1_583' title='bbox 3470 1705 3622 1760; x_wconf 90' lang='lat' dir='ltr'><strong>nobis</strong></span> <span class='ocrx_word' id='word_1_584' title='bbox 3653 1720 3773 1775; x_wconf 84' lang='lat' dir='ltr'><strong>pro-</strong></span> 
     </span>
    </p>
   </div>
   <div class='ocr_carea' id='block_1_78' title="bbox 2193 1801 3774 1881">
    <p class='ocr_par' dir='ltr' id='par_1_78' title="bbox 2193 1801 3774 1881">
     <span class='ocr_line' id='line_1_78' title="bbox 2193 1801 3774 1881; baseline -0.013 -14"><span class='ocrx_word' id='word_1_585' title='bbox 2193 1813 2367 1877; x_wconf 88' lang='lat' dir='ltr'><strong>derit;</strong></span> <span class='ocrx_word' id='word_1_586' title='bbox 2395 1809 2699 1881; x_wconf 87' lang='lat' dir='ltr'><strong>pariterque</strong></span> <span class='ocrx_word' id='word_1_587' title='bbox 2730 1807 2774 1861; x_wconf 91' lang='lat' dir='ltr'><strong>si</strong></span> <span class='ocrx_word' id='word_1_588' title='bbox 2808 1805 2927 1859; x_wconf 69' lang='lat' dir='ltr'><strong>vita!</strong></span> <span class='ocrx_word' id='word_1_589' title='bbox 2951 1819 3133 1859; x_wconf 89' lang='lat' dir='ltr'><strong>curam</strong></span> <span class='ocrx_word' id='word_1_590' title='bbox 3161 1801 3473 1863; x_wconf 88' lang='lat' dir='ltr'><strong>habeamus,</strong></span> <span class='ocrx_word' id='word_1_591' title='bbox 3505 1807 3774 1854; x_wconf 89' lang='lat' dir='ltr'><strong>rectorum</strong></span> 
     </span>
    </p>
   </div>
   <div class='ocr_carea' id='block_1_79' title="bbox 2197 1893 3773 1973">
    <p class='ocr_par' dir='ltr' id='par_1_79' title="bbox 2197 1893 3773 1973">
     <span class='ocr_line' id='line_1_79' title="bbox 2197 1893 3773 1973; baseline -0.012 -12"><span class='ocrx_word' id='word_1_592' title='bbox 2197 1914 2374 1961; x_wconf 90' lang='lat' dir='ltr'><strong>autem</strong></span> <span class='ocrx_word' id='word_1_593' title='bbox 2398 1903 2704 1973; x_wconf 89' lang='lat' dir='ltr'><strong>dogmatum</strong></span> <span class='ocrx_word' id='word_1_594' title='bbox 2744 1899 2961 1954; x_wconf 90' lang='lat' dir='ltr'><strong>minimc</strong></span> <span class='ocrx_word' id='word_1_595' title='bbox 2982 1938 2998 1964; x_wconf 88' lang='lat'><strong>,</strong></span> <span class='ocrx_word' id='word_1_596' title='bbox 3029 1895 3161 1950; x_wconf 91' lang='lat' dir='ltr'><strong>nihil</strong></span> <span class='ocrx_word' id='word_1_597' title='bbox 3191 1894 3256 1948; x_wconf 89' lang='lat' dir='ltr'><strong>ad</strong></span> <span class='ocrx_word' id='word_1_598' title='bbox 3286 1893 3513 1949; x_wconf 89' lang='lat' dir='ltr'><strong>salutem</strong></span> <span class='ocrx_word' id='word_1_599' title='bbox 3540 1898 3773 1945; x_wconf 90' lang='lat' dir='ltr'><strong>nostram</strong></span> 
     </span>
    </p>
   </div>
   <div class='ocr_carea' id='block_1_80' title="bbox 2197 1982 3778 2063">
    <p class='ocr_par' dir='ltr' id='par_1_80' title="bbox 2197 1982 3778 2063">
     <span class='ocr_line' id='line_1_80' title="bbox 2197 1982 3778 2063; baseline -0.011 -13"><span class='ocrx_word' id='word_1_600' title='bbox 2197 1998 2323 2052; x_wconf 90' lang='lat' dir='ltr'><strong>utile</strong></span> <span class='ocrx_word' id='word_1_601' title='bbox 2351 1995 2543 2051; x_wconf 90' lang='lat' dir='ltr'><strong>lucrari</strong></span> <span class='ocrx_word' id='word_1_602' title='bbox 2576 1992 2886 2063; x_wconf 80' lang='lat' dir='ltr'><strong>poterimus.</strong></span> <span class='ocrx_word' id='word_1_603' title='bbox 2924 1990 3026 2043; x_wconf 82' lang='lat' dir='ltr'><strong>Par</strong></span> <span class='ocrx_word' id='word_1_604' title='bbox 3052 1996 3133 2042; x_wconf 90' lang='lat' dir='ltr'><strong>est</strong></span> <span class='ocrx_word' id='word_1_605' title='bbox 3176 1986 3342 2051; x_wconf 91' lang='lat' dir='ltr'><strong>enim,</strong></span> <span class='ocrx_word' id='word_1_606' title='bbox 3380 1983 3423 2038; x_wconf 94' lang='lat' dir='ltr'><strong>si</strong></span> <span class='ocrx_word' id='word_1_607' title='bbox 3455 1982 3778 2037; x_wconf 86' lang='lat' dir='ltr'><strong>voluerimus</strong></span> 
     </span>
    </p>
   </div>
   <div class='ocr_carea' id='block_1_81' title="bbox 2196 2076 3779 2160">
    <p class='ocr_par' dir='ltr' id='par_1_81' title="bbox 2196 2076 3779 2160">
     <span class='ocr_line' id='line_1_81' title="bbox 2196 2076 3779 2160; baseline -0.012 -14"><span class='ocrx_word' id='word_1_608' title='bbox 2196 2100 2251 2146; x_wconf 87' lang='lat' dir='ltr'><strong>et</strong></span> <span class='ocrx_word' id='word_1_609' title='bbox 2279 2105 2307 2143; x_wconf 90' lang='lat' dir='ltr'><strong>a</strong></span> <span class='ocrx_word' id='word_1_610' title='bbox 2350 2089 2589 2160; x_wconf 85' lang='lat' dir='ltr'><strong>gehenna</strong></span> <span class='ocrx_word' id='word_1_611' title='bbox 2619 2084 2862 2147; x_wconf 86' lang='lat' dir='ltr'><strong>liberari.</strong></span> <span class='ocrx_word' id='word_1_612' title='bbox 2891 2093 2945 2137; x_wconf 89' lang='lat' dir='ltr'><strong>et</strong></span> <span class='ocrx_word' id='word_1_613' title='bbox 2972 2095 3189 2152; x_wconf 88' lang='lat' dir='ltr'><strong>regnum</strong></span> <span class='ocrx_word' id='word_1_614' title='bbox 3236 2076 3522 2146; x_wconf 88' lang='lat' dir='ltr'><strong>consequi,</strong></span> <span class='ocrx_word' id='word_1_615' title='bbox 3555 2083 3779 2144; x_wconf 85' lang='lat' dir='ltr'><strong>utroque</strong></span> 
     </span>
    </p>
   </div>
   <div class='ocr_carea' id='block_1_82' title="bbox 2198 2163 3778 2248">
    <p class='ocr_par' dir='ltr' id='par_1_82' title="bbox 2198 2163 3778 2248">
     <span class='ocr_line' id='line_1_82' title="bbox 2198 2163 3778 2248; baseline -0.013 -11"><span class='ocrx_word' id='word_1_616' title='bbox 2198 2181 2398 2248; x_wconf 88' lang='lat' dir='ltr'><strong>ornari,</strong></span> <span class='ocrx_word' id='word_1_617' title='bbox 2440 2189 2494 2234; x_wconf 92' lang='lat' dir='ltr'><strong>et</strong></span> <span class='ocrx_word' id='word_1_618' title='bbox 2523 2178 2671 2233; x_wconf 90' lang='lat' dir='ltr'><strong>sanis</strong></span> <span class='ocrx_word' id='word_1_619' title='bbox 2708 2172 3066 2244; x_wconf 85' lang='lat' dir='ltr'><strong>dogmatibus,</strong></span> <span class='ocrx_word' id='word_1_620' title='bbox 3095 2180 3148 2224; x_wconf 89' lang='lat' dir='ltr'><strong>et</strong></span> <span class='ocrx_word' id='word_1_621' title='bbox 3179 2169 3299 2222; x_wconf 75' lang='lat' dir='ltr'><strong>vitae</strong></span> <span class='ocrx_word' id='word_1_622' title='bbox 3337 2181 3485 2221; x_wconf 89' lang='lat' dir='ltr'><strong>cura.</strong></span> <span class='ocrx_word' id='word_1_623' title='bbox 3518 2165 3646 2231; x_wconf 78' lang='lat' dir='ltr'><strong>Qua:</strong></span> <span class='ocrx_word' id='word_1_624' title='bbox 3673 2163 3778 2217; x_wconf 89' lang='lat' dir='ltr'><strong>uti-</strong></span> 
     </span>
    </p>
   </div>
   <div class='ocr_carea' id='block_1_83' title="bbox 2200 2257 3781 2342">
    <p class='ocr_par' dir='ltr' id='par_1_83' title="bbox 2200 2257 3781 2342">
     <span class='ocr_line' id='line_1_83' title="bbox 2200 2257 3781 2342; baseline -0.014 -13"><span class='ocrx_word' id='word_1_625' title='bbox 2200 2276 2341 2340; x_wconf 88' lang='lat' dir='ltr'><strong>litas,</strong></span> <span class='ocrx_word' id='word_1_626' title='bbox 2365 2286 2569 2342; x_wconf 66' lang='lat' dir='ltr'><strong>quaeso,</strong></span> <span class='ocrx_word' id='word_1_627' title='bbox 2598 2269 2804 2323; x_wconf 88' lang='lat' dir='ltr'><strong>arboris</strong></span> <span class='ocrx_word' id='word_1_628' title='bbox 2827 2264 3076 2336; x_wconf 69' lang='lat' dir='ltr'><strong>prtcaltzr,</strong></span> <span class='ocrx_word' id='word_1_629' title='bbox 3104 2272 3154 2317; x_wconf 89' lang='lat' dir='ltr'><strong>et</strong></span> <span class='ocrx_word' id='word_1_630' title='bbox 3184 2260 3325 2315; x_wconf 84' lang='lat' dir='ltr'><strong>foliis</strong></span> <span class='ocrx_word' id='word_1_631' title='bbox 3353 2257 3642 2323; x_wconf 86' lang='lat' dir='ltr'><strong>vernantis,</strong></span> <span class='ocrx_word' id='word_1_632' title='bbox 3665 2272 3781 2326; x_wconf 72' lang='lat' dir='ltr'><strong>quae</strong></span> 
     </span>
    </p>
   </div>
   <div class='ocr_carea' id='block_1_84' title="bbox 2202 2348 3783 2420">
    <p class='ocr_par' dir='ltr' id='par_1_84' title="bbox 2202 2348 3783 2420">
     <span class='ocr_line' id='line_1_84' title="bbox 2202 2348 3783 2420; baseline -0.014 0"><span class='ocrx_word' id='word_1_633' title='bbox 2202 2364 2461 2420; x_wconf 74' lang='lat' dir='ltr'><strong>fluctibus</strong></span> <span class='ocrx_word' id='word_1_634' title='bbox 2489 2375 2655 2415; x_wconf 88' lang='lat' dir='ltr'><strong>vacua</strong></span> <span class='ocrx_word' id='word_1_635' title='bbox 2698 2358 2805 2413; x_wconf 91' lang='lat' dir='ltr'><strong>sit?</strong></span> <span class='ocrx_word' id='word_1_636' title='bbox 2838 2356 2924 2412; x_wconf 90' lang='lat' dir='ltr'><strong>Sic</strong></span> <span class='ocrx_word' id='word_1_637' title='bbox 2951 2364 3003 2410; x_wconf 92' lang='lat' dir='ltr'><strong>et</strong></span> <span class='ocrx_word' id='word_1_638' title='bbox 3044 2352 3347 2409; x_wconf 84' lang='lat' dir='ltr'><strong>Christiano</strong></span> <span class='ocrx_word' id='word_1_639' title='bbox 3389 2348 3520 2403; x_wconf 90' lang='lat' dir='ltr'><strong>nihil</strong></span> <span class='ocrx_word' id='word_1_640' title='bbox 3564 2355 3783 2418; x_wconf 88' lang='lat' dir='ltr'><strong>prosunt</strong></span> 
     </span>
    </p>
   </div>
   <div class='ocr_carea' id='block_1_85' title="bbox 2204 2438 3786 2525">
    <p class='ocr_par' dir='ltr' id='par_1_85' title="bbox 2204 2438 3786 2525">
     <span class='ocr_line' id='line_1_85' title="bbox 2204 2438 3786 2525; baseline -0.013 -13"><span class='ocrx_word' id='word_1_641' title='bbox 2204 2467 2349 2512; x_wconf 87' lang='lat' dir='ltr'><strong>recta</strong></span> <span class='ocrx_word' id='word_1_642' title='bbox 2400 2455 2687 2525; x_wconf 88' lang='lat' dir='ltr'><strong>dogmata,</strong></span> <span class='ocrx_word' id='word_1_643' title='bbox 2744 2451 2789 2506; x_wconf 93' lang='lat' dir='ltr'><strong>si</strong></span> <span class='ocrx_word' id='word_1_644' title='bbox 2834 2450 2957 2504; x_wconf 71' lang='lat' dir='ltr'><strong>vitae</strong></span> <span class='ocrx_word' id='word_1_645' title='bbox 3018 2447 3313 2502; x_wconf 89' lang='lat' dir='ltr'><strong>institutum</strong></span> <span class='ocrx_word' id='word_1_646' title='bbox 3363 2442 3610 2513; x_wconf 84' lang='lat' dir='ltr'><strong>negligat.</strong></span> <span class='ocrx_word' id='word_1_647' title='bbox 3661 2438 3786 2493; x_wconf 77' lang='lat' dir='ltr'><strong>Ideo</strong></span> 
     </span>
    </p>
   </div>
   <div class='ocr_carea' id='block_1_86' title="bbox 2203 2533 3786 2606">
    <p class='ocr_par' dir='ltr' id='par_1_86' title="bbox 2203 2533 3786 2606">
     <span class='ocr_line' id='line_1_86' title="bbox 2203 2533 3786 2606; baseline -0.013 -1"><span class='ocrx_word' id='word_1_648' title='bbox 2203 2550 2451 2606; x_wconf 89' lang='lat' dir='ltr'><strong>Christus</strong></span> <span class='ocrx_word' id='word_1_649' title='bbox 2503 2546 2635 2602; x_wconf 82' lang='lat' dir='ltr'><strong>tales</strong></span> <span class='ocrx_word' id='word_1_650' title='bbox 2674 2545 2917 2598; x_wconf 89' lang='lat' dir='ltr'><strong>homines</strong></span> <span class='ocrx_word' id='word_1_651' title='bbox 2952 2543 3137 2597; x_wconf 89' lang='lat' dir='ltr'><strong>beatos</strong></span> <span class='ocrx_word' id='word_1_652' title='bbox 3175 2537 3425 2593; x_wconf 83' lang='lat' dir='ltr'><strong>dicebat:</strong></span> <span class='ocrx_word' id='word_1_653' title='bbox 3476 2533 3662 2588; x_wconf 82' lang='lat' dir='ltr'><strong>Beatus</strong></span> <span class='ocrx_word' id='word_1_654' title='bbox 3702 2535 3786 2602; x_wconf 87' lang='lat' dir='ltr'><strong>qui</strong></span> 
     </span>
    </p>
   </div>
   <div class='ocr_carea' id='block_1_87' title="bbox 2206 2628 3784 2715">
    <p class='ocr_par' dir='ltr' id='par_1_87' title="bbox 2206 2628 3784 2715">
     <span class='ocr_line' id='line_1_87' title="bbox 2206 2628 3784 2715; baseline -0.011 -18"><span class='ocrx_word' id='word_1_655' title='bbox 2206 2642 2397 2715; x_wconf 85' lang='lat' dir='ltr'><strong>fecerit,</strong></span> <span class='ocrx_word' id='word_1_656' title='bbox 2426 2649 2472 2695; x_wconf 87' lang='lat' dir='ltr'><strong>et</strong></span> <span class='ocrx_word' id='word_1_657' title='bbox 2494 2640 2719 2694; x_wconf 82' lang='lat' dir='ltr'><strong>docuerit</strong></span> <span class='ocrx_word' id='word_1_658' title='bbox 2748 2635 2961 2710; x_wconf 74' lang='lat' dir='ltr'><strong>(Matth.</strong></span> <span class='ocrx_word' id='word_1_659' title='bbox 2989 2634 3043 2689; x_wconf 82' lang='lat'><strong>5.</strong></span> <span class='ocrx_word' id='word_1_660' title='bbox 3075 2631 3188 2706; x_wconf 85' lang='grc'><strong>19).</strong></span> <span class='ocrx_word' id='word_1_661' title='bbox 3218 2630 3349 2686; x_wconf 83' lang='lat' dir='ltr'><strong>Nam</strong></span> <span class='ocrx_word' id='word_1_662' title='bbox 3379 2628 3620 2684; x_wconf 84' lang='lat' dir='ltr'><strong>doctrina</strong></span> <span class='ocrx_word' id='word_1_663' title='bbox 3654 2640 3784 2696; x_wconf 88' lang='lat' dir='ltr'><strong>ope-</strong></span> 
     </span>
    </p>
   </div>
   <div class='ocr_carea' id='block_1_88' title="bbox 2208 2715 3787 2803">
    <p class='ocr_par' dir='ltr' id='par_1_88' title="bbox 2208 2715 3787 2803">
     <span class='ocr_line' id='line_1_88' title="bbox 2208 2715 3787 2803; baseline -0.011 -14"><span class='ocrx_word' id='word_1_664' title='bbox 2208 2750 2325 2790; x_wconf 91' lang='lat' dir='ltr'><strong>rum</strong></span> <span class='ocrx_word' id='word_1_665' title='bbox 2356 2734 2509 2803; x_wconf 90' lang='lat' dir='ltr'><strong>longe</strong></span> <span class='ocrx_word' id='word_1_666' title='bbox 2546 2728 2847 2786; x_wconf 86' lang='lat' dir='ltr'><strong>accuratior</strong></span> <span class='ocrx_word' id='word_1_667' title='bbox 2885 2736 2940 2781; x_wconf 90' lang='lat' dir='ltr'><strong>et</strong></span> <span class='ocrx_word' id='word_1_668' title='bbox 2982 2724 3087 2780; x_wconf 90' lang='lat' dir='ltr'><strong>ﬁde</strong></span> <span class='ocrx_word' id='word_1_669' title='bbox 3115 2722 3325 2792; x_wconf 86' lang='lat' dir='ltr'><strong>dignior</strong></span> <span class='ocrx_word' id='word_1_670' title='bbox 3352 2729 3435 2775; x_wconf 90' lang='lat' dir='ltr'><strong>est</strong></span> <span class='ocrx_word' id='word_1_671' title='bbox 3455 2761 3469 2785; x_wconf 96' lang='lat'><strong>,</strong></span> <span class='ocrx_word' id='word_1_672' title='bbox 3499 2732 3661 2789; x_wconf 87' lang='lat' dir='ltr'><strong>quam</strong></span> <span class='ocrx_word' id='word_1_673' title='bbox 3693 2715 3787 2773; x_wconf 46' lang='lat' dir='ltr'><strong>do.</strong></span> 
     </span>
    </p>
   </div>
   <div class='ocr_carea' id='block_1_89' title="bbox 2209 2807 3788 2885">
    <p class='ocr_par' dir='ltr' id='par_1_89' title="bbox 2209 2807 3788 2885">
     <span class='ocr_line' id='line_1_89' title="bbox 2209 2807 3788 2885; baseline -0.014 -4"><span class='ocrx_word' id='word_1_674' title='bbox 2209 2824 2381 2882; x_wconf 89' lang='lat' dir='ltr'><strong>ctrina</strong></span> <span class='ocrx_word' id='word_1_675' title='bbox 2410 2822 2695 2878; x_wconf 90' lang='lat' dir='ltr'><strong>verborum</strong></span> <span class='ocrx_word' id='word_1_676' title='bbox 2723 2839 2737 2873; x_wconf 92' lang='lat'>:</span> <span class='ocrx_word' id='word_1_677' title='bbox 2769 2818 2969 2874; x_wconf 90' lang='lat' dir='ltr'><strong>etenim</strong></span> <span class='ocrx_word' id='word_1_678' title='bbox 2993 2815 3082 2885; x_wconf 88' lang='lat' dir='ltr'><strong>qui</strong></span> <span class='ocrx_word' id='word_1_679' title='bbox 3110 2816 3249 2871; x_wconf 88' lang='lat' dir='ltr'><strong>bene</strong></span> <span class='ocrx_word' id='word_1_680' title='bbox 3291 2811 3429 2881; x_wconf 81' lang='lat' dir='ltr'><strong>agit,</strong></span> <span class='ocrx_word' id='word_1_681' title='bbox 3455 2807 3665 2865; x_wconf 77' lang='lat' dir='ltr'><strong>etiamsi</strong></span> <span class='ocrx_word' id='word_1_682' title='bbox 3711 2818 3788 2861; x_wconf 87' lang='lat' dir='ltr'><strong>ta-</strong></span> 
     </span>
    </p>
   </div>
   <div class='ocr_carea' id='block_1_90' title="bbox 2211 2901 3791 2985">
    <p class='ocr_par' dir='ltr' id='par_1_90' title="bbox 2211 2901 3791 2985">
     <span class='ocr_line' id='line_1_90' title="bbox 2211 2901 3791 2985; baseline -0.015 -11"><span class='ocrx_word' id='word_1_683' title='bbox 2211 2926 2354 2985; x_wconf 84' lang='lat' dir='ltr'><strong>ceat,</strong></span> <span class='ocrx_word' id='word_1_684' title='bbox 2374 2931 2473 2972; x_wconf 89' lang='lat' dir='ltr'><strong>nec</strong></span> <span class='ocrx_word' id='word_1_685' title='bbox 2493 2914 2756 2977; x_wconf 89' lang='lat' dir='ltr'><strong>videatur,</strong></span> <span class='ocrx_word' id='word_1_686' title='bbox 2785 2912 3065 2966; x_wconf 88' lang='lat' dir='ltr'><strong>instituere</strong></span> <span class='ocrx_word' id='word_1_687' title='bbox 3091 2915 3286 2979; x_wconf 88' lang='lat' dir='ltr'><strong>potest,</strong></span> <span class='ocrx_word' id='word_1_688' title='bbox 3311 2902 3445 2960; x_wconf 87' lang='lat' dir='ltr'><strong>alios</strong></span> <span class='ocrx_word' id='word_1_689' title='bbox 3469 2901 3673 2958; x_wconf 89' lang='lat' dir='ltr'><strong>scilicet</strong></span> <span class='ocrx_word' id='word_1_690' title='bbox 3700 2914 3791 2970; x_wconf 83' lang='lat' dir='ltr'><strong>per</strong></span> 
     </span>
    </p>
   </div>
   <div class='ocr_carea' id='block_1_91' title="bbox 2213 2992 3794 3080">
    <p class='ocr_par' dir='ltr' id='par_1_91' title="bbox 2213 2992 3794 3080">
     <span class='ocr_line' id='line_1_91' title="bbox 2213 2992 3794 3080; baseline -0.013 -14"><span class='ocrx_word' id='word_1_691' title='bbox 2213 3011 2555 3080; x_wconf 88' lang='lat' dir='ltr'><strong>adspeetum,</strong></span> <span class='ocrx_word' id='word_1_692' title='bbox 2588 3007 2722 3061; x_wconf 85' lang='lat' dir='ltr'><strong>alius</strong></span> <span class='ocrx_word' id='word_1_693' title='bbox 2762 3019 2859 3075; x_wconf 90' lang='lat' dir='ltr'><strong>per</strong></span> <span class='ocrx_word' id='word_1_694' title='bbox 2887 3017 3076 3067; x_wconf 84' lang='lat' dir='ltr'><strong>aures;</strong></span> <span class='ocrx_word' id='word_1_695' title='bbox 3121 3001 3341 3070; x_wconf 90' lang='lat' dir='ltr'><strong>ipseque</strong></span> <span class='ocrx_word' id='word_1_696' title='bbox 3381 2996 3547 3052; x_wconf 86' lang='lat' dir='ltr'><strong>multa</strong></span> <span class='ocrx_word' id='word_1_697' title='bbox 3590 2993 3681 3049; x_wconf 91' lang='lat' dir='ltr'><strong>Dei</strong></span> <span class='ocrx_word' id='word_1_698' title='bbox 3703 2992 3794 3048; x_wconf 84' lang='lat' dir='ltr'><strong>be-</strong></span> 
     </span>
    </p>
   </div>
   <div class='ocr_carea' id='block_1_92' title="bbox 2214 3086 3796 3160">
    <p class='ocr_par' dir='ltr' id='par_1_92' title="bbox 2214 3086 3796 3160">
     <span class='ocr_line' id='line_1_92' title="bbox 2214 3086 3796 3160; baseline -0.014 0"><span class='ocrx_word' id='word_1_699' title='bbox 2214 3102 2517 3160; x_wconf 85' lang='lat' dir='ltr'><strong>nevolentia</strong></span> <span class='ocrx_word' id='word_1_700' title='bbox 2561 3100 2787 3159; x_wconf 88' lang='lat' dir='ltr'><strong>fruetur,</strong></span> <span class='ocrx_word' id='word_1_701' title='bbox 2826 3096 2953 3152; x_wconf 90' lang='lat' dir='ltr'><strong>dum</strong></span> <span class='ocrx_word' id='word_1_702' title='bbox 2984 3094 3035 3150; x_wconf 91' lang='lat' dir='ltr'><strong>id</strong></span> <span class='ocrx_word' id='word_1_703' title='bbox 3073 3094 3234 3148; x_wconf 81' lang='lat' dir='ltr'><strong>efficit</strong></span> <span class='ocrx_word' id='word_1_704' title='bbox 3259 3101 3318 3146; x_wconf 88' lang='lat' dir='ltr'><strong>ut</strong></span> <span class='ocrx_word' id='word_1_705' title='bbox 3365 3105 3471 3145; x_wconf 93' lang='lat' dir='ltr'><strong>non</strong></span> <span class='ocrx_word' id='word_1_706' title='bbox 3500 3086 3658 3143; x_wconf 89' lang='lat' dir='ltr'><strong>modo</strong></span> <span class='ocrx_word' id='word_1_707' title='bbox 3700 3099 3796 3156; x_wconf 82' lang='lat' dir='ltr'><strong>per</strong></span> 
     </span>
    </p>
   </div>
   <div class='ocr_carea' id='block_1_93' title="bbox 2216 3177 3798 3265">
    <p class='ocr_par' dir='ltr' id='par_1_93' title="bbox 2216 3177 3798 3265">
     <span class='ocr_line' id='line_1_93' title="bbox 2216 3177 3798 3265; baseline -0.015 -15"><span class='ocrx_word' id='word_1_708' title='bbox 2216 3196 2484 3265; x_wconf 87' lang='lat' dir='ltr'><strong>seipsum,</strong></span> <span class='ocrx_word' id='word_1_709' title='bbox 2531 3191 2626 3247; x_wconf 91' lang='lat' dir='ltr'><strong>sed</strong></span> <span class='ocrx_word' id='word_1_710' title='bbox 2680 3191 2838 3245; x_wconf 88' lang='lat' dir='ltr'><strong>etiam</strong></span> <span class='ocrx_word' id='word_1_711' title='bbox 2884 3202 2978 3258; x_wconf 90' lang='lat' dir='ltr'><strong>per</strong></span> <span class='ocrx_word' id='word_1_712' title='bbox 3020 3201 3114 3242; x_wconf 88' lang='lat' dir='ltr'><strong>eos</strong></span> <span class='ocrx_word' id='word_1_713' title='bbox 3152 3185 3241 3256; x_wconf 89' lang='lat' dir='ltr'><strong>qui</strong></span> <span class='ocrx_word' id='word_1_714' title='bbox 3291 3182 3466 3253; x_wconf 89' lang='lat' dir='ltr'><strong>ipsum</strong></span> <span class='ocrx_word' id='word_1_715' title='bbox 3507 3177 3798 3248; x_wconf 85' lang='lat' dir='ltr'><strong>respiciunt</strong></span> 
     </span>
    </p>
   </div>
   <div class='ocr_carea' id='block_1_94' title="bbox 2218 3271 3799 3344">
    <p class='ocr_par' dir='ltr' id='par_1_94' title="bbox 2218 3271 3799 3344">
     <span class='ocr_line' id='line_1_94' title="bbox 2218 3271 3799 3344; baseline -0.015 -1"><span class='ocrx_word' id='word_1_716' title='bbox 2218 3286 2476 3343; x_wconf 87' lang='lat' dir='ltr'><strong>Dominus</strong></span> <span class='ocrx_word' id='word_1_717' title='bbox 2518 3298 2647 3339; x_wconf 88' lang='lat' dir='ltr'><strong>suus</strong></span> <span class='ocrx_word' id='word_1_718' title='bbox 2686 3281 3005 3337; x_wconf 89' lang='lat' dir='ltr'><strong>celebretur.</strong></span> <span class='ocrx_word' id='word_1_719' title='bbox 3044 3277 3142 3344; x_wconf 89' lang='lat' dir='ltr'><strong>Qui</strong></span> <span class='ocrx_word' id='word_1_720' title='bbox 3197 3271 3500 3343; x_wconf 88' lang='lat' dir='ltr'><strong>hujusmodi</strong></span> <span class='ocrx_word' id='word_1_721' title='bbox 3540 3279 3652 3333; x_wconf 84' lang='lat' dir='ltr'><strong>est,</strong></span> <span class='ocrx_word' id='word_1_722' title='bbox 3704 3281 3799 3337; x_wconf 77' lang='lat' dir='ltr'><strong>per</strong></span> 
     </span>
    </p>
   </div>
   <div class='ocr_carea' id='block_1_95' title="bbox 2219 3360 3799 3447">
    <p class='ocr_par' dir='ltr' id='par_1_95' title="bbox 2219 3360 3799 3447">
     <span class='ocr_line' id='line_1_95' title="bbox 2219 3360 3799 3447; baseline -0.016 -10"><span class='ocrx_word' id='word_1_723' title='bbox 2219 3387 2501 3437; x_wconf 76' lang='lat' dir='ltr'><strong>sexeentas</strong></span> <span class='ocrx_word' id='word_1_724' title='bbox 2531 3379 2738 3447; x_wconf 89' lang='lat' dir='ltr'><strong>linguas</strong></span> <span class='ocrx_word' id='word_1_725' title='bbox 2764 3384 2817 3430; x_wconf 91' lang='lat' dir='ltr'><strong>et</strong></span> <span class='ocrx_word' id='word_1_726' title='bbox 2844 3389 2938 3443; x_wconf 93' lang='lat' dir='ltr'><strong>per</strong></span> <span class='ocrx_word' id='word_1_727' title='bbox 2978 3372 3139 3425; x_wconf 85' lang='lat' dir='ltr'><strong>multa</strong></span> <span class='ocrx_word' id='word_1_728' title='bbox 3172 3384 3264 3422; x_wconf 88' lang='lat' dir='ltr'><strong>ora</strong></span> <span class='ocrx_word' id='word_1_729' title='bbox 3303 3366 3500 3437; x_wconf 81' lang='lat' dir='ltr'><strong>gratias</strong></span> <span class='ocrx_word' id='word_1_730' title='bbox 3534 3374 3586 3416; x_wconf 91' lang='lat' dir='ltr'><strong>et</strong></span> <span class='ocrx_word' id='word_1_731' title='bbox 3614 3360 3799 3415; x_wconf 88' lang='lat' dir='ltr'><strong>laudes</strong></span> 
     </span>
    </p>
   </div>
   <div class='ocr_carea' id='block_1_96' title="bbox 2218 3451 3800 3531">
    <p class='ocr_par' dir='ltr' id='par_1_96' title="bbox 2218 3451 3800 3531">
     <span class='ocr_line' id='line_1_96' title="bbox 2218 3451 3800 3531; baseline -0.016 -3"><span class='ocrx_word' id='word_1_732' title='bbox 2218 3470 2406 3528; x_wconf 78' lang='lat' dir='ltr'><strong>oﬂ&#39;eret</strong></span> <span class='ocrx_word' id='word_1_733' title='bbox 2430 3470 2798 3524; x_wconf 83' lang='lat' dir='ltr'><strong>universorum</strong></span> <span class='ocrx_word' id='word_1_734' title='bbox 2824 3467 2952 3519; x_wconf 91' lang='lat' dir='ltr'><strong>Deo.</strong></span> <span class='ocrx_word' id='word_1_735' title='bbox 2977 3462 3157 3531; x_wconf 78' lang='lat' dir='ltr'><strong>Neque</strong></span> <span class='ocrx_word' id='word_1_736' title='bbox 3183 3459 3324 3513; x_wconf 88' lang='lat' dir='ltr'><strong>enim</strong></span> <span class='ocrx_word' id='word_1_737' title='bbox 3349 3456 3458 3511; x_wconf 90' lang='lat' dir='ltr'><strong>noti</strong></span> <span class='ocrx_word' id='word_1_738' title='bbox 3479 3455 3650 3509; x_wconf 87' lang='lat' dir='ltr'><strong>solum</strong></span> <span class='ocrx_word' id='word_1_739' title='bbox 3678 3451 3800 3505; x_wconf 75' lang='lat' dir='ltr'><strong>vita:</strong></span> 
     </span>
    </p>
   </div>
   <div class='ocr_carea' id='block_1_97' title="bbox 2222 3545 3797 3624">
    <p class='ocr_par' dir='ltr' id='par_1_97' title="bbox 2222 3545 3797 3624">
     <span class='ocr_line' id='line_1_97' title="bbox 2222 3545 3797 3624; baseline -0.015 -6"><span class='ocrx_word' id='word_1_740' title='bbox 2222 3564 2361 3619; x_wconf 88' lang='lat' dir='ltr'><strong>illius</strong></span> <span class='ocrx_word' id='word_1_741' title='bbox 2388 3570 2573 3624; x_wconf 90' lang='lat' dir='ltr'><strong>testes,</strong></span> <span class='ocrx_word' id='word_1_742' title='bbox 2603 3568 2657 3613; x_wconf 88' lang='lat' dir='ltr'><strong>et</strong></span> <span class='ocrx_word' id='word_1_743' title='bbox 2684 3558 2829 3611; x_wconf 90' lang='lat' dir='ltr'><strong>illum</strong></span> <span class='ocrx_word' id='word_1_744' title='bbox 2860 3564 2914 3609; x_wconf 89' lang='lat' dir='ltr'><strong>et</strong></span> <span class='ocrx_word' id='word_1_745' title='bbox 2936 3553 3100 3622; x_wconf 80' lang='lat' dir='ltr'><strong>ipsius</strong></span> <span class='ocrx_word' id='word_1_746' title='bbox 3131 3549 3411 3605; x_wconf 89' lang='lat' dir='ltr'><strong>Dominum</strong></span> <span class='ocrx_word' id='word_1_747' title='bbox 3444 3545 3797 3601; x_wconf 84' lang='lat' dir='ltr'><strong>admirantur,</strong></span> 
     </span>
    </p>
   </div>
   <div class='ocr_carea' id='block_1_98' title="bbox 2222 3634 3801 3709">
    <p class='ocr_par' dir='ltr' id='par_1_98' title="bbox 2222 3634 3801 3709">
     <span class='ocr_line' id='line_1_98' title="bbox 2222 3634 3801 3709; baseline -0.016 1"><span class='ocrx_word' id='word_1_748' title='bbox 2222 3652 2318 3709; x_wconf 90' lang='lat' dir='ltr'><strong>sed</strong></span> <span class='ocrx_word' id='word_1_749' title='bbox 2342 3653 2504 3708; x_wconf 91' lang='lat' dir='ltr'><strong>etiam</strong></span> <span class='ocrx_word' id='word_1_750' title='bbox 2534 3665 2636 3703; x_wconf 88' lang='lat' dir='ltr'><strong>non</strong></span> <span class='ocrx_word' id='word_1_751' title='bbox 2667 3647 2779 3702; x_wconf 86' lang='lat' dir='ltr'><strong>noti</strong></span> <span class='ocrx_word' id='word_1_752' title='bbox 2805 3645 2871 3701; x_wconf 90' lang='lat' dir='ltr'><strong>ab</strong></span> <span class='ocrx_word' id='word_1_753' title='bbox 2900 3644 3019 3699; x_wconf 91' lang='lat' dir='ltr'><strong>aliis</strong></span> <span class='ocrx_word' id='word_1_754' title='bbox 3047 3642 3335 3705; x_wconf 87' lang='lat' dir='ltr'><strong>discentes,</strong></span> <span class='ocrx_word' id='word_1_755' title='bbox 3363 3648 3471 3692; x_wconf 92' lang='lat' dir='ltr'><strong>tum</strong></span> <span class='ocrx_word' id='word_1_756' title='bbox 3499 3635 3585 3706; x_wconf 91' lang='lat' dir='ltr'><strong>qui</strong></span> <span class='ocrx_word' id='word_1_757' title='bbox 3620 3634 3801 3704; x_wconf 91' lang='lat' dir='ltr'><strong>procul</strong></span> 
     </span>
    </p>
   </div>
   <div class='ocr_carea' id='block_1_99' title="bbox 2225 3724 3801 3809">
    <p class='ocr_par' dir='ltr' id='par_1_99' title="bbox 2225 3724 3801 3809">
     <span class='ocr_line' id='line_1_99' title="bbox 2225 3724 3801 3809; baseline -0.015 -10"><span class='ocrx_word' id='word_1_758' title='bbox 2225 3744 2501 3807; x_wconf 86' lang='lat' dir='ltr'><strong>habitant,</strong></span> <span class='ocrx_word' id='word_1_759' title='bbox 2529 3750 2583 3797; x_wconf 88' lang='lat' dir='ltr'><strong>et</strong></span> <span class='ocrx_word' id='word_1_760' title='bbox 2609 3741 2769 3809; x_wconf 86' lang='lat' dir='ltr'><strong>longo</strong></span> <span class='ocrx_word' id='word_1_761' title='bbox 2806 3735 3088 3791; x_wconf 87' lang='lat' dir='ltr'><strong>intervallo</strong></span> <span class='ocrx_word' id='word_1_762' title='bbox 3124 3730 3293 3787; x_wconf 89' lang='lat' dir='ltr'><strong>dissiti</strong></span> <span class='ocrx_word' id='word_1_763' title='bbox 3325 3738 3469 3793; x_wconf 91' lang='lat' dir='ltr'><strong>sunt,</strong></span> <span class='ocrx_word' id='word_1_764' title='bbox 3512 3741 3615 3781; x_wconf 91' lang='lat' dir='ltr'><strong>non</strong></span> <span class='ocrx_word' id='word_1_765' title='bbox 3647 3724 3801 3778; x_wconf 84' lang='lat' dir='ltr'><strong>amici</strong></span> 
     </span>
    </p>
   </div>
   <div class='ocr_carea' id='block_1_100' title="bbox 2228 3820 3802 3903">
    <p class='ocr_par' dir='ltr' id='par_1_100' title="bbox 2228 3820 3802 3903">
     <span class='ocr_line' id='line_1_100' title="bbox 2228 3820 3802 3903; baseline -0.015 -10"><span class='ocrx_word' id='word_1_766' title='bbox 2228 3837 2406 3903; x_wconf 89' lang='lat' dir='ltr'><strong>modo,</strong></span> <span class='ocrx_word' id='word_1_767' title='bbox 2435 3835 2527 3891; x_wconf 90' lang='lat' dir='ltr'><strong>sed</strong></span> <span class='ocrx_word' id='word_1_768' title='bbox 2563 3835 2723 3888; x_wconf 81' lang='lat' dir='ltr'><strong>etiam</strong></span> <span class='ocrx_word' id='word_1_769' title='bbox 2763 3828 2994 3893; x_wconf 92' lang='lat' dir='ltr'><strong>inimici,</strong></span> <span class='ocrx_word' id='word_1_770' title='bbox 3028 3824 3237 3880; x_wconf 89' lang='lat' dir='ltr'><strong>virtutis</strong></span> <span class='ocrx_word' id='word_1_771' title='bbox 3277 3820 3618 3877; x_wconf 90' lang='lat' dir='ltr'><strong>eminentiam</strong></span> <span class='ocrx_word' id='word_1_772' title='bbox 3649 3831 3802 3871; x_wconf 71' lang='lat' dir='ltr'><strong>reve-</strong></span> 
     </span>
    </p>
   </div>
   <div class='ocr_carea' id='block_1_101' title="bbox 2229 3910 3803 3992">
    <p class='ocr_par' dir='ltr' id='par_1_101' title="bbox 2229 3910 3803 3992">
     <span class='ocr_line' id='line_1_101' title="bbox 2229 3910 3803 3992; baseline -0.016 -7"><span class='ocrx_word' id='word_1_773' title='bbox 2229 3930 2505 3985; x_wconf 90' lang='lat' dir='ltr'><strong>rebuntur.</strong></span> <span class='ocrx_word' id='word_1_774' title='bbox 2536 3926 2703 3981; x_wconf 84' lang='lat' dir='ltr'><strong>Tanta</strong></span> <span class='ocrx_word' id='word_1_775' title='bbox 2728 3922 2919 3992; x_wconf 83' lang='lat' dir='ltr'><strong>quippe</strong></span> <span class='ocrx_word' id='word_1_776' title='bbox 2939 3928 3021 3974; x_wconf 90' lang='lat' dir='ltr'><strong>est</strong></span> <span class='ocrx_word' id='word_1_777' title='bbox 3046 3916 3185 3972; x_wconf 90' lang='lat' dir='ltr'><strong>illius</strong></span> <span class='ocrx_word' id='word_1_778' title='bbox 3216 3915 3412 3981; x_wconf 86' lang='lat' dir='ltr'><strong>virtus,</strong></span> <span class='ocrx_word' id='word_1_779' title='bbox 3437 3919 3495 3965; x_wconf 91' lang='lat' dir='ltr'><strong>ut</strong></span> <span class='ocrx_word' id='word_1_780' title='bbox 3519 3910 3679 3965; x_wconf 89' lang='lat' dir='ltr'><strong>etiam</strong></span> <span class='ocrx_word' id='word_1_781' title='bbox 3705 3921 3803 3977; x_wconf 88' lang='lat' dir='ltr'><strong>op-</strong></span> 
     </span>
    </p>
   </div>
   <div class='ocr_carea' id='block_1_102' title="bbox 2229 4007 3803 4094">
    <p class='ocr_par' dir='ltr' id='par_1_102' title="bbox 2229 4007 3803 4094">
     <span class='ocr_line' id='line_1_102' title="bbox 2229 4007 3803 4094; baseline -0.015 -17"><span class='ocrx_word' id='word_1_782' title='bbox 2229 4022 2573 4094; x_wconf 88' lang='lat' dir='ltr'><strong>pugnantium</strong></span> <span class='ocrx_word' id='word_1_783' title='bbox 2620 4032 2678 4073; x_wconf 76' lang='lat' dir='ltr'><strong>se</strong></span> <span class='ocrx_word' id='word_1_784' title='bbox 2702 4030 2795 4070; x_wconf 90' lang='lat' dir='ltr'><strong>ora</strong></span> <span class='ocrx_word' id='word_1_785' title='bbox 2837 4014 3076 4069; x_wconf 84' lang='lat' dir='ltr'><strong>obstruat</strong></span> <span class='ocrx_word' id='word_1_786' title='bbox 3109 4017 3163 4064; x_wconf 89' lang='lat' dir='ltr'><strong>ct</strong></span> <span class='ocrx_word' id='word_1_787' title='bbox 3204 4007 3434 4077; x_wconf 84' lang='lat' dir='ltr'><strong>linguam</strong></span> <span class='ocrx_word' id='word_1_788' title='bbox 3480 4009 3803 4072; x_wconf 87' lang='lat' dir='ltr'><strong>compescat.</strong></span> 
     </span>
    </p>
   </div>
   <div class='ocr_carea' id='block_1_103' title="bbox 2231 4093 3805 4184">
    <p class='ocr_par' dir='ltr' id='par_1_103' title="bbox 2231 4093 3805 4184">
     <span class='ocr_line' id='line_1_103' title="bbox 2231 4093 3805 4184; baseline -0.015 -14"><span class='ocrx_word' id='word_1_789' title='bbox 2231 4117 2308 4170; x_wconf 78' lang='lat' dir='ltr'><strong>Ac</strong></span> <span class='ocrx_word' id='word_1_790' title='bbox 2336 4108 2781 4184; x_wconf 89' lang='lat' dir='ltr'><strong>quemadmodum</strong></span> <span class='ocrx_word' id='word_1_791' title='bbox 2819 4106 3020 4161; x_wconf 76' lang='lat' dir='ltr'><strong>salares</strong></span> <span class='ocrx_word' id='word_1_792' title='bbox 3058 4102 3234 4156; x_wconf 90' lang='lat' dir='ltr'><strong>radios</strong></span> <span class='ocrx_word' id='word_1_793' title='bbox 3273 4096 3466 4154; x_wconf 89' lang='lat' dir='ltr'><strong>inﬁrmi</strong></span> <span class='ocrx_word' id='word_1_794' title='bbox 3502 4094 3671 4149; x_wconf 88' lang='lat' dir='ltr'><strong>oculis</strong></span> <span class='ocrx_word' id='word_1_795' title='bbox 3707 4093 3805 4147; x_wconf 86' lang='lat' dir='ltr'><strong>ub-</strong></span> 
     </span>
    </p>
   </div>
   <div class='ocr_carea' id='block_1_104' title="bbox 2233 4184 3806 4268">
    <p class='ocr_par' dir='ltr' id='par_1_104' title="bbox 2233 4184 3806 4268">
     <span class='ocr_line' id='line_1_104' title="bbox 2233 4184 3806 4268; baseline -0.016 -6"><span class='ocrx_word' id='word_1_796' title='bbox 2233 4205 2368 4262; x_wconf 90' lang='lat' dir='ltr'><strong>tueri</strong></span> <span class='ocrx_word' id='word_1_797' title='bbox 2401 4220 2506 4259; x_wconf 89' lang='lat' dir='ltr'><strong>non</strong></span> <span class='ocrx_word' id='word_1_798' title='bbox 2535 4201 2755 4268; x_wconf 89' lang='lat' dir='ltr'><strong>audent,</strong></span> <span class='ocrx_word' id='word_1_799' title='bbox 2782 4200 2859 4255; x_wconf 92' lang='lat' dir='ltr'><strong>sic</strong></span> <span class='ocrx_word' id='word_1_800' title='bbox 2884 4212 2983 4252; x_wconf 86' lang='lat' dir='ltr'><strong>nec</strong></span> <span class='ocrx_word' id='word_1_801' title='bbox 3013 4196 3260 4250; x_wconf 89' lang='lat' dir='ltr'><strong>virtutem</strong></span> <span class='ocrx_word' id='word_1_802' title='bbox 3293 4204 3541 4261; x_wconf 87' lang='lat' dir='ltr'><strong>umquam</strong></span> <span class='ocrx_word' id='word_1_803' title='bbox 3573 4184 3806 4255; x_wconf 85' lang='lat' dir='ltr'><strong>nequitia</strong></span> 
     </span>
    </p>
   </div>
   <div class='ocr_carea' id='block_1_105' title="bbox 2231 4280 3813 4366">
    <p class='ocr_par' dir='ltr' id='par_1_105' title="bbox 2231 4280 3813 4366">
     <span class='ocr_line' id='line_1_105' title="bbox 2231 4280 3813 4366; baseline -0.013 -13"><span class='ocrx_word' id='word_1_804' title='bbox 2231 4297 2437 4353; x_wconf 71' lang='lat' dir='ltr'><strong>olitueri</strong></span> <span class='ocrx_word' id='word_1_805' title='bbox 2470 4296 2682 4366; x_wconf 84' lang='lat' dir='ltr'><strong>poterit,</strong></span> <span class='ocrx_word' id='word_1_806' title='bbox 2714 4291 2807 4347; x_wconf 90' lang='lat' dir='ltr'><strong>sed</strong></span> <span class='ocrx_word' id='word_1_807' title='bbox 2840 4290 3052 4347; x_wconf 86' lang='lat' dir='ltr'><strong>recedet</strong></span> <span class='ocrx_word' id='word_1_808' title='bbox 3080 4298 3133 4342; x_wconf 86' lang='lat' dir='ltr'><strong>et</strong></span> <span class='ocrx_word' id='word_1_809' title='bbox 3154 4295 3299 4358; x_wconf 88' lang='lat' dir='ltr'><strong>terga</strong></span> <span class='ocrx_word' id='word_1_810' title='bbox 3320 4282 3485 4348; x_wconf 91' lang='lat' dir='ltr'><strong>dabit,</strong></span> <span class='ocrx_word' id='word_1_811' title='bbox 3513 4280 3813 4347; x_wconf 80' lang='lat' dir='ltr'><strong>victamque</strong></span> 
     </span>
    </p>
   </div>
   <div class='ocr_carea' id='block_1_106' title="bbox 2234 4371 3813 4455">
    <p class='ocr_par' dir='ltr' id='par_1_106' title="bbox 2234 4371 3813 4455">
     <span class='ocr_line' id='line_1_106' title="bbox 2234 4371 3813 4455; baseline -0.014 -7"><span class='ocrx_word' id='word_1_812' title='bbox 2234 4407 2293 4447; x_wconf 90' lang='lat' dir='ltr'><strong>se</strong></span> <span class='ocrx_word' id='word_1_813' title='bbox 2322 4391 2587 4444; x_wconf 82' lang='lat' dir='ltr'><strong>fatebitur.</strong></span> <span class='ocrx_word' id='word_1_814' title='bbox 2618 4387 2770 4455; x_wconf 92' lang='lat' dir='ltr'><strong>Quod</strong></span> <span class='ocrx_word' id='word_1_815' title='bbox 2806 4401 2925 4439; x_wconf 87' lang='lat' dir='ltr'><strong>cum</strong></span> <span class='ocrx_word' id='word_1_816' title='bbox 2956 4396 3267 4454; x_wconf 86' lang='lat' dir='ltr'><strong>persuasum</strong></span> <span class='ocrx_word' id='word_1_817' title='bbox 3312 4378 3465 4434; x_wconf 91' lang='lat' dir='ltr'><strong>nobis</strong></span> <span class='ocrx_word' id='word_1_818' title='bbox 3504 4376 3594 4442; x_wconf 90' lang='lat' dir='ltr'><strong>sit,</strong></span> <span class='ocrx_word' id='word_1_819' title='bbox 3630 4371 3813 4429; x_wconf 86' lang='lat' dir='ltr'><strong>virtuti</strong></span> 
     </span>
    </p>
   </div>
   <div class='ocr_carea' id='block_1_107' title="bbox 2235 4468 3812 4549">
    <p class='ocr_par' dir='ltr' id='par_1_107' title="bbox 2235 4468 3812 4549">
     <span class='ocr_line' id='line_1_107' title="bbox 2235 4468 3812 4549; baseline -0.013 -12"><span class='ocrx_word' id='word_1_820' title='bbox 2235 4485 2553 4541; x_wconf 69' lang='lat' dir='ltr'><strong>hmreamus.</strong></span> <span class='ocrx_word' id='word_1_821' title='bbox 2586 4488 2744 4549; x_wconf 90' lang='lat' dir='ltr'><strong>atque</strong></span> <span class='ocrx_word' id='word_1_822' title='bbox 2792 4477 2997 4531; x_wconf 84' lang='lat' dir='ltr'><strong>fortiter</strong></span> <span class='ocrx_word' id='word_1_823' title='bbox 3023 4481 3075 4528; x_wconf 84' lang='lat' dir='ltr'><strong>ct</strong></span> <span class='ocrx_word' id='word_1_824' title='bbox 3106 4480 3219 4527; x_wconf 91' lang='lat' dir='ltr'><strong>tuto</strong></span> <span class='ocrx_word' id='word_1_825' title='bbox 3249 4473 3407 4524; x_wconf 87' lang='lat' dir='ltr'><strong>vitam</strong></span> <span class='ocrx_word' id='word_1_826' title='bbox 3442 4468 3812 4524; x_wconf 84' lang='lat' dir='ltr'><strong>instituamus.</strong></span> 
     </span>
    </p>
   </div>
   <div class='ocr_carea' id='block_1_108' title="bbox 2234 4557 3815 4645">
    <p class='ocr_par' dir='ltr' id='par_1_108' title="bbox 2234 4557 3815 4645">
     <span class='ocr_line' id='line_1_108' title="bbox 2234 4557 3815 4645; baseline -0.013 -15"><span class='ocrx_word' id='word_1_827' title='bbox 2234 4583 2290 4630; x_wconf 91' lang='lat' dir='ltr'><strong>et</strong></span> <span class='ocrx_word' id='word_1_828' title='bbox 2313 4590 2432 4645; x_wconf 66' lang='lat' dir='ltr'><strong>qua!</strong></span> <span class='ocrx_word' id='word_1_829' title='bbox 2458 4572 2674 4628; x_wconf 88' lang='lat' dir='ltr'><strong>minima</strong></span> <span class='ocrx_word' id='word_1_830' title='bbox 2699 4569 2943 4624; x_wconf 86' lang='lat' dir='ltr'><strong>videntur</strong></span> <span class='ocrx_word' id='word_1_831' title='bbox 2971 4575 3210 4637; x_wconf 89' lang='lat' dir='ltr'><strong>peccata,</strong></span> <span class='ocrx_word' id='word_1_832' title='bbox 3239 4564 3349 4617; x_wconf 86' lang='lat' dir='ltr'><strong>sive</strong></span> <span class='ocrx_word' id='word_1_833' title='bbox 3378 4562 3428 4615; x_wconf 92' lang='lat' dir='ltr'><strong>in</strong></span> <span class='ocrx_word' id='word_1_834' title='bbox 3457 4559 3670 4625; x_wconf 87' lang='lat' dir='ltr'><strong>verbis,</strong></span> <span class='ocrx_word' id='word_1_835' title='bbox 3704 4557 3815 4611; x_wconf 87' lang='lat' dir='ltr'><strong>sive</strong></span> 
     </span>
    </p>
   </div>
   <div class='ocr_carea' id='block_1_109' title="bbox 2235 4648 3813 4735">
    <p class='ocr_par' dir='ltr' id='par_1_109' title="bbox 2235 4648 3813 4735">
     <span class='ocr_line' id='line_1_109' title="bbox 2235 4648 3813 4735; baseline -0.012 -16"><span class='ocrx_word' id='word_1_836' title='bbox 2235 4666 2287 4721; x_wconf 94' lang='lat' dir='ltr'><strong>in</strong></span> <span class='ocrx_word' id='word_1_837' title='bbox 2316 4665 2598 4735; x_wconf 83' lang='lat' dir='ltr'><strong>operibus,</strong></span> <span class='ocrx_word' id='word_1_838' title='bbox 2642 4661 2826 4716; x_wconf 88' lang='lat' dir='ltr'><strong>sedqu</strong></span> <span class='ocrx_word' id='word_1_839' title='bbox 2866 4658 3111 4713; x_wconf 89' lang='lat' dir='ltr'><strong>vitemus.</strong></span> <span class='ocrx_word' id='word_1_840' title='bbox 3139 4657 3227 4710; x_wconf 90' lang='lat' dir='ltr'><strong>Sic</strong></span> <span class='ocrx_word' id='word_1_841' title='bbox 3261 4653 3402 4707; x_wconf 90' lang='lat' dir='ltr'><strong>enim</strong></span> <span class='ocrx_word' id='word_1_842' title='bbox 3436 4664 3724 4720; x_wconf 88' lang='lat' dir='ltr'><strong>numquam</strong></span> <span class='ocrx_word' id='word_1_843' title='bbox 3762 4648 3813 4701; x_wconf 93' lang='lat' dir='ltr'><strong>in</strong></span> 
     </span>
    </p>
   </div>
   <div class='ocr_carea' id='block_1_110' title="bbox 2237 4744 3815 4827">
    <p class='ocr_par' dir='ltr' id='par_1_110' title="bbox 2237 4744 3815 4827">
     <span class='ocr_line' id='line_1_110' title="bbox 2237 4744 3815 4827; baseline -0.012 -16"><span class='ocrx_word' id='word_1_844' title='bbox 2237 4757 2439 4827; x_wconf 77' lang='lat' dir='ltr'><strong>majora</strong></span> <span class='ocrx_word' id='word_1_845' title='bbox 2466 4754 2793 4816; x_wconf 89' lang='lat' dir='ltr'><strong>incidemus,</strong></span> <span class='ocrx_word' id='word_1_846' title='bbox 2835 4752 2928 4803; x_wconf 89' lang='lat' dir='ltr'><strong>sia</strong></span> <span class='ocrx_word' id='word_1_847' title='bbox 2961 4747 3135 4817; x_wconf 84' lang='lat' dir='ltr'><strong>parvis</strong></span> <span class='ocrx_word' id='word_1_848' title='bbox 3172 4744 3573 4799; x_wconf 89' lang='lat' dir='ltr'><strong>abstineamus:</strong></span> <span class='ocrx_word' id='word_1_849' title='bbox 3602 4754 3665 4794; x_wconf 91' lang='lat' dir='ltr'><strong>ac</strong></span> <span class='ocrx_word' id='word_1_850' title='bbox 3695 4754 3815 4809; x_wconf 82' lang='lat' dir='ltr'><strong>pro-</strong></span> 
     </span>
    </p>
   </div>
   <div class='ocr_carea' id='block_1_111' title="bbox 2237 4830 3815 4915">
    <p class='ocr_par' dir='ltr' id='par_1_111' title="bbox 2237 4830 3815 4915">
     <span class='ocr_line' id='line_1_111' title="bbox 2237 4830 3815 4915; baseline -0.015 -10"><span class='ocrx_word' id='word_1_851' title='bbox 2237 4850 2462 4905; x_wconf 86' lang='lat' dir='ltr'><strong>cedente</strong></span> <span class='ocrx_word' id='word_1_852' title='bbox 2493 4858 2733 4915; x_wconf 89' lang='lat' dir='ltr'><strong>tempore</strong></span> <span class='ocrx_word' id='word_1_853' title='bbox 2753 4841 3065 4913; x_wconf 87' lang='lat' dir='ltr'><strong>poterimus,</strong></span> <span class='ocrx_word' id='word_1_854' title='bbox 3096 4851 3325 4908; x_wconf 89' lang='lat' dir='ltr'><strong>superna</strong></span> <span class='ocrx_word' id='word_1_855' title='bbox 3367 4833 3577 4889; x_wconf 72' lang='lat' dir='ltr'><strong>fauente</strong></span> <span class='ocrx_word' id='word_1_856' title='bbox 3609 4830 3776 4902; x_wconf 87' lang='lat' dir='ltr'><strong>gratia</strong></span> <span class='ocrx_word' id='word_1_857' title='bbox 3799 4870 3815 4894; x_wconf 93' lang='lat'><strong>,</strong></span> 
     </span>
    </p>
   </div>
   <div class='ocr_carea' id='block_1_112' title="bbox 2238 4921 3818 5002">
    <p class='ocr_par' dir='ltr' id='par_1_112' title="bbox 2238 4921 3818 5002">
     <span class='ocr_line' id='line_1_112' title="bbox 2238 4921 3818 5002; baseline -0.014 -4"><span class='ocrx_word' id='word_1_858' title='bbox 2238 4956 2504 4997; x_wconf 87' lang='lat' dir='ltr'><strong>summam</strong></span> <span class='ocrx_word' id='word_1_859' title='bbox 2554 4939 2802 4992; x_wconf 84' lang='lat' dir='ltr'><strong>virtutem</strong></span> <span class='ocrx_word' id='word_1_860' title='bbox 2854 4934 3148 5002; x_wconf 84' lang='lat' dir='ltr'><strong>attingere.</strong></span> <span class='ocrx_word' id='word_1_861' title='bbox 3203 4926 3533 4983; x_wconf 87' lang='lat' dir='ltr'><strong>reconditam</strong></span> <span class='ocrx_word' id='word_1_862' title='bbox 3584 4921 3818 4993; x_wconf 77' lang='lat' dir='ltr'><strong>effugere</strong></span> 
     </span>
    </p>
   </div>
   <div class='ocr_carea' id='block_1_113' title="bbox 2241 5011 3818 5105">
    <p class='ocr_par' dir='ltr' id='par_1_113' title="bbox 2241 5011 3818 5105">
     <span class='ocr_line' id='line_1_113' title="bbox 2241 5011 3818 5105; baseline -0.014 -17"><span class='ocrx_word' id='word_1_863' title='bbox 2241 5047 2451 5105; x_wconf 57' lang='lat' dir='ltr'><strong>poenam</strong></span> <span class='ocrx_word' id='word_1_864' title='bbox 2479 5040 2534 5087; x_wconf 89' lang='lat' dir='ltr'><strong>et</strong></span> <span class='ocrx_word' id='word_1_865' title='bbox 2573 5037 2771 5085; x_wconf 77' lang='lat' dir='ltr'><strong>a-terna</strong></span> <span class='ocrx_word' id='word_1_866' title='bbox 2816 5024 3067 5093; x_wconf 83' lang='lat' dir='ltr'><strong>consequi</strong></span> <span class='ocrx_word' id='word_1_867' title='bbox 3116 5020 3317 5082; x_wconf 76' lang='lat' dir='ltr'><strong>bona’.</strong></span> <span class='ocrx_word' id='word_1_868' title='bbox 3366 5018 3533 5089; x_wconf 86' lang='lat' dir='ltr'><strong>gratia</strong></span> <span class='ocrx_word' id='word_1_869' title='bbox 3572 5024 3625 5070; x_wconf 89' lang='lat' dir='ltr'><strong>et</strong></span> <span class='ocrx_word' id='word_1_870' title='bbox 3671 5011 3818 5069; x_wconf 83' lang='lat' dir='ltr'><strong>beni-</strong></span> 
     </span>
    </p>
   </div>
   <div class='ocr_carea' id='block_1_114' title="bbox 2238 5103 3815 5198">
    <p class='ocr_par' dir='ltr' id='par_1_114' title="bbox 2238 5103 3815 5198">
     <span class='ocr_line' id='line_1_114' title="bbox 2238 5103 3815 5198; baseline -0.015 -16"><span class='ocrx_word' id='word_1_871' title='bbox 2238 5103 2440 5198; x_wconf 81' lang='lat' dir='ltr'><strong>gnitate</strong></span> <span class='ocrx_word' id='word_1_872' title='bbox 2478 5123 2688 5179; x_wconf 89' lang='lat' dir='ltr'><strong>Domini</strong></span> <span class='ocrx_word' id='word_1_873' title='bbox 2731 5118 2898 5176; x_wconf 91' lang='lat' dir='ltr'><strong>nostri</strong></span> <span class='ocrx_word' id='word_1_874' title='bbox 2940 5117 3062 5173; x_wconf 85' lang='lat' dir='ltr'><strong>.lcsu</strong></span> <span class='ocrx_word' id='word_1_875' title='bbox 3115 5112 3332 5177; x_wconf 81' lang='lat' dir='ltr'><strong>Christi,</strong></span> <span class='ocrx_word' id='word_1_876' title='bbox 3364 5125 3487 5165; x_wconf 92' lang='lat' dir='ltr'><strong>cum</strong></span> <span class='ocrx_word' id='word_1_877' title='bbox 3540 5122 3646 5179; x_wconf 89' lang='lat' dir='ltr'><strong>quo</strong></span> <span class='ocrx_word' id='word_1_878' title='bbox 3674 5103 3815 5162; x_wconf 77' lang='lat' dir='ltr'><strong>Patri</strong></span> 
     </span>
    </p>
   </div>
   <div class='ocr_carea' id='block_1_115' title="bbox 2241 5201 3819 5289">
    <p class='ocr_par' dir='ltr' id='par_1_115' title="bbox 2241 5201 3819 5289">
     <span class='ocr_line' id='line_1_115' title="bbox 2241 5201 3819 5289; baseline -0.016 -12"><span class='ocrx_word' id='word_1_879' title='bbox 2241 5229 2533 5289; x_wconf 88' lang='lat' dir='ltr'><strong>sanctoque</strong></span> <span class='ocrx_word' id='word_1_880' title='bbox 2555 5216 2775 5287; x_wconf 89' lang='lat' dir='ltr'><strong>Spiritui</strong></span> <span class='ocrx_word' id='word_1_881' title='bbox 2803 5215 2871 5268; x_wconf 83' lang='lat' dir='ltr'><strong>sit</strong></span> <span class='ocrx_word' id='word_1_882' title='bbox 2899 5211 3088 5282; x_wconf 80' lang='lat' dir='ltr'><strong>gloria,</strong></span> <span class='ocrx_word' id='word_1_883' title='bbox 3122 5206 3423 5277; x_wconf 85' lang='lat' dir='ltr'><strong>imperium,</strong></span> <span class='ocrx_word' id='word_1_884' title='bbox 3452 5201 3647 5264; x_wconf 85' lang='lat' dir='ltr'><strong>honor,</strong></span> <span class='ocrx_word' id='word_1_885' title='bbox 3677 5213 3819 5256; x_wconf 83' lang='lat' dir='ltr'><strong>nunc</strong></span> 
     </span>
    </p>
   </div>
   <div class='ocr_carea' id='block_1_116' title="bbox 2243 5296 3521 5382">
    <p class='ocr_par' dir='ltr' id='par_1_116' title="bbox 2243 5296 3521 5382">
     <span class='ocr_line' id='line_1_116' title="bbox 2243 5296 3521 5382; baseline -0.013 -16"><span class='ocrx_word' id='word_1_886' title='bbox 2243 5321 2295 5366; x_wconf 89' lang='lat' dir='ltr'><strong>et</strong></span> <span class='ocrx_word' id='word_1_887' title='bbox 2323 5325 2557 5382; x_wconf 87' lang='lat' dir='ltr'><strong>semper,</strong></span> <span class='ocrx_word' id='word_1_888' title='bbox 2587 5319 2639 5364; x_wconf 92' lang='lat' dir='ltr'><strong>et</strong></span> <span class='ocrx_word' id='word_1_889' title='bbox 2668 5310 2720 5363; x_wconf 91' lang='lat' dir='ltr'><strong>in</strong></span> <span class='ocrx_word' id='word_1_890' title='bbox 2745 5304 2937 5363; x_wconf 74' lang='lat' dir='ltr'><strong>srccula</strong></span> <span class='ocrx_word' id='word_1_891' title='bbox 2965 5300 3302 5357; x_wconf 72' lang='lat' dir='ltr'><strong>szcculorum.</strong></span> <span class='ocrx_word' id='word_1_892' title='bbox 3330 5296 3521 5355; x_wconf 82' lang='lat' dir='ltr'><strong>Amen.</strong></span> 
     </span>
    </p>
   </div>
   <div class='ocr_carea' id='block_1_117' title="bbox 2298 5500 3814 5582">
    <p class='ocr_par' dir='ltr' id='par_1_117' title="bbox 2298 5500 3814 5582">
     <span class='ocr_line' id='line_1_117' title="bbox 2298 5500 3814 5582; baseline -0.002 2"><span class='ocrx_word' id='word_1_893' title='bbox 2298 5511 2311 5542; x_wconf 84' lang='lat'>&#39;</span> <span class='ocrx_word' id='word_1_894' title='bbox 2350 5516 2455 5559; x_wconf 70' lang='grc' dir='ltr'><strong>νοει</strong></span> <span class='ocrx_word' id='word_1_895' title='bbox 2477 5509 2565 5558; x_wconf 60' lang='lat' dir='ltr'><strong>ius</strong></span> <span class='ocrx_word' id='word_1_896' title='bbox 2582 5520 2750 5582; x_wconf 65' lang='grc' dir='ltr'><strong>εροοε»</strong></span> <span class='ocrx_word' id='word_1_897' title='bbox 2773 5504 3158 5582; x_wconf 47' lang='lat' dir='ltr'><strong>comedens:</strong></span> <span class='ocrx_word' id='word_1_898' title='bbox 3199 5503 3402 5582; x_wconf 47' lang='grc' dir='ltr'><strong>πράξειε</strong></span> <span class='ocrx_word' id='word_1_899' title='bbox 3416 5500 3814 5582; x_wconf 22' lang='grc' dir='ltr'><strong>ίίιιὲξδζίὲδοριςυα</strong></span> 
     </span>
    </p>
   </div>
   <div class='ocr_carea' id='block_1_118' title="bbox 2233 5567 3811 5693">
    <p class='ocr_par' dir='ltr' id='par_1_118' title="bbox 2233 5567 3811 5693">
     <span class='ocr_line' id='line_1_118' title="bbox 2233 5567 3811 5693; baseline -0.004 -71"><span class='ocrx_word' id='word_1_900' title='bbox 2233 5582 2318 5693; x_wconf 53' lang='lat'><strong>:3:</strong></span> <span class='ocrx_word' id='word_1_901' title='bbox 2334 5583 2519 5684; x_wconf 43' lang='lat' dir='ltr'><strong>ma</strong></span> <span class='ocrx_word' id='word_1_902' title='bbox 2519 5567 2744 5633; x_wconf 66' lang='lat' dir='ltr'><strong>colligere</strong></span> <span class='ocrx_word' id='word_1_903' title='bbox 2765 5567 2965 5621; x_wconf 66' lang='lat' dir='ltr'><strong>eveniat.</strong></span> <span class='ocrx_word' id='word_1_904' title='bbox 3004 5567 3189 5627; x_wconf 68' lang='lat' dir='ltr'><strong>March,</strong></span> <span class='ocrx_word' id='word_1_905' title='bbox 3215 5578 3324 5631; x_wconf 79' lang='lat' dir='ltr'><strong>qua&#39;</strong></span> <span class='ocrx_word' id='word_1_906' title='bbox 3346 5579 3428 5618; x_wconf 81' lang='lat' dir='ltr'><strong>nos</strong></span> <span class='ocrx_word' id='word_1_907' title='bbox 3451 5577 3612 5616; x_wconf 75' lang='lat' dir='ltr'><strong>anates</strong></span> <span class='ocrx_word' id='word_1_908' title='bbox 3649 5575 3811 5616; x_wconf 68' lang='lat' dir='ltr'><strong>corm-</strong></span> 
     </span>
    </p>
   </div>
  </div>
