4144 6200
362 210 445 265 lli
1013 202 1068 259 S.
1109 200 1387 259 JUANNIS
1425 194 1899 256 CIIRYSOSTOMI
1945 192 2255 251 ARCﬂlEP.
2287 196 2818 257 CONSTANTINOP.

924 319 1200 374 llOillLlA
1229 318 1367 373 XIV.

365 451 430 504 Et
455 453 645 522 accepit
672 448 919 503 Dominus
955 445 1090 501 Deus
1114 447 1386 510 hominem,
1421 463 1566 518 quem
1599 444 1866 515 formavit,
1899 452 1943 495 et

434 543 599 612 posuit
626 557 740 595 eunt
783 539 833 593 in
865 540 1103 610 paradiso
1146 540 1416 608 voluptatis
1437 580 1450 602 ,
1484 550 1534 592 ut
1564 547 1859 607 operaretur
1897 546 1945 591 et

430 634 700 689 custodiret
729 632 874 687 illum
900 633 1057 704 (Gen.
1084 634 1138 687 2.
1178 635 1285 707 15).

434 774 484 827 l.
510 770 728 838 lterum,
753 772 799 826 si
821 771 1000 836 vultis,
1026 771 1289 827 hesternae
1312 771 1584 826 contionis
1606 770 1761 826 seriei
1789 768 1949 826 hodie

366 864 694 929 insistentes,
747 862 872 917 hinc
909 861 1060 917 vobis
1097 862 1427 933 spiritualcm
1468 862 1771 916 doctrinam
1819 876 1952 916 cou-

364 965 547 1010 texere
572 953 898 1008 curabimus.
932 952 1094 1007 Multa
1119 953 1261 1007 enim
1295 953 1346 1006 itt
1375 953 1460 1017 iis,
1488 968 1609 1022 qua:
1643 951 1803 1006 tundo
1828 959 1953 1006 sunt

366 1047 526 1112 lecta,
567 1044 838 1100 recondita
885 1045 963 1099 vis
989 1053 1093 1111 est,
1143 1053 1199 1100 et
1224 1059 1322 1116 par
1362 1054 1445 1099 est
1482 1058 1579 1098 nos
1608 1044 1659 1098 in
1693 1042 1952 1112 profunda

365 1144 729 1206 penetrantes,
776 1143 935 1205 atque
961 1143 1210 1190 accurate
1245 1134 1425 1189 omnia
1469 1134 1832 1204 explorautes,
1868 1133 1952 1187 lu-

367 1243 517 1281 crum
551 1227 672 1282 inde
703 1227 1011 1297 decerpere.
1045 1225 1178 1281 Nam
1212 1227 1255 1281 si
1288 1225 1320 1280 ii
1346 1226 1436 1297 qui
1471 1226 1733 1295 pretiosos
1755 1225 1955 1295 lapides

369 1318 420 1372 in
480 1318 613 1372 mari
672 1319 954 1387 exquirere
1015 1319 1268 1388 cupiunt,
1338 1328 1539 1373 tantum
1604 1320 1841 1373 laborem
1904 1327 1960 1372 et

370 1409 664 1463 molestiam
714 1409 971 1476 subeunt,
1026 1409 1407 1478 incompositos
1451 1424 1712 1481 aquarum
1766 1407 1959 1464 ﬂuctus

369 1501 656 1568 adeuntes,
702 1513 758 1556 ut
795 1504 992 1572 Optatis
1047 1503 1316 1574 potiantur
1365 1522 1379 1557 :
1428 1503 1596 1557 multo
1644 1503 1810 1571 magis
1860 1516 1959 1556 nos

370 1594 605 1647 animum
652 1593 927 1648 intendere
973 1609 1068 1664 par
1099 1604 1215 1659 est,
1255 1603 1312 1648 ιιι
1347 1593 1680 1662 perlustratis
1736 1594 1803 1647 iis
1838 1607 1960 1663 qua:

375 1686 426 1737 iu
480 1683 745 1753 profundo
784 1684 1047 1739 dictorum
1078 1685 1263 1750 latent,
1310 1687 1387 1740 sic
1418 1685 1680 1755 pretiosos
1730 1684 1847 1738 illos
1888 1683 1959 1737 la-

374 1777 524 1845 pides
552 1781 948 1834 nanciscamur.
978 1779 1083 1835 Sed
1113 1796 1179 1835 ne
1204 1781 1410 1844 timeas,
1438 1780 1652 1845 dilecte,
1680 1794 1802 1834 cum
1831 1792 1959 1847 pro-

378 1867 598 1924 fundum
630 1869 803 1925 audis.
827 1869 943 1925 Non
975 1871 1117 1925 enim
1145 1870 1233 1926 hic
1262 1870 1492 1941 impetus
1520 1880 1602 1925 est
1621 1869 1960 1924 tesluanlium

375 1960 660 2028 undarum,
692 1961 786 2016 sed
831 1961 1062 2031 Spiritus
1088 1964 1254 2032 gratia
1305 1972 1540 2017 mentem
1580 1970 1816 2017 nostram
1845 1962 1963 2015 illu-

376 2063 574 2116 seraus,
628 2067 747 2121 qua:
792 2052 845 2107 id
896 2062 1134 2123 prazstat,
1190 2062 1245 2107 ut
1297 2053 1518 2123 quaesita
1573 2053 1778 2107 facilius
1817 2051 1965 2105 inve-

375 2143 622 2207 niantur,
654 2150 709 2196 et
734 2142 973 2198 laborem
1005 2159 1218 2197 omnem
1253 2144 1421 2197 levem
1454 2142 1636 2198 el‘ticit.
1665 2141 1789 2198 illos
1816 2150 1964 2197 certe

380 2232 589 2301 lapillos
616 2233 883 2288 invenisse
900 2242 1230 2288 scrutantem
1257 2248 1360 2287 non
1383 2233 1605 2288 multant
1630 2232 1801 2301 juvat,
1820 2245 1964 2302 stepe

377 2334 557 2380 autem
579 2325 626 2381 ei
658 2328 841 2382 nocuit
862 2336 917 2382 et
946 2327 1089 2381 mille
1113 2326 1508 2397 naufragiorum
1537 2342 1695 2383 causa
1724 2326 1839 2393 luit,
1866 2339 1966 2381 nec

380 2426 580 2471 tantam
614 2419 899 2488 reperienti
930 2418 1166 2474 lzetitiam
1196 2420 1424 2491 peperit,
1455 2428 1707 2490 quantam
1740 2419 1966 2490 repertis

381 2508 486 2563 illis
514 2509 812 2563 molestiam
840 2519 1091 2579 expertus
1116 2519 1219 2575 est,
1244 2510 1543 2565 invidorum
1571 2525 1767 2579 nempe
1794 2508 1965 2565 oculis

381 2602 664 2653 adversum
698 2614 758 2655 se
786 2601 1090 2668 concitatis,
1123 2612 1177 2657 et
1205 2603 1381 2657 avaris
1408 2602 1477 2657 ad
1503 2601 1701 2658 bellum
1739 2601 1838 2656 sibi
1881 2602 1965 2656 itt-

382 2691 657 2746 t‘erettdnm
687 2692 926 2750 armatis.
950 2692 1025 2748 lta
1052 2710 1160 2749 non
1193 2695 1354 2752 modo
1380 2696 1579 2752 tutllam
1610 2698 1887 2753 utilitatem
1913 2697 1965 2751 in

387 2785 547 2839 vitam
574 2784 830 2841 inducunt
861 2788 1060 2858 reperti
1088 2788 1160 2844 illi
1190 2788 1420 2860 lapides;
1449 2789 1544 2844 sed
1571 2790 1731 2845 etiam
1772 2788 1969 2844 multo-

384 2891 498 2929 rum
528 2885 650 2931 suut
682 2892 840 2933 causa
881 2878 1166 2934 bellorum.
1198 2880 1447 2936 Avaritia:
1474 2894 1704 2951 namque
1746 2880 1967 2935 materia

384 2978 488 3035 est,
533 2979 588 3026 ct
628 2972 897 3026 caminum
946 2972 1251 3043 cupiditatis
1295 2971 1607 3039 incendens,
1649 2988 1832 3029 eorum
1879 2972 1970 3043 qui

387 3060 485 3129 ipsi
533 3059 698 3116 dediti
738 3072 861 3117 sunt
909 3064 1148 3118 animum
1180 3075 1474 3135 oppugnat.
1504 3064 1560 3120 In
1606 3065 1972 3135 Spiritualibus

385 3160 572 3205 contra
602 3150 750 3208 hisce
791 3152 1040 3222 pretiosis
1072 3154 1334 3225 lapidibus
1364 3155 1494 3209 nihil
1525 3154 1829 3227 hujusmodi
1862 3172 1973 3210 mc-

386 3243 666 3312 tuendum,
686 3244 790 3301 sed
816 3245 1015 3301 divitia:
1042 3246 1168 3303 hinc
1184 3248 1425 3303 collecta:
1454 3249 1729 3305 immensae
1754 3259 1899 3316 sunt,
1919 3257 1975 3305 et

384 3335 633 3406 voluptas
685 3337 1179 3404 immarcescibilis,
1231 3349 1286 3395 et
1343 3340 1503 3412 longo
1557 3341 1832 3397 intervallo
1884 3356 1976 3397 su-

388 3444 581 3498 perans
601 3446 816 3486 omnem
846 3432 1083 3488 lattitiam
1109 3432 1383 3489 hominum
1413 3449 1476 3490 ex
1509 3435 1827 3506 supradictis
1849 3451 1972 3505 par-

390 3531 517 3574 tam.
549 3521 660 3576 lloc
682 3523 868 3578 audias
894 3523 1107 3579 beatum
1142 3524 1392 3581 Davidem
1419 3526 1687 3582 dicentem
1714 3547 1727 3582 :
1756 3526 1972 3582 Deside-

393 3611 574 3667 rabilia
600 3613 809 3685 eloquia
842 3626 927 3669 tua
954 3633 1107 3687 super
1142 3633 1323 3671 aurum
1364 3627 1411 3672 et
1441 3618 1662 3690 lapidem
1702 3619 1977 3689 pretiosum

389 3709 598 3763 multum
625 3708 795 3780 (Psal.
824 3710 911 3764 18.
936 3710 1050 3781 ll).
1073 3709 1366 3781 Viden’quo
1384 3722 1541 3781 pacto
1560 3713 1836 3768 materiam
1861 3726 1978 3766 om-

391 3800 537 3854 nium
579 3800 1019 3870 pretiosissimam
1062 3799 1294 3855 habitam
1326 3801 1379 3855 in
1414 3801 1646 3856 medium
1684 3801 1974 3867 adducens,

390 3904 495 3967 non
524 3889 686 3944 modo
716 3889 805 3945 tali
840 3890 1238 3961 comparatione
1275 3899 1559 3945 contentus
1594 3905 1699 3945 non
1739 3899 1854 3956 est;
1882 3891 1977 3948 sed

390 3978 603 4048 adjecit,
633 3978 874 4047 Multum,
906 3996 1012 4051 quo
1055 3981 1218 4038 verbo
1261 3981 1416 4038 nobis
1458 3981 1575 4053 ejus
1614 3983 1975 4052 pravstantiam

392 4070 720 4128 declaravit?
746 4072 917 4146 Super
939 4090 1143 4141 aurum,
1170 4075 1357 4147 inquit,
1390 4086 1437 4129 et
1456 4075 1676 4147 lapidem
1694 4075 1979 4146 pretiosum

394 4164 609 4219 multum
635 4180 655 4220 :
681 4180 788 4220 non
817 4165 958 4237 quod
984 4175 1128 4222 tanta
1157 4166 1330 4223 solum
1375 4167 1582 4223 ratione
1606 4165 1977 4224 desiderabilia

392 4254 503 4307 sint
541 4254 719 4308 divina
766 4254 1010 4324 eloquia,
1042 4257 1138 4311 sed
1182 4257 1303 4327 quia
1344 4257 1488 4313 solas
1531 4257 1690 4313 hasce
1732 4258 1980 4315 materias

398 4344 537 4413 apud
570 4343 814 4400 homines
842 4346 1005 4402 sciret
1030 4347 1082 4402 in
1113 4362 1323 4402 summo
1351 4346 1534 4403 haberi
1578 4350 1770 4419 pretio,
1814 4348 1894 4404 Itis
1925 4350 1978 4405 in

399 4435 631 4489 medium
662 4434 904 4492 adductis
933 4437 1003 4493 ita
1034 4439 1445 4508 praecellentiam
1485 4439 1770 4505 indicavit,
1801 4450 1857 4496 et
1877 4440 1974 4496 de-

395 4527 648 4583 siderium
675 4530 1006 4601 eloquiorum
1030 4531 1257 4602 Spiritus
1285 4532 1652 4590 vehementius
1678 4549 1796 4590 ease
1823 4533 1976 4590 dixit.

400 4618 466 4673 Et
487 4629 541 4672 ttt
559 4619 778 4675 tliscatis
807 4619 947 4677 ltune
976 4637 1192 4693 semper
1220 4638 1339 4679 esse
1360 4638 1560 4681 morem
1582 4623 1868 4695 Scriptura:
1893 4625 1979 4680 di-

398 4710 534 4764 vina:
552 4712 909 4782 spiritualibus
932 4713 1091 4769 rebus
1113 4713 1358 4771 conferre
1376 4730 1494 4771 eam
1516 4732 1635 4786 qua:
1656 4715 1779 4773 inde
1800 4724 1980 4772 manat

406 4801 709 4868 utilitatem,
742 4813 797 4857 et
816 4804 893 4858 sic
913 4804 1328 4875 przcccllentiam
1356 4806 1660 4874 ostendere,
1693 4807 1870 4863 audite
1895 4822 1981 4863 sc-

396 4894 613 4961 qaeutia
639 4911 651 4947 :
676 4893 740 4949 Et
766 4895 997 4951 dulciora
1022 4912 1174 4968 super
1187 4897 1341 4952 metet
1369 4899 1559 4969 favum.
1592 4899 1759 4955 Ethic
1771 4914 1980 4970 quoque

399 5000 503 5039 non
533 4985 671 5056 quod
695 4993 844 5039 tanto
869 4987 1045 5042 solum
1067 4987 1302 5045 dulciora
1330 4992 1467 5058 sint,
1497 5007 1593 5049 nec
1615 4994 1754 5065 quod
1780 5002 1977 5048 tantam

400 5079 604 5146 possint
627 5094 816 5148 parere
857 5080 1182 5151 voluptatem
1204 5122 1219 5144 .
1252 5083 1344 5137 sed
1375 5085 1496 5155 quia
1543 5085 1675 5140 nihil
1717 5086 1900 5141 habuit
1928 5088 1978 5141 in

399 5170 560 5225 rebus
587 5172 888 5237 sensilibus,
918 5173 1058 5243 quod
1104 5172 1346 5230 conferre
1386 5185 1563 5245 posset
1605 5177 1857 5248 voluptati
1901 5179 1980 5233 di-

402 5264 646 5318 vinorum
676 5264 1009 5337 eloquiorum
1031 5285 1044 5319 :
1067 5265 1264 5322 idcirco
1293 5266 1377 5322 his
1402 5269 1728 5334 memoratis,
1757 5269 1834 5326 sic
1864 5269 1979 5324 illo-

404 5369 520 5409 rum
547 5355 890 5412 eminentiam
919 5356 1234 5428 descripsit,
1257 5373 1322 5413 ac
1349 5357 1646 5413 divinorum
1673 5360 1977 5430 dogmatum

404 5445 726 5515 voluptatem
767 5448 1022 5519 majorem
1061 5463 1180 5505 esse
1227 5449 1380 5505 dixit.
1424 5449 1624 5505 Eadem
1668 5465 1852 5505 norma
1902 5453 1983 5508 in-

402 5537 585 5592 venies
593 5538 859 5595 Christum
873 5540 927 5595 in
938 5539 1226 5612 evangeliis
1240 5556 1414 5596 usum.
1427 5539 1560 5597 Nam
1572 5555 1694 5597 cum
1705 5541 1979 5613 discipulis

402 5626 725 5697 loqueretur,
756 5630 1090 5701 cupientibus
1124 5631 1611 5703 interpretationem
1644 5630 1853 5689 discere
1888 5647 1980 5705 pa-

3537 202 3634 257 ΗΞ

2052 307 2246 363 rabolae
2276 309 2587 366 seminantis
2616 310 2813 365 bonum
2845 325 3026 367 semen
3060 310 3111 365 in
3139 326 3268 383 agro
3292 326 3426 377 suo,
3455 321 3511 367 et
3537 314 3632 368 ini-

2048 399 2169 452 mici
2193 399 2392 453 zizania
2417 401 2558 454 inter
2581 400 2814 455 triticum
2838 400 3110 470 jacieutis,
3136 401 3437 456 minutatim
3468 410 3633 457 totam

2051 490 2330 560 explicavit
2357 491 2684 561 parabolam,
2715 492 2898 546 dicens
2922 492 3041 561 quis
3069 489 3230 547 fuerit
3249 491 3295 557 is
3322 492 3411 562 qui
3439 491 3633 547 bonum

2052 596 2233 637 semen
2277 583 2594 648 seminavit,
2622 584 2743 654 quis
2770 599 2926 655 ager,
2967 599 3086 655 qua:
3136 583 3370 651 zizania,
3415 585 3535 655 quis
3578 601 3637 640 ea

2053 675 2416 743 seminaverit,
2446 675 2537 745 qui
2566 691 2854 744 messores,
2877 691 2998 747 quze
3018 677 3243 733 messis:
3273 687 3330 734 et
3359 691 3639 749 postquam

2053 765 2231 820 omnia
2276 766 2356 820 eis
2399 767 2570 837 palam
2616 767 2848 832 fecisset,
2897 778 3023 823 tunc
3060 768 3135 823 ait
3167 787 3179 824 :
3212 769 3351 824 Justi
3380 770 3642 842 fulgebunt

2055 861 2183 912 sicut
2212 860 2290 913 sol
2316 861 2370 913 in
2392 877 2546 931 regno
2576 859 2748 916 Patris
2775 878 2946 916 eorum
2987 862 3203 933 (Matth.
3250 864 3333 917 l3.
3362 865 3451 935 45)
3486 881 3499 917 :
3534 881 3641 919 non

2056 950 2198 1019 quod
2223 965 2401 1019 parem
2436 962 2637 1008 tantum
2670 953 2926 1023 fulgorem
2958 953 3188 1010 habituri
3219 956 3325 1010 sint
3357 956 3517 1024 justi,
3546 956 3641 1011 sed

2058 1041 2292 1096 ostendit
2336 1044 2503 1098 multo
2534 1043 2792 1114 majorem
2839 1059 2996 1100 esse:
3032 1053 3235 1099 tantum
3271 1056 3448 1100 autem
3477 1047 3640 1109 dixit.

2059 1132 2200 1202 quod
2248 1134 2419 1202 major
2469 1133 2571 1189 hac
2620 1134 2794 1205 imago
2841 1135 2892 1190 in
2934 1136 3233 1191 visibilibus
3275 1137 3494 1207 reperiri
3538 1154 3643 1193 nou

2063 1235 2262 1292 posset.
2286 1225 2417 1279 Cum
2451 1225 2611 1296 igitur
2633 1226 2759 1297 quid
2794 1227 2970 1282 simile
2995 1229 3265 1293 audimus,
3299 1243 3365 1283 ne
3403 1227 3455 1282 itt
3491 1228 3647 1284 dictis

2065 1327 2269 1371 tantum
2298 1318 2550 1375 sistamus
2569 1319 2812 1390 gradum,
2839 1320 2931 1376 sed
2959 1336 3021 1375 ex
3047 1321 3130 1385 iis,
3155 1337 3272 1391 qua:
3303 1323 3403 1376 sub
3431 1336 3646 1378 sensum

2062 1419 2118 1462 et
2157 1410 2257 1463 sub
2307 1419 2582 1479 aspectum
2627 1410 2852 1477 cadunt,
2902 1411 3252 1480 spiritualium
3301 1412 3645 1467 eminentiam

2063 1503 2407 1556 assumemus.
2436 1502 2876 1573 Quandoquidem
2931 1504 3090 1573 igitur
3143 1505 3227 1558 hic
3280 1503 3648 1559 vehementius

2060 1594 2386 1650 desiderium
2421 1595 2643 1650 inveniri
2687 1604 2863 1664 potest
2901 1594 3100 1665 (divina
3140 1595 3401 1666 siquidem
3442 1605 3566 1651 sunt
3593 1606 3648 1650 et

2065 1687 2355 1755 spiritualia
2399 1685 2632 1755 eloquia,
2664 1702 2783 1756 qua:
2833 1702 3075 1756 magnam
3123 1687 3327 1755 possint
3374 1686 3426 1740 in
3470 1687 3649 1740 animo

2068 1790 2254 1847 parere
2292 1776 2621 1846 spiritualcm
2664 1777 2949 1848 laetitiam),
2994 1792 3112 1832 cum
3156 1776 3332 1831 studio
3382 1768 3549 1830 multo
3587 1791 3650 1829 ac

2068 1867 2368 1922 vehementi
2389 1866 2655 1922 desiderio
2681 1866 2834 1921 dictis
2855 1881 3013 1923 aures
3042 1866 3392 1936 praebeamus,
3420 1875 3478 1921 ut
3498 1881 3650 1920 veras

2065 1959 2286 2013 divitias
2315 1958 2439 2014 inde
2464 1958 2626 2023 nacti,
2659 1966 2714 2012 et
2740 1956 2807 2013 ad
2847 1972 2965 2012 eam
2997 1973 3116 2028 qua:
3143 1955 3437 2012 secundum
3482 1957 3649 2011 Deum

2067 2060 2151 2107 est
2176 2050 2568 2123 philoSOphiam
2593 2052 2771 2108 multis
2800 2053 3060 2122 susceptis
3084 2051 3378 2107 seminibus
3396 2094 3411 2121 ,
3452 2052 3529 2107 sic
3552 2052 3650 2106 do-

2067 2160 2212 2200 mum
2240 2154 2588 2201 revertamur.

2136 2240 2191 2294 Ξ.
2236 2239 2526 2296 Audiamus
2550 2239 2711 2309 igitur
2738 2253 2858 2310 qua:
2887 2236 3045 2293 hodie
3071 2237 3203 2293 lecta
3226 2235 3333 2293 sint
3357 2253 3369 2290 :
3403 2236 3498 2292 sed
3526 2238 3647 2291 ani-

2070 2349 2214 2387 tuum
2245 2331 2513 2393 adhibete,
2553 2339 2608 2385 et
2635 2344 2856 2385 excussa
2902 2329 3106 2398 ignavia
3135 2344 3369 2400 curaque
3413 2329 3653 2385 sarculari

2071 2422 2237 2488 omni,
2269 2423 2345 2477 sic
2370 2422 2526 2477 dictis
2546 2421 2807 2477 attendite
2835 2438 2848 2475 :
2879 2421 3072 2476 divina:
3100 2436 3329 2493 namque
3358 2420 3505 2492 leges
3532 2432 3657 2477 sunt

2070 2529 2135 2569 ex
2182 2512 2329 2567 caelis
2357 2512 2427 2567 ob
2454 2512 2677 2567 salutem
2709 2520 2945 2567 nostram
2976 2512 3240 2568 demissze.
3273 2511 3405 2567 Nam
3435 2512 3502 2579 si,
3533 2527 3654 2568 cum

2072 2604 2427 2674 imperatoria:
2468 2603 2638 2659 litera:
2678 2603 2944 2674 leguntur,
2973 2618 3222 2673 magnum
3248 2603 3443 2674 ubique
3470 2614 3553 2660 est
3582 2604 3656 2657 si-

2074 2695 2291 2749 lentium
2313 2737 2328 2762 ,
2357 2704 2411 2749 et
2447 2695 2624 2749 omnis
2662 2694 2916 2750 tumultus
2945 2695 3302 2764 strepitusque
3330 2693 3655 2760 eliminatur,

2070 2784 2319 2839 omnibus
2361 2798 2519 2839 aures
2564 2784 2952 2855 arrigentibus,
2999 2796 3054 2839 et
3093 2783 3277 2839 audire
3325 2785 3660 2854 cupientibus

2074 2877 2200 2948 quid
2235 2878 2594 2948 imperatoria:
2631 2877 2802 2933 litera:
2826 2876 3121 2941 declarent,
3152 2884 3206 2931 et
3235 2891 3483 2947 magnum
3513 2878 3656 2947 peri-

2072 2971 2250 3024 culum
2291 2970 2445 3024 adest
2490 2969 2574 3024 vel
2607 2969 2867 3024 tantillum
2914 2968 3295 3036 tumultuanti,
3328 2978 3381 3025 et
3418 2969 3661 3025 lectionis

2073 3061 2269 3117 seriem
2301 3060 2671 3116 inter-turbanti
2701 3079 2715 3116 :
2744 3060 2912 3115 multo
2935 3060 3105 3131 magis
3130 3059 3216 3117 hic
3238 3075 3362 3116 cum
3389 3062 3579 3116 timore
3607 3069 3662 3116 et

2075 3162 2311 3209 tremore
2353 3152 2690 3216 adstantium,
2721 3162 2775 3208 et
2798 3154 2963 3208 altum
2989 3151 3293 3209 habendum
3323 3153 3591 3209 silentium
3617 3156 3654 3217 ‘,

2075 3244 2563 3316 cogitationumqnc
2586 3244 2842 3299 tumultus
2860 3244 3122 3300 arcendus
3140 3262 3155 3309 ;
3188 3255 3247 3300 ut
3271 3260 3389 3315 qua:
3403 3244 3659 3300 dicuntur

2078 3337 2374 3408 intelligere
2399 3338 2649 3409 possitis,
2683 3345 2737 3391 et
2777 3347 2834 3392 ut
2868 3336 3269 3408 obseqttcutiam
3299 3345 3527 3393 vestram
3557 3350 3656 3406 ap-

2079 3429 2309 3498 probans
2336 3427 2446 3483 Rex
2477 3428 2730 3483 crelorutn
2752 3468 2768 3495 ,
2796 3426 3087 3498 majoribus
3124 3443 3217 3483 vos
3243 3426 3549 3483 muneribus
3574 3427 3662 3481 di-

2078 3528 2292 3590 gnetur.
2327 3518 2608 3575 Videamus
2633 3519 2793 3589 igitur
2812 3519 2936 3590 quid
2966 3535 3066 3575 nos
3092 3535 3230 3575 nunc
3256 3519 3447 3576 doceat
3474 3520 3662 3575 beatus

2078 3611 2323 3684 Moyses,
2362 3627 2468 3667 non
2501 3613 2712 3683 propria
2761 3619 2964 3667 tantum
2995 3611 3204 3682 lingua,
3236 3610 3329 3666 sed
3372 3620 3427 3667 et
3463 3609 3664 3681 Spiritu

2080 3717 2266 3763 saneto
2294 3707 2506 3763 afﬂatus
2532 3706 2647 3762 hate
2688 3706 3049 3777 loqueusdii.
3086 3705 3148 3759 Et
3184 3705 3376 3774 accepit
3399 3747 3414 3772 ,
3460 3706 3665 3776 inquit,

2084 3799 2333 3855 Dominus
2366 3799 2501 3853 Deus
2540 3800 2811 3861 hominem,
2839 3813 2986 3869 quem
3016 3798 3269 3869 formavit.
3300 3798 3443 3852 Bene
3486 3797 3665 3851 statim

2080 3907 2112 3948 a
2143 3892 2398 3961 principio
2424 3892 2537 3946 lucc
2561 3890 2667 3945 duo
2689 3891 2864 3962 posuit
2893 3907 2905 3943 :
2930 3904 3033 3944 non
3055 3889 3195 3944 enim
3217 3889 3366 3953 dixit,
3391 3887 3663 3951 Dominus,

2082 3993 2138 4041 et
2163 3986 2327 4039 tacuit
2349 4028 2364 4049 ,
2393 3982 2486 4040 sed
2514 3982 2713 4038 addidit
2742 3981 2918 4044 Deus;
2951 3981 3034 4034 hic
3063 3980 3258 4051 aliquid
3287 3980 3460 4034 latens
3487 3987 3543 4034 et
3576 3994 3667 4033 oc-

2083 4077 2279 4133 cultum
2308 4075 2462 4131 nobis
2497 4073 2754 4138 indicans,
2795 4082 2852 4127 ut
2877 4072 3171 4137 discamus,
3204 4072 3316 4126 sive
3342 4069 3621 4125 Dominum
3647 4111 3665 4137 ,

2085 4171 2197 4226 sive
2227 4170 2392 4225 Deum
2424 4168 2737 4236 audiamus,
2769 4166 2974 4222 nullum
3000 4181 3121 4222 esse
3152 4167 3289 4221 inter
3311 4164 3426 4219 hate
3453 4163 3668 4219 nomina

2084 4262 2394 4317 discrimen.
2418 4260 2531 4315 Hoc
2558 4268 2734 4314 autem
2765 4274 2870 4313 non
2900 4258 3016 4312 sine
3043 4271 3202 4312 causa
3231 4254 3676 4318 commemoravi;

2083 4353 2179 4409 sed
2200 4362 2256 4408 ut
2281 4367 2402 4407 cum
2428 4351 2658 4407 audieris
2677 4350 2896 4405 Paulum
2920 4349 3211 4413 dicentem,
3239 4346 3383 4403 Unus
3404 4346 3539 4400 Deus
3562 4346 3669 4398 Pa-

2087 4457 2179 4510 ter,
2207 4460 2270 4499 ex
2294 4459 2394 4514 quo
2421 4444 2611 4508 omnia,
2643 4453 2690 4498 et
2716 4458 2846 4497 unus
2867 4440 3115 4495 Dominus
3134 4438 3287 4495 Iesus
3306 4436 3556 4502 Christus,
3583 4452 3671 4506 per

2084 4552 2228 4609 quem
2258 4537 2427 4591 omnia
2470 4536 2559 4606 (1.
2588 4534 2706 4589 Cor.
2737 4535 2789 4591 8.
2819 4534 2926 4605 6),
2955 4548 3024 4588 ue
3053 4543 3206 4603 putes
3236 4530 3588 4586 diderentiam
3618 4528 3668 4581 in

2084 4629 2305 4684 vocibus
2330 4642 2450 4683 esse
2468 4668 2484 4693 ,
2511 4636 2562 4681 et
2591 4626 2812 4680 alteram
2840 4625 3030 4695 majus,
3060 4624 3281 4677 alteram
3318 4621 3494 4676 minus
3519 4618 3676 4688 quid-

2085 4722 2225 4793 piam
2271 4718 2591 4791 signiilcare.
2637 4717 2758 4774 ideo
2788 4716 3246 4772 indiscrituinatim
3287 4713 3560 4783 Scriptura
3589 4709 3672 4764 his

2086 4815 2253 4870 utitur
2277 4811 2599 4875 nominibus,
2631 4819 2687 4864 ιιι
2715 4808 3062 4864 contentiosis
3102 4822 3207 4861 non
3247 4805 3402 4860 liceat
3432 4801 3482 4857 id
3526 4799 3666 4871 quod

2088 4908 2188 4981 ipsi
2213 4906 2689 4965 comminiscuntur
2722 4904 2859 4958 inter
2890 4910 3033 4957 recta
3064 4899 3310 4969 dogmata
3346 4894 3569 4951 rcl‘errc.
3603 4892 3673 4947 Et

2088 5012 2147 5059 ut
2189 5001 2364 5057 discas
2405 5000 2637 5056 divinam
2678 4997 3003 5068 Scripturam
3043 5001 3290 5049 neutrum
3319 4990 3510 5045 horum
3541 5001 3672 5057 qua-

2087 5097 2208 5152 dam
2231 5094 2478 5150 distincta
2510 5091 2896 5163 signiﬁcatione
2933 5095 3138 5143 servata
3163 5084 3436 5156 proferre,
3468 5096 3530 5134 ex
3570 5078 3671 5132 hoc

2089 5190 2205 5258 ipso
2245 5186 2386 5257 quod
2429 5183 2623 5241 dicitur
2665 5182 2946 5254 diligenter
2986 5177 3262 5234 considera
3308 5193 3321 5230 :
3356 5171 3422 5226 Et
3456 5170 3669 5240 accepit.

2090 5279 2289 5349 inquit,
2337 5275 2589 5331 Dominus
2631 5273 2781 5327 Deus.
2828 5272 2902 5326 De
2947 5285 3053 5340 quo
3093 5268 3203 5323 vult
3239 5263 3527 5320 hareticus
3553 5274 3672 5317 esse

2087 5368 2339 5425 dictum?
2408 5368 2484 5423 De
2553 5366 2708 5421 Patre
2771 5361 2990 5418 solum?
3054 5358 3205 5414 Esto.
3283 5355 3416 5413 Audi
3495 5354 3673 5422 itaque

2091 5462 2309 5517 Paulum
2366 5459 2629 5515 dicentem
2685 5473 2698 5508 :
2761 5452 2906 5510 Unus
2974 5451 3113 5507 Deus
3183 5448 3376 5514 Pater,
3447 5463 3509 5502 ea:
3564 5458 3668 5515 quo

2155 5640 2171 5671 ⁸
2206 5635 2390 5695 ﬂoret,
2413 5640 2457 5685 et
2478 5645 2654 5698 magna
2675 5630 2896 5683 habenda
2921 5628 3185 5694 diligentia.
