4122 6204
334 333 438 387 115

332 462 442 512 τος,
491 441 593 514 Εἷς
644 450 788 514 Θεὸς
825 451 856 502 ό
887 448 1106 518 Πατὴρ,
1151 451 1220 516 ἐξ
1274 448 1348 509 οὗ
1383 453 1455 507 τὰ
1489 453 1705 516 πάντα,
1753 456 1848 510 καὶ
1898 453 2001 524 Εἷς

334 535 542 603 Κύριος
574 536 812 602 Ἰησοῦς
835 537 1108 605 Χριστὸς,
1135 538 1211 592 δι’
1238 535 1310 596 οὗ
1336 542 1408 595 τὰ
1435 540 1650 595 πάντα.
1693 543 1856 614 Ὁρᾷς
1885 544 2000 610 πῶς

329 621 408 684 τὸ,
433 621 656 692 Κύριος,
681 623 852 694 όνομα
879 625 956 696 τῷ
974 625 1089 697 Υίῷ
1119 627 1421 700 προσένεμε
1442 645 1456 692 ;
1480 628 1544 682 Τί
1575 629 1642 684 ἂν
1686 627 1778 684 οὖν
1800 632 2002 686 εἴποιεν

331 708 450 780 τὴν,
490 707 728 778 Κύριος,
791 713 1162 785 προσηγορίαν
1216 715 1439 786 μείζονα
1483 711 1624 770 εῖναι
1673 717 1768 771 τοῦ
1819 720 2003 785 Θεός;

342 797 534 868 Ὁρᾶτε
570 797 694 851 ὅσον
731 799 790 852 τὸ
849 800 1070 868 ἄτοπον,
1122 803 1216 856 καὶ
1272 803 1373 873 ὅση
1417 804 1516 875 τῆς
1571 803 1918 877 βλασφημίας
1966 809 2000 878 ή

331 882 602 948 ἐπίτασις.
643 886 816 940 τόταν
849 889 956 960 γάρ
1009 889 1082 960 μὴ
1137 889 1394 962 βούληταί
1443 909 1526 955 τις
1559 892 1849 963 ἀνέχεσθαι
1901 911 2004 948 κα-

331 969 673 1025 τακολουθεῖν
716 971 795 1044 τῷ
837 977 1026 1029 κανόνι
1058 976 1158 1048 τῆς
1206 975 1357 1041 θείας
1411 977 1657 1049 Γραφῆς,
1701 979 1834 1034 ἀλλά
1893 985 2004 1038 τοῖς

332 1057 554 1122 οἰκείοις
599 1059 878 1130 λογισμοῖς
916 1061 1092 1116 ἐθέλοι
1141 1063 1342 1118 διδόναι
1387 1063 1592 1136 χώραν,
1627 1066 1884 1138 ταράττει
1909 1067 2006 1136 τὴν

332 1145 606 1212 διάνοιαν,
663 1149 756 1203 καὶ
811 1150 1144 1223 λογομαχίας
1204 1154 1300 1208 καὶ
1353 1153 1613 1226 ζητήσεις
1664 1155 2006 1227 ἀπεράντους

333 1235 586 1308 ἐπιφέρει
613 1239 680 1308 τῇ
720 1237 864 1306 ὑγιεῖ
887 1238 996 1292 τῶν
1026 1239 1312 1310 δογμάτων
1350 1242 1622 1314 ὀρθότητι.
1653 1243 1763 1298 Kal
1803 1243 2003 1309 ἔλαϐε,

336 1321 521 1392 φησὶν,
546 1324 756 1390 Κύριος
789 1327 822 1378 ό
859 1327 1004 1392 Θεὸς
1040 1327 1147 1380 τὸν
1166 1325 1499 1396 ἄνθρωπον,
1532 1329 1605 1383 ὃν
1626 1331 1878 1395 ἔπλασε,
1907 1331 2004 1385 καί

333 1409 506 1464 ἔθετο
539 1410 726 1464 αὐτὸν
748 1410 818 1464 ἐν
851 1411 932 1477 τῷ
980 1413 1324 1480 παραδείσῳ
1360 1414 1472 1484 τῆς
1497 1415 1750 1486 τρυφῆς,
1780 1417 2008 1488 ἐργάζε-

337 1497 476 1548 σθαι
512 1496 699 1551 αὐτὸν
723 1498 819 1552 καί
852 1499 1216 1568 φυλάσσειν.
1246 1502 1387 1572 Ὅρα
1423 1503 1562 1576 πόσῃ
1586 1505 1851 1577 κέχρηται
1875 1522 2008 1576 προ-

338 1582 456 1653 νοίᾳ
488 1584 616 1653 περὶ
649 1583 742 1638 τόν
787 1584 850 1656 δη
861 1587 1265 1659 μιουργηθέντα
1295 1588 1604 1662 ἄνθρωπον.
1651 1590 1868 1662 Ἐπειδὴ
1899 1593 2008 1664 γάρ

338 1669 464 1738 χθὲς
515 1671 752 1738 ἐδίδαξεν
809 1675 954 1744 ἡμᾶς
1002 1675 1030 1727 ό
1072 1675 1342 1748 μακάριος
1394 1678 1638 1750 Μωῦσῆς
1675 1678 1870 1748 λέγων,
1925 1679 2008 1732 ὅτι

351 1757 721 1825 Ἔφύτευσεν
753 1762 786 1814 d
825 1760 967 1826 Θεὸς
994 1761 1099 1815 τὸν
1131 1762 1525 1830 παράδεισον,
1561 1765 1662 1820 καὶ
1695 1765 1862 1821 ἔθετο
1887 1765 2016 1820 ἐκεῖ

342 1841 450 1895 τὸν
475 1842 821 1914 ἄνθρωπον·
855 1846 977 1900 ἀντὶ
1017 1849 1134 1911 τοῦ,
1188 1849 1483 1922 Ἐϐουλήθη
1527 1851 1645 1904 ἐκεῖ
1663 1851 1824 1905 αὐτὸν
1866 1850 2010 1921 ἐχειν

341 1930 402 1982 τὸ
437 1932 776 2002 οἰκητήριον,
811 1935 905 1986 καὶ
940 1935 1308 1990 ἐνδιαιτᾶσθαι
1352 1939 1418 2010 τῇ
1465 1937 1762 1992 ἀπολαύσει
1785 1937 1878 1992 τοῦ
1902 1955 2009 1992 πα-

345 2015 592 2084 ραδείσου
617 2034 630 2047 ·
663 2019 902 2090 σήμερον
931 2021 1089 2074 πάλιν
1107 2021 1380 2076 δείκνυσιν
1405 2026 1539 2093 ἡμῖν
1564 2024 1663 2094 τῆν
1693 2024 1898 2094 ἄφατον
1915 2024 2008 2077 τοῦ

340 2103 476 2156 Θεοῦ
507 2103 936 2175 φιλανθρωπίαν,
989 2107 1056 2178 ἦν
1102 2110 1229 2180 περὶ
1278 2109 1440 2163 αὐτὸν
1479 2110 1883 2176 ἐπιδείκνυται,
1919 2113 2013 2164 καὶ

341 2193 813 2263 ἐπαναλαμϐἀνων
859 2195 950 2247 τὸν
989 2194 1146 2264 λόγον
1185 2197 1346 2266 φησί·
1381 2197 1489 2250 Kal
1515 2197 1697 2251 ἔλασε
1732 2199 1948 2267 Κύριος
1979 2201 2013 2254 ό

344 2279 488 2346 Θεὸς
525 2281 634 2335 τὸν
651 2281 987 2350 ἄνθρωπον,
1018 2283 1091 2337 ὃν
1118 2283 1374 2347 ἔπλασε,
1409 2285 1508 2338 καί
1540 2285 1706 2340 ἔθετο
1727 2287 1914 2340 αὐτὸν
1945 2289 2014 2340 ἐν

340 2367 424 2432 τῷ
455 2369 800 2438 παραδείσῳ
825 2369 938 2439 τῆς
963 2370 1214 2440 τρυφῆς.
1245 2373 1356 2443 Οὐχ
1390 2373 1576 2436 ἁπλῶς
1603 2371 1774 2436 εἷπεν,
1807 2374 1909 2428 Ἐν
1934 2374 2015 2440 τῷ

343 2456 708 2524 παραδείσῳ,
760 2458 896 2512 ἀλλά
943 2460 1272 2532 προσέθηκε,
1333 2461 1448 2530 Τῆς
1489 2461 1740 2531 τρυφῆς,
1791 2463 1878 2516 ἵνα
1915 2463 2014 2532 τὴν

345 2545 785 2617 ὑπερϐάλλουσαν
829 2545 1021 2618 ήδονὴν
1064 2543 1132 2620 ἧς
1187 2549 1470 2619 ἀπήλαυεν
1495 2561 1520 2590 α
1573 2551 1638 2604 ἐκ
1681 2551 1781 2622 τῆς
1827 2550 2014 2604 αὐτόθι

344 2633 632 2705 οἰκήσεως,
653 2634 872 2706 ὲμφήνῃ
910 2635 1042 2704 ήμῖν
1069 2651 1083 2665 ·
1131 2636 1226 2689 καί
1259 2635 1448 2702 εἰπών,
1489 2637 1699 2692 Ἕθετο
1728 2637 1918 2692 αὐτὸν
1946 2638 2016 2691 ἐν

345 2719 426 2786 τῷ
458 2720 804 2789 παραδείσῳ
827 2721 940 2790 τῆς
977 2719 1230 2790 τρυφῆς,
1273 2723 1458 2794 φησὶν,
1504 2723 1880 2794 Ἕργάζεσθαι
1905 2726 2013 2779 αὑ-

347 2807 455 2863 τὸν
503 2807 603 2863 καί
654 2808 1021 2878 φυλάσσειν.
1063 2809 1273 2882 Πολλῆς
1321 2811 1418 2864 καὶ
1465 2811 1626 2865 τοῦτο
1663 2811 2014 2884 κηδεμονίας.

359 2897 576 2970 Ἐπειδὴ
611 2897 721 2970 γὰρ
751 2899 963 2970 τρυφῆς
984 2898 1206 2971 ἀπάσης
1227 2899 1588 2972 ἐπεπλήρωτο
1613 2903 1646 2973 ή
1673 2901 1862 2956 αὐτόθι
1903 2901 2014 2956 δια·

346 2985 522 3058 γωγὴ,
557 2987 653 3040 καὶ
672 2985 768 3056 τὴν
789 2985 898 3040 ἀπὸ
920 2987 1017 3057 τῆς
1055 2986 1186 3050 θέας
1207 2986 1398 3058 τέρψιν
1431 2987 1648 3058 ἔχουσα,
1673 2989 1767 3042 καὶ
1787 2988 1886 3060 τὴν
1910 2989 2020 3042 ἀπὸ

347 3069 448 3145 τῆς
495 3072 849 3136 ἀπολαύσεως
901 3072 1262 3146 εὐφροσύνην,
1300 3074 1387 3128 ἴνα
1418 3074 1492 3146 μὴ
1539 3076 1921 3149 ἀποσκιρτήσῃ
1955 3077 2019 3130 ἐκ

348 3164 448 3234 τῆς
499 3160 947 3234 ὑπερϐαλλούσης
991 3161 1228 3226 ἀνέσεως
1255 3163 1284 3216 ὁ
1311 3161 1596 3234 ἄνθρωπος
1652 3161 1885 3234 (Πᾶσαν
1911 3163 2020 3235 γάρ

350 3249 464 3318 τὴν
487 3249 707 3304 κακίαν
726 3247 988 3314 ἐδίδαξε,
1021 3249 1208 3321 φησὶν,
1237 3249 1275 3316 ή
1309 3249 1530 3322 ἀργία),
1556 3249 1645 3304 διὰ
1669 3250 1827 3304 τοῦτο
1858 3267 2022 3324 προσο

351 3337 534 3405 ἐταξεν
564 3337 726 3391 αὐτὸν
757 3335 1084 3409 ἐργάζεσθαι
1129 3337 1222 3392 καὶ
1262 3337 1580 3408 φυλάσσειν.
1621 3338 1686 3392 Τί
1726 3335 1840 3400 οὖν,
1866 3340 2018 3412 φησὶ,

351 3425 449 3494 τῆς
471 3426 598 3496 παρ’
619 3424 784 3478 αὑτοῦ
803 3423 1120 3496 ἐπιμελείας
1150 3425 1320 3478 ἐδεῖτο
1343 3425 1373 3479 6
1388 3425 1715 3498 παράδεισος
1733 3443 1748 3494 ;
1773 3427 1848 3480 Οὐ
1865 3426 2023 3481 τοῦτο

350 3513 514 3582 λέγω,
544 3513 677 3566 ἀλλά
710 3511 978 3584 ἐϐουλήθη
1015 3511 1152 3576 τέως
1193 3512 1398 3586 μικράν
1429 3531 1549 3568 τινα
1580 3513 1674 3568 καλ⁸
1709 3514 2023 3586 σύμμετρον

353 3600 513 3654 αὐτὸν
547 3600 694 3671 ἔχειν
724 3599 878 3672 [109]
919 3600 1193 3672 μέριμναν
1227 3601 1352 3669 περί
1376 3617 1436 3654 τε
1463 3599 1562 3672 τὴν
1593 3601 1862 3674 φυλακὴν,
1897 3599 2025 3673 περί

353 3707 410 3742 τε
437 3688 536 3760 τὴν
554 3689 834 3760 ἐργασίαν.
870 3689 931 3742 ΕΞ
959 3688 1068 3759 γάρ
1085 3688 1245 3740 πόνου
1275 3688 1474 3752 παντὸς
1499 3685 1568 3760 ἦν
1587 3689 2022 3762 ἀπηλλαγμένος,

355 3776 516 3840 εὐθὺς
549 3775 837 3830 ἀπέκλινεν
867 3774 932 3828 ἂν
973 3775 1106 3846 πρὸς
1165 3774 1439 3846 ρᾳθυμίαν
1469 3773 1634 3845 πολλῇ
1687 3776 2026 3846 κεχρημένος

353 3863 573 3916 ἀνέσειο
619 3862 715 3915 νῦν
758 3863 814 3915 δέ
853 3859 1218 3932 ἐργαζόμενος
1262 3860 1524 3932 ἐργασίαν
1553 3861 1820 3915 ἀνώδυνόν
1859 3880 1978 3916 τινα
2009 3903 2023 3926 ,

357 3950 454 4002 καὶ
481 3948 859 4018 ταλαιπωρίας
895 3948 1070 4014 ἐκτὸς,
1097 3947 1534 4018 σωφρονέστερον
1559 3947 1626 4002 ἀν
1653 3947 1886 4020 διετέθη.
1921 3949 2028 4003 Καὶ

355 4040 416 4092 τὸ
441 4039 615 4092 εἰπεῖν
640 4036 718 4100 δέ,
754 4037 835 4090 ὅτι
883 4035 1230 4090 Φυλάσσειν
1255 4035 1306 4100 ι’,
1336 4036 1435 4106 οὐχ
1462 4033 1650 4100 ἁπλῶς
1684 4035 2025 4108 πρόσκειται,

356 4125 494 4180 ἀλλά
518 4123 920 4194 συγκατάϐασίς
947 4125 1061 4176 ἐστι
1104 4123 1212 4175 τῶν
1245 4123 1526 4195 ῥημάτων,
1564 4123 1651 4176 ἵνα
1674 4122 1808 4188 ὅλως
1829 4123 2029 4178 εἰδέναι

358 4215 477 4286 ἔχῃ,
507 4213 690 4284 φησὶν,
718 4213 798 4264 ὅτι
830 4210 1114 4264 ὑπόκειταί
1139 4226 1244 4263 τινι
1274 4209 1508 4280 δεσπότῃ
1533 4209 1610 4279 τῷ
1636 4209 1733 4282 τὴν
1762 4212 2030 4284 τοσαύτην

358 4301 657 4354 ἀπόλαυσιν
696 4296 844 4367 αὐτῷ
876 4294 1248 4366 χαρισαμένῳ,
1277 4297 1371 4350 καὶ
1397 4297 1534 4369 μετά
1561 4299 1660 4369 τῆς
1682 4298 2030 4364 ἀπολαύσεως

359 4388 456 4458 τὴν
495 4383 741 4454 φυλακὴν
780 4382 1150 4454 ἐπιτρέψαντι.
1200 4383 1384 4438 Πάντα
1416 4383 1526 4455 γάρ
1554 4387 1696 4437 ποιεῖ
1719 4387 1748 4438 ό
1775 4385 1906 4450 Θεὸς
1937 4387 2032 4440 καὶ

361 4471 806 4546 πραγματεύεται
824 4470 912 4524 διὰ
939 4469 1037 4540 τὴν
1063 4469 1328 4540 ὠφέλειαν
1349 4471 1754 4544 τὴνήμετέραν,
1782 4474 1875 4527 καὶ
1893 4474 2032 4544 μετά

359 4560 550 4614 τούτου
589 4559 686 4613 καὶ
729 4558 828 4629 τὴν
879 4557 1180 4612 ἀπόλαυσιν
1211 4559 1304 4612 καὶ
1325 4558 1422 4631 τὴν
1446 4561 1628 4614 ἄνεσιν
1655 4559 1928 4632 δωρεῖται.
1967 4562 2029 4613 Εἰ

359 4649 468 4720 γάρ
493 4647 582 4702 διά
618 4647 717 4716 τὴν
771 4645 1216 4717 ὑπερϐάλλουσαν
1261 4646 1424 4700 αὐτοῦ
1461 4646 1896 4718 φιλανθρωπίαν,
1939 4649 2032 4702 καὶ

363 4736 652 4810 πρὶνήμᾶς
676 4737 1018 4806 παραγαγεῖν
1049 4733 1116 4788 τά
1147 4735 1434 4806 ἀπόρρητα
1482 4737 1662 4788 ἐκεῖνα
1692 4737 1822 4805 ἡμῖν
1852 4736 2031 4805 ἀγαθά

360 4827 676 4899 ηὐτρέπισε,
714 4825 896 4890 καθὼς
937 4825 1098 4890 αὐτὸς
1126 4825 1301 4895 λέγει·
1339 4825 1518 4880 Δεῦτε
1543 4830 1595 4880 οἱ
1640 4827 2032 4898 εὐλογημένοι

359 4915 466 4970 τοῦ
489 4914 720 4982 Πατρός
743 4929 884 4982 μου,
917 4912 1412 4982 κληρονομήσατε
1448 4912 1562 4980 τήν
1585 4915 2034 4984 ἡτοιμασμένην

365 4995 502 5064 ὑμῖν
524 4996 856 5060 ,βασιλείαν
887 4996 1000 5064 πρὸ
1033 4994 1367 5063 καταϐολῆς
1400 4997 1650 5064 κόσμου·
1689 4997 1865 5068 πολλῷ
1898 4999 2034 5070 μάλ-

361 5080 450 5133 λον
473 5079 542 5132 τά
565 5079 796 5134 ἐνταῦθα
817 5078 992 5132 πάντα
1034 5079 1171 5148 μετά
1193 5077 1468 5148 δαψιλείας
1503 5076 1748 5149 παρέξει.

430 5161 499 5229 γ’.
537 5163 689 5216 Ἐπεὶ
714 5158 806 5216 οὖν
829 5160 1096 5226 τοσαύτας
1131 5160 1450 5230 εὐεργεσίας
1483 5161 1562 5222 εἰς
1587 5164 1677 5214 τὸν
1699 5162 2032 5234 δημιουργη-

362 5244 524 5298 θέντα
556 5245 832 5308 κατέθετο,
878 5243 1090 5318 πρῶτον
1119 5243 1226 5296 ἀπὸ
1260 5243 1353 5296 τοῦ
1388 5243 1461 5314 μὴ
1519 5243 1668 5306 ὄντος
1701 5247 1782 5308 είς
1808 5246 1868 5298 τὸ
1893 5243 2032 5300 εἶναι

364 5325 702 5397 παραγαγὼν
729 5327 891 5381 αὐτὸν
912 5367 926 5390 ,
965 5329 1059 5381 καὶ
1094 5327 1200 5380 ἀπὸ
1233 5325 1326 5378 τοῦ
1379 5326 1500 5396 χοὸς
1545 5326 1705 5396 σῶμα
1741 5327 2032 5384 διαπλάσαι

366 5409 725 5475 καταξιώσας,
756 5413 847 5464 καὶ
875 5409 1010 5480 μετά
1041 5409 1206 5463 ταῦτα
1236 5409 1294 5461 τὸ
1328 5405 1678 5478 κυριώτερον,
1735 5407 1833 5480 τὴν
1859 5409 2035 5481 ψυχὴν

360 5493 462 5560 τὴν
486 5492 776 5561 ἀσώματον
815 5493 904 5546 διά
945 5492 1038 5545 τοῦ
1083 5493 1474 5561 ἐμφυσήματος
1499 5491 1888 5561 χαρισάμενος,
1920 5492 2036 5546 εἶτα

365 5574 454 5626 τὸν
475 5574 798 5643 παράδεισον
821 5573 1072 5640 γενέσθαι
1101 5572 1384 5636 κελεύσας,
1409 5571 1502 5624 καὶ
1523 5573 1639 5624 ἐκεῖ
1661 5573 1822 5626 αὐτὸν
1841 5574 2037 5627 ἐνδιαι-

374 5657 568 5711 τᾶσθαι
599 5657 928 5728 προστάξας,
982 5656 1116 5725 μετὰ
1145 5654 1317 5709 ταῦτα
1363 5655 1520 5708 πάλιν
1565 5655 1817 5726 καθάπερ
1851 5657 2034 5728 πατὴρ

429 5765 452 5792 ⁸
492 5761 1064 5826 Μοτειηῆςγάπήλᾳυσεν.
1127 5761 1158 5800 b
1180 5759 1432 5826 _Sayil._et
1463 5760 1592 5826 Reg.
1621 5773 1752 5826 unus
1789 5762 1876 5826 τήν
1901 5761 2034 5826 ἐργα-

365 5823 416 5872 σί
425 5841 475 5873 ιν
491 5841 502 5851 ·
541 5820 732 5884 καὶγὰρ
764 5824 832 5870 ἐτι
870 5820 1016 5884 πόνου
1055 5822 1222 5875 παντὸς
1360 5820 1696 5884 ἀπηλλαγμένη
1723 5825 1762 5884 ίή
1804 5820 2026 5884 ἐργασία,

367 5887 566 5948 παρεῖχε.
589 5886 640 5932 δὲ
673 5882 831 5952 αὐτῷ.
851 5882 997 5944 (Ιίοε.
1024 5885 1104 5952 καί
1139 5882 1788 5952 παρεῖχεν.αὐτῷλάσχολίαν
1810 5882 2050 5952 mum

367 5943 618 5997 δυνοιΓκαί
663 5943 1009 6008 ἀταλαίπωρον.
1039 5943 1142 6005 Reg
1183 5945 1263 5991 καὶ
1295 5943 1614 6005 ταλαιπωρίας
1648 5943 1808 6004 ἐκτὸς,
1855 5943 1934 5990 καὶ
1962 5943 2034 6008 ,τὸ

369 6009 514 6057 eam?)
553 6009 603 6056 δὲ
644 6007 714 6056 ὅτι
752 6003 1038 6052 Φυλάσσειν.

1183 336 1239 390 S.
1281 335 1569 394 JOANNIS
1605 338 2098 398 CI-IRYSOSTOMI
2138 337 2458 398 ARCHIEP.
2499 338 3044 397 CONSTANTINOP.

3678 341 3779 398 1ίό

2109 458 2462 528 φιλόστοργος
2498 457 2648 512 παιδὶ
2675 457 2780 527 νέῳ
2811 457 3011 528 πολλῆς
3036 455 3218 522 ἀδείας
3251 459 3342 512 καὶ
3373 457 3608 520 ἀνέσεως
3640 460 3774 515 ἀπο-

2107 540 2344 602 λαύοντι,
2373 539 2513 593 ὥστε
2547 539 2624 612 μὴ
2649 541 3071 610 ἀποσκιρτῆσαι,
3130 543 3336 614 μικράν
3374 559 3494 596 τινα
3523 542 3617 595 καὶ
3647 545 3780 608 σύμ-

2113 640 2308 696 μετρον
2331 623 2536 676 ἐπινοεῖ
2566 623 2850 694 φροντίδαο
2883 623 3028 678 οὕτω
3061 625 3155 678 καὶ
3180 627 3208 678 ό
3238 626 3512 696 Δεσπότης
3537 623 3670 687 Θεδς
3699 629 3777 698 τῷ

2123 707 2294 778 Ἀδὰμ
2316 706 2414 777 τὴν
2444 707 2707 778 ἐργασίαν
2754 708 2847 760 καὶ
2897 707 2996 776 τὴν
3027 707 3276 779 φυλακὴν
3305 706 3657 781 προσέταξεν,
3693 705 3777 758 ἵνα

2115 791 2252 861 μετὰ
2274 789 2375 858 τῆς
2415 790 2628 861 τρυφῆς
2675 789 2776 860 τῆς
2817 790 3038 862 πολλῆς,
3071 793 3164 844 καὶ
3196 791 3295 860 τῆς
3326 791 3532 854 ἀδείας,
3565 791 3658 844 καὶ
3681 789 3778 860 τῆς

2111 873 2368 938 ἀνέσεως,
2399 874 2585 944 ὴρέμα
2620 891 2734 938 πως
2782 873 2883 948 ἔχῃ
2911 873 3086 928 ταῦτα
3116 875 3402 944 ἀμφότερα
3446 873 3778 941 ἐγκόπτοντα

2111 956 2272 1011 αὐτοῦ
2304 956 2402 1028 τὴν
2435 959 2516 1020 εἰς
2555 957 2614 1010 τὸ
2641 957 2828 1028 πρόσω
2867 957 3060 1027 φοράν.
3096 956 3281 1010 Ταῦτα
3326 957 3424 1028 μὲν
3461 953 3552 1010 οὖν
3577 957 3648 1010 τὰ
3677 955 3779 1028 ήδη

2115 1038 2428 1109 υπάρξαντα
2453 1038 2533 1109 τῲ
2561 1039 2624 1109 δη
2635 1037 3020 1110 μιουργηθέντι
3042 1055 3056 1068 ·
3073 1038 3140 1092 τά
3159 1038 3216 1090 δέ
3233 1051 3296 1106 γε
3315 1037 3442 1108 ἑξῆς
3467 1037 3780 1108 ἐπαγόμενα

2113 1119 2273 1174 πάλιν
2321 1120 2522 1193 πολλὴν
2571 1122 2667 1175 καὶ
2723 1120 3164 1192 ὑπερϐάλλουσαν
3219 1123 3354 1192 ἡμῖν
3394 1119 3649 1190 ἐμφαίνει
3682 1117 3778 1189 τὴν

2115 1203 2242 1274 περὶ
2273 1203 2436 1258 αὑτὸν
2458 1203 2885 1274 φιλανθρωπίαν,
2913 1205 3014 1275 τήν
3041 1221 3100 1257 τε
3131 1205 3555 1273 συγκατάϐασιν,
3600 1206 3667 1276 ήν
3691 1200 3780 1258 διά

2113 1282 2210 1354 τὴν
2235 1284 2440 1338 οἰκείαν
2469 1283 2784 1356 ἀγαθότητα
2834 1285 3224 1340 ἐπιδείκνυται.
3269 1286 3336 1339 Τί
3379 1286 3484 1358 γάρ
3531 1301 3696 1356 φησιν
3745 1285 3782 1355 ὴ

2115 1367 2336 1439 Γραφής
2371 1369 2478 1422 Καὶ
2504 1369 2842 1422 ἐνετείλατο
2869 1369 3086 1436 Κύριος
3112 1371 3144 1422 ό
3173 1367 3320 1436 Θεὸς
3345 1367 3428 1434 τῷ
3472 1368 3672 1438 Ἀδάμ.

2202 1451 2330 1504 Ἰδοὺ
2361 1451 2522 1506 πάλιν
2547 1451 2640 1505 καὶ
2669 1451 2904 1506 ἐνταῦθα
2931 1453 2998 1522 τῇ
3033 1451 3170 1523 αὐτῇ
3201 1451 3458 1524 συνηθείᾳ
3489 1453 3780 1523 ἐχρήσατο,

2117 1533 2204 1586 ἴνα
2227 1535 2292 1604 τῇ
2318 1533 2617 1604 πυκνότητι
2647 1533 2752 1587 τῶν
2774 1533 3082 1605 λεγομένων
3098 1534 3302 1605 ἀκριϐῆ
3325 1534 3424 1604 τὴν
3439 1533 3782 1588 διδασκαλίαν

2117 1611 2415 1684 δεξώμεθα,
2447 1615 2540 1668 καὶ
2575 1615 2772 1686 μηκέτι
2806 1614 3126 1686 ἀνεχώμεθα
3153 1615 3262 1669 τῶν
3296 1615 3617 1686 τολμώντων
3648 1617 3783 1669 ἀπο⁴

2118 1691 2354 1762 κληροῦν
2397 1691 2497 1755 τάς
2543 1692 2651 1746 τῶν
2687 1693 2966 1764 ὀνομάτων
3008 1695 3401 1766 προσηγορίας.
3433 1695 3524 1748 καὶ
3555 1694 3652 1765 τὴν
3685 1696 3784 1766 μὲν

2116 1769 2194 1840 τῷ
2229 1771 2424 1840 Πατρλ,
2485 1770 2582 1842 τὴν
2628 1771 2685 1826 δὲ
2731 1771 2808 1842 τῷ
2840 1771 2955 1844 Υίῷ
3001 1773 3348 1844 προσνέμειν.
3410 1773 3624 1845 Ἐπειδὴ
3675 1772 3785 1844 γάρ

2117 1847 2446 1918 ἀμφοτέρων
2477 1850 2509 1919 ή
2543 1848 2697 1902 οὐσία
2759 1849 2858 1920 μία
2879 1889 2892 1914 ,
2935 1849 3024 1904 διά
3054 1851 3213 1904 τοῦτο
3250 1850 3341 1904 καὶ
3370 1851 3404 1922 ἡ
3445 1851 3564 1905 θεία
3595 1853 3785 1925 Γραφὴ

2119 1926 2426 1998 ἀδιαφόρως
2469 1928 2599 1979 ποτὲ
2635 1927 2734 1997 μὲν
2782 1926 2860 1998 τῷ
2893 1928 3089 2000 Πατρί,
3145 1929 3275 1981 ποτέ
3321 1929 3376 1982 δὲ
3427 1929 3505 1999 τῷ
3541 1929 3654 2002 Υίῷ
3687 1930 3785 2003 τὴν

2119 2005 2286 2078 αὐτὴν
2357 2007 2728 2078 προσηγορίαν
2793 2008 3106 2080 εὑρίσκεται
3172 2008 3582 2080 ἀποκληροῦσα.
3677 2012 3784 2064 Kal

2119 2085 2476 2151 ἐνετείλατο,
2519 2086 2672 2157 φησὶ,
2727 2088 2943 2154 Κύριος
2980 2090 3014 2142 ὁ
3055 2087 3199 2152 Θεὸς
3231 2085 3310 2151 τῷ
3349 2087 3528 2156 Ἀδὰμ
3569 2089 3784 2158 λέγων.

2125 2161 2306 2228 Ἀξιον
2342 2164 2576 2217 ἐνταῦθα
2608 2164 2953 2237 ἐκπλαγῆναι
2980 2165 3080 2238 τὴν
3113 2166 3293 2219 πάντα
3322 2165 3480 2234 λόγον
3525 2165 3788 2236 ὑπερϐαί-

2120 2259 2313 2295 νουσαν
2359 2242 2454 2296 τοῦ
2504 2242 2639 2296 Θεοῦ
2691 2242 3122 2318 φιλανθρωπίαν,
3161 2245 3229 2315 ἢν
3275 2243 3610 2298 ἐνδείκνυται
3654 2247 3790 2316 ἡμῖν

2121 2319 2212 2374 διά
2259 2325 2358 2394 τῆς
2409 2320 2671 2394 βραχείας
2716 2322 2920 2395 ταύτης
2971 2323 3188 2390 λέξεως.
3234 2323 3344 2377 Kal
3403 2323 3742 2377 ἐνετείλατο
3771 2364 3788 2385 ,

2125 2401 2276 2470 φησί.
2336 2399 2508 2454 Βλέπε
2551 2403 2615 2455 ἐκ
2665 2402 2970 2474 προοιμίων
2999 2402 3141 2472 πόσῃ
3165 2403 3300 2473 τιμῇ
3359 2399 3616 2472 κέχρηται
3656 2401 3790 2472 περὶ

2123 2481 2212 2533 τὸν
2259 2478 2561 2550 ἄνθρωπον.
2599 2473 2734 2534 Ούδέ
2764 2479 2875 2551 γάρ
2908 2473 3030 2534 εἷπε
3053 2518 3068 2543 ,
3119 2477 3473 2552 προσέταξεν,
3511 2479 3545 2550 ἢ
3576 2479 3791 2534 ἐκέλευ-

2125 2575 2237 2626 σεν,
2261 2559 2397 2612 ἀλλά
2429 2559 2514 2624 τί;
2561 2559 2958 2615 Ἐνετείλατο.
3001 2559 3269 2630 Καθάπερ
3311 2558 3464 2628 φίλος
3499 2557 3637 2629 φίλῳ
3665 2557 3792 2630 περί

2123 2654 2282 2691 τινων
2325 2637 2638 2706 ἀναγκαίων
2695 2637 3074 2709 ἐντελλόμενος
3121 2637 3458 2707 διαλέγεται,
3514 2637 3658 2691 οὓτω
3694 2637 3792 2690 καὶ

2127 2713 2276 2786 [ΗΟ]
2303 2717 2332 2769 6
2359 2715 2492 2780 Θεὸς
2528 2716 2664 2788 πρὸς
2689 2716 2781 2771 τὸν
2818 2717 2990 2788 Ἀδάμ
3031 2715 3356 2782 διατίθεται,
3389 2715 3669 2788 μονονουχὶ
3706 2715 3794 2769 διὰ

2123 2795 2225 2865 τῆς
2251 2807 2274 2836 ο
2314 2795 2582 2868 τοσαύτης
2625 2797 2788 2868 τιμῆς
2829 2797 3239 2852 ἐπισπάσασθαι
3275 2797 3596 2868 βουλόμενος
3633 2797 3796 2851 αὑτὲν

2128 2872 2260 2944 πρὸς
2281 2872 2378 2944 τὴν
2406 2874 2651 2946 ὑπακοὴν
2677 2875 2784 2930 τῶν
2812 2874 3204 2948 ἐντελλομένων
3226 2875 3317 2928 ὑπ’
3346 2875 3534 2930 αὑτοῦ.
3567 2875 3676 2928 Kal
3698 2875 3796 2930 ἐν·

2126 2953 2390 3006 ετείλατο
2415 2954 2628 3020 Κύριος
2643 2955 2676 3007 ό
2697 2952 2842 3020 Θεὸς
2862 2953 2940 3018 τῷ
2964 2953 3145 3024 Ἀδᾲμ
3167 2952 3378 3024 λέγων·
3413 2954 3547 3008 Ἀπὸ
3571 2951 3795 3018 παντὸς

2129 3030 2319 3094 ξύλου
2353 3031 2457 3085 τοῦ
2489 3031 2559 3083 ἐν
2595 3028 2676 3096 τῷ
2707 3031 3052 3100 παραδείσῳ
3073 3031 3301 3100 ,βρώσει
3341 3031 3504 3103 φάγῃ
3525 3049 3540 3062 '
3574 3032 3691 3086 ἀπὸ
3726 3029 3797 3084 δὲ

2127 3107 2234 3161 τοῦ
2259 3107 2448 3172 ξύλου
2471 3109 2576 3163 τοῦ
2597 3108 2915 3180 γινώσκειν
2933 3112 3127 3166 καλὸν
3151 3113 3249 3165 καὶ
3273 3111 3560 3180 πονηρὸν,
3593 3112 3664 3164 οὐ
3679 3110 3795 3180 φά-

2129 3191 2306 3256 γεσθε
2337 3187 2439 3242 ἀπ’
2472 3187 2679 3242 αὐτοῦ.
2714 3183 2800 3259 *ῌ
2819 3187 2872 3241 δ’
2904 3187 2982 3243 ἂν
3001 3189 3190 3259 ἡμέρᾳ
3217 3190 3444 3260 φάγητε
3467 3191 3568 3244 ἀπ’
3587 3188 3798 3251 αὑτοῦ.

2130 3267 2362 3334 θανάτῳ
2395 3267 2818 3324 ἀποθανεῖσθε.
2846 3269 2988 3323 Πολὺ
3017 3270 3116 3338 τῆς
3138 3269 3358 3340 ἐντολῆς
3387 3270 3446 3322 τ’»
3472 3268 3795 3338 ἀνεπαχθὲς.

2144 3346 2306 3400 Ἀλλά
2347 3347 2540 3414 δεινὸν,
2575 3348 2851 3418 ἀγαπητὲ,
2901 3349 2934 3418 ή
2977 3347 3251 3419 ῥᾳθυμίαο
3299 3348 3488 3420 ὥσπερ
3522 3348 3628 3418 γὰρ
3659 3344 3798 3417 αὕτη

2131 3429 2228 3481 καὶ
2260 3427 2327 3481 τά
2369 3425 2564 3480 εὔκολα
2607 3426 2842 3482 δύσκολα
2875 3429 3004 3499 ἡμῖν
3039 3426 3322 3496 φαίνεσθαι
3357 3430 3518 3489 ποιεῖ,
3549 3427 3722 3489 οὕτως
3762 3427 3796 3494 ή

2136 3507 2338 3576 σπουδὴ
2391 3507 2486 3560 καὶ
2523 3507 2556 3577 ή
2597 3506 2882 3578 ἀγρυπνία
2916 3506 3010 3560 καὶ
3041 3505 3110 3559 τά
3151 3506 3386 3560 δύσκολα
3425 3505 3618 3560 εὐκολα
3669 3507 3806 3577 ἡμῖν

2134 3579 2530 3659 ἀπεργάζεται.
2553 3586 2596 3638 Τ
2603 3587 2619 3640 ί
2648 3586 2778 3660 γὰρ,
2802 3586 2924 3640 εἰπέ
2947 3602 3060 3656 μοι,
3081 3585 3272 3639 τούτου
3302 3587 3798 3657 ἀνεπαχθέστερον;

2133 3667 2186 3720 τί
2216 3666 2416 3738 ταύτης
2444 3665 2544 3736 τῆς
2575 3667 2737 3738 τιμῆς
2793 3663 2977 3738 μεῖζον
3011 3663 3210 3734 γένοιτ’
3249 3664 3344 3730 ἀνς
3395 3666 3674 3736 Παρέσχεν
3711 3665 3800 3718 ἐν·

2134 3746 2437 3800 διαιτᾶσθαι
2483 3745 2560 3817 τῷ
2602 3745 2935 3817 παραδείσῳ,
2980 3745 3059 3817 τῷ
3111 3743 3298 3798 κάλλει
3357 3742 3652 3814 τέρπεσθαι
3693 3743 3802 3796 τῶν

2135 3825 2451 3896 ὁρωμένων,
2483 3826 2578 3879 καὶ
2601 3825 2703 3896 τὴν
2726 3824 2848 3894 ὄψιν
2877 3823 3087 3878 ἐκεῖθεν
3113 3822 3446 3893 εὐφραίνειν,
3477 3823 3572 3876 καὶ
3599 3821 3684 3874 διά
3703 3820 3804 3890 τῆς

2139 3903 2494 3967 ἀπολαύσεως
2521 3903 2721 3974 πολλὴν
2763 3903 2861 3973 τὴν
2889 3904 3084 3974 ἡδονὴν
3115 3899 3480 3974 καρποῦσθαι.
3519 3899 3805 3971 Ἐννόησον

2139 3985 2246 4054 γὰρ
2275 3983 2400 4037 ὅσον
2416 3977 2484 4053 ἦν
2513 3983 2726 4052 όρᾷντά
2749 3982 2940 4054 δένδρα
2963 3985 3077 4046 τοῖς
3103 3983 3338 4053 καρποῖς
3363 3978 3679 4050 βριθόμενα,
3696 3977 3806 4030 τῶν

2141 4063 2315 4117 ἀνθῶν
2347 4061 2444 4132 τὴν
2477 4060 2766 4126 ποικιλίαν,
2799 4061 2911 4114 τῶν
2955 4061 3194 4132 βοτανῶν
3233 4060 3334 4131 τὴν
3375 4057 3658 4129 διαφοράν,
3697 4055 3806 4110 τῶν

2141 4142 2352 4210 φύλλων
2401 4141 2498 4204 τάς
2537 4142 2737 4211 κόμας,
2795 4142 2864 4194 τά
2897 4141 3031 4195 ἄλλα
3073 4140 3172 4194 ὅσα
3209 4138 3357 4202 είκδς
3391 4140 3448 4192 ἐν
3497 4136 3808 4210 παραδείσῳ

2138 4221 2448 4292 τυγχάνειν,
2484 4221 2578 4274 καὶ
2616 4221 2674 4272 ἐν
2702 4219 3012 4290 παραδείσῳ
3039 4220 3144 4274 ὑπὸ
3179 4220 3274 4273 τοῦ
3303 4218 3436 4272 Θεοῦ
3469 4217 3803 4288 φυτευθέντι.

2139 4301 2238 4354 Διά
2261 4301 2370 4371 γάρ
2391 4299 2549 4352 τοῦτο
2562 4297 2908 4370 προλαϐοῦσα
2927 4301 2958 4370 ὴ
2979 4298 3100 4352 θεία
3127 4298 3314 4370 Γραφὴ
3340 4292 3510 4363 εἶπεν,
3533 4298 3613 4358 ὅτι
3638 4296 3808 4360 Ἐξαο

2139 4378 2411 4432 νέτειλεν
2437 4378 2524 4432 ἔτι
2549 4378 2618 4432 ἐκ
2655 4375 2764 4444 τῆς
2793 4376 2907 4448 γῆς
2941 4375 3066 4434 πᾶν
3091 4377 3284 4442 ξύλον
3311 4375 3527 4445 ὡραῖον
3557 4377 3644 4440 εις
3673 4375 3809 4442 ὅρα-

2140 4475 2263 4520 σιν,
2300 4458 2398 4512 καὶ
2445 4457 2638 4512 καλὸν
2671 4459 2757 4524 είς
2777 4457 3033 4527 βρῶσιν,
3064 4457 3150 4510 ἵνα
3181 4453 3376 4508 εἰδέναι
3423 4453 3634 4523 ἔχωμεν
3676 4453 3810 4522 ὅσης

2141 4537 2402 4607 ἀφθονίας
2435 4537 2746 4601 ἀπολαύων,
2778 4537 2858 4599 είς
2873 4533 2970 4600 τὴν
2989 4533 3236 4588 δοθεῖσαν
3265 4531 3415 4602 αὑτῷ
3443 4529 3662 4598 ἐντολὴν
3681 4527 3808 4592 ἐξύ-

2142 4618 2296 4688 ϐρισε
2331 4615 2420 4670 διὰ
2461 4615 2660 4685 πολλὴν
2713 4614 2984 4686 ἀκρασίαν
3029 4613 3125 4668 καὶ
3185 4611 3477 4682 ῥᾳθυμίαν.
3527 4608 3813 4688 ⁹ξέννόησον

2143 4682 2251 4766 γάρ
2281 4713 2392 4768 μοι,
2429 4682 2702 4764 ἀγαπητὴ
2734 4682 2834 4764 τῆς
2872 4693 3036 4764 τιμῆς
3063 4691 3160 4762 τὴν
3195 4689 3516 4762 ὑπερϐολὴν,
3547 4682 3624 4768 ἧς
3645 4686 3811 4768 αὐτὸν

2145 4764 2398 4845 ἠξίωσεν,
2445 4773 2750 4838 ἰδιάζουσαν
2791 4774 2886 4825 καὶ
2927 4771 3315 4842 ἀφωρισμένην
3342 4767 3490 4838 αὐτῷ
3533 4764 3812 4845 τράπεζαν

2144 4843 2243 4925 τὴν
2267 4856 2323 4907 ἐν
2350 4852 2428 4924 τῷ
2459 4851 2773 4922 παραδείσῳ
2799 4849 3204 4922 δωρησάμενος,
3255 4849 3342 4901 ἵνα.
3379 4847 3454 4919 μὴ
3481 4845 3680 4925 νομίσῃ
3711 4843 3812 4925 τὴν

2145 4923 2316 5002 αὐτὴν
2337 4934 2450 4996 τοῖς
2475 4931 2694 5001 ἀλόγοις
2725 4931 2819 4984 καὶ
2856 4929 3004 5000 αὐτῷ
3027 4929 3232 5001 τροφὴν
3256 4927 3540 4997 ὑπάρχειν,
3573 4924 3688 4978 ἀλλ’
3711 4923 3812 5002 ἔχῃ

2144 5001 2392 5083 καθάπερ
2425 5011 2677 5081 βασιλεὺς
2702 5006 3115 5079 ἐνδιαιτώμενος
3135 5009 3200 5078 τῇ
3231 5005 3323 5060 τοῦ
3349 5003 3679 5076 παραδείσου
3699 5001 3815 5054 δια-

2150 5094 2322 5163 γωγῇ,
2374 5093 2646 5162 ἐντρυφᾷν
2691 5093 2759 5161 τῇ
2809 5089 3018 5144 ἐκεῖθεν
3063 5086 3396 5155 ἀπολαύσει,
3431 5087 3522 5140 καὶ
3563 5083 3816 5163 καθάπερ

2143 5162 2409 5239 δεσπότης
2443 5169 2847 5240 κεχωρισμένος
2941 5167 3048 5220 τῶν
3078 5167 3154 5232 είς
3185 5166 3486 5236 ὑπηρεσίαν
3524 5162 3673 5233 αὐτῷ
3711 5179 3816 5216 πα-

2147 5247 2537 5322 ρασχεθέντων,
2585 5247 2678 5300 καὶ
2725 5246 3114 5317 ἀφωρισμένην
3155 5245 3255 5317 ἔχῃ
3285 5243 3312 5283 ιι
3345 5245 3460 5322 τὴν
3509 5242 3812 5322 διαγωγήν.

2143 5321 2252 5383 Kal
2275 5327 2634 5386 ἐνετείλατο.
2669 5325 3050 5394 φησὶ,Κύριος
3067 5327 3099 5378 ό
3123 5325 3266 5388 Θεὸς
3292 5321 3371 5386 τῷ
3409 5322 3579 5392 Ἀδὰμ
3598 5321 3812 5389 λέγων’

2157 5404 2303 5460 Ἀπὸ
2337 5403 2564 5470 παντὸς
2597 5404 2788 5469 ξύλου
2831 5404 2940 5457 τοῦ
2969 5404 3040 5456 ὲν
3088 5401 3170 5467 τῷ
3198 5400 3543 5470 παραδείσῳ
3585 5397 3818 5468 ,βρώσει

2147 5485 2308 5556 φάγῃ
2333 5498 2346 5512 ·
2378 5481 2497 5539 ἀπὸ
2532 5482 2601 5536 δὲ
2629 5481 2736 5537 τοῦ
2776 5483 2966 5546 ξύλου
2996 5482 3103 5536 τοῦ
3133 5482 3450 5550 γινώσκειν
3487 5483 3682 5533 καλὸν
3715 5475 3818 5531 καὶ

2147 5562 2434 5632 πονηρὸν,
2463 5565 2534 5618 οὐ
2568 5561 2831 5632 φάγεσθε
2857 5561 2958 5614 ἀπ’
2989 5560 3194 5614 αὐτοῦ.
3225 5556 3299 5632 ᾟ
3322 5559 3373 5613 δ’
3399 5557 3685 5628 ("twng
3703 5556 3820 5626 scd-

2147 5661 2287 5714 γητε
2319 5643 2420 5698 ἀπ’
2453 5642 2661 5704 αὐτοῦ,
2689 5639 2923 5703 θανάτῳ
2947 5639 3375 5694 ἀποθανεῖσθε’
3417 5638 3696 5710 μονονουχὶ
3733 5635 3817 5714 λέτ

2153 5713 2265 5795 γων
2295 5722 2432 5794 πρὸς
2459 5721 2641 5784 αὐτὸν,
2672 5716 2763 5792 Μὴ
2791 5717 2899 5791 γὰρ
2933 5718 3070 5790 βαρύ
3113 5736 3162 5772 τι
3201 5717 3294 5771 καὶ
3329 5715 3562 5786 ἐπαχθὲς
3598 5713 3820 5795 ἀπαιτιῖς

2153 5791 2300 5873 παρὰ
2331 5791 2424 5856 σού
2451 5817 2465 5867 ;
2489 5800 2714 5854 Πάντων
2743 5798 2842 5870 τὴν
2866 5797 3168 5852 ἀπόλαυσιν
3202 5795 3508 5867 ἐπιτρέπω,
3543 5793 3660 5858 ἐνὸς
3691 5791 3820 5846 τού-

2211 5941 2231 5968 ε
2273 5937 2423 5986 Savil.
2449 5937 2569 5997 Heg.
2601 5941 2652 5982 et
2671 5934 2888 5997 Colbeljt.
2912 5936 2993 5997 ml
3015 5936 3041 5981 6
3063 5933 3181 5997 Θεὸς
3203 5937 3258 5993 τῇ
3287 5931 3420 5994 φύσει
3445 5935 3502 5992 τῇ
3529 5923 3824 5990 ἀνθρωπίνῃ,

2153 5999 2402 6060 μονονουχὶ
2427 5999 2503 6048 διὰ
2526 5995 2626 6056 τῆς,
2655 6004 2754 6047 elc.
2821 5995 2847 6036 ἀ
2870 5995 3072 6048 ϋυὶδυιι.
3109 5995 3250 6048 ἔχειν,
3614 6009 3622 6018 ·
