4122 6204
444 300 540 356 ll3

440 416 632 478 ontuia,
681 425 727 470 et
779 433 911 472 unus
955 415 1207 473 Dominus
1250 419 1400 475 Iesus
1444 421 1695 490 Christus,
1749 444 1838 492 per
1883 445 2029 498 quem

441 508 629 561 omnia.
677 507 806 563 Vide
835 510 1106 578 quomodo
1149 527 1364 573 nomen.
1410 513 1675 580 Dominus,
1722 517 1855 571 Filio
1882 520 2030 572 attri-

443 595 565 651 buat
589 597 613 650 ἲ
639 596 748 652 Cur
773 614 903 668 ergo
925 599 1104 654 dicant
1127 616 1339 668 nomen,
1375 602 1644 672 Dominus,
1672 597 1888 676 majoris
1911 624 2030 664 esse

441 689 712 759 dignitatis
754 707 914 760 quam
964 691 1114 757 illud,
1159 693 1340 747 Deus?
1386 694 1570 751 Videte
1610 713 1769 767 quam
1814 698 1885 752 sit
1931 699 2032 756 hoe

449 780 756 847 absurdum,
785 792 839 836 et
862 794 1059 852 quanta
1085 784 1432 854 blasphemia:
1458 788 1710 857 gravitas.
1734 790 1864 844 Cum
1886 789 2028 844 enim

442 872 563 940 quis
601 871 827 926 noluerit
865 872 1061 927 divina:
1102 875 1393 943 Scriptum:
1438 893 1678 931 nortnam
1727 879 1902 948 sequi,
1933 879 2028 933 sed

444 964 556 1019 suis
593 965 886 1019 ratiociniis
938 968 1110 1020 locum
1166 967 1295 1022 dare
1337 971 1755 1037 prresumpserit,
1811 986 2027 1026 sensum

443 1055 657 1110 turbare
679 1057 836 1122 solet,
864 1068 917 1112 et
947 1058 1180 1114 infinitas
1207 1060 1578 1115 contentiones
1601 1062 2030 1132 qumstionesque

445 1157 623 1201 movet
650 1148 907 1203 adversus
935 1165 1118 1204 sanam
1149 1151 1466 1204 doctrinam.
1501 1150 1567 1204 Et
1593 1153 1803 1220 accepit,
1838 1154 2026 1222 inquit,

447 1237 695 1292 Dominus
716 1238 854 1292 Deus
879 1239 1149 1306 hominem,
1171 1257 1316 1309 quem
1340 1243 1592 1312 formavit,
1619 1253 1665 1296 et
1691 1244 1856 1313 posuit
1885 1244 2030 1296 illum

443 1329 496 1380 in
514 1330 753 1398 paradiso
774 1332 1065 1400 voluptatis,
1093 1343 1148 1386 ut
1174 1344 1467 1404 operaretur
1492 1344 1536 1389 et
1567 1336 1838 1389 custodiret
1860 1336 2026 1389 illum.

448 1417 579 1474 Vide
621 1429 872 1489 quantam
915 1421 1076 1476 creati
1119 1423 1348 1477 hominis
1395 1424 1777 1492 providentiam
1815 1425 2024 1482 habeat.

447 1511 731 1581 Postquam
762 1513 904 1566 enim
958 1512 1070 1567 heri
1114 1528 1209 1567 nos
1243 1513 1425 1567 docuit
1461 1516 1646 1570 beatus
1693 1515 1902 1586 Moyses
1946 1516 2026 1571 his

444 1601 656 1655 mrbis:
692 1599 949 1654 Plantavit
978 1601 1113 1656 Deus
1135 1604 1448 1670 paradisum,
1477 1613 1522 1657 et
1549 1605 1713 1674 posuit
1737 1606 1841 1659 illic
1864 1606 2028 1660 Itami-

445 1707 556 1744 nem
586 1707 604 1745 :
635 1692 684 1746 id
731 1703 837 1756 est,
887 1693 1058 1748 voluit
1093 1704 1146 1748 ut
1201 1696 1270 1748 ibi
1311 1695 1639 1750 domicilium
1691 1696 1931 1766 haberet,
1973 1710 2027 1753 et

447 1784 671 1852 paradisi
699 1785 904 1840 deliciis
935 1785 1196 1842 frueretur
1225 1806 1238 1842 :
1269 1788 1425 1842 hodie
1457 1789 1646 1844 iterum
1668 1789 1901 1845 declarat
1927 1806 2028 1845 no-

451 1876 529 1929 bis
558 1875 875 1931 ineffabilem
907 1877 999 1931 Dei
1029 1879 1386 1942 clementiam,
1417 1895 1573 1950 quam
1597 1881 1737 1935 circa
1760 1882 1907 1936 illum
1934 1898 2028 1937 ex-

449 1964 610 2026 hibet,
637 1975 690 2019 et
717 1982 998 2021 resumens
1029 1983 1333 2023 sermonem
1364 1970 1438 2023 ait
1469 1988 1481 2024 :
1517 1969 1583 2024 Et
1625 1971 1819 2042 accepit
1851 1970 2026 2026 Domi-

449 2072 544 2109 nus
572 2053 708 2108 Deus
751 2058 1019 2122 hominem,
1049 2075 1196 2129 quem
1225 2061 1481 2129 formavit,
1537 2070 1581 2114 et
1625 2063 1788 2132 posuit
1817 2079 1929 2116 cum
1971 2063 2024 2116 in

452 2145 689 2212 paradiso
714 2145 1015 2214 voluptatis;
1046 2163 1151 2201 non
1178 2146 1242 2201 In
1274 2150 1514 2218 paradiso
1541 2151 1710 2204 solum
1742 2151 1894 2216 dixit,
1927 2152 2022 2206 sed

450 2235 672 2303 addidit,
713 2236 1012 2308 Voluptatis,
1060 2250 1117 2295 ut
1155 2243 1443 2310 ingentem,
1477 2259 1578 2311 qua
1620 2243 1671 2297 in
1704 2245 1788 2298 illa
1819 2244 2022 2300 habita-

449 2327 592 2382 tione
638 2327 944 2392 lrucbatur,
985 2332 1309 2402 voluptatem
1360 2333 1519 2387 nobis
1567 2333 1861 2389 declararet
1903 2353 1917 2390 :
1958 2351 2022 2392 ac

445 2429 720 2490 postquam
759 2421 918 2490 dixit,
954 2423 1132 2479 Posuit
1173 2426 1316 2479 illunt
1346 2427 1397 2480 in
1444 2427 1683 2494 paradiso
1726 2429 2018 2498 voluptatis,

441 2509 608 2576 addit,
635 2510 701 2564 Ut
725 2524 1019 2583 operaretur
1037 2526 1083 2569 et
1103 2516 1373 2569 custodiret
1398 2516 1565 2570 illaut.
1595 2516 1825 2588 Ingentis
1846 2529 1899 2573 et
1922 2517 2022 2574 hoc

443 2601 783 2668 providentia!
809 2612 910 2657 est.
941 2604 1199 2672 Quoniam
1225 2606 1366 2661 enim
1393 2607 1444 2661 in
1479 2605 1778 2677 hujusmodi
1805 2608 2022 2664 sedibus

441 2691 589 2745 omni
635 2692 936 2770 replebatur
964 2695 1250 2765 voluptate,
1297 2707 1350 2752 et
1393 2710 1642 2769 aspectus
1663 2700 2015 2769 jucunditate,

441 2794 504 2835 ac
532 2781 710 2835 ιευιίιίιι
741 2783 862 2838 inde
890 2794 1038 2855 parta
1067 2775 1359 2856 fruebatur,
1389 2804 1456 2844 ne
1483 2804 1548 2844 ex
1579 2789 1740 2844 nimia
1769 2791 2020 2848 felicitate

439 2871 600 2927 homo
643 2874 985 2934 inSolesceret
1031 2877 1272 2950 (Omnem
1312 2882 1478 2948 enim,
1529 2883 1721 2954 inquit,
1771 2885 2019 2939 malitiam

435 2961 604 3016 docuit
633 2967 790 3019 otium
815 2967 998 3038 (Eccli.
1030 2971 1119 3026 3‘5.
1160 2970 1278 3042 29),
1310 2971 1431 3027 ideo
1461 2974 1714 3045 praecepit
1743 2975 1902 3042 Deus,
1948 2974 2017 3032 Ut

434 3065 742 3122 operaretur,
785 3069 830 3110 et
856 3061 1126 3115 custodiret
1154 3061 1320 3118 illum.
1347 3062 1484 3131 Quid
1518 3075 1718 3129 autem,
1751 3066 1918 3133 dices,
1950 3065 2018 3122 il-

435 3146 534 3201 lius
562 3163 688 3201 cura
715 3149 901 3219 egebat
925 3151 1241 3220 paradisus?
1266 3152 1380 3208 Non
1413 3155 1514 3209 hoc
1538 3155 1659 3210 dico
1683 3171 1698 3222 ;
1729 3156 1821 3211 sed
1853 3157 2019 3213 voluit

433 3245 609 3293 tamen
630 3249 683 3293 ut
713 3240 975 3296 modicam
999 3259 1182 3298 curam
1202 3254 1411 3315 gereret
1433 3247 1624 3316 partim
1642 3248 2014 3316 custodiendo,

431 3339 485 3383 ct
514 3331 704 3398 partim
747 3333 1072 3402 operando‘.
1123 3334 1180 3391 Si
1226 3337 1369 3391 enim
1400 3339 1544 3392 omni
1587 3353 1805 3408 prorsus
1833 3339 2016 3396 labore

433 3437 630 3477 vacuus
659 3424 866 3492 fuisset,
899 3442 962 3481 ex
1004 3428 1168 3482 nimio
1196 3429 1304 3483 otio
1327 3431 1508 3484 statim
1537 3431 1588 3484 in
1620 3431 1882 3502 ignaviam
1914 3431 2013 3487 de-

433 3515 688 3570 clinasset
719 3534 733 3569 :
765 3525 820 3571 at
865 3532 984 3571 cum
1016 3519 1314 3588 Operationi
1357 3535 1478 3574 sese
1507 3520 1661 3576 daret
1688 3523 1803 3578 sine
1829 3521 2014 3579 dolore

433 3605 518 3658 vel
547 3605 811 3672 molestia,
841 3609 1224 3676 temperantior
1243 3622 1362 3663 esse
1386 3617 1613 3677 poterat.
1647 3610 1780 3664 lllud
1807 3619 2010 3679 autem,

436 3696 504 3750 Ut
534 3709 847 3767 operaretur,
872 3715 976 3753 non
1004 3701 1122 3754 sine
1147 3713 1306 3754 causa
1334 3699 1544 3766 dicitur,
1577 3699 1671 3755 sed
1710 3709 1793 3756 est
1823 3711 2012 3757 attem-

433 3798 674 3857 peratum
705 3789 926 3855 dictum,
969 3799 1026 3843 ιιι
1056 3790 1210 3859 plane
1239 3791 1419 3856 sciret,
1466 3805 1523 3844 se
1550 3790 1767 3846 domino
1799 3793 2008 3848 cuidam

431 3881 640 3950 subjici,
671 3881 758 3952 qui
788 3890 944 3935 tanta:
973 3882 1256 3952 voluptatis
1284 3883 1662 3940 habitationem
1705 3884 1806 3940 sibi
1831 3885 2014 3940 dedis-

431 3984 533 4038 set,
571 3982 625 4027 et
663 3973 903 4044 ejusdem
952 3974 1053 4029 sibi
1079 3974 1374 4030 custodiam
1404 3975 1655 4032 traderet.
1690 3977 1829 4031 Deus
1865 3977 2008 4032 enim

428 4066 606 4119 omnia
636 4065 761 4121 facit
806 4075 860 4121 et
901 4075 1156 4136 Operatur
1194 4076 1410 4139 propter
1439 4076 1675 4123 nostram
1703 4070 2007 4137 utilitatem,

425 4171 489 4211 ac
513 4172 632 4211 cum
674 4158 762 4212 illa
806 4159 964 4213 etiam
998 4160 1302 4215 fruitionem
1333 4160 1742 4231 libertatemque
1784 4161 2006 4231 pra-bet.

426 4245 554 4301 Nam
577 4248 620 4302 si
648 4264 712 4303 es
741 4249 997 4305 immensa
1023 4265 1118 4305 sua
1146 4251 1492 4320 benignitate,
1514 4252 1672 4306 etiam
1703 4255 2005 4322 priusquam

427 4357 524 4396 nos
554 4342 890 4412 produceret,
923 4343 1207 4398 ineffabilia
1251 4345 1337 4398 illa
1385 4344 1520 4398 hona
1550 4344 1703 4398 nobis
1735 4360 2004 4414 praepara-

425 4431 519 4495 vit,
541 4433 986 4503 quemadmodum
1020 4435 1109 4489 ille
1135 4433 1266 4489 dicit
1295 4452 1308 4488 :
1353 4433 1545 4499 Venite,
1567 4435 1808 4488 benedicti
1834 4433 2005 4491 Patris

427 4521 542 4588 mei,
591 4522 866 4576 [meditate
907 4523 1118 4594 accipite
1163 4534 1398 4594 paratum
1451 4523 1587 4579 vobis
1635 4541 1846 4596 regnum
1888 4537 2004 4582 ante

423 4613 824 4666 constitutionem
869 4615 1046 4669 mundi
1078 4615 1290 4682 (Matth.
1329 4615 1422 4670 25.
1466 4614 1558 4688 54)
1589 4634 1602 4670 :
1636 4618 1802 4672 multo
1838 4621 2005 4689 magis

424 4704 704 4771 praesentia
732 4704 911 4758 omnia
937 4705 1151 4774 largiter
1175 4706 1445 4776 praibehit.

495 4792 546 4846 5.
587 4792 720 4860 Quia
761 4796 919 4865 igitur
957 4806 1033 4850 tot
1064 4797 1317 4851 beneficia
1370 4798 1422 4851 in
1461 4807 1697 4854 creatum
1731 4799 2001 4856 hominem

421 4884 662 4949 Contulit,
691 4886 968 4955 primoque
996 4903 1058 4940 es
1093 4887 1257 4942 nihilo
1287 4888 1552 4958 produxit.
1597 4900 1650 4944 et
1693 4906 1758 4944 ex
1787 4892 2002 4961 pulvere

419 4988 612 5043 corpus
643 4974 874 5030 formare
903 4977 1148 5047 dignatus
1177 4987 1279 5046 est,
1312 4989 1618 5050 posteaque,
1640 4980 1780 5050 qucid
1824 4983 2004 5036 excel-

422 5063 617 5120 lentius
641 5076 779 5133 erat,
807 5069 1037 5123 animam
1070 5069 1435 5140 incorporeum
1466 5085 1560 5140 per
1591 5071 2001 5128 insufflationem

420 5157 584 5221 dedit,
619 5159 918 5231 deindeque
951 5162 1250 5232 paradisum
1282 5178 1422 5226 esse,
1464 5171 1518 5218 et
1561 5178 1682 5217 eum
1717 5163 1823 5217 illic
1850 5178 2002 5218 cont-

419 5249 613 5302 tnorari
639 5250 813 5318 jussit,
844 5262 963 5322 post
993 5252 1106 5308 haec
1127 5261 1183 5307 ut
1211 5262 1360 5321 pater
1385 5253 1549 5323 prolis
1573 5268 1778 5318 amans,
1813 5262 1999 5310 tenero

420 5339 528 5393 tilio
553 5342 712 5395 multa
745 5343 986 5400 libertate
1017 5354 1070 5400 ct
1106 5348 1290 5416 requie
1333 5347 1546 5410 frucnti,
1579 5362 1646 5402 ne
1681 5349 1996 5415 insolescot,

417 5448 633 5503 parvam
657 5436 937 5505 quamdam
961 5447 1014 5492 et
1040 5437 1366 5494 moderatam
1390 5453 1570 5527 etpram
1598 5441 1893 5510 excogitat;
1925 5443 2002 5497 sic

476 5615 490 5644 ι
528 5610 666 5684 savii.
711 5621 763 5663 et
802 5621 920 5684 negt
941 5628 1067 5664 unus
1087 5617 1157 5684 sic
1177 5616 1360 5667 habent
1383 5632 1395 5666 :
1523 5619 1700 5684 partim
1721 5620 1997 5684 operando;

412 5675 698 5746 (turpantem
733 5675 951 5746 opertuio
979 5677 1133 5746 onutis
1175 5684 1292 5746 erat
1321 5693 1498 5746 expers
1521 5675 1716 5746 laboris,
1751 5675 1998 5734 tribuerat

411 5735 483 5785 ttlt
509 5743 635 5787 Deus
657 5735 854 5799 operam
877 5739 979 5789 sine
1003 5736 1165 5790 dolore
1188 5747 1232 5790 ct
1251 5741 1352 5793 sine
1372 5735 1588 5793 iitiseria.

1541 309 1604 364 IN
1641 313 1788 368 CAP.
1815 311 1874 368 ll.
1915 316 2158 375 GENES.
2203 320 2427 376 llOMlL.
2469 322 2606 378 XIV.

3622 339 3717 394 IM

2140 430 2283 486 Deus
2314 432 2516 492 Atlante
2543 437 2909 504 operationem
2939 449 2993 495 et
3035 442 3331 498 custodiam
3365 446 3634 514 praecepit,
3663 459 3719 502 ut

2136 537 2255 576 cum
2302 525 2465 579 multa
2513 525 2804 596 voluptate,
2847 532 3130 588 securitate
3172 542 3338 604 atque
3378 537 3558 606 quiete
3605 536 3718 592 hzec

2135 611 2242 666 duo
2272 612 2513 681 haberet,
2548 633 2667 686 quze
2708 621 3091 690 aliquantulum
3123 625 3441 696 impedirent
3485 645 3551 682 ne
3581 632 3716 684 ultra

2136 711 2305 756 metas
2349 705 2678 772 procederet.
2730 709 2853 765 llaec
2887 712 3100 779 quidem
3145 718 3314 783 primo
3352 718 3544 772 collata
3594 731 3718 773 sunt

2136 793 2352 848 condito
2400 796 2638 862 homini;
2669 815 2787 869 qua:
2823 811 3000 856 autem
3045 804 3146 857 sub
3191 805 3304 861 haec
3343 806 3545 876 adjecta
3593 820 3714 863 sunt

2137 900 2378 956 magnam
2408 905 2532 959 erga
2558 889 2706 945 illum
2731 891 3003 948 declarant
3030 895 3409 966 benignitatem
3435 909 3598 971 atque
3629 901 3713 955 iu-

2135 976 2480 1046 dulgentiam,
2539 995 2696 1050 quam
2741 998 2806 1037 ex
2845 999 2941 1039 sua
2987 985 3222 1042 bonitate
3264 989 3522 1044 exhibuit.
3577 991 3712 1059 Quid

2134 1067 2275 1122 enim
2301 1069 2428 1124 dicit
2455 1070 2764 1141 Scriptum?
2796 1074 2858 1127 Et
2885 1077 3119 1147 prteecpit
3142 1077 3387 1134 Dominus
3416 1079 3550 1136 Deus
3570 1083 3711 1137 Ade.

2205 1159 2392 1214 Contra
2419 1179 2502 1218 eos
2527 1166 2614 1233 qui
2646 1167 2888 1232 quasdam
2917 1182 3056 1221 voces
3098 1167 3266 1234 Patri,
3295 1173 3541 1242 quasdam
3583 1171 3718 1226 Filio

2133 1251 2498 1307 adscribebant.
2524 1285 2594 1296 —
2619 1255 2757 1310 Ecce
2784 1259 2972 1312 iterum
3006 1259 3091 1315 hic
3117 1261 3304 1315 eadem
3335 1263 3720 1318 consuetudine

2136 1342 2319 1408 utitur,
2354 1352 2410 1396 ut
2439 1342 2626 1400 iisdem
2672 1345 2978 1416 l'ret‘ptenter
3021 1349 3264 1418 repetitis
3292 1352 3590 1407 accuratius
3617 1351 3714 1408 do-

2132 1433 2355 1488 ctrinam
2383 1437 2730 1505 excipiamus,
2763 1447 2816 1492 et
2842 1453 2910 1493 ne
2941 1439 3076 1493 ultra
3105 1439 3337 1496 feramus
3365 1456 3479 1510 eos,
3507 1443 3597 1514 qui
3614 1453 3716 1498 'au-

2131 1522 2258 1578 dent
2299 1527 2510 1580 nomina
2541 1542 2635 1596 pro
2675 1529 2828 1583 libito
2857 1529 3206 1601 distinguere,
3257 1543 3310 1588 et
3361 1534 3502 1589 aliud
3551 1535 3713 1590 Patri.

2131 1617 2274 1671 aliud
2323 1618 2460 1674 Filio
2518 1621 2844 1677 adscribere.
2896 1625 3029 1690 Quia
3082 1626 3223 1680 enim
3274 1628 3551 1698 utriusque
3612 1645 3713 1682 una

2130 1711 2422 1766 substantia
2451 1721 2554 1775 est.
2599 1715 2716 1770 ideo
2740 1716 2915 1770 divina
2955 1718 3225 1788 Scriptura
3255 1719 3712 1775 indiscriminatim

2131 1801 2415 1871 aliquando
2451 1805 2618 1870 Patri,
2645 1806 2931 1876 aliquando
2960 1807 3094 1864 Filio
3127 1810 3330 1864 tribuit.
3361 1809 3427 1864 Et
3453 1815 3712 1883 praecepit,

2131 1893 2320 1964 inquit,
2351 1894 2596 1951 Dominus
2628 1897 2762 1954 Deus
2793 1900 2916 1954 Atla:
2941 1901 3129 1955 dicens.
3159 1901 3255 1956 llic
3283 1906 3476 1958 merito
3504 1915 3714 1972 stupea-

2131 2000 2246 2040 mus
2272 1987 2364 2042 Dei
2391 1987 2732 2044 clementiam
2762 1991 2922 2046 verba
2960 1993 3139 2047 tnnnia
3168 2005 3510 2062 superantem
3530 1996 3713 2051 viden-

2130 2088 2230 2144 tes,
2259 2093 2416 2148 qnam
2465 2081 2614 2134 brevi
2657 2080 2756 2136 hac
2799 2082 3032 2138 dictione
3075 2083 3311 2139 exhibet.
3357 2083 3427 2138 Et
3451 2088 3705 2156 praecepit,

2129 2169 2318 2239 inquit.
2342 2171 2474 2226 Vide
2501 2173 2676 2226 statim
2703 2173 2772 2228 ab
2797 2174 2964 2240 initio,
2993 2184 3191 2244 quanto
3211 2175 3415 2232 honore
3439 2177 3710 2233 hominem

2127 2261 2485 2330 prosequitur.
2517 2261 2700 2332 Neque
2715 2263 2854 2318 enim
2877 2264 3010 2319 dixit
3033 2281 3047 2318 :
3081 2265 3382 2336 Imperavit,
3407 2267 3489 2322 vel
3509 2266 3708 2322 iussit:

2127 2352 2221 2406 sed
2253 2353 2376 2423 quid
2399 2354 2424 2408 ἲ
2447 2352 2718 2424 Prcecepit.
2745 2355 2890 2410 Sicut
2911 2358 3114 2411 amicus
3137 2357 3311 2413 amico
3337 2357 3405 2412 de
3429 2359 3588 2414 rebus
3619 2376 3712 2414 ne-

2125 2445 2372 2499 cessariis
2403 2448 2714 2515 prtccipiens
2756 2449 3003 2518 loquitur,
3041 2450 3111 2503 ita
3151 2460 3204 2506 et
3245 2451 3384 2506 Deus
3409 2467 3532 2521 erga
3564 2453 3706 2507 Ada-

2126 2541 2304 2594 mum'
2336 2539 2566 2594 afﬁcitur
2591 2559 2602 2594 :
2623 2541 2773 2612 quasi
2811 2541 2913 2598 hoc
2936 2542 3142 2598 honore
3167 2542 3339 2613 ipsum
3365 2543 3431 2598 ad
3457 2544 3711 2600 obedienc

2128 2632 2255 2687 dum
2285 2635 2348 2688 iis
2368 2649 2531 2703 quam
2563 2649 2622 2690 se
2653 2634 3113 2704 pra'cipiebantur,
3144 2645 3483 2692 attracturus.
3521 2637 3606 2692 i6.
3642 2635 3708 2691 Et

2125 2729 2362 2798 pra’cepit
2393 2728 2644 2782 Dominus
2674 2728 2812 2783 Deus
2853 2728 2978 2783 Ada'
3020 2730 3191 2784 dicens
3217 2745 3235 2784 :
3261 2727 3341 2784 De
3380 2730 3519 2784 omni
3544 2730 3706 2800 ligno,

2124 2819 2259 2890 quod
2285 2829 2357 2874 est
2405 2821 2457 2873 in
2488 2821 2746 2890 paradiso,
2788 2820 3093 2876 comedenda
3127 2821 3356 2875 comedes
3382 2821 3509 2875 :17.
3550 2821 3613 2874 de
3641 2821 3706 2874 li-

2122 2927 2221 2982 gno
2249 2920 2418 2965 autent
2461 2912 2652 2967 sciendi
2697 2911 2881 2966 bonum
2927 2921 2973 2967 et
3018 2911 3225 2977 malum,
3270 2928 3368 2966 non
3416 2911 3703 2966 comedetis.

2124 3002 2451 3071 Quocumque
2471 3013 2634 3056 autem
2664 3003 2745 3058 dic
2771 3004 3084 3059 comederitis
3119 3020 3182 3058 ea:
3209 3019 3288 3069 eo,
3329 3013 3488 3058 morte
3520 3005 3705 3057 morie-

2122 3096 2264 3148 mini.
2295 3094 2480 3166 blagna
2532 3093 2687 3164 hujus
2725 3095 2974 3165 prtecepti
3022 3095 3246 3150 facilitas
3277 3104 3378 3150 est.
3410 3094 3536 3159 Sed,
3566 3095 3702 3150 dile-

2121 3195 2226 3250 cte,
2255 3201 2414 3256 grave
2443 3185 2638 3241 malum
2673 3198 2755 3240 cst
2781 3186 3019 3250 desidia;
3051 3187 3192 3242 sicut
3213 3187 3356 3242 enim
3384 3186 3470 3240 illa
3503 3185 3626 3240 facit
3649 3195 3702 3239 ιιι

2119 3277 2294 3334 facilia
2319 3278 2495 3334 omnia
2524 3277 2803 3333 videantur
2826 3278 3080 3345 difficilia,
3109 3278 3188 3333 sic
3211 3278 3444 3334 studium
3477 3286 3530 3332 et
3568 3277 3710 3347 vigi-

2119 3371 2302 3436 lantia,
2348 3370 2507 3426 etiam
2554 3371 2732 3425 omnia
2775 3370 2939 3424 ardua
2979 3380 3034 3424 et
3063 3370 3295 3424 difficilia
3337 3368 3508 3424 facilia
3548 3369 3703 3423 nobis

2119 3460 2363 3516 reddunt.
2393 3459 2529 3527 Quid
2569 3462 2736 3526 cutim,
2772 3460 2880 3526 dic,
2912 3475 3115 3529 quaeso,
3146 3460 3247 3514 hoc
3284 3459 3536 3513 mandato
3573 3458 3706 3515 iaci-

2121 3546 2264 3602 lins?
2291 3549 2422 3618 quid
2452 3549 2557 3605 hoc
2587 3549 2790 3604 honore
2817 3549 3026 3618 majus?
3052 3549 3392 3604 Concedebat
3415 3549 3615 3605 versari
3648 3551 3699 3604 in

2117 3640 2382 3709 paradiso,
2417 3640 2700 3694 visibilium
2724 3640 3052 3696 formositate
3083 3641 3361 3707 oblectari,
3393 3641 3703 3712 aspicienda

2115 3732 2398 3787 exhilarari
2436 3741 2490 3788 et
2517 3731 2741 3787 fruendo
2767 3748 3008 3802 magnam
3042 3733 3364 3804 voluptatem
3396 3733 3696 3806 percipere.

2115 3824 2297 3896 Cogita
2325 3841 2482 3896 quam
2513 3825 2803 3896 jucundum
2835 3825 2987 3882 fuerit
3020 3828 3206 3883 videre
3257 3827 3479 3884 arbores
3510 3825 3698 3882 fructi-

2118 3917 2214 3972 bus
2252 3927 2520 3983 oneratas,
2553 3917 2742 3971 ﬂerunt
2775 3919 3107 3983 varietatem,
3153 3918 3440 3975 herbarum
3469 3916 3696 3975 diversi-

2117 4017 2298 4074 tatem,
2332 4007 2579 4062 foliornm
2610 4024 2812 4072 comas,
2837 4019 2994 4078 atque
3017 4010 3118 4064 alia
3149 4028 3269 4081 qua:
3297 4013 3586 4068 verisimile
3613 4019 3699 4066 est

2117 4103 2168 4155 in
2202 4101 2448 4172 paradiso
2487 4100 2669 4167 fuisse,
2720 4110 2774 4156 et
2823 4102 2874 4156 in
2918 4103 3163 4172 paradiso
3208 4119 3238 4158 a
3290 4105 3398 4160 Deo
3437 4107 3690 4176 plantato.

2115 4191 2336 4261 Pr0pter
2381 4192 2482 4248 hoc
2520 4193 2662 4248 cnim
2709 4193 2957 4264 superius
3001 4193 3180 4248 divina
3228 4196 3500 4265 Scriptura
3543 4196 3693 4258 dicit.

2115 4285 2370 4340 Produxit
2407 4288 2573 4341 adhuc
2599 4303 2662 4342 ea:
2689 4299 2821 4342 terra
2851 4305 2998 4343 omne
3022 4289 3213 4360 lignum
3243 4289 3510 4360 pulchrum
3550 4307 3698 4360 aspe-

2112 4390 2193 4432 ctu
2219 4420 2236 4445 ,
2275 4389 2320 4433 et
2361 4381 2544 4434 bonum
2588 4380 2656 4433 ad
2705 4381 3087 4447 comedendum,
3135 4392 3192 4437 ut
3229 4383 3369 4439 scire
3409 4383 3701 4453 possimus,

2111 4481 2307 4541 quanta
2340 4470 2521 4527 fruens
2550 4471 2810 4534 ubertate,
2841 4488 2936 4541 per
2963 4487 3206 4543 magnam
3231 4473 3692 4543 intemperantiam

2109 4573 2165 4617 et
2215 4563 2611 4635 negligentiam,
2651 4564 2836 4619 datum
2891 4565 2990 4619 sibi
3033 4566 3337 4620 mandatum
3392 4568 3692 4622 violaverit.

2109 4654 2313 4725 Cogita,
2341 4657 2586 4722 obsecro,
2621 4656 2838 4711 honoris
2862 4658 3226 4723 eminentiam,
3255 4674 3374 4728 qua:
3401 4659 3547 4713 illum
3573 4675 3700 4728 pro-

2108 4758 2364 4816 sequutus
2390 4758 2493 4816 est,
2521 4748 2642 4802 data
2672 4749 2744 4802 illi
2776 4763 2958 4802 mensa
2999 4749 3207 4818 propria
3243 4759 3296 4803 et
3335 4759 3612 4820 segregata
3639 4752 3692 4805 in

2112 4838 2374 4907 paradiso,
2400 4849 2452 4893 ut
2485 4854 2551 4893 ne
2582 4848 2789 4907 putaret
2833 4838 3076 4893 eamdem
3121 4838 3222 4893 sibi
3247 4848 3304 4894 et
3326 4839 3583 4908 jumentis
3610 4841 3694 4895 in-

2108 4931 2261 4996 strui,
2310 4930 2402 4986 scd
2455 4931 2674 4984 haberet
2730 4930 2878 5001 quasi
2927 4946 3050 4997 rex,
3104 4931 3154 4985 in
3210 4931 3454 5002 paradiso
3504 4948 3692 5003 agens,

2107 5021 2416 5078 deliciarum
2457 5022 2685 5092 copiam,
2723 5031 2779 5078 et
2805 5023 2956 5093 quasi
2999 5023 3250 5080 dominus
3279 5025 3564 5096 separatim
3592 5027 3690 5081 de-

2106 5123 2280 5182 geret,
2303 5123 2463 5183 atque
2491 5113 2648 5168 aliam
2677 5130 2835 5184 quam
2863 5116 3089 5171 ministri
3121 5116 3498 5171 habitationem
3528 5118 3690 5172 sorti-

2110 5214 2272 5259 retur.
2319 5204 2384 5258 Et
2435 5207 2672 5277 pra'cepit
2717 5205 2970 5263 Dominus
3015 5208 3154 5262 Deus
3201 5208 3328 5261 Atla:
3372 5208 3542 5263 dicens
3566 5226 3583 5262 :
3611 5209 3694 5264 Ea:

2107 5296 2244 5349 onmi
2267 5297 2425 5367 ligno,
2453 5297 2589 5368 quod
2623 5308 2696 5351 est
2724 5298 2775 5352 in
2805 5300 3064 5368 paradiso.
3096 5299 3400 5353 comedenda
3427 5302 3693 5357 come-des:

2106 5403 2169 5441 ex
2199 5387 2337 5458 ligno
2358 5398 2522 5442 autem
2551 5388 2741 5442 sciendi
2762 5389 2949 5443 bonum
2975 5399 3025 5443 et
3049 5390 3262 5455 malum,
3296 5408 3395 5445 non
3425 5394 3693 5449 comedetis

2105 5493 2169 5531 ex
2192 5495 2268 5531 eo.
2304 5478 2629 5546 Quocumque
2651 5488 2819 5532 autent
2844 5480 2925 5533 die
2953 5481 3286 5544 comederitis,
3316 5492 3476 5535 morte
3505 5485 3690 5537 morie-

2106 5571 2226 5623 mini
2255 5585 2274 5623 :
2299 5570 2448 5639 quasi
2478 5569 2682 5623 diceret
2708 5569 2774 5623 ad
2801 5571 2946 5626 illutn
2978 5588 2991 5623 :
3021 5569 3156 5625 Num
3182 5573 3464 5629 molestum
3491 5574 3692 5647 aliquid

2171 5749 2185 5780 ι
2221 5747 2497 5812 savtl.,ttog.
2527 5754 2578 5800 et
2598 5745 2830 5813 Colbcrt.,
2853 5764 2969 5817 erga
2991 5763 3138 5818 genus
3161 5751 3438 5808 humanum.
