4122 6204
457 306 556 362 HE

457 432 510 477 ct
556 438 722 492 grave
755 433 878 492 peto
908 439 971 478 ex
1018 425 1112 479 te?
1161 424 1283 480 Frui
1326 427 1468 482 enim
1503 431 1754 485 omnibus
1800 432 1892 486 tibi
1924 447 2042 500 per-

457 512 638 580 mitto,
668 511 769 566 hoc
800 529 962 568 unum
991 516 1244 585 przecipio
1289 531 1356 572 ne
1395 518 1672 590 tetigeris:
1707 531 1762 575 et
1801 537 2043 593 magnam

461 618 674 673 prunam
715 604 970 671 decerno,
1020 616 1077 661 ut
1119 609 1200 662 vel
1237 610 1429 666 timore
1475 611 1758 678 coercitus,
1789 613 1968 669 datutn
2017 631 2048 669 a

461 707 549 749 me
595 694 686 749 tibi
736 696 1045 752 mandatum
1097 702 1384 756 custodias.
1433 703 1557 759 Haec
1606 704 1852 772 faciebat,
1898 708 2049 776 quasi

461 783 712 838 dominus
764 786 960 857 aliquis
1010 789 1272 852 liberalis.
1323 791 1541 847 domum
1595 809 1836 866 magnam
1890 796 2047 851 alicui

460 875 816 942 concredens,
842 889 896 934 et
917 890 972 934 ut
1001 880 1295 936 dominium
1322 885 1420 939 sibi
1453 885 1656 941 salvum
1689 897 1921 954 maneat,
1952 904 2049 958 pa-

463 983 582 1021 rum
612 977 817 1024 tantum
848 973 1086 1040 pecuniae
1113 974 1346 1028 dandum
1386 977 1454 1030 ab
1481 977 1572 1031 illo
1597 979 1925 1047 praescribat.
1963 979 2051 1034 Sic

461 1075 595 1116 sane
623 1071 678 1117 et
705 1061 966 1134 benignus
1007 1075 1189 1120 noster
1221 1068 1497 1136 Dominus,
1525 1084 1785 1126 concesso
1813 1073 2052 1126 omnium

462 1167 583 1219 qua:
619 1153 670 1207 iu
719 1157 962 1222 paradiso
1007 1166 1160 1211 erant
1205 1156 1396 1221 fructu,
1435 1159 1502 1213 ab
1528 1175 1636 1214 uno
1663 1170 1865 1214 tantum
1912 1161 2054 1231 ligno

461 1245 735 1300 abstinere
755 1246 938 1316 jussit,
987 1259 1044 1302 ut
1083 1249 1220 1304 scire
1250 1262 1428 1319 posset
1473 1251 1649 1314 homo,
1690 1268 1748 1306 se
1793 1269 1914 1308 esse
1956 1257 2054 1308 sul.

467 1340 715 1405 Domino,
747 1344 830 1395 cui
861 1342 1082 1398 obedire
1125 1344 1345 1399 deberet
1383 1355 1435 1398 et
1463 1361 1668 1414 parere,
1710 1348 1754 1400 si
1796 1347 1922 1416 quid
1968 1348 2054 1401 ille

468 1433 776 1502 imperaret.

537 1525 592 1578 4.
633 1525 764 1591 Quis
796 1540 892 1594 pro
928 1526 1184 1594 dignitate
1221 1526 1568 1581 admirabitur
1607 1529 1908 1583 connnunis
1939 1544 2055 1580 om-

470 1617 615 1670 nium
645 1618 810 1672 nostri
837 1617 1041 1672 Domini
1067 1618 1476 1674 liberalitatem?
1501 1620 1634 1674 Cum
1657 1621 1863 1675 nullum
1885 1621 2058 1677 adhuc

469 1708 741 1776 specimen
763 1723 874 1779 prae.
895 1725 954 1764 se
983 1710 1142 1765 ferret
1171 1710 1360 1775 Adam,
1391 1719 1585 1779 quanta
1616 1711 1871 1766 beneﬁcia
1901 1727 2057 1768 acce-

473 1801 549 1867 pit
573 1799 586 1852 !
615 1798 796 1870 Neque
825 1801 967 1854 enim
995 1800 1321 1855 dimidiatam
1349 1801 1423 1855 illi
1457 1801 1603 1858 dedit
1633 1818 1811 1857 rerum
1845 1802 2058 1858 fruitio-

473 1907 595 1946 nem
617 1934 632 1955 ,
663 1908 835 1962 neque
883 1909 910 1944 a
959 1893 1198 1962 pluribus
1239 1893 1510 1949 abstinere
1550 1893 1730 1962 jussit,
1760 1903 1815 1948 et
1849 1895 2060 1948 etctcris

473 1983 608 2037 l'rui‘
644 2002 656 2037 :
687 1985 778 2037 sed
808 1985 1117 2053 participem
1143 1986 1380 2039 omnium
1414 2001 1530 2055 qua:
1559 1994 1714 2040 erant
1736 1987 1784 2040 in
1819 1986 2061 2056 paradi:_o

472 2091 595 2130 esse
629 2076 827 2141 voluit;
875 2076 943 2128 ab
971 2076 1240 2130 uno‘solo
1284 2077 1427 2146 ligno
1474 2077 1741 2131 abstinere
1783 2079 2057 2147 prtccepit,

476 2176 782 2221 monstrans
822 2182 882 2220 re
910 2166 1043 2236 ipsa,
1077 2167 1275 2220 nullius
1304 2167 1523 2221 alterius
1563 2168 1727 2236 gratia
1761 2168 1861 2223 hoc
1888 2169 2058 2238 ipsum

472 2275 534 2314 se
560 2259 754 2324 facere,
785 2274 942 2330 quam
971 2269 1028 2314 ut
1054 2270 1322 2314 tantorum
1366 2259 1750 2315 beneﬁciorum
1783 2270 2060 2316 auctorem

473 2369 766 2426 agnoscere
795 2353 958 2408 homo
983 2362 1183 2424 posset.
1218 2353 1286 2408 Et
1305 2353 1582 2409 considera
1611 2369 1732 2408 cum
1764 2354 1880 2408 aliis
1901 2355 2060 2410 etiam

474 2447 563 2502 hic
603 2447 896 2503 bonitatem
942 2447 1058 2510 Dei,
1089 2456 1289 2518 quanto
1330 2446 1534 2502 honore
1577 2446 1736 2500 etiam
1782 2447 2059 2501 mulierem

480 2536 839 2608 prosequitur,
869 2552 986 2606 qua:
1011 2551 1076 2592 ex
1118 2537 1209 2591 illo
1239 2537 1513 2590 formanda
1541 2547 1675 2590 erat.
1708 2536 1953 2590 Nondum
1998 2551 2060 2590 ea

475 2630 617 2684 enim
646 2629 922 2699 producta,
955 2630 1106 2700 quasi
1135 2629 1344 2699 utrique
1370 2628 1668 2692 mandaret,
1698 2627 1910 2683 dicebat
1938 2647 1951 2682 :
1980 2627 2063 2682 Ne

474 2719 788 2774 comederitis
829 2736 893 2773 ea:
940 2736 1040 2774 eo:
1067 2729 1154 2786 et,
1213 2719 1538 2789 Quocumque
1593 2719 1674 2773 die
1724 2720 2060 2787 comederitis,

477 2819 635 2865 morte
656 2812 936 2865 moriemini
967 2827 984 2865 :
1009 2811 1289 2868 declarans
1311 2812 1421 2880 jam
1453 2810 1574 2866 inde
1614 2811 1682 2865 ab
1713 2811 1864 2865 initio
1893 2828 2059 2866 unum

476 2918 598 2960 csse
643 2905 814 2960 virum
859 2915 914 2960 et
962 2906 1261 2973 mulierem,
1309 2908 1447 2962 sicut
1490 2918 1544 2962 et
1597 2908 1790 2962 Paulus
1847 2907 2058 2978 inquit:

477 2995 642 3066 Caput
686 2997 912 3051 mulieris
959 2999 1036 3051 vir
1072 2997 1288 3069 (Ephes.
1335 3000 1387 3053 5.
1421 2999 1536 3067 25).
1593 2999 1880 3067 Propterea
1935 3012 2063 3066 ergo

474 3087 625 3157 quasi
673 3088 878 3158 utrique
923 3089 1174 3158 loquitur,
1217 3099 1274 3143 ut
1317 3090 1538 3159 posthac
1577 3090 1800 3144 formata
1843 3105 1908 3142 ex
1949 3090 2063 3143 viro

476 3179 718 3244 muliere,
743 3180 1079 3234 occasionem
1111 3178 1184 3234 illi
1217 3179 1448 3249 praebeat
1471 3179 1696 3234 docendi
1725 3180 1869 3234 illam
1897 3179 2064 3247 ipsius

476 3279 763 3339 praecepta.
810 3269 927 3325 Jam
978 3270 1090 3324 seio
1129 3270 1341 3340 quidem
1372 3271 1788 3340 vulgatissimam
1831 3284 1950 3324 esse
1995 3269 2064 3325 de

479 3358 584 3415 hoc
610 3360 753 3429 ligno
785 3360 1160 3431 quaestionem,
1211 3370 1267 3415 et
1312 3362 1509 3416 multos
1535 3372 1738 3418 temere
1765 3363 2060 3432 loquentes,

477 3453 686 3524 culpam
709 3453 777 3508 ab
808 3454 1024 3510 homine
1051 3455 1102 3508 in
1129 3453 1293 3510 Deum
1323 3454 1613 3512 transferre
1632 3457 1750 3523 niti,
1779 3455 2064 3511 audacter-

479 3561 584 3613 que
617 3546 836 3602 dicere:
865 3545 1029 3617 Cujus
1073 3547 1147 3603 rei
1185 3548 1354 3619 gratia
1384 3547 1531 3604 dedit
1562 3549 1890 3614 mandatum,
1920 3548 2062 3618 quod

475 3638 678 3693 sciebat
707 3637 976 3702 hominem
1018 3641 1515 3712 transgressurum?
1546 3650 1597 3694 et
1627 3642 1817 3696 iterum
1846 3658 1858 3694 :
1887 3640 2066 3706 Quare

471 3727 632 3797 jussit
655 3728 856 3798 lignum
887 3730 1000 3784 ﬁeri
1029 3733 1079 3785 in
1118 3732 1404 3800 paradiso?
1431 3741 1485 3785 et
1512 3732 1676 3784 multa
1696 3732 1797 3784 alia
1827 3749 1839 3784 :
1873 3731 1966 3784 sed
1997 3746 2064 3786 ne

477 3832 621 3872 nunc
644 3827 767 3871 ante
799 3827 1008 3886 tempus
1033 3820 1485 3887 praevaricationis
1513 3821 1788 3874 videamur
1817 3823 2064 3890 prosilire

479 3907 546 3961 ad
585 3922 648 3961 ea
685 3907 1004 3970 enarranda,
1038 3924 1216 3978 operae
1241 3911 1470 3978 pretium
1508 3919 1610 3974 est,
1643 3919 1700 3963 ut
1730 3925 1828 3964 nos
1869 3925 2061 3980 exspe-

477 4008 686 4054 ctemus
715 3999 855 4055 beati
881 4001 1039 4057 Musis
1065 4005 1427 4058 narrationem
1459 4021 1470 4055 :
1501 4013 1557 4057 ιιι
1595 4019 1714 4058 cum
1743 4004 1808 4058 ad
1838 4020 1959 4059 eum
1987 4004 2065 4058 lo-

476 4107 598 4146 cum
625 4094 1045 4162 pervenerimus,
1082 4096 1398 4165 tempestive
1425 4110 1777 4165 quaecumque
1807 4096 1896 4149 Dei
1935 4111 2060 4166 gra-

477 4183 549 4238 tia
601 4179 829 4249 dederit,
877 4186 946 4240 de
991 4201 1052 4242 ea
1105 4201 1165 4240 re
1217 4185 1487 4249 dicentes,
1548 4200 1731 4241 verum
1775 4185 2064 4256 Scriptura:

477 4289 696 4328 sensum
731 4285 958 4329 vestram
1003 4276 1289 4331 doceamus
1339 4275 1612 4331 caritatem
1649 4293 1790 4347 :quo
1834 4278 2064 4332 scientes

479 4365 872 4433 Scripturarum
918 4367 1228 4432 veritatem,
1274 4365 1505 4420 debitam
1561 4367 1786 4422 Domino
1837 4368 2060 4438 gloriam

479 4454 735 4522 oﬁ'eratis,
775 4471 873 4510 nec
903 4471 967 4511 eo
999 4457 1085 4526 qui
1116 4458 1354 4526 peccavit
1384 4459 1604 4524 omisso,
1647 4459 1859 4528 culpam
1893 4460 2064 4513 incul-

479 4546 584 4613 pati
615 4545 724 4600 Deo
751 4547 1054 4616 impntetis;
1079 4548 1188 4618 jam
1231 4560 1430 4615 autem,
1464 4550 1508 4604 si
1535 4549 1685 4616 libet,
1715 4549 1783 4605 de
1812 4551 2060 4619 praesenti

478 4637 704 4692 lectione
745 4638 885 4707 quod
935 4640 1173 4710 sequitur
1224 4655 1628 4712 prosequamur.
1675 4640 1758 4695 18.
1804 4639 1873 4694 Et
1911 4641 2060 4705 dixit,

480 4727 668 4798 inquit,
709 4727 956 4784 Dominus
985 4731 1161 4786 Deus:
1189 4731 1310 4786 Non
1348 4742 1421 4786 est
1454 4732 1639 4787 bonum
1669 4734 1920 4787 hominem
1957 4749 2065 4786 esse

473 4819 660 4873 solum.
717 4821 854 4876 Ecce
897 4823 1086 4877 iterum
1130 4823 1374 4878 similiter
1417 4822 1567 4886 dixit,
1619 4824 1752 4878 sicut
1793 4834 1846 4879 et
1893 4828 2060 4894 prius,

475 4909 728 4965 Dominus
748 4911 880 4967 Deus
902 4930 920 4966 :
948 4923 1002 4968 ut
1032 4916 1209 4970 animo
1231 4916 1366 4969 dicta
1401 4915 1696 4984 iuligeutcs,
1731 4931 1798 4970 ne
1821 4926 2062 4985 putemus

477 5001 654 5057 divina
711 5003 984 5074 Scriptura
1045 5008 1442 5076 priestantiores
1509 5018 1719 5062 nostras
1785 5009 2063 5078 opiniones

477 5106 620 5150 esse.
667 5092 922 5166 Dixitque,
972 5097 1066 5160 ait,
1116 5094 1362 5150 Dominus
1392 5096 1528 5152 Deus
1555 5116 1574 5151 :
1600 5098 1719 5152 Non
1769 5108 1841 5152 est
1881 5099 2062 5152 bonum

476 5199 584 5238 esse
603 5186 856 5240 hominem
885 5187 1070 5241 solum.
1099 5187 1416 5252 Considera,
1446 5189 1714 5258 quomodo
1753 5205 1858 5243 non
1889 5199 2065 5244 cessat

483 5276 652 5330 bonus
703 5277 862 5344 Deus,
915 5278 1008 5334 sed
1057 5278 1314 5334 benelicia
1373 5279 1647 5334 beneﬁciis
1697 5279 1954 5344 cumulat,
2011 5289 2064 5334 ιιι

481 5367 757 5425 abundans
787 5370 1021 5426 bonitate
1043 5373 1186 5426 omni
1222 5373 1429 5428 honore
1455 5372 1790 5427 circumdare
1811 5373 1922 5426 vult
1949 5375 2064 5426 aui-

481 5460 583 5513 mal
609 5459 711 5516 hoc
739 5463 945 5518 ratione
973 5465 1276 5534 przeditum,
1307 5475 1365 5519 ut
1393 5480 1497 5519 non
1529 5466 1698 5519 solum
1726 5464 1948 5520 honeste
1967 5465 2062 5523 sed

479 5559 532 5602 et
574 5552 855 5609 commode
901 5555 1063 5610 vivat.
1094 5556 1225 5611 Nam
1272 5555 1417 5610 Dixit
1447 5555 1694 5611 Dominus
1729 5555 1866 5611 Deus
1893 5571 1912 5610 :
1942 5555 2065 5612 Non

543 5709 562 5738 ί
584 5714 866 5779 ‘ttaes'oces,
889 5715 934 5758 et
955 5710 1143 5779 creteris
1171 5711 1291 5772 frui,
1313 5711 1519 5765 deerant
1564 5716 1612 5765 ia
1655 5712 1839 5775 iteret,
1864 5713 1952 5764 sed
1978 5713 2062 5762 ha-

481 5765 656 5819 bentur
682 5769 730 5817 in
747 5770 884 5817 Savil.
914 5778 962 5818 ct
990 5773 1037 5818 in
1061 5765 1235 5821 novem
1259 5765 1366 5822 διες.

1202 312 1256 367 S.
1298 311 1574 369 JOANNlS
1611 315 2085 374 CHRYSOSTOMI
2125 318 2438 375 ARCHIEP.
2481 320 3007 379 CONSTANTINOP.

3645 322 3741 376 Ηϐ

2151 441 2222 486 est
2250 432 2435 486 bonum
2466 435 2715 488 hominem
2761 453 2865 490 esse
2899 439 3080 490 solum.
3113 433 3386 488 Faciamus
3427 433 3504 487 illi
3532 437 3743 506 adjuto—

2151 542 2254 578 rem
2281 525 2550 579 secundum
2579 527 2743 579 illum.

2233 617 2344 671 Vox
2374 617 2626 672 faciamus
2651 620 2732 672 cui
2757 620 2960 672 dicitur.
2989 649 3057 658 —
3081 617 3218 672 Ecce
3247 619 3438 672 iterum
3461 617 3624 672 etiam
3658 613 3744 671 hic

2153 707 2314 770 dicit,
2347 707 2640 764 Faciamus.
2682 710 2828 764 Sicut
2866 711 3008 764 enim
3054 710 3105 764 in
3137 707 3402 778 principio
3429 707 3497 762 de
3525 704 3749 762 homine

2155 797 2435 852 formando
2463 799 2690 865 dicebat,
2725 799 2998 853 Faciamus
3027 801 3278 854 hominem
3304 799 3580 854 secundum
3608 799 3744 851 ima-

2155 891 2319 961 ginem
2347 900 2566 944 nostram
2594 901 2640 944 et
2667 891 2936 947 secundum
2957 891 3335 945 similitudinem
3366 905 3384 943 :
3415 890 3485 942 ita
3515 900 3566 944 et
3592 903 3738 943 nunc

2157 982 2429 1036 mulierem
2454 979 2796 1045 formaturus,
2825 981 3012 1036 eodem
3040 981 3201 1035 verbo
3231 980 3416 1045 utitur,
3451 991 3504 1033 et
3530 978 3701 1049 inquit
3733 995 3748 1039 :

2160 1072 2449 1128 Faciamus.
2481 1073 2576 1127 Cui
2610 1073 2709 1128 hoc
2729 1072 2892 1128 dicit?
2918 1073 3032 1127 Non
3060 1083 3252 1128 creata:
3281 1072 3437 1124 alicui
3464 1071 3745 1139 potentiae,

2156 1164 2250 1218 sed
2277 1165 2323 1218 ei
2367 1166 2453 1235 qui
2503 1181 2569 1219 ex
2612 1179 2671 1220 se
2718 1174 2873 1218 natus
2919 1173 3020 1227 est,
3070 1162 3375 1217 consiliario
3418 1162 3746 1227 admirabili,

2159 1256 2382 1322 potenti,
2431 1255 2653 1324 principi
2694 1255 2839 1324 pacis
2873 1252 3025 1325 (lsai.
3073 1253 3124 1308 9.
3173 1252 3248 1322 6),
3295 1252 3570 1321 unigenito
3612 1250 3751 1305 Filio

2159 1359 2277 1398 suo.
2326 1344 2391 1397 Et
2423 1355 2477 1398 ut
2509 1346 2669 1400 sciret
2695 1345 2886 1408 Adam,
2914 1343 3108 1397 animal
3141 1343 3474 1397 formandum
3524 1342 3748 1412 :cqualis

2159 1452 2278 1490 cum
2326 1437 2438 1505 ipso
2467 1436 2736 1506 dignitatis
2781 1435 2911 1501 lore,
2959 1435 3156 1489 idcirco
3199 1431 3651 1503 quemadmodum
3680 1433 3750 1487 de

2162 1529 2276 1597 ipso
2302 1527 2528 1594 diccbat,
2569 1525 2861 1590 Faciamus,
2889 1526 2966 1579 sic
3000 1533 3053 1579 ct
3082 1540 3221 1578 nunc
3259 1524 3396 1576 dixit
3427 1541 3438 1575 :
3469 1522 3746 1576 Faciamus

2160 1619 2441 1689 adjutorem
2481 1617 2754 1670 secundum
2793 1618 2955 1670 illum.
2991 1615 3284 1685 Utrumque
3328 1615 3554 1668 multum
3589 1615 3752 1669 habet

2164 1710 2434 1780 ponderis,
2465 1720 2575 1764 tum
2602 1707 2740 1778 quod
2789 1708 2881 1772 ait,
2917 1708 3230 1778 Adjutorem,
3263 1715 3370 1759 tum
3403 1705 3544 1775 qttod
3575 1705 3749 1767 addit,

2165 1803 2454 1858 Secundum
2486 1802 2650 1856 illum.
2677 1800 2830 1866 Nolo,
2864 1801 3054 1869 inquit,
3089 1800 3235 1852 illtnn
3283 1798 3454 1851 solum
3483 1813 3624 1862 csse,
3653 1799 3750 1852 sed

2166 1893 2359 1948 habere
2376 1909 2439 1949 es
2469 1893 2818 1948 contubernio
2838 1891 3256 1946 consolationem
3288 1890 3539 1958 aliquam,
3576 1904 3755 1958 neque

2165 1985 2266 2040 hoc
2314 1985 2509 2048 solum,
2560 1983 2654 2038 sed
2690 1981 3061 2052 producendus
3094 1990 3176 2035 est
3219 1979 3430 2048 adjutor
3472 1979 3570 2048 ipsi
3615 1995 3753 2033 con-

2165 2092 2398 2146 gruens;
2428 2075 2705 2129 mulierem
2749 2072 3044 2127 insinuans.
3080 2072 3368 2140 Propterea
3409 2085 3530 2124 eum
3576 2070 3753 2126 dixis-

2165 2181 2244 2222 set
2280 2185 2292 2220 :
2325 2166 2596 2220 Faciamus
2620 2166 2696 2219 illi
2725 2164 3031 2235 adjutorem,
3060 2162 3226 2225 addit,
3261 2162 3553 2216 Secundum
3581 2162 3751 2227 illum,

2169 2271 2224 2316 ut
2250 2277 2369 2316 cmn
2403 2257 2600 2314 videris
2634 2257 2813 2313 statim
2842 2255 3031 2311 adduci
3064 2255 3280 2320 bestias,
3311 2264 3365 2308 et
3395 2254 3571 2307 omnia
3600 2254 3756 2308 vola-

2167 2356 2278 2409 tilia
2313 2354 2450 2417 cmli,
2499 2368 2566 2407 ne
2608 2362 2762 2421 putes
2789 2349 2857 2404 de
2900 2349 3007 2402 illis
3055 2362 3174 2402 esse
3211 2347 3432 2400 dietum.
3465 2345 3596 2400 Nam
3630 2347 3758 2401 licet

2167 2447 2332 2502 multa
2361 2445 2740 2501 irrationabilia
2783 2443 3069 2497 animantia
3100 2440 3352 2511 adjuvent
3401 2441 3546 2493 illutn
3591 2441 3642 2493 in
3676 2440 3756 2494 la-

2167 2541 2384 2596 boribus
2413 2541 2547 2605 suis,
2581 2539 2782 2593 nullum
2811 2547 2984 2590 tamen
3013 2550 3110 2604 par
3135 2545 3216 2589 est
3243 2533 3484 2588 rationali
3516 2533 3749 2587 mulieri.

2167 2633 2320 2688 Umle
2345 2647 2465 2686 cum
2497 2630 2738 2693 dixisset,
2773 2629 3065 2698 Adjutorem
3096 2625 3370 2679 secundum
3415 2625 3582 2690 illum,
3627 2626 3757 2678 sub-

2165 2725 2241 2778 dit
2271 2744 2284 2778 :
2321 2724 2401 2778 l9.
2433 2721 2497 2776 Et
2527 2721 2758 2794 formavit
2807 2719 2946 2772 Deus
2990 2718 3155 2770 adhuc
3200 2717 3262 2770 de
3291 2727 3425 2770 terra
3469 2732 3640 2770 omnes
3667 2717 3755 2769 beo

2165 2819 2288 2871 stias
2307 2816 2438 2887 agri,
2467 2825 2512 2869 el
2535 2815 2704 2868 omnia
2725 2812 2949 2866 volatilia
2973 2811 3104 2876 cwli,
3131 2820 3176 2864 et
3199 2809 3342 2863 duxit
3368 2810 3457 2862 illa
3477 2810 3545 2862 ad
3564 2810 3753 2876 Adam,

2167 2921 2219 2962 ut
2250 2909 2433 2963 videret
2459 2907 2581 2976 quid
2610 2914 2805 2958 vocaret
2831 2905 2956 2965 illa;
2982 2911 3026 2955 et
3052 2918 3198 2954 omne
3223 2901 3571 2970 quodcumque
3601 2917 3754 2954 voca-

2166 3002 2233 3054 ιιὶι
2263 3000 2427 3052 Adam
2467 2999 2686 3050 animant
2725 2996 2986 3060 viventem,
3032 2993 3126 3045 hoc
3158 3002 3227 3045 est
3271 3008 3452 3045 nomen
3498 2992 3592 3045 illi.
3636 2991 3755 3046 Non

2169 3102 2391 3154 temere,
2435 3104 2607 3159 neque
2651 3089 2850 3156 absque
2896 3099 3056 3140 causa
3108 3085 3208 3138 hoc
3259 3082 3455 3137 factum
3503 3091 3606 3148 est,
3657 3081 3755 3137 sed

2168 3193 2383 3254 propter
2421 3196 2482 3236 ea
2512 3195 2630 3251 quae
2659 3180 2815 3249 paulo
2858 3186 2977 3248 post
3022 3178 3193 3230 futura
3222 3184 3392 3229 erant.
3444 3175 3583 3230 Deus
3609 3176 3754 3230 enim

2167 3292 2286 3332 eum
2318 3272 2588 3344 pnnseiret
2613 3271 2736 3342 quid
2762 3286 2864 3324 nou
2894 3271 3060 3324 multo
3088 3278 3208 3339 post
3228 3277 3544 3323 eventurum
3585 3278 3756 3336 esset,

2167 3368 2401 3424 osuendit
2441 3367 2593 3423 nobis
2622 3373 2873 3435 quantam
2911 3363 3225 3433 sapientiam
3253 3362 3470 3416 condito
3499 3377 3526 3415 a
3569 3379 3627 3418 se
3658 3364 3758 3417 ho-

2171 3461 2297 3516 mini
2328 3461 2496 3527 dedit,
2537 3469 2596 3514 ut
2634 3473 2753 3512 cum
2782 3455 3148 3526 praevaricatio
3189 3455 3420 3508 mandati
3448 3472 3477 3510 a
3511 3455 3618 3509 Deo
3644 3454 3752 3509 dati

2167 3557 2457 3624 contingat,
2489 3569 2593 3608 non
2624 3559 2835 3622 putetur
2861 3565 2954 3621 per
2981 3548 3330 3619 ignorantiam
3360 3563 3628 3617 peccasse,
3659 3549 3756 3604 sed

2168 3649 2305 3704 scire
2332 3646 2504 3716 possis
2532 3645 2736 3714 lapsum
2770 3643 2916 3696 illum
2957 3657 3022 3696 ex
3051 3639 3253 3694 desidia
3285 3640 3467 3695 fuisse.

2240 3740 2293 3794 5.
2337 3738 2468 3792 Nam
2515 3735 2655 3806 quod
2712 3750 2898 3802 magna
2951 3733 3206 3802 sapientia
3253 3731 3508 3802 pnrditus
3562 3733 3750 3798 fuerit,

2167 3833 2312 3887 disce
2333 3848 2397 3885 ex
2429 3831 2491 3885 iis
2517 3844 2635 3898 qua:
2665 3844 2803 3883 nunc
2829 3831 2976 3882 liunt.
3008 3825 3070 3879 Et
3099 3826 3314 3878 adduxit
3337 3827 3448 3888 illa,
3477 3825 3664 3895 inquit,
3686 3827 3753 3879 ad

2170 3923 2354 3987 Adam,
2407 3929 2460 3974 ut
2507 3919 2695 3973 rideret
2741 3919 2862 3989 quid
2899 3926 3092 3972 uocaret
3121 3917 3230 3969 illa.
3265 3915 3414 3970 Fecit
3445 3915 3546 3970 hoc
3590 3916 3751 3977 Deus,

2169 4015 2630 4066 demonstraturus
2672 4010 2826 4063 nobis
2873 4023 3116 4078 magnam
3150 4007 3290 4061 illius
3316 4009 3651 4076 sapientiam.
3689 4008 3755 4062 lit

2170 4104 2400 4168 iterum,
2450 4101 2598 4168 Quod
2635 4099 2824 4153 vacavit
2851 4140 2864 4163 .
2922 4099 3130 4170 inquit,
3167 4098 3366 4162 Adam,
3407 4078 3500 4152 Ιιδε
3539 4108 3613 4153 est
3657 4115 3753 4153 uo-

2168 4211 2280 4248 men
2309 4194 2404 4247 illi.

2237 4285 2419 4338 Adami
2447 4282 2736 4354 sapientia;
2762 4280 2962 4334 libertas
2992 4279 3206 4332 arbitrii.
3234 4308 3308 4318 —
3333 4277 3550 4331 Factum
3574 4287 3752 4332 autem

2168 4379 2267 4432 hoc
2290 4385 2390 4440 est,
2422 4391 2524 4429 non
2558 4384 2613 4427 ut
2636 4374 2902 4428 discamus
2925 4371 3066 4424 illius
3087 4369 3400 4438 sapientiam
3433 4370 3626 4434 solum,
3657 4369 3752 4424 sed

2169 4485 2223 4526 ιιι
2249 4479 2302 4525 ct
2339 4469 2640 4541 symbolum
2668 4466 2887 4520 dominii
2917 4480 3012 4533 per
3057 4465 3328 4517 nominum
3359 4462 3752 4532 impositionetu

2167 4570 2538 4633 cognoscatur.
2568 4557 2697 4612 Nam
2749 4565 2804 4611 et
2845 4555 3149 4610 hominibus
3193 4569 3310 4609 mos
3339 4564 3420 4608 cst
3453 4554 3551 4608 hoc
3578 4554 3754 4608 facere

2169 4657 2222 4710 in
2252 4656 2458 4723 signum
2488 4649 2730 4714 dominii,
2760 4657 2819 4701 ut
2844 4662 2964 4701 eum
3011 4660 3195 4699 servos
3235 4644 3484 4708 emerint,
3516 4646 3752 4713 ipsorum

2171 4747 2384 4801 nomina
2427 4750 2650 4797 mutent.
2682 4739 2835 4795 Unde
2861 4749 2914 4791 et
2947 4738 3112 4791 Adam
3141 4738 3373 4801 instruit,
3409 4746 3465 4789 ut
3503 4735 3756 4789 omnibus

2171 4837 2338 4893 brutis
2364 4849 2631 4904 tamquam
2657 4832 2903 4886 dominus
2936 4831 3146 4884 nomina
3181 4829 3342 4882 intlat.
3374 4829 3450 4883 Ne
3481 4829 3640 4898 igitur
3673 4827 3757 4884 hic

2170 4931 2345 4985 subito
2385 4939 2694 4997 przctcreas,
2742 4923 2952 4985 dilecte,
3002 4922 3142 4992 quod
3186 4921 3400 4987 dicitur,
3448 4921 3540 4974 sed
3580 4922 3754 4990 cegita

2169 5032 2381 5093 quantm
2433 5019 2591 5074 fuerit
2631 5015 2906 5086 sapientiae
2958 5025 3034 5068 tot
3079 5014 3382 5084 generibus,
3423 5013 3747 5073 volatilibus,

2171 5113 2465 5184 reptilibus,
2493 5111 2638 5175 leris,
2668 5108 2946 5178 jumcnlis,
2971 5115 3025 5160 et
3053 5106 3173 5160 aliis
3202 5105 3386 5168 brutis,
3418 5103 3754 5170 domesticis,

2169 5217 2223 5262 ct
2249 5205 2568 5276 agrestibus,
2601 5213 2654 5257 et
2682 5202 2735 5256 in
2772 5215 2907 5270 aqua
2935 5201 3095 5254 vitam
3124 5199 3422 5270 agentibus,
3472 5208 3527 5251 et
3554 5212 3585 5251 e
3615 5209 3756 5250 terna

2174 5299 2465 5369 productis,
2496 5306 2549 5352 et
2594 5296 2644 5350 in
2675 5309 2882 5348 summa
2923 5292 3171 5347 omnibus
3205 5293 3418 5361 propria
3463 5301 3516 5344 et
3561 5305 3756 5344 conve-

2171 5393 2366 5449 nientia
2399 5407 2507 5446 stuc
2552 5398 2758 5443 natura:
2798 5389 3073 5456 imponere
3105 5385 3341 5439 nomina.
3393 5383 3524 5439 Nam
3571 5381 3754 5446 Quod--

2170 5499 2376 5556 cumque
2406 5482 2596 5536 vocavit
2621 5481 2806 5544 Adam,
2835 5478 3022 5547 inquit,
3056 5479 3148 5531 hoc
3178 5493 3354 5530 nomen
3384 5487 3456 5529 est
3483 5476 3577 5530 illi.
3611 5473 3757 5528 Vidi-

2169 5581 2235 5634 sti
2264 5582 2682 5632 consummatam
2713 5571 3038 5641 potentiam?
3068 5571 3241 5624 vidisti
3271 5569 3493 5624 dominii
3521 5568 3754 5622 auctori-

2171 5669 2370 5724 tatem?
2397 5664 2670 5737 Perpende
2690 5679 2810 5719 cum
2832 5663 2948 5718 aliis
2971 5664 3132 5718 etiam
3154 5663 3273 5727 hoc,
3303 5660 3442 5732 quod
3473 5671 3527 5716 et
3547 5662 3753 5724 leones,

2170 5773 2222 5813 et
2253 5758 2423 5830 pardi,
2471 5767 2526 5814 et
2553 5757 2767 5826 viperae,
2799 5766 2851 5812 ct
2888 5756 3103 5825 scorpii,
3134 5765 3184 5810 et
3227 5762 3524 5824 serpentes,
3558 5762 3613 5806 et
3647 5752 3750 5806 alia
