  <div class='ocr_page' id='page_1' title='image "/cluster/home/n/w/nwhite01/storage/ocr_20150623/53/hvd.32044054086673/115.png"; bbox 0 0 4122 6204; ppageno 0'>
   <div class='ocr_carea' id='block_1_1' title="bbox 487 370 2147 444">
    <p class='ocr_par' dir='ltr' id='par_1_1' title="bbox 487 370 2147 444">
     <span class='ocr_line' id='line_1_1' title="bbox 487 370 2147 444; baseline -0.005 -11"><span class='ocrx_word' id='word_1_1' title='bbox 487 379 703 433; x_wconf 78' lang='grc' dir='ltr'>ἄπαντα</span> <span class='ocrx_word' id='word_1_2' title='bbox 731 374 799 428; x_wconf 89' lang='grc' dir='ltr'>τά</span> <span class='ocrx_word' id='word_1_3' title='bbox 830 371 1032 426; x_wconf 90' lang='grc' dir='ltr'>τούτων</span> <span class='ocrx_word' id='word_1_4' title='bbox 1071 370 1494 444; x_wconf 84' lang='grc' dir='ltr'>θηριωδέστερα,</span> <span class='ocrx_word' id='word_1_5' title='bbox 1535 371 1787 441; x_wconf 85' lang='grc' dir='ltr'>καθάπερ</span> <span class='ocrx_word' id='word_1_6' title='bbox 1819 370 1968 443; x_wconf 77' lang='lat' dir='ltr'>[H5]</span> <span class='ocrx_word' id='word_1_7' title='bbox 2012 371 2147 443; x_wconf 67' lang='grc' dir='ltr'>πρὸς</span> 
     </span>
    </p>
   </div>
   <div class='ocr_carea' id='block_1_2' title="bbox 485 457 2150 531">
    <p class='ocr_par' dir='ltr' id='par_1_2' title="bbox 485 457 2150 531">
     <span class='ocr_line' id='line_1_2' title="bbox 485 457 2150 531; baseline -0.004 -16"><span class='ocrx_word' id='word_1_8' title='bbox 485 463 754 531; x_wconf 76' lang='grc' dir='ltr'>δεσπότην</span> <span class='ocrx_word' id='word_1_9' title='bbox 780 458 919 527; x_wconf 86' lang='grc' dir='ltr'>μετά</span> <span class='ocrx_word' id='word_1_10' title='bbox 938 457 1116 529; x_wconf 83' lang='grc' dir='ltr'>πάσης</span> <span class='ocrx_word' id='word_1_11' title='bbox 1130 458 1410 528; x_wconf 77' lang='grc' dir='ltr'>ὑποταγῆς</span> <span class='ocrx_word' id='word_1_12' title='bbox 1431 457 1843 529; x_wconf 87' lang='grc' dir='ltr'>παραγεγονότα</span> <span class='ocrx_word' id='word_1_13' title='bbox 1859 459 1959 521; x_wconf 90' lang='grc' dir='ltr'>τάς</span> <span class='ocrx_word' id='word_1_14' title='bbox 1979 474 2150 529; x_wconf 87' lang='grc' dir='ltr'>προσ-</span> 
     </span>
    </p>
   </div>
   <div class='ocr_carea' id='block_1_3' title="bbox 484 544 2149 621">
    <p class='ocr_par' dir='ltr' id='par_1_3' title="bbox 484 544 2149 621">
     <span class='ocr_line' id='line_1_3' title="bbox 484 544 2149 621; baseline -0.003 -18"><span class='ocrx_word' id='word_1_15' title='bbox 484 548 712 621; x_wconf 97' lang='grc' dir='ltr'>ηγορίας</span> <span class='ocrx_word' id='word_1_16' title='bbox 752 546 1021 613; x_wconf 78' lang='grc' dir='ltr'>ἐδέξαντο,</span> <span class='ocrx_word' id='word_1_17' title='bbox 1052 546 1146 600; x_wconf 75' lang='grc' dir='ltr'>καὶ</span> <span class='ocrx_word' id='word_1_18' title='bbox 1181 545 1334 599; x_wconf 79' lang='grc' dir='ltr'>οὐδὲν</span> <span class='ocrx_word' id='word_1_19' title='bbox 1357 545 1464 599; x_wconf 87' lang='grc' dir='ltr'>τῶν</span> <span class='ocrx_word' id='word_1_20' title='bbox 1489 544 1693 616; x_wconf 88' lang='grc' dir='ltr'>θηρίων</span> <span class='ocrx_word' id='word_1_21' title='bbox 1724 544 1928 599; x_wconf 85' lang='grc' dir='ltr'>τούτων</span> <span class='ocrx_word' id='word_1_22' title='bbox 1954 544 2149 598; x_wconf 87' lang='grc' dir='ltr'>ἐδεδοί-</span> 
     </span>
    </p>
   </div>
   <div class='ocr_carea' id='block_1_4' title="bbox 486 633 2151 705">
    <p class='ocr_par' dir='ltr' id='par_1_4' title="bbox 486 633 2151 705">
     <span class='ocr_line' id='line_1_4' title="bbox 486 633 2151 705; baseline -0.004 -14"><span class='ocrx_word' id='word_1_23' title='bbox 486 638 622 691; x_wconf 84' lang='grc' dir='ltr'>κειό</span> <span class='ocrx_word' id='word_1_24' title='bbox 662 635 852 705; x_wconf 70' lang='grc' dir='ltr'>Ἀδάμ.</span> <span class='ocrx_word' id='word_1_25' title='bbox 885 634 976 705; x_wconf 84' lang='grc' dir='ltr'>Μὴ</span> <span class='ocrx_word' id='word_1_26' title='bbox 1006 634 1187 688; x_wconf 88' lang='grc' dir='ltr'>τοίνυν</span> <span class='ocrx_word' id='word_1_27' title='bbox 1218 633 1603 704; x_wconf 86' lang='grc' dir='ltr'>ἐπισκηπτέτω</span> <span class='ocrx_word' id='word_1_28' title='bbox 1642 650 1727 697; x_wconf 91' lang='grc' dir='ltr'>τις</span> <span class='ocrx_word' id='word_1_29' title='bbox 1766 636 1880 696; x_wconf 86' lang='grc' dir='ltr'>τοῖς</span> <span class='ocrx_word' id='word_1_30' title='bbox 1925 649 2151 704; x_wconf 74' lang='grc' dir='ltr'>γεγενηο</span> 
     </span>
    </p>
   </div>
   <div class='ocr_carea' id='block_1_5' title="bbox 488 719 2150 794">
    <p class='ocr_par' dir='ltr' id='par_1_5' title="bbox 488 719 2150 794">
     <span class='ocr_line' id='line_1_5' title="bbox 488 719 2150 794; baseline -0.001 -18"><span class='ocrx_word' id='word_1_31' title='bbox 488 724 669 794; x_wconf 79' lang='grc' dir='ltr'>μένοις</span> <span class='ocrx_word' id='word_1_32' title='bbox 710 722 861 794; x_wconf 86' lang='grc' dir='ltr'>παρά</span> <span class='ocrx_word' id='word_1_33' title='bbox 898 722 992 776; x_wconf 90' lang='grc' dir='ltr'>τοῦ</span> <span class='ocrx_word' id='word_1_34' title='bbox 1034 722 1327 784; x_wconf 85' lang='grc' dir='ltr'>Δεσπότου,</span> <span class='ocrx_word' id='word_1_35' title='bbox 1358 722 1450 775; x_wconf 74' lang='grc' dir='ltr'>καὶ</span> <span class='ocrx_word' id='word_1_36' title='bbox 1477 722 1575 792; x_wconf 83' lang='grc' dir='ltr'>τὴν</span> <span class='ocrx_word' id='word_1_37' title='bbox 1612 720 1857 790; x_wconf 89' lang='grc' dir='ltr'>γλῶτταν</span> <span class='ocrx_word' id='word_1_38' title='bbox 1901 719 2150 774; x_wconf 85' lang='grc' dir='ltr'>ἀκονάτω</span> 
     </span>
    </p>
   </div>
   <div class='ocr_carea' id='block_1_6' title="bbox 485 805 2149 880">
    <p class='ocr_par' dir='ltr' id='par_1_6' title="bbox 485 805 2149 880">
     <span class='ocr_line' id='line_1_6' title="bbox 485 805 2149 880; baseline -0.002 -16"><span class='ocrx_word' id='word_1_39' title='bbox 485 808 629 864; x_wconf 80' lang='grc' dir='ltr'>κατὰ</span> <span class='ocrx_word' id='word_1_40' title='bbox 650 808 745 862; x_wconf 86' lang='grc' dir='ltr'>τοῦ</span> <span class='ocrx_word' id='word_1_41' title='bbox 766 807 1122 880; x_wconf 77' lang='grc' dir='ltr'>δημιουργοῦ,</span> <span class='ocrx_word' id='word_1_42' title='bbox 1154 807 1353 879; x_wconf 77' lang='grc' dir='ltr'>μᾶλλον</span> <span class='ocrx_word' id='word_1_43' title='bbox 1380 809 1438 861; x_wconf 77' lang='grc' dir='ltr'>δὲ</span> <span class='ocrx_word' id='word_1_44' title='bbox 1461 807 1605 862; x_wconf 87' lang='grc' dir='ltr'>κατά</span> <span class='ocrx_word' id='word_1_45' title='bbox 1630 808 1730 878; x_wconf 87' lang='grc' dir='ltr'>τῆς</span> <span class='ocrx_word' id='word_1_46' title='bbox 1762 805 1956 860; x_wconf 85' lang='grc' dir='ltr'>ἐαυτοῦ</span> <span class='ocrx_word' id='word_1_47' title='bbox 1977 823 2149 877; x_wconf 83' lang='grc' dir='ltr'>κεφα-</span> 
     </span>
    </p>
   </div>
   <div class='ocr_carea' id='block_1_7' title="bbox 483 892 2146 967">
    <p class='ocr_par' dir='ltr' id='par_1_7' title="bbox 483 892 2146 967">
     <span class='ocr_line' id='line_1_7' title="bbox 483 892 2146 967; baseline -0.003 -17"><span class='ocrx_word' id='word_1_48' title='bbox 483 897 602 967; x_wconf 85' lang='grc' dir='ltr'>λῆς,</span> <span class='ocrx_word' id='word_1_49' title='bbox 628 896 721 949; x_wconf 79' lang='grc' dir='ltr'>καὶ</span> <span class='ocrx_word' id='word_1_50' title='bbox 749 895 952 964; x_wconf 78' lang='grc' dir='ltr'>λεγέτω</span> <span class='ocrx_word' id='word_1_51' title='bbox 975 896 1044 948; x_wconf 89' lang='grc' dir='ltr'>τά</span> <span class='ocrx_word' id='word_1_52' title='bbox 1066 894 1299 966; x_wconf 82' lang='grc' dir='ltr'>ἀνόνητα</span> <span class='ocrx_word' id='word_1_53' title='bbox 1323 907 1349 935; x_wconf 82' lang='grc' dir='ltr'>ι</span> <span class='ocrx_word' id='word_1_54' title='bbox 1376 896 1556 948; x_wconf 85' lang='grc' dir='ltr'>ἐκεῖνα</span> <span class='ocrx_word' id='word_1_55' title='bbox 1578 895 1799 965; x_wconf 78' lang='grc' dir='ltr'>ῥήματα</span> <span class='ocrx_word' id='word_1_56' title='bbox 1816 909 1831 924; x_wconf 90' lang='grc'><strong>·</strong></span> <span class='ocrx_word' id='word_1_57' title='bbox 1859 892 2002 956; x_wconf 91' lang='grc' dir='ltr'>τίνος</span> <span class='ocrx_word' id='word_1_58' title='bbox 2030 893 2146 946; x_wconf 83' lang='grc' dir='ltr'>ἐνε-</span> 
     </span>
    </p>
   </div>
   <div class='ocr_carea' id='block_1_8' title="bbox 484 980 2145 1054">
    <p class='ocr_par' dir='ltr' id='par_1_8' title="bbox 484 980 2145 1054">
     <span class='ocr_line' id='line_1_8' title="bbox 484 980 2145 1054; baseline -0.003 -18"><span class='ocrx_word' id='word_1_59' title='bbox 484 1000 580 1037; x_wconf 88' lang='grc' dir='ltr'>κεν</span> <span class='ocrx_word' id='word_1_60' title='bbox 622 982 689 1035; x_wconf 89' lang='grc' dir='ltr'>τά</span> <span class='ocrx_word' id='word_1_61' title='bbox 720 982 883 1054; x_wconf 81' lang='grc' dir='ltr'>θηρία</span> <span class='ocrx_word' id='word_1_62' title='bbox 912 981 1197 1053; x_wconf 85' lang='grc' dir='ltr'>παρήχθη;</span> <span class='ocrx_word' id='word_1_63' title='bbox 1240 983 1358 1035; x_wconf 84' lang='grc' dir='ltr'>’Ότι</span> <span class='ocrx_word' id='word_1_64' title='bbox 1386 980 1495 1052; x_wconf 79' lang='grc' dir='ltr'>γὰρ</span> <span class='ocrx_word' id='word_1_65' title='bbox 1527 981 1744 1035; x_wconf 75' lang='grc' dir='ltr'>ἅπαντα</span> <span class='ocrx_word' id='word_1_66' title='bbox 1786 980 1987 1049; x_wconf 82' lang='grc' dir='ltr'>ὁμοίως</span> <span class='ocrx_word' id='word_1_67' title='bbox 2034 982 2145 1043; x_wconf 87' lang='grc' dir='ltr'>τοῖς</span> 
     </span>
    </p>
   </div>
   <div class='ocr_carea' id='block_1_9' title="bbox 483 1067 2142 1141">
    <p class='ocr_par' dir='ltr' id='par_1_9' title="bbox 483 1067 2142 1141">
     <span class='ocr_line' id='line_1_9' title="bbox 483 1067 2142 1141; baseline -0.003 -17"><span class='ocrx_word' id='word_1_68' title='bbox 483 1071 715 1141; x_wconf 78' lang='grc' dir='ltr'>ἡμέροις</span> <span class='ocrx_word' id='word_1_69' title='bbox 744 1071 842 1141; x_wconf 81' lang='grc' dir='ltr'>τὴν</span> <span class='ocrx_word' id='word_1_70' title='bbox 877 1069 1120 1123; x_wconf 75' lang='grc' dir='ltr'>δουλείαν</span> <span class='ocrx_word' id='word_1_71' title='bbox 1166 1069 1506 1137; x_wconf 84' lang='grc' dir='ltr'>ἐπεγίνωσκε</span> <span class='ocrx_word' id='word_1_72' title='bbox 1536 1069 1632 1122; x_wconf 67' lang='grc' dir='ltr'>καὶ</span> <span class='ocrx_word' id='word_1_73' title='bbox 1662 1067 1761 1138; x_wconf 77' lang='grc' dir='ltr'>τήν</span> <span class='ocrx_word' id='word_1_74' title='bbox 1807 1067 2142 1130; x_wconf 80' lang='grc' dir='ltr'>δεσποτείαν,</span> 
     </span>
    </p>
   </div>
   <div class='ocr_carea' id='block_1_10' title="bbox 480 1153 2144 1230">
    <p class='ocr_par' dir='ltr' id='par_1_10' title="bbox 480 1153 2144 1230">
     <span class='ocr_line' id='line_1_10' title="bbox 480 1153 2144 1230; baseline -0.004 -18"><span class='ocrx_word' id='word_1_75' title='bbox 480 1157 750 1212; x_wconf 87' lang='grc' dir='ltr'>δείκνυσιν</span> <span class='ocrx_word' id='word_1_76' title='bbox 775 1159 907 1230; x_wconf 81' lang='grc' dir='ltr'>ἡμῖν</span> <span class='ocrx_word' id='word_1_77' title='bbox 932 1156 1229 1229; x_wconf 86' lang='grc' dir='ltr'>ἀκριϐῶςὴ</span> <span class='ocrx_word' id='word_1_78' title='bbox 1264 1155 1372 1210; x_wconf 90' lang='grc' dir='ltr'>τῶν</span> <span class='ocrx_word' id='word_1_79' title='bbox 1402 1157 1680 1226; x_wconf 81' lang='grc' dir='ltr'>ὀνομάτων</span> <span class='ocrx_word' id='word_1_80' title='bbox 1721 1156 1886 1219; x_wconf 84' lang='grc' dir='ltr'>θέσις.</span> <span class='ocrx_word' id='word_1_81' title='bbox 1929 1154 1992 1207; x_wconf 76' lang='grc' dir='ltr'>Δί</span> <span class='ocrx_word' id='word_1_82' title='bbox 2037 1153 2144 1226; x_wconf 83' lang='grc' dir='ltr'>γὰρ</span> 
     </span>
    </p>
   </div>
   <div class='ocr_carea' id='block_1_11' title="bbox 484 1241 2143 1317">
    <p class='ocr_par' dir='ltr' id='par_1_11' title="bbox 484 1241 2143 1317">
     <span class='ocr_line' id='line_1_11' title="bbox 484 1241 2143 1317; baseline -0.001 -19"><span class='ocrx_word' id='word_1_83' title='bbox 484 1246 1067 1317; x_wconf 73' lang='grc' dir='ltr'>προτηγορίαιὲκεῖναι</span> <span class='ocrx_word' id='word_1_84' title='bbox 1087 1244 1153 1307; x_wconf 79' lang='grc' dir='ltr'>ἀς</span> <span class='ocrx_word' id='word_1_85' title='bbox 1179 1242 1331 1297; x_wconf 75' lang='grc' dir='ltr'>ἔθετο</span> <span class='ocrx_word' id='word_1_86' title='bbox 1360 1244 1545 1305; x_wconf 87' lang='grc' dir='ltr'>αὐτοῖς</span> <span class='ocrx_word' id='word_1_87' title='bbox 1576 1243 1739 1314; x_wconf 85' lang='grc' dir='ltr'>μέχρι</span> <span class='ocrx_word' id='word_1_88' title='bbox 1758 1242 1849 1297; x_wconf 84' lang='grc' dir='ltr'>τοῦ</span> <span class='ocrx_word' id='word_1_89' title='bbox 1878 1241 2143 1313; x_wconf 81' lang='grc' dir='ltr'>παρόντος</span> 
     </span>
    </p>
   </div>
   <div class='ocr_carea' id='block_1_12' title="bbox 478 1328 2141 1403">
    <p class='ocr_par' dir='ltr' id='par_1_12' title="bbox 478 1328 2141 1403">
     <span class='ocr_line' id='line_1_12' title="bbox 478 1328 2141 1403; baseline -0.001 -18"><span class='ocrx_word' id='word_1_90' title='bbox 478 1331 822 1403; x_wconf 90' lang='grc' dir='ltr'>διαμένουσιν</span> <span class='ocrx_word' id='word_1_91' title='bbox 843 1348 856 1362; x_wconf 89' lang='grc'><strong>·</strong></span> <span class='ocrx_word' id='word_1_92' title='bbox 890 1329 1063 1396; x_wconf 84' lang='grc' dir='ltr'>οὑτως</span> <span class='ocrx_word' id='word_1_93' title='bbox 1091 1331 1261 1395; x_wconf 82' lang='grc' dir='ltr'>αὐτὰς</span> <span class='ocrx_word' id='word_1_94' title='bbox 1287 1331 1565 1403; x_wconf 78' lang='grc' dir='ltr'>ἐκύρωσεν</span> <span class='ocrx_word' id='word_1_95' title='bbox 1583 1329 1612 1380; x_wconf 88' lang='grc' dir='ltr'>ό</span> <span class='ocrx_word' id='word_1_96' title='bbox 1638 1329 1789 1394; x_wconf 80' lang='grc' dir='ltr'>Θεὸς,</span> <span class='ocrx_word' id='word_1_97' title='bbox 1812 1330 1897 1384; x_wconf 79' lang='grc' dir='ltr'>ἵνα</span> <span class='ocrx_word' id='word_1_98' title='bbox 1917 1328 2141 1401; x_wconf 75' lang='grc' dir='ltr'>διηνεκῆ</span> 
     </span>
    </p>
   </div>
   <div class='ocr_carea' id='block_1_13' title="bbox 479 1416 2143 1491">
    <p class='ocr_par' dir='ltr' id='par_1_13' title="bbox 479 1416 2143 1491">
     <span class='ocr_line' id='line_1_13' title="bbox 479 1416 2143 1491; baseline -0.001 -18"><span class='ocrx_word' id='word_1_99' title='bbox 479 1419 788 1491; x_wconf 82' lang='grc' dir='ltr'>ὑπόμνησιν</span> <span class='ocrx_word' id='word_1_100' title='bbox 820 1419 1033 1491; x_wconf 71' lang='grc' dir='ltr'>ἔχωμεν</span> <span class='ocrx_word' id='word_1_101' title='bbox 1070 1418 1289 1490; x_wconf 76' lang='grc' dir='ltr'>καὶτῆς</span> <span class='ocrx_word' id='word_1_102' title='bbox 1316 1419 1501 1489; x_wconf 90' lang='grc' dir='ltr'>τιμῆς,</span> <span class='ocrx_word' id='word_1_103' title='bbox 1524 1419 1596 1488; x_wconf 37' lang='grc' dir='ltr'>,ἢν</span> <span class='ocrx_word' id='word_1_104' title='bbox 1624 1417 1685 1483; x_wconf 81' lang='grc' dir='ltr'>ἐξ</span> <span class='ocrx_word' id='word_1_105' title='bbox 1716 1417 1889 1489; x_wconf 89' lang='grc' dir='ltr'>ἀρχῆς</span> <span class='ocrx_word' id='word_1_106' title='bbox 1921 1416 2143 1484; x_wconf 78' lang='grc' dir='ltr'>ἐδέξατο</span> 
     </span>
    </p>
   </div>
   <div class='ocr_carea' id='block_1_14' title="bbox 481 1504 2140 1580">
    <p class='ocr_par' dir='ltr' id='par_1_14' title="bbox 481 1504 2140 1580">
     <span class='ocr_line' id='line_1_14' title="bbox 481 1504 2140 1580; baseline -0.002 -19"><span class='ocrx_word' id='word_1_107' title='bbox 481 1507 633 1580; x_wconf 88' lang='grc' dir='ltr'>παρά</span> <span class='ocrx_word' id='word_1_108' title='bbox 668 1506 765 1561; x_wconf 85' lang='grc' dir='ltr'>τοῦ</span> <span class='ocrx_word' id='word_1_109' title='bbox 808 1509 1079 1561; x_wconf 80' lang='grc' dir='ltr'>Δεσπότου</span> <span class='ocrx_word' id='word_1_110' title='bbox 1116 1506 1335 1561; x_wconf 84' lang='grc' dir='ltr'>πάντων</span> <span class='ocrx_word' id='word_1_111' title='bbox 1386 1507 1415 1547; x_wconf 72' lang='grc' dir='ltr'>δ</span> <span class='ocrx_word' id='word_1_112' title='bbox 1434 1547 1449 1571; x_wconf 94' lang='grc'>,</span> <span class='ocrx_word' id='word_1_113' title='bbox 1484 1506 1689 1560; x_wconf 88' lang='grc' dir='ltr'>τούτων</span> <span class='ocrx_word' id='word_1_114' title='bbox 1724 1506 1821 1576; x_wconf 79' lang='grc' dir='ltr'>τὴν</span> <span class='ocrx_word' id='word_1_115' title='bbox 1865 1504 2140 1577; x_wconf 80' lang='grc' dir='ltr'>ὑποταγὴν</span> 
     </span>
    </p>
   </div>
   <div class='ocr_carea' id='block_1_15' title="bbox 476 1591 2141 1665">
    <p class='ocr_par' dir='ltr' id='par_1_15' title="bbox 476 1591 2141 1665">
     <span class='ocr_line' id='line_1_15' title="bbox 476 1591 2141 1665; baseline -0.001 -18"><span class='ocrx_word' id='word_1_116' title='bbox 476 1593 681 1659; x_wconf 83' lang='grc' dir='ltr'>λαϐὼν,</span> <span class='ocrx_word' id='word_1_117' title='bbox 714 1594 809 1647; x_wconf 83' lang='grc' dir='ltr'>καὶ</span> <span class='ocrx_word' id='word_1_118' title='bbox 832 1596 930 1665; x_wconf 90' lang='grc' dir='ltr'>τῆς</span> <span class='ocrx_word' id='word_1_119' title='bbox 952 1593 1297 1665; x_wconf 81' lang='grc' dir='ltr'>ἀφαιρέσεως</span> <span class='ocrx_word' id='word_1_120' title='bbox 1317 1591 1466 1664; x_wconf 86' lang='grc' dir='ltr'>αὐτῷ</span> <span class='ocrx_word' id='word_1_121' title='bbox 1496 1592 1595 1663; x_wconf 85' lang='grc' dir='ltr'>τῆν</span> <span class='ocrx_word' id='word_1_122' title='bbox 1623 1591 1802 1646; x_wconf 78' lang='grc' dir='ltr'><strong>αἰτίαν</strong></span> <span class='ocrx_word' id='word_1_123' title='bbox 1826 1591 2141 1661; x_wconf 73' lang='grc' dir='ltr'>ἐπιγράφοι-</span> 
     </span>
    </p>
   </div>
   <div class='ocr_carea' id='block_1_16' title="bbox 479 1677 2137 1751">
    <p class='ocr_par' dir='ltr' id='par_1_16' title="bbox 479 1677 2137 1751">
     <span class='ocr_line' id='line_1_16' title="bbox 479 1677 2137 1751; baseline -0.002 -18"><span class='ocrx_word' id='word_1_124' title='bbox 479 1697 580 1750; x_wconf 95' lang='grc' dir='ltr'>μεν</span> <span class='ocrx_word' id='word_1_125' title='bbox 609 1680 697 1732; x_wconf 86' lang='grc' dir='ltr'>διά</span> <span class='ocrx_word' id='word_1_126' title='bbox 741 1682 840 1750; x_wconf 88' lang='grc' dir='ltr'>τῆς</span> <span class='ocrx_word' id='word_1_127' title='bbox 888 1680 1160 1751; x_wconf 81' lang='grc' dir='ltr'>ἁμαρτίας</span> <span class='ocrx_word' id='word_1_128' title='bbox 1209 1679 1308 1751; x_wconf 87' lang='grc' dir='ltr'>τὴν</span> <span class='ocrx_word' id='word_1_129' title='bbox 1345 1678 1594 1743; x_wconf 75' lang='grc' dir='ltr'>ἐξουσίαν</span> <span class='ocrx_word' id='word_1_130' title='bbox 1639 1677 2137 1749; x_wconf 84' lang='grc' dir='ltr'>ἀκρωτηριάσαντι.</span> 
     </span>
    </p>
   </div>
   <div class='ocr_carea' id='block_1_17' title="bbox 477 1764 2141 1839">
    <p class='ocr_par' dir='ltr' id='par_1_17' title="bbox 477 1764 2141 1839">
     <span class='ocr_line' id='line_1_17' title="bbox 477 1764 2141 1839; baseline -0.002 -19"><span class='ocrx_word' id='word_1_131' title='bbox 477 1767 589 1822; x_wconf 81' lang='grc' dir='ltr'>Καὶ</span> <span class='ocrx_word' id='word_1_132' title='bbox 614 1765 909 1822; x_wconf 67' lang='grc' dir='ltr'>ἐκάλεσεν</span> <span class='ocrx_word' id='word_1_133' title='bbox 943 1766 1133 1837; x_wconf 77' lang='grc' dir='ltr'>Ἀδὰμ,</span> <span class='ocrx_word' id='word_1_134' title='bbox 1165 1767 1349 1839; x_wconf 72' lang='grc' dir='ltr'>φησὶν,</span> <span class='ocrx_word' id='word_1_135' title='bbox 1383 1767 1644 1836; x_wconf 80' lang='grc' dir='ltr'>ὀνόματα</span> <span class='ocrx_word' id='word_1_136' title='bbox 1673 1764 1824 1820; x_wconf 80' lang='grc' dir='ltr'>πᾶσι</span> <span class='ocrx_word' id='word_1_137' title='bbox 1848 1764 1973 1831; x_wconf 83' lang='grc' dir='ltr'>τοῖς</span> <span class='ocrx_word' id='word_1_138' title='bbox 1998 1764 2141 1831; x_wconf 81' lang='grc' dir='ltr'>κτή-</span> 
     </span>
    </p>
   </div>
   <div class='ocr_carea' id='block_1_18' title="bbox 475 1852 2140 1924">
    <p class='ocr_par' dir='ltr' id='par_1_18' title="bbox 475 1852 2140 1924">
     <span class='ocr_line' id='line_1_18' title="bbox 475 1852 2140 1924; baseline -0.001 -16"><span class='ocrx_word' id='word_1_139' title='bbox 475 1870 634 1920; x_wconf 72' lang='grc' dir='ltr'>νεσι,</span> <span class='ocrx_word' id='word_1_140' title='bbox 662 1854 761 1909; x_wconf 76' lang='grc' dir='ltr'>καί</span> <span class='ocrx_word' id='word_1_141' title='bbox 779 1853 930 1911; x_wconf 78' lang='grc' dir='ltr'>πᾶσι</span> <span class='ocrx_word' id='word_1_142' title='bbox 966 1856 1090 1922; x_wconf 85' lang='grc' dir='ltr'>τοῖς</span> <span class='ocrx_word' id='word_1_143' title='bbox 1121 1854 1416 1922; x_wconf 81' lang='grc' dir='ltr'>πετεινοῖς</span> <span class='ocrx_word' id='word_1_144' title='bbox 1431 1855 1536 1910; x_wconf 86' lang='grc' dir='ltr'>τοῦ</span> <span class='ocrx_word' id='word_1_145' title='bbox 1561 1853 1842 1924; x_wconf 81' lang='grc' dir='ltr'>οὐρανοῦ,</span> <span class='ocrx_word' id='word_1_146' title='bbox 1871 1854 1969 1908; x_wconf 81' lang='grc' dir='ltr'>καί</span> <span class='ocrx_word' id='word_1_147' title='bbox 1989 1852 2140 1909; x_wconf 79' lang='grc' dir='ltr'>πᾶσι</span> 
     </span>
    </p>
   </div>
   <div class='ocr_carea' id='block_1_19' title="bbox 474 1941 2142 2015">
    <p class='ocr_par' dir='ltr' id='par_1_19' title="bbox 474 1941 2142 2015">
     <span class='ocr_line' id='line_1_19' title="bbox 474 1941 2142 2015; baseline -0.001 -19"><span class='ocrx_word' id='word_1_148' title='bbox 474 1942 601 2009; x_wconf 82' lang='grc' dir='ltr'>τοῖς</span> <span class='ocrx_word' id='word_1_149' title='bbox 630 1943 860 2015; x_wconf 78' lang='grc' dir='ltr'>θηρίοις</span> <span class='ocrx_word' id='word_1_150' title='bbox 889 1943 1002 2012; x_wconf 81' lang='grc' dir='ltr'>τῆς</span> <span class='ocrx_word' id='word_1_151' title='bbox 1026 1942 1158 2013; x_wconf 80' lang='grc' dir='ltr'>τῆς.</span> <span class='ocrx_word' id='word_1_152' title='bbox 1202 1943 1484 1997; x_wconf 81' lang='grc' dir='ltr'>Ἐντεῦθεν</span> <span class='ocrx_word' id='word_1_153' title='bbox 1512 1942 1613 2014; x_wconf 81' lang='grc' dir='ltr'>ήδη</span> <span class='ocrx_word' id='word_1_154' title='bbox 1644 1942 1837 1997; x_wconf 84' lang='grc' dir='ltr'>σκόπει</span> <span class='ocrx_word' id='word_1_155' title='bbox 1863 1959 1973 2013; x_wconf 92' lang='grc' dir='ltr'>μοι,</span> <span class='ocrx_word' id='word_1_156' title='bbox 2004 1941 2142 2010; x_wconf 83' lang='grc' dir='ltr'>ἀγα-</span> 
     </span>
    </p>
   </div>
   <div class='ocr_carea' id='block_1_20' title="bbox 474 2025 2141 2097">
    <p class='ocr_par' dir='ltr' id='par_1_20' title="bbox 474 2025 2141 2097">
     <span class='ocr_line' id='line_1_20' title="bbox 474 2025 2141 2097; baseline -0.001 -18"><span class='ocrx_word' id='word_1_157' title='bbox 474 2025 638 2093; x_wconf 84' lang='grc' dir='ltr'>πητέ,</span> <span class='ocrx_word' id='word_1_158' title='bbox 682 2025 783 2095; x_wconf 90' lang='grc' dir='ltr'>τῆς</span> <span class='ocrx_word' id='word_1_159' title='bbox 822 2027 1197 2097; x_wconf 88' lang='grc' dir='ltr'>προαιρέσεως</span> <span class='ocrx_word' id='word_1_160' title='bbox 1242 2027 1306 2081; x_wconf 82' lang='grc' dir='ltr'><strong>τὸ</strong></span> <span class='ocrx_word' id='word_1_161' title='bbox 1339 2026 1711 2091; x_wconf 77' lang='grc' dir='ltr'>αὐτεξούσιον,</span> <span class='ocrx_word' id='word_1_162' title='bbox 1754 2026 1851 2080; x_wconf 72' lang='grc' dir='ltr'>καὶ</span> <span class='ocrx_word' id='word_1_163' title='bbox 1881 2026 1981 2095; x_wconf 92' lang='grc' dir='ltr'>τῆς</span> <span class='ocrx_word' id='word_1_164' title='bbox 2015 2041 2141 2078; x_wconf 89' lang='grc' dir='ltr'>συν-</span> 
     </span>
    </p>
   </div>
   <div class='ocr_carea' id='block_1_21' title="bbox 474 2106 2141 2180">
    <p class='ocr_par' dir='ltr' id='par_1_21' title="bbox 474 2106 2141 2180">
     <span class='ocr_line' id='line_1_21' title="bbox 474 2106 2141 2180; baseline 0 -20"><span class='ocrx_word' id='word_1_165' title='bbox 474 2108 646 2172; x_wconf 84' lang='grc' dir='ltr'>έσεως</span> <span class='ocrx_word' id='word_1_166' title='bbox 674 2107 839 2162; x_wconf 88' lang='grc' dir='ltr'>αὑτοῦ</span> <span class='ocrx_word' id='word_1_167' title='bbox 867 2108 965 2179; x_wconf 78' lang='grc' dir='ltr'>τὴν</span> <span class='ocrx_word' id='word_1_168' title='bbox 992 2107 1317 2180; x_wconf 80' lang='grc' dir='ltr'>ὑπερϐολήν,</span> <span class='ocrx_word' id='word_1_169' title='bbox 1349 2110 1442 2162; x_wconf 73' lang='grc' dir='ltr'>καὶ</span> <span class='ocrx_word' id='word_1_170' title='bbox 1478 2110 1552 2180; x_wconf 84' lang='grc' dir='ltr'>μὴ</span> <span class='ocrx_word' id='word_1_171' title='bbox 1583 2108 1730 2177; x_wconf 84' lang='grc' dir='ltr'>λέγε,</span> <span class='ocrx_word' id='word_1_172' title='bbox 1761 2109 1844 2161; x_wconf 87' lang='grc' dir='ltr'>ὅτι</span> <span class='ocrx_word' id='word_1_173' title='bbox 1869 2108 2055 2176; x_wconf 84' lang='grc' dir='ltr'>ἡγνόει</span> <span class='ocrx_word' id='word_1_174' title='bbox 2086 2106 2141 2160; x_wconf 89' lang='grc' dir='ltr'>τί</span> 
     </span>
    </p>
   </div>
   <div class='ocr_carea' id='block_1_22' title="bbox 477 2194 2141 2268">
    <p class='ocr_par' dir='ltr' id='par_1_22' title="bbox 477 2194 2141 2268">
     <span class='ocr_line' id='line_1_22' title="bbox 477 2194 2141 2268; baseline 0.001 -20"><span class='ocrx_word' id='word_1_175' title='bbox 477 2195 580 2266; x_wconf 73' lang='grc' dir='ltr'>μὲν</span> <span class='ocrx_word' id='word_1_176' title='bbox 611 2195 797 2261; x_wconf 82' lang='grc' dir='ltr'>καλὸν,</span> <span class='ocrx_word' id='word_1_177' title='bbox 842 2196 894 2249; x_wconf 92' lang='grc' dir='ltr'>τί</span> <span class='ocrx_word' id='word_1_178' title='bbox 930 2196 987 2250; x_wconf 82' lang='grc' dir='ltr'>δέ</span> <span class='ocrx_word' id='word_1_179' title='bbox 1014 2195 1202 2250; x_wconf 90' lang='grc' dir='ltr'>κακόν.</span> <span class='ocrx_word' id='word_1_180' title='bbox 1246 2196 1305 2249; x_wconf 77' lang='lat'><strong>&#39;0</strong></span> <span class='ocrx_word' id='word_1_181' title='bbox 1335 2196 1445 2268; x_wconf 88' lang='grc' dir='ltr'>γάρ</span> <span class='ocrx_word' id='word_1_182' title='bbox 1479 2195 1727 2266; x_wconf 75' lang='grc' dir='ltr'>δυνηθεὶς</span> <span class='ocrx_word' id='word_1_183' title='bbox 1769 2194 2141 2266; x_wconf 88' lang='grc' dir='ltr'>καταλλήλους</span> 
     </span>
    </p>
   </div>
   <div class='ocr_carea' id='block_1_23' title="bbox 472 2282 2138 2356">
    <p class='ocr_par' dir='ltr' id='par_1_23' title="bbox 472 2282 2138 2356">
     <span class='ocr_line' id='line_1_23' title="bbox 472 2282 2138 2356; baseline 0 -21"><span class='ocrx_word' id='word_1_184' title='bbox 472 2282 577 2348; x_wconf 79' lang='grc' dir='ltr'>τὰς</span> <span class='ocrx_word' id='word_1_185' title='bbox 608 2282 976 2355; x_wconf 84' lang='grc' dir='ltr'>προσηγορίας</span> <span class='ocrx_word' id='word_1_186' title='bbox 1008 2286 1119 2347; x_wconf 91' lang='grc' dir='ltr'>τοῖς</span> <span class='ocrx_word' id='word_1_187' title='bbox 1147 2283 1400 2356; x_wconf 77' lang='grc' dir='ltr'>κτήνεσιν</span> <span class='ocrx_word' id='word_1_188' title='bbox 1438 2282 1729 2347; x_wconf 86' lang='grc' dir='ltr'>ἐπιθεῖναι,</span> <span class='ocrx_word' id='word_1_189' title='bbox 1776 2282 1870 2336; x_wconf 73' lang='grc' dir='ltr'>καὶ</span> <span class='ocrx_word' id='word_1_190' title='bbox 1900 2284 2012 2345; x_wconf 89' lang='grc' dir='ltr'>τοῖς</span> <span class='ocrx_word' id='word_1_191' title='bbox 2038 2299 2138 2335; x_wconf 89' lang='grc' dir='ltr'>πε-</span> 
     </span>
    </p>
   </div>
   <div class='ocr_carea' id='block_1_24' title="bbox 471 2368 2138 2444">
    <p class='ocr_par' dir='ltr' id='par_1_24' title="bbox 471 2368 2138 2444">
     <span class='ocr_line' id='line_1_24' title="bbox 471 2368 2138 2444; baseline -0.001 -20"><span class='ocrx_word' id='word_1_192' title='bbox 471 2375 686 2435; x_wconf 81' lang='grc' dir='ltr'>τεινοῖς,</span> <span class='ocrx_word' id='word_1_193' title='bbox 736 2371 831 2425; x_wconf 75' lang='grc' dir='ltr'>καὶ</span> <span class='ocrx_word' id='word_1_194' title='bbox 871 2375 983 2436; x_wconf 91' lang='grc' dir='ltr'>τοῖς</span> <span class='ocrx_word' id='word_1_195' title='bbox 1016 2370 1245 2444; x_wconf 82' lang='grc' dir='ltr'>θηρίοις,</span> <span class='ocrx_word' id='word_1_196' title='bbox 1293 2372 1388 2425; x_wconf 74' lang='grc' dir='ltr'>καὶ</span> <span class='ocrx_word' id='word_1_197' title='bbox 1424 2371 1499 2443; x_wconf 80' lang='grc' dir='ltr'>μὴ</span> <span class='ocrx_word' id='word_1_198' title='bbox 1542 2371 1776 2441; x_wconf 88' lang='grc' dir='ltr'>συγχέας</span> <span class='ocrx_word' id='word_1_199' title='bbox 1819 2369 1918 2442; x_wconf 73' lang='grc' dir='ltr'>τὴν</span> <span class='ocrx_word' id='word_1_200' title='bbox 1962 2368 2138 2435; x_wconf 82' lang='grc' dir='ltr'>τάξιν,</span> 
     </span>
    </p>
   </div>
   <div class='ocr_carea' id='block_1_25' title="bbox 474 2456 2141 2530">
    <p class='ocr_par' dir='ltr' id='par_1_25' title="bbox 474 2456 2141 2530">
     <span class='ocr_line' id='line_1_25' title="bbox 474 2456 2141 2530; baseline -0.002 -17"><span class='ocrx_word' id='word_1_201' title='bbox 474 2458 612 2529; x_wconf 86' lang='grc' dir='ltr'>μηδέ</span> <span class='ocrx_word' id='word_1_202' title='bbox 635 2458 736 2523; x_wconf 89' lang='grc' dir='ltr'>τάς</span> <span class='ocrx_word' id='word_1_203' title='bbox 772 2459 870 2529; x_wconf 70' lang='grc' dir='ltr'>μὲν</span> <span class='ocrx_word' id='word_1_204' title='bbox 895 2461 1008 2522; x_wconf 88' lang='grc' dir='ltr'>τοῖς</span> <span class='ocrx_word' id='word_1_205' title='bbox 1040 2457 1270 2529; x_wconf 93' lang='grc' dir='ltr'>ἡμέροις</span> <span class='ocrx_word' id='word_1_206' title='bbox 1299 2456 1460 2523; x_wconf 86' lang='grc' dir='ltr'>ζώοις</span> <span class='ocrx_word' id='word_1_207' title='bbox 1491 2456 1837 2530; x_wconf 77' lang='grc' dir='ltr'>ἁρμοζούσας</span> <span class='ocrx_word' id='word_1_208' title='bbox 1868 2473 2141 2527; x_wconf 87' lang='grc' dir='ltr'>προσηγο-</span> 
     </span>
    </p>
   </div>
   <div class='ocr_carea' id='block_1_26' title="bbox 473 2546 2140 2619">
    <p class='ocr_par' dir='ltr' id='par_1_26' title="bbox 473 2546 2140 2619">
     <span class='ocr_line' id='line_1_26' title="bbox 473 2546 2140 2619; baseline -0.001 -19"><span class='ocrx_word' id='word_1_209' title='bbox 473 2547 595 2618; x_wconf 87' lang='grc' dir='ltr'>ρίας</span> <span class='ocrx_word' id='word_1_210' title='bbox 621 2550 733 2612; x_wconf 85' lang='grc' dir='ltr'>τοῖς</span> <span class='ocrx_word' id='word_1_211' title='bbox 760 2547 971 2618; x_wconf 84' lang='grc' dir='ltr'>ἀγρίοις</span> <span class='ocrx_word' id='word_1_212' title='bbox 999 2548 1284 2612; x_wconf 72' lang='grc' dir='ltr'>ἐπιθεῖναι,</span> <span class='ocrx_word' id='word_1_213' title='bbox 1313 2547 1447 2619; x_wconf 84' lang='grc' dir='ltr'>μηδέ</span> <span class='ocrx_word' id='word_1_214' title='bbox 1468 2548 1567 2612; x_wconf 79' lang='grc' dir='ltr'>τὰς</span> <span class='ocrx_word' id='word_1_215' title='bbox 1598 2548 1709 2611; x_wconf 88' lang='grc' dir='ltr'>τοῖς</span> <span class='ocrx_word' id='word_1_216' title='bbox 1733 2546 1945 2619; x_wconf 83' lang='grc' dir='ltr'>ἀγρίοις</span> <span class='ocrx_word' id='word_1_217' title='bbox 1971 2563 2140 2618; x_wconf 72' lang='grc' dir='ltr'>προσι</span> 
     </span>
    </p>
   </div>
   <div class='ocr_carea' id='block_1_27' title="bbox 468 2633 2131 2706">
    <p class='ocr_par' dir='ltr' id='par_1_27' title="bbox 468 2633 2131 2706">
     <span class='ocr_line' id='line_1_27' title="bbox 468 2633 2131 2706; baseline 0.001 -19"><span class='ocrx_word' id='word_1_218' title='bbox 468 2634 713 2704; x_wconf 88' lang='grc' dir='ltr'>ηκούσας</span> <span class='ocrx_word' id='word_1_219' title='bbox 759 2639 874 2699; x_wconf 91' lang='grc' dir='ltr'>τοῖς</span> <span class='ocrx_word' id='word_1_220' title='bbox 897 2635 1130 2706; x_wconf 79' lang='grc' dir='ltr'>ἡμέροις</span> <span class='ocrx_word' id='word_1_221' title='bbox 1168 2635 1451 2705; x_wconf 88' lang='grc' dir='ltr'>ἀφορίσαι,</span> <span class='ocrx_word' id='word_1_222' title='bbox 1486 2634 1625 2689; x_wconf 90' lang='grc' dir='ltr'>ἀλλά</span> <span class='ocrx_word' id='word_1_223' title='bbox 1652 2636 1785 2689; x_wconf 78' lang='grc' dir='ltr'>πᾶσι</span> <span class='ocrx_word' id='word_1_224' title='bbox 1811 2634 1909 2698; x_wconf 89' lang='grc' dir='ltr'>τάς</span> <span class='ocrx_word' id='word_1_225' title='bbox 1934 2633 2131 2688; x_wconf 76' lang='grc' dir='ltr'>καταλο</span> 
     </span>
    </p>
   </div>
   <div class='ocr_carea' id='block_1_28' title="bbox 472 2718 2142 2793">
    <p class='ocr_par' dir='ltr' id='par_1_28' title="bbox 472 2718 2142 2793">
     <span class='ocr_line' id='line_1_28' title="bbox 472 2718 2142 2793; baseline -0.001 -18"><span class='ocrx_word' id='word_1_226' title='bbox 472 2721 666 2793; x_wconf 91' lang='grc' dir='ltr'>λήλους</span> <span class='ocrx_word' id='word_1_227' title='bbox 685 2720 976 2793; x_wconf 80' lang='grc' dir='ltr'>ὀνομασίας</span> <span class='ocrx_word' id='word_1_228' title='bbox 1001 2721 1203 2785; x_wconf 86' lang='grc' dir='ltr'>δοῦναι,</span> <span class='ocrx_word' id='word_1_229' title='bbox 1226 2720 1344 2784; x_wconf 90' lang='grc' dir='ltr'>πῶς</span> <span class='ocrx_word' id='word_1_230' title='bbox 1364 2721 1427 2774; x_wconf 88' lang='grc' dir='ltr'>οὐ</span> <span class='ocrx_word' id='word_1_231' title='bbox 1450 2721 1629 2792; x_wconf 81' lang='grc' dir='ltr'>πάσης</span> <span class='ocrx_word' id='word_1_232' title='bbox 1652 2720 1843 2791; x_wconf 78' lang='grc' dir='ltr'>σοφίας</span> <span class='ocrx_word' id='word_1_233' title='bbox 1868 2718 1963 2775; x_wconf 84' lang='grc' dir='ltr'>καὶ</span> <span class='ocrx_word' id='word_1_234' title='bbox 1985 2720 2142 2774; x_wconf 85' lang='grc' dir='ltr'>συνέ-</span> 
     </span>
    </p>
   </div>
   <div class='ocr_carea' id='block_1_29' title="bbox 472 2806 2142 2881">
    <p class='ocr_par' dir='ltr' id='par_1_29' title="bbox 472 2806 2142 2881">
     <span class='ocr_line' id='line_1_29' title="bbox 472 2806 2142 2881; baseline 0 -20"><span class='ocrx_word' id='word_1_235' title='bbox 472 2824 613 2874; x_wconf 88' lang='grc' dir='ltr'>σεως</span> <span class='ocrx_word' id='word_1_236' title='bbox 629 2809 958 2881; x_wconf 79' lang='grc' dir='ltr'>πεπλήρωτο</span> <span class='ocrx_word' id='word_1_237' title='bbox 973 2808 1235 2877; x_wconf 82' lang='grc' dir='ltr'>;Λογίζου</span> <span class='ocrx_word' id='word_1_238' title='bbox 1262 2807 1510 2862; x_wconf 79' lang='grc' dir='ltr'>ἐντεῦθεν</span> <span class='ocrx_word' id='word_1_239' title='bbox 1525 2807 1711 2863; x_wconf 82' lang='grc' dir='ltr'>λοιπὸν</span> <span class='ocrx_word' id='word_1_240' title='bbox 1730 2810 1830 2880; x_wconf 81' lang='grc' dir='ltr'>ὅση</span> <span class='ocrx_word' id='word_1_241' title='bbox 1850 2806 1946 2862; x_wconf 93' lang='grc' dir='ltr'>τοῦ</span> <span class='ocrx_word' id='word_1_242' title='bbox 1965 2808 2142 2880; x_wconf 83' lang='grc' dir='ltr'>ἐμφυ-</span> 
     </span>
    </p>
   </div>
   <div class='ocr_carea' id='block_1_30' title="bbox 470 2895 2139 2968">
    <p class='ocr_par' dir='ltr' id='par_1_30' title="bbox 470 2895 2139 2968">
     <span class='ocr_line' id='line_1_30' title="bbox 470 2895 2139 2968; baseline -0.001 -20"><span class='ocrx_word' id='word_1_243' title='bbox 470 2897 714 2968; x_wconf 86' lang='grc' dir='ltr'>σήματος</span> <span class='ocrx_word' id='word_1_244' title='bbox 743 2897 953 2951; x_wconf 75' lang='grc' dir='ltr'>ἐκείνου</span> <span class='ocrx_word' id='word_1_245' title='bbox 978 2898 1012 2967; x_wconf 86' lang='grc' dir='ltr'>ἡ</span> <span class='ocrx_word' id='word_1_246' title='bbox 1036 2895 1286 2967; x_wconf 88' lang='grc' dir='ltr'>δύναμις,</span> <span class='ocrx_word' id='word_1_247' title='bbox 1309 2896 1405 2949; x_wconf 76' lang='grc' dir='ltr'>καὶ</span> <span class='ocrx_word' id='word_1_248' title='bbox 1429 2896 1570 2966; x_wconf 85' lang='grc' dir='ltr'>πόση</span> <span class='ocrx_word' id='word_1_249' title='bbox 1599 2896 1698 2967; x_wconf 90' lang='grc' dir='ltr'>τῆς</span> <span class='ocrx_word' id='word_1_250' title='bbox 1715 2895 2008 2967; x_wconf 75' lang='grc' dir='ltr'>ἀσωμάτου</span> <span class='ocrx_word' id='word_1_251' title='bbox 2034 2896 2139 2965; x_wconf 81' lang='grc' dir='ltr'>ψυ-</span> 
     </span>
    </p>
   </div>
   <div class='ocr_carea' id='block_1_31' title="bbox 469 2981 2138 3055">
    <p class='ocr_par' dir='ltr' id='par_1_31' title="bbox 469 2981 2138 3055">
     <span class='ocr_line' id='line_1_31' title="bbox 469 2981 2138 3055; baseline -0.007 -8"><span class='ocrx_word' id='word_1_252' title='bbox 469 2983 573 3054; x_wconf 77' lang='grc' dir='ltr'>κῆς</span> <span class='ocrx_word' id='word_1_253' title='bbox 623 2984 658 3054; x_wconf 79' lang='grc' dir='ltr'>ἡ</span> <span class='ocrx_word' id='word_1_254' title='bbox 716 2983 898 3053; x_wconf 84' lang='grc' dir='ltr'>σοφία,</span> <span class='ocrx_word' id='word_1_255' title='bbox 950 2984 1019 3055; x_wconf 79' lang='grc' dir='ltr'>ῆν</span> <span class='ocrx_word' id='word_1_256' title='bbox 1063 2986 1093 3038; x_wconf 87' lang='grc' dir='ltr'>ὀ</span> <span class='ocrx_word' id='word_1_257' title='bbox 1140 2984 1416 3053; x_wconf 82' lang='grc' dir='ltr'>Δεσπότης</span> <span class='ocrx_word' id='word_1_258' title='bbox 1459 2983 1596 3055; x_wconf 75' lang='grc' dir='ltr'>αὐτῇ</span> <span class='ocrx_word' id='word_1_259' title='bbox 1627 2983 1968 3055; x_wconf 86' lang='grc' dir='ltr'>κεχάρισται,</span> <span class='ocrx_word' id='word_1_260' title='bbox 2000 2981 2138 3048; x_wconf 84' lang='grc' dir='ltr'>ζῶον</span> 
     </span>
    </p>
   </div>
   <div class='ocr_carea' id='block_1_32' title="bbox 467 3066 2137 3141">
    <p class='ocr_par' dir='ltr' id='par_1_32' title="bbox 467 3066 2137 3141">
     <span class='ocr_line' id='line_1_32' title="bbox 467 3066 2137 3141; baseline 0.001 -21"><span class='ocrx_word' id='word_1_261' title='bbox 467 3066 709 3121; x_wconf 87' lang='grc' dir='ltr'>τοιοῦτον</span> <span class='ocrx_word' id='word_1_262' title='bbox 737 3067 832 3122; x_wconf 80' lang='grc' dir='ltr'>καὶ</span> <span class='ocrx_word' id='word_1_263' title='bbox 858 3067 1174 3141; x_wconf 76' lang='grc' dir='ltr'>θαυμαστὸν</span> <span class='ocrx_word' id='word_1_264' title='bbox 1206 3069 1299 3122; x_wconf 81' lang='grc' dir='ltr'>καὶ</span> <span class='ocrx_word' id='word_1_265' title='bbox 1321 3067 1538 3138; x_wconf 74' lang='grc' dir='ltr'>λογικὸν</span> <span class='ocrx_word' id='word_1_266' title='bbox 1570 3070 1637 3121; x_wconf 86' lang='grc' dir='ltr'>ἐκ</span> <span class='ocrx_word' id='word_1_267' title='bbox 1668 3067 1762 3121; x_wconf 90' lang='grc' dir='ltr'>δύο</span> <span class='ocrx_word' id='word_1_268' title='bbox 1804 3068 2001 3122; x_wconf 82' lang='grc' dir='ltr'>οὐσιῶν</span> <span class='ocrx_word' id='word_1_269' title='bbox 2042 3085 2137 3121; x_wconf 83' lang='grc' dir='ltr'>συ-</span> 
     </span>
    </p>
   </div>
   <div class='ocr_carea' id='block_1_33' title="bbox 470 3151 2138 3225">
    <p class='ocr_par' dir='ltr' id='par_1_33' title="bbox 470 3151 2138 3225">
     <span class='ocr_line' id='line_1_33' title="bbox 470 3151 2138 3225; baseline 0.002 -22"><span class='ocrx_word' id='word_1_270' title='bbox 470 3151 833 3221; x_wconf 84' lang='grc' dir='ltr'>στησάμενος,</span> <span class='ocrx_word' id='word_1_271' title='bbox 861 3152 956 3206; x_wconf 78' lang='grc' dir='ltr'>καὶ</span> <span class='ocrx_word' id='word_1_272' title='bbox 987 3152 1085 3224; x_wconf 82' lang='grc' dir='ltr'>τὴν</span> <span class='ocrx_word' id='word_1_273' title='bbox 1110 3151 1403 3223; x_wconf 86' lang='grc' dir='ltr'>ἀσώματον</span> <span class='ocrx_word' id='word_1_274' title='bbox 1429 3153 1618 3207; x_wconf 89' lang='grc' dir='ltr'>οὐσίαν</span> <span class='ocrx_word' id='word_1_275' title='bbox 1652 3152 1756 3222; x_wconf 88' lang='grc' dir='ltr'>τῆς</span> <span class='ocrx_word' id='word_1_276' title='bbox 1784 3153 1963 3225; x_wconf 79' lang='grc' dir='ltr'>ψυχῆς</span> <span class='ocrx_word' id='word_1_277' title='bbox 2000 3170 2138 3224; x_wconf 86' lang='grc' dir='ltr'>συμ-</span> 
     </span>
    </p>
   </div>
   <div class='ocr_carea' id='block_1_34' title="bbox 468 3231 2135 3308">
    <p class='ocr_par' dir='ltr' id='par_1_34' title="bbox 468 3231 2135 3308">
     <span class='ocr_line' id='line_1_34' title="bbox 468 3231 2135 3308; baseline 0.004 -24"><span class='ocrx_word' id='word_1_278' title='bbox 468 3231 670 3300; x_wconf 78' lang='grc' dir='ltr'>πλέξας</span> <span class='ocrx_word' id='word_1_279' title='bbox 723 3232 805 3304; x_wconf 82' lang='grc' dir='ltr'>τῷ</span> <span class='ocrx_word' id='word_1_280' title='bbox 867 3233 1102 3305; x_wconf 86' lang='grc' dir='ltr'>σώματι,</span> <span class='ocrx_word' id='word_1_281' title='bbox 1148 3235 1399 3307; x_wconf 86' lang='grc' dir='ltr'>καθάπερ</span> <span class='ocrx_word' id='word_1_282' title='bbox 1448 3236 1664 3307; x_wconf 82' lang='grc' dir='ltr'>ὀργάνῳ</span> <span class='ocrx_word' id='word_1_283' title='bbox 1704 3236 1842 3298; x_wconf 76' lang='grc' dir='ltr'>τινὶ,</span> <span class='ocrx_word' id='word_1_284' title='bbox 1888 3235 2135 3308; x_wconf 88' lang='grc' dir='ltr'>τεχνίτην</span> 
     </span>
    </p>
   </div>
   <div class='ocr_carea' id='block_1_35' title="bbox 466 3318 2134 3396">
    <p class='ocr_par' dir='ltr' id='par_1_35' title="bbox 466 3318 2134 3396">
     <span class='ocr_line' id='line_1_35' title="bbox 466 3318 2134 3396; baseline 0.003 -23"><span class='ocrx_word' id='word_1_285' title='bbox 466 3318 709 3391; x_wconf 77' lang='grc' dir='ltr'>ἄριστον.</span> <span class='ocrx_word' id='word_1_286' title='bbox 737 3321 904 3376; x_wconf 87' lang='grc' dir='ltr'>Ὅταν</span> <span class='ocrx_word' id='word_1_287' title='bbox 927 3319 1020 3376; x_wconf 83' lang='grc' dir='ltr'>οὑν</span> <span class='ocrx_word' id='word_1_288' title='bbox 1042 3324 1303 3396; x_wconf 78' lang='grc' dir='ltr'>ἐννοήσῃς</span> <span class='ocrx_word' id='word_1_289' title='bbox 1326 3324 1422 3378; x_wconf 92' lang='grc' dir='ltr'>τοῦ</span> <span class='ocrx_word' id='word_1_290' title='bbox 1446 3324 1585 3389; x_wconf 86' lang='grc' dir='ltr'>ζώου</span> <span class='ocrx_word' id='word_1_291' title='bbox 1603 3323 1788 3378; x_wconf 89' lang='grc' dir='ltr'>τούτου</span> <span class='ocrx_word' id='word_1_292' title='bbox 1814 3323 1913 3395; x_wconf 82' lang='grc' dir='ltr'>τῆν</span> <span class='ocrx_word' id='word_1_293' title='bbox 1940 3324 2134 3378; x_wconf 87' lang='grc' dir='ltr'>τοσαύ-</span> 
     </span>
    </p>
   </div>
   <div class='ocr_carea' id='block_1_36' title="bbox 466 3409 2135 3485">
    <p class='ocr_par' dir='ltr' id='par_1_36' title="bbox 466 3409 2135 3485">
     <span class='ocr_line' id='line_1_36' title="bbox 466 3409 2135 3485; baseline 0.005 -25"><span class='ocrx_word' id='word_1_294' title='bbox 466 3425 568 3480; x_wconf 89' lang='grc' dir='ltr'>την</span> <span class='ocrx_word' id='word_1_295' title='bbox 599 3409 811 3478; x_wconf 83' lang='grc' dir='ltr'>σοφίαν,</span> <span class='ocrx_word' id='word_1_296' title='bbox 848 3411 1151 3483; x_wconf 89' lang='grc' dir='ltr'>ἐκπλήττου</span> <span class='ocrx_word' id='word_1_297' title='bbox 1184 3413 1278 3467; x_wconf 87' lang='grc' dir='ltr'>τοῦ</span> <span class='ocrx_word' id='word_1_298' title='bbox 1310 3414 1815 3485; x_wconf 82' lang='grc' dir='ltr'>δημιουργήσαντος</span> <span class='ocrx_word' id='word_1_299' title='bbox 1843 3415 1943 3483; x_wconf 82' lang='grc' dir='ltr'>τὴν</span> <span class='ocrx_word' id='word_1_300' title='bbox 1974 3413 2135 3469; x_wconf 87' lang='grc' dir='ltr'>δύνα-</span> 
     </span>
    </p>
   </div>
   <div class='ocr_carea' id='block_1_37' title="bbox 470 3498 2136 3574">
    <p class='ocr_par' dir='ltr' id='par_1_37' title="bbox 470 3498 2136 3574">
     <span class='ocr_line' id='line_1_37' title="bbox 470 3498 2136 3574; baseline 0.004 -24"><span class='ocrx_word' id='word_1_301' title='bbox 470 3513 583 3567; x_wconf 90' lang='grc' dir='ltr'>μιν.</span> <span class='ocrx_word' id='word_1_302' title='bbox 609 3499 672 3552; x_wconf 87' lang='grc' dir='ltr'>Εἰ</span> <span class='ocrx_word' id='word_1_303' title='bbox 688 3498 796 3572; x_wconf 81' lang='grc' dir='ltr'>γάρ</span> <span class='ocrx_word' id='word_1_304' title='bbox 816 3498 910 3554; x_wconf 90' lang='grc' dir='ltr'>τοῦ</span> <span class='ocrx_word' id='word_1_305' title='bbox 944 3500 1178 3574; x_wconf 88' lang='grc' dir='ltr'>οὐρανοῦ</span> <span class='ocrx_word' id='word_1_306' title='bbox 1208 3501 1269 3555; x_wconf 83' lang='grc' dir='ltr'><strong>τὸ</strong></span> <span class='ocrx_word' id='word_1_307' title='bbox 1285 3501 1478 3566; x_wconf 85' lang='grc' dir='ltr'>κάλλος</span> <span class='ocrx_word' id='word_1_308' title='bbox 1490 3501 1788 3574; x_wconf 86' lang='grc' dir='ltr'>ὁρώμενον,</span> <span class='ocrx_word' id='word_1_309' title='bbox 1817 3501 2136 3574; x_wconf 86' lang='grc' dir='ltr'>εὐγνώμονα</span> 
     </span>
    </p>
   </div>
   <div class='ocr_carea' id='block_1_38' title="bbox 466 3584 2135 3663">
    <p class='ocr_par' dir='ltr' id='par_1_38' title="bbox 466 3584 2135 3663">
     <span class='ocr_line' id='line_1_38' title="bbox 466 3584 2135 3663; baseline 0.004 -25"><span class='ocrx_word' id='word_1_310' title='bbox 466 3584 667 3658; x_wconf 82' lang='grc' dir='ltr'>θεατήν</span> <span class='ocrx_word' id='word_1_311' title='bbox 699 3589 779 3651; x_wconf 88' lang='grc' dir='ltr'>εἰς</span> <span class='ocrx_word' id='word_1_312' title='bbox 808 3588 909 3659; x_wconf 80' lang='grc' dir='ltr'>τὴν</span> <span class='ocrx_word' id='word_1_313' title='bbox 931 3589 1026 3644; x_wconf 85' lang='grc' dir='ltr'>τοῦ</span> <span class='ocrx_word' id='word_1_314' title='bbox 1069 3589 1573 3663; x_wconf 77' lang='grc' dir='ltr'>δημιουργήσαντος</span> <span class='ocrx_word' id='word_1_315' title='bbox 1598 3590 1960 3662; x_wconf 79' lang='grc' dir='ltr'>παραπέμπει</span> <span class='ocrx_word' id='word_1_316' title='bbox 1987 3590 2135 3656; x_wconf 83' lang='grc' dir='ltr'>δοξο-</span> 
     </span>
    </p>
   </div>
   <div class='ocr_carea' id='block_1_39' title="bbox 463 3671 2134 3751">
    <p class='ocr_par' dir='ltr' id='par_1_39' title="bbox 463 3671 2134 3751">
     <span class='ocr_line' id='line_1_39' title="bbox 463 3671 2134 3751; baseline 0.003 -25"><span class='ocrx_word' id='word_1_317' title='bbox 463 3671 654 3741; x_wconf 90' lang='grc' dir='ltr'>λογίαν</span> <span class='ocrx_word' id='word_1_318' title='bbox 672 3691 687 3705; x_wconf 89' lang='grc'><strong>·</strong></span> <span class='ocrx_word' id='word_1_319' title='bbox 715 3675 895 3747; x_wconf 85' lang='grc' dir='ltr'>πολλῷ</span> <span class='ocrx_word' id='word_1_320' title='bbox 935 3676 1135 3747; x_wconf 80' lang='grc' dir='ltr'>μᾶλλον</span> <span class='ocrx_word' id='word_1_321' title='bbox 1168 3677 1231 3731; x_wconf 85' lang='grc' dir='ltr'>τὸ</span> <span class='ocrx_word' id='word_1_322' title='bbox 1256 3676 1475 3746; x_wconf 80' lang='grc' dir='ltr'>λογικὸν</span> <span class='ocrx_word' id='word_1_323' title='bbox 1504 3677 1663 3732; x_wconf 88' lang='grc' dir='ltr'>τοῦτο</span> <span class='ocrx_word' id='word_1_324' title='bbox 1699 3677 1840 3743; x_wconf 82' lang='grc' dir='ltr'>ζῶον</span> <span class='ocrx_word' id='word_1_325' title='bbox 1863 3680 1892 3732; x_wconf 92' lang='grc' dir='ltr'>ὀ</span> <span class='ocrx_word' id='word_1_326' title='bbox 1923 3677 2134 3751; x_wconf 82' lang='grc' dir='ltr'>ἄνθρω-</span> 
     </span>
    </p>
   </div>
   <div class='ocr_carea' id='block_1_40' title="bbox 465 3759 2133 3833">
    <p class='ocr_par' dir='ltr' id='par_1_40' title="bbox 465 3759 2133 3833">
     <span class='ocr_line' id='line_1_40' title="bbox 465 3759 2133 3833; baseline 0.003 -20"><span class='ocrx_word' id='word_1_327' title='bbox 465 3777 568 3823; x_wconf 84' lang='grc' dir='ltr'>πος</span> <span class='ocrx_word' id='word_1_328' title='bbox 593 3759 884 3832; x_wconf 89' lang='grc' dir='ltr'>δυνήσεται</span> <span class='ocrx_word' id='word_1_329' title='bbox 912 3762 980 3815; x_wconf 79' lang='grc' dir='ltr'>τά</span> <span class='ocrx_word' id='word_1_330' title='bbox 1009 3762 1150 3816; x_wconf 87' lang='grc' dir='ltr'>κατά</span> <span class='ocrx_word' id='word_1_331' title='bbox 1192 3763 1292 3833; x_wconf 81' lang='grc' dir='ltr'>τὴν</span> <span class='ocrx_word' id='word_1_332' title='bbox 1321 3764 1529 3818; x_wconf 90' lang='grc' dir='ltr'>οἰκείαν</span> <span class='ocrx_word' id='word_1_333' title='bbox 1560 3763 1847 3818; x_wconf 86' lang='grc' dir='ltr'>διάπλασιν</span> <span class='ocrx_word' id='word_1_334' title='bbox 1879 3765 2133 3833; x_wconf 86' lang='grc' dir='ltr'>ἀναλογι-</span> 
     </span>
    </p>
   </div>
   <div class='ocr_carea' id='block_1_41' title="bbox 465 3844 2134 3922">
    <p class='ocr_par' dir='ltr' id='par_1_41' title="bbox 465 3844 2134 3922">
     <span class='ocr_line' id='line_1_41' title="bbox 465 3844 2134 3922; baseline 0.003 -22"><span class='ocrx_word' id='word_1_335' title='bbox 465 3844 712 3918; x_wconf 81' lang='grc' dir='ltr'>ζόμενος,</span> <span class='ocrx_word' id='word_1_336' title='bbox 763 3849 857 3901; x_wconf 78' lang='grc' dir='ltr'>καὶ</span> <span class='ocrx_word' id='word_1_337' title='bbox 892 3848 992 3918; x_wconf 87' lang='grc' dir='ltr'>τῆς</span> <span class='ocrx_word' id='word_1_338' title='bbox 1022 3850 1188 3920; x_wconf 90' lang='grc' dir='ltr'>τιμῆς</span> <span class='ocrx_word' id='word_1_339' title='bbox 1226 3850 1326 3921; x_wconf 89' lang='grc' dir='ltr'>τῆς</span> <span class='ocrx_word' id='word_1_340' title='bbox 1369 3851 1809 3922; x_wconf 86' lang='grc' dir='ltr'>παρασχεθείσης</span> <span class='ocrx_word' id='word_1_341' title='bbox 1842 3850 1990 3922; x_wconf 88' lang='grc' dir='ltr'>αὐτῷ</span> <span class='ocrx_word' id='word_1_342' title='bbox 2034 3852 2134 3922; x_wconf 85' lang='grc' dir='ltr'>τὴν</span> 
     </span>
    </p>
   </div>
   <div class='ocr_carea' id='block_1_42' title="bbox 466 3934 2133 4009">
    <p class='ocr_par' dir='ltr' id='par_1_42' title="bbox 466 3934 2133 4009">
     <span class='ocr_line' id='line_1_42' title="bbox 466 3934 2133 4009; baseline 0.004 -22"><span class='ocrx_word' id='word_1_343' title='bbox 466 3934 796 4006; x_wconf 77' lang='grc' dir='ltr'>ὑπερϐολήν,</span> <span class='ocrx_word' id='word_1_344' title='bbox 821 3936 915 3990; x_wconf 77' lang='grc' dir='ltr'>καὶ</span> <span class='ocrx_word' id='word_1_345' title='bbox 940 3936 1046 3991; x_wconf 90' lang='grc' dir='ltr'>τῶν</span> <span class='ocrx_word' id='word_1_346' title='bbox 1072 3937 1287 4009; x_wconf 87' lang='grc' dir='ltr'>δωρεῶν</span> <span class='ocrx_word' id='word_1_347' title='bbox 1309 3938 1377 3993; x_wconf 89' lang='grc' dir='ltr'>τά</span> <span class='ocrx_word' id='word_1_348' title='bbox 1403 3939 1631 4009; x_wconf 81' lang='grc' dir='ltr'>μεγέθη,</span> <span class='ocrx_word' id='word_1_349' title='bbox 1651 3938 1865 4003; x_wconf 75' lang='grc' dir='ltr'>καὶτὰς</span> <span class='ocrx_word' id='word_1_350' title='bbox 1894 3940 2133 4009; x_wconf 68' lang='grc' dir='ltr'>ἀφέτους</span> 
     </span>
    </p>
   </div>
   <div class='ocr_carea' id='block_1_43' title="bbox 464 4021 2130 4099">
    <p class='ocr_par' dir='ltr' id='par_1_43' title="bbox 464 4021 2130 4099">
     <span class='ocr_line' id='line_1_43' title="bbox 464 4021 2130 4099; baseline 0.004 -25"><span class='ocrx_word' id='word_1_351' title='bbox 464 4021 784 4092; x_wconf 83' lang='grc' dir='ltr'>εὐεργεσίας</span> <span class='ocrx_word' id='word_1_352' title='bbox 803 4024 1065 4095; x_wconf 85' lang='grc' dir='ltr'>διηνεκῶς</span> <span class='ocrx_word' id='word_1_353' title='bbox 1084 4026 1341 4097; x_wconf 89' lang='grc' dir='ltr'>ἀνυμνεῖν</span> <span class='ocrx_word' id='word_1_354' title='bbox 1364 4026 1454 4081; x_wconf 74' lang='grc' dir='ltr'>τὸν</span> <span class='ocrx_word' id='word_1_355' title='bbox 1484 4027 1891 4097; x_wconf 84' lang='grc' dir='ltr'>παραγαγόντα,</span> <span class='ocrx_word' id='word_1_356' title='bbox 1915 4028 2009 4081; x_wconf 76' lang='grc' dir='ltr'>καὶ</span> <span class='ocrx_word' id='word_1_357' title='bbox 2033 4028 2130 4099; x_wconf 76' lang='grc' dir='ltr'>τὴν</span> 
     </span>
    </p>
   </div>
   <div class='ocr_carea' id='block_1_44' title="bbox 465 4106 1899 4185">
    <p class='ocr_par' dir='ltr' id='par_1_44' title="bbox 465 4106 1899 4185">
     <span class='ocr_line' id='line_1_44' title="bbox 465 4106 1899 4185; baseline 0.003 -24"><span class='ocrx_word' id='word_1_358' title='bbox 465 4106 608 4162; x_wconf 88' lang='grc' dir='ltr'>κατά</span> <span class='ocrx_word' id='word_1_359' title='bbox 627 4106 856 4180; x_wconf 86' lang='grc' dir='ltr'>δύναμιν</span> <span class='ocrx_word' id='word_1_360' title='bbox 890 4110 1198 4179; x_wconf 78' lang='grc' dir='ltr'>δοξολογίαν</span> <span class='ocrx_word' id='word_1_361' title='bbox 1220 4113 1514 4183; x_wconf 80' lang='grc' dir='ltr'>ἀναφέρειν</span> <span class='ocrx_word' id='word_1_362' title='bbox 1535 4112 1612 4183; x_wconf 86' lang='grc' dir='ltr'>τῷ</span> <span class='ocrx_word' id='word_1_363' title='bbox 1633 4113 1899 4185; x_wconf 82' lang='grc' dir='ltr'>Δεσπότῃ.</span> 
     </span>
    </p>
   </div>
   <div class='ocr_carea' id='block_1_45' title="bbox 531 4194 2131 4271">
    <p class='ocr_par' dir='ltr' id='par_1_45' title="bbox 531 4194 2131 4271">
     <span class='ocr_line' id='line_1_45' title="bbox 531 4194 2131 4271; baseline 0.004 -25"><span class='ocrx_word' id='word_1_364' title='bbox 531 4194 862 4267; x_wconf 86' lang='grc' dir='ltr'>Ἐϐουλόμην</span> <span class='ocrx_word' id='word_1_365' title='bbox 896 4197 989 4248; x_wconf 76' lang='grc' dir='ltr'>καὶ</span> <span class='ocrx_word' id='word_1_366' title='bbox 1016 4200 1128 4260; x_wconf 91' lang='grc' dir='ltr'>τοῖς</span> <span class='ocrx_word' id='word_1_367' title='bbox 1161 4197 1287 4267; x_wconf 83' lang='grc' dir='ltr'>ἐξῆς</span> <span class='ocrx_word' id='word_1_368' title='bbox 1318 4198 1622 4265; x_wconf 75' lang='grc' dir='ltr'>ἐπεξελθεῖν</span> <span class='ocrx_word' id='word_1_369' title='bbox 1641 4216 1657 4229; x_wconf 87' lang='grc'><strong>·</strong></span> <span class='ocrx_word' id='word_1_370' title='bbox 1682 4198 1796 4252; x_wconf 83' lang='grc' dir='ltr'>ἀλλ’</span> <span class='ocrx_word' id='word_1_371' title='bbox 1825 4200 1913 4252; x_wconf 79' lang='grc' dir='ltr'>ἵνα</span> <span class='ocrx_word' id='word_1_372' title='bbox 1943 4198 2019 4271; x_wconf 80' lang='grc' dir='ltr'>μὴ</span> <span class='ocrx_word' id='word_1_373' title='bbox 2053 4198 2131 4271; x_wconf 82' lang='grc' dir='ltr'>τῷ</span> 
     </span>
    </p>
   </div>
   <div class='ocr_carea' id='block_1_46' title="bbox 466 4280 2130 4359">
    <p class='ocr_par' dir='ltr' id='par_1_46' title="bbox 466 4280 2130 4359">
     <span class='ocr_line' id='line_1_46' title="bbox 466 4280 2130 4359; baseline 0.005 -25"><span class='ocrx_word' id='word_1_374' title='bbox 466 4280 659 4351; x_wconf 79' lang='grc' dir='ltr'>πλήθει</span> <span class='ocrx_word' id='word_1_375' title='bbox 692 4283 801 4335; x_wconf 90' lang='grc' dir='ltr'>τῶν</span> <span class='ocrx_word' id='word_1_376' title='bbox 835 4281 1142 4353; x_wconf 89' lang='grc' dir='ltr'>λεγομένων</span> <span class='ocrx_word' id='word_1_377' title='bbox 1184 4283 1588 4355; x_wconf 83' lang='grc' dir='ltr'>καταχώσωμεν</span> <span class='ocrx_word' id='word_1_378' title='bbox 1626 4285 1724 4356; x_wconf 79' lang='grc' dir='ltr'>τὴν</span> <span class='ocrx_word' id='word_1_379' title='bbox 1766 4287 1988 4359; x_wconf 83' lang='grc' dir='ltr'>μνήμην</span> <span class='ocrx_word' id='word_1_380' title='bbox 2022 4287 2130 4342; x_wconf 88' lang='grc' dir='ltr'>τῶν</span> 
     </span>
    </p>
   </div>
   <div class='ocr_carea' id='block_1_47' title="bbox 462 4366 2128 4445">
    <p class='ocr_par' dir='ltr' id='par_1_47' title="bbox 462 4366 2128 4445">
     <span class='ocr_line' id='line_1_47' title="bbox 462 4366 2128 4445; baseline 0.007 -27"><span class='ocrx_word' id='word_1_381' title='bbox 462 4366 564 4438; x_wconf 81' lang='grc' dir='ltr'>ήδη</span> <span class='ocrx_word' id='word_1_382' title='bbox 595 4366 914 4437; x_wconf 80' lang='grc' dir='ltr'>λεχθέντων,</span> <span class='ocrx_word' id='word_1_383' title='bbox 941 4370 1238 4438; x_wconf 84' lang='grc' dir='ltr'>ἀναγκαῖον</span> <span class='ocrx_word' id='word_1_384' title='bbox 1264 4370 1496 4425; x_wconf 87' lang='grc' dir='ltr'>ἐνταῦθα</span> <span class='ocrx_word' id='word_1_385' title='bbox 1526 4375 1718 4443; x_wconf 87' lang='grc' dir='ltr'>στῆσαι</span> <span class='ocrx_word' id='word_1_386' title='bbox 1739 4372 1830 4426; x_wconf 75' lang='grc' dir='ltr'>τδν</span> <span class='ocrx_word' id='word_1_387' title='bbox 1854 4377 1950 4445; x_wconf 85' lang='grc' dir='ltr'>τῆς</span> <span class='ocrx_word' id='word_1_388' title='bbox 1980 4375 2128 4429; x_wconf 89' lang='grc' dir='ltr'>διδα-</span> 
     </span>
    </p>
   </div>
   <div class='ocr_carea' id='block_1_48' title="bbox 464 4453 2133 4532">
    <p class='ocr_par' dir='ltr' id='par_1_48' title="bbox 464 4453 2133 4532">
     <span class='ocr_line' id='line_1_48' title="bbox 464 4453 2133 4532; baseline 0.007 -26"><span class='ocrx_word' id='word_1_389' title='bbox 464 4453 692 4519; x_wconf 87' lang='grc' dir='ltr'>σκαλίας</span> <span class='ocrx_word' id='word_1_390' title='bbox 711 4454 890 4525; x_wconf 90' lang='grc' dir='ltr'>λόγον.</span> <span class='ocrx_word' id='word_1_391' title='bbox 920 4457 1055 4511; x_wconf 89' lang='grc' dir='ltr'>Οὐδέ</span> <span class='ocrx_word' id='word_1_392' title='bbox 1073 4457 1183 4530; x_wconf 84' lang='grc' dir='ltr'>γὰρ</span> <span class='ocrx_word' id='word_1_393' title='bbox 1202 4457 1361 4512; x_wconf 89' lang='grc' dir='ltr'>τοῦτο</span> <span class='ocrx_word' id='word_1_394' title='bbox 1381 4459 1541 4528; x_wconf 88' lang='grc' dir='ltr'>μόνον</span> <span class='ocrx_word' id='word_1_395' title='bbox 1564 4461 1710 4515; x_wconf 76' lang='grc' dir='ltr'>ἐστὶν</span> <span class='ocrx_word' id='word_1_396' title='bbox 1730 4463 1862 4532; x_wconf 83' lang='grc' dir='ltr'>ἡμῖν</span> <span class='ocrx_word' id='word_1_397' title='bbox 1883 4464 1943 4516; x_wconf 84' lang='grc' dir='ltr'><strong>τὸ</strong></span> <span class='ocrx_word' id='word_1_398' title='bbox 1971 4480 2133 4518; x_wconf 87' lang='grc' dir='ltr'>σπου-</span> 
     </span>
    </p>
   </div>
   <div class='ocr_carea' id='block_1_49' title="bbox 460 4538 2126 4621">
    <p class='ocr_par' dir='ltr' id='par_1_49' title="bbox 460 4538 2126 4621">
     <span class='ocr_line' id='line_1_49' title="bbox 460 4538 2126 4621; baseline 0.008 -29"><span class='ocrx_word' id='word_1_399' title='bbox 460 4538 754 4612; x_wconf 85' lang='grc' dir='ltr'>δαζόμενον</span> <span class='ocrx_word' id='word_1_400' title='bbox 784 4543 971 4608; x_wconf 90' lang='grc' dir='ltr'>ἀπλῶς</span> <span class='ocrx_word' id='word_1_401' title='bbox 996 4544 1165 4599; x_wconf 78' lang='grc' dir='ltr'>πολλὰ</span> <span class='ocrx_word' id='word_1_402' title='bbox 1190 4548 1383 4601; x_wconf 88' lang='grc' dir='ltr'>εἰπεῖν·</span> <span class='ocrx_word' id='word_1_403' title='bbox 1415 4545 1550 4600; x_wconf 87' lang='grc' dir='ltr'>ἀλλά</span> <span class='ocrx_word' id='word_1_404' title='bbox 1568 4545 1657 4601; x_wconf 86' lang='grc' dir='ltr'>διά</span> <span class='ocrx_word' id='word_1_405' title='bbox 1689 4547 1848 4602; x_wconf 87' lang='grc' dir='ltr'>τοῦτο</span> <span class='ocrx_word' id='word_1_406' title='bbox 1874 4548 2126 4621; x_wconf 87' lang='grc' dir='ltr'>λέγομεν,</span> 
     </span>
    </p>
   </div>
   <div class='ocr_carea' id='block_1_50' title="bbox 459 4627 2128 4706">
    <p class='ocr_par' dir='ltr' id='par_1_50' title="bbox 459 4627 2128 4706">
     <span class='ocr_line' id='line_1_50' title="bbox 459 4627 2128 4706; baseline 0.004 -23"><span class='ocrx_word' id='word_1_407' title='bbox 459 4627 603 4683; x_wconf 82' lang='grc' dir='ltr'>ὥστε</span> <span class='ocrx_word' id='word_1_408' title='bbox 618 4628 758 4685; x_wconf 86' lang='grc' dir='ltr'>αὐτά</span> <span class='ocrx_word' id='word_1_409' title='bbox 771 4630 1031 4703; x_wconf 86' lang='grc' dir='ltr'>διηνεκῶς</span> <span class='ocrx_word' id='word_1_410' title='bbox 1047 4633 1191 4703; x_wconf 79' lang='grc' dir='ltr'>ὑμᾶς</span> <span class='ocrx_word' id='word_1_411' title='bbox 1206 4634 1349 4705; x_wconf 76' lang='grc' dir='ltr'>ἔχειν</span> <span class='ocrx_word' id='word_1_412' title='bbox 1365 4634 1725 4706; x_wconf 85' lang='grc' dir='ltr'>ἐμπεπηγότα</span> <span class='ocrx_word' id='word_1_413' title='bbox 1738 4639 1857 4700; x_wconf 84' lang='grc' dir='ltr'>ταῖς</span> <span class='ocrx_word' id='word_1_414' title='bbox 1868 4635 2128 4701; x_wconf 89' lang='grc' dir='ltr'>διανοίαις</span> 
     </span>
    </p>
   </div>
   <div class='ocr_carea' id='block_1_51' title="bbox 459 4716 2127 4793">
    <p class='ocr_par' dir='ltr' id='par_1_51' title="bbox 459 4716 2127 4793">
     <span class='ocr_line' id='line_1_51' title="bbox 459 4716 2127 4793; baseline 0.005 -26"><span class='ocrx_word' id='word_1_415' title='bbox 459 4717 582 4780; x_wconf 81' lang='grc' dir='ltr'>ταῖς</span> <span class='ocrx_word' id='word_1_416' title='bbox 630 4716 951 4790; x_wconf 83' lang='grc' dir='ltr'>ὑμετέραις,</span> <span class='ocrx_word' id='word_1_417' title='bbox 994 4720 1082 4774; x_wconf 88' lang='grc' dir='ltr'>ῖνα</span> <span class='ocrx_word' id='word_1_418' title='bbox 1123 4722 1197 4793; x_wconf 82' lang='grc' dir='ltr'>μή</span> <span class='ocrx_word' id='word_1_419' title='bbox 1233 4721 1390 4792; x_wconf 90' lang='grc' dir='ltr'>μόνον</span> <span class='ocrx_word' id='word_1_420' title='bbox 1421 4722 1573 4776; x_wconf 77' lang='grc' dir='ltr'>αὐτοὶ</span> <span class='ocrx_word' id='word_1_421' title='bbox 1608 4722 1782 4793; x_wconf 88' lang='grc' dir='ltr'>εἰδῆτε</span> <span class='ocrx_word' id='word_1_422' title='bbox 1812 4723 1882 4777; x_wconf 84' lang='grc' dir='ltr'>τά</span> <span class='ocrx_word' id='word_1_423' title='bbox 1916 4725 1974 4777; x_wconf 87' lang='grc' dir='ltr'>ἐν</span> <span class='ocrx_word' id='word_1_424' title='bbox 2006 4725 2127 4789; x_wconf 86' lang='grc' dir='ltr'>ταῖς</span> 
     </span>
    </p>
   </div>
   <div class='ocr_carea' id='block_1_52' title="bbox 459 4799 2127 4880">
    <p class='ocr_par' dir='ltr' id='par_1_52' title="bbox 459 4799 2127 4880">
     <span class='ocr_line' id='line_1_52' title="bbox 459 4799 2127 4880; baseline 0.007 -26"><span class='ocrx_word' id='word_1_425' title='bbox 459 4799 635 4867; x_wconf 90' lang='grc' dir='ltr'>θείαις</span> <span class='ocrx_word' id='word_1_426' title='bbox 663 4804 907 4876; x_wconf 85' lang='grc' dir='ltr'>Γραφαῖς</span> <span class='ocrx_word' id='word_1_427' title='bbox 944 4806 1257 4879; x_wconf 87' lang='grc' dir='ltr'>ἐγκείμενα,</span> <span class='ocrx_word' id='word_1_428' title='bbox 1282 4808 1418 4863; x_wconf 88' lang='grc' dir='ltr'>ἀλλά</span> <span class='ocrx_word' id='word_1_429' title='bbox 1449 4809 1542 4863; x_wconf 80' lang='grc' dir='ltr'>καὶ</span> <span class='ocrx_word' id='word_1_430' title='bbox 1572 4808 1778 4880; x_wconf 82' lang='grc' dir='ltr'>ἑτέροις</span> <span class='ocrx_word' id='word_1_431' title='bbox 1820 4809 2127 4866; x_wconf 86' lang='grc' dir='ltr'>διδάσκαλοι</span> 
     </span>
    </p>
   </div>
   <div class='ocr_carea' id='block_1_53' title="bbox 458 4889 2127 4964">
    <p class='ocr_par' dir='ltr' id='par_1_53' title="bbox 458 4889 2127 4964">
     <span class='ocr_line' id='line_1_53' title="bbox 458 4889 2127 4964; baseline 0.006 -21"><span class='ocrx_word' id='word_1_432' title='bbox 458 4889 703 4962; x_wconf 86' lang='grc' dir='ltr'>γίνησθε,</span> <span class='ocrx_word' id='word_1_433' title='bbox 735 4893 1024 4964; x_wconf 90' lang='grc' dir='ltr'>δυνάμενοι</span> <span class='ocrx_word' id='word_1_434' title='bbox 1056 4901 1152 4952; x_wconf 82' lang='grc' dir='ltr'>καὶ</span> <span class='ocrx_word' id='word_1_435' title='bbox 1180 4896 1373 4962; x_wconf 77' lang='grc' dir='ltr'>ἄλλους</span> <span class='ocrx_word' id='word_1_436' title='bbox 1398 4896 1688 4951; x_wconf 84' lang='grc' dir='ltr'>νουθετεῖν.</span> <span class='ocrx_word' id='word_1_437' title='bbox 1724 4899 1993 4963; x_wconf 84' lang='grc' dir='ltr'>Ἕκαστος</span> <span class='ocrx_word' id='word_1_438' title='bbox 2014 4900 2127 4953; x_wconf 89' lang='grc' dir='ltr'>τοί-</span> 
     </span>
    </p>
   </div>
   <div class='ocr_carea' id='block_1_54' title="bbox 456 4979 2126 5060">
    <p class='ocr_par' dir='ltr' id='par_1_54' title="bbox 456 4979 2126 5060">
     <span class='ocr_line' id='line_1_54' title="bbox 456 4979 2126 5060; baseline 0.008 -30"><span class='ocrx_word' id='word_1_439' title='bbox 456 4994 555 5032; x_wconf 90' lang='grc' dir='ltr'>νυν</span> <span class='ocrx_word' id='word_1_440' title='bbox 582 4979 757 5050; x_wconf 86' lang='grc' dir='ltr'>ὑμῶν,</span> <span class='ocrx_word' id='word_1_441' title='bbox 786 4983 1109 5054; x_wconf 85' lang='grc' dir='ltr'>παρακαλῶ,</span> <span class='ocrx_word' id='word_1_442' title='bbox 1147 4985 1395 5041; x_wconf 86' lang='grc' dir='ltr'>ἐντεῦθεν</span> <span class='ocrx_word' id='word_1_443' title='bbox 1415 4986 1596 5056; x_wconf 81' lang='grc' dir='ltr'>ἐξιὼν,</span> <span class='ocrx_word' id='word_1_444' title='bbox 1625 4987 1764 5060; x_wconf 89' lang='grc' dir='ltr'>μετά</span> <span class='ocrx_word' id='word_1_445' title='bbox 1784 4987 1877 5042; x_wconf 88' lang='grc' dir='ltr'>τοῦ</span> <span class='ocrx_word' id='word_1_446' title='bbox 1898 4988 2126 5060; x_wconf 80' lang='grc' dir='ltr'>πλησίον</span> 
     </span>
    </p>
   </div>
   <div class='ocr_carea' id='block_1_55' title="bbox 458 5066 2127 5148">
    <p class='ocr_par' dir='ltr' id='par_1_55' title="bbox 458 5066 2127 5148">
     <span class='ocr_line' id='line_1_55' title="bbox 458 5066 2127 5148; baseline 0.006 -27"><span class='ocrx_word' id='word_1_447' title='bbox 458 5066 887 5137; x_wconf 87' lang='grc' dir='ltr'>ἀναλαμϐανέτω</span> <span class='ocrx_word' id='word_1_448' title='bbox 919 5079 940 5108; x_wconf 74' lang='grc' dir='ltr'><strong>ο</strong></span> <span class='ocrx_word' id='word_1_449' title='bbox 982 5069 1090 5123; x_wconf 88' lang='grc' dir='ltr'>τῶν</span> <span class='ocrx_word' id='word_1_450' title='bbox 1132 5073 1437 5143; x_wconf 76' lang='grc' dir='ltr'>εἰρημένων</span> <span class='ocrx_word' id='word_1_451' title='bbox 1483 5076 1583 5147; x_wconf 84' lang='grc' dir='ltr'>τὴν</span> <span class='ocrx_word' id='word_1_452' title='bbox 1627 5078 1866 5148; x_wconf 83' lang='grc' dir='ltr'>μνήμην,</span> <span class='ocrx_word' id='word_1_453' title='bbox 1916 5077 2010 5130; x_wconf 79' lang='grc' dir='ltr'>καὶ</span> <span class='ocrx_word' id='word_1_454' title='bbox 2056 5076 2127 5131; x_wconf 80' lang='grc' dir='ltr'>τὰ</span> 
     </span>
    </p>
   </div>
   <div class='ocr_carea' id='block_1_56' title="bbox 462 5154 2127 5235">
    <p class='ocr_par' dir='ltr' id='par_1_56' title="bbox 462 5154 2127 5235">
     <span class='ocr_line' id='line_1_56' title="bbox 462 5154 2127 5235; baseline 0.008 -30"><span class='ocrx_word' id='word_1_455' title='bbox 462 5154 592 5224; x_wconf 77' lang='grc' dir='ltr'>παρ’</span> <span class='ocrx_word' id='word_1_456' title='bbox 618 5154 813 5207; x_wconf 76' lang='grc' dir='ltr'>ἑαυτοῦ</span> <span class='ocrx_word' id='word_1_457' title='bbox 840 5156 1131 5227; x_wconf 80' lang='grc' dir='ltr'>εἰσφέρων,</span> <span class='ocrx_word' id='word_1_458' title='bbox 1157 5158 1394 5229; x_wconf 84' lang='grc' dir='ltr'>δεχέσθω</span> <span class='ocrx_word' id='word_1_459' title='bbox 1418 5162 1512 5216; x_wconf 79' lang='grc' dir='ltr'>καὶ</span> <span class='ocrx_word' id='word_1_460' title='bbox 1534 5162 1603 5217; x_wconf 81' lang='grc' dir='ltr'>τά</span> <span class='ocrx_word' id='word_1_461' title='bbox 1624 5165 1756 5234; x_wconf 89' lang='grc' dir='ltr'>παρ’</span> <span class='ocrx_word' id='word_1_462' title='bbox 1780 5164 1971 5235; x_wconf 85' lang='grc' dir='ltr'>ἐτέρου</span> <span class='ocrx_word' id='word_1_463' title='bbox 1998 5181 2127 5235; x_wconf 89' lang='grc' dir='ltr'>μνη-</span> 
     </span>
    </p>
   </div>
   <div class='ocr_carea' id='block_1_57' title="bbox 466 5241 2123 5319">
    <p class='ocr_par' dir='ltr' id='par_1_57' title="bbox 466 5241 2123 5319">
     <span class='ocr_line' id='line_1_57' title="bbox 466 5241 2123 5319; baseline 0.007 -24"><span class='ocrx_word' id='word_1_464' title='bbox 466 5241 816 5311; x_wconf 86' lang='grc' dir='ltr'>μονευθέντα.</span> <span class='ocrx_word' id='word_1_465' title='bbox 861 5242 1013 5315; x_wconf 73' lang='grc'>[114]</span> <span class='ocrx_word' id='word_1_466' title='bbox 1059 5246 1171 5299; x_wconf 80' lang='lat' dir='ltr'>Kal</span> <span class='ocrx_word' id='word_1_467' title='bbox 1203 5246 1346 5301; x_wconf 83' lang='grc' dir='ltr'>οὑτω</span> <span class='ocrx_word' id='word_1_468' title='bbox 1380 5249 1730 5319; x_wconf 79' lang='grc' dir='ltr'>συλλέγοντες</span> <span class='ocrx_word' id='word_1_469' title='bbox 1757 5252 1991 5317; x_wconf 76' lang='grc' dir='ltr'>ἅπαντα,</span> <span class='ocrx_word' id='word_1_470' title='bbox 2027 5253 2123 5306; x_wconf 73' lang='grc' dir='ltr'>καί⁵</span> 
     </span>
    </p>
   </div>
   <div class='ocr_carea' id='block_1_58' title="bbox 458 5328 2120 5408">
    <p class='ocr_par' dir='ltr' id='par_1_58' title="bbox 458 5328 2120 5408">
     <span class='ocr_line' id='line_1_58' title="bbox 458 5328 2120 5408; baseline 0.007 -29"><span class='ocrx_word' id='word_1_471' title='bbox 458 5328 682 5382; x_wconf 75' lang='grc' dir='ltr'>ἔναυλον</span> <span class='ocrx_word' id='word_1_472' title='bbox 712 5330 891 5384; x_wconf 89' lang='grc' dir='ltr'>αὐτῶν</span> <span class='ocrx_word' id='word_1_473' title='bbox 924 5331 1140 5403; x_wconf 75' lang='grc' dir='ltr'>ἔχοντες</span> <span class='ocrx_word' id='word_1_474' title='bbox 1159 5334 1258 5406; x_wconf 78' lang='grc' dir='ltr'>τὴν</span> <span class='ocrx_word' id='word_1_475' title='bbox 1286 5337 1526 5407; x_wconf 84' lang='grc' dir='ltr'>μνήμην,</span> <span class='ocrx_word' id='word_1_476' title='bbox 1553 5337 1735 5392; x_wconf 76' lang='grc' dir='ltr'>οἴκαδε</span> <span class='ocrx_word' id='word_1_477' title='bbox 1765 5338 2120 5408; x_wconf 86' lang='grc' dir='ltr'>ἀναχωρεῖτε,</span> 
     </span>
    </p>
   </div>
   <div class='ocr_carea' id='block_1_59' title="bbox 457 5410 2123 5495">
    <p class='ocr_par' dir='ltr' id='par_1_59' title="bbox 457 5410 2123 5495">
     <span class='ocr_line' id='line_1_59' title="bbox 457 5410 2123 5495; baseline 0.007 -28"><span class='ocrx_word' id='word_1_478' title='bbox 457 5416 552 5468; x_wconf 79' lang='grc' dir='ltr'>καὶ</span> <span class='ocrx_word' id='word_1_479' title='bbox 583 5416 707 5470; x_wconf 86' lang='grc' dir='ltr'>καθ’</span> <span class='ocrx_word' id='word_1_480' title='bbox 739 5419 966 5484; x_wconf 79' lang='grc' dir='ltr'>ἑαυτοὺς</span> <span class='ocrx_word' id='word_1_481' title='bbox 1008 5421 1500 5495; x_wconf 83' lang='grc' dir='ltr'>ἀναμηρυκώμενοι</span> <span class='ocrx_word' id='word_1_482' title='bbox 1530 5410 1748 5478; x_wconf 81' lang='grc' dir='ltr'>τάθεῖα</span> <span class='ocrx_word' id='word_1_483' title='bbox 1779 5424 1950 5478; x_wconf 90' lang='grc' dir='ltr'>ταῦτα</span> <span class='ocrx_word' id='word_1_484' title='bbox 1974 5425 2123 5480; x_wconf 81' lang='grc' dir='ltr'>διδά-</span> 
     </span>
    </p>
   </div>
   <div class='ocr_carea' id='block_1_60' title="bbox 456 5503 2123 5584">
    <p class='ocr_par' dir='ltr' id='par_1_60' title="bbox 456 5503 2123 5584">
     <span class='ocr_line' id='line_1_60' title="bbox 456 5503 2123 5584; baseline 0.008 -31"><span class='ocrx_word' id='word_1_485' title='bbox 456 5516 645 5570; x_wconf 88' lang='grc' dir='ltr'>γματα</span> <span class='ocrx_word' id='word_1_486' title='bbox 667 5520 679 5533; x_wconf 90' lang='grc'><strong>·</strong></span> <span class='ocrx_word' id='word_1_487' title='bbox 708 5503 794 5557; x_wconf 81' lang='grc' dir='ltr'>ἵνα</span> <span class='ocrx_word' id='word_1_488' title='bbox 819 5506 877 5558; x_wconf 84' lang='grc' dir='ltr'>ὲν</span> <span class='ocrx_word' id='word_1_489' title='bbox 905 5505 1116 5573; x_wconf 87' lang='grc' dir='ltr'>τούτοις</span> <span class='ocrx_word' id='word_1_490' title='bbox 1136 5509 1349 5579; x_wconf 81' lang='grc' dir='ltr'>ἔχοντες</span> <span class='ocrx_word' id='word_1_491' title='bbox 1363 5512 1463 5582; x_wconf 85' lang='grc' dir='ltr'>τὴν</span> <span class='ocrx_word' id='word_1_492' title='bbox 1482 5510 1752 5584; x_wconf 86' lang='grc' dir='ltr'>μέριμναν</span> <span class='ocrx_word' id='word_1_493' title='bbox 1773 5513 2010 5580; x_wconf 80' lang='grc' dir='ltr'>ἃπασαν,</span> <span class='ocrx_word' id='word_1_494' title='bbox 2028 5513 2123 5566; x_wconf 64' lang='grc' dir='ltr'>καὶ¹</span> 
     </span>
    </p>
   </div>
   <div class='ocr_carea' id='block_1_61' title="bbox 458 5585 2124 5670">
    <p class='ocr_par' dir='ltr' id='par_1_61' title="bbox 458 5585 2124 5670">
     <span class='ocr_line' id='line_1_61' title="bbox 458 5585 2124 5670; baseline 0.008 -31"><span class='ocrx_word' id='word_1_495' title='bbox 458 5585 810 5656; x_wconf 82' lang='grc' dir='ltr'>ἀσχολοῦντες</span> <span class='ocrx_word' id='word_1_496' title='bbox 839 5590 993 5661; x_wconf 82' lang='grc' dir='ltr'>ὑμων</span> <span class='ocrx_word' id='word_1_497' title='bbox 1021 5593 1119 5664; x_wconf 81' lang='grc' dir='ltr'>τὴν</span> <span class='ocrx_word' id='word_1_498' title='bbox 1162 5595 1420 5665; x_wconf 85' lang='grc' dir='ltr'>διάνοιαν,</span> <span class='ocrx_word' id='word_1_499' title='bbox 1450 5598 1680 5670; x_wconf 89' lang='grc' dir='ltr'>δύνησθε</span> <span class='ocrx_word' id='word_1_500' title='bbox 1716 5599 1833 5670; x_wconf 80' lang='grc' dir='ltr'>μετ’</span> <span class='ocrx_word' id='word_1_501' title='bbox 1874 5598 2124 5663; x_wconf 89' lang='grc' dir='ltr'>εὐκολίας</span> 
     </span>
    </p>
   </div>
   <div class='ocr_carea' id='block_1_62' title="bbox 519 5688 2113 5766">
    <p class='ocr_par' dir='ltr' id='par_1_62' title="bbox 519 5688 2113 5766">
     <span class='ocr_line' id='line_1_62' title="bbox 519 5688 2113 5766; baseline 0.009 -29"><span class='ocrx_word' id='word_1_502' title='bbox 519 5690 551 5766; x_wconf 9' lang='grc' dir='ltr'>ιγ</span> <span class='ocrx_word' id='word_1_503' title='bbox 566 5688 843 5766; x_wconf 39' lang='grc' dir='ltr'>Ιῐέοιιοηβεξ</span> <span class='ocrx_word' id='word_1_504' title='bbox 862 5693 1042 5766; x_wconf 55' lang='grc' dir='ltr'>ηρθὶίυε</span> <span class='ocrx_word' id='word_1_505' title='bbox 1079 5699 1272 5766; x_wconf 32' lang='grc' dir='ltr'>ιιθςιιιυτ</span> <span class='ocrx_word' id='word_1_506' title='bbox 1292 5704 1489 5763; x_wconf 82' lang='grc' dir='ltr'>ἀνόητα,</span> <span class='ocrx_word' id='word_1_507' title='bbox 1513 5702 1699 5755; x_wconf 80' lang='lat' dir='ltr'>insana.</span> <span class='ocrx_word' id='word_1_508' title='bbox 1723 5703 1907 5753; x_wconf 65' lang='lat' dir='ltr'>Omnes</span> <span class='ocrx_word' id='word_1_509' title='bbox 1951 5711 2113 5752; x_wconf 79' lang='lat' dir='ltr'>tamen</span> 
     </span>
    </p>
   </div>
   <div class='ocr_carea' id='block_1_63' title="bbox 456 5749 2093 5826">
    <p class='ocr_par' dir='ltr' id='par_1_63' title="bbox 456 5749 2093 5826">
     <span class='ocr_line' id='line_1_63' title="bbox 456 5749 2093 5826; baseline 0.002 -16"><span class='ocrx_word' id='word_1_510' title='bbox 456 5758 572 5825; x_wconf 60' lang='grc' dir='ltr'>ηῐκεε</span> <span class='ocrx_word' id='word_1_511' title='bbox 605 5749 798 5826; x_wconf 51' lang='lat' dir='ltr'>haberi</span> <span class='ocrx_word' id='word_1_512' title='bbox 820 5753 1041 5826; x_wconf 72' lang='grc' dir='ltr'>ἀγόνητᾳ,</span> <span class='ocrx_word' id='word_1_513' title='bbox 1059 5817 1070 5826; x_wconf 88' lang='lat'>_</span> <span class='ocrx_word' id='word_1_514' title='bbox 1090 5749 1698 5826; x_wconf 54' lang='grc' dir='ltr'>ξήἰςιίιὶαΪ’ὐὲἒιιῖῐξᾟῐ</span> <span class='ocrx_word' id='word_1_515' title='bbox 1727 5749 1924 5826; x_wconf 66' lang='grc' dir='ltr'>ηὗίἆᾶιίι</span> <span class='ocrx_word' id='word_1_516' title='bbox 1955 5749 2093 5826; x_wconf 53' lang='grc' dir='ltr'>ᾖε.</span> 
     </span>
    </p>
   </div>
   <div class='ocr_carea' id='block_1_64' title="bbox 455 5814 2113 5888">
    <p class='ocr_par' dir='ltr' id='par_1_64' title="bbox 455 5814 2113 5888">
     <span class='ocr_line' id='line_1_64' title="bbox 455 5814 2113 5888; baseline 0.004 -20"><span class='ocrx_word' id='word_1_517' title='bbox 455 5814 963 5888; x_wconf 52' lang='grc' dir='ltr'>παρᾷξρῇέεστξὸτρυ</span> <span class='ocrx_word' id='word_1_518' title='bbox 991 5817 1018 5862; x_wconf 76' lang='grc' dir='ltr'><strong>ὁ</strong></span> <span class='ocrx_word' id='word_1_519' title='bbox 1038 5817 1229 5888; x_wconf 48' lang='grc' dir='ltr'>λᾼδάει,</span> <span class='ocrx_word' id='word_1_520' title='bbox 1252 5828 1314 5888; x_wconf 67' lang='grc' dir='ltr'>ιιιΔ</span> <span class='ocrx_word' id='word_1_521' title='bbox 1338 5827 1409 5873; x_wconf 79' lang='lat' dir='ltr'>sic</span> <span class='ocrx_word' id='word_1_522' title='bbox 1441 5828 1565 5888; x_wconf 67' lang='lat' dir='ltr'>legit</span> <span class='ocrx_word' id='word_1_523' title='bbox 1599 5814 1861 5888; x_wconf 17' lang='lat' dir='ltr'>iulerﬁrcs’</span> <span class='ocrx_word' id='word_1_524' title='bbox 1894 5824 2113 5877; x_wconf 76' lang='lat' dir='ltr'>Latinus.</span> 
     </span>
    </p>
   </div>
   <div class='ocr_carea' id='block_1_65' title="bbox 518 5873 1485 5941">
    <p class='ocr_par' dir='ltr' id='par_1_65' title="bbox 518 5873 1485 5941">
     <span class='ocr_line' id='line_1_65' title="bbox 518 5873 1485 5941; baseline 0.001 -7"><span class='ocrx_word' id='word_1_525' title='bbox 518 5873 539 5907; x_wconf 51' lang='grc' dir='ltr'><em>έ</em></span> <span class='ocrx_word' id='word_1_526' title='bbox 566 5873 762 5924; x_wconf 54' lang='grc' dir='ltr'>δοίθίίη·</span> <span class='ocrx_word' id='word_1_527' title='bbox 788 5874 1007 5937; x_wconf 71' lang='grc' dir='ltr'>πλησίον,</span> <span class='ocrx_word' id='word_1_528' title='bbox 1030 5877 1149 5928; x_wconf 62' lang='grc' dir='ltr'>ἆθλα</span> <span class='ocrx_word' id='word_1_529' title='bbox 1179 5873 1485 5941; x_wconf 63' lang='grc' dir='ltr'>λαμϐανέτω.</span> 
     </span>
    </p>
   </div>
   <div class='ocr_carea' id='block_1_66' title="bbox 1265 253 3126 314">
    <p class='ocr_par' dir='ltr' id='par_1_66' title="bbox 1265 253 3126 314">
     <span class='ocr_line' id='line_1_66' title="bbox 1265 253 3126 314; baseline 0.001 -2"><span class='ocrx_word' id='word_1_530' title='bbox 1265 258 1324 312; x_wconf 84' lang='lat' dir='ltr'>S.</span> <span class='ocrx_word' id='word_1_531' title='bbox 1360 257 1648 314; x_wconf 71' lang='lat' dir='ltr'>JOANMS</span> <span class='ocrx_word' id='word_1_532' title='bbox 1691 253 2175 312; x_wconf 70' lang='lat' dir='ltr'>CHRYSOSTOMI</span> <span class='ocrx_word' id='word_1_533' title='bbox 2216 254 2540 311; x_wconf 77' lang='lat' dir='ltr'>ARCHIEP.</span> <span class='ocrx_word' id='word_1_534' title='bbox 2579 255 3126 314; x_wconf 72' lang='lat' dir='ltr'>CONSTANTINOP.</span> 
     </span>
    </p>
   </div>
   <div class='ocr_carea' id='block_1_67' title="bbox 3815 260 3911 320">
    <p class='ocr_par' dir='ltr' id='par_1_67' title="bbox 3815 260 3911 320">
     <span class='ocr_line' id='line_1_67' title="bbox 3815 260 3911 320; baseline 0.083 -8"><span class='ocrx_word' id='word_1_535' title='bbox 3815 260 3911 320; x_wconf 78' lang='lat' dir='ltr'>H8</span> 
     </span>
    </p>
   </div>
   <div class='ocr_carea' id='block_1_68' title="bbox 2256 370 3911 444">
    <p class='ocr_par' dir='ltr' id='par_1_68' title="bbox 2256 370 3911 444">
     <span class='ocr_line' id='line_1_68' title="bbox 2256 370 3911 444; baseline 0.005 -21"><span class='ocrx_word' id='word_1_536' title='bbox 2256 370 2640 442; x_wconf 78' lang='grc' dir='ltr'>περιγενέσθαι</span> <span class='ocrx_word' id='word_1_537' title='bbox 2669 372 2764 426; x_wconf 74' lang='grc' dir='ltr'>καὶ</span> <span class='ocrx_word' id='word_1_538' title='bbox 2791 372 2900 426; x_wconf 90' lang='grc' dir='ltr'>τῶν</span> <span class='ocrx_word' id='word_1_539' title='bbox 2931 372 3121 426; x_wconf 90' lang='grc' dir='ltr'>παθῶν</span> <span class='ocrx_word' id='word_1_540' title='bbox 3148 371 3258 426; x_wconf 88' lang='grc' dir='ltr'>τῶν</span> <span class='ocrx_word' id='word_1_541' title='bbox 3292 371 3668 444; x_wconf 74' lang='grc' dir='ltr'>ἐνοχλούντων,</span> <span class='ocrx_word' id='word_1_542' title='bbox 3704 375 3794 428; x_wconf 73' lang='grc' dir='ltr'>καὶ</span> <span class='ocrx_word' id='word_1_543' title='bbox 3813 380 3911 444; x_wconf 71' lang='grc' dir='ltr'>τὰς</span> 
     </span>
    </p>
   </div>
   <div class='ocr_carea' id='block_1_69' title="bbox 2249 457 3906 535">
    <p class='ocr_par' dir='ltr' id='par_1_69' title="bbox 2249 457 3906 535">
     <span class='ocr_line' id='line_1_69' title="bbox 2249 457 3906 535; baseline 0.004 -26"><span class='ocrx_word' id='word_1_544' title='bbox 2249 457 2343 510; x_wconf 88' lang='grc' dir='ltr'>τοῦ</span> <span class='ocrx_word' id='word_1_545' title='bbox 2386 457 2636 512; x_wconf 89' lang='grc' dir='ltr'>διαϐόλου</span> <span class='ocrx_word' id='word_1_546' title='bbox 2671 458 2919 530; x_wconf 83' lang='grc' dir='ltr'>μηχανάς</span> <span class='ocrx_word' id='word_1_547' title='bbox 2947 461 3251 530; x_wconf 83' lang='grc' dir='ltr'>διαφυγεῖν.</span> <span class='ocrx_word' id='word_1_548' title='bbox 3291 460 3463 515; x_wconf 85' lang='grc' dir='ltr'>Ἔνθα</span> <span class='ocrx_word' id='word_1_549' title='bbox 3514 462 3627 534; x_wconf 72' lang='grc' dir='ltr'>γὰρ</span> <span class='ocrx_word' id='word_1_550' title='bbox 3673 463 3741 517; x_wconf 83' lang='grc' dir='ltr'>ἂν</span> <span class='ocrx_word' id='word_1_551' title='bbox 3773 462 3855 535; x_wconf 75' lang='grc' dir='ltr'>ίδῃ</span> <span class='ocrx_word' id='word_1_552' title='bbox 3879 476 3906 526; x_wconf 76' lang='grc' dir='ltr'><strong>ό</strong></span> 
     </span>
    </p>
   </div>
   <div class='ocr_carea' id='block_1_70' title="bbox 2251 543 3910 621">
    <p class='ocr_par' dir='ltr' id='par_1_70' title="bbox 2251 543 3910 621">
     <span class='ocr_line' id='line_1_70' title="bbox 2251 543 3910 621; baseline 0.005 -25"><span class='ocrx_word' id='word_1_553' title='bbox 2251 543 2490 615; x_wconf 80' lang='grc' dir='ltr'>πονηρὸς</span> <span class='ocrx_word' id='word_1_554' title='bbox 2509 544 2719 616; x_wconf 86' lang='grc' dir='ltr'>δαίμων</span> <span class='ocrx_word' id='word_1_555' title='bbox 2742 549 2949 610; x_wconf 88' lang='grc' dir='ltr'>ἐκεῖνος</span> <span class='ocrx_word' id='word_1_556' title='bbox 2967 547 3145 617; x_wconf 60' lang='grc' dir='ltr'>ψυχὴν</span> <span class='ocrx_word' id='word_1_557' title='bbox 3166 546 3236 600; x_wconf 90' lang='grc' dir='ltr'>τά</span> <span class='ocrx_word' id='word_1_558' title='bbox 3257 546 3353 600; x_wconf 89' lang='grc' dir='ltr'>τοῦ</span> <span class='ocrx_word' id='word_1_559' title='bbox 3377 547 3512 602; x_wconf 84' lang='grc' dir='ltr'>Θεοῦ</span> <span class='ocrx_word' id='word_1_560' title='bbox 3541 551 3910 621; x_wconf 84' lang='grc' dir='ltr'>μεριμνῶσαν,</span> 
     </span>
    </p>
   </div>
   <div class='ocr_carea' id='block_1_71' title="bbox 2250 632 3910 711">
    <p class='ocr_par' dir='ltr' id='par_1_71' title="bbox 2250 632 3910 711">
     <span class='ocr_line' id='line_1_71' title="bbox 2250 632 3910 711; baseline 0.005 -27"><span class='ocrx_word' id='word_1_561' title='bbox 2250 632 2344 684; x_wconf 78' lang='grc' dir='ltr'>καὶ</span> <span class='ocrx_word' id='word_1_562' title='bbox 2357 632 2622 701; x_wconf 84' lang='grc' dir='ltr'>διηνεκῶς</span> <span class='ocrx_word' id='word_1_563' title='bbox 2651 635 2835 688; x_wconf 85' lang='grc' dir='ltr'>ἐκεῖνα</span> <span class='ocrx_word' id='word_1_564' title='bbox 2852 635 3283 706; x_wconf 82' lang='grc' dir='ltr'>φανταζομένην,</span> <span class='ocrx_word' id='word_1_565' title='bbox 3302 636 3396 689; x_wconf 82' lang='grc' dir='ltr'>καὶ</span> <span class='ocrx_word' id='word_1_566' title='bbox 3418 636 3590 691; x_wconf 88' lang='grc' dir='ltr'>ταῦτα</span> <span class='ocrx_word' id='word_1_567' title='bbox 3620 639 3910 711; x_wconf 73' lang='grc' dir='ltr'>περιπρέο</span> 
     </span>
    </p>
   </div>
   <div class='ocr_carea' id='block_1_72' title="bbox 2250 718 3910 797">
    <p class='ocr_par' dir='ltr' id='par_1_72' title="bbox 2250 718 3910 797">
     <span class='ocr_line' id='line_1_72' title="bbox 2250 718 3910 797; baseline 0.006 -27"><span class='ocrx_word' id='word_1_568' title='bbox 2250 735 2476 787; x_wconf 83' lang='grc' dir='ltr'>φουσαν,</span> <span class='ocrx_word' id='word_1_569' title='bbox 2504 718 2625 772; x_wconf 80' lang='grc' dir='ltr'>οὐδὲ</span> <span class='ocrx_word' id='word_1_570' title='bbox 2651 721 3013 792; x_wconf 86' lang='grc' dir='ltr'>προσεγγίσαι</span> <span class='ocrx_word' id='word_1_571' title='bbox 3030 721 3224 792; x_wconf 83' lang='grc' dir='ltr'>τολμᾷ,</span> <span class='ocrx_word' id='word_1_572' title='bbox 3250 722 3387 776; x_wconf 87' lang='grc' dir='ltr'>ἀλλά</span> <span class='ocrx_word' id='word_1_573' title='bbox 3402 723 3610 794; x_wconf 87' lang='grc' dir='ltr'>ταχέως</span> <span class='ocrx_word' id='word_1_574' title='bbox 3635 726 3910 797; x_wconf 75' lang='grc' dir='ltr'>ἀποπηδᾷ,</span> 
     </span>
    </p>
   </div>
   <div class='ocr_carea' id='block_1_73' title="bbox 2249 803 3912 881">
    <p class='ocr_par' dir='ltr' id='par_1_73' title="bbox 2249 803 3912 881">
     <span class='ocr_line' id='line_1_73' title="bbox 2249 803 3912 881; baseline 0.005 -25"><span class='ocrx_word' id='word_1_575' title='bbox 2249 803 2503 875; x_wconf 89' lang='grc' dir='ltr'>καθάπερ</span> <span class='ocrx_word' id='word_1_576' title='bbox 2544 805 2653 858; x_wconf 86' lang='grc' dir='ltr'>ἀπὸ</span> <span class='ocrx_word' id='word_1_577' title='bbox 2700 808 2871 876; x_wconf 87' lang='grc' dir='ltr'>πυρός</span> <span class='ocrx_word' id='word_1_578' title='bbox 2899 806 2928 846; x_wconf 80' lang='lat' dir='ltr'><strong>d</strong></span> <span class='ocrx_word' id='word_1_579' title='bbox 2960 823 3125 871; x_wconf 90' lang='grc' dir='ltr'>τινος,</span> <span class='ocrx_word' id='word_1_580' title='bbox 3175 807 3280 862; x_wconf 80' lang='grc' dir='ltr'>ὑπὸ</span> <span class='ocrx_word' id='word_1_581' title='bbox 3313 808 3413 878; x_wconf 90' lang='grc' dir='ltr'>τῆς</span> <span class='ocrx_word' id='word_1_582' title='bbox 3458 808 3551 862; x_wconf 88' lang='grc' dir='ltr'>τοῦ</span> <span class='ocrx_word' id='word_1_583' title='bbox 3598 810 3912 881; x_wconf 84' lang='grc' dir='ltr'>Πνεύματος</span> 
     </span>
    </p>
   </div>
   <div class='ocr_carea' id='block_1_74' title="bbox 2247 890 3911 967">
    <p class='ocr_par' dir='ltr' id='par_1_74' title="bbox 2247 890 3911 967">
     <span class='ocr_line' id='line_1_74' title="bbox 2247 890 3911 967; baseline 0.005 -26"><span class='ocrx_word' id='word_1_584' title='bbox 2247 891 2530 960; x_wconf 84' lang='grc' dir='ltr'>ἐνεργείας</span> <span class='ocrx_word' id='word_1_585' title='bbox 2563 892 3014 963; x_wconf 87' lang='grc' dir='ltr'>φυγαδευόμενος.</span> <span class='ocrx_word' id='word_1_586' title='bbox 3048 895 3145 947; x_wconf 81' lang='grc' dir='ltr'>”ιν“</span> <span class='ocrx_word' id='word_1_587' title='bbox 3163 890 3257 947; x_wconf 77' lang='grc' dir='ltr'>οὖν</span> <span class='ocrx_word' id='word_1_588' title='bbox 3284 895 3380 948; x_wconf 74' lang='grc' dir='ltr'>καὶ</span> <span class='ocrx_word' id='word_1_589' title='bbox 3404 895 3558 950; x_wconf 78' lang='grc' dir='ltr'>αὐτοὶ</span> <span class='ocrx_word' id='word_1_590' title='bbox 3583 896 3653 950; x_wconf 88' lang='grc' dir='ltr'>τά</span> <span class='ocrx_word' id='word_1_591' title='bbox 3682 898 3911 967; x_wconf 84' lang='grc' dir='ltr'>μέγιστα</span> 
     </span>
    </p>
   </div>
   <div class='ocr_carea' id='block_1_75' title="bbox 2248 975 3911 1053">
    <p class='ocr_par' dir='ltr' id='par_1_75' title="bbox 2248 975 3911 1053">
     <span class='ocr_line' id='line_1_75' title="bbox 2248 975 3911 1053; baseline 0.005 -26"><span class='ocrx_word' id='word_1_592' title='bbox 2248 990 2310 1027; x_wconf 91' lang='grc' dir='ltr'>κε</span> <span class='ocrx_word' id='word_1_593' title='bbox 2317 975 2645 1046; x_wconf 89' lang='grc' dir='ltr'>ρδαίνωμεν,</span> <span class='ocrx_word' id='word_1_594' title='bbox 2668 979 2925 1032; x_wconf 88' lang='grc' dir='ltr'>κάκείνου</span> <span class='ocrx_word' id='word_1_595' title='bbox 2943 980 3325 1050; x_wconf 83' lang='grc' dir='ltr'>περιγενέσθαι</span> <span class='ocrx_word' id='word_1_596' title='bbox 3340 980 3679 1052; x_wconf 80' lang='grc' dir='ltr'>δυνηθῶμεν,</span> <span class='ocrx_word' id='word_1_597' title='bbox 3699 983 3793 1036; x_wconf 76' lang='grc' dir='ltr'>καὶ</span> <span class='ocrx_word' id='word_1_598' title='bbox 3814 984 3911 1053; x_wconf 77' lang='grc' dir='ltr'>τὴν</span> 
     </span>
    </p>
   </div>
   <div class='ocr_carea' id='block_1_76' title="bbox 2249 1062 3911 1139">
    <p class='ocr_par' dir='ltr' id='par_1_76' title="bbox 2249 1062 3911 1139">
     <span class='ocr_line' id='line_1_76' title="bbox 2249 1062 3911 1139; baseline 0.005 -24"><span class='ocrx_word' id='word_1_599' title='bbox 2249 1062 2401 1133; x_wconf 84' lang='grc' dir='ltr'>παρά</span> <span class='ocrx_word' id='word_1_600' title='bbox 2426 1064 2521 1118; x_wconf 81' lang='grc' dir='ltr'>τοῦ</span> <span class='ocrx_word' id='word_1_601' title='bbox 2551 1064 2686 1117; x_wconf 86' lang='grc' dir='ltr'>Θεοῦ</span> <span class='ocrx_word' id='word_1_602' title='bbox 2716 1067 2890 1138; x_wconf 78' lang='grc' dir='ltr'>ῥοπήν</span> <span class='ocrx_word' id='word_1_603' title='bbox 2933 1066 3191 1136; x_wconf 75' lang='grc' dir='ltr'>μειζόνως</span> <span class='ocrx_word' id='word_1_604' title='bbox 3218 1066 3669 1139; x_wconf 83' lang='grc' dir='ltr'>ἐπισπασώμεθα,</span> <span class='ocrx_word' id='word_1_605' title='bbox 3697 1071 3754 1125; x_wconf 83' lang='grc' dir='ltr'>ἐν</span> <span class='ocrx_word' id='word_1_606' title='bbox 3789 1071 3911 1123; x_wconf 83' lang='grc' dir='ltr'>τού-</span> 
     </span>
    </p>
   </div>
   <div class='ocr_carea' id='block_1_77' title="bbox 2246 1150 3911 1226">
    <p class='ocr_par' dir='ltr' id='par_1_77' title="bbox 2246 1150 3911 1226">
     <span class='ocr_line' id='line_1_77' title="bbox 2246 1150 3911 1226; baseline 0.005 -23"><span class='ocrx_word' id='word_1_607' title='bbox 2246 1166 2358 1214; x_wconf 92' lang='grc' dir='ltr'>τοις</span> <span class='ocrx_word' id='word_1_608' title='bbox 2388 1150 2708 1224; x_wconf 86' lang='grc' dir='ltr'>ἀσχολῶμεν</span> <span class='ocrx_word' id='word_1_609' title='bbox 2737 1153 2895 1224; x_wconf 86' lang='grc' dir='ltr'>ἡμῶν</span> <span class='ocrx_word' id='word_1_610' title='bbox 2914 1154 3016 1225; x_wconf 78' lang='grc' dir='ltr'>τὴν</span> <span class='ocrx_word' id='word_1_611' title='bbox 3039 1153 3296 1211; x_wconf 89' lang='grc' dir='ltr'>διάνοιαν.</span> <span class='ocrx_word' id='word_1_612' title='bbox 3330 1154 3487 1209; x_wconf 83' lang='grc' dir='ltr'>Οὑτω</span> <span class='ocrx_word' id='word_1_613' title='bbox 3517 1154 3627 1225; x_wconf 85' lang='grc' dir='ltr'>γὰρ</span> <span class='ocrx_word' id='word_1_614' title='bbox 3652 1158 3784 1226; x_wconf 87' lang='grc' dir='ltr'>ἡμῖν</span> <span class='ocrx_word' id='word_1_615' title='bbox 3818 1160 3911 1212; x_wconf 81' lang='grc' dir='ltr'>καὶ</span> 
     </span>
    </p>
   </div>
   <div class='ocr_carea' id='block_1_78' title="bbox 2243 1237 3911 1313">
    <p class='ocr_par' dir='ltr' id='par_1_78' title="bbox 2243 1237 3911 1313">
     <span class='ocr_line' id='line_1_78' title="bbox 2243 1237 3911 1313; baseline 0.005 -23"><span class='ocrx_word' id='word_1_616' title='bbox 2243 1237 2314 1292; x_wconf 83' lang='grc' dir='ltr'>τὰ</span> <span class='ocrx_word' id='word_1_617' title='bbox 2349 1239 2408 1292; x_wconf 89' lang='grc' dir='ltr'>ἐν</span> <span class='ocrx_word' id='word_1_618' title='bbox 2450 1240 2609 1311; x_wconf 76' lang='grc' dir='ltr'>χερσὶ</span> <span class='ocrx_word' id='word_1_619' title='bbox 2637 1239 2815 1294; x_wconf 90' lang='grc' dir='ltr'>πάντα</span> <span class='ocrx_word' id='word_1_620' title='bbox 2858 1241 3406 1313; x_wconf 77' lang='grc' dir='ltr'>ἐξευμαρισθήσεται,</span> <span class='ocrx_word' id='word_1_621' title='bbox 3447 1244 3542 1296; x_wconf 76' lang='grc' dir='ltr'>καὶ</span> <span class='ocrx_word' id='word_1_622' title='bbox 3573 1244 3643 1298; x_wconf 91' lang='grc' dir='ltr'>τά</span> <span class='ocrx_word' id='word_1_623' title='bbox 3676 1244 3911 1299; x_wconf 84' lang='grc' dir='ltr'>δύσκολα</span> 
     </span>
    </p>
   </div>
   <div class='ocr_carea' id='block_1_79' title="bbox 2244 1325 3908 1407">
    <p class='ocr_par' dir='ltr' id='par_1_79' title="bbox 2244 1325 3908 1407">
     <span class='ocr_line' id='line_1_79' title="bbox 2244 1325 3908 1407; baseline 0.007 -28"><span class='ocrx_word' id='word_1_624' title='bbox 2244 1325 2441 1381; x_wconf 81' lang='grc' dir='ltr'>εὔκολα</span> <span class='ocrx_word' id='word_1_625' title='bbox 2478 1330 2785 1400; x_wconf 90' lang='grc' dir='ltr'>γενήσεται,</span> <span class='ocrx_word' id='word_1_626' title='bbox 2821 1330 2917 1383; x_wconf 77' lang='grc' dir='ltr'>καὶ</span> <span class='ocrx_word' id='word_1_627' title='bbox 2951 1329 3020 1382; x_wconf 89' lang='grc' dir='ltr'>τά</span> <span class='ocrx_word' id='word_1_628' title='bbox 3045 1329 3305 1384; x_wconf 89' lang='grc' dir='ltr'>δοκοῦντα</span> <span class='ocrx_word' id='word_1_629' title='bbox 3337 1326 3477 1385; x_wconf 83' lang='grc' dir='ltr'>εἶναι</span> <span class='ocrx_word' id='word_1_630' title='bbox 3518 1330 3739 1404; x_wconf 87' lang='grc' dir='ltr'>λυπηρά</span> <span class='ocrx_word' id='word_1_631' title='bbox 3771 1353 3908 1407; x_wconf 87' lang='grc' dir='ltr'>χρη-</span> 
     </span>
    </p>
   </div>
   <div class='ocr_carea' id='block_1_80' title="bbox 2245 1414 3912 1491">
    <p class='ocr_par' dir='ltr' id='par_1_80' title="bbox 2245 1414 3912 1491">
     <span class='ocr_line' id='line_1_80' title="bbox 2245 1414 3912 1491; baseline 0.005 -24"><span class='ocrx_word' id='word_1_632' title='bbox 2245 1414 2369 1468; x_wconf 72' lang='grc' dir='ltr'>στὸν</span> <span class='ocrx_word' id='word_1_633' title='bbox 2394 1414 2623 1487; x_wconf 76' lang='grc' dir='ltr'>λήψεται</span> <span class='ocrx_word' id='word_1_634' title='bbox 2653 1416 2825 1480; x_wconf 86' lang='grc' dir='ltr'>τέλος.</span> <span class='ocrx_word' id='word_1_635' title='bbox 2858 1416 2955 1470; x_wconf 76' lang='grc' dir='ltr'>καὶ</span> <span class='ocrx_word' id='word_1_636' title='bbox 2989 1417 3142 1471; x_wconf 82' lang='grc' dir='ltr'>οὐδὲν</span> <span class='ocrx_word' id='word_1_637' title='bbox 3172 1418 3317 1488; x_wconf 74' lang='grc' dir='ltr'>ἡμᾶς</span> <span class='ocrx_word' id='word_1_638' title='bbox 3360 1418 3469 1472; x_wconf 85' lang='grc' dir='ltr'>τῶν</span> <span class='ocrx_word' id='word_1_639' title='bbox 3498 1419 3777 1491; x_wconf 82' lang='grc' dir='ltr'>παρόντων</span> <span class='ocrx_word' id='word_1_640' title='bbox 3816 1422 3912 1476; x_wconf 74' lang='grc' dir='ltr'>λυο</span> 
     </span>
    </p>
   </div>
   <div class='ocr_carea' id='block_1_81' title="bbox 2245 1502 3910 1580">
    <p class='ocr_par' dir='ltr' id='par_1_81' title="bbox 2245 1502 3910 1580">
     <span class='ocr_line' id='line_1_81' title="bbox 2245 1502 3910 1580; baseline 0.005 -26"><span class='ocrx_word' id='word_1_641' title='bbox 2245 1502 2418 1573; x_wconf 86' lang='grc' dir='ltr'>πῆσαι</span> <span class='ocrx_word' id='word_1_642' title='bbox 2447 1503 2757 1575; x_wconf 88' lang='grc' dir='ltr'>δυνήσεται.</span> <span class='ocrx_word' id='word_1_643' title='bbox 2804 1503 2930 1557; x_wconf 83' lang='grc' dir='ltr'>Ἑάν</span> <span class='ocrx_word' id='word_1_644' title='bbox 2969 1505 3077 1576; x_wconf 87' lang='grc' dir='ltr'>γάρ</span> <span class='ocrx_word' id='word_1_645' title='bbox 3115 1506 3183 1560; x_wconf 73' lang='grc' dir='ltr'>τὰ</span> <span class='ocrx_word' id='word_1_646' title='bbox 3211 1504 3304 1558; x_wconf 89' lang='grc' dir='ltr'>τοῦ</span> <span class='ocrx_word' id='word_1_647' title='bbox 3347 1505 3484 1559; x_wconf 87' lang='grc' dir='ltr'>Θεοῦ</span> <span class='ocrx_word' id='word_1_648' title='bbox 3531 1508 3910 1580; x_wconf 83' lang='grc' dir='ltr'>μεριμνῶμεν,</span> 
     </span>
    </p>
   </div>
   <div class='ocr_carea' id='block_1_82' title="bbox 2241 1590 3911 1666">
    <p class='ocr_par' dir='ltr' id='par_1_82' title="bbox 2241 1590 3911 1666">
     <span class='ocr_line' id='line_1_82' title="bbox 2241 1590 3911 1666; baseline 0.004 -23"><span class='ocrx_word' id='word_1_649' title='bbox 2241 1590 2311 1643; x_wconf 79' lang='grc' dir='ltr'>τὰ</span> <span class='ocrx_word' id='word_1_650' title='bbox 2336 1590 2580 1662; x_wconf 86' lang='grc' dir='ltr'>ἡμέτερα</span> <span class='ocrx_word' id='word_1_651' title='bbox 2624 1591 2787 1655; x_wconf 83' lang='grc' dir='ltr'>αὐτὸς</span> <span class='ocrx_word' id='word_1_652' title='bbox 2817 1594 3164 1663; x_wconf 87' lang='grc' dir='ltr'>μεριμνήσει,</span> <span class='ocrx_word' id='word_1_653' title='bbox 3197 1594 3290 1646; x_wconf 73' lang='grc' dir='ltr'>καὶ</span> <span class='ocrx_word' id='word_1_654' title='bbox 3332 1593 3472 1665; x_wconf 82' lang='grc' dir='ltr'>μετὰ</span> <span class='ocrx_word' id='word_1_655' title='bbox 3494 1593 3694 1666; x_wconf 86' lang='grc' dir='ltr'>πολλῆς</span> <span class='ocrx_word' id='word_1_656' title='bbox 3727 1596 3911 1660; x_wconf 78' lang='grc' dir='ltr'>ἀδείας</span> 
     </span>
    </p>
   </div>
   <div class='ocr_carea' id='block_1_83' title="bbox 2241 1677 3911 1751">
    <p class='ocr_par' dir='ltr' id='par_1_83' title="bbox 2241 1677 3911 1751">
     <span class='ocr_line' id='line_1_83' title="bbox 2241 1677 3911 1751; baseline 0.005 -22"><span class='ocrx_word' id='word_1_657' title='bbox 2241 1678 2304 1729; x_wconf 85' lang='grc' dir='ltr'>τὸ</span> <span class='ocrx_word' id='word_1_658' title='bbox 2336 1679 2570 1746; x_wconf 87' lang='grc' dir='ltr'>πέλαγος</span> <span class='ocrx_word' id='word_1_659' title='bbox 2605 1677 2697 1731; x_wconf 90' lang='grc' dir='ltr'>τοῦ</span> <span class='ocrx_word' id='word_1_660' title='bbox 2739 1678 3007 1750; x_wconf 90' lang='grc' dir='ltr'>παρόντος</span> <span class='ocrx_word' id='word_1_661' title='bbox 3042 1677 3161 1749; x_wconf 83' lang='grc' dir='ltr'>βίου</span> <span class='ocrx_word' id='word_1_662' title='bbox 3194 1679 3623 1751; x_wconf 87' lang='grc' dir='ltr'>διαπλεύσομεν,</span> <span class='ocrx_word' id='word_1_663' title='bbox 3669 1684 3764 1736; x_wconf 84' lang='grc' dir='ltr'>καὶ</span> <span class='ocrx_word' id='word_1_664' title='bbox 3803 1685 3911 1737; x_wconf 76' lang='grc' dir='ltr'>ὑπὸ</span> 
     </span>
    </p>
   </div>
   <div class='ocr_carea' id='block_1_84' title="bbox 2241 1764 3904 1841">
    <p class='ocr_par' dir='ltr' id='par_1_84' title="bbox 2241 1764 3904 1841">
     <span class='ocr_line' id='line_1_84' title="bbox 2241 1764 3904 1841; baseline 0.005 -24"><span class='ocrx_word' id='word_1_665' title='bbox 2241 1764 2335 1818; x_wconf 89' lang='grc' dir='ltr'>τοῦ</span> <span class='ocrx_word' id='word_1_666' title='bbox 2368 1765 2605 1833; x_wconf 80' lang='grc' dir='ltr'>μεγάλου</span> <span class='ocrx_word' id='word_1_667' title='bbox 2631 1764 2964 1837; x_wconf 88' lang='grc' dir='ltr'>κυϐερνήτου</span> <span class='ocrx_word' id='word_1_668' title='bbox 2987 1765 3079 1818; x_wconf 85' lang='grc' dir='ltr'>τοῦ</span> <span class='ocrx_word' id='word_1_669' title='bbox 3098 1767 3192 1819; x_wconf 79' lang='grc' dir='ltr'>ἐπὶ</span> <span class='ocrx_word' id='word_1_670' title='bbox 3218 1767 3432 1821; x_wconf 86' lang='grc' dir='ltr'>πάντων</span> <span class='ocrx_word' id='word_1_671' title='bbox 3452 1767 3589 1821; x_wconf 84' lang='grc' dir='ltr'>Θεοῦ</span> <span class='ocrx_word' id='word_1_672' title='bbox 3610 1769 3904 1841; x_wconf 82' lang='grc' dir='ltr'>ὁδηγούμε-</span> 
     </span>
    </p>
   </div>
   <div class='ocr_carea' id='block_1_85' title="bbox 2242 1852 3905 1930">
    <p class='ocr_par' dir='ltr' id='par_1_85' title="bbox 2242 1852 3905 1930">
     <span class='ocr_line' id='line_1_85' title="bbox 2242 1852 3905 1930; baseline 0.004 -24"><span class='ocrx_word' id='word_1_673' title='bbox 2242 1868 2344 1915; x_wconf 78' lang='grc' dir='ltr'>νοι,</span> <span class='ocrx_word' id='word_1_674' title='bbox 2379 1854 2793 1923; x_wconf 87' lang='grc' dir='ltr'>καταντήσομεν</span> <span class='ocrx_word' id='word_1_675' title='bbox 2830 1854 2906 1916; x_wconf 86' lang='grc' dir='ltr'>εἰς</span> <span class='ocrx_word' id='word_1_676' title='bbox 2927 1853 3020 1906; x_wconf 73' lang='grc' dir='ltr'>τὸν</span> <span class='ocrx_word' id='word_1_677' title='bbox 3043 1852 3236 1924; x_wconf 83' lang='grc' dir='ltr'>λιμένα</span> <span class='ocrx_word' id='word_1_678' title='bbox 3261 1855 3360 1925; x_wconf 89' lang='grc' dir='ltr'>τῆς</span> <span class='ocrx_word' id='word_1_679' title='bbox 3386 1856 3578 1908; x_wconf 89' lang='grc' dir='ltr'>τούτου</span> <span class='ocrx_word' id='word_1_680' title='bbox 3601 1856 3905 1930; x_wconf 83' lang='grc' dir='ltr'>φιλανθρω-</span> 
     </span>
    </p>
   </div>
   <div class='ocr_carea' id='block_1_86' title="bbox 2243 1933 3908 2015">
    <p class='ocr_par' dir='ltr' id='par_1_86' title="bbox 2243 1933 3908 2015">
     <span class='ocr_line' id='line_1_86' title="bbox 2243 1933 3908 2015; baseline 0.006 -24"><span class='ocrx_word' id='word_1_681' title='bbox 2243 1939 2392 2005; x_wconf 89' lang='grc' dir='ltr'>πίας,</span> <span class='ocrx_word' id='word_1_682' title='bbox 2419 1933 2464 2008; x_wconf 79' lang='grc' dir='ltr'>ᾧ</span> <span class='ocrx_word' id='word_1_683' title='bbox 2488 1943 2521 2010; x_wconf 88' lang='grc' dir='ltr'>ἡ</span> <span class='ocrx_word' id='word_1_684' title='bbox 2543 1940 2672 2005; x_wconf 80' lang='grc' dir='ltr'>δόξα</span> <span class='ocrx_word' id='word_1_685' title='bbox 2695 1952 2719 1981; x_wconf 75' lang='grc' dir='ltr'><strong><em>ο</em></strong></span> <span class='ocrx_word' id='word_1_686' title='bbox 2749 1940 2845 1995; x_wconf 58' lang='grc' dir='ltr'>καί⁵</span> <span class='ocrx_word' id='word_1_687' title='bbox 2869 1941 2930 1994; x_wconf 83' lang='grc' dir='ltr'>τὸ</span> <span class='ocrx_word' id='word_1_688' title='bbox 2955 1941 3176 2015; x_wconf 84' lang='grc' dir='ltr'>κράτος,</span> <span class='ocrx_word' id='word_1_689' title='bbox 3194 1941 3289 1997; x_wconf 89' lang='grc' dir='ltr'>νῦν</span> <span class='ocrx_word' id='word_1_690' title='bbox 3316 1943 3410 1996; x_wconf 74' lang='grc' dir='ltr'>καὶ</span> <span class='ocrx_word' id='word_1_691' title='bbox 3427 1943 3536 2008; x_wconf 74' lang='grc' dir='ltr'>ἀεὶ,</span> <span class='ocrx_word' id='word_1_692' title='bbox 3560 1944 3656 1999; x_wconf 74' lang='grc' dir='ltr'>καὶ</span> <span class='ocrx_word' id='word_1_693' title='bbox 3678 1947 3758 2010; x_wconf 87' lang='grc' dir='ltr'>είς</span> <span class='ocrx_word' id='word_1_694' title='bbox 3778 1948 3908 2011; x_wconf 85' lang='grc' dir='ltr'>τούς</span> 
     </span>
    </p>
   </div>
   <div class='ocr_carea' id='block_1_87' title="bbox 2241 2027 3497 2102">
    <p class='ocr_par' dir='ltr' id='par_1_87' title="bbox 2241 2027 3497 2102">
     <span class='ocr_line' id='line_1_87' title="bbox 2241 2027 3497 2102; baseline 0.003 -22"><span class='ocrx_word' id='word_1_695' title='bbox 2241 2027 2631 2099; x_wconf 83' lang='grc' dir='ltr'>ἀτελευτήτους</span> <span class='ocrx_word' id='word_1_696' title='bbox 2657 2029 2858 2093; x_wconf 85' lang='grc' dir='ltr'>αἰῶνας</span> <span class='ocrx_word' id='word_1_697' title='bbox 2891 2029 2999 2083; x_wconf 84' lang='grc' dir='ltr'>τῶν</span> <span class='ocrx_word' id='word_1_698' title='bbox 3030 2028 3261 2084; x_wconf 79' lang='grc' dir='ltr'>αἰώνων.</span> <span class='ocrx_word' id='word_1_699' title='bbox 3304 2031 3497 2102; x_wconf 81' lang='grc' dir='ltr'>Ἀμήν.</span> 
     </span>
    </p>
   </div>
   <div class='ocr_carea' id='block_1_88' title="bbox 2876 2114 3256 2172">
    <p class='ocr_par' dir='ltr' id='par_1_88' title="bbox 2876 2114 3256 2172">
     <span class='ocr_line' id='line_1_88' title="bbox 2876 2114 3256 2172; baseline 0.008 -4"><span class='ocrx_word' id='word_1_700' title='bbox 2876 2114 3112 2169; x_wconf 81' lang='lat' dir='ltr'>UMIAIA</span> <span class='ocrx_word' id='word_1_701' title='bbox 3153 2117 3256 2172; x_wconf 85' lang='lat' dir='ltr'>lE&#39;.</span> 
     </span>
    </p>
   </div>
   <div class='ocr_carea' id='block_1_89' title="bbox 2247 2198 3907 2274">
    <p class='ocr_par' dir='ltr' id='par_1_89' title="bbox 2247 2198 3907 2274">
     <span class='ocr_line' id='line_1_89' title="bbox 2247 2198 3907 2274; baseline 0.005 -22"><span class='ocrx_word' id='word_1_702' title='bbox 2247 2198 2337 2274; x_wconf 65' lang='grc' dir='ltr'>Τῷ</span> <span class='ocrx_word' id='word_1_703' title='bbox 2359 2198 2653 2274; x_wconf 26' lang='grc' dir='ltr'>δέᾼἈδὰμ</span> <span class='ocrx_word' id='word_1_704' title='bbox 2685 2204 2798 2271; x_wconf 84' lang='grc' dir='ltr'>οὐχ</span> <span class='ocrx_word' id='word_1_705' title='bbox 2826 2202 3036 2274; x_wconf 77' lang='grc' dir='ltr'>εὑρέθη</span> <span class='ocrx_word' id='word_1_706' title='bbox 3067 2203 3295 2271; x_wconf 79' lang='grc' dir='ltr'>,ϐοηθὸς</span> <span class='ocrx_word' id='word_1_707' title='bbox 3335 2203 3537 2274; x_wconf 78' lang='grc' dir='ltr'>ὅμοιος</span> <span class='ocrx_word' id='word_1_708' title='bbox 3564 2205 3744 2273; x_wconf 83' lang='grc' dir='ltr'>αὐτῷ.</span> <span class='ocrx_word' id='word_1_709' title='bbox 3791 2209 3907 2262; x_wconf 75' lang='lat' dir='ltr'><strong><em>Kal</em></strong></span> 
     </span>
    </p>
   </div>
   <div class='ocr_carea' id='block_1_90' title="bbox 2311 2269 3899 2346">
    <p class='ocr_par' dir='ltr' id='par_1_90' title="bbox 2311 2269 3899 2346">
     <span class='ocr_line' id='line_1_90' title="bbox 2311 2269 3899 2346; baseline 0.005 -23"><span class='ocrx_word' id='word_1_710' title='bbox 2311 2269 2624 2346; x_wconf 46' lang='grc' dir='ltr'>έπέϐαλενί</span> <span class='ocrx_word' id='word_1_711' title='bbox 2657 2274 2708 2346; x_wconf 88' lang='lat' dir='ltr'>o&#39;_</span> <span class='ocrx_word' id='word_1_712' title='bbox 2739 2269 3203 2346; x_wconf 22' lang='grc' dir='ltr'>ῥεὸςᾲὲκᾷτασιῂ</span> <span class='ocrx_word' id='word_1_713' title='bbox 3245 2269 3524 2346; x_wconf 56' lang='grc' dir='ltr'>ἐπΓτὸνί</span> <span class='ocrx_word' id='word_1_714' title='bbox 3566 2269 3760 2346; x_wconf 59' lang='grc' dir='ltr'>Ἀδὰμ,</span> <span class='ocrx_word' id='word_1_715' title='bbox 3800 2280 3899 2331; x_wconf 78' lang='grc' dir='ltr'>καὶ</span> 
     </span>
    </p>
   </div>
   <div class='ocr_carea' id='block_1_91' title="bbox 2312 2340 3907 2416">
    <p class='ocr_par' dir='ltr' id='par_1_91' title="bbox 2312 2340 3907 2416">
     <span class='ocr_line' id='line_1_91' title="bbox 2312 2340 3907 2416; baseline 0.006 -24"><span class='ocrx_word' id='word_1_716' title='bbox 2312 2340 2576 2416; x_wconf 55' lang='lat' dir='ltr'>{jar-mag.</span> <span class='ocrx_word' id='word_1_717' title='bbox 2605 2342 2714 2395; x_wconf 75' lang='lat' dir='ltr'><strong><em>Kal</em></strong></span> <span class='ocrx_word' id='word_1_718' title='bbox 2744 2343 2923 2416; x_wconf 75' lang='grc' dir='ltr'>ἐλᾳὸε</span> <span class='ocrx_word' id='word_1_719' title='bbox 2944 2341 3238 2416; x_wconf 15' lang='grc' dir='ltr'>μζανᾲτῶν</span> <span class='ocrx_word' id='word_1_720' title='bbox 3274 2344 3551 2416; x_wconf 56' lang='grc' dir='ltr'>,πλευρῶν</span> <span class='ocrx_word' id='word_1_721' title='bbox 3573 2340 3778 2416; x_wconf 66' lang='grc' dir='ltr'>αὑτοῦ,</span> <span class='ocrx_word' id='word_1_722' title='bbox 3799 2348 3907 2402; x_wconf 75' lang='grc' dir='ltr'>καῖ’</span> 
     </span>
    </p>
   </div>
   <div class='ocr_carea' id='block_1_92' title="bbox 2310 2409 3904 2484">
    <p class='ocr_par' dir='ltr' id='par_1_92' title="bbox 2310 2409 3904 2484">
     <span class='ocr_line' id='line_1_92' title="bbox 2310 2409 3904 2484; baseline 0.006 -22"><span class='ocrx_word' id='word_1_723' title='bbox 2310 2409 2727 2484; x_wconf 13' lang='grc' dir='ltr'>ᾀκεπλήρωσεξ</span> <span class='ocrx_word' id='word_1_724' title='bbox 2750 2409 2958 2484; x_wconf 65' lang='grc' dir='ltr'>σάρκα⁷</span> <span class='ocrx_word' id='word_1_725' title='bbox 2983 2412 3111 2465; x_wconf 79' lang='grc' dir='ltr'>ἀντ’</span> <span class='ocrx_word' id='word_1_726' title='bbox 3149 2411 3368 2484; x_wconf 63' lang='grc' dir='ltr'>αὐτῆς.</span> <span class='ocrx_word' id='word_1_727' title='bbox 3399 2409 3526 2484; x_wconf 13' lang='lat' dir='ltr'><strong><em>“Kal</em></strong></span> <span class='ocrx_word' id='word_1_728' title='bbox 3554 2409 3904 2484; x_wconf 78' lang='grc' dir='ltr'>ᾠκοδόμησε</span> 
     </span>
    </p>
   </div>
   <div class='ocr_carea' id='block_1_93' title="bbox 2310 2480 3905 2554">
    <p class='ocr_par' dir='ltr' id='par_1_93' title="bbox 2310 2480 3905 2554">
     <span class='ocr_line' id='line_1_93' title="bbox 2310 2480 3905 2554; baseline 0.006 -22"><span class='ocrx_word' id='word_1_729' title='bbox 2310 2481 2526 2554; x_wconf 65' lang='grc' dir='ltr'>Κύριος</span> <span class='ocrx_word' id='word_1_730' title='bbox 2550 2483 2601 2554; x_wconf 13' lang='grc' dir='ltr'>όξ</span> <span class='ocrx_word' id='word_1_731' title='bbox 2631 2482 2773 2548; x_wconf 76' lang='grc' dir='ltr'>Θεὸς</span> <span class='ocrx_word' id='word_1_732' title='bbox 2801 2480 2916 2554; x_wconf 74' lang='grc' dir='ltr'>τῂν</span> <span class='ocrx_word' id='word_1_733' title='bbox 2942 2480 3231 2550; x_wconf 70' lang='grc' dir='ltr'>πλειφὰν,</span> <span class='ocrx_word' id='word_1_734' title='bbox 3275 2485 3356 2554; x_wconf 77' lang='grc' dir='ltr'>ἢν</span> <span class='ocrx_word' id='word_1_735' title='bbox 3385 2480 3603 2538; x_wconf 66' lang='grc' dir='ltr'>ἔλαϐεν</span> <span class='ocrx_word' id='word_1_736' title='bbox 3641 2480 3760 2540; x_wconf 63' lang='grc' dir='ltr'>ἀατό</span> <span class='ocrx_word' id='word_1_737' title='bbox 3793 2480 3905 2542; x_wconf 72' lang='grc' dir='ltr'>τοῦ</span> 
     </span>
    </p>
   </div>
   <div class='ocr_carea' id='block_1_94' title="bbox 2324 2496 2948 2620">
    <p class='ocr_par' dir='ltr' id='par_1_94' title="bbox 2324 2496 2948 2620">
     <span class='ocr_line' id='line_1_94' title="bbox 2324 2496 2948 2602; baseline 0.003 -70"><span class='ocrx_word' id='word_1_738' title='bbox 2324 2496 2526 2602; x_wconf 55' lang='grc' dir='ltr'>μυὲιος</span> <span class='ocrx_word' id='word_1_739' title='bbox 2550 2496 2582 2533; x_wconf 93' lang='grc' dir='ltr'>ο</span> <span class='ocrx_word' id='word_1_740' title='bbox 2631 2496 2773 2548; x_wconf 68' lang='lat' dir='ltr'>vaec</span> <span class='ocrx_word' id='word_1_741' title='bbox 2801 2496 2916 2562; x_wconf 64' lang='grc' dir='ltr'>τῃν</span> <span class='ocrx_word' id='word_1_742' title='bbox 2942 2505 2948 2534; x_wconf 66' lang='grc' dir='ltr'><strong><em>ε</em></strong></span> 
     </span>
     <span class='ocr_line' id='line_1_95' title="bbox 2337 2548 2948 2620; baseline 0.008 -18"><span class='ocrx_word' id='word_1_743' title='bbox 2337 2553 2381 2602; x_wconf 87' lang='grc' dir='ltr'><strong><em>Α</em></strong></span> <span class='ocrx_word' id='word_1_744' title='bbox 2423 2548 2524 2619; x_wconf 82' lang='grc' dir='ltr'>ὰμ,</span> <span class='ocrx_word' id='word_1_745' title='bbox 2554 2552 2643 2616; x_wconf 78' lang='grc' dir='ltr'>είς</span> <span class='ocrx_word' id='word_1_746' title='bbox 2671 2568 2948 2620; x_wconf 58' lang='lat' dir='ltr'>rvi-ama.</span> 
     </span>
    </p>
   </div>
   <div class='ocr_carea' id='block_1_95' title="bbox 2307 2637 3902 2716">
    <p class='ocr_par' dir='ltr' id='par_1_95' title="bbox 2307 2637 3902 2716">
     <span class='ocr_line' id='line_1_96' title="bbox 2307 2637 3902 2716; baseline 0.004 -26"><span class='ocrx_word' id='word_1_747' title='bbox 2307 2643 2373 2691; x_wconf 85' lang='grc' dir='ltr'>α’.</span> <span class='ocrx_word' id='word_1_748' title='bbox 2396 2637 2602 2702; x_wconf 79' lang='grc' dir='ltr'>Πολλὰς</span> <span class='ocrx_word' id='word_1_749' title='bbox 2622 2638 2750 2708; x_wconf 83' lang='grc' dir='ltr'>ὑμῖν</span> <span class='ocrx_word' id='word_1_750' title='bbox 2769 2638 2879 2710; x_wconf 82' lang='grc' dir='ltr'>εχω</span> <span class='ocrx_word' id='word_1_751' title='bbox 2901 2641 3151 2711; x_wconf 84' lang='grc' dir='ltr'>χάριτας,</span> <span class='ocrx_word' id='word_1_752' title='bbox 3175 2640 3258 2695; x_wconf 84' lang='grc' dir='ltr'>ὅτι</span> <span class='ocrx_word' id='word_1_753' title='bbox 3280 2641 3419 2712; x_wconf 84' lang='grc' dir='ltr'>μετά</span> <span class='ocrx_word' id='word_1_754' title='bbox 3440 2641 3640 2714; x_wconf 86' lang='grc' dir='ltr'>πολλῆς</span> <span class='ocrx_word' id='word_1_755' title='bbox 3655 2643 3752 2715; x_wconf 85' lang='grc' dir='ltr'>τῆς</span> <span class='ocrx_word' id='word_1_756' title='bbox 3776 2660 3902 2716; x_wconf 86' lang='grc' dir='ltr'>προ-</span> 
     </span>
    </p>
   </div>
   <div class='ocr_carea' id='block_1_96' title="bbox 2240 2721 3902 2800">
    <p class='ocr_par' dir='ltr' id='par_1_96' title="bbox 2240 2721 3902 2800">
     <span class='ocr_line' id='line_1_97' title="bbox 2240 2721 3902 2800; baseline 0.004 -22"><span class='ocrx_word' id='word_1_757' title='bbox 2240 2721 2439 2794; x_wconf 89' lang='grc' dir='ltr'>θυμίας</span> <span class='ocrx_word' id='word_1_758' title='bbox 2466 2724 2593 2795; x_wconf 84' lang='grc' dir='ltr'>χθὲς</span> <span class='ocrx_word' id='word_1_759' title='bbox 2625 2721 2877 2790; x_wconf 80' lang='grc' dir='ltr'>ἐδέξασθε</span> <span class='ocrx_word' id='word_1_760' title='bbox 2922 2726 3023 2797; x_wconf 87' lang='grc' dir='ltr'>τὴν</span> <span class='ocrx_word' id='word_1_761' title='bbox 3056 2728 3186 2799; x_wconf 88' lang='grc' dir='ltr'>παρ’</span> <span class='ocrx_word' id='word_1_762' title='bbox 3223 2727 3380 2799; x_wconf 88' lang='grc' dir='ltr'>ἡμῶν</span> <span class='ocrx_word' id='word_1_763' title='bbox 3417 2728 3767 2800; x_wconf 86' lang='grc' dir='ltr'>παραίνεσιν,</span> <span class='ocrx_word' id='word_1_764' title='bbox 3802 2732 3902 2785; x_wconf 79' lang='grc' dir='ltr'>καὶ</span> 
     </span>
    </p>
   </div>
   <div class='ocr_carea' id='block_1_97' title="bbox 2240 2812 3897 2889">
    <p class='ocr_par' dir='ltr' id='par_1_97' title="bbox 2240 2812 3897 2889">
     <span class='ocr_line' id='line_1_98' title="bbox 2240 2812 3897 2889; baseline 0.004 -24"><span class='ocrx_word' id='word_1_765' title='bbox 2240 2813 2376 2884; x_wconf 83' lang='grc' dir='ltr'>πρὸς</span> <span class='ocrx_word' id='word_1_766' title='bbox 2395 2813 2456 2866; x_wconf 81' lang='grc' dir='ltr'>τὸ</span> <span class='ocrx_word' id='word_1_767' title='bbox 2477 2813 2648 2885; x_wconf 86' lang='grc' dir='ltr'>μῆκος</span> <span class='ocrx_word' id='word_1_768' title='bbox 2663 2812 2772 2866; x_wconf 85' lang='grc' dir='ltr'>τῶν</span> <span class='ocrx_word' id='word_1_769' title='bbox 2792 2813 3095 2885; x_wconf 87' lang='grc' dir='ltr'>εἰρημένων</span> <span class='ocrx_word' id='word_1_770' title='bbox 3109 2814 3170 2868; x_wconf 86' lang='grc' dir='ltr'>οὐ</span> <span class='ocrx_word' id='word_1_771' title='bbox 3196 2815 3353 2886; x_wconf 90' lang='grc' dir='ltr'>μόνον</span> <span class='ocrx_word' id='word_1_772' title='bbox 3373 2817 3473 2870; x_wconf 91' lang='grc' dir='ltr'>οὑκ</span> <span class='ocrx_word' id='word_1_773' title='bbox 3485 2817 3897 2889; x_wconf 81' lang='grc' dir='ltr'>ἐδυσχεράνατε,</span> 
     </span>
    </p>
   </div>
   <div class='ocr_carea' id='block_1_98' title="bbox 2238 2891 3900 2975">
    <p class='ocr_par' dir='ltr' id='par_1_98' title="bbox 2238 2891 3900 2975">
     <span class='ocr_line' id='line_1_99' title="bbox 2238 2891 3900 2975; baseline 0.002 -20"><span class='ocrx_word' id='word_1_774' title='bbox 2238 2901 2374 2955; x_wconf 85' lang='grc' dir='ltr'>ἀλλά</span> <span class='ocrx_word' id='word_1_775' title='bbox 2413 2902 2510 2955; x_wconf 72' lang='grc' dir='ltr'>καὶ</span> <span class='ocrx_word' id='word_1_776' title='bbox 2539 2900 2701 2973; x_wconf 88' lang='grc' dir='ltr'>μέχρι</span> <span class='ocrx_word' id='word_1_777' title='bbox 2731 2891 2829 2954; x_wconf 88' lang='grc' dir='ltr'>τοῦ</span> <span class='ocrx_word' id='word_1_778' title='bbox 2859 2901 3046 2966; x_wconf 88' lang='grc' dir='ltr'>τέλους</span> <span class='ocrx_word' id='word_1_779' title='bbox 3083 2901 3227 2956; x_wconf 80' lang='grc' dir='ltr'>οὕτω</span> <span class='ocrx_word' id='word_1_780' title='bbox 3260 2903 3792 2975; x_wconf 85' lang='grc' dir='ltr'>παρηκολουθὴσατε,</span> <span class='ocrx_word' id='word_1_781' title='bbox 3823 2906 3900 2970; x_wconf 85' lang='grc' dir='ltr'>ὡς</span> 
     </span>
    </p>
   </div>
   <div class='ocr_carea' id='block_1_99' title="bbox 2237 2989 3896 3063">
    <p class='ocr_par' dir='ltr' id='par_1_99' title="bbox 2237 2989 3896 3063">
     <span class='ocr_line' id='line_1_100' title="bbox 2237 2989 3896 3063; baseline 0.001 -19"><span class='ocrx_word' id='word_1_782' title='bbox 2237 2989 2554 3060; x_wconf 78' lang='grc' dir='ltr'>ἀκμάζοντα</span> <span class='ocrx_word' id='word_1_783' title='bbox 2586 2989 2714 3060; x_wconf 83' lang='grc' dir='ltr'>ὑμῖν</span> <span class='ocrx_word' id='word_1_784' title='bbox 2748 2991 3105 3060; x_wconf 85' lang='grc' dir='ltr'>ἐναπομεῖναι</span> <span class='ocrx_word' id='word_1_785' title='bbox 3124 2992 3217 3044; x_wconf 79' lang='grc' dir='ltr'>τὸν</span> <span class='ocrx_word' id='word_1_786' title='bbox 3239 2994 3340 3063; x_wconf 85' lang='grc' dir='ltr'>τῆς</span> <span class='ocrx_word' id='word_1_787' title='bbox 3362 2992 3676 3062; x_wconf 84' lang='grc' dir='ltr'>ἀκροάσεως</span> <span class='ocrx_word' id='word_1_788' title='bbox 3701 2993 3862 3047; x_wconf 80' lang='grc' dir='ltr'>πόθον</span> <span class='ocrx_word' id='word_1_789' title='bbox 3882 3011 3896 3026; x_wconf 78' lang='grc'><em>’</em></span> 
     </span>
    </p>
   </div>
   <div class='ocr_carea' id='block_1_100' title="bbox 2235 3075 3899 3153">
    <p class='ocr_par' dir='ltr' id='par_1_100' title="bbox 2235 3075 3899 3153">
     <span class='ocr_line' id='line_1_101' title="bbox 2235 3075 3899 3153; baseline 0.004 -23"><span class='ocrx_word' id='word_1_790' title='bbox 2235 3076 2359 3130; x_wconf 86' lang='grc' dir='ltr'>ὅθεν</span> <span class='ocrx_word' id='word_1_791' title='bbox 2393 3075 2489 3130; x_wconf 76' lang='grc' dir='ltr'>καί</span> <span class='ocrx_word' id='word_1_792' title='bbox 2517 3076 2760 3148; x_wconf 83' lang='grc' dir='ltr'>χρηστὰς</span> <span class='ocrx_word' id='word_1_793' title='bbox 2782 3078 2914 3147; x_wconf 86' lang='grc' dir='ltr'>ἡμῖν</span> <span class='ocrx_word' id='word_1_794' title='bbox 2944 3076 3046 3141; x_wconf 86' lang='grc' dir='ltr'>τὰς</span> <span class='ocrx_word' id='word_1_795' title='bbox 3085 3077 3307 3143; x_wconf 81' lang='grc' dir='ltr'>ἐλπίδας</span> <span class='ocrx_word' id='word_1_796' title='bbox 3347 3080 3680 3153; x_wconf 84' lang='grc' dir='ltr'>ὑπεφήνατε,</span> <span class='ocrx_word' id='word_1_797' title='bbox 3708 3082 3784 3146; x_wconf 83' lang='grc' dir='ltr'>ὡς</span> <span class='ocrx_word' id='word_1_798' title='bbox 3811 3082 3899 3138; x_wconf 71' lang='grc' dir='ltr'>διὰ</span> 
     </span>
    </p>
   </div>
   <div class='ocr_carea' id='block_1_101' title="bbox 2235 3163 3894 3240">
    <p class='ocr_par' dir='ltr' id='par_1_101' title="bbox 2235 3163 3894 3240">
     <span class='ocr_line' id='line_1_102' title="bbox 2235 3163 3894 3240; baseline 0.005 -24"><span class='ocrx_word' id='word_1_799' title='bbox 2235 3165 2343 3217; x_wconf 89' lang='grc' dir='ltr'>τῶν</span> <span class='ocrx_word' id='word_1_800' title='bbox 2384 3163 2559 3234; x_wconf 66' lang='grc' dir='ltr'>ἔργων</span> <span class='ocrx_word' id='word_1_801' title='bbox 2586 3163 2986 3236; x_wconf 76' lang='grc' dir='ltr'>έπιδειξάμενοι</span> <span class='ocrx_word' id='word_1_802' title='bbox 3015 3164 3084 3219; x_wconf 86' lang='grc' dir='ltr'>τὰ</span> <span class='ocrx_word' id='word_1_803' title='bbox 3115 3166 3217 3237; x_wconf 90' lang='grc' dir='ltr'>τῆς</span> <span class='ocrx_word' id='word_1_804' title='bbox 3266 3168 3534 3239; x_wconf 68' lang='grc' dir='ltr'>¹ιμετέρας</span> <span class='ocrx_word' id='word_1_805' title='bbox 3566 3168 3894 3240; x_wconf 86' lang='grc' dir='ltr'>συμϐουλῆς.</span> 
     </span>
    </p>
   </div>
   <div class='ocr_carea' id='block_1_102' title="bbox 2248 3249 3897 3328">
    <p class='ocr_par' dir='ltr' id='par_1_102' title="bbox 2248 3249 3897 3328">
     <span class='ocr_line' id='line_1_103' title="bbox 2248 3249 3897 3328; baseline 0.003 -23"><span class='ocrx_word' id='word_1_806' title='bbox 2248 3250 2306 3305; x_wconf 88' lang='lat'>&#39;0</span> <span class='ocrx_word' id='word_1_807' title='bbox 2331 3250 2439 3323; x_wconf 81' lang='grc' dir='ltr'>γὰρ</span> <span class='ocrx_word' id='word_1_808' title='bbox 2469 3249 2609 3321; x_wconf 89' lang='grc' dir='ltr'>μετά</span> <span class='ocrx_word' id='word_1_809' title='bbox 2634 3250 2901 3323; x_wconf 90' lang='grc' dir='ltr'>τοσαύτης</span> <span class='ocrx_word' id='word_1_810' title='bbox 2927 3250 3119 3324; x_wconf 81' lang='grc' dir='ltr'>ἡδονῆς</span> <span class='ocrx_word' id='word_1_811' title='bbox 3147 3252 3381 3317; x_wconf 88' lang='grc' dir='ltr'>ἀκούων,</span> <span class='ocrx_word' id='word_1_812' title='bbox 3402 3253 3560 3325; x_wconf 89' lang='grc' dir='ltr'>δῆλος</span> <span class='ocrx_word' id='word_1_813' title='bbox 3584 3254 3650 3308; x_wconf 81' lang='grc' dir='ltr'>ἂν</span> <span class='ocrx_word' id='word_1_814' title='bbox 3685 3256 3768 3328; x_wconf 84' lang='grc' dir='ltr'>εῖη</span> <span class='ocrx_word' id='word_1_815' title='bbox 3801 3258 3897 3312; x_wconf 79' lang='grc' dir='ltr'>καὶ</span> 
     </span>
    </p>
   </div>
   <div class='ocr_carea' id='block_1_103' title="bbox 2235 3337 3895 3412">
    <p class='ocr_par' dir='ltr' id='par_1_103' title="bbox 2235 3337 3895 3412">
     <span class='ocr_line' id='line_1_104' title="bbox 2235 3337 3895 3412; baseline 0.004 -21"><span class='ocrx_word' id='word_1_816' title='bbox 2235 3338 2372 3410; x_wconf 73' lang='grc' dir='ltr'>πρὸς</span> <span class='ocrx_word' id='word_1_817' title='bbox 2401 3338 2499 3409; x_wconf 83' lang='grc' dir='ltr'>τῆν</span> <span class='ocrx_word' id='word_1_818' title='bbox 2526 3337 2615 3392; x_wconf 88' lang='grc' dir='ltr'>διὰ</span> <span class='ocrx_word' id='word_1_819' title='bbox 2644 3339 2753 3393; x_wconf 89' lang='grc' dir='ltr'>τῶν</span> <span class='ocrx_word' id='word_1_820' title='bbox 2778 3337 2953 3411; x_wconf 81' lang='grc' dir='ltr'>ἐργων</span> <span class='ocrx_word' id='word_1_821' title='bbox 2984 3339 3183 3411; x_wconf 81' lang='grc' dir='ltr'>πρᾶξιν</span> <span class='ocrx_word' id='word_1_822' title='bbox 3217 3342 3730 3412; x_wconf 87' lang='grc' dir='ltr'>παρεσκευασμένος</span> <span class='ocrx_word' id='word_1_823' title='bbox 3748 3359 3761 3372; x_wconf 91' lang='grc'><strong>·</strong></span> <span class='ocrx_word' id='word_1_824' title='bbox 3797 3344 3895 3398; x_wconf 81' lang='grc' dir='ltr'>ἀλ-</span> 
     </span>
    </p>
   </div>
   <div class='ocr_carea' id='block_1_104' title="bbox 2235 3424 3899 3501">
    <p class='ocr_par' dir='ltr' id='par_1_104' title="bbox 2235 3424 3899 3501">
     <span class='ocr_line' id='line_1_105' title="bbox 2235 3424 3899 3501; baseline 0.003 -20"><span class='ocrx_word' id='word_1_825' title='bbox 2235 3427 2346 3491; x_wconf 90' lang='grc' dir='ltr'>λως</span> <span class='ocrx_word' id='word_1_826' title='bbox 2381 3426 2439 3481; x_wconf 84' lang='grc' dir='ltr'>δὲ</span> <span class='ocrx_word' id='word_1_827' title='bbox 2470 3428 2566 3480; x_wconf 83' lang='grc' dir='ltr'>καί</span> <span class='ocrx_word' id='word_1_828' title='bbox 2595 3428 2630 3497; x_wconf 86' lang='grc' dir='ltr'>ἡ</span> <span class='ocrx_word' id='word_1_829' title='bbox 2664 3424 2759 3481; x_wconf 90' lang='grc' dir='ltr'>νῦν</span> <span class='ocrx_word' id='word_1_830' title='bbox 2788 3426 2940 3498; x_wconf 87' lang='grc' dir='ltr'>ὑμῶν</span> <span class='ocrx_word' id='word_1_831' title='bbox 2971 3426 3242 3500; x_wconf 83' lang='grc' dir='ltr'>συνδρομὴ</span> <span class='ocrx_word' id='word_1_832' title='bbox 3269 3429 3566 3501; x_wconf 89' lang='grc' dir='ltr'>τεκμήριον</span> <span class='ocrx_word' id='word_1_833' title='bbox 3591 3429 3655 3484; x_wconf 84' lang='grc' dir='ltr'>ἂν</span> <span class='ocrx_word' id='word_1_834' title='bbox 3687 3431 3899 3500; x_wconf 83' lang='grc' dir='ltr'>γένοιτο</span> 
     </span>
    </p>
   </div>
   <div class='ocr_carea' id='block_1_105' title="bbox 2232 3514 3899 3589">
    <p class='ocr_par' dir='ltr' id='par_1_105' title="bbox 2232 3514 3899 3589">
     <span class='ocr_line' id='line_1_106' title="bbox 2232 3514 3899 3589; baseline 0.001 -21"><span class='ocrx_word' id='word_1_835' title='bbox 2232 3516 2333 3587; x_wconf 85' lang='grc' dir='ltr'>τῆς</span> <span class='ocrx_word' id='word_1_836' title='bbox 2369 3514 2512 3570; x_wconf 86' lang='grc' dir='ltr'>κατά</span> <span class='ocrx_word' id='word_1_837' title='bbox 2553 3514 2728 3586; x_wconf 78' lang='grc' dir='ltr'>ψυχὴν</span> <span class='ocrx_word' id='word_1_838' title='bbox 2762 3514 2916 3585; x_wconf 88' lang='grc' dir='ltr'>ὑμῶν</span> <span class='ocrx_word' id='word_1_839' title='bbox 2952 3514 3184 3582; x_wconf 88' lang='grc' dir='ltr'>ὑγιείας.</span> <span class='ocrx_word' id='word_1_840' title='bbox 3228 3516 3439 3589; x_wconf 79' lang='grc' dir='ltr'>’Ὠσπερ</span> <span class='ocrx_word' id='word_1_841' title='bbox 3469 3517 3577 3588; x_wconf 82' lang='grc' dir='ltr'>γὰρ</span> <span class='ocrx_word' id='word_1_842' title='bbox 3612 3517 3675 3572; x_wconf 81' lang='grc' dir='ltr'>τὸ</span> <span class='ocrx_word' id='word_1_843' title='bbox 3708 3521 3899 3589; x_wconf 76' lang='grc' dir='ltr'>πεινῇν</span> 
     </span>
    </p>
   </div>
   <div class='ocr_carea' id='block_1_106' title="bbox 2236 3601 3899 3674">
    <p class='ocr_par' dir='ltr' id='par_1_106' title="bbox 2236 3601 3899 3674">
     <span class='ocr_line' id='line_1_107' title="bbox 2236 3601 3899 3674; baseline 0.001 -17"><span class='ocrx_word' id='word_1_844' title='bbox 2236 3602 2557 3673; x_wconf 84' lang='grc' dir='ltr'>σωματικῆς</span> <span class='ocrx_word' id='word_1_845' title='bbox 2581 3601 2794 3669; x_wconf 77' lang='grc' dir='ltr'>εὐεξίας</span> <span class='ocrx_word' id='word_1_846' title='bbox 2821 3603 3045 3674; x_wconf 90' lang='grc' dir='ltr'>σημεῖόν</span> <span class='ocrx_word' id='word_1_847' title='bbox 3074 3603 3241 3667; x_wconf 83' lang='grc' dir='ltr'>ἐστιν,</span> <span class='ocrx_word' id='word_1_848' title='bbox 3270 3603 3413 3658; x_wconf 87' lang='grc' dir='ltr'>οῦτω</span> <span class='ocrx_word' id='word_1_849' title='bbox 3431 3604 3493 3658; x_wconf 78' lang='grc' dir='ltr'>τὸ</span> <span class='ocrx_word' id='word_1_850' title='bbox 3522 3604 3714 3674; x_wconf 78' lang='grc' dir='ltr'>λογίων</span> <span class='ocrx_word' id='word_1_851' title='bbox 3738 3604 3899 3660; x_wconf 89' lang='grc' dir='ltr'>θείων</span> 
     </span>
    </p>
   </div>
   <div class='ocr_carea' id='block_1_107' title="bbox 2234 3689 3898 3763">
    <p class='ocr_par' dir='ltr' id='par_1_107' title="bbox 2234 3689 3898 3763">
     <span class='ocr_line' id='line_1_108' title="bbox 2234 3689 3898 3763; baseline 0.001 -19"><span class='ocrx_word' id='word_1_852' title='bbox 2234 3693 2363 3763; x_wconf 71' lang='grc' dir='ltr'>έρᾷν</span> <span class='ocrx_word' id='word_1_853' title='bbox 2396 3690 2630 3761; x_wconf 73' lang='grc' dir='ltr'>ψυχικῆς</span> <span class='ocrx_word' id='word_1_854' title='bbox 2676 3690 2885 3758; x_wconf 89' lang='grc' dir='ltr'>ὑγιείας</span> <span class='ocrx_word' id='word_1_855' title='bbox 2929 3691 3226 3761; x_wconf 86' lang='grc' dir='ltr'>τεκμήριον</span> <span class='ocrx_word' id='word_1_856' title='bbox 3256 3689 3323 3744; x_wconf 81' lang='grc' dir='ltr'>ἀν</span> <span class='ocrx_word' id='word_1_857' title='bbox 3366 3690 3575 3760; x_wconf 88' lang='grc' dir='ltr'>γένοιτο</span> <span class='ocrx_word' id='word_1_858' title='bbox 3618 3691 3898 3761; x_wconf 87' lang='grc' dir='ltr'>μέγιστον.</span> 
     </span>
    </p>
   </div>
   <div class='ocr_carea' id='block_1_108' title="bbox 2246 3772 3901 3850">
    <p class='ocr_par' dir='ltr' id='par_1_108' title="bbox 2246 3772 3901 3850">
     <span class='ocr_line' id='line_1_109' title="bbox 2246 3772 3901 3850; baseline 0 -20"><span class='ocrx_word' id='word_1_859' title='bbox 2246 3777 2400 3830; x_wconf 74' lang='grc' dir='ltr'>Ἐπεὶ</span> <span class='ocrx_word' id='word_1_860' title='bbox 2427 3772 2520 3831; x_wconf 83' lang='grc' dir='ltr'>οῦν</span> <span class='ocrx_word' id='word_1_861' title='bbox 2544 3778 2574 3829; x_wconf 90' lang='grc' dir='ltr'>ὀ</span> <span class='ocrx_word' id='word_1_862' title='bbox 2605 3774 2816 3848; x_wconf 72' lang='grc' dir='ltr'>καρπὸς</span> <span class='ocrx_word' id='word_1_863' title='bbox 2848 3775 2948 3845; x_wconf 85' lang='grc' dir='ltr'>τῆς</span> <span class='ocrx_word' id='word_1_864' title='bbox 2977 3776 3247 3847; x_wconf 85' lang='grc' dir='ltr'>ὑμετέρας</span> <span class='ocrx_word' id='word_1_865' title='bbox 3277 3777 3512 3847; x_wconf 81' lang='grc' dir='ltr'>σπουδῆς</span> <span class='ocrx_word' id='word_1_866' title='bbox 3538 3776 3775 3831; x_wconf 86' lang='grc' dir='ltr'>δείκνυσι</span> <span class='ocrx_word' id='word_1_867' title='bbox 3799 3778 3901 3850; x_wconf 84' lang='grc' dir='ltr'>τῆς</span> 
     </span>
    </p>
   </div>
   <div class='ocr_carea' id='block_1_109' title="bbox 2235 3861 3900 3935">
    <p class='ocr_par' dir='ltr' id='par_1_109' title="bbox 2235 3861 3900 3935">
     <span class='ocr_line' id='line_1_110' title="bbox 2235 3861 3900 3935; baseline 0.003 -21"><span class='ocrx_word' id='word_1_868' title='bbox 2235 3862 2481 3933; x_wconf 88' lang='grc' dir='ltr'>ὑπακοῆς</span> <span class='ocrx_word' id='word_1_869' title='bbox 2505 3861 2604 3932; x_wconf 79' lang='grc' dir='ltr'>τὴν</span> <span class='ocrx_word' id='word_1_870' title='bbox 2632 3862 2995 3933; x_wconf 86' lang='grc' dir='ltr'>ἐκπλήρωσιν,</span> <span class='ocrx_word' id='word_1_871' title='bbox 3021 3862 3152 3932; x_wconf 87' lang='grc' dir='ltr'>φέρε</span> <span class='ocrx_word' id='word_1_872' title='bbox 3180 3863 3272 3917; x_wconf 74' lang='grc' dir='ltr'>καὶ</span> <span class='ocrx_word' id='word_1_873' title='bbox 3303 3864 3462 3935; x_wconf 80' lang='grc' dir='ltr'>ἡμεῖς</span> <span class='ocrx_word' id='word_1_874' title='bbox 3482 3864 3572 3917; x_wconf 80' lang='grc' dir='ltr'>τὸν</span> <span class='ocrx_word' id='word_1_875' title='bbox 3602 3864 3900 3935; x_wconf 84' lang='grc' dir='ltr'>μισθὸν,δν</span> 
     </span>
    </p>
   </div>
   <div class='ocr_carea' id='block_1_110' title="bbox 2234 3949 3900 4025">
    <p class='ocr_par' dir='ltr' id='par_1_110' title="bbox 2234 3949 3900 4025">
     <span class='ocr_line' id='line_1_111' title="bbox 2234 3949 3900 4025; baseline 0.002 -22"><span class='ocrx_word' id='word_1_876' title='bbox 2234 3949 2582 4019; x_wconf 87' lang='grc' dir='ltr'>ὑπεσχόμεθα</span> <span class='ocrx_word' id='word_1_877' title='bbox 2628 3949 2775 4019; x_wconf 85' lang='grc' dir='ltr'>χθὲς,</span> <span class='ocrx_word' id='word_1_878' title='bbox 2825 3949 3218 4020; x_wconf 87' lang='grc' dir='ltr'>καταϐάλωμεν</span> <span class='ocrx_word' id='word_1_879' title='bbox 3257 3950 3409 4020; x_wconf 87' lang='grc' dir='ltr'>ὑμῶν</span> <span class='ocrx_word' id='word_1_880' title='bbox 3437 3954 3504 4023; x_wconf 83' lang='grc' dir='ltr'>τῇ</span> <span class='ocrx_word' id='word_1_881' title='bbox 3545 3951 3765 4025; x_wconf 63' lang='grc' dir='ltr'>ἀγάπῖγ</span> <span class='ocrx_word' id='word_1_882' title='bbox 3796 3954 3900 4023; x_wconf 78' lang='grc' dir='ltr'>τὴν</span> 
     </span>
    </p>
   </div>
   <div class='ocr_carea' id='block_1_111' title="bbox 2234 4035 3899 4110">
    <p class='ocr_par' dir='ltr' id='par_1_111' title="bbox 2234 4035 3899 4110">
     <span class='ocr_line' id='line_1_112' title="bbox 2234 4035 3899 4110; baseline 0.004 -21"><span class='ocrx_word' id='word_1_883' title='bbox 2234 4035 2613 4107; x_wconf 78' lang='grc' dir='ltr'>πνευματικήν</span> <span class='ocrx_word' id='word_1_884' title='bbox 2645 4036 2847 4104; x_wconf 89' lang='grc' dir='ltr'>ταύτην</span> <span class='ocrx_word' id='word_1_885' title='bbox 2886 4035 3028 4105; x_wconf 87' lang='grc' dir='ltr'>λέγω</span> <span class='ocrx_word' id='word_1_886' title='bbox 3059 4036 3405 4091; x_wconf 88' lang='grc' dir='ltr'>διδασκαλίαν</span> <span class='ocrx_word' id='word_1_887' title='bbox 3436 4039 3527 4092; x_wconf 80' lang='grc' dir='ltr'>τὸν</span> <span class='ocrx_word' id='word_1_888' title='bbox 3564 4040 3776 4110; x_wconf 80' lang='grc' dir='ltr'>μισθὸν,</span> <span class='ocrx_word' id='word_1_889' title='bbox 3804 4043 3899 4095; x_wconf 88' lang='grc' dir='ltr'>καί</span> 
     </span>
    </p>
   </div>
   <div class='ocr_carea' id='block_1_112' title="bbox 2236 4122 3902 4199">
    <p class='ocr_par' dir='ltr' id='par_1_112' title="bbox 2236 4122 3902 4199">
     <span class='ocr_line' id='line_1_113' title="bbox 2236 4122 3902 4199; baseline 0.002 -22"><span class='ocrx_word' id='word_1_890' title='bbox 2236 4140 2329 4195; x_wconf 91' lang='grc' dir='ltr'>μοι</span> <span class='ocrx_word' id='word_1_891' title='bbox 2368 4122 2447 4195; x_wconf 84' lang='grc' dir='ltr'>τῷ</span> <span class='ocrx_word' id='word_1_892' title='bbox 2473 4123 2865 4178; x_wconf 85' lang='grc' dir='ltr'>καταϐάλλοντι</span> <span class='ocrx_word' id='word_1_893' title='bbox 2897 4123 2915 4164; x_wconf 69' lang='grc' dir='ltr'><em>τ</em></span> <span class='ocrx_word' id='word_1_894' title='bbox 2948 4124 3242 4196; x_wconf 86' lang='grc' dir='ltr'>δυνάμενον</span> <span class='ocrx_word' id='word_1_895' title='bbox 3270 4125 3504 4196; x_wconf 77' lang='grc' dir='ltr'>αὐξῆσαι</span> <span class='ocrx_word' id='word_1_896' title='bbox 3549 4126 3646 4197; x_wconf 74' lang='grc' dir='ltr'>τὴν</span> <span class='ocrx_word' id='word_1_897' title='bbox 3672 4145 3902 4199; x_wconf 84' lang='grc' dir='ltr'>περιου-</span> 
     </span>
    </p>
   </div>
   <div class='ocr_carea' id='block_1_113' title="bbox 2236 4208 3901 4285">
    <p class='ocr_par' dir='ltr' id='par_1_113' title="bbox 2236 4208 3901 4285">
     <span class='ocr_line' id='line_1_114' title="bbox 2236 4208 3901 4285; baseline 0.004 -23"><span class='ocrx_word' id='word_1_898' title='bbox 2236 4210 2374 4274; x_wconf 88' lang='grc' dir='ltr'>σίαν,</span> <span class='ocrx_word' id='word_1_899' title='bbox 2435 4208 2586 4282; x_wconf 72' lang='grc'>[115]</span> <span class='ocrx_word' id='word_1_900' title='bbox 2625 4211 2719 4264; x_wconf 77' lang='grc' dir='ltr'>καὶ</span> <span class='ocrx_word' id='word_1_901' title='bbox 2761 4212 2906 4282; x_wconf 86' lang='grc' dir='ltr'>ὑμᾶς</span> <span class='ocrx_word' id='word_1_902' title='bbox 2952 4213 3084 4276; x_wconf 81' lang='grc' dir='ltr'>τοὺς</span> <span class='ocrx_word' id='word_1_903' title='bbox 3136 4211 3562 4285; x_wconf 86' lang='grc' dir='ltr'>ὑποδεχομένους</span> <span class='ocrx_word' id='word_1_904' title='bbox 3612 4214 3901 4279; x_wconf 85' lang='grc' dir='ltr'>πλουσίους</span> 
     </span>
    </p>
   </div>
   <div class='ocr_carea' id='block_1_114' title="bbox 2231 4292 3902 4365">
    <p class='ocr_par' dir='ltr' id='par_1_114' title="bbox 2231 4292 3902 4365">
     <span class='ocr_line' id='line_1_115' title="bbox 2231 4292 3902 4365; baseline 0.003 -19"><span class='ocrx_word' id='word_1_905' title='bbox 2231 4292 2697 4365; x_wconf 82' lang='grc' dir='ltr'>ἀπεργαζόμενον.</span> <span class='ocrx_word' id='word_1_906' title='bbox 2748 4293 2986 4348; x_wconf 83' lang='grc' dir='ltr'>Τοιαῦτα</span> <span class='ocrx_word' id='word_1_907' title='bbox 3012 4294 3120 4365; x_wconf 90' lang='grc' dir='ltr'>γάρ</span> <span class='ocrx_word' id='word_1_908' title='bbox 3147 4294 3359 4350; x_wconf 78' lang='grc' dir='ltr'>ᾶπαντα</span> <span class='ocrx_word' id='word_1_909' title='bbox 3401 4294 3470 4349; x_wconf 89' lang='grc' dir='ltr'>τά</span> <span class='ocrx_word' id='word_1_910' title='bbox 3516 4298 3902 4365; x_wconf 78' lang='grc' dir='ltr'>πνευματικά’</span> 
     </span>
    </p>
   </div>
   <div class='ocr_carea' id='block_1_115' title="bbox 2230 4380 3901 4454">
    <p class='ocr_par' dir='ltr' id='par_1_115' title="bbox 2230 4380 3901 4454">
     <span class='ocr_line' id='line_1_116' title="bbox 2230 4380 3901 4454; baseline 0.003 -22"><span class='ocrx_word' id='word_1_911' title='bbox 2230 4380 2367 4451; x_wconf 84' lang='grc' dir='ltr'>ὅπερ</span> <span class='ocrx_word' id='word_1_912' title='bbox 2401 4380 2632 4433; x_wconf 71' lang='grc' dir='ltr'>ἐπὶ-τῶν</span> <span class='ocrx_word' id='word_1_913' title='bbox 2662 4380 2936 4452; x_wconf 88' lang='grc' dir='ltr'>αἰσθητῶν</span> <span class='ocrx_word' id='word_1_914' title='bbox 2966 4381 3306 4454; x_wconf 89' lang='grc' dir='ltr'>πραγμάτων</span> <span class='ocrx_word' id='word_1_915' title='bbox 3335 4382 3434 4436; x_wconf 88' lang='grc' dir='ltr'>οὑκ</span> <span class='ocrx_word' id='word_1_916' title='bbox 3467 4381 3569 4437; x_wconf 73' lang='grc' dir='ltr'>ενι.</span> <span class='ocrx_word' id='word_1_917' title='bbox 3611 4383 3757 4437; x_wconf 83' lang='grc' dir='ltr'>Ἐκεῖ</span> <span class='ocrx_word' id='word_1_918' title='bbox 3795 4383 3901 4454; x_wconf 84' lang='grc' dir='ltr'>μέν</span> 
     </span>
    </p>
   </div>
   <div class='ocr_carea' id='block_1_116' title="bbox 2229 4467 3899 4541">
    <p class='ocr_par' dir='ltr' id='par_1_116' title="bbox 2229 4467 3899 4541">
     <span class='ocr_line' id='line_1_117' title="bbox 2229 4467 3899 4541; baseline 0.002 -21"><span class='ocrx_word' id='word_1_919' title='bbox 2229 4467 2338 4538; x_wconf 76' lang='grc' dir='ltr'>γὰρ</span> <span class='ocrx_word' id='word_1_920' title='bbox 2381 4469 2411 4520; x_wconf 92' lang='grc' dir='ltr'>ὀ</span> <span class='ocrx_word' id='word_1_921' title='bbox 2445 4467 2769 4522; x_wconf 85' lang='grc' dir='ltr'>καταϐαλὼν</span> <span class='ocrx_word' id='word_1_922' title='bbox 2808 4468 3117 4538; x_wconf 86' lang='grc' dir='ltr'>ἡλάττωσεν</span> <span class='ocrx_word' id='word_1_923' title='bbox 3160 4469 3326 4523; x_wconf 87' lang='grc' dir='ltr'>αὑτοῦ</span> <span class='ocrx_word' id='word_1_924' title='bbox 3369 4469 3470 4541; x_wconf 86' lang='grc' dir='ltr'>τὴν</span> <span class='ocrx_word' id='word_1_925' title='bbox 3501 4470 3689 4525; x_wconf 88' lang='grc' dir='ltr'>οὐσίαν</span> <span class='ocrx_word' id='word_1_926' title='bbox 3715 4510 3731 4534; x_wconf 93' lang='grc'>,</span> <span class='ocrx_word' id='word_1_927' title='bbox 3801 4473 3899 4525; x_wconf 66' lang='grc' dir='ltr'>καὶ</span> 
     </span>
    </p>
   </div>
   <div class='ocr_carea' id='block_1_117' title="bbox 2228 4550 3899 4624">
    <p class='ocr_par' dir='ltr' id='par_1_117' title="bbox 2228 4550 3899 4624">
     <span class='ocr_line' id='line_1_118' title="bbox 2228 4550 3899 4624; baseline 0.003 -21"><span class='ocrx_word' id='word_1_928' title='bbox 2228 4550 2320 4604; x_wconf 80' lang='grc' dir='ltr'>τὸν</span> <span class='ocrx_word' id='word_1_929' title='bbox 2375 4550 2770 4621; x_wconf 86' lang='grc' dir='ltr'>ὑποδεχόμενον</span> <span class='ocrx_word' id='word_1_930' title='bbox 2821 4551 3195 4623; x_wconf 86' lang='grc' dir='ltr'>εὐπορώτερον</span> <span class='ocrx_word' id='word_1_931' title='bbox 3237 4552 3607 4624; x_wconf 77' lang='grc' dir='ltr'>κατέστησενο</span> <span class='ocrx_word' id='word_1_932' title='bbox 3658 4552 3899 4609; x_wconf 80' lang='grc' dir='ltr'>ἐνταῦθα</span> 
     </span>
    </p>
   </div>
   <div class='ocr_carea' id='block_1_118' title="bbox 2229 4631 3900 4706">
    <p class='ocr_par' dir='ltr' id='par_1_118' title="bbox 2229 4631 3900 4706">
     <span class='ocr_line' id='line_1_119' title="bbox 2229 4631 3900 4706; baseline 0.003 -20"><span class='ocrx_word' id='word_1_933' title='bbox 2229 4632 2285 4686; x_wconf 85' lang='grc' dir='ltr'>δὲ</span> <span class='ocrx_word' id='word_1_934' title='bbox 2322 4633 2421 4702; x_wconf 87' lang='grc' dir='ltr'>οὐχ</span> <span class='ocrx_word' id='word_1_935' title='bbox 2475 4631 2669 4697; x_wconf 85' lang='grc' dir='ltr'>οὑτως,</span> <span class='ocrx_word' id='word_1_936' title='bbox 2720 4633 2855 4687; x_wconf 86' lang='grc' dir='ltr'>ἀλλά</span> <span class='ocrx_word' id='word_1_937' title='bbox 2899 4634 2994 4687; x_wconf 75' lang='grc' dir='ltr'>καὶ</span> <span class='ocrx_word' id='word_1_938' title='bbox 3036 4636 3082 4688; x_wconf 56' lang='grc' dir='ltr'>όι</span> <span class='ocrx_word' id='word_1_939' title='bbox 3112 4632 3429 4688; x_wconf 86' lang='grc' dir='ltr'>καταϐαλὼν</span> <span class='ocrx_word' id='word_1_940' title='bbox 3471 4634 3642 4706; x_wconf 81' lang='grc' dir='ltr'>ταύτῃ</span> <span class='ocrx_word' id='word_1_941' title='bbox 3697 4636 3900 4704; x_wconf 84' lang='grc' dir='ltr'>μᾶλλον</span> 
     </span>
    </p>
   </div>
   <div class='ocr_carea' id='block_1_119' title="bbox 2229 4714 3897 4789">
    <p class='ocr_par' dir='ltr' id='par_1_119' title="bbox 2229 4714 3897 4789">
     <span class='ocr_line' id='line_1_120' title="bbox 2229 4714 3897 4789; baseline 0.003 -20"><span class='ocrx_word' id='word_1_942' title='bbox 2229 4714 2322 4769; x_wconf 90' lang='grc' dir='ltr'>τόν</span> <span class='ocrx_word' id='word_1_943' title='bbox 2352 4716 2549 4770; x_wconf 88' lang='grc' dir='ltr'>οἰκεῖον</span> <span class='ocrx_word' id='word_1_944' title='bbox 2583 4714 2812 4771; x_wconf 84' lang='grc' dir='ltr'>πλοῦτον</span> <span class='ocrx_word' id='word_1_945' title='bbox 2855 4715 3029 4782; x_wconf 77' lang='grc' dir='ltr'>αῦξει,</span> <span class='ocrx_word' id='word_1_946' title='bbox 3066 4717 3300 4780; x_wconf 72' lang='grc' dir='ltr'>καὶτοῖς</span> <span class='ocrx_word' id='word_1_947' title='bbox 3328 4717 3739 4788; x_wconf 89' lang='grc' dir='ltr'>ὑποδεχομένοις</span> <span class='ocrx_word' id='word_1_948' title='bbox 3774 4721 3897 4789; x_wconf 78' lang='grc' dir='ltr'>μεί·</span> 
     </span>
    </p>
   </div>
   <div class='ocr_carea' id='block_1_120' title="bbox 2228 4795 3902 4870">
    <p class='ocr_par' dir='ltr' id='par_1_120' title="bbox 2228 4795 3902 4870">
     <span class='ocr_line' id='line_1_121' title="bbox 2228 4795 3902 4870; baseline 0.004 -20"><span class='ocrx_word' id='word_1_949' title='bbox 2228 4795 2336 4861; x_wconf 89' lang='grc' dir='ltr'>ζων</span> <span class='ocrx_word' id='word_1_950' title='bbox 2367 4798 2400 4868; x_wconf 92' lang='grc' dir='ltr'>ἡ</span> <span class='ocrx_word' id='word_1_951' title='bbox 2432 4798 2720 4868; x_wconf 88' lang='grc' dir='ltr'>περιουσία</span> <span class='ocrx_word' id='word_1_952' title='bbox 2745 4797 2973 4867; x_wconf 89' lang='grc' dir='ltr'>γίνεται.</span> <span class='ocrx_word' id='word_1_953' title='bbox 3037 4799 3190 4852; x_wconf 79' lang='grc' dir='ltr'>Ἐπεὶ</span> <span class='ocrx_word' id='word_1_954' title='bbox 3215 4795 3308 4852; x_wconf 83' lang='grc' dir='ltr'>οὖν</span> <span class='ocrx_word' id='word_1_955' title='bbox 3346 4799 3442 4853; x_wconf 71' lang='grc' dir='ltr'>καὶ</span> <span class='ocrx_word' id='word_1_956' title='bbox 3484 4801 3645 4870; x_wconf 84' lang='grc' dir='ltr'>ἡμεῖς</span> <span class='ocrx_word' id='word_1_957' title='bbox 3687 4799 3902 4870; x_wconf 64' lang='grc' dir='ltr'>¹ἕτοιμοι</span> 
     </span>
    </p>
   </div>
   <div class='ocr_carea' id='block_1_121' title="bbox 2227 4877 3904 4952">
    <p class='ocr_par' dir='ltr' id='par_1_121' title="bbox 2227 4877 3904 4952">
     <span class='ocr_line' id='line_1_122' title="bbox 2227 4877 3904 4952; baseline 0.004 -23"><span class='ocrx_word' id='word_1_958' title='bbox 2227 4877 2365 4947; x_wconf 84' lang='grc' dir='ltr'>πρὸς</span> <span class='ocrx_word' id='word_1_959' title='bbox 2404 4877 2846 4951; x_wconf 89' lang='grc' dir='ltr'>εὐγνωμοσύνην.</span> <span class='ocrx_word' id='word_1_960' title='bbox 2882 4880 2976 4933; x_wconf 78' lang='grc' dir='ltr'>καὶ</span> <span class='ocrx_word' id='word_1_961' title='bbox 3006 4880 3161 4949; x_wconf 85' lang='grc' dir='ltr'>ὑμεῖς</span> <span class='ocrx_word' id='word_1_962' title='bbox 3190 4883 3237 4934; x_wconf 87' lang='grc' dir='ltr'>οἰ</span> <span class='ocrx_word' id='word_1_963' title='bbox 3285 4880 3640 4952; x_wconf 88' lang='grc' dir='ltr'>ὑποδέχεσθαι</span> <span class='ocrx_word' id='word_1_964' title='bbox 3674 4881 3904 4951; x_wconf 84' lang='grc' dir='ltr'>μέλλον-</span> 
     </span>
    </p>
   </div>
   <div class='ocr_carea' id='block_1_122' title="bbox 2225 4959 3893 5034">
    <p class='ocr_par' dir='ltr' id='par_1_122' title="bbox 2225 4959 3893 5034">
     <span class='ocr_line' id='line_1_123' title="bbox 2225 4959 3893 5034; baseline 0.002 -21"><span class='ocrx_word' id='word_1_965' title='bbox 2225 4977 2318 5024; x_wconf 88' lang='grc' dir='ltr'>τες</span> <span class='ocrx_word' id='word_1_966' title='bbox 2364 4960 2455 5014; x_wconf 82' lang='grc' dir='ltr'>τὺν</span> <span class='ocrx_word' id='word_1_967' title='bbox 2489 4959 2716 5014; x_wconf 83' lang='grc' dir='ltr'>πλοῦτον</span> <span class='ocrx_word' id='word_1_968' title='bbox 2755 4961 2945 5017; x_wconf 89' lang='grc' dir='ltr'>τοῦτον</span> <span class='ocrx_word' id='word_1_969' title='bbox 2994 4963 3084 5017; x_wconf 78' lang='grc' dir='ltr'>τὸν</span> <span class='ocrx_word' id='word_1_970' title='bbox 3116 4963 3500 5033; x_wconf 76' lang='grc' dir='ltr'>πνευματικὸν,</span> <span class='ocrx_word' id='word_1_971' title='bbox 3536 4964 3893 5034; x_wconf 87' lang='grc' dir='ltr'>εὐτρεπισμέ-</span> 
     </span>
    </p>
   </div>
   <div class='ocr_carea' id='block_1_123' title="bbox 2226 5041 3895 5116">
    <p class='ocr_par' dir='ltr' id='par_1_123' title="bbox 2226 5041 3895 5116">
     <span class='ocr_line' id='line_1_124' title="bbox 2226 5041 3895 5116; baseline 0.002 -21"><span class='ocrx_word' id='word_1_972' title='bbox 2226 5058 2351 5104; x_wconf 91' lang='grc' dir='ltr'>νους</span> <span class='ocrx_word' id='word_1_973' title='bbox 2382 5041 2533 5112; x_wconf 77' lang='grc' dir='ltr'>ἔχετε</span> <span class='ocrx_word' id='word_1_974' title='bbox 2575 5043 2703 5106; x_wconf 82' lang='grc' dir='ltr'>τούς</span> <span class='ocrx_word' id='word_1_975' title='bbox 2752 5043 2985 5108; x_wconf 87' lang='grc' dir='ltr'>κόλπους</span> <span class='ocrx_word' id='word_1_976' title='bbox 3022 5045 3121 5115; x_wconf 86' lang='grc' dir='ltr'>τῆς</span> <span class='ocrx_word' id='word_1_977' title='bbox 3146 5044 3407 5107; x_wconf 89' lang='grc' dir='ltr'>διανοίας·</span> <span class='ocrx_word' id='word_1_978' title='bbox 3448 5046 3580 5116; x_wconf 86' lang='grc' dir='ltr'>φέρε</span> <span class='ocrx_word' id='word_1_979' title='bbox 3625 5046 3723 5114; x_wconf 81' lang='grc' dir='ltr'>τὴν</span> <span class='ocrx_word' id='word_1_980' title='bbox 3758 5047 3895 5099; x_wconf 81' lang='grc' dir='ltr'>ὑπό-</span> 
     </span>
    </p>
   </div>
   <div class='ocr_carea' id='block_1_124' title="bbox 2228 5124 3904 5202">
    <p class='ocr_par' dir='ltr' id='par_1_124' title="bbox 2228 5124 3904 5202">
     <span class='ocr_line' id='line_1_125' title="bbox 2228 5124 3904 5202; baseline 0.004 -25"><span class='ocrx_word' id='word_1_981' title='bbox 2228 5141 2412 5195; x_wconf 82' lang='grc' dir='ltr'>σχεσιν</span> <span class='ocrx_word' id='word_1_982' title='bbox 2461 5124 2862 5197; x_wconf 87' lang='grc' dir='ltr'>πληρώσωμεν,</span> <span class='ocrx_word' id='word_1_983' title='bbox 2916 5129 3011 5202; x_wconf 74' lang='lat' dir='ltr'>xal</span> <span class='ocrx_word' id='word_1_984' title='bbox 3055 5128 3154 5199; x_wconf 86' lang='grc' dir='ltr'>τῆς</span> <span class='ocrx_word' id='word_1_985' title='bbox 3215 5127 3534 5191; x_wconf 87' lang='grc' dir='ltr'>ἀκολουθίας</span> <span class='ocrx_word' id='word_1_986' title='bbox 3575 5127 3738 5182; x_wconf 88' lang='grc' dir='ltr'>πάλιν</span> <span class='ocrx_word' id='word_1_987' title='bbox 3786 5128 3904 5183; x_wconf 80' lang='grc' dir='ltr'>τῶν</span> 
     </span>
    </p>
   </div>
   <div class='ocr_carea' id='block_1_125' title="bbox 2227 5208 3899 5281">
    <p class='ocr_par' dir='ltr' id='par_1_125' title="bbox 2227 5208 3899 5281">
     <span class='ocr_line' id='line_1_126' title="bbox 2227 5208 3899 5281; baseline 0.003 -20"><span class='ocrx_word' id='word_1_988' title='bbox 2227 5208 2379 5279; x_wconf 84' lang='grc' dir='ltr'>παρά</span> <span class='ocrx_word' id='word_1_989' title='bbox 2412 5208 2506 5262; x_wconf 87' lang='grc' dir='ltr'>τοῦ</span> <span class='ocrx_word' id='word_1_990' title='bbox 2542 5210 2811 5280; x_wconf 87' lang='grc' dir='ltr'>μακαρίου</span> <span class='ocrx_word' id='word_1_991' title='bbox 2845 5211 3122 5275; x_wconf 85' lang='grc' dir='ltr'>Μωὺσέως</span> <span class='ocrx_word' id='word_1_992' title='bbox 3147 5211 3572 5281; x_wconf 86' lang='grc' dir='ltr'>ἀνεγνωσμένων</span> <span class='ocrx_word' id='word_1_993' title='bbox 3599 5211 3899 5281; x_wconf 79' lang='grc' dir='ltr'>ἁψάμενοι,</span> 
     </span>
    </p>
   </div>
   <div class='ocr_carea' id='block_1_126' title="bbox 2224 5289 3907 5363">
    <p class='ocr_par' dir='ltr' id='par_1_126' title="bbox 2224 5289 3907 5363">
     <span class='ocr_line' id='line_1_127' title="bbox 2224 5289 3907 5363; baseline 0.002 -19"><span class='ocrx_word' id='word_1_994' title='bbox 2224 5290 2475 5346; x_wconf 83' lang='grc' dir='ltr'>ἐντεῦθεν</span> <span class='ocrx_word' id='word_1_995' title='bbox 2522 5293 2650 5363; x_wconf 85' lang='grc' dir='ltr'>ὑμῖν</span> <span class='ocrx_word' id='word_1_996' title='bbox 2689 5292 2780 5346; x_wconf 79' lang='grc' dir='ltr'>τὸν</span> <span class='ocrx_word' id='word_1_997' title='bbox 2813 5292 3001 5363; x_wconf 69' lang='grc' dir='ltr'>μισθὸν</span> <span class='ocrx_word' id='word_1_998' title='bbox 3029 5292 3441 5363; x_wconf 80' lang='grc' dir='ltr'>καταϐάλωμεν.</span> <span class='ocrx_word' id='word_1_999' title='bbox 3478 5292 3613 5347; x_wconf 85' lang='grc' dir='ltr'>Τίνα</span> <span class='ocrx_word' id='word_1_1000' title='bbox 3655 5289 3749 5348; x_wconf 85' lang='grc' dir='ltr'>οὖν</span> <span class='ocrx_word' id='word_1_1001' title='bbox 3777 5294 3907 5347; x_wconf 83' lang='grc' dir='ltr'>ἐστι</span> 
     </span>
    </p>
   </div>
   <div class='ocr_carea' id='block_1_127' title="bbox 2223 5374 3903 5446">
    <p class='ocr_par' dir='ltr' id='par_1_127' title="bbox 2223 5374 3903 5446">
     <span class='ocr_line' id='line_1_128' title="bbox 2223 5374 3903 5446; baseline -0.001 -18"><span class='ocrx_word' id='word_1_1002' title='bbox 2223 5375 2291 5428; x_wconf 81' lang='grc' dir='ltr'><strong>τὰ</strong></span> <span class='ocrx_word' id='word_1_1003' title='bbox 2320 5380 2560 5445; x_wconf 86' lang='grc' dir='ltr'>σήμερον</span> <span class='ocrx_word' id='word_1_1004' title='bbox 2598 5375 2986 5444; x_wconf 89' lang='grc' dir='ltr'>ἀνεγνωσμένα</span> <span class='ocrx_word' id='word_1_1005' title='bbox 3017 5375 3311 5443; x_wconf 85' lang='grc' dir='ltr'>ἀναγκαῖον</span> <span class='ocrx_word' id='word_1_1006' title='bbox 3352 5376 3434 5439; x_wconf 90' lang='grc' dir='ltr'>εἰς</span> <span class='ocrx_word' id='word_1_1007' title='bbox 3467 5375 3632 5446; x_wconf 89' lang='grc' dir='ltr'>μέσον</span> <span class='ocrx_word' id='word_1_1008' title='bbox 3679 5374 3903 5445; x_wconf 84' lang='grc' dir='ltr'>προθεῖ-</span> 
     </span>
    </p>
   </div>
   <div class='ocr_carea' id='block_1_128' title="bbox 2224 5456 3901 5528">
    <p class='ocr_par' dir='ltr' id='par_1_128' title="bbox 2224 5456 3901 5528">
     <span class='ocr_line' id='line_1_129' title="bbox 2224 5456 3901 5528; baseline -0.001 -17"><span class='ocrx_word' id='word_1_1009' title='bbox 2224 5475 2334 5520; x_wconf 93' lang='grc' dir='ltr'>ναι,</span> <span class='ocrx_word' id='word_1_1010' title='bbox 2384 5458 2450 5511; x_wconf 80' lang='grc' dir='ltr'>ίν¹</span> <span class='ocrx_word' id='word_1_1011' title='bbox 2480 5456 2624 5510; x_wconf 84' lang='grc' dir='ltr'>οὑτω</span> <span class='ocrx_word' id='word_1_1012' title='bbox 2680 5457 2815 5527; x_wconf 87' lang='grc' dir='ltr'>μετά</span> <span class='ocrx_word' id='word_1_1013' title='bbox 2867 5456 3152 5525; x_wconf 86' lang='grc' dir='ltr'>ἀκριϐείας</span> <span class='ocrx_word' id='word_1_1014' title='bbox 3189 5457 3608 5528; x_wconf 82' lang='grc' dir='ltr'>διερευνώμενον</span> <span class='ocrx_word' id='word_1_1015' title='bbox 3647 5458 3740 5510; x_wconf 78' lang='grc' dir='ltr'>τὸν</span> <span class='ocrx_word' id='word_1_1016' title='bbox 3785 5458 3901 5519; x_wconf 84' lang='grc' dir='ltr'>τοῖς</span> 
     </span>
    </p>
   </div>
   <div class='ocr_carea' id='block_1_129' title="bbox 2224 5539 3897 5610">
    <p class='ocr_par' dir='ltr' id='par_1_129' title="bbox 2224 5539 3897 5610">
     <span class='ocr_line' id='line_1_130' title="bbox 2224 5539 3897 5610; baseline 0.004 -20"><span class='ocrx_word' id='word_1_1017' title='bbox 2224 5540 2432 5609; x_wconf 74' lang='grc' dir='ltr'>ῥήμασι</span> <span class='ocrx_word' id='word_1_1018' title='bbox 2498 5539 3046 5609; x_wconf 86' lang='grc' dir='ltr'>ἐναποκεκρυμμένον</span> <span class='ocrx_word' id='word_1_1019' title='bbox 3113 5539 3341 5594; x_wconf 86' lang='grc' dir='ltr'>πλοῦτον</span> <span class='ocrx_word' id='word_1_1020' title='bbox 3400 5540 3508 5593; x_wconf 88' lang='grc' dir='ltr'>τῶν</span> <span class='ocrx_word' id='word_1_1021' title='bbox 3577 5539 3897 5610; x_wconf 58' lang='grc' dir='ltr'>νοημάτων,</span> 
     </span>
    </p>
   </div>
   <div class='ocr_carea' id='block_1_130' title="bbox 2285 5638 3899 5707">
    <p class='ocr_par' dir='ltr' id='par_1_130' title="bbox 2285 5638 3899 5707">
     <span class='ocr_line' id='line_1_131' title="bbox 2285 5638 3899 5707; baseline 0 -18"><span class='ocrx_word' id='word_1_1022' title='bbox 2285 5638 2313 5680; x_wconf 75' lang='grc'>(1</span> <span class='ocrx_word' id='word_1_1023' title='bbox 2327 5641 2547 5707; x_wconf 39' lang='grc' dir='ltr'>ἕρκη-,ει</span> <span class='ocrx_word' id='word_1_1024' title='bbox 2564 5641 2760 5707; x_wconf 59' lang='lat' dir='ltr'>quidam</span> <span class='ocrx_word' id='word_1_1025' title='bbox 2786 5654 2902 5707; x_wconf 68' lang='grc' dir='ltr'>ωδε.</span> <span class='ocrx_word' id='word_1_1026' title='bbox 2923 5642 3025 5707; x_wconf 23' lang='grc' dir='ltr'>ἀπὸ*</span> <span class='ocrx_word' id='word_1_1027' title='bbox 3040 5641 3410 5707; x_wconf 16' lang='grc' dir='ltr'>πυρᾶςχΜοᾼΓΘΙ..</span> <span class='ocrx_word' id='word_1_1028' title='bbox 3433 5650 3485 5693; x_wconf 77' lang='lat' dir='ltr'><strong>et</strong></span> <span class='ocrx_word' id='word_1_1029' title='bbox 3503 5639 3586 5707; x_wconf 70' lang='grc' dir='ltr'>είίἱ</span> <span class='ocrx_word' id='word_1_1030' title='bbox 3608 5642 3703 5707; x_wconf 63' lang='grc' dir='ltr'>ἀπὸ</span> <span class='ocrx_word' id='word_1_1031' title='bbox 3724 5641 3899 5707; x_wconf 67' lang='grc' dir='ltr'>πυρός.</span> 
     </span>
    </p>
   </div>
   <div class='ocr_carea' id='block_1_131' title="bbox 2294 5701 3900 5768">
    <p class='ocr_par' dir='ltr' id='par_1_131' title="bbox 2294 5701 3900 5768">
     <span class='ocr_line' id='line_1_132' title="bbox 2294 5701 3900 5768; baseline 0.001 -16"><span class='ocrx_word' id='word_1_1032' title='bbox 2294 5714 2321 5768; x_wconf 59' lang='grc' dir='ltr'>εξ</span> <span class='ocrx_word' id='word_1_1033' title='bbox 2344 5703 2550 5768; x_wconf 49' lang='lat' dir='ltr'>ngslin;</span> <span class='ocrx_word' id='word_1_1034' title='bbox 2579 5701 2946 5768; x_wconf 52' lang='grc' dir='ltr'>φιλανθρωπίας,</span> <span class='ocrx_word' id='word_1_1035' title='bbox 2967 5701 3234 5768; x_wconf 60' lang='grc' dir='ltr'>χάριτιςκαὶ</span> <span class='ocrx_word' id='word_1_1036' title='bbox 3257 5701 3685 5768; x_wconf 62' lang='grc' dir='ltr'>φιλανθρωπίᾳτῷ</span> <span class='ocrx_word' id='word_1_1037' title='bbox 3711 5701 3900 5768; x_wconf 64' lang='grc' dir='ltr'>Ιςυρίου</span> 
     </span>
    </p>
   </div>
   <div class='ocr_carea' id='block_1_132' title="bbox 2224 5720 3895 5873">
    <p class='ocr_par' dir='ltr' id='par_1_132' title="bbox 2224 5720 3895 5873">
     <span class='ocr_line' id='line_1_133' title="bbox 2294 5720 3895 5768; baseline 0.001 -16"><span class='ocrx_word' id='word_1_1038' title='bbox 2294 5720 2317 5741; x_wconf 64' lang='grc' dir='ltr'><em>ε</em></span> <span class='ocrx_word' id='word_1_1039' title='bbox 2344 5720 2547 5752; x_wconf 61' lang='grc' dir='ltr'>[μοιδιιη.</span> <span class='ocrx_word' id='word_1_1040' title='bbox 2584 5720 2946 5766; x_wconf 71' lang='grc' dir='ltr'>φιλανυρωπιας,</span> <span class='ocrx_word' id='word_1_1041' title='bbox 2999 5720 3234 5767; x_wconf 71' lang='grc' dir='ltr'>αριτικαι</span> <span class='ocrx_word' id='word_1_1042' title='bbox 3291 5720 3579 5768; x_wconf 70' lang='grc' dir='ltr'>ιλανυρωπιᾳ</span> <span class='ocrx_word' id='word_1_1043' title='bbox 3599 5720 3685 5751; x_wconf 80' lang='grc' dir='ltr'>του</span> <span class='ocrx_word' id='word_1_1044' title='bbox 3712 5720 3895 5765; x_wconf 64' lang='grc' dir='ltr'>λυριου</span> 
     </span>
     <span class='ocr_line' id='line_1_134' title="bbox 2224 5720 3895 5873; baseline 0 -63"><span class='ocrx_word' id='word_1_1045' title='bbox 2224 5765 2357 5823; x_wconf 84' lang='grc' dir='ltr'>ὑμῶν</span> <span class='ocrx_word' id='word_1_1046' title='bbox 2392 5762 2554 5834; x_wconf 56' lang='grc' dir='ltr'>ξίησοῦ</span> <span class='ocrx_word' id='word_1_1047' title='bbox 2578 5761 2808 5827; x_wconf 75' lang='grc' dir='ltr'>Χριστοῦ,</span> <span class='ocrx_word' id='word_1_1048' title='bbox 2834 5764 2932 5834; x_wconf 78' lang='grc' dir='ltr'>μεθ’</span> <span class='ocrx_word' id='word_1_1049' title='bbox 2956 5720 3012 5814; x_wconf 51' lang='lat' dir='ltr'>arb</span> <span class='ocrx_word' id='word_1_1050' title='bbox 3032 5766 3103 5838; x_wconf 72' lang='grc' dir='ltr'>τῷ</span> <span class='ocrx_word' id='word_1_1051' title='bbox 3128 5720 3302 5827; x_wconf 60' lang='grc' dir='ltr'>Πατρῗ,</span> <span class='ocrx_word' id='word_1_1052' title='bbox 3335 5765 3437 5826; x_wconf 79' lang='grc' dir='ltr'>ἅμα</span> <span class='ocrx_word' id='word_1_1053' title='bbox 3467 5767 3537 5837; x_wconf 73' lang='grc' dir='ltr'>τῷ</span> <span class='ocrx_word' id='word_1_1054' title='bbox 3554 5764 3693 5873; x_wconf 44' lang='lat' dir='ltr'>ﬁxing</span> <span class='ocrx_word' id='word_1_1055' title='bbox 3737 5762 3895 5811; x_wconf 85' lang='grc' dir='ltr'>ΙΙνεύ-</span> 
     </span>
     <span class='ocr_line' id='line_1_135' title="bbox 2227 5824 3895 5873; baseline -0.001 0"><span class='ocrx_word' id='word_1_1056' title='bbox 2227 5841 2337 5873; x_wconf 80' lang='grc' dir='ltr'>υ.ατι</span> <span class='ocrx_word' id='word_1_1057' title='bbox 2362 5824 2492 5873; x_wconf 82' lang='grc' dir='ltr'>δοξα.</span> <span class='ocrx_word' id='word_1_1058' title='bbox 2517 5830 2613 5872; x_wconf 81' lang='lat' dir='ltr'>clc.</span> <span class='ocrx_word' id='word_1_1059' title='bbox 2687 5825 2705 5863; x_wconf 71' lang='grc' dir='ltr'><em>ι</em></span> <span class='ocrx_word' id='word_1_1060' title='bbox 2735 5824 2908 5873; x_wconf 73' lang='lat' dir='ltr'>Savnl..</span> <span class='ocrx_word' id='word_1_1061' title='bbox 2944 5825 3084 5873; x_wconf 70' lang='lat' dir='ltr'>Rem:</span> <span class='ocrx_word' id='word_1_1062' title='bbox 3126 5828 3322 5873; x_wconf 78' lang='lat' dir='ltr'><strong>cuidam</strong></span> <span class='ocrx_word' id='word_1_1063' title='bbox 3343 5832 3397 5873; x_wconf 81' lang='lat' dir='ltr'><strong><em>el</em></strong></span> <span class='ocrx_word' id='word_1_1064' title='bbox 3417 5825 3621 5873; x_wconf 80' lang='lat' dir='ltr'>Cmslln.</span> <span class='ocrx_word' id='word_1_1065' title='bbox 3691 5826 3895 5872; x_wconf 78' lang='grc' dir='ltr'>ιδασκα-</span> 
     </span>
    </p>
   </div>
   <div class='ocr_carea' id='block_1_133' title="bbox 2227 5824 3902 5888">
    <p class='ocr_par' dir='ltr' id='par_1_133' title="bbox 2227 5824 3902 5888">
     <span class='ocr_line' id='line_1_136' title="bbox 2227 5824 3902 5888; baseline 0.001 -18"><span class='ocrx_word' id='word_1_1066' title='bbox 2227 5841 2337 5888; x_wconf 76' lang='grc' dir='ltr'>ματι</span> <span class='ocrx_word' id='word_1_1067' title='bbox 2362 5824 2492 5888; x_wconf 80' lang='grc' dir='ltr'>δόξα.</span> <span class='ocrx_word' id='word_1_1068' title='bbox 2517 5824 2634 5888; x_wconf 50' lang='grc' dir='ltr'>εἰς(</span> <span class='ocrx_word' id='word_1_1069' title='bbox 2687 5825 2705 5863; x_wconf 73' lang='grc' dir='ltr'><em>ι</em></span> <span class='ocrx_word' id='word_1_1070' title='bbox 2735 5824 2908 5884; x_wconf 80' lang='lat' dir='ltr'>Savil.,</span> <span class='ocrx_word' id='word_1_1071' title='bbox 2944 5824 3086 5888; x_wconf 73' lang='lat' dir='ltr'><strong>Regii</strong></span> <span class='ocrx_word' id='word_1_1072' title='bbox 3126 5824 3322 5888; x_wconf 74' lang='lat' dir='ltr'><strong>quidam</strong></span> <span class='ocrx_word' id='word_1_1073' title='bbox 3343 5824 3621 5888; x_wconf 50' lang='lat' dir='ltr'>amomi-1;</span> <span class='ocrx_word' id='word_1_1074' title='bbox 3660 5824 3902 5873; x_wconf 78' lang='grc' dir='ltr'>διδασκα-</span> 
     </span>
    </p>
   </div>
   <div class='ocr_carea' id='block_1_134' title="bbox 2224 5885 3902 5950">
    <p class='ocr_par' dir='ltr' id='par_1_134' title="bbox 2224 5885 3902 5950">
     <span class='ocr_line' id='line_1_137' title="bbox 2224 5885 3902 5950; baseline 0.001 -17"><span class='ocrx_word' id='word_1_1075' title='bbox 2224 5885 2516 5946; x_wconf 78' lang='grc' dir='ltr'>λίαν,μισθὸν</span> <span class='ocrx_word' id='word_1_1076' title='bbox 2538 5886 2681 5949; x_wconf 80' lang='grc' dir='ltr'>κάμοὶ</span> <span class='ocrx_word' id='word_1_1077' title='bbox 2707 5889 2775 5950; x_wconf 81' lang='grc' dir='ltr'><strong>τῷ</strong></span> <span class='ocrx_word' id='word_1_1078' title='bbox 2798 5885 3157 5947; x_wconf 66' lang='grc' dir='ltr'>καταϐάλλοντι,</span> <span class='ocrx_word' id='word_1_1079' title='bbox 3183 5894 3233 5939; x_wconf 80' lang='lat' dir='ltr'><strong><em>el</em></strong></span> <span class='ocrx_word' id='word_1_1080' title='bbox 3254 5888 3324 5938; x_wconf 82' lang='lat' dir='ltr'>sic</span> <span class='ocrx_word' id='word_1_1081' title='bbox 3349 5885 3496 5937; x_wconf 67' lang='lat' dir='ltr'>etiam</span> <span class='ocrx_word' id='word_1_1082' title='bbox 3509 5885 3734 5938; x_wconf 77' lang='lat' dir='ltr'>Colbert.</span> <span class='ocrx_word' id='word_1_1083' title='bbox 3751 5897 3902 5936; x_wconf 80' lang='lat' dir='ltr'><strong>unus.</strong></span> 
     </span>
    </p>
   </div>
  </div>
