4122 6204
284 386 385 443 H7

277 501 460 558 omnia
488 500 649 556 etiam
682 498 789 553 illis
825 496 1207 550 truculentiora
1248 496 1315 550 ad
1346 496 1493 550 illum
1523 496 1671 567 quasi
1698 494 1873 549 domi-

280 610 410 648 nnm
455 591 602 648 omni
631 606 752 647 cum
793 588 1125 658 subjectione
1153 596 1514 653 accesserunt,
1564 597 1620 642 et
1662 586 1875 641 nomina

279 690 639 754 acceperunt,
671 696 769 736 nec
798 679 963 734 ullum
992 679 1201 733 illorum
1241 679 1441 733 veritus
1468 687 1545 732 cst
1580 678 1766 732 Adam.
1800 677 1877 733 No

284 778 447 847 igitur
471 782 661 844 arguat
687 771 900 841 aliquis,
928 768 1070 840 quod
1115 784 1144 822 a
1176 769 1284 823 Deo
1328 768 1435 822 sint
1474 777 1674 834 creata,
1706 783 1877 836 neque

283 877 477 921 contra
522 862 777 933 Opificem
828 861 1060 930 linguam
1110 870 1288 923 acuat,
1339 859 1446 912 itno
1489 868 1674 912 contra
1723 871 1875 911 suum

288 967 473 1029 caput,
503 956 731 1012 dicendo
775 953 866 1008 illa
909 954 1094 1006 insana
1136 951 1298 1006 verba
1330 950 1528 1019 :anus
1553 951 1720 1020 gratia
1754 949 1878 1004 fcrze

293 1048 749 1120 productaesnnt?
779 1045 909 1101 Nam
927 1045 1105 1100 omnia
1130 1043 1351 1113 perinde
1377 1060 1440 1099 ac
1465 1054 1735 1098 mansueta
1763 1058 1875 1098 ser-

290 1145 511 1197 vitutem
552 1144 923 1211 agnoverunt;
970 1142 1027 1192 et
1072 1135 1366 1190 dominium
1406 1133 1683 1190 manifeste
1724 1134 1879 1189 nobis

295 1240 556 1288 monstrat
608 1230 881 1285 nominum
941 1226 1229 1298 impositio.
1278 1225 1502 1280 Nomina
1545 1226 1709 1293 enim,
1759 1240 1880 1295 qua:

294 1323 549 1395 imposuit
577 1322 701 1388 illis,
734 1335 902 1389 usque
934 1320 987 1373 in
1019 1318 1336 1372 hodiernum
1364 1318 1876 1388 diempermanent:

294 1416 365 1471 ita
393 1414 536 1470 enim
563 1414 678 1467 lucc
717 1410 947 1465 ﬁrmavit
976 1410 1134 1473 Deus,
1164 1416 1225 1464 ut
1250 1417 1556 1478 perpetuam
1591 1407 1880 1463 habeamus

294 1506 607 1562 memoriam
664 1503 898 1568 honoris,
952 1518 1109 1572 quem
1163 1501 1313 1555 initio
1352 1500 1520 1555 Adam
1577 1515 1609 1555 a
1654 1500 1881 1555 Domino

295 1599 532 1652 ottminm
564 1597 791 1666 accepit,
820 1597 971 1650 bruta
1004 1595 1102 1649 sibi
1135 1593 1344 1649 subdita
1377 1593 1596 1659 habens,
1627 1602 1680 1649 et
1718 1593 1880 1648 ablati

297 1690 458 1760 lmjus
482 1704 694 1743 causam
726 1688 798 1743 illi
832 1686 1220 1749 adseribamus,
1249 1685 1339 1756 qui
1363 1693 1579 1755 peccato
1617 1699 1715 1739 suo
1744 1683 1882 1739 hanc

295 1797 445 1837 suam
485 1791 799 1852 potestatem
850 1778 1131 1833 mutilavit.
1169 1777 1261 1832 20.
1312 1777 1379 1831 Et
1419 1777 1642 1842 donavit,
1687 1777 1879 1848 inquit,

300 1873 461 1926 Adam
505 1873 710 1925 nomina
739 1870 973 1924 omnibus
1003 1866 1284 1938 pecoribus,
1316 1877 1363 1923 et
1404 1870 1631 1923 omuibus
1660 1869 1881 1923 volatili-

298 1963 391 2016 bus
415 1961 544 2028 creti,
571 1970 617 2016 et
638 1960 868 2015 omnibus
898 1959 1062 2013 bestiis
1091 1968 1254 2013 terra.
1282 1958 1415 2013 Hine
1437 1958 1545 2029 jam
1579 1958 1880 2030 considera,

301 2054 515 2120 dilecte,
538 2053 826 2109 voluntatis
854 2052 1177 2116 libertatem,
1206 2060 1261 2106 et
1300 2051 1573 2121 sapientiae
1601 2050 1718 2121 ejus
1746 2052 1874 2107 emi.

306 2144 560 2210 nentiam,
583 2136 719 2198 btne
737 2142 882 2198 dicas
909 2158 1030 2198 eum
1056 2142 1331 2211 ignorasse
1354 2141 1477 2212 quid
1508 2142 1725 2207 bonum,
1757 2141 1883 2213 quid

310 2236 529 2290 malum.
558 2235 685 2290 Nam
726 2235 814 2306 qui
842 2236 1010 2305 potttit
1034 2236 1289 2305 congruis
1320 2235 1622 2290 nominibus
1641 2236 1881 2305 jumenta

307 2328 593 2398 appellare,
642 2335 696 2382 et
735 2328 965 2383 volatilia
1010 2328 1148 2391 caeli,
1199 2338 1253 2382 et
1294 2328 1425 2382 alias
1460 2328 1677 2394 bestias,
1710 2342 1883 2398 neque

304 2419 544 2472 ordinem
571 2417 835 2485 confudit,
867 2434 1039 2489 neque
1066 2413 1361 2473 mansuetis
1406 2418 1723 2475 animalibus
1748 2435 1882 2474 con-

306 2509 569 2563 venientia
602 2506 728 2564 feris
753 2509 1025 2581 imposuit,
1072 2525 1171 2566 nec
1201 2508 1326 2565 feris
1355 2511 1700 2580 congruentia
1726 2526 1880 2565 man-

300 2600 468 2654 suetis
487 2601 749 2667 attribuit,
778 2600 872 2656 sed
914 2601 1162 2656 omnibus
1189 2617 1285 2657 sua
1315 2600 1461 2657 dedit
1488 2602 1723 2667 nomina,
1751 2618 1884 2670 quo-

301 2691 463 2745 modo
492 2708 596 2747 non
626 2693 769 2748 omni
794 2695 1051 2764 sapientia
1080 2702 1136 2749 et
1163 2693 1419 2749 industria
1451 2694 1722 2763 pollebat?
1750 2695 1883 2750 llinc

299 2782 495 2852 Cogita,
546 2793 738 2853 quanta
790 2782 949 2855 hujus
994 2784 1245 2856 spiraculi
1292 2784 1345 2840 in
1394 2784 1485 2840 illo
1528 2785 1783 2855 potentia,
1829 2793 1885 2840 et

297 2885 495 2946 qnmtta
520 2877 852 2947 incorporea:
876 2879 1072 2936 animae
1115 2881 1395 2953 sapientia,
1427 2897 1586 2953 quam
1629 2881 1885 2939 Dominus

300 2966 375 3019 illi
402 2966 569 3033 dedit,
597 2983 718 3023 cum
747 2968 1064 3025 admirabile
1093 2980 1150 3028 et
1191 2972 1509 3029 rationabile
1557 2972 1659 3028 hoc
1683 2973 1882 3029 animal

300 3072 366 3111 ex
407 3057 611 3114 duabus
649 3060 854 3116 naturis
882 3063 1233 3128 constituens,
1277 3063 1644 3135 incorporeatn
1690 3067 1883 3121 animae

298 3148 672 3218 substantiam,
704 3165 803 3207 ceu
849 3153 1108 3222 optimum
1159 3154 1442 3222 artiﬁcem,
1489 3156 1703 3226 corpori
1731 3157 1884 3228 quasi

301 3237 651 3295 instrumento
693 3242 992 3309 conjunxit.
1045 3242 1207 3314 Igitur
1236 3260 1357 3299 eum
1404 3256 1577 3301 tecum
1626 3247 1885 3317 cogitabis

301 3340 498 3385 tantam
539 3330 699 3401 lmjns
728 3333 978 3388 animalis
1004 3333 1342 3404 sapientiam,
1372 3336 1639 3393 admirare
1667 3337 1885 3407 Opificis

302 3423 614 3489 potentiam.
643 3422 773 3477 Num
803 3424 846 3477 si
870 3426 984 3480 ςαξιί
1016 3425 1352 3494 pulchritudo
1372 3442 1402 3481 a
1426 3427 1646 3484 cordato
1671 3437 1883 3499 spccta-
1906 3488 1911 3493 η

300 3522 415 3567 tore
439 3514 571 3580 visa,
600 3514 745 3567 illum
776 3513 843 3569 ad
870 3515 1217 3571 celebrandas
1238 3516 1545 3574 Conditoris
1574 3518 1756 3574 laudes
1784 3519 1883 3574 ad-

296 3603 446 3659 ducit
470 3621 485 3658 :
507 3613 706 3670 quanto
731 3606 897 3675 magis
923 3606 1181 3662 rationale
1210 3607 1311 3662 hac
1338 3610 1531 3663 animal
1558 3612 1739 3677 homo,
1760 3627 1883 3667 cum

297 3707 451 3746 suam
493 3692 882 3760 formationem,
912 3693 1132 3749 honoris
1160 3712 1190 3751 a
1235 3696 1344 3752 Deo
1370 3696 1470 3752 sibi
1499 3698 1608 3752 dati
1647 3700 1886 3755 eminen-

300 3784 451 3849 tiam,
484 3784 902 3854 magnitudinem
934 3785 1194 3841 donorum
1227 3798 1282 3844 et
1315 3789 1599 3845 ineffabilia
1629 3792 1884 3849 beneficia

298 3874 626 3941 considerat,
663 3884 934 3931 auctorem
967 3876 1156 3932 horum
1177 3880 1443 3935 continuis
1471 3880 1713 3937 laudibus
1744 3900 1883 3954 pra:-

300 3965 515 4056 dicarc,
573 3975 627 4022 et
672 3983 769 4038 pro
816 3970 927 4026 suis
977 3968 1179 4027 viribus
1219 3972 1439 4043 gloriam
1492 3973 1601 4029 Deo
1655 3975 1883 4033 reddere

300 4058 540 4128 poterit?

372 4147 585 4205 Nomii:
619 4153 920 4208 exhortatio.
962 4184 1035 4195 —
1082 4154 1281 4211 Vellem
1321 4165 1375 4211 et
1421 4156 1489 4212 de
1532 4160 1881 4229 sequentibus

297 4253 453 4307 agere
485 4257 499 4294 :
535 4241 627 4295 sed
659 4257 725 4298 ne
768 4243 1106 4300 multitudine
1133 4261 1317 4301 eorum
1342 4262 1461 4317 quze
1499 4248 1748 4304 dicuntur
1770 4251 1881 4321 jam

296 4329 557 4383 dictorum
598 4331 816 4387 obruant
848 4336 1157 4390 memoriam
1179 4377 1195 4402 ,
1227 4352 1406 4406 opera:
1442 4338 1674 4407 pretium
1725 4339 1883 4398 fuerit

298 4419 552 4477 doctrina:
595 4438 900 4480 sermonem
940 4424 1043 4481 hoc
1070 4426 1188 4482 loco
1221 4427 1491 4484 claudere.
1532 4429 1714 4501 Neque
1737 4433 1879 4488 enim

301 4508 400 4566 hoc
420 4514 591 4567 solum
617 4515 769 4570 nobis
791 4530 933 4570 cura:
957 4524 1059 4582 est,
1084 4526 1142 4572 ut
1160 4518 1322 4573 multa
1342 4518 1579 4577 dicamus
1606 4536 1618 4572 :
1649 4522 1741 4579 sed
1763 4523 1881 4579 ideo

302 4598 521 4657 dicimus
544 4645 560 4669 ,
594 4614 648 4659 ut
680 4618 936 4677 perpetuo
963 4608 1015 4661 in
1048 4607 1241 4663 animis
1269 4611 1462 4666 vestris
1490 4610 1664 4667 defixa
1693 4628 1880 4670 serve-

302 4694 365 4746 tis
385 4734 401 4760 ,
432 4705 595 4765 utque
636 4712 743 4751 non
773 4699 946 4753 solum
975 4714 1072 4755 vos
1096 4700 1193 4770 ipsi
1222 4701 1403 4757 sciatis
1426 4717 1486 4758 ea
1517 4721 1636 4775 qum
1663 4706 1715 4761 in
1747 4705 1884 4764 divi-

299 4783 382 4837 nis
408 4783 695 4855 Scripturis
717 4789 1078 4853 continentur,
1107 4790 1201 4846 sed
1228 4800 1286 4845 ιιι
1312 4802 1365 4847 et
1390 4794 1614 4849 aliorum
1637 4797 1753 4853 sitis
1777 4797 1881 4854 do-

295 4889 492 4940 ctores,
526 4879 843 4950 possitisque
873 4890 927 4935 et
968 4881 1103 4937 alios
1154 4882 1462 4939 admonere.
1504 4885 1881 4960 Unusquisque

297 4967 456 5037 igitur
482 4979 735 5034 vestrum,
758 4969 1002 5034 obsecro,
1038 4971 1161 5029 hinc
1190 4989 1467 5044 egressus,
1494 4991 1614 5032 cum
1640 4981 1881 5048 proximo

294 5072 396 5112 suo
423 5057 682 5113 dictorum
701 5062 1011 5117 memoriam
1041 5062 1280 5128 refricct.
1306 5075 1361 5121 et
1379 5081 1497 5137 qua:
1528 5068 1640 5137 ipse
1663 5070 1883 5126 retinnit

293 5148 547 5217 offerens,
579 5168 639 5206 ea
666 5168 784 5223 qnzn
812 5153 949 5210 alius
977 5157 1232 5212 memoria
1255 5166 1401 5214 tenet
1427 5161 1671 5231 accipiat.
1720 5162 1786 5217 Et
1811 5164 1880 5218 ita

292 5240 477 5294 omnia
507 5243 814 5313 colligentes
855 5256 1013 5316 atque
1062 5250 1318 5305 memoria
1366 5262 1632 5320 tenentes,
1662 5254 1879 5310 domum

292 5332 598 5399 concedite,
626 5336 765 5406 apud
796 5352 889 5393 vos
929 5339 1073 5408 ipsos
1108 5341 1445 5396 ruminantcs
1479 5343 1684 5399 divinas
1724 5345 1883 5403 hasce

296 5424 610 5481 doctrinas:
643 5439 698 5482 ut
726 5430 827 5485 huc
850 5432 995 5485 omni
1026 5447 1150 5488 cura
1179 5443 1354 5488 vestra
1384 5447 1882 5501 conversa,mente-

294 5532 400 5584 que
438 5518 492 5573 in
535 5517 618 5573 his
669 5531 949 5592 occupata,
984 5524 1199 5593 possitis
1248 5524 1402 5580 facile
1448 5536 1504 5581 et
1553 5528 1882 5585 turbulentas

270 5607 460 5663 .snimi
480 5610 790 5668 affectiones
813 5614 1051 5680 vincere,
1079 5622 1133 5670 et
1158 5614 1351 5670 diaboli
1388 5616 1604 5672 insidias
1626 5616 1878 5688 effugere.

295 5693 428 5753 Nam
449 5715 568 5755 cum
595 5704 771 5758 malus
806 5703 893 5759 ille
916 5704 1126 5759 dmnton
1156 5704 1298 5760 videt
1342 5708 1570 5763 animam
1599 5708 1668 5766 de
1689 5708 1882 5767 divinis

297 5785 459 5845 rebus
483 5792 784 5858 sollicitam,
815 5802 867 5851 et
893 5801 1147 5864 perpetuo
1177 5794 1293 5851 illas
1328 5797 1648 5868 cogitantem
1679 5808 1732 5856 et
1758 5816 1875 5859 ver-

1365 381 1430 436 IN
1461 381 1609 436 CAP.
1633 380 1695 435 Il.
1742 377 1987 435 GENES.
2040 380 2259 436 IIOMIL.
2311 381 2426 439 XV.

3465 385 3567 442 HS

1983 504 2209 563 saniem,
2236 512 2304 553 ne
2326 497 2585 555 accedere
2611 499 2822 569 quidem
2851 502 3067 569 propius
3095 500 3276 566 audet,
3306 499 3401 556 sed
3424 502 3569 557 cele-

1984 589 2114 642 riter
2141 590 2336 659 resilit,
2363 606 2393 645 a
2419 591 2650 662 Spiritus
2673 593 2984 661 Operatione
3030 591 3181 663 quasi
3228 607 3259 647 a
3307 607 3569 648 succenso

1984 697 2112 751 rogo
2131 682 2368 738 abactus.
2406 684 2474 741 Ut
2501 685 2661 754 igitur
2679 692 2735 740 et
2761 684 2912 739 ttobis
2936 683 3218 754 plurimum
3240 685 3310 739 sit
3332 684 3486 748 lucri.
3510 695 3568 741 et

1983 767 2128 825 illum
2176 772 2389 828 vincere
2422 774 2714 841 valeamus,
2742 783 2796 828 et
2836 774 3068 843 superne
3114 773 3266 829 nobis
3296 765 3585 844 copiosior‘

1984 870 2261 929 przestetur
2283 864 2471 934 gratia,
2500 864 2553 919 in
2575 863 2658 918 bis
2677 865 2912 920 animum
2935 872 3175 919 nostrum
3195 878 3563 921 exerceamus.

1981 953 2113 1009 Nam
2167 954 2237 1009 ita
2282 957 2731 1026 prosperabuntur
2768 957 2821 1012 in
2860 956 3106 1012 manibus
3131 956 3327 1011 nostris
3362 958 3565 1023 omnia,

1982 1055 2138 1099 erunt
2167 1043 2342 1100 facilia
2364 1062 2485 1116 qua:
2509 1045 2746 1101 difﬁcilia
2775 1055 2930 1102 erant
2961 1065 2975 1101 :
3006 1060 3125 1116 qua:
3152 1044 3375 1100 molesta
3416 1044 3569 1100 vide-

1985 1138 2175 1193 bantur
2201 1152 2342 1202 esse.
2370 1138 2568 1194 bonum
2599 1139 2799 1194 exitum
2819 1137 3129 1203 sortientur,
3154 1151 3255 1192 nec
3279 1134 3569 1207 qnidquant

1985 1230 2325 1300 praesentium
2356 1246 2454 1286 nos
2485 1230 2697 1285 tristitia
2722 1229 2939 1286 afficere
2972 1229 3190 1301 poterit.
3229 1226 3574 1297 Quandoquio

1984 1319 2105 1376 dem
2133 1322 2175 1377 si
2205 1321 2359 1377 nobis
2385 1338 2530 1377 cura:
2559 1322 2754 1377 fuerint
2778 1321 2977 1385 divina,
3023 1321 3136 1391 ipse
3175 1333 3386 1390 quoque
3430 1317 3573 1373 Deus

1988 1428 2083 1481 pro
2108 1412 2263 1467 nobis
2290 1413 2547 1468 sollicitus
2572 1414 2695 1478 erit,
2726 1421 2780 1467 et
2808 1426 2998 1483 magna
3037 1410 3323 1466 securitate
3358 1424 3456 1479 per
3481 1423 3575 1476 pe-

1985 1505 2134 1575 lagus
2160 1506 2315 1577 hujus
2340 1506 2459 1560 vita:
2487 1506 2872 1576 navigabimus,
2909 1519 2971 1559 ac
2997 1502 3293 1558 deducente
3331 1515 3428 1555 nos
3456 1515 3573 1554 ma-

1984 1611 2087 1666 gno
2117 1597 2207 1652 illo
2237 1597 2593 1668 gubernatore
2643 1597 2753 1652 Deo
2792 1596 2925 1667 ipso,
2958 1595 3024 1650 ad
3079 1594 3223 1649 illius
3274 1593 3573 1649 clementia:

1988 1699 2196 1758 portum
2219 1690 2545 1759 appellemus
2577 1706 2591 1742 :
2618 1689 2703 1744 cui
2743 1689 2908 1759 gloria
2937 1690 2977 1754 ⁸,
3005 1698 3060 1743 et
3092 1687 3402 1758 imperium.
3432 1703 3573 1742 nunc

1986 1789 2041 1835 et
2065 1795 2297 1852 semper,
2327 1790 2382 1836 et
2425 1781 2478 1835 in
2530 1780 2733 1835 infinita
2766 1781 2958 1836 szccula
2992 1780 3330 1836 saeculorum.
3372 1782 3570 1836 Amen.

2565 1913 2843 1971 llOMlLIA
2886 1914 2997 1969 XV.

1936 2052 1947 2057 -
1986 2027 2113 2081 Adte
2132 2044 2245 2081 vero
2272 2045 2374 2083 non
2402 2028 2636 2083 inuentus
2657 2038 2731 2084 est
2757 2030 2966 2100 adjutor
2987 2028 3168 2084 similis
3189 2028 3285 2083 illi.
3318 2027 3383 2082 Et
3405 2029 3574 2083 immi-

2057 2119 2123 2172 sit
2164 2118 2301 2174 Deus
2322 2135 2579 2174 excessum
2605 2120 2659 2173 in
2686 2119 2873 2184 Adam,
2897 2128 2945 2173 et
2970 2118 3230 2172 dormivit.
3270 2116 3338 2171 Et
3384 2120 3574 2184 accepit

2055 2227 2207 2267 unam
2231 2221 2482 2265 costarum
2507 2212 2639 2282 ejus,
2667 2219 2712 2265 et
2738 2210 2960 2281 impleuit
2982 2226 3182 2263 carnem
3211 2226 3303 2279 pro
3344 2210 3454 2264 illa.
3504 2208 3573 2263 Et

2055 2302 2325 2371 wdiﬁcaoit
2354 2300 2492 2357 Deus
2519 2313 2708 2357 costam
2730 2343 2745 2362 ,
2772 2318 2925 2373 quam
2966 2301 3158 2372 accepit
3198 2300 3262 2356 de
3293 2300 3490 2370 Adam,
3521 2302 3574 2355 in

2056 2391 2315 2445 mulierem
2346 2390 2500 2460 (Gen.
2530 2391 2585 2445 2.
2612 2390 2825 2463 20-22).

2059 2505 2113 2558 l.
2156 2502 2232 2558 De
2254 2520 2427 2559 notore
2461 2504 2596 2560 verbi
2615 2504 2771 2558 diuini
2791 2504 2895 2558 suis
2917 2503 3233 2558 auditoribus
3263 2503 3570 2576 gratulatur.

1984 2623 2057 2636 —
2086 2594 2324 2665 Magnam
2351 2594 2503 2651 vobis
2519 2593 2690 2649 habeo
2707 2595 2954 2665 gratiam,
2975 2594 3118 2664 quod
3136 2602 3276 2650 tanta
3298 2593 3575 2649 alacritate

1988 2687 2290 2743 hesternam
2319 2699 2490 2740 meam
2517 2685 2835 2753 acceperitis
2861 2683 3303 2745 admonitionem.
3330 2691 3385 2738 et
3403 2684 3574 2738 dicto-

1989 2794 2106 2833 I‘tlltl
2139 2777 2443 2848 prolisitate
2483 2792 2590 2833 non
2629 2777 2804 2833 solum
2846 2790 2955 2832 non
3002 2775 3121 2832 sitis
3144 2775 3355 2841 otl‘ensi,
3392 2774 3488 2832 sed
3520 2775 3575 2831 in

1985 2868 2260 2924 concionis
2284 2868 2425 2925 serie
2450 2875 2762 2939 perpetuum
2783 2866 3033 2923 audiendi
3061 2866 3385 2922 desiderium
3409 2880 3579 2937 usque

1986 2958 2054 3014 ad
2085 2959 2246 3015 tinent
2272 2959 2612 3015 servaveritis
2639 2972 2656 3010 :
2685 2957 2827 3015 unde
2853 2972 3043 3029 magna
3066 2957 3221 3013 nobis
3242 2971 3366 3029 spes
3380 2964 3464 3014 est
3476 2962 3576 3014 vos

1987 3051 2240 3121 operibus
2264 3050 2395 3121 ipsis
2422 3049 2645 3106 consilia
2686 3060 2868 3106 nostra
2903 3056 3228 3120 sequuturos
3265 3063 3404 3105 esse.
3443 3047 3575 3104 Nam

1986 3142 2078 3211 qui
2103 3148 2248 3197 tanta
2281 3141 2552 3210 voluptate
2574 3139 2755 3204 audit,
2780 3138 3019 3195 declarat
3063 3138 3131 3194 ad
3175 3154 3337 3211 opera
3352 3153 3575 3213 quoque

1989 3232 2228 3289 iacienda
2267 3248 2328 3289 se
2376 3243 2616 3303 paratum
2650 3253 2665 3291 :
2694 3232 2891 3302 alioqui
2933 3230 3183 3302 frequens
3227 3231 3387 3286 etiam
3436 3243 3577 3285 nunc

1989 3325 2091 3380 iste
2116 3334 2295 3380 vester
2322 3331 2615 3379 conventus
2639 3331 2847 3380 certum
2882 3330 3254 3393 argumentum
3297 3329 3382 3376 est
3416 3335 3574 3391 quam

1990 3417 2126 3471 bene
2169 3416 2345 3471 anima
2395 3415 2639 3471 valeatis.
2680 3414 2812 3470 Nam
2848 3416 2987 3470 sicut
3024 3414 3232 3469 esurire
3256 3414 3466 3483 signum
3494 3419 3573 3468 est

1990 3511 2142 3566 bona:
2166 3509 2484 3565 valetudinis
2513 3508 2825 3577 corporalis,
2846 3508 2918 3562 ita
2943 3521 3125 3561 amare
3139 3505 3323 3561 divina
3340 3505 3573 3576 eloquia,

1987 3601 2282 3673 Spiritualis
2313 3600 2558 3655 sanitatis
2594 3598 2845 3653 indicium
2892 3597 3047 3651 fuerit
3080 3596 3393 3651 maximum.
3426 3596 3572 3662 Quo-

1991 3697 2131 3750 niam
2158 3703 2335 3748 autem
2362 3691 2564 3747 fructus
2609 3691 2770 3746 vestri
2801 3690 2960 3746 studii
2988 3689 3268 3760 pollicetur
3286 3729 3301 3753 ,
3333 3701 3431 3743 vos
3456 3701 3574 3757 quas

1986 3785 2208 3842 audistis
2237 3784 2546 3855 impletnros
2572 3798 2713 3848 esse,
2743 3797 2841 3853 age
2866 3790 2922 3838 et
2952 3797 3050 3838 nos
3077 3779 3379 3836 mercedem
3410 3796 3569 3850 quam

1991 3879 2103 3934 beri
2142 3877 2543 3948 pollicebamur.
2575 3876 2734 3932 hodie
2786 3885 2974 3930 vestra:
3016 3874 3225 3930 caritati
3268 3874 3575 3929 dinumera-

1987 3986 2126 4027 mus.
2166 3970 2505 4041 Spiritualem
2554 3970 2690 4025 hanc
2732 3968 3027 4023 doctrinam
3077 3967 3378 4023 mercedtm
3424 3968 3568 4034 dico,

1987 4077 2105 4133 qua:
2123 4071 2296 4132 potest
2320 4069 2376 4118 et
2401 4075 2573 4115 meam
2599 4075 2794 4130 augere
2811 4057 3159 4114 substantiam
3175 4072 3296 4112 cum
3320 4073 3570 4114 munera-

1986 4170 2137 4218 vero.
2171 4166 2225 4212 et
2255 4171 2348 4211 vos
2370 4155 2458 4225 qui
2488 4152 2746 4225 recipitis,
2775 4151 2996 4208 ditiores
3024 4150 3221 4207 facere.
3263 4151 3374 4205 Iloc
3425 4150 3572 4206 enim

1986 4249 2147 4306 modo
2173 4265 2232 4306 se
2258 4249 2454 4305 habent
2476 4247 2766 4318 Spiritualia
2804 4246 2982 4301 omnia
3011 4266 3025 4302 :
3052 4244 3104 4300 id
3132 4244 3272 4315 quod
3305 4244 3356 4297 in
3404 4242 3566 4298 rebus

1986 4340 2326 4396 sensibilibus
2354 4356 2460 4395 non
2481 4347 2583 4396 est.
2615 4338 2745 4394 Nam
2776 4339 2829 4394 itt
2854 4337 2958 4393 illis
2978 4377 2994 4399 ,
3019 4337 3109 4408 qui
3148 4335 3452 4391 dinumerat
3480 4349 3573 4404 pe-

1986 4432 2220 4495 cuniam,
2251 4447 2402 4487 suam
2436 4431 2704 4486 imminuit
2720 4429 3069 4485 substantiam
3092 4430 3135 4496 ⁸,
3178 4437 3233 4485 et
3262 4428 3574 4499 locupletio-

1986 4538 2099 4577 rem
2119 4521 2283 4579 efficit
2306 4539 2429 4579 eum
2458 4524 2547 4594 qui
2574 4523 2764 4591 recipit
2790 4537 2804 4573 :
2835 4521 2921 4577 hic
2942 4530 3244 4578 autemnon
3274 4522 3372 4584 sic.
3400 4522 3493 4578 sed
3517 4532 3575 4578 et

1986 4620 2033 4671 is
2050 4616 2141 4686 qui
2173 4626 2418 4671 numerat
2438 4657 2453 4677 .
2485 4629 2613 4671 snas
2642 4614 2919 4669 facultates
2951 4612 3120 4683 magis
3147 4622 3332 4681 auget,
3357 4620 3412 4666 et
3432 4611 3570 4667 reci-

1987 4706 2253 4776 pientibus
2269 4704 2574 4760 divitiarum
2613 4705 2834 4758 multum
2862 4701 3090 4757 accedit.
3131 4701 3313 4770 Itaque
3355 4714 3477 4754 cum
3516 4709 3572 4754 et

1988 4798 2140 4851 nobis
2168 4804 2409 4865 prompta
2429 4796 2499 4850 sit
2519 4793 2906 4856 benevolentia,
2937 4801 2994 4846 et
3017 4805 3114 4844 vos
3128 4789 3433 4859 spiritttales
3452 4788 3570 4844 illas

1985 4903 2118 4958 opes
2151 4885 2446 4955 suscepturi
2477 4884 2626 4939 sinus
2658 4882 2854 4937 tuentis
2893 4889 3109 4950 paratos
3154 4878 3433 4934 habeatis:
3472 4893 3570 4949 age

1989 4987 2302 5048 praestemus
2329 4975 2470 5046 quod
2495 4978 2549 5030 in
2575 4987 2673 5029 nos
2697 4972 3018 5041 recepimus,
3039 4979 3095 5027 et
3117 4972 3307 5027 iterum
3337 4970 3569 5039 acceptis

1988 5071 2072 5133 iis.
2097 5083 2217 5139 qua:
2235 5083 2302 5124 ex
2318 5074 2567 5123 contextu
2595 5064 2735 5120 beati
2761 5062 2923 5119 Hosis
2946 5064 3083 5119 lecta
3109 5071 3252 5125 sunt,
3280 5060 3402 5117 inde
3419 5059 3568 5115 vobis

1987 5160 2286 5218 mercedem
2340 5158 2758 5214 dinutneretnns.
2823 5155 2956 5223 Quae
3006 5157 3165 5226 igitur
3215 5154 3374 5210 hodie
3427 5152 3564 5207 locta

1986 5264 2108 5310 sunt
2138 5254 2190 5307 in
2216 5251 2452 5308 medium
2478 5250 2652 5306 afferri
2683 5249 2898 5315 debent,
2928 5257 2987 5304 ut
3012 5248 3288 5302 thesauros
3311 5257 3566 5298 sensuum

1989 5348 2040 5398 in
2070 5344 2244 5399 verbis
2274 5344 2517 5401 latentes.
2547 5341 2830 5412 diligenter
2845 5339 3117 5411 qumsitos,
3138 5336 3346 5392 caritati
3371 5342 3567 5389 vestra:

2043 5437 2059 5468 ¹
2094 5434 2348 5497 coislin....
2373 5429 2687 5497 appellemus.
2722 5429 2883 5497 gratia
2904 5435 2962 5497 et_
2991 5426 3329 5497 misericordia
3372 5422 3562 5497 Domim'

1980 5497 2131 5549 nostri
2145 5484 2263 5548 Jesu
2283 5484 2460 5546 Christi
2481 5508 2591 5545 cum
2612 5484 2707 5557 quo
2723 5484 2788 5542 2n
2817 5491 2975 5557 patri
2986 5498 3032 5540 et
3055 5487 3253 5557 spiritui
3276 5496 3442 5557 saneto
3463 5484 3561 5556 glo.

1979 5559 2074 5619 rio.
2114 5565 2211 5624 etc.
2237 5565 2286 5624 In
2308 5558 2442 5607 hisce
2467 5550 2646 5613 verbis,
2682 5566 2793 5624 qua:
2817 5551 3035 5624 bentilias
3053 5550 3472 5624 clauduntuntulta
3510 5550 3558 5599 in

1980 5612 2310 5682 Ianuscriptis
2322 5624 2608 5670 observatur
2629 5612 2852 5682 varietas,
2878 5620 2933 5665 ut
2947 5616 3280 5682 monetetiagn
3292 5612 3524 5682 _Saviiius.

2043 5691 2064 5721 ⁸
2090 5677 2274 5739 Omnes
2296 5684 2483 5735 habent
2507 5694 2697 5746 vocem,
2721 5677 3039 5746 substantiam
3065 5677 3173 5746 (τῂν
3194 5677 3403 5746 ορσίᾳενὶ.
3430 5688 3557 5746 prte-

1982 5758 2063 5801 ter
2101 5737 2227 5825 lteg.
2263 5759 2418 5797 unum
2446 5750 2501 5795 et
2533 5737 2701 5795 Morel.
2724 5741 2811 5805 qui
2849 5740 3051 5802 habent,
3073 5737 3419 5790 abundantiam
3452 5738 3558 5799 (τὴν

1986 5827 2298 5878 περιουσιανι.
