4122 6204
624 313 731 372 119

623 440 1005 501 proponamus.
1044 421 1283 480 Audistis
1307 424 1453 479 enim
1480 423 1640 479 modo
1664 424 1992 492 Scripturam
2021 420 2173 475 dicen
2190 450 2206 459 -

625 531 733 573 tem
764 516 890 574 :20.
918 515 1045 570 Ade:
1064 531 1178 570 vero
1204 532 1304 570 non
1332 516 1561 570 inventus
1584 527 1657 570 est
1680 515 1888 584 adjutor
1912 513 2089 567 similis
2109 512 2207 567 illi.

622 607 761 676 Quid
800 606 901 662 sibi
942 607 1050 661 vult
1081 608 1257 663 brevis
1308 609 1424 664 hate
1464 607 1649 673 dictio,
1680 608 1805 661 Ade:
1850 607 2003 660 vero?
2043 620 2211 676 quare

622 699 840 770 apponit
856 700 1320 769 eonjuuctionem?
1335 717 1511 754 annon
1523 697 1812 756 sulliciebat
1827 697 2024 763 dicere,
2045 697 2212 752 Adte?

623 789 736 844 Non
764 790 962 861 absque
993 792 1235 856 ratione,
1257 806 1431 860 neque
1456 789 1779 844 curiositatis
1820 789 1988 860 gratia
2040 787 2214 857 inqui-

621 883 777 937 rendi
809 883 931 937 talia
959 883 1112 942 nobis
1150 884 1358 937 animus
1379 894 1462 938 est.
1478 924 1492 947 ,
1524 882 1619 938 sed
1641 891 1701 937 ut
1726 881 2009 953 diligenter
2033 880 2213 935 omnia

622 973 776 1028 vobis
803 974 1237 1043 interpretantes,
1261 973 1547 1030 doceamus
1576 988 1673 1029 vos
1714 987 1885 1042 neque
1923 972 2212 1026 dictionem

624 1075 867 1131 parvam,
896 1081 1067 1135 neque
1095 1065 1354 1138 syllabam
1385 1081 1542 1120 ttnam
1572 1065 1624 1120 in
1656 1065 1850 1120 divinis
1871 1064 2063 1120 Litoris
2082 1079 2215 1117 con-

628 1162 828 1210 tentam
853 1171 975 1212 esse
1012 1156 1462 1226 pra'tereundam.
1496 1156 1611 1211 Non
1662 1157 1805 1212 enim
1829 1156 1989 1212 verba
2014 1154 2217 1225 qualia-

626 1261 856 1316 cumque
884 1254 1026 1307 sunt.
1056 1248 1150 1302 sed
1176 1247 1403 1317 Spiritus
1429 1248 1601 1303 Sancti
1634 1246 1795 1302 verba
1812 1290 1826 1310 .
1850 1254 1907 1302 et
1935 1255 2214 1316 propterea

631 1355 881 1410 maguum
918 1341 988 1395 ibi
1019 1344 1324 1396 thesaurum
1354 1340 1595 1396 invenire
1636 1340 1791 1407 licet,
1826 1340 1985 1394 etiam
2025 1339 2081 1392 in
2111 1352 2213 1392 una

630 1432 855 1501 syllaba.
880 1433 1190 1488 Auscultate
1220 1434 1399 1503 igitur,
1430 1434 1675 1494 obsecro,
1693 1447 1881 1502 magna
1903 1430 2211 1500 diligentia;

631 1524 807 1579 nullus
846 1524 1025 1590 deses,
1063 1526 1241 1581 nttllus
1293 1525 1686 1580 Somniculosus
1725 1527 1815 1587 sit,
1837 1538 2025 1579 omnes
2072 1522 2217 1593 vigili

630 1618 810 1671 animo
833 1617 1048 1683 adeSte;
1073 1617 1249 1672 nullus
1273 1618 1508 1673 externis
1527 1614 1963 1686 occupationibus
1983 1622 2215 1669 mentem

630 1706 910 1773 distrahat,
944 1709 1150 1763 nullum
1174 1710 1458 1762 smetdares
1482 1723 1624 1762 cura:
1651 1708 1935 1775 abripiant,
1954 1704 2047 1761 sed
2074 1705 2219 1774 cogi-

632 1808 709 1855 tet
737 1800 1099 1871 unusquisque
1146 1801 1439 1871 spiritualis
1487 1800 1643 1869 hujus
1685 1799 2109 1870 congregationis
2138 1798 2218 1851 di-

631 1891 906 1960 gnitatem,
934 1900 987 1946 et
1011 1906 1075 1946 ea
1101 1907 1221 1962 quae
1264 1891 1562 1946 audivimus
1589 1891 1756 1946 Deum
1783 1891 1937 1946 nobis
1978 1905 2071 1958 per
2096 1906 2218 1959 pro-

633 1982 911 2051 phetarum
934 1985 1165 2054 linguam
1190 1984 1370 2040 dicere
1395 2001 1411 2039 :
1435 1984 1617 2055 sicque
1640 1998 1801 2039 aures
1824 1983 2023 2054 arrigat
2055 1992 2109 2036 et
2134 1982 2217 2036 in-

634 2083 833 2128 tentam
886 2084 1118 2130 mentem
1169 2074 1452 2137 adhibeat,
1501 2090 1568 2129 ne
1609 2074 1810 2144 aliquid
1861 2090 2046 2128 eorum
2099 2089 2220 2144 qua:

632 2164 979 2230 scm‘namus,
1011 2167 1064 2220 in
1096 2177 1298 2237 petram
1325 2167 1501 2232 cadat,
1523 2166 1606 2221 vel
1627 2182 1784 2222 secus
1799 2167 1958 2229 viam,
1978 2167 2061 2222 vel
2084 2167 2221 2220 inter

630 2254 848 2326 spinas;
880 2255 975 2310 sed
1000 2271 1161 2311 omne
1200 2272 1385 2312 semen
1416 2260 1468 2311 in
1497 2265 1694 2311 terram
1726 2257 1949 2321 bonam,
1978 2256 2219 2312 latitudi-

634 2360 757 2402 nem
807 2346 930 2403 dieo
981 2348 1175 2403 mentis
1222 2359 1435 2417 vestrzc,
1474 2349 1789 2420 projectum,
1821 2350 2024 2420 largum
2070 2350 2221 2403 vobis

635 2439 862 2498 fructum
883 2443 1075 2500 all‘crre
1102 2454 1281 2515 queat,
1308 2455 1362 2501 et
1390 2461 1419 2498 a
1449 2446 1600 2501 nobis
1628 2445 1934 2502 concredita
1962 2444 2220 2516 multipli-

633 2542 740 2587 cet.
778 2531 1043 2589 Caeterum
1072 2516 1353 2591 videamus
1373 2535 1496 2606 quid
1519 2536 1618 2592 sibi
1651 2536 1781 2591 velit
1805 2535 1967 2606 hujus
1984 2535 2216 2603 conjun-

634 2625 830 2680 ctionis
853 2627 1040 2696 copula
1073 2644 1087 2680 :
1119 2627 1247 2683 Adw
1299 2644 1413 2683 vero
1466 2647 1568 2683 non
1620 2629 1965 2684 inveniebatur
2016 2630 2223 2700 adjulor

634 2715 817 2771 similis
844 2716 943 2771 illi.
989 2717 1140 2784 Vide,
1170 2718 1415 2783 obsecro,
1439 2719 1635 2775 divina:
1675 2719 1964 2790 Scriptura:
2001 2735 2222 2775 accura-

639 2819 746 2863 tam
766 2808 1117 2879 diligentiam.
1146 2811 1428 2882 Postquam
1449 2812 1605 2878 dixit,
1633 2814 1758 2868 Adar
1782 2829 1897 2868 vero
1922 2830 2025 2868 non
2050 2814 2224 2867 inven-

637 2912 719 2955 tus
744 2912 816 2958 est
835 2902 1040 2973 adjutor
1070 2905 1088 2936 ⁸
1120 2920 1137 2955 :
1171 2919 1277 2960 non
1304 2904 1377 2959 ibi
1397 2905 1651 2970 substitit,
1674 2906 1768 2962 sed
1796 2906 2031 2975 adjecit,
2061 2905 2224 2962 Simi-

638 2995 703 3049 lis
730 2994 808 3050 illi
833 3010 854 3049 :
875 2994 1234 3051 additamenta
1264 2996 1358 3052 illo
1398 3012 1612 3052 causam
1638 2998 1793 3053 nobis
1819 2998 2127 3062 declarans,
2153 2997 2225 3052 ob

638 3102 799 3156 quam
827 3087 1217 3158 conjunctiouis
1237 3090 1481 3160 capulum
1509 3091 1794 3146 addiderit.
1821 3091 2089 3146 Existimo
2104 3107 2227 3145 acu-

637 3183 804 3238 tiores
848 3184 1153 3254 eonjeetare
1193 3200 1348 3256 posse
1376 3228 1391 3248 .
1432 3196 1491 3243 et
1532 3187 1825 3257 praevidere
1866 3186 1990 3256 quid
2031 3186 2224 3241 dicturi

639 3273 827 3329 simus.
868 3273 1063 3330 Verum
1083 3276 1207 3347 quia
1238 3277 1404 3332 nostri
1430 3276 1590 3333 oflieii
1620 3288 1700 3332 est
1723 3318 1740 3345 ,
1767 3278 1857 3348 qui
1887 3291 2224 3332 communem

638 3365 887 3421 omnibus
907 3365 1201 3422 doetrinam
1235 3368 1571 3439 proferimus,
1601 3369 1849 3423 omnibus
1867 3368 2027 3423 etiam
2055 3366 2230 3422 mani-

640 3458 775 3513 festa
807 3458 981 3516 facere
1004 3475 1125 3531 quas
1149 3477 1179 3516 a
1206 3462 1360 3518 nobis
1387 3462 1635 3518 dicuntur
1657 3504 1672 3529 ,
1702 3477 1799 3534 age
1818 3462 2106 3519 doceamus
2131 3477 2226 3518 vos

636 3550 787 3620 cujus
810 3551 977 3622 gratia
1004 3553 1086 3607 sic
1109 3551 1334 3619 dixerit;
1358 3554 1450 3609 sed
1479 3570 1763 3625 parumper
1781 3554 2060 3609 sustinete.
2090 3552 2225 3608 Nam

637 3652 918 3712 postquam
958 3642 1010 3697 in
1040 3644 1405 3713 superioribus
1425 3644 1599 3711 dictis,
1629 3647 1765 3701 sicut
1786 3660 2054 3703 memores
2074 3645 2224 3711 estis,

638 3732 911 3802 Scriptura
963 3733 1140 3788 divina
1185 3736 1448 3799 dixisset,
1498 3735 1772 3790 Faciamus
1822 3737 1900 3792 illi
1941 3738 2227 3808 adjutorem

639 3823 916 3876 secundum
935 3838 1086 3877 eum:
1118 3825 1295 3877 statim
1316 3823 1500 3879 docuit
1525 3840 1622 3879 nos
1653 3826 1962 3892 bestiarum,
1989 3836 2044 3882 et
2066 3829 2229 3896 repti-

642 3913 770 3967 lium
796 3922 850 3968 et
874 3915 1147 3970 brutorum
1169 3917 1405 3971 omnium
1433 3915 1839 3982 formationem;
1866 3918 1940 3972 ait
1965 3919 2132 3984 enim,
2162 3918 2227 3973 Et

641 4003 875 4072 formavit
896 4004 1034 4060 Deus
1053 4006 1222 4062 adhuc
1246 4007 1310 4061 de
1327 4016 1459 4062 terra
1480 4024 1651 4062 omnes
1678 4007 1879 4073 bestias,
1922 4018 1972 4063 et
2003 4008 2229 4065 volucres

640 4096 772 4158 ccli.
795 4106 842 4151 et
856 4097 1001 4152 duxit
1022 4098 1113 4153 illa
1141 4099 1209 4153 ad
1231 4099 1415 4165 Adam,
1448 4108 1502 4153 ut
1526 4098 1710 4154 videret
1731 4101 1854 4171 quid
1874 4110 2070 4154 vocaret
2112 4100 2227 4156 illa.

648 4187 716 4241 Et
738 4188 889 4256 quasi
911 4189 1158 4244 dominus
1183 4192 1435 4247 omnibus
1461 4191 1711 4261 imposuit
1740 4193 1976 4258 nomina,
2003 4202 2059 4247 et
2105 4193 2227 4248 uni-

645 4279 839 4348 cuique
885 4280 1196 4346 bestiarum,
1222 4292 1276 4336 et
1321 4282 1618 4346 volucrum,
1648 4294 1704 4339 et
1751 4284 2023 4338 brutorum
2082 4285 2227 4339 omni

642 4370 825 4439 generi
873 4385 1027 4426 suum
1061 4373 1375 4428 vocabulum
1422 4374 1717 4431 secundum
1766 4392 2075 4433 concessam
2129 4376 2230 4432 sibi

644 4462 959 4532 Sapientiam
979 4465 1266 4534 assignavit
1290 4484 1303 4519 :
1334 4477 1393 4521 ut
1413 4467 1552 4521 seire
1579 4482 1879 4536 possemus,
1900 4485 2085 4523 omnes
2115 4469 2230 4523 illas

645 4564 937 4621 creaturas,
965 4556 1091 4612 licet
1137 4557 1339 4612 homini
1385 4558 1691 4614 ministrent
1739 4568 1795 4615 et
1836 4576 1933 4615 nos
1979 4560 2232 4630 adjnvent

644 4646 983 4716 cooperando
1010 4648 1307 4712 nobiscum,
1348 4650 1737 4706 irrationabiles
1778 4660 1953 4706 tamen
2001 4660 2233 4719 csse,et

648 4740 864 4795 homine
907 4740 1061 4812 longe
1107 4741 1421 4809 inferiores;
1451 4743 1593 4798 unde
1637 4759 1705 4797 ne
1733 4756 1980 4813 putemus
2004 4760 2124 4800 eum
2161 4745 2230 4800 de

647 4830 755 4887 illis
777 4831 996 4898 dixisse,
1037 4831 1312 4888 Faciamus
1337 4834 1414 4888 illi
1442 4834 1750 4905 udjutorem.
1775 4834 1907 4890 Nam
1935 4836 2056 4890 licet
2078 4836 2232 4906 adju-

648 4932 797 4987 vcnt,
825 4937 878 4979 et
907 4924 961 4978 in
1004 4925 1185 4980 multis
1206 4926 1503 4982 ministerio
1540 4943 1639 4983 suo
1664 4929 1863 4983 homini
1910 4930 2066 4984 utiles
2097 4931 2225 4995 sint,

647 5018 855 5072 ratione
884 5026 1059 5072 tamen
1081 5029 1286 5074 carent.
1329 5020 1470 5076 Sane
1498 5022 1639 5092 quod
1680 5021 1866 5091 juvent
1890 5038 2021 5089 nos,
2051 5038 2230 5078 rerum

645 5108 802 5166 docet
825 5113 1170 5179 experientia.
1195 5114 1307 5167 Alia
1329 5114 1470 5169 enim
1488 5116 1633 5169 utilia
1653 5125 1775 5169 sunt
1794 5116 1857 5168 ad
1883 5115 2231 5171 convehenda

654 5204 976 5267 necessaria,
997 5206 1099 5259 alia
1128 5205 1193 5259 ad
1222 5205 1501 5260 colendam
1529 5216 1747 5261 terram.
1794 5206 2229 5276 Quandoquidem

646 5295 747 5351 bos
767 5303 1001 5350 aratrum
1026 5295 1205 5361 trahit,
1234 5296 1411 5351 sulcos
1443 5305 1607 5360 secat,
1635 5307 1689 5352 et
1724 5299 1868 5351 varia
1894 5297 2233 5366 agricultura:

648 5401 811 5457 opera
831 5399 1043 5445 exercet
1059 5404 1074 5454 ;
1099 5390 1281 5443 asinus
1297 5387 1363 5442 ad
1374 5388 1719 5443 convehenda
1734 5390 2030 5445 necessaria
2046 5388 2235 5445 admo-

646 5479 776 5534 dum
800 5481 945 5535 utilis
965 5489 1047 5536 est
1068 5521 1083 5546 ,
1111 5491 1164 5536 et
1187 5481 1436 5552 pleraque
1455 5480 1704 5535 animalia
1729 5480 1833 5536 alia
1862 5481 2100 5550 corporis
2135 5496 2234 5535 no-

649 5570 746 5625 stri
795 5570 913 5625 usui
963 5573 1218 5626 serviunt.
1261 5572 1471 5627 Etenim
1513 5586 1642 5627 oves
1666 5572 1841 5627 lanam
1872 5571 1939 5627 ad
1970 5573 2233 5642 parandas

713 5742 729 5779 ⁸
764 5743 904 5795 Savil.
931 5754 979 5796 et
1002 5749 1209 5812 0:isliu.,
1237 5752 1430 5813 adiutor
1452 5751 1621 5805 similis
1647 5750 1735 5803 illi.

1331 307 1388 362 S.
1427 306 1704 363 JOANNlS
1725 303 2196 362 Clll‘tYSOSTOMl
2235 302 2555 359 ARCIIIEP.
2593 299 3120 359 CONSTANTINOP.

3805 287 3903 342 1ίο

2318 427 2495 475 vestes
2525 418 2783 488 praebent,
2812 427 2866 473 et
2908 432 3082 486 caprze
3106 429 3174 470 ex
3200 413 3313 469 suis
3337 409 3456 484 pilis
3496 411 3693 483 aliquid
3716 417 3903 467 nostro

2318 510 2617 565 ministerio
2663 508 2912 571 all‘erunt,
2945 508 3185 577 lacteque
3233 515 3288 561 et
3327 504 3434 559 alio
3481 518 3693 574 quoque
3738 502 3900 555 modo

2317 618 2495 658 escam
2523 601 2780 671 pratbent.
2824 599 3052 655 Proinde
3080 613 3147 653 ne
3166 597 3437 653 existimes
3455 638 3471 663 ,
3500 596 3550 651 id
3574 592 3716 665 quod
3740 607 3902 661 supra

2318 694 2468 761 dicit,
2497 692 2773 747 Faciamus
2797 692 2875 747 illi
2908 690 3212 761 adjutorcm,
3244 690 3312 744 de
3340 689 3446 744 illis
3470 687 3669 742 dictum
3716 700 3731 737 :
3780 682 3902 738 ideo

2321 801 2462 842 nunc
2510 799 2813 841 sermonem
2860 782 3138 850 incipiens,
3168 780 3360 850 inquit,
3386 778 3512 833 Adae
3548 791 3663 830 vero
3693 791 3793 827 non
3822 774 3905 827 in-

2318 887 2495 932 ventus
2522 886 2593 931 est
2614 876 2821 947 atljutor
2864 872 3045 929 similis
3078 872 3126 926 ei
3146 887 3167 927 :
3190 871 3339 943 quasi
3355 870 3571 925 doceret
3602 881 3696 921 nos
3718 866 3907 921 beatus

2320 970 2496 1026 Moses
2519 1008 2535 1035 ,
2564 978 2620 1024 et
2649 966 2766 1022 haec
2802 964 3007 1021 diceret
3051 963 3213 1019 verba
3245 980 3260 1017 :
3294 962 3419 1017 Haec
3467 959 3645 1014 omnia
3689 957 3906 1028 quidem

2322 1060 2579 1133 producta
2606 1068 2750 1123 stmt,
2784 1057 2921 1113 etab
2947 1055 3118 1112 Adam
3160 1069 3255 1110 sua
3303 1060 3624 1122 acceperunt
3667 1052 3902 1116 nomina,

2321 1155 2524 1209 nullum
2554 1163 2733 1208 tamen
2774 1167 2839 1208 ex
2871 1151 2936 1205 iis
2989 1149 3236 1204 omnibus
3260 1147 3476 1217 dignum
3510 1144 3609 1199 fuit
3635 1144 3906 1198 inventum

2320 1246 2464 1318 quod
2492 1246 2640 1300 illurn
2666 1245 2961 1313 adjuvaret.
3006 1241 3129 1296 ideo
3154 1240 3339 1295 volens
3366 1253 3463 1292 nos
3490 1236 3683 1291 docere
3714 1234 3913 1304 produ-

2321 1338 2478 1394 cendi
2517 1336 2763 1392 animalis
2808 1334 3203 1397 formationem,
3235 1340 3290 1387 et
3319 1330 3555 1385 indicare
3582 1328 3776 1383 animal
3807 1326 3912 1381 hoc

2325 1430 2725 1502 producendum
2777 1427 2916 1483 istud
2944 1427 3117 1498 ipsum
3163 1439 3283 1478 esse
3307 1423 3373 1478 de
3402 1437 3510 1493 quo
3536 1420 3764 1484 dicebat,
3805 1417 3913 1472 Fa-

2323 1523 2519 1576 ciamus
2570 1521 2648 1574 illi
2690 1519 2975 1591 adjutorem
3023 1516 3297 1571 secundum
3336 1514 3504 1580 illum,
3557 1511 3784 1567 similem
3834 1509 3913 1563 Illi

2325 1613 2517 1683 inquit,
2552 1610 2655 1667 hoc
2698 1622 2801 1677 est,
2846 1608 3084 1678 ejusdem
3130 1606 3458 1668 substantim,
3508 1602 3625 1674 ipso
3666 1602 3910 1672 dignum,

2326 1706 2442 1776 ipso
2469 1704 2599 1760 nihil
2629 1703 2931 1758 inferiorem
2958 1717 2973 1755 :
3007 1711 3059 1756 et
3085 1700 3224 1754 hanc
3260 1698 3330 1752 ob
3372 1713 3484 1752 rem
3527 1695 3756 1761 dicebat,
3786 1695 3913 1748 Adae

2322 1814 2438 1853 vero
2466 1813 2571 1851 non
2613 1794 2957 1850 inveniebatur
2996 1792 3204 1863 adjutor
3229 1790 3408 1845 similis
3454 1788 3529 1842 illi
3557 1803 3577 1842 :
3606 1796 3912 1841 monstrans

2329 1889 2483 1944 nobis
2508 1888 2695 1942 beatus
2719 1886 2806 1941 ille
2826 1927 2841 1952 ,
2866 1892 3351 1954 quantumcumque
3376 1879 3528 1934 nobis
3558 1877 3910 1932 ministerium

2323 1980 2612 2035 exhibeant
2645 1978 2759 2033 haec
2786 1977 2981 2040 bruta,
3010 1972 3152 2028 aliud
3181 1981 3354 2026 tamen
3379 1967 3646 2042 quoddam
3696 1966 3911 2035 adjuto-

2323 2071 2460 2126 rium
2488 2084 2610 2125 esse
2628 2068 2808 2124 multis
2832 2066 3069 2121 numeris
3093 2064 3456 2125 excellentius,
3479 2059 3618 2132 quod
3642 2074 3670 2113 a
3689 2059 3913 2112 muliere

2326 2165 2456 2219 Adae
2489 2171 2789 2234 praestatur.

2394 2258 2450 2312 2.
2493 2257 2674 2329 Itaque
2698 2256 2824 2327 quia
2848 2253 3096 2309 omnibus
3119 2248 3435 2306 animalibus
3473 2246 3580 2318 iam
3616 2242 3912 2316 productis,

2325 2360 2381 2408 et
2408 2368 2563 2406 suum
2612 2363 2806 2405 nomen
2837 2363 2867 2402 a
2899 2347 3069 2414 primo
3120 2343 3336 2398 homine
3381 2340 3607 2407 sortitis,
3654 2336 3912 2406 benignus

2328 2445 2583 2501 Dominus
2611 2442 2839 2498 similem
2871 2440 2948 2495 illi
2974 2437 3273 2508 adjutorem
3296 2442 3354 2488 ut
3382 2431 3699 2503 produceret
3733 2426 3913 2497 inqui-

2326 2536 2477 2591 rebat
2506 2534 2635 2605 :qui
2680 2531 2859 2588 omnia
2888 2536 3101 2600 propter
3139 2526 3408 2581 hominem
3434 2539 3466 2578 a
3514 2536 3575 2577 se
3627 2520 3909 2575 formatum

2325 2626 2619 2697 dispensat,
2646 2633 2700 2678 et
2729 2628 2945 2694 propter
2971 2620 3111 2674 hunc
3137 2631 3350 2672 omnem
3392 2612 3653 2669 visibilem
3698 2617 3911 2664 creatu-

2327 2735 2441 2775 ram
2483 2715 2754 2788 produxit,
2776 2715 2821 2770 is
2867 2728 2990 2770 cum
3046 2711 3168 2766 aliis
3220 2706 3468 2765 omnibus
3518 2712 3572 2759 et
3626 2702 3910 2757 mulierem

2328 2812 2541 2868 format.
2583 2809 2654 2866 Et
2702 2808 2825 2864 vide
2865 2822 3022 2878 quam
3063 2804 3350 2875 diligenter
3399 2797 3770 2855 formationem
3813 2808 3914 2848 nos

2329 2903 2535 2958 doceat.
2577 2900 2707 2957 Nam
2739 2907 3019 2970 postquam
3050 2910 3149 2951 nos
3169 2893 3370 2959 docuit,
3401 2905 3459 2945 se
3488 2888 3622 2944 velle
3650 2885 3911 2957 produce-

2330 3013 2388 3051 re
2416 2996 2492 3050 illi
2515 2994 2833 3064 adjutorium
2876 2989 3049 3046 srmile
3080 2988 3183 3058 ipsi
3216 3004 3229 3040 :
3259 3000 3381 3040 nam
3417 2981 3660 3052 superius
3684 2979 3910 3041 dixerat,

2336 3084 2605 3141 Faciamus
2630 3085 2706 3139 illi
2732 3082 3046 3154 adjutorium
3084 3076 3360 3134 secundum
3401 3073 3593 3128 illum:
3636 3080 3691 3127 et
3719 3070 3806 3124 hic
3831 3069 3914 3123 in-

2329 3178 2466 3247 quit,
2504 3174 2624 3230 Nou
2649 3174 2987 3229 inveniebatur
3036 3169 3242 3240 adjutor
3282 3166 3462 3221 similis
3490 3163 3569 3219 illi
3617 3178 3635 3217 :
3677 3175 3797 3216 eam
3842 3159 3916 3214 ob

2331 3282 2546 3324 causam
2569 3282 2633 3322 ex
2661 3266 2802 3319 illius
2839 3261 3135 3318 substantia
3180 3260 3347 3331 ipsam
3377 3255 3592 3317 format,
3620 3261 3675 3308 et
3700 3251 3871 3321 inquit
3896 3266 3909 3301 :

2330 3358 2422 3415 2|.
2450 3357 2514 3412 Et
2540 3357 2743 3412 immisit
2774 3353 3024 3407 Dominus
3076 3350 3214 3404 Deus
3258 3362 3513 3403 excessum
3560 3345 3613 3397 in
3649 3340 3835 3405 Adam,
3865 3349 3913 3394 et

2334 3451 2586 3506 dormivit.
2618 3446 2687 3502 Et
2712 3446 2905 3517 accepit
2928 3459 3084 3498 unam
3112 3451 3365 3496 costarum
3410 3438 3570 3499 illius,
3599 3442 3645 3487 et
3694 3431 3917 3501 implevit

2334 3559 2536 3599 carnem
2597 3556 2690 3612 pro
2741 3538 2852 3593 illa.
2899 3535 2989 3591 22.
3043 3532 3439 3602 Afdiﬁcavilque
3489 3525 3731 3580 Dominus
3781 3522 3917 3575 Deus

2335 3646 2525 3691 costam
2550 3675 2566 3701 ,
2596 3648 2748 3705 quant
2769 3628 2961 3699 accepit
2989 3626 3051 3680 de
3076 3625 3241 3679 Adam
3265 3665 3279 3687 ,
3307 3621 3361 3676 in
3388 3618 3670 3683 mulierem,
3702 3626 3747 3670 et
3772 3614 3918 3667 duxit

2334 3727 2476 3781 illan:
2502 3725 2571 3779 ad
2607 3723 2791 3778 Adam.
2824 3720 3009 3791 Magna
3049 3717 3332 3771 verborum
3378 3712 3458 3767 vis
3483 3719 3597 3775 cst,
3627 3718 3681 3763 ct
3703 3720 3916 3764 omnem

2336 3816 2625 3871 humanum
2662 3823 2876 3883 captum
2936 3806 3344 3865 transcenderis.
3390 3802 3506 3859 Non
3564 3802 3706 3856 enim
3763 3797 3920 3851 aliter

2337 3914 2558 3976 possunt
2584 3904 2699 3960 lucc
2742 3917 2930 3973 magna
2958 3898 3200 3969 intelligi,
3229 3912 3388 3967 quam
3437 3893 3555 3948 lidei
3584 3890 3754 3946 oculis
3782 3903 3919 3943 cou-

2336 4013 2379 4065 s3
2399 4007 2537 4051 ecta.
2578 3995 2646 4049 Et
2674 3995 2878 4047 immisit
2922 3992 3078 4057 Deus,
3127 3989 3296 4059 inquit
3318 4029 3333 4050 .
3365 3999 3619 4040 excessum
3648 3984 3701 4034 iu
3731 3979 3917 4042 Adam,

2335 4100 2383 4142 et
2404 4086 2658 4142 dormivit.
2685 4084 2818 4140 Vide
2837 4098 2993 4155 quam
3015 4089 3259 4137 accurata
3278 4080 3347 4134 sit
3365 4088 3420 4133 et
3441 4075 3633 4133 eximia
3652 4071 3920 4128 doctrina.

2339 4179 2574 4250 Utraque
2614 4176 2791 4247 posuit
2835 4174 3024 4230 beatus
3066 4173 3158 4227 ille
3202 4169 3498 4242 propheta,
3533 4169 3641 4221 imo
3687 4163 3926 4234 Spiritus

2337 4281 2552 4329 sanctus
2579 4285 2672 4341 per
2699 4268 2839 4323 illius
2868 4266 3099 4336 linguam
3130 4305 3146 4330 ,
3174 4262 3374 4317 docens
3401 4274 3500 4314 nos
3546 4257 3803 4311 factorum
3834 4269 3926 4307 se.

2340 4366 2494 4419 riem.
2528 4361 2768 4426 Immisit,
2801 4358 2989 4426 inquit,
3024 4370 3278 4411 excessum
3303 4353 3357 4406 in
3381 4350 3567 4413 Adam,
3588 4358 3637 4402 et
3662 4346 3922 4401 dormivit.

2337 4455 2489 4522 Quod
2520 4463 2648 4509 tunc
2678 4452 2859 4516 fiebat,
2885 4464 3056 4519 neque
3091 4462 3344 4503 excessus
3372 4444 3543 4500 solum
3574 4449 3719 4507 erat,
3748 4454 3927 4508 neque

2337 4561 2558 4602 somnus
2586 4544 2775 4598 solitus
2804 4562 2816 4596 :
2845 4541 2937 4597 sed
2959 4540 3081 4611 quia
3107 4541 3320 4609 sapiens
3341 4549 3392 4592 et
3415 4535 3583 4590 solers
3609 4540 3806 4586 nostra:
3830 4546 3927 4582 na-

2337 4648 2472 4695 turze
2496 4636 2682 4707 Opifex
2711 4650 2869 4689 unam
2895 4650 2962 4689 ex
3002 4632 3168 4689 costis
3209 4631 3352 4685 illius
3397 4629 3672 4684 ablaturus
3696 4636 3835 4691 erat,
3866 4632 3926 4677 ut

2337 4747 2406 4787 ne
2434 4728 2711 4786 sentiendo
2740 4728 3003 4792 dolorem,
3031 4724 3238 4779 mulieri
3268 4739 3333 4778 ex
3365 4730 3510 4776 costa
3538 4735 3633 4776 sua
3680 4721 3923 4772 tortusue

2339 4833 2523 4893 postea
2573 4818 2773 4874 doloris
2825 4831 3029 4873 memor
3078 4813 3319 4869 infensus
3364 4820 3546 4878 esset,
3600 4820 3922 4879 eapropzer,

2339 4914 2580 4969 immisso
2629 4925 2871 4974 excessu,
2904 4915 3054 4962 tanto
3106 4905 3252 4960 illum
3302 4918 3492 4958 somno
3546 4900 3833 4972 Oppressit,
3866 4909 3925 4954 ut

2338 5005 2489 5077 quasi
2529 5002 2820 5074 gravedine
2869 4998 3098 5071 quadam
3136 5003 3441 5067 correptus,
3470 4994 3671 5048 nullum
3699 4991 3774 5046 rei
3804 5006 3927 5061 qur.

2339 5099 2731 5154 tlebatseusum
2755 5102 2987 5166 caperet,
3030 5091 3124 5147 sed
3165 5090 3303 5146 sicut
3341 5088 3572 5158 optimus
3604 5083 3798 5140 artifex
3832 5102 3930 5139 au—

2342 5189 2507 5246 ferret
2533 5188 2676 5261 quod
2725 5188 2829 5243 sibi
2884 5185 3186 5251 videbatur,
3239 5192 3297 5239 et
3333 5181 3606 5252 suppleret
3654 5179 3741 5233 ubi
3797 5177 3928 5247 quid

2341 5283 2545 5349 deerat,
2574 5292 2628 5338 et
2652 5280 2793 5352 quod
2820 5278 2945 5335 inde
2969 5284 3290 5347 sumpserat,
3321 5272 3612 5329 secundum
3633 5286 3784 5325 suam
3813 5268 3926 5322 for-

2341 5386 2512 5432 maret
2579 5372 2939 5429 clementiam.
3007 5368 3259 5433 lnnnisit,
3314 5366 3523 5436 inquit,
3566 5377 3823 5418 excessum
3875 5359 3928 5412 in

2342 5468 2527 5532 Adam,
2556 5474 2603 5519 et
2629 5463 2884 5518 dormivit.
2915 5460 3216 5530 decepitque
3244 5473 3396 5510 unam
3421 5467 3670 5509 costarum
3696 5451 3857 5515 illius,
3881 5460 3928 5504 et

2343 5558 2564 5626 implevit
2587 5570 2788 5610 carnem
2818 5568 2909 5623 pro
2936 5549 3029 5605 illa
3058 5568 3078 5605 :
3104 5560 3163 5604 ut
3207 5564 3276 5604 ne
3327 5556 3530 5620 posset,
3557 5545 3799 5599 discusso
3840 5557 3927 5597 so-

2345 5664 2471 5704 mno
2502 5687 2518 5710 ,
2563 5644 2703 5716 quod
2755 5644 2949 5698 factum
2991 5650 3108 5696 erat
3155 5656 3221 5696 ex
3267 5639 3477 5695 defectu
3517 5638 3738 5694 sentire.
3793 5634 3927 5689 Nam

2346 5739 2591 5811 quamvis
2639 5752 2706 5796 eo
2746 5745 3020 5806 tempore,
3075 5747 3181 5804 quo
3223 5730 3594 5798 auferebatur,
3643 5727 3923 5801 ignoravit,
