4144 6200
208 243 304 296 ΗΕ)

205 360 497 432 προθῶμεν
549 360 645 415 ἐπὶ
693 360 791 430 τῆς
837 357 1109 428 ὑμετέρας
1147 354 1388 424 ἀγάπης.
1428 352 1729 406 Ἠκούσατε
1781 350 1890 421 γάρ

198 448 405 518 ἀρτίως
438 448 542 519 τῆς
572 446 726 511 θείας
756 443 981 517 Γραφῆς
1017 441 1301 513 λεγούσης·
1342 440 1425 507 Τῷ
1457 440 1526 494 δὲ
1572 439 1745 509 Ἀδὰμ
1777 440 1889 507 οὐχ

197 534 413 603 εὑρέθη
443 535 677 603 βοηθὸς
721 533 926 603 ὅμοιος
957 529 1134 595 αὐτῷ.
1176 531 1241 583 Τί
1273 528 1520 598 βούλεται
1583 528 1617 599 ἠ
1662 526 1890 599 βραχεῖα

198 621 340 693 αὔτη
374 622 546 688 λέξις,
596 622 681 688 Τῷ
708 620 777 675 δὲ
825 618 1033 689 Ἀδάμ;
1068 618 1211 682 τίνος
1241 618 1428 671 ἕνεκεν
1452 615 1759 687 προσέθηκε
1799 613 1890 668 τὸν

199 709 507 779 σύνδεσμον
533 728 549 774 ;
582 709 645 761 ού
674 707 783 777 γάρ
806 707 966 778 ἤρκει
991 707 1184 767 εἰπεῖν.
1212 705 1290 775 τῷ
1331 704 1537 774 ’Δδάμς
1567 703 1679 773 Οὐχ
1704 701 1891 763 ἁπλῶς

198 797 373 851 ταῦτα
412 796 798 869 διερευνᾶσθαι
824 793 1224 863 σπουδάζομεν,
1249 791 1559 863 φιλοτιμίας
1584 790 1771 843 ἕνεκεν
1794 807 1885 842 πε·

201 886 411 959 ριττῆς,
444 886 558 938 ἀλλ’
585 886 673 939 ἴνα
699 883 839 955 μετά
864 881 1147 953 ἀκριϐείας
1173 883 1299 950 ὑμῖν
1330 881 1542 935 ἅπαντα
1565 877 1891 950 ἑρμηνεύον-

201 986 291 1032 τες
317 969 702 1039 παιδεύσωμεν
725 967 869 1038 ὑμᾶς
896 965 1031 1037 μηδὲ
1057 964 1316 1035 βραχεῖαν
1336 964 1500 1030 λέξιν,
1529 963 1663 1035 μηδέ
1695 961 1889 1015 συλλα-

201 1057 304 1127 ϐὴν
337 1058 467 1128 μίαν
509 1055 876 1128 παρατρέχειν
912 1053 1020 1106 τῶν
1051 1055 1108 1105 ἐν
1142 1056 1262 1116 ταῖς
1295 1051 1464 1117 θείαις
1503 1052 1746 1123 Γραφαῖς
1776 1068 1890 1104 κει-

209 1144 406 1214 μένων.
437 1145 512 1198 Οὐ
530 1144 639 1215 γὰρ
661 1142 884 1216 ῥήματά
905 1143 1049 1194 ἐστιν
1069 1138 1276 1203 ἁπλῶς,
1302 1139 1438 1193 ἀλλὰ
1456 1139 1551 1193 τοῦ
1574 1138 1713 1193 Πνεύ
1722 1155 1888 1209 ματος

205 1229 305 1284 τοῦ
338 1233 499 1299 ἁγίου
533 1234 775 1303 ῥήματα,
802 1229 895 1281 καὶ
927 1227 1014 1281 διὰ
1038 1227 1195 1281 τοῦτο
1224 1227 1391 1281 πολύν
1415 1230 1530 1281 ἐστι
1558 1227 1650 1280 τὸν
1678 1226 1888 1297 θησαυ-

206 1320 304 1391 ρὸν
329 1321 515 1392 εὑρεῖν
545 1321 637 1373 καὶ
659 1322 713 1372 ἐν
747 1320 844 1389 μιᾷ
869 1318 1128 1388 συλλαϐῇ.
1161 1318 1465 1388 Προσέχετε
1490 1313 1604 1380 οὖν,
1640 1333 1889 1388 παρακα-

202 1406 304 1471 λῶ,
354 1407 500 1478 μετὰ
545 1407 848 1479 ἀκριϐείας·
906 1406 1093 1478 μηδεὶς
1134 1406 1329 1477 νωθὴς,
1388 1405 1575 1477 μηδεὶς
1630 1405 1886 1476 ὑπνηλὸς,

202 1496 412 1558 πάντες
440 1495 873 1566 διεγηγερμένην
904 1512 991 1566 μοι
1012 1494 1109 1565 τὴν
1130 1493 1368 1547 διάνοιαν
1390 1494 1679 1565 παρέχετε*
1702 1492 1889 1564 μηδεὶς

200 1583 309 1648 ἔξω
358 1582 653 1652 ῥεμϐέσθω
697 1584 788 1635 τὸν
819 1582 1092 1654 λογισμὸν,
1133 1582 1265 1653 μηδὲ
1302 1582 1587 1653 φροντίδας
1631 1582 1889 1651 βιωτικὰς

201 1671 603 1742 ἐπισυρόμενος
637 1670 869 1724 ἐνταῦθα
908 1671 1173 1739 στηκέτω,
1216 1670 1330 1723 ἀλλ’
1357 1670 1555 1723 ἐννοῶν
1583 1671 1683 1740 τῆς
1722 1687 1888 1723 πνευ-

205 1761 443 1831 ματικῆς
473 1762 681 1832 ταύτης
718 1760 940 1815 συνόδου
963 1761 1023 1813 τὸ
1052 1760 1290 1829 ἀξίωμα,
1318 1761 1412 1813 καὶ
1434 1761 1516 1812 ὅτι
1539 1758 1627 1812 διὰ
1659 1762 1756 1830 τῆς
1779 1759 1888 1813 τῶν

200 1848 503 1919 προφητῶν
544 1847 791 1917 γλώττης
822 1846 915 1900 τοῦ
950 1847 1084 1900 Θεοῦ
1135 1848 1273 1919 πρὸς
1320 1850 1466 1919 ἡμᾶς
1505 1848 1886 1917 διαλεγομένου

199 1935 503 2006 ἀκούομεν·
542 1934 686 1989 οὕτω
724 1934 823 1998 τὴν
858 1934 1027 2005 ἀκοὴν
1059 1934 1328 2005 ὑπεχέτω,
1361 1936 1455 1987 καὶ
1496 1936 1887 2005 συντεταμένον

197 2023 373 2093 ἐχέτω
410 2036 438 2064 ι
471 2023 564 2077 τὸν
588 2022 735 2088 νοῦν,
764 2022 853 2076 ἴνα
878 2022 1041 2092 μηδὲν
1065 2022 1174 2074 τῶν
1201 2022 1330 2092 παρ’
1362 2021 1517 2092 ἡμῶν
1552 2023 1888 2076 καταϐαλλο-

199 2112 381 2182 μένων
427 2111 767 2182 σπερμάτων
801 2111 881 2172 είς
922 2110 1130 2180 πέτραν
1159 2109 1481 2180 κατενεχθῇ,
1527 2110 1561 2180 ἢ
1598 2111 1746 2180 παρὰ
1788 2111 1889 2181 τὴν

195 2199 340 2260 όδδν,
374 2199 409 2268 ἢ
444 2216 522 2251 πα
532 2197 599 2268 ρά
621 2196 719 2252 τὰς
740 2195 1001 2258 ἀκάνθας,
1024 2196 1139 2249 ἀλλ’
1163 2196 1456 2266 ὀλόκληρον
1478 2197 1538 2250 τὸ
1565 2198 1783 2268 σπέρμα
1809 2199 1888 2258 είς

195 2286 300 2358 τὴν
327 2287 436 2356 γῆν
469 2284 567 2356 τὴν
600 2283 769 2355 καλὴν
790 2282 1148 2352 καταϐληθὲν,
1171 2282 1234 2336 τὸ
1256 2282 1455 2346 πλάτος
1478 2282 1621 2352 λέγω
1649 2283 1749 2353 τῆς
1772 2282 1891 2336 δια-

197 2374 354 2436 νοίας
400 2372 505 2442 τῆς
554 2371 840 2443 ὑμετέρας,
881 2369 1078 2441 δαψιλῆ
1128 2370 1218 2424 τὸν
1255 2369 1466 2441 καρπὸν
1502 2370 1633 2439 ὑμῖν
1666 2370 1890 2438 ἐνέγκαι

197 2460 430 2532 δυνηθῇ.
465 2460 560 2512 καὶ
594 2458 1006 2531 πολυπλασιάσῃ
1031 2457 1102 2512 τά
1134 2458 1263 2530 παρ’
1294 2458 1450 2530 ἡμῶν
1484 2455 1893 2528 καταϐαλλόμεα

200 2566 287 2604 να.
348 2546 491 2600 Ἀλλ’
530 2546 725 2617 ἴδωμεν
757 2545 945 2600 λοιπὸν
998 2546 1055 2599 τί
1103 2544 1350 2617 βούλεται
1381 2547 1512 2617 ἡμῖν
1550 2544 1686 2616 αὕτη
1727 2545 1763 2616 η
1793 2543 1889 2599 τοῦ

203 2638 517 2708 συνδέσμου
542 2636 852 2708 συμπλοκή.
884 2635 966 2702 Τῷ
991 2637 1062 2690 δὲ
1095 2636 1287 2706 Ἀδὰμ,
1310 2637 1499 2707 φησὶν,
1527 2637 1639 2705 οὐχ
1675 2633 1886 2703 εὑρέθη

200 2726 434 2793 ,ϐοηθὸς
492 2725 698 2796 ὅμοιος
731 2724 914 2790 αὐτῷ.
965 2724 1073 2778 Θέα
1104 2742 1193 2796 μοι
1227 2726 1325 2795 τῆς
1354 2724 1504 2789 θείας
1539 2724 1763 2795 Γραφῆς
1792 2723 1892 2796 τὴν

202 2813 522 2885 ἀκρίϐειαν.
568 2812 835 2877 Είποῦσα,
896 2811 980 2878 Τῷ
1020 2811 1088 2865 δὲ
1125 2811 1298 2882 Ἀδὰμ
1336 2815 1450 2881 οὐχ
1491 2812 1703 2880 εὑρέθη
1737 2812 1891 2879 ¹βοη-

203 2904 308 2969 θὸς
323 2903 374 2965 δ,
396 2903 506 2957 οὑκ
534 2900 663 2972 ἔστη
694 2900 855 2972 μέχρι
880 2900 1092 2965 τούτου,
1113 2900 1250 2955 ἀλλὰ
1272 2900 1634 2972 προσέθηκεν,
1660 2900 1893 2968 Ὅμοιος

205 2988 387 3056 αὐτῷ,
423 2992 499 3061 τῇ
535 2987 825 3060 προσθήκῃ
861 2988 1248 3060 παραδηλοῦσα
1294 2990 1429 3058 ἡμῖν
1460 2987 1556 3059 τὴν
1587 2986 1787 3051 αἰτίαν,
1823 2986 1892 3041 δι⁹

208 3077 272 3146 ἢν
300 3073 395 3132 τοῦ
427 3075 731 3146 συνδέσμου
760 3075 861 3146 τὴν
884 3076 1202 3147 συμπλοκὴν
1233 3076 1545 3147 ἐποιήσατο.
1583 3071 1753 3144 Οἶμαι
1780 3075 1893 3129 λοι-

210 3164 310 3220 πὸν
347 3166 481 3228 τοὺς
521 3163 775 3236 ὀξύτερον
801 3163 1114 3218 ἐπιϐάλλειν
1139 3165 1472 3234 δυναμένους
1518 3164 1618 3235 ἤδη
1652 3165 1893 3237 προορᾷν

210 3252 271 3306 τὸ
308 3253 507 3325 μέλλον
531 3252 622 3323 ὑφ’
652 3252 805 3323 ὑμῶν
846 3250 1197 3323 ῥηθήσεσθαι.
1231 3251 1371 3305 Ἀλλ’
1405 3252 1593 3323 ἐπειδὴ
1627 3253 1894 3324 προσήκει

210 3340 363 3409 ἡμᾶς
382 3340 571 3409 κοινὴν
598 3338 736 3409 πρὸς
761 3338 1004 3402 ἃπαντας
1030 3339 1384 3410 ποιουμένους
1400 3339 1501 3411 τὴν
1525 3337 1891 3404 διδασκαλίαν,

212 3428 353 3480 πᾶσι
382 3427 532 3497 σαφῆ
557 3429 730 3480 ποιεῖν
750 3425 820 3479 τά
852 3428 978 3499 παρ’
1012 3427 1169 3497 ἡμῶν
1194 3427 1487 3497 λεγόμενα,
1514 3428 1651 3499 φέρε
1674 3426 1895 3494 διδάξω-

219 3530 320 3580 μεν
354 3513 500 3584 ὑμᾶς
517 3514 664 3577 τίνος
688 3513 873 3567 ἕνεκεν
906 3513 1075 3577 οὕτως
1110 3517 1348 3586 εἴρηκεν·
1373 3513 1679 3587 [116]ἁλλά
1700 3516 1893 3587 μικρὸν

217 3600 546 3669 ἀνάσχεσθε.
589 3600 812 3671 Ἐπειδὴ
848 3601 957 3671 γάρ
986 3603 1044 3654 ἐν
1082 3605 1194 3664 τοῖς
1229 3601 1419 3673 πρῴην
1452 3602 1684 3673 ῥηθεῖσι,
1725 3603 1897 3657 καθά-

221 3702 329 3756 περ
362 3686 753 3757 μνημονεὺετε,
784 3687 1011 3740 είποῦσα
1042 3687 1216 3759 ήθεία
1247 3689 1460 3761 Γραφὴ,
1504 3690 1587 3743 ὃτι
1635 3689 1898 3756 Ποιήσω-

217 3788 336 3841 μεν
370 3774 531 3841 αὐτῷ
562 3774 799 3841 ,βοηθόν
834 3775 962 3828 κατ’
999 3775 1204 3839 αὐτὸν,
1236 3776 1438 3840 εὐθέως
1479 3776 1716 3845 ἐδίδαξεν
1748 3779 1897 3849 ἡμᾶς

222 3859 324 3932 τὴν
375 3862 485 3917 τῶν
528 3862 753 3935 θηρίων,
800 3863 896 3917 καὶ
936 3864 1044 3916 τῶν
1097 3865 1360 3935 ἑρπετῶν,
1401 3866 1492 3919 καὶ
1534 3868 1642 3921 τῶν
1685 3868 1897 3937 ἀλόγων

228 3948 481 4003 ἁπάντων
513 3949 891 4021 δημιουργίαν·
926 3952 1059 4021 φησὶ
1089 3952 1217 4023 γάρ,
1243 3952 1349 4007 Καὶ
1379 3952 1654 4008 ἔπλασεν
1687 3959 1720 4009 ὁ
1751 3956 1898 4022 Θεὸς

227 4031 315 4087 ἔτι
357 4033 425 4088 ἐκ
462 4034 571 4105 τῆς
606 4035 718 4107 γῆς
740 4038 933 4092 πάντα
961 4038 1032 4092 τὰ
1059 4041 1253 4108 θηρία,
1284 4039 1479 4094 καὶτὰ
1511 4042 1752 4097 πετεινὰ
1790 4042 1897 4096 τοῦ

224 4121 506 4189 οἰφανοῦ,
537 4123 636 4177 καί
671 4124 895 4195 ἤγαγεν
932 4125 1084 4180 αὐτὰ
1118 4127 1267 4196 πρὸς
1288 4127 1396 4181 τὸν
1426 4127 1623 4198 Ἀδὰμ,
1664 4129 1814 4183 ἰδεῖν
1840 4129 1899 4182 τί

225 4207 469 4264 καλέσει
497 4211 670 4268 αὑτά.
702 4213 809 4266 Kal
852 4213 1100 4285 καθάπερ
1138 4215 1414 4286 Δεσπότης
1453 4217 1619 4268 πᾶσιν
1661 4216 1895 4286 ἐπέθηκε

223 4296 291 4350 τὰ
318 4296 576 4370 ὀνόματα,
598 4300 693 4353 καὶ
715 4300 814 4371 τὴν
847 4301 1057 4356 οίκείαν
1094 4303 1470 4375 προσηγορίαν
1498 4303 1714 4375 ἑκάστῳ
1752 4306 1898 4374 γένει

221 4381 331 4437 τῶν
354 4384 576 4456 θηρίων,
610 4386 705 4440 καὶ
731 4387 842 4441 τῶν
869 4389 1149 4454 πετεινῶν,
1184 4391 1282 4444 καλ⁹
1308 4390 1527 4444 πάντων
1559 4390 1670 4446 τῶν
1688 4392 1898 4462 ἀλόγων

224 4471 361 4525 κατά
383 4472 480 4545 τὴν
507 4474 944 4546 παρασχεθεῖσαν
976 4476 1125 4547 αὑτῷ
1145 4476 1337 4546 σοφίαν
1359 4478 1676 4550 ἀπένειμεν·
1704 4480 1792 4534 ἵνα
1817 4480 1897 4534 εί-

226 4554 369 4613 δέναι
396 4560 608 4633 ἔχωμεν
630 4561 837 4626 λοιπὸν,
864 4562 947 4616 ὄτι
972 4564 1155 4617 ἐκεῖνα
1194 4564 1292 4635 μὲν
1324 4564 1539 4619 ἅπαντα
1567 4565 1636 4620 τὰ
1670 4583 1901 4639 γεγενη-

230 4644 385 4714 μένα,
412 4650 460 4702 εί
491 4648 600 4721 γὰρ
627 4649 935 4722 ὑπηρεσίαν
971 4650 1096 4705 τινὰ
1124 4651 1326 4723 πληροῖ
1363 4652 1458 4706 καὶ
1496 4655 1900 4724 συνεφάπτεται

226 4748 331 4787 των
357 4737 618 4808 καμάτων
646 4737 814 4810 αὑτῷ,
843 4739 960 4793 ἀλλ’
980 4741 1132 4811 ὅμως
1152 4741 1321 4809 ἀλογά
1347 4745 1482 4807 ἐστι,
1506 4744 1599 4797 καὶ
1619 4743 1802 4815 πολλῷ
1819 4743 1901 4815 τῷ

230 4820 411 4894 μέτρῳ
436 4823 731 4896 λειπόμενα
763 4827 858 4881 τοῦ
896 4827 1206 4901 ἀνθρώπου·
1236 4830 1330 4883 καί¹
1363 4830 1450 4884 ἵνα
1486 4830 1563 4903 μὴ
1590 4832 1901 4903 νομίζωμεν

226 4905 449 4982 ὄτιπερὶ
468 4909 675 4965 τούτων
692 4909 833 4974 εἷπε.
859 4914 1215 4986 Ποιήσωμεν
1243 4916 1405 4984 αὐτῷ
1419 4918 1674 4987 βοηθόν.
1698 4920 1760 4973 El
1790 4919 1899 4991 γάρ

225 4996 317 5050 καὶ
356 4996 558 5069 βοηθεῖ,
590 5002 683 5054 καὶ
711 5002 847 5073 πρὸς
878 5004 1050 5058 πολλά
1083 5007 1331 5079 χρήσιμα
1362 5007 1670 5079 καθέστηκε
1704 5012 1767 5081 τῇ
1802 5008 1898 5064 τοῦ

226 5083 511 5158 ἀνθρώπου
553 5088 845 5162 ὑπηρεσίᾳ,
891 5092 1008 5146 ἀλλ’
1047 5094 1200 5165 ὅμως
1235 5094 1407 5164 ἀλογά
1435 5096 1603 5152 ἐστιν.
1647 5096 1769 5151 Ὅτι
1801 5098 1900 5169 μὲν

224 5170 332 5244 γὰρ
354 5172 845 5244 βοηθεῖ,δείκνυσιν
867 5178 1007 5252 αὑτὴ
1025 5182 1059 5251 ὴ
1079 5183 1246 5253 πεῖρα
1266 5181 1372 5236 τῶν
1402 5181 1763 5253 πραγμάτων.
1793 5185 1900 5237 Καὶ

222 5258 332 5331 γὰρ
357 5260 429 5314 τὰ
460 5261 561 5331 μὲν
596 5263 734 5334 πρὸς
763 5282 863 5339 την
893 5266 1005 5322 τῶν
1032 5269 1334 5342 ἀγωγίμων
1373 5270 1741 5343 μετακομιδὴν
1771 5273 1901 5343 ἡμῖν

222 5345 370 5401 ἐστιν
392 5348 701 5422 ἐπιτήδεια,
722 5352 789 5406 τά
815 5353 873 5407 δὲ
903 5354 1040 5426 πρὸς
1067 5357 1166 5430 τὴν
1194 5358 1295 5429 τῆς
1322 5357 1425 5428 γῆς
1456 5358 1739 5428 ἐργασίαν.
1763 5357 1903 5423 Βοῦς

225 5432 325 5503 μὲν
378 5435 488 5508 γὰρ
532 5436 762 5511 ἄροτρον
812 5441 983 5510 ἕλκει,
1032 5445 1128 5500 καὶ
1172 5445 1417 5510 αὔλακας
1457 5446 1769 5517 ἀνατέμνει,
1806 5449 1900 5502 καὶ

224 5521 421 5607 πολλὴν
448 5525 645 5598 ἑτέραν
674 5528 864 5601 χρείαν
895 5532 1033 5602 πρὸς
1056 5532 1155 5604 τὴν
1177 5533 1452 5607 γεωργίαν
1478 5515 1609 5606 ἡμῖν
1631 5515 1898 5606 εἰσφέρει·

222 5606 336 5674 δνος
364 5611 420 5665 δὲ
447 5613 610 5668 πάλιν
632 5617 767 5689 πρὸς
795 5619 896 5691 τὴν
924 5618 1033 5674 τῶν
1059 5606 1359 5691 ἀγωγίμων
1387 5622 1750 5694 μετακομιδὴν
1775 5622 1901 5675 πολ-

224 5694 319 5767 λὴν
345 5701 574 5773 παρέχει
600 5704 699 5778 τὴν
727 5706 939 5777 χρείαν,
968 5707 1062 5761 καὶ
1081 5708 1242 5779 ἔτερα
1263 5709 1318 5763 δὲ
1349 5710 1519 5763 πολλά
1548 5710 1656 5764 τῶν
1688 5708 1899 5783 ἀλόγων

289 5806 311 5877 ξ
334 5806 533 5877 Quisljn.
561 5811 813 5877 ὑπεσχέτω
831 5811 1048 5877 τὸνγνοῦν
1074 5814 1412 5876 συντεταμένον
1434 5816 1573 5877 ἔχειν.

292 5865 318 5904 ιι
341 5869 493 5919 δδνιι.
517 5878 570 5920 el.
591 5865 793 5923 Coiéiin.
822 5875 991 5937 βοηθὸς
1016 5876 1178 5937 ὅμοιος
1200 5865 1348 5943 αὐτῷ.
1457 5865 1487 5878 Π

1360 237 1424 293 ΙΝ
1466 235 1620 294 CAP.
1662 232 1706 291 11
1757 232 2005 289 GENES.
2046 230 2283 289 HOMIL.
2316 230 2429 285 XV.

3564 232 3667 286 1Ξο

1995 349 2127 418 ἡμῖν
2175 348 2527 418 ὑπηρετεῖται
2582 345 2716 416 πρὸς
2762 344 2857 407 τάς
2903 344 2996 398 τοὺ
3040 341 3286 414 σώματος
3315 341 3519 415 χριίις.
3555 346 3667 400 Καὶ

1994 434 2102 505 γὰρ
2128 432 2197 486 τὰ
2235 431 2482 503 πρόϐατα
2523 431 2620 502 τὴν
2655 433 2718 483 ἐκ
2743 429 2836 484 τοῦ
2871 430 3021 502 ἐρίου
3057 432 3187 501 ἡμῖν
3226 432 3413 501 χρείαν
3437 431 3666 502 παρέχει

1994 522 2128 592 πρὸς
2154 520 2249 592 τὴν
2273 519 2381 573 τῶν
2400 517 2711 590 ἐνδυμάτων
2735 518 3101 590 κατασκευὴν,
3128 517 3222 571 καὶ
3251 518 3304 570 αί
3328 512 3483 585 αἶγες
3504 516 3667 573 πάλιν

1991 608 2251 671 ὡσαύτως
2285 608 2381 661 καὶ
2406 606 2504 677 τὴν
2533 606 2639 659 ἀπὸ
2668 605 2775 657 τῶν
2802 606 3003 675 τριχῶν
3034 606 3166 675 ἡμῖν
3194 604 3535 677 λειτουργίαν
3555 607 3669 660 είσ-

1990 696 2235 764 φέρουσι,
2261 695 2355 746 καὶ
2380 693 2477 764 τὴν
2504 693 2610 747 ἀπὸ
2635 691 2727 744 τού
2759 691 3050 757 γάλακτος,
3085 692 3177 745 καὶ
3204 693 3364 763 ἑτερο.
3397 693 3529 765 πρὸς
3548 712 3669 766 τρο-

1992 783 2096 855 φὴν
2124 785 2255 855 ἡμῖν
2279 781 2578 852 ἐπιτήδεια.
2607 781 2704 832 Ἵν⁹
2728 775 2821 832 οὖν
2855 780 2929 851 μὴ
2962 781 3088 850 περὶ
3112 779 3315 833 τούτων
3349 776 3488 834 εἶναι
3511 783 3667 854 νομί-

1992 889 2090 943 σης
2122 872 2183 923 τὸ
2215 869 2472 937 ἀνωτέρω
2506 866 2816 938 εἰρημένον,
2849 867 2932 920 ὅτι
2966 866 3315 935 Ποιήσωμεν
3338 868 3498 934 αὐτῷ
3521 870 3669 938 ,ϐοη-

1990 956 2117 1014 θὸν.
2150 954 2240 1008 διὰ
2277 953 2434 1007 τοῦτο
2474 953 2569 1006 νύν
2615 952 2918 1022 ἀρχόμενος
2964 948 3266 1016 τοῦλόγου,
3296 951 3448 1017 φησὶ,
3492 949 3573 1018 Τῷ
3600 951 3668 1006 δὲ

2003 1037 2172 1109 Ἀδὰμ
2197 1040 2309 1108 οὐχ
2339 1036 2550 1104 εὑρέθη
2575 1034 2803 1101 βοηθὸς
2832 1034 3033 1102 ὅμοιος
3062 1032 3242 1098 αὐτῷ·
3277 1035 3560 1105 μονονουχὶ
3587 1035 3668 1088 δι-

1979 1120 2203 1188 δάσκων
2239 1121 2384 1190 ἡμᾶς
2416 1122 2444 1172 6
2475 1118 2745 1189 μακάριος
2773 1116 3032 1185 Μωῦσῆς,
3068 1115 3160 1167 καὶ
3189 1114 3363 1168 ταῦτα
3398 1114 3571 1184 λέγων
3599 1117 3669 1170 τά

1992 1204 2234 1274 ῥήματα,
2275 1203 2355 1255 ὅτι
2397 1200 2569 1254 ταῦτα
2613 1201 2711 1270 μὲν
2743 1200 2957 1253 ᾶπαντα
2986 1197 3261 1270 παρήχθη,
3293 1199 3386 1251 καὶ
3430 1199 3529 1262 τὰς
3560 1199 3670 1252 τῶν

1989 1285 2270 1355 ὀνομάτων
2298 1284 2673 1355 προσηγορίας
2696 1282 2852 1334 ἔλαϐε
2885 1281 3034 1352 παρὰ
3049 1281 3141 1334 τοῦ
3173 1281 3361 1353 Ἀδάμ,
3389 1281 3503 1336 ἀλλ’
3520 1283 3671 1354 ὅμως

1988 1372 2141 1425 οὐδὲν
2183 1370 2334 1435 ἄξιον
2379 1370 2583 1423 τούτων
2630 1368 2795 1421 αὑτοῦ
2840 1368 2975 1437 πρὸς
3012 1367 3267 1438 βοήθειαν
3316 1370 3544 1441 ηὑρέθη.
3576 1372 3670 1424 Διὸ

1991 1454 2239 1525 βούλεται
2267 1457 2417 1525 ἡμᾶς
2450 1452 2658 1519 διδάξαι
2700 1450 2791 1504 τοῦ
2828 1451 3114 1522 μέλλοντος
3150 1452 3289 1517 ζώου
3320 1454 3668 1526 παράγεσθαι

1986 1540 2085 1610 τὴν
2114 1536 2424 1601 διάπλασιν,
2455 1538 2547 1589 καὶ
2581 1537 2661 1589 ὅτι
2687 1535 2846 1588 τοῦτο
2887 1535 2948 1587 τὸ
2986 1535 3177 1606 μέλλον
3215 1536 3668 1608 δημιουργεῖσθαι

1986 1621 2126 1686 ζῶον
2151 1621 2307 1674 τοῦτό
2333 1622 2447 1673 ἐστι
2470 1620 2595 1691 περὶ
2620 1611 2679 1672 οὗ
2697 1619 2870 1687 ἔλεγε.
2897 1618 3249 1687 Ποιήσωμεν
3267 1619 3671 1689 αὺτῷβοηθέν

1987 1708 2115 1759 κατ’
2148 1706 2357 1768 αὐτὸν,
2391 1706 2573 1775 ὅμοιον
2596 1704 2745 1775 αὑτῷ
2767 1720 2920 1774 φησι,
2949 1702 3049 1772 τῆς
3083 1703 3252 1774 αὑτῆς
3284 1703 3432 1773 αὑτῷ
3458 1705 3666 1769 οὐσίας,

1986 1790 2137 1856 ἄξιον
2160 1788 2347 1853 αὑτοῦ,
2381 1788 2547 1859 μηδὲν
2592 1787 2756 1841 αὑτοῦ
2782 1786 3121 1858 λειπόμενον·
3175 1787 3263 1842 διά
3287 1788 3445 1842 τοῦτο
3492 1788 3665 1858 ἔλεγε,

1993 1873 2076 1936 Τῷ
2094 1872 2160 1925 δὲ
2196 1871 2369 1941 Ἀδάμ
2401 1874 2513 1941 οὐχ
2537 1870 2748 1939 εὑρέθη
2768 1870 2999 1937 βοηθὸς
3022 1869 3222 1940 ὅμοιος
3243 1870 3423 1938 αὐτῷ·
3454 1871 3668 1936 δεικνὺς

1986 1958 2116 2026 ἡμῖν
2149 1957 2177 2008 ό
2222 1956 2488 2025 μακάριος
2524 1950 2700 2017 οὗτος,
2743 1950 2990 2020 ὃτι’ὃσην
3026 1954 3090 2007 ἂν
3121 1954 3429 2025 παρέχηται
3474 1956 3667 2027 χρείαν

1988 2038 2116 2106 ἡμῖν
2144 2037 2276 2109 πρὸς
2305 2036 2607 2106 ὑπηρεσίαν
2629 2037 2785 2089 ταυτὶ
2810 2036 2876 2088 τά
2900 2036 3088 2103 ἄλογα,
3114 2036 3273 2106 ἑτέρα
3295 2036 3377 2100 τίς
3401 2040 3515 2091 ἐστι
3540 2038 3668 2109 βοή-

1989 2117 2109 2171 θεια
2154 2119 2248 2171 καὶ
2285 2119 2464 2188 πολλῷ
2505 2117 2583 2187 τῷ
2619 2120 2799 2187 μέτρῳ
2828 2117 3331 2188 ὑπερακοντίζουσα
3369 2119 3447 2190 τῷ
3497 2120 3668 2189 Ἀδάμ

1988 2201 2338 2272 παρεχομένη
2371 2200 2521 2270 παρὰ
2555 2200 2651 2269 τῆς
2681 2201 2958 2268 γυναικός.

2059 2282 2124 2353 β’.
2154 2282 2307 2335 Ἐπεὶ
2330 2278 2423 2336 οὖν
2459 2283 2673 2335 πάντων
2706 2282 3094 2353 παραχθέντων
3119 2282 3225 2336 τῶν
3254 2282 3428 2347 ζώων,
3449 2283 3544 2338 καὶ
3569 2282 3668 2349 τὰς

1989 2362 2361 2435 προσηγορίας
2387 2361 2698 2432 δεξαμένων
2724 2362 2873 2432 παρὰ
2891 2360 2986 2414 τοῦ
3016 2363 3442 2433 πρωτοπλάστου
3469 2363 3669 2437 ἐπεζή-

1986 2458 2070 2495 τει
2117 2440 2208 2494 τὸν
2252 2441 2437 2512 ὅμοιον
2474 2439 2622 2510 αὑτῷ
2669 2438 2862 2511 βοηθὸν
2912 2442 2940 2494 ό
2973 2440 3354 2513 φιλάνθρωπος
3389 2445 3670 2515 Δεσπότης

1988 2524 2355 2591 παραγαγεῖν,
2389 2520 2418 2572 ὀ
2443 2520 2621 2573 πάντα
2647 2519 2735 2572 διά
2762 2519 2855 2574 τὸν
2880 2519 3351 2591 δημιουργηθέντα
3388 2521 3478 2575 ὑπ’
3500 2522 3666 2575 αὑτοῦ

1987 2599 2308 2669 οἰκονομῶν,
2340 2598 2435 2652 καὶ
2466 2600 2645 2652 πᾶσαν
2680 2596 2781 2669 τὴν
2816 2599 2994 2651 κτίσιν
3015 2598 3220 2670 ταύτην
3253 2600 3351 2671 τὴν
3380 2600 3668 2672 ὁρωμένην

1987 2679 2077 2734 διὰ
2108 2680 2295 2734 τοῦτον
2324 2678 2682 2749 παραγαγὼν,
2721 2678 2858 2749 μετά
2881 2678 2988 2732 τῶν
3019 2677 3166 2751 [H7]
3198 2679 3374 2734 ἄλλων
3408 2680 3669 2735 ἁπάντων

1989 2761 2087 2814 καὶ
2124 2759 2224 2831 τὴν
2255 2761 2488 2827 γυναῖκα
2513 2758 2854 2830 δημιουργεῖ.
2893 2759 3003 2812 Καὶ
3037 2759 3140 2828 δρα
3169 2758 3285 2823 πῶς
3315 2760 3454 2830 μετὰ
3491 2760 3668 2832 ἀκρι-

1989 2835 2142 2897 ϐείας
2189 2839 2335 2908 ἡμᾶς
2389 2836 2629 2891 διδάσκει
2678 2837 2772 2891 καὶ
2808 2837 2904 2907 τῆς
2955 2836 3319 2908 δημιουργίας
3364 2839 3535 2910 αὑτῆς
3567 2839 3669 2911 τὴν

1988 2915 2295 2971 διάπλασιν.
2350 2916 2568 2988 Ἐπειδὴ
2617 2916 2727 2989 γὰρ
2781 2916 3021 2983 ἐδίδαξεν
3079 2918 3247 2989 ἡμᾶς,
3287 2919 3371 2972 ὄτι
3419 2919 3668 2990 βούλεται

1990 2994 2185 3067 βοηθὸν
2219 2995 2367 3066 αὑτῷ
2392 2998 2732 3067 παραγαγεῖν
2757 2996 2942 3067 ὅμοιον
2963 2994 3131 3067 αὑτῷ·
3160 2998 3253 3051 καὶ
3282 2999 3391 3069 γάρ
3410 3000 3672 3071 ἀνωτέρω

1990 3076 2165 3144 ἔλεγε·
2203 3077 2555 3145 Ποιήσωμεν
2579 3075 2740 3142 αὐτῷ
2765 3076 3001 3143 βοηθὸν
3042 3077 3168 3130 κατ’
3201 3079 3409 3144 αὐτόν,
3456 3080 3549 3133 καὶ
3582 3082 3670 3133 ἐν-

1990 3156 2163 3211 ταῦθά
2199 3172 2382 3226 φησιν,
2433 3157 2555 3223 Οὐχ
2602 3154 2814 3223 εὑρέθη
2852 3154 3083 3222 ,ϐοηθός
3123 3155 3326 3226 ὅμοιος
3368 3157 3548 3223 αὐτῷ·
3580 3158 3670 3212 διὰ

1989 3234 2149 3288 τοῦτο
2191 3237 2255 3288 ἑκ
2283 3236 2383 3307 τῆς
2417 3236 2607 3298 οὐσίας
2640 3233 2805 3289 αὑτοῦ
2830 3235 3035 3305 ταύτης
3060 3235 3158 3307 τὴν
3185 3236 3471 3290 διάπλασιν
3502 3238 3670 3309 ἐργά-

1991 3317 2163 3381 ζεται,
2212 3315 2304 3370 καί
2335 3333 2489 3387 φησι·
2523 3314 2635 3369 Καὶ
2662 3314 2956 3369 ἐπέϐαλεν
3001 3318 3034 3368 ό
3063 3316 3207 3381 Θεὸς
3241 3315 3539 3370 ἔκστασιν
3567 3316 3668 3369 ἐπὶ

1991 3397 2099 3451 τὸν
2139 3395 2332 3464 Ἀδὰμ,
2365 3394 2463 3448 καὶ
2490 3394 2753 3447 ὕπνωσε·
2797 3393 2903 3446 Kal
2955 3394 3132 3446 ἔλαϐε
3158 3394 3309 3461 μίαν
3341 3392 3464 3446 τῶν
3492 3398 3673 3448 πλευ-

1985 3475 2113 3544 ρῶν
2141 3474 2347 3538 αὑτοῦ,
2376 3473 2473 3526 καὶ
2508 3473 2906 3539 ἀνεπλήρωσε
2938 3470 3136 3538 σάρκα
3163 3471 3293 3525 ἀντ’
3314 3470 3527 3538 αὐτῆς.
3559 3471 3670 3526 Καὶ
3760 3495 3767 3501 ·

1991 3554 2343 3620 ᾠκοδόμησε
2376 3552 2593 3618 Κύριος
2627 3552 2661 3603 ό
2694 3550 2838 3614 Θεὸς
2875 3548 2989 3615 τὴν
3015 3551 3302 3616 πλειιρὰν,
3341 3549 3422 3617 ἣν
3452 3551 3673 3605 ἔλαϐεν

1992 3632 2112 3687 ἀπὸ
2138 3629 2239 3684 τοῦ
2280 3629 2482 3698 Ἀδὰμ,
2504 3633 2594 3694 εις
2616 3628 2892 3697 γυναῖκα.
2925 3626 3022 3680 καὶ
3047 3626 3271 3697 ἤγαγεν
3296 3628 3492 3696 αὐτὴν
3518 3632 3670 3698 πρὸς

1992 3710 2100 3763 τὸν
2142 3707 2343 3778 Ἀδάμ.
2400 3707 2625 3776 Μεγάλη
2675 3704 2784 3757 τῶν
2834 3704 3141 3776 εἰρημένων
3199 3706 3231 3776 ή
3286 3705 3537 3778 δύναμις,
3574 3711 3670 3764 καὶ

1995 3790 2174 3842 πάντα
2223 3786 2482 3857 λογισμὸν
2519 3784 2860 3856 ἀνθρώπινον
2914 3785 3342 3856 ὑπερϐαίνουσα.
3392 3788 3527 3841 Οὑδὲ
3561 3788 3670 3861 γὰρ

1992 3869 2215 3923 δυνατὸν
2256 3868 2459 3938 ἑτέρως
2499 3866 2704 3919 τούτων
2756 3864 2999 3918 συνιέναι
3034 3864 3095 3918 τὸ
3134 3866 3382 3934 μέγεθος,
3435 3868 3511 3940 μὴ
3556 3871 3672 3933 τοῖς

1992 3950 2089 4017 τῆς
2143 3947 2378 4010 πίστεως
2430 3945 2727 4015 ὀφθαλμοῖς
2775 3945 2987 3998 ἅπαντα
3033 3946 3491 4004 κατοπτεύσαντα.
3555 3951 3668 4004 Καὶ

1992 4027 2288 4081 ἐπέϐαλεν
2309 4029 2340 4079 d
2364 4024 2531 4091 Θεὸς,
2562 4025 2748 4094 φησὶν,
2776 4023 3071 4077 ἔκστασιν
3085 4024 3181 4076 ἐπὶ
3212 4027 3319 4077 τὸν
3356 4027 3546 4096 Ἀδὰμ,
3568 4028 3669 4084 καὶ

1993 4107 2296 4160 ὕπνωσεν.
2331 4105 2472 4176 Ὅρα
2500 4103 2604 4174 τὴν
2629 4102 2913 4177 ἀκρίϐειαν
2935 4102 3033 4169 τῆς
3062 4101 3428 4166 διδασκαλίας.
3469 4106 3670 4177 Ἀμφό-

1993 4204 2126 4259 τερα
2153 4186 2396 4240 τέθεικεν
2430 4185 2459 4237 6
2494 4184 2761 4254 μακάριος
2781 4176 2935 4246 οὗτος
2964 4183 3272 4253 προφήτης,
3301 4184 3501 4255 μᾶλλον
3522 4185 3578 4238 δὲ
3609 4187 3670 4239 τὸ

1998 4264 2219 4336 Πνεῦμα
2242 4264 2304 4318 τὸ
2325 4263 2477 4333 ἆγιον
2506 4262 2593 4316 διὰ
2621 4264 2721 4333 τῆς
2739 4261 2926 4314 τούτου
2952 4260 3217 4332 γλώττης,
3248 4263 3498 4319 παιδεῦον
3521 4265 3670 4336 ἡμᾶς

1993 4346 2103 4398 τῶν
2155 4344 2539 4414 γεγενημένων
2581 4341 2678 4414 τὴν
2730 4341 3072 4398 ἀκολουθίαν.
3127 4341 3427 4410 Ἐπέϐαλε,
3482 4345 3668 4416 φησὶν,

1992 4424 2292 4478 ἔκστασιν
2319 4422 2414 4476 ἐπὶ
2447 4422 2556 4476 τὸν
2576 4420 2767 4489 Ἀδὰμ,
2796 4422 2895 4475 καί
2921 4420 3224 4477 ὕπνωσεν.
3252 4420 3388 4476 υὺτε
3415 4423 3671 4486 ἔκστασις

1999 4502 2159 4573 μόνον
2179 4494 2248 4572 ἦν
2275 4501 2335 4555 τὸ
2374 4500 2610 4571 συμϐάν,
2642 4498 2767 4554 οὔτε
2793 4499 2960 4563 θπνος
2985 4502 3015 4553 6
3043 4501 3299 4571 συνήθης,
3325 4502 3453 4555 du.”
3485 4502 3671 4574 ἐπειδὴ

1995 4584 2024 4636 6
2048 4581 2209 4649 σοφὸς
2240 4580 2334 4634 καὶ
2355 4580 2663 4651 εὐμήχανος
2683 4583 2783 4651 τῆς
2811 4580 3084 4650 ἡμετέρας
3103 4579 3317 4644 φύσεως
3340 4581 3671 4653 δημιουργὸς

1998 4660 2219 4731 ἔμελλεν
2244 4660 2309 4712 ἐκ
2336 4660 2436 4729 τῆς
2464 4661 2703 4730 πλευρᾶς
2732 4657 2898 4711 αὑτοῦ
2930 4657 3058 4728 μίαν
3083 4658 3454 4730 ἀφαιρεῖσθαι.
3478 4659 3564 4713 ἵνα
3593 4661 3669 4730 μὴ

1996 4743 2029 4813 ἡ
2089 4740 2343 4811 αἴσθησις
2400 4737 2590 4808 ὀδύνην
2644 4736 2791 4807 αὑτῷ
2830 4737 3150 4808 ἐργάσηται,
3182 4737 3276 4789 καὶ
3320 4736 3456 4806 μετὰ
3498 4737 3671 4790 ταῦτα

1999 4819 2135 4892 πρὸς
2202 4819 2301 4888 τὴν
2365 4817 2424 4882 ἑξ
2482 4817 2695 4884 ἐκείνης
2758 4816 2859 4886 τῆς
2921 4814 3159 4886 πλευρᾶς
3208 4814 3672 4885 διαπλαττομένην

1998 4896 2253 4967 ἀπεχθῶς
2287 4895 2384 4966 ἔχῃ
2414 4899 2439 4929 ⁸
2473 4895 2795 4951 διακεῖσθαι,
2829 4894 2924 4947 καὶ
2969 4894 3171 4964 μισήση
3205 4893 3267 4946 τὸ
3304 4892 3672 4963 πλαττόμενον

1999 4975 2137 5041 ζῶον
2162 4977 2262 5047 τῆς
2300 4974 2490 5044 ὀδύνης
2529 4974 2894 5045 μεμνημένος,
2932 4972 3020 5027 διὰ
3054 4973 3210 5027 τοῦτο
3248 4971 3498 5026 τοσοῦτον
3521 4973 3672 5045 αὐτῷ

1999 5057 2165 5110 ὕπνον
2211 5057 2511 5126 ἐπήγαγεν,
2542 5053 2798 5109 ἔκστασιν
2829 5052 3125 5119 ἐπιϐαλὼν,
3155 5055 3252 5109 καὶ
3289 5052 3479 5126 ὥσπερ
3515 5054 3672 5127 κάρῳ

1998 5135 2108 5189 τινὶ
2161 5134 2567 5207 κατασχεθῆναι
2601 5134 2932 5206 προστάξας,
2973 5135 3059 5188 ἵνα
3108 5133 3377 5205 μηδεμίαν
3417 5132 3672 5204 αἴσθησιν

1998 5216 2218 5286 δέξηται
2245 5214 2338 5269 τοῦ
2364 5214 2673 5288 γινομένου,
2712 5215 2849 5269 ἀλλὰ
2873 5215 3126 5287 καθάπερ
3173 5214 3423 5284 τεχνίτης
3450 5214 3672 5283 ἀριστος

2001 5295 2097 5349 καὶ
2118 5294 2384 5367 ἀφέληται
2406 5296 2467 5349 τδ
2496 5293 2707 5359 δοκοῦν,
2735 5296 2830 5350 καὶ
2859 5293 3228 5366 ἀναπληρώσῃ
3263 5292 3324 5345 τὸ
3355 5290 3674 5357 λεῖπον,καὶ

1999 5375 2143 5430 οὕτω
2180 5375 2240 5429 τὸ
2274 5375 2477 5446 ληφθὲν
2513 5376 2890 5447 δημιουργηση
2924 5373 3065 5426 κατὰ
3106 5371 3204 5443 τὴν
3243 5372 3451 5426 οἰκείαν
3486 5372 3675 5442 φιλαν-

2000 5455 2269 5528 θρωπίαν.
2338 5456 2625 5511 Ἐπέϐαλε
2665 5456 2795 5524 γὰρ,
2849 5453 3030 5523 φησὶν,
3073 5450 3368 5506 ἔκστασιν
3414 5452 3512 5506 ἐπὶ
3568 5453 3676 5505 τὰ·

2014 5534 2218 5601 Ἀδὰμ,
2259 5536 2356 5589 καί
2389 5536 2652 5589 ὕπνωσε.
2693 5534 2802 5588 Καὶ
2844 5533 3024 5586 ἔλαϐε
3057 5532 3208 5600 μίαν
3233 5531 3353 5586 τῶν
3396 5531 3678 5601 πλευρῶν

2000 5614 2210 5678 αὐτοῦ,
2246 5614 2346 5668 καί
2390 5614 2785 5681 ἀνεπλήρωσε
2831 5611 3030 5680 σάρκα
3072 5612 3199 5666 ἀντ’
3232 5610 3442 5681 αὐτῆς·
3476 5614 3563 5666 ῖνα
3601 5613 3677 5685 μὴ

2006 5692 2105 5764 ἔχη
2140 5693 2277 5763 μετὰ
2311 5693 2412 5763 τὴν
2452 5692 2546 5745 τοῦ
2590 5691 2760 5745 ὕπνου
2810 5690 3127 5763 ἀπαλλαγὴν
3167 5693 3232 5744 ἑκ
3271 5691 3366 5745 τοῦ
3401 5691 3677 5756 λείποντος

2002 5773 2349 5826 αἰσθάνεσθαι
2369 5772 2466 5826 τοῦ
2495 5772 2883 5843 γεγενημένου.
2926 5773 2989 5825 El
3015 5774 3123 5845 γὰρ
3143 5774 3237 5827 καὶ
3262 5773 3319 5826 ἐν
3345 5772 3420 5844 τῷ
3447 5774 3545 5845 τῆς
3578 5776 3680 5842 ἀφ-

2067 5874 2299 5927 ‘Coislin.
2334 5879 2741 5941 διαπλαττομένην
2773 5879 2827 5927 τὸ
2865 5881 2985 5936 ζῶον
3016 5880 3234 5944 ἀπεχθῶς
3265 5880 3367 5943 ἔχῃ.
