4122 6204
538 220 630 274 121

541 336 801 406 αἱρέσεως
829 346 1004 398 καιρῳ
1031 325 1316 395 ηγνόησεν,
1339 321 1454 406 ἀλλ’
1472 322 1620 392 ὅμως
1649 318 1839 406 ἔμελλε
1870 317 2005 389 μετὰ
2027 316 2196 406 ταῦτα

539 403 922 487 ἐπιγινώσκειν
941 413 1002 466 rb
1016 411 1260 481 γεγονός.
1278 410 1374 465 Ἴν’
1395 405 1488 463 οὖν
1510 410 1647 480 μήτε
1667 408 1723 459 ὲν
1754 405 1831 476 τῷ
1852 403 2200 475 ἀφαιρεῖσθαι

539 506 731 576 ὀδύνην
780 500 928 572 αὐτῷ
973 499 1268 572 ἐμποιήσῃ,
1318 499 1453 568 μήτε
1494 495 1633 566 μετά
1668 493 1841 547 ταῦτα
1894 494 1924 562 ή
1969 490 2202 560 ἔλλειψις

540 589 781 661 ἀθυμίαν
830 588 1151 658 ἐργάσηται,
1187 584 1469 656 ἀμφότερα
1510 580 1681 643 οὕτως
1730 578 2076 650 ᾡκονόμησε,
2110 578 2204 630 καὶ

540 675 871 745 ἀφελόμενος
900 671 1203 736 ἀνωδύνως,
1223 672 1317 725 καὶ
1354 667 1649 739 πληρώσας
1676 666 1737 720 rb
1761 667 1966 726 λεῖπον,
2004 664 2098 718 καὶ
2129 663 2202 733 μή

543 763 905 835 συγχωρήσας
935 759 1162 832 μηδενὸς
1203 757 1366 812 αὐτὸν
1396 756 1505 811 τῶν
1545 753 1926 825 γεγενημένων
1953 751 2202 823 αἴσθησιν

539 851 811 917 δέξασθαι.
839 847 1034 903 Λαϐὼν
1055 842 1168 909 οὖν,
1193 846 1345 917 φησὶ,
1370 843 1571 912 ταύτην
1593 842 1689 914 τὴν
1720 839 1978 912 πλευρὰν,
2006 838 2203 910 ᾠκοδό⁴

543 953 684 1008 μησε
712 935 914 1003 Κύριος
947 934 975 986 ό
998 931 1129 995 Θεὸς
1163 933 1243 996 εἰς
1260 931 1513 999 γυναῖκα.
1542 927 1846 998 Παράδοξον
1880 926 1941 979 rb
1980 924 2205 996 εἰρημέ-

539 1041 650 1086 νον.
676 1022 769 1076 καὶ
796 1020 962 1077 νικῶν
992 1019 1130 1091 μετά
1159 1019 1361 1089 πολλῆς
1380 1020 1478 1089 τῆς
1499 1015 1801 1088 ὑπερϐολῆς
1822 1014 1915 1067 τὸν
1939 1013 2203 1084 ἡμέτερον

539 1110 821 1180 λογισμόν.
857 1107 1096 1162 Τοιαῦτα
1125 1105 1233 1177 γάρ
1268 1106 1481 1160 ᾶπαντα
1511 1102 1580 1156 τὰ
1611 1100 1761 1174 παρὰ
1787 1099 1879 1154 τοῦ
1911 1100 2199 1152 Δεσπότου.

539 1195 647 1251 Τοῦ
695 1196 804 1267 γάρ
857 1194 965 1249 ἀπὸ
1021 1192 1114 1246 τοῦ
1160 1192 1283 1264 χοὸς
1322 1190 1627 1261 πλασθῆναι
1666 1190 1757 1242 τὸν
1789 1187 2073 1258 ἄνθρωπον
2104 1187 2204 1239 οὐκ

539 1284 757 1337 ἔλαττον
792 1281 969 1336 τοῦτο.
1012 1280 1123 1334 Καὶ
1154 1281 1254 1351 ὅρα
1308 1278 1405 1351 τὴν
1450 1277 1855 1346 συγκατάϐασιν
1907 1277 2007 1346 τῆς
2051 1273 2202 1336 θείας

539 1370 785 1443 Γραφῆς,
815 1369 961 1431 ὅσοις
983 1368 1191 1438 ῥήμασι
1218 1365 1480 1437 κέχρηται
1500 1364 1587 1418 διὰ
1617 1363 1716 1435 τὴν
1742 1362 2012 1434 ἡμετέραν
2046 1359 2204 1415 ἀσθέ-

540 1476 708 1512 νειαν.
741 1456 848 1511 Kal
878 1455 1078 1518 ἔλαϐε,
1112 1456 1267 1525 φησι,
1295 1454 1443 1524 μίαν
1470 1450 1588 1506 τῶν
1624 1449 1901 1519 πλευρῶν
1925 1446 2129 1503 αὐτοῦ.

607 1597 701 1667 Μὴ
716 1595 1069 1668 ἀνθρωπίνως
1083 1593 1239 1665 δέχου
1255 1593 1323 1646 τὰ
1337 1593 1626 1663 λεγόμενα,
1647 1590 1781 1644 ἀλλὰ
1805 1590 1903 1660 τήν
1919 1587 2204 1659 παχύτητα

537 1684 648 1738 τῶν
672 1683 870 1748 λέξεων
898 1685 964 1753 τῇ
998 1680 1249 1751 ἀσθενείᾳ
1284 1679 1497 1748 λογίζου
1532 1681 1599 1749 τῇ
1625 1676 1957 1748 ἀνθρωπίνῃ.
1993 1677 2055 1728 Εἰ
2095 1674 2204 1745 γὰρ

544 1771 620 1843 μή
644 1768 796 1843 ίΗϐ]
829 1768 1040 1832 τούτοις
1064 1770 1174 1830 τοῖς
1209 1768 1447 1839 ῥήμασιν
1465 1766 1753 1837 ἐχρήσατο,
1779 1763 1894 1826 πῶς
1921 1762 1988 1817 ἂν
2016 1761 2204 1832 μαθεῖν

539 1858 886 1929 ἠδυνήθημεν
911 1855 1082 1910 ταῦτα
1109 1855 1180 1908 τὰ
1204 1855 1490 1925 ἀπόρρητα
1519 1853 1820 1923 μυστήριας
1848 1850 1939 1922 Μή
1966 1852 2077 1912 τοῖς
2109 1850 2206 1922 ρή-

543 1963 707 2015 μασιν
725 1941 817 1999 οὖν
846 1944 1031 2015 μόνοις
1057 1941 1520 2011 ὲναπομείνωμεν,
1542 1938 1678 1992 ἀλλά
1700 1938 2015 2010 θεοπρεπῶς
2042 1938 2206 1991 ἀπαν-

539 2049 608 2085 τα
638 2030 842 2100 νοῶμεν
867 2029 944 2093 ὡς
966 2029 1059 2083 ἐπὶ
1077 2026 1235 2081 Θεοῦ.
1265 2026 1339 2079 Τὸ
1368 2026 1497 2098 γάρ,
1524 2027 1755 2086 Ἕλαϐε.
1785 2025 1880 2079 καὶ
1906 2025 2006 2077 ὅσα
2033 2022 2207 2077 τοιαῦ-

540 2133 628 2181 τα,
667 2116 757 2170 διά
786 2115 886 2185 τὴν
918 2113 1201 2168 ἀσθένειαν
1224 2113 1326 2183 τὴν
1357 2112 1633 2182 ἡμετέραν
1664 2112 1896 2182 εἴρηται.
1927 2110 2126 2164 Σκόπει
2148 2111 2204 2164 δὲ

541 2204 661 2269 πῶς
709 2204 804 2258 καὶ
838 2201 1068 2256 ἐνταῦθα
1091 2200 1254 2253 πάλιν
1284 2202 1349 2271 τῇ
1378 2199 1513 2271 αὐτῇ
1549 2198 1806 2269 συνηθείᾳ
1843 2199 2131 2269 ἐχρήσατο,

542 2291 638 2346 καὶ
666 2292 757 2344 ἐπὶ
788 2290 882 2344 τοῦ
925 2289 1111 2358 Ἀδάμ.
1148 2288 1358 2359 Ὠσπερ
1388 2287 1493 2358 γὰρ
1524 2288 1640 2339 ἐκεῖ
1666 2286 1757 2339 καὶ
1781 2284 1946 2350 ἅπαξ,
1975 2284 2067 2339 καὶ
2088 2284 2206 2338 δεύ-

542 2398 721 2453 τερον,
779 2378 886 2443 καὶ,
916 2377 1175 2440 πολλάκις
1213 2372 1351 2430 εἶπε·
1398 2376 1507 2428 Kal
1541 2376 1719 2428 ἔλαϐε
1748 2376 1962 2444 Κύριος
2001 2377 2035 2429 ὁ
2063 2373 2207 2440 Θεὸς

543 2468 648 2521 τὸν
671 2468 1002 2535 ἄνθρωπον,
1034 2466 1106 2519 ὃν
1137 2464 1389 2518 ἔπλασε*
1413 2464 1507 2517 κιιί⁸
1531 2462 1711 2525 πάλιν,
1742 2462 1848 2516 Kal
1874 2461 2207 2517 ἐνετείλατο

544 2554 762 2621 Κύριος
790 2555 823 2606 ό
848 2550 993 2617 Θεὸς
1016 2548 1097 2615 τῷ
1142 2548 1333 2618 Ἀδάμ·
1363 2548 1458 2604 καὶ
1491 2548 1672 2612 πάλιν,
1697 2547 1805 2601 Kal
1827 2542 1958 2600 εἶπε
1995 2547 2209 2613 Κύριος

545 2643 582 2696 ό
614 2640 777 2705 Θεὸς,
816 2636 1166 2705 Ποιήσωμεν
1204 2635 1366 2701 αὐτῷ
1403 2634 1637 2702 ,βοηθὸν
1670 2633 1796 2687 κατ’
1817 2633 2030 2688 αὐτόν·
2065 2632 2209 2687 οὕτω

546 2728 641 2782 καὶ
687 2727 782 2780 νῦν
832 2741 983 2795 φησι,
1030 2724 1138 2779 Kal
1193 2724 1541 2793 ᾠκοδόμησε
1572 2725 1788 2792 Κύριος
1827 2725 1861 2778 ὀ
1915 2722 2060 2791 Θεὸς
2094 2723 2210 2791 τὴν

545 2810 840 2878 πλευρὰν,
868 2808 949 2877 ῆν
982 2807 1160 2862 ἔλασε
1185 2807 1305 2862 ἀπὸ
1326 2807 1433 2862 τοῦ
1465 2807 1657 2877 Ἀδὰμ,
1691 2809 1779 2874 είς
1803 2806 2075 2873 γυναῖκω
2113 2809 2209 2861 καὶ

546 2899 827 2970 ἀνωτέρω,
864 2899 972 2953 Kal
1004 2897 1259 2953 ἐπέϐαλε
1307 2898 1519 2965 Κύριος
1539 2900 1573 2952 ό
1610 2897 1753 2964 Θεὸς
1781 2898 2072 2952 ἔκστασιν
2108 2898 2207 2955 ἐπί

547 2986 655 3039 τὸν
689 2983 883 3053 Ἀδάμ·
911 2984 998 3037 ἵνα
1028 2983 1205 3057 μάθῃς
1240 2982 1315 3047 ὡς
1348 2982 1572 3054 οὐδεμία
1602 2982 1834 3055 διαφορά
1860 2985 1975 3038 ἐστι
1997 2985 2210 3057 Πατρός

548 3074 644 3128 καὶ
672 3072 790 3125 υἰοῦ
820 3073 879 3124 ὲν
902 3074 1022 3136 ταῖς
1054 3071 1281 3138 λέξεσιν,
1310 3070 1445 3125 ἀλλά
1469 3070 1556 3124 διά
1583 3070 1643 3124 rb
1679 3071 1806 3141 μίαν
1835 3068 1973 3125 εἶναι
2003 3072 2101 3143 τὴν
2121 3074 2212 3127 οὐ-

548 3160 672 3215 σίαν
694 3160 900 3230 ἀμφότέ
912 3176 1039 3231 ρων,
1068 3158 1374 3229 ἀδιαφόρως
1395 3160 1429 3230 ή
1456 3157 1646 3230 Γραφὴ
1668 3158 1936 3230 κέχρηται
1964 3162 2076 3224 τοῖς
2097 3160 2212 3215 ὀνό-

552 3263 735 3319 μασιν.
783 3246 912 3300 Ἰδοὺ
941 3245 1071 3315 γοῦν
1094 3247 1186 3301 καὶ
1207 3246 1299 3299 ἐπὶ
1326 3246 1425 3317 τῆς
1450 3244 1791 3308 διαπλάσεως
1827 3247 1925 3316 τῆς
1956 3246 2212 3315 γυναικὸς

548 3337 615 3405 τῇ
658 3334 794 3404 αὐτῇ
847 3333 1108 3406 συνηθείᾳ
1150 3335 1421 3405 ἐχρήσατο
1456 3332 1703 3395 εἰποῦσα,
1737 3333 1843 3387 Kal
1866 3333 2214 3403 ᾠκοδόμησε

549 3422 763 3487 Κύριος
820 3423 852 3475 ό
910 3419 1054 3485 Θεὸς
1104 3418 1219 3487 τὴν
1264 3418 1552 3485 πλευρὰν.
1591 3417 1670 3487 ἦν
1694 3419 1911 3472 ἐλαϐεν
1954 3420 2073 3473 ἀπὸ
2108 3419 2212 3474 τοῦ

564 3506 764 3577 Ἀδὰμ.
807 3509 894 3572 εἰς
930 3506 1200 3577 γυναῖκα.
1235 3504 1300 3558 Τί
1336 3506 1401 3559 ἂν
1425 3506 1628 3559 είποιεν
1665 3505 1897 3560 ἐνταῦθα
1926 3509 1972 3560 οἱ
2004 3510 2213 3577 αἱρετι-

551 3594 658 3657 κοὶ,
698 3595 747 3647 οἰ
780 3593 958 3648 πάντα
996 3590 1450 3664 περιεργάζεσθαι
1494 3591 1826 3664 βουλόμενοι,
1860 3594 1955 3648 καὶ
1999 3595 2096 3648 τοῦ
2121 3595 2215 3667 δη-

554 3678 816 3751 μιουργοῦ
847 3678 952 3733 τῶν
983 3677 1120 3733 ὅλων
1142 3678 1240 3747 τὴν
1269 3678 1517 3748 γέννησιν
1540 3678 1923 3749 κατειληφέναι
1943 3681 2211 3750 οίόμενοι;

555 3768 711 3827 ιιοῖος
744 3767 898 3832 λόγος
929 3763 1087 3816 τοῦτο
1106 3763 1437 3834 ἑρμηνεῦσαι
1457 3764 1707 3829 δύναται;
1733 3769 1884 3829 ποῖος
1914 3767 2037 3830 νοῦς
2058 3784 2216 3820 κατα-

555 3847 772 3911 λαϐεἰν;
801 3850 946 3905 Μίαν
977 3850 1234 3920 πλευράν,
1260 3849 1442 3918 φησὶν,
1465 3850 1642 3903 ἐλαϐεο
1665 3852 1755 3903 καὶ
1784 3853 1900 3916 πῶς
1924 3855 1986 3905 ὲκ
2012 3853 2215 3925 ταύτης

552 3938 653 4007 τῆς
686 3938 813 4007 μιᾶς
857 3936 919 3989 rb
965 3935 1083 3989 ὅλον
1121 3927 1257 4000 ζῶον
1298 3935 1580 4003 διέπλασε;
1612 3936 1675 3988 Τί
1703 3936 1758 3989 δὲ
1789 3937 1950 4006 λέγω,
1997 3939 2112 4003 πῶς
2151 3941 2215 3994 ἐκ

554 4023 759 4092 ταύτης
794 4024 892 4093 τῆς
936 4024 1063 4094 μιᾶς
1096 4024 1157 4075 rb
1188 4021 1326 4085 ζῶον
1354 4022 1676 4087 διέπλασεν;
1723 4024 1854 4076 Εἰπέ
1887 4042 1978 4096 μοι
2020 4027 2136 4090 πῶς
2179 4028 2211 4099 ἡ

557 4112 845 4183 ἀφαίρεσις
882 4110 1104 4180 γέγονες
1134 4110 1253 4173 πῶς
1278 4110 1526 4181 αἴσθησιν
1554 4112 1652 4164 οὐκ
1680 4112 1835 4165 ἔλαϐε
1858 4115 1955 4185 τῆς
1984 4116 2211 4187 ἀφαιρέ.

558 4214 723 4261 σεως;
787 4197 926 4249 Ἀλλ’
983 4197 1132 4250 οὐδὲν
1178 4195 1379 4250 τούτων
1419 4197 1618 4269 δυνήσῃ
1666 4200 1856 4252 εἰπεῖν·
1901 4201 2059 4272 μόνος
2107 4204 2214 4276 γὰρ

558 4284 763 4347 ἐκεῖνος
792 4280 928 4335 οἶδεν
961 4284 990 4335 ό
1011 4282 1108 4353 τὴν
1132 4282 1488 4353 δημιουργίαν
1516 4285 1904 4356 ἐργασάμενος.
1947 4290 2008 4342 Εἰ
2039 4291 2216 4345 τοίνυν

558 4367 729 4422 ταῦτα
768 4369 836 4421 τὰ
879 4370 937 4421 ὲν
967 4370 1142 4439 χερσὶ,
1172 4370 1267 4422 καὶ
1299 4370 1370 4423 τά
1406 4370 1503 4441 τῆς
1530 4372 1867 4439 διαπλάσεως
1893 4376 1987 4429 τοῦ
2020 4380 2212 4447 ὁμογε-

559 4453 686 4519 νοῦς
719 4456 849 4525 ήμίν
889 4455 1067 4526 εὑρεῖν
1115 4454 1254 4519 ζώου
1295 4456 1356 4508 οὐ
1401 4457 1904 4533 καταλαμϐάνομεν,
1935 4465 2107 4536 πόσης
2150 4467 2216 4521 ἂν

559 4543 648 4615 εἴη
679 4542 874 4614 μανίας
912 4543 1007 4597 καὶ
1045 4544 1469 4615 παραφροσύνης
1495 4545 1565 4599 τά
1597 4548 1735 4603 κατά
1767 4550 1858 4603 τὸν
1889 4550 2217 4624 δημιουργὸν

561 4629 1034 4704 περιεργάζεσθαι,
1068 4633 1163 4685 καὶ
1200 4634 1383 4685 ἐκεῖνα
1412 4634 1639 4701 φάσκειν
1671 4636 2053 4708 κατειληφέναι
2088 4653 2112 4680 ει
2142 4634 2217 4694 ὧν

561 4719 681 4774 οὐτε
710 4721 767 4773 αἱ
799 4719 1076 4790 ἀσώματοι
1105 4721 1198 4774 καὶ
1223 4719 1361 4774 θεῖαι
1385 4722 1640 4793 δυνάμεις
1668 4724 1765 4795 τὴν
1796 4725 1994 4798 ἀκριϐῆ
2020 4728 2216 4794 γνῶσιν

561 4808 789 4878 ἔχουσιν,
847 4808 981 4861 ἀλλά
1037 4808 1174 4879 μετά
1231 4809 1396 4878 φόϐου
1440 4809 1534 4862 καὶ
1590 4810 1792 4882 τρόμου
1843 4813 2215 4882 δοξολογοῦσαι

560 4891 819 4962 διηνεκῶς
848 4890 1149 4943 διατελοῦσι
1170 4908 1184 4956 ;

623 5027 695 5091 γ’.
729 5029 838 5083 Kal
866 5028 1232 5098 ᾠκοδόμησε,
1263 5031 1416 5099 φησί,
1443 5032 1657 5100 Κύριος
1676 5035 1709 5087 ὀ
1730 5033 1874 5101 Θεὸς
1902 5034 2016 5104 τὴν
2036 5040 2219 5091 πλευ-

556 5118 691 5187 ρὰν,
718 5115 797 5184 ἢν
817 5116 1034 5170 ἐλαϐεν
1049 5116 1168 5169 ἀπὸ
1194 5116 1300 5169 τοῦ
1335 5117 1524 5188 Ἀδὰμ,
1548 5121 1636 5185 εἰς
1658 5121 1929 5189 γυναῖκα.
1965 5124 2103 5195 Ὅρα
2121 5126 2218 5196 τῆς

561 5204 781 5275 Γραφῆς
802 5201 899 5273 τὴν
927 5203 1229 5273 ἀκρίϐειαν.
1250 5203 1447 5256 Οὐκέτι
1482 5205 1589 5277 γὰρ
1618 5204 1789 5271 εἶπεν,
1822 5208 2072 5273 ἔπλασεν,
2104 5212 2218 5265 ἀλλ’

575 5291 994 5362 ᾭκοδόμησεν·
1023 5291 1206 5364 ἐπειδὴ
1235 5293 1298 5345 ἐκ
1328 5292 1421 5347 τοῦ
1446 5293 1544 5364 ήδη
1567 5294 1894 5358 πλασθέντος
1918 5296 1946 5335 δ
1972 5297 2032 5350 rb
2057 5298 2220 5370 μέρος

560 5378 740 5443 ἔλαϐε,
785 5379 880 5435 καὶ
918 5380 992 5444 ὡς
1026 5379 1094 5434 ἂν
1136 5381 1277 5434 εἴποι
1308 5396 1412 5445 τις,
1444 5380 1504 5432 τὸ
1546 5380 1733 5435 λεῖπον
1777 5382 2084 5453 ἐχαρίσατο.
2121 5386 2221 5440 Διά

560 5464 716 5521 τοῦτό
753 5481 907 5536 φησι,
931 5465 1039 5520 Kal
1060 5465 1467 5537 ᾠκοδόμησεν·
1500 5467 1601 5521 οὐκ
1627 5467 1795 5538 ἀλλην
1821 5467 2016 5523 πλάσιν
2036 5472 2221 5542 εἰργά-

589 5635 872 5706 "Id-gignat?
887 5637 1256 5706 κατειλημμένα,
1281 5640 1351 5687 sic
1378 5637 1574 5706 quidam
1597 5652 1710 5706 ιιι-ες.
1765 5637 1805 5706 -δ
1826 5640 2023 5693 Coislin.
2051 5645 2104 5694 ὲκ
2128 5644 2212 5695 τοῦ

565 5694 683 5746 ἰδίου
718 5696 1016 5752 κλασθέντος.
1043 5694 1160 5749 Ibid.
1186 5694 1306 5763 Reg.
1331 5694 1456 5751 unhs
1475 5703 1611 5765 μέρος
1633 5701 1881 5767 ἐλάμϐανε.

1327 210 1384 265 S.
1424 202 1706 263 JOANNIS
1740 196 2223 258 CIIRYSOSTOMI
2264 196 2577 253 ARCIIIEP.
2621 197 3164 257 CONSTANTINOP.

3885 197 3980 251 122

2303 331 2450 372 σατο,
2481 313 2595 366 ἀλλ’
2619 315 2683 366 ὲκ
2703 314 2800 384 τῆς
2827 314 2925 384 ήδη
2964 313 3260 384 γενομένης
3289 309 3539 375 πλάσεως
3577 310 3756 383 βραχύ
3795 328 3852 364 τι
3892 313 3979 382 μέ-

2303 417 2394 470 ρος
2422 398 2622 463 λαϐὼν,
2648 399 2806 453 τοῦτο
2832 400 2894 452 rb
2917 400 3080 469 μέρος
3111 398 3454 468 ᾠκοδόμησε,
3486 398 3585 451 καὶ
3621 398 3837 450 τέλειον
3871 399 3979 466 είρη

2299 485 2505 552 γάσατο
2526 485 2585 537 rb
2611 485 2767 549 ζῶον.
2801 485 2950 554 Πὸση
2981 483 3078 537 τοῦ
3098 483 3481 554 άριστοτέχνου
3505 480 3643 534 Θεοῦ
3664 483 3698 552 ή
3725 481 3983 553 δύναμις,

2303 571 2407 623 ἀπὸ
2454 570 2548 624 τοῦ
2586 570 2919 642 βραχυτάτου
2982 570 3182 641 μέρους
3223 570 3431 622 ἐκείνου
3473 568 3747 622 τοσούτων
3803 570 3986 640 μελῶν

2300 659 2589 723 ἀναλογίαν
2609 657 2966 729 ἐργάσασθαι.
2998 657 3093 710 καὶ
3117 656 3385 719 τοσαύτας
3409 657 3695 727 αἰσθήσεις
3721 657 3787 726 δη
3797 674 3926 726 μιου
3936 675 3986 728 ρ⁸

2301 747 2482 816 γῆσαι.
2550 748 2644 800 καὶ
2705 745 2906 799 τέλειον
2958 746 3049 798 καί
3090 744 3384 815 ὀλόκληρον
3426 745 3523 797 καὶ
3562 744 3985 815 ἀπηρτισμένου

2302 838 2439 901 ζῶον
2472 838 2898 899 κατασκευάσαι,
2921 836 2980 889 rb
3006 835 3303 897 δυνάμενον
3332 835 3427 888 καὶ
3458 834 3984 905 προσδιαλέγεσθαι,

2302 926 2395 979 καὶ
2422 929 2490 996 τῇ
2509 924 2608 993 τῆς
2623 924 2809 984 οὐσίας
2830 923 3083 993 κοινωνίᾳ
3107 922 3310 993 πολλὴν
3329 922 3481 993 αὐτῷ
3498 921 3598 993 τὴν
3621 923 3984 993 παραμυθίαν

2303 1014 2596 1085 εἰσφέρειν.
2628 1014 2725 1066 Διά
2764 1012 2874 1082 γὰρ
2906 1012 3005 1083 τὴν
3039 1011 3230 1066 τούτου
3255 1012 3600 1081 παράκλησιν
3630 1012 3790 1066 τοῦτο
3825 1010 3983 1085 [1191

2301 1100 2363 1153 rb
2393 1100 2529 1163 ζῶον
2562 1098 2983 1171 ὲδημιουργήθη.
3016 1098 3107 1151 Διὸ
3137 1100 3232 1151 καὶ
3272 1097 3484 1162 Παῦλος
3509 1099 3717 1167 ἔλεγεν·
3753 1102 3841 1154 Οὐ
3867 1103 3985 1169 γὰρ

2302 1189 2547 1255 ἐκτίσθη
2580 1191 2611 1241 ό
2635 1186 2789 1255 ἀνὴρ
2814 1186 2911 1239 διὰ
2938 1186 3049 1253 τὴν
3069 1185 3341 1254 γυναῖκα,
3371 1185 3534 1239 ἀλλὰ
3560 1185 3717 1256 γυνὴ
3744 1187 3844 1241 διὰ
3870 1189 3987 1241 τὸν·

2305 1274 2509 1344 ἄνδρα.
2563 1273 2722 1343 Ὁρᾷς
2750 1272 2865 1335 πῶς
2887 1272 3102 1325 ἅπαντα
3124 1272 3189 1325 δι’
3220 1272 3381 1325 αὐτὸν
3410 1271 3653 1339 γίνεται;
3686 1273 3845 1327 Μετὰ
3870 1274 3985 1345 γάρ

2303 1362 2403 1430 τὴν
2433 1359 2788 1429 δημιουργίαν
2824 1359 2923 1428 τῆς
2954 1359 3201 1423 κτίσεως,
3239 1358 3376 1428 μετά
3424 1359 3487 1411 rb
3525 1359 3879 1430 παραχθῆναι
3912 1364 3988 1415 τά

2305 1447 2489 1515 ἄλογα,
2535 1447 2603 1499 τά
2639 1447 2772 1516 πρὸς
2806 1445 3007 1516 βρῶσιν
3045 1446 3345 1515 ἐπιτήδεια.
3385 1444 3455 1498 τά
3494 1447 3631 1516 πρὸς
3669 1448 3987 1519 ὑπηρεσίαν

2304 1532 2659 1603 χρησιμεύειν
2696 1531 2986 1602 δυνάμενα,
3011 1531 3198 1603 ἐπειδὴ
3226 1531 3397 1585 ἐδεῖτο
3419 1534 3448 1585 ό
3479 1532 3738 1597 πλασθεὶς
3766 1534 3989 1606 ἀνθρω.

2305 1622 2405 1682 πός
2439 1636 2582 1680 τινος
2608 1618 2703 1672 τοῦ
2734 1618 3279 1689 προσδιαλεγομένου,
3314 1619 3409 1671 καὶ
3427 1619 3732 1690 δυναμένου
3769 1625 3835 1693 τῇ
3862 1640 3986 1675 κοι-

2304 1706 2470 1776 νωνίᾳ
2486 1705 2585 1774 τῆς
2607 1705 2792 1767 οὐσίας
2811 1704 3010 1775 πολλὴν
3030 1703 3177 1775 αὐτῷ
3196 1704 3457 1776 παρέχειν
3482 1706 3579 1777 τὴν
3597 1709 3985 1778 παραμυθίαν,

2303 1794 2391 1847 διά
2412 1793 2570 1846 τοῦτο
2604 1794 2668 1845 ὲκ
2701 1792 2801 1862 τῆς
2832 1792 3072 1863 πλευρᾶς
3105 1793 3270 1846 αὐτοῦ
3303 1794 3719 1867 δημιουργεῖται
3753 1797 3814 1851 rb
3840 1797 3987 1862 ζῶον

2303 1880 2460 1934 τοῦτο
2484 1880 2545 1932 rb
2581 1879 2814 1947 λογικὸν,
2841 1881 2934 1933 καὶ
2960 1880 3102 1933 κατά
3133 1881 3232 1951 τὴν
3257 1881 3568 1952 εὐμήχανον
3587 1885 3755 1939 αὐτοῦ
3782 1888 3987 1956 σοφίαν

2303 1968 2505 2021 τέλειον
2540 1967 2632 2020 καὶ
2670 1966 3073 2037 ἀπηρτισμένον
3104 1967 3236 2020 αὐτὸ
3274 1969 3587 2039 εἰργάσατο,
3624 1972 3769 2025 κατά
3800 1975 3987 2029 πάντα

2303 2055 2383 2125 τῷ
2423 2053 2694 2125 ἀνθρώπῳ
2729 2054 2933 2124 ὅμοιον,
2985 2055 3106 2107 ἀντὶ
3147 2053 3261 2117 τοῦ,
3307 2054 3539 2124 λογικὸν.
3585 2058 3887 2130 δυνάμενον
3923 2065 3986 2116 ὲν

2304 2145 2416 2204 τοῖς
2461 2140 2692 2211 καιρίοις
2740 2140 2888 2211 αὐτῷ
2925 2140 3017 2194 καί
3067 2144 3174 2203 τοῖς
3209 2143 3525 2209 ἀναγκαίοις
3549 2146 3643 2198 καὶ
3681 2148 3980 2218 συνέχουσι

2305 2229 2405 2299 τὴν
2437 2228 2582 2298 ζωὴν
2608 2228 2678 2281 τά
2709 2227 2807 2297 τῆς
2842 2226 3092 2297 βοηθείας
3119 2228 3411 2297 εἰσφέρειν.
3442 2230 3574 2294 Θεὸς
3604 2233 3715 2303 γάρ
3749 2230 3819 2304 ἦν
3849 2237 3881 2288 ὁ
3913 2239 3983 2291 τά

2306 2315 2484 2368 πάντα
2511 2315 2673 2386 σοφίᾳ
2696 2316 2803 2367 ’τινί⁵
2831 2315 2926 2366 καὶ
2951 2315 3281 2385 δημιουργίᾳ
3308 2317 3627 2387 οἰκονομῶν.
3655 2319 3717 2373 Εἰ
3749 2321 3860 2391 γὰρ
3887 2327 3983 2377 καὶ

2306 2404 2467 2473 ἡμεῖς
2513 2400 2601 2455 διὰ
2640 2402 2738 2472 τήν
2769 2400 2878 2453 τῶν
2910 2400 3184 2471 λογισμῶν
3221 2402 3504 2456 ἀσθένειαν
3536 2406 3984 2477 καταλαμϐάνειν

2309 2492 2385 2561 μή
2424 2488 2700 2561 δυνάμεθα
2739 2488 2829 2542 τὸν
2872 2490 3071 2559 τρόπον
3098 2489 3207 2543 τῶν
3246 2491 3651 2562 γεγενημένων,
3678 2494 3795 2547 ἀλλ’
3827 2498 3984 2568 ὅμως

2307 2576 2657 2648 πιστεύομεν,
2688 2577 2769 2629 ὅτι
2814 2574 2892 2646 τῷ
2931 2575 3230 2647 βουλήματι
3259 2575 3422 2630 αὐτοῦ
3462 2579 3640 2633 πάντα
3680 2580 3843 2647 εἴκει,
3886 2589 3983 2640 καὶ

2307 2665 2443 2734 ὅπερ
2492 2664 2558 2718 ἂν
2614 2662 2910 2735 προστάξῃ,
2956 2663 3114 2716 τοῦτο
3171 2667 3253 2726 εἰς
3300 2665 3463 2735 μέσον
3495 2669 3822 2739 παράγεται.
3868 2674 3984 2726 Kal

2308 2750 2677 2821 ᾠκοδόμησε,
2726 2750 2878 2820 φησὶ,
2921 2751 3136 2817 Κύριος
3170 2752 3204 2804 ὁ
3239 2751 3386 2818 Θεὸς
3430 2753 3545 2821 τὴν
3580 2757 3872 2825 πλεῳὰν,
3902 2759 3985 2827 ἢν

2309 2839 2528 2893 ἐλαϐεν
2550 2838 2668 2893 ἀπὸ
2698 2838 2803 2893 τοῦ
2847 2836 3038 2908 Ἀδὰμ,
3068 2839 3157 2904 είς
3183 2839 3458 2909 γυναῖκα,
3483 2841 3583 2895 καί
3616 2842 3843 2912 ἢγαγεν
3874 2851 3983 2903 σὺ-

2310 2926 2426 2993 τὴν·
2454 2926 2606 2995 πρὸς
2623 2926 2732 2981 τὸν
2768 2924 2958 2995 Ἀδάμ·
2989 2926 3228 2991 δεικνὺς,
3254 2927 3337 2980 ὃτι
3359 2927 3426 2981 δι’
3448 2929 3611 2983 αὐτὸν
3639 2933 3811 3003 αὐτὴν
3834 2952 3983 3006 παρ-

2311 3016 2533 3085 ήγαγεν.
2562 3012 2806 3082 ’Ἡγαγεν
2837 3012 3031 3084 αὐτὴν,
3061 3013 3217 3083 φησί,
3245 3014 3379 3084 πρὸς
3398 3015 3491 3069 τὸν
3531 3016 3720 3087 Ἀδάμ.
3763 3020 3984 3093 Ἐπειδὴ

2310 3103 2419 3174 γάρ
2449 3104 2625 3166 οὐδεὶς
2675 3102 2896 3173 εὑρέθη,
2946 3103 3132 3173 φησιν.
3164 3105 3221 3156 ὲν
3259 3106 3392 3158 πᾶσι
3429 3108 3540 3170 τοῖς
3578 3106 3759 3172 ἄλλοις
3795 3110 3986 3180 ὅμοιός

2313 3208 2395 3245 σοι
2430 3191 2642 3263 βοηθὸς,
2702 3190 2810 3244 ἰδοὺ
2855 3192 2991 3262 ὅπερ
3029 3191 3344 3263 ὑπεσχόμην
3384 3194 3820 3268 (ἐπηγγειλάμην
3868 3200 3985 3269 γὰρ

2314 3278 2505 3350 βοηθὸν
2566 3278 2750 3349 ὅμοιόν
2809 3295 2889 3330 σοι
2946 3278 3418 3350 κατασκευάζειν),
3475 3281 3634 3336 τοῦτο
3682 3284 3985 3355 πληρώσας

2313 3361 2655 3433 παραδίδωμί
2710 3378 2812 3414 σοι.
2846 3362 3065 3431 Ἥγαγε
3106 3361 3213 3431 γάρ
3242 3363 3457 3430 αὐτὴν,
3494 3365 3647 3435 φησί,
3684 3368 3837 3434 πρὸς
3876 3369 3987 3422 τὸν

2326 3448 2518 3517 Ἀδάμ.
2564 3448 2671 3501 Kal
2719 3443 2889 3500 εἶπεν
2926 3446 3119 3516 Ἀδὰμ,
3160 3448 3337 3501 Τοῦτο
3374 3448 3491 3502 νῦν
3511 3452 3736 3505 ὀστοῦν
3763 3454 3833 3508 ἐκ
3864 3453 3984 3508 τῶν

2315 3534 2541 3590 ὀστέων
2555 3551 2694 3604 μου,
2724 3534 2820 3587 καί
2852 3534 3007 3601 σὰρξ
3034 3534 3103 3587 ἐκ
3140 3531 3259 3586 τῶν
3293 3535 3535 3605 σαρκῶν
3553 3555 3693 3607 μου.

2382 3695 2489 3748 Θέα
2532 3711 2620 3765 μοι
2665 3692 2927 3755 ἐνταῦθα,
2974 3693 3249 3761 ἀγαπητὲ,
3291 3694 3408 3758 πῶς
3455 3697 3593 3766 μετὰ
3639 3698 3741 3768 τῆς
3788 3703 3984 3772 σοφίας

2315 3781 2529 3852 ἐκείνης
2562 3781 2660 3851 τῆς
2696 3780 2925 3849 ἀφάτου,
2976 3781 3074 3849 τῆς
3118 3781 3268 3852 παρά
3301 3780 3394 3834 τοῦ
3436 3783 3569 3836 Θεοῦ
3618 3785 3766 3857 αὐτῷ
3807 3806 3984 3860 χορη-

2315 3868 2595 3939 γηθείσης,
2642 3868 2707 3921 τά
2752 3867 3015 3937 δείγματα
3057 3870 3187 3938 ἡμῖν
3227 3869 3434 3923 ἐδείκνυ
3468 3870 3553 3925 διὰ
3593 3873 3691 3943 τῆς
3720 3876 3830 3930 τῶν
3862 3879 3988 3932 ὀνο-

2319 3955 2503 4025 μάτων
2567 3954 2767 4016 θέσεως
2819 3954 2961 4025 ειπερ
3015 3955 3248 4026 ἐπέθηκε
3301 3957 3572 4021 τοσούτοις
3624 3963 3738 4024 τοίς
3793 3963 3991 4031 γένεσι

2315 4048 2421 4101 τῶν
2468 4046 2674 4114 ἀλόγων
2726 4044 2897 4110 ζώων,
2950 4047 3043 4099 καί
3093 4051 3435 4120 προφητικης
3485 4048 3681 4120 ήξίωτο
3731 4055 3985 4127 χάριτος.

2315 4139 2414 4194 Διά
2440 4139 2546 4210 γάρ
2577 4137 2733 4192 τοῦτο
2770 4139 2825 4190 ὲν
2863 4140 2973 4201 τοῖς
3015 4138 3268 4208 ἀνωτέρω
3300 4141 3536 4206 ἐδίδαξεν
3558 4145 3704 4213 ἡμᾶς
3737 4148 3766 4199 ὁ
3793 4153 3983 4217 μακά-

2320 4250 2432 4305 ριος
2460 4227 2612 4293 οὗτος
2638 4230 2940 4302 προφήτης,
2969 4230 3051 4282 ὃτι
3091 4231 3228 4301 μετά
3260 4231 3353 4284 τοῦ
3395 4232 3560 4287 ὕπνου
3599 4237 3693 4288 καὶ
3723 4236 3991 4304 ἔκστασις

2319 4324 2480 4378 αὐτὸν
2519 4322 2708 4376 ἔλαϐεν
2733 4361 2749 4386 ,
2798 4323 2873 4384 ὡς
2923 4322 3056 4393 μηδὲ
3098 4323 3235 4387 ὅλως
3274 4324 3523 4396 αἴσθησιν
3571 4327 3825 4393 δέξασθαι
3886 4335 3990 4386 τοῦ

2318 4415 2627 4485 γενομένου,
2660 4414 2727 4467 ἵν’
2776 4414 2995 4467 ἐπειδὰν
3033 4415 3210 4485 μάθῃς
3242 4414 3366 4481 νῦν,
3402 4418 3482 4471 ἔτι
3526 4418 3661 4487 μετά
3703 4420 3804 4491 τὴν
3852 4421 3991 4477 θέαν

2316 4508 2417 4579 τῆς
2458 4506 2715 4576 γυναικὸς
2758 4506 2896 4578 μετά
2945 4508 3226 4577 ἀκριϐείας
3261 4510 3589 4578 ἀπαγγέλλει
3635 4513 3695 4565 rb
3735 4517 3989 4581 γεγονὸς,

2319 4603 2546 4673 πεισθῇς
2587 4601 2861 4673 ἀκριϐῶς,
2897 4601 2978 4654 ὅτι
3021 4605 3329 4671 προφητικῇ
3366 4604 3551 4673 χάριτι
3588 4605 3759 4659 ταῦτα
3813 4608 3991 4678 φθέγ-

2317 4712 2503 4765 γεται,
2560 4696 2655 4750 καὶ
2706 4694 3063 4765 ἐνηχούμενος
3120 4694 3225 4746 ὑπὸ
3273 4694 3376 4760 τῆς
3437 4695 3530 4748 τοῦ
3597 4697 3752 4765 ἀγίου
3805 4699 3993 4752 Πνεύ-

2323 4801 2489 4856 ματος
2533 4783 2902 4848 διδασκαλίας-
2952 4784 3010 4837 '0
3066 4783 3173 4855 γάρ
3230 4784 3398 4854 μηδὲν
3443 4785 3550 4838 τῶν
3599 4790 3988 4858 γεγενημένων

2319 4875 2491 4941 εἰδὼς,
2524 4876 2710 4946 ἐπειδὴ
2759 4876 2965 4946 ἤγαγεν
3015 4875 3184 4945 αὐτὴν
3212 4875 3347 4945 πρὸς
3378 4874 3561 4941 αὐτὸν,
3598 4877 3749 4948 φησί’
3802 4882 3989 4936 Τοῦτο

2318 4967 2436 5021 νῦν
2473 4966 2697 5021 ὀστοῦν
2739 4967 2807 5020 ἐκ
2850 4965 2967 5020 τῶν
3017 4966 3243 5021 ὀστέων
3274 4984 3412 5035 μου,
3452 4966 3551 5019 καί
3578 4966 3739 5035 σὰρξ
3769 4968 3839 5024 ἐκ
3878 4970 3988 5039 τῆς

2319 5057 2546 5125 σαρκός
2565 5075 2704 5127 μου.
2732 5058 2955 5128 ’Έτερος
2982 5058 3038 5112 δέ
3065 5074 3148 5120 τις
3170 5057 3507 5128 ἑρμηνευτής
3528 5074 3711 5129 φησιν,
3742 5061 3865 5113 ἀντὶ
3886 5061 3987 5114 τοῦ

2318 5148 2467 5212 Νῦν,
2502 5147 2684 5203 Τοῦτο
2723 5149 2905 5215 ἅπαξ,
2940 5149 3117 5220 δηλῶν
3153 5149 3234 5201 ὃτι
3262 5148 3355 5201 νῦν
3381 5149 3538 5201 τοῦτο
3576 5150 3734 5219 μόνον
3771 5153 3983 5221 γέγονε,

2319 5240 2415 5293 καὶ
2446 5239 2628 5293 οὐκέτι
2648 5239 2819 5303 οὓτως
2855 5239 3008 5317 ἔσται
3033 5240 3134 5310 τῆς
3162 5239 3419 5308 γυναικὸς
3452 5243 3485 5311 ή
3513 5241 3822 5308 διάπλασις.
3849 5245 3991 5310 Νῦν,

2321 5331 2504 5400 φησίν,
2541 5329 2600 5396 ἐξ
2625 5330 2816 5401 ἀνδρὸς
2861 5329 3082 5399 γέγονεν
3119 5332 3152 5402 ή
3198 5331 3357 5401 γυνή,
3415 5331 3553 5400 μετὰ
3587 5333 3642 5387 δὲ
3675 5334 3850 5390 ταῦτα
3887 5339 3994 5408 οὐχ

2320 5420 2511 5485 οῦτως,
2544 5420 2657 5492 ἀλλ’
2687 5423 2750 5473 ὲκ
2783 5421 2882 5491 τῆς
2917 5422 3174 5490 γυναικὸς
3205 5424 3234 5475 ό
3272 5423 3430 5493 ἀνήρ·
3469 5424 3667 5493 μᾶλλον
3692 5426 3747 5481 δὲ
3781 5430 3884 5483 οὐκ
3920 5434 3994 5484 ἐκ

2320 5512 2419 5581 τῆς
2440 5511 2713 5579 γυναικὸς,
2746 5510 2860 5565 ἀλλ’
2888 5511 2952 5564 ὲκ
2974 5516 3072 5584 τῆς
3102 5512 3427 5582 ἀμφοτέρων
3454 5514 3760 5586 συνεργίαςο
3787 5518 3863 5585 ὡς
3893 5526 3993 5576 καὶ

2322 5604 2351 5657 ὸ
2390 5603 2600 5665 Παῦλός
2658 5619 2838 5672 φησιν’
2879 5605 2963 5657 Οὐ
3021 5602 3130 5673 γάρ
3173 5605 3344 5658 ἐστιν
3374 5604 3529 5675 ἀνὴρ
3574 5608 3642 5659 ἐκ
3674 5615 3990 5679 γυναικὸς,

2321 5696 2480 5753 ἀλλὰ
2510 5698 2662 5766 γυνὴ
2685 5696 2753 5763 ἐξ
2781 5696 3017 5765 ιὶιθδρέςο
3045 5698 3141 5753 καὶ
3166 5699 3274 5754 οὐχ
3297 5698 3543 5768 ἐκτίσθη
3562 5699 3715 5771 ἀνὴρ
3739 5701 3839 5759 διὰ
3873 5703 3995 5768 τὴν
