4144 6200
353 380 534 439 postea
563 378 741 425 tamen
767 367 1078 441 cogniturus
1103 376 1237 424 erat.
1278 367 1460 439 Itaque
1512 378 1570 424 ut
1619 384 1686 424 ne
1712 369 1859 424 illum
1891 368 1945 422 in

356 458 650 515 auferendo
677 457 887 526 dolore,
913 473 1087 528 neque
1129 459 1199 511 ob
1239 458 1559 513 ablatiouem
1596 459 1808 514 tristitia
1830 457 1950 513 afli-

355 560 518 611 ceret,
550 560 776 619 utraque
799 549 877 603 sic
901 548 1248 619 dispensavit,
1281 558 1338 603 ut
1381 557 1438 604 et
1479 549 1613 604 citra
1650 553 1944 605 cruciatum

352 639 498 698 illius
534 642 790 704 auferret,
820 646 876 693 et
924 636 1143 708 impleto
1180 654 1248 694 eo
1296 637 1414 694 loco
1454 640 1595 695 unde
1628 640 1942 708 abstulerat,

354 731 613 788 factorum
644 746 861 787 sensum
880 730 1155 801 percipere
1185 746 1291 785 non
1316 731 1535 785 sineret.
1585 730 1747 801 Igitur
1788 746 1945 787 acce-

355 831 500 891 ptam
528 822 665 876 hanc
688 830 892 876 costam
921 819 1202 875 mdificavit
1234 820 1489 875 Dominus
1510 821 1651 876 Deus
1674 821 1725 876 in
1756 822 1948 878 mulie-

357 927 497 967 rem.
531 911 861 966 Adtuirabile
913 910 1148 977 dictum,
1178 919 1413 965 nostram
1467 911 1727 967 rationem
1780 912 1944 966 nimia

356 1002 673 1059 excellentia
700 1002 942 1057 vincens.
1002 1000 1278 1071 Ejusmodi
1308 1002 1452 1057 enim
1478 1010 1604 1057 sunt
1626 1002 1806 1057 omnia
1826 1017 1946 1073 quae

359 1090 493 1147 ﬁunt
517 1106 546 1147 a
569 1091 815 1147 Domino.
855 1089 1002 1146 Istud
1028 1090 1204 1158 enim,
1231 1106 1389 1160 quam
1411 1090 1683 1146 hominem
1700 1108 1731 1146 e
1755 1091 1946 1161 pulve-

363 1197 424 1237 re
453 1182 687 1245 I'ormari,
719 1198 827 1237 non
871 1191 953 1237 est
984 1182 1179 1235 minus.
1223 1182 1289 1237 Et
1315 1181 1435 1236 vide
1462 1183 1652 1237 iterum
1679 1181 1950 1253 quomodo

368 1273 544 1328 divina
598 1274 869 1343 Scriptura
919 1273 1100 1328 verbis
1135 1283 1330 1329 nostra:
1382 1272 1673 1329 infirmitati
1731 1289 1949 1328 accom-

371 1365 543 1419 ntodis
570 1380 663 1419 usa
690 1366 777 1419 sit.
812 1363 875 1419 Et
900 1366 1111 1435 accepit,
1133 1365 1321 1435 inquit,
1340 1383 1492 1420 unam
1516 1377 1767 1420 costarum
1788 1366 1947 1420 illius.

444 1454 514 1510 Ut
538 1454 698 1509 Deum
725 1457 862 1510 decet
891 1460 998 1510 lucc
1025 1456 1173 1510 verba
1204 1456 1563 1527 intelligenda;
1606 1456 1854 1511 Dominus
1905 1464 1954 1510 et

370 1545 506 1601 Deus
533 1550 597 1602 de
630 1549 784 1603 Putre
806 1560 853 1604 et
878 1547 1217 1604 Filia—Nc
1258 1549 1489 1604 humano
1533 1565 1681 1604 more
1726 1548 1954 1617 accipias

366 1654 486 1707 qua:
506 1638 774 1705 dicuntur,
804 1640 898 1696 sed
924 1655 1103 1696 crassa
1153 1640 1311 1696 verba
1339 1642 1584 1697 humana:
1605 1641 1951 1697 imbecillitati

366 1734 651 1786 convenire
678 1731 902 1801 cogites.
927 1730 1059 1785 Nam
1090 1732 1189 1787 nisi
1220 1731 1303 1786 bis
1328 1732 1506 1787 verbis
1531 1731 1803 1800 Scriptura
1823 1731 1953 1786 fuis-

367 1834 450 1874 se:
489 1835 601 1886 usa,
633 1822 902 1891 quomodo
928 1832 1032 1878 tam
1063 1838 1252 1879 arcana
1303 1825 1553 1893 mysteria
1601 1823 1809 1880 discere
1857 1838 1955 1894 po-

368 1912 692 1968 tuissemus?
721 1930 790 1969 ne
829 1915 989 1985 igitur
1032 1916 1215 1972 verbis
1263 1924 1464 1972 tantum
1510 1916 1709 1972 addicti
1764 1919 1952 1983 simus,

369 2001 463 2057 sed
505 2004 684 2058 omnia
726 2013 783 2058 ιιι
810 2020 907 2074 par
932 2016 1014 2060 est
1038 2005 1104 2060 de
1126 2007 1239 2060 Deo
1266 2008 1581 2063 sentiamus.
1607 2007 1955 2077 Quandoqui-

367 2093 491 2148 dem
528 2094 656 2148 dum
685 2094 897 2162 dicitur,
948 2098 1172 2168 Accepit,
1224 2106 1280 2153 et
1322 2099 1501 2154 omnia
1553 2100 1699 2164 talia,
1744 2108 1960 2170 propter

374 2192 612 2238 nostram
655 2185 1014 2241 inﬁrmitatem
1074 2188 1144 2240 ita
1195 2188 1338 2244 dicta
1382 2197 1527 2244 sunt.
1579 2187 1959 2243 Animadverte

371 2283 551 2328 autem
572 2275 840 2344 quomodo
866 2286 919 2331 et
941 2276 1027 2332 hic
1059 2276 1246 2333 eadem
1280 2293 1376 2336 usa
1413 2288 1498 2334 est
1536 2279 1958 2346 consuetudine,

371 2378 474 2431 qua
502 2379 683 2434 supra,
714 2381 835 2420 cttm
881 2366 946 2421 de
987 2367 1154 2422 Adam
1181 2378 1380 2439 ageret.
1409 2367 1542 2424 Nam
1573 2379 1631 2425 ut
1657 2371 1726 2426 ibi
1751 2372 1958 2441 semel,

372 2468 437 2509 ac
455 2454 669 2521 iterum,
700 2464 752 2511 et
777 2456 971 2527 smpius
990 2457 1142 2525 dixit,
1189 2458 1257 2512 Et
1284 2461 1477 2531 accepit
1526 2459 1777 2517 Dominus
1820 2463 1960 2520 Deus

374 2545 623 2600 hominem
647 2563 660 2602 :
693 2557 748 2603 et
776 2549 988 2616 iterum,
1023 2549 1089 2604 Et
1111 2552 1347 2621 pracepit
1367 2551 1612 2608 Dominus
1639 2552 1776 2610 Deus
1799 2556 1925 2611 Adce
1942 2572 1962 2613 .'

376 2646 430 2691 et
448 2636 660 2704 iterum,
684 2638 924 2711 Dixitque
942 2640 1188 2697 Dominus
1218 2642 1356 2700 Deus
1378 2660 1397 2699 :
1414 2643 1686 2701 Faciamus
1710 2648 1789 2702 illi
1808 2648 1962 2722 adju-

270 2786 283 2797 ,
377 2735 534 2780 torem
560 2729 774 2784 similem
801 2731 926 2787 illi:
952 2733 1032 2788 sic
1054 2741 1109 2789 et
1149 2748 1290 2790 nunc
1330 2735 1520 2807 inquit,
1576 2735 1646 2792 Et
1689 2738 1962 2808 adiﬁcavit

378 2814 629 2872 Dominus
684 2817 820 2876 Deus
869 2832 1079 2889 costam,
1123 2841 1275 2895 quam
1323 2827 1514 2898 accepit
1564 2826 1628 2882 ab
1680 2826 1865 2897 Adam,
1908 2830 1961 2885 in

377 2908 670 2976 mulierem;
692 2920 745 2967 et
767 2913 927 2983 paulo
944 2915 1210 2984 superius,
1240 2914 1306 2970 Et
1325 2917 1531 2972 immisit
1553 2917 1800 2974 Dominus
1826 2919 1962 2977 Deus

376 3015 634 3055 excessum
678 3002 733 3056 in
771 3002 976 3059 Adam:
1003 3014 1060 3059 ut
1099 3004 1277 3061 discas
1322 3007 1519 3063 nullam
1551 3008 1719 3066 Patris
1748 3020 1801 3065 et
1840 3010 1959 3067 Filii

375 3089 738 3147 diversitatem
775 3091 873 3148 has
910 3093 1169 3150 dictiones
1208 3095 1440 3153 indicare
1473 3115 1487 3152 :
1517 3098 1638 3169 quia
1687 3099 1961 3171 utriusque

378 3190 462 3238 est
508 3199 607 3238 una
665 3187 930 3252 essentia,
986 3185 1440 3243 indiscriminatim
1504 3190 1805 3246 nominibus
1849 3192 1962 3245 istis

379 3277 647 3348 Scriptura
673 3278 861 3334 utitur.
886 3278 1024 3334 Ecce
1061 3280 1219 3351 igitur
1244 3288 1301 3336 et
1324 3279 1464 3336 hanc
1482 3281 1917 3337 consuetudinem
1944 3325 1959 3349 ,

379 3386 503 3427 cum
543 3371 612 3428 de
654 3372 970 3430 formatione
998 3376 1236 3431 mulieris
1271 3378 1399 3449 agit,
1423 3373 1668 3431 similiter
1692 3377 1960 3445 servavit,

381 3464 607 3520 dicens:
640 3464 703 3520 Et
740 3466 1009 3535 cdiﬁcauit
1058 3465 1310 3523 Dominus
1355 3468 1494 3525 Deus
1552 3477 1765 3535 costam,
1810 3484 1961 3538 quam

379 3552 571 3617 accepit
597 3548 659 3603 ab
699 3550 882 3614 Adam,
920 3553 972 3604 in
1014 3554 1292 3608 mui'ierem.
1329 3556 1465 3622 Quid
1493 3572 1624 3627 ergo
1659 3560 1746 3615 hic
1784 3561 1964 3615 dicent

382 3641 619 3695 lueretlci
643 3683 658 3708 ,
687 3642 776 3712 qui
801 3642 977 3697 omnia
1005 3644 1273 3700 curiosius
1312 3649 1596 3718 explorare
1647 3654 1851 3718 volunt,
1908 3667 1963 3711 et

379 3730 685 3787 Conditoris
712 3732 948 3787 omnium
984 3735 1380 3802 generationem
1409 3743 1877 3811 comprehendisse
1900 3763 1962 3802 se

382 3824 607 3893 putant?
634 3825 764 3893 Quis
788 3840 968 3881 sermo
988 3825 1089 3883 hoc
1112 3829 1377 3898 explicare
1413 3835 1644 3900 poterit?
1668 3850 1785 3906 qua:
1812 3853 1963 3892 mens

381 3915 877 3983 campreltcndcre?
920 3916 1088 3973 Unam
1133 3929 1370 3990 costam,
1407 3922 1596 3995 inquit,
1625 3929 1860 3999 acoepit;
1910 3939 1965 3986 ct

386 4000 651 4069 quomodo
679 4018 743 4059 ex
788 4004 888 4062 hac
915 4007 1065 4064 unica
1091 4021 1236 4066 costa
1261 4020 1425 4069 totum
1460 4019 1658 4073 animal
1680 4019 1965 4077 formavit?

384 4089 452 4145 Et
479 4092 604 4162 quid
631 4093 771 4162 dico,
799 4099 1065 4167 quomodo
1088 4116 1152 4156 ex
1182 4102 1281 4158 hac
1321 4121 1422 4159 una
1449 4109 1647 4163 animal
1671 4110 1963 4169 formavit?

381 4181 506 4248 Dic,
539 4183 779 4252 obsecro,
809 4191 1076 4260 quomodo
1109 4194 1304 4249 ablatio
1356 4197 1492 4253 facta
1537 4203 1653 4255 est?
1697 4205 1964 4271 quomodo

376 4273 567 4341 Adam,
612 4292 731 4332 cum
770 4279 1070 4338 auferretur
1106 4295 1278 4351 costa,
1331 4305 1436 4344 non
1478 4293 1802 4350 scnsi:?Sed
1834 4296 1962 4353 nihil

377 4363 565 4423 horum
587 4370 769 4428 dicere
803 4375 1003 4444 pOteris
1033 4392 1049 4430 :
1075 4393 1211 4431 unus
1246 4380 1389 4435 enim
1442 4392 1643 4440 tantum
1697 4389 1816 4453 scit,
1872 4391 1960 4460 qui

374 4466 458 4511 est
478 4458 589 4528 ipse
617 4459 894 4518 Conditor.
923 4464 1076 4532 Quod
1103 4469 1147 4521 si
1180 4468 1294 4525 haec
1316 4487 1436 4541 qua:
1462 4475 1513 4530 in
1544 4478 1788 4534 manibus
1815 4458 1958 4547 sunt,

372 4555 424 4601 et
455 4551 700 4605 animalis
724 4552 870 4608 ill-us
888 4555 1028 4624 quod
1058 4557 1213 4613 nobis
1233 4574 1394 4617 carne
1417 4577 1699 4636 cognatum
1733 4577 1818 4624 est
1854 4572 1963 4624 for-

375 4640 660 4696 mationem
711 4661 818 4699 non
868 4647 1406 4719 comprehendimus;
1447 4659 1628 4726 quanti
1676 4660 1851 4716 delirii
1906 4672 1960 4717 ct

372 4733 621 4787 amentiae
649 4733 809 4790 fuerit
840 4737 1102 4795 curiosius
1125 4740 1394 4813 inquirere
1417 4761 1537 4817 qua:
1568 4749 1733 4818 ipsius
1759 4753 1960 4808 Condi-

373 4822 503 4874 toris
531 4833 674 4889 snut,
706 4834 759 4880 et
785 4827 964 4885 dicere
989 4844 1049 4886 se
1084 4832 1171 4886 illa
1198 4837 1675 4906 comprehendere,
1730 4859 1955 4912 quorum

372 4926 544 4980 neque
574 4913 900 4988 incorporea:
920 4930 974 4976 et
994 4922 1190 4979 divina:
1211 4927 1432 4983 virtutes
1454 4928 1651 4999 justam
1678 4934 1954 4990 scientiam

371 4999 588 5097 habent,
620 5007 713 5062 sed
735 5025 854 5065 cum
901 5013 1093 5071 timore
1119 5023 1175 5071 et
1218 5026 1449 5075 tremore
1477 5020 1528 5075 in
1556 5022 1762 5079 assidua
1788 5024 1959 5097 glori-

369 5093 613 5150 ﬁcatione
658 5106 1036 5168 perseverant?

439 5188 495 5242 5.
521 5188 587 5243 Et
607 5192 878 5261 mdiﬁcavit
906 5195 1154 5254 Dominus
1179 5199 1318 5255 Deus
1343 5212 1555 5269 costam,
1591 5220 1739 5272 quam
1764 5208 1956 5277 accepit

367 5278 432 5331 ab
480 5279 664 5347 Adam,
692 5283 745 5337 in
793 5288 1076 5345 mulierem.
1113 5291 1243 5348 Vide
1286 5292 1572 5364 Scriptura:
1605 5296 1952 5367 diligentiam.

367 5368 484 5426 Non
511 5373 650 5427 enim
667 5373 777 5445 jam
803 5374 954 5445 dicit,
984 5381 1272 5450 Formavit,
1306 5384 1422 5448 sed,
1456 5385 1759 5457 /Etliﬁcavit
1787 5404 1807 5443 :
1830 5392 1952 5461 quia

367 5475 429 5516 ex
447 5462 557 5534 jam
586 5463 814 5523 formato
837 5479 1041 5538 partem
1066 5475 1292 5544 accepit,
1343 5483 1397 5530 et
1434 5480 1583 5547 quasi
1611 5479 1813 5535 diceret
1857 5483 1954 5538 ali-

367 5557 507 5625 quis,
562 5559 703 5628 quod
755 5560 942 5617 deerat
986 5563 1153 5620 dedit.
1213 5563 1334 5623 Ideo
1382 5566 1530 5636 dicit,
1564 5569 1629 5625 Et
1647 5573 1954 5640 a-di/icuvit:

369 5661 471 5705 ιιοιι
515 5648 673 5705 aliam
732 5651 1105 5711 formationem
1156 5656 1298 5727 fecit,
1351 5660 1446 5718 sed
1485 5677 1549 5719 ex
1574 5679 1640 5720 co
1679 5664 1817 5735 quod
1841 5664 1951 5736 jam

1463 255 1526 312 IN
1564 257 1711 312 CAP.
1731 256 1796 315 11.
1837 254 2085 313 GENES.
2130 256 2363 313 IIOMIL.
2407 257 2520 312 XV.

3536 256 3639 313 ΜΞ

2056 368 2337 423 formatum
2378 378 2514 434 erat,
2555 378 2771 439 accepta
2813 369 3147 441 portiuncula
3196 370 3445 441 quadam,
3496 370 3631 426 hanc

2056 467 2258 527 partem
2282 458 2585 523 mditicavit,
2615 468 2668 515 et
2688 459 2978 531 perfectum
3026 462 3153 517 fecit
3178 463 3395 517 animal.
3426 462 3633 531 Quanta

2052 550 2240 618 optimi
2285 550 2558 606 architecti
2612 552 2709 606 Dei
2753 553 3011 622 potentia,
3041 568 3159 622 quae
3184 568 3253 607 ex
3285 552 3487 608 tantilla
3513 568 3636 617 par-

2056 639 2213 694 ticula
2267 648 2345 694 tot
2394 649 2449 696 et
2494 652 2600 695 tam
2656 641 2916 711 elegantia
2968 642 3205 696 membra
3257 636 3636 697 concinnavit:

2056 739 2232 786 tantos
2267 730 2513 787 formavit
2562 746 2779 799 sensus,
2805 746 2870 787 ac
2909 732 3221 800 perfectum,
3253 730 3537 801 integrum,
3581 739 3639 785 et

2054 823 2360 879 absolutum
2404 822 2601 878 animal
2631 822 2775 890 fecit,
2827 822 2966 892 quod
3012 822 3178 892 possit
3202 830 3257 875 et
3284 821 3537 893 colloqui,
3585 831 3639 877 et

2054 914 2430 969 communione
2475 913 2785 969 substantia:
2828 913 2945 967 viro
2983 913 3144 967 multa
3191 911 3391 975 all‘crrc.
3419 913 3637 968 solatia!

2055 1001 2188 1057 Nam
2214 1002 2280 1057 ad
2305 1003 2422 1072 ejus
2441 1003 2860 1059 consolationem
2889 1003 3081 1058 animal
3098 1002 3200 1056 hoc
3228 1000 3511 1056 formatum
3534 1011 3639 1058 est.

2059 1093 2212 1151 Unde
2231 1102 2286 1150 et
2304 1095 2497 1151 Paulus
2526 1094 2781 1150 dicebat:
2815 1093 2936 1148 Non
2982 1094 3116 1148 enim
3160 1097 3409 1166 formatus
3451 1102 3525 1148 est
3567 1095 3644 1147 rir

2056 1195 2264 1257 propter
2315 1186 2594 1252 mulierem,
2616 1185 2706 1241 sed
2737 1186 2916 1239 mulier
2953 1194 3161 1255 propter
3188 1185 3349 1238 uirum
3392 1185 3481 1256 (Ι.
3512 1183 3633 1240 Cor.

2058 1276 2146 1331 11.
2174 1274 2263 1341 9).
2298 1274 2461 1331 Vides
2502 1275 2771 1346 quomodo
2793 1276 2968 1330 omnia
2999 1287 3217 1345 pr0pter
3259 1276 3428 1330 virum
3475 1274 3645 1332 fiant?

2055 1364 2279 1421 Condita
2306 1364 2447 1420 enim
2477 1376 2742 1432 creatura,
2779 1365 3051 1436 productis
3076 1364 3265 1431 brutis,
3320 1373 3375 1419 ct
3423 1365 3545 1426 cibo
3590 1378 3645 1420 ct

2059 1457 2354 1512 ministerio
2393 1458 2625 1524 utilibus,
2683 1460 2806 1529 quia
2855 1456 3114 1511 formatus
3160 1455 3321 1511 homo
3366 1457 3638 1528 indigebat

2057 1548 2235 1619 aliquo
2259 1547 2678 1613 confabulatore,
2709 1556 2764 1604 et
2812 1563 2879 1603 co
2925 1547 3014 1617 qui
3059 1548 3325 1619 particeps
3366 1547 3485 1618 ejus
3508 1549 3638 1603 sub-

2058 1639 2269 1695 stantia:
2311 1640 2537 1694 multum
2575 1639 2748 1694 solatii
2769 1639 2963 1694 all'crre
2987 1649 3186 1710 posset,
3217 1638 3337 1694 ideo
3381 1653 3447 1694 ex
3474 1639 3644 1696 latere

2059 1729 2199 1785 illius
2221 1729 2325 1785 hoc
2352 1731 2610 1787 rationale
2632 1731 2831 1785 animal
2878 1730 3093 1797 format,
3134 1738 3189 1785 et
3223 1729 3514 1785 secundum
3565 1730 3648 1785 iu-

2058 1820 2317 1876 dustriam
2343 1836 2493 1877 suam
2515 1830 2572 1879 ct
2595 1822 2908 1893 sapientiam
2940 1822 3230 1893 perfectum
3262 1832 3316 1877 et
3343 1822 3645 1878 absolutum

2062 1912 2163 1967 hoc
2187 1910 2332 1978 facit,
2358 1928 2452 1983 per
2479 1914 2656 1970 omnia
2686 1914 2885 1969 homini
2914 1913 3110 1982 simile,
3151 1912 3204 1968 id
3227 1922 3328 1979 est,
3360 1914 3643 1970 rationale.

2060 2002 2201 2073 quod
2236 2003 2286 2058 ei
2340 2012 2519 2073 posset
2564 2004 2617 2058 in
2646 2004 3052 2060 necessitatibus
3080 2013 3136 2059 et
3162 2004 3461 2061 commodis
3490 2004 3650 2074 hujus

2063 2093 2185 2146 vitae
2229 2092 2469 2148 subsidio
2493 2108 2633 2149 esse.
2667 2095 2811 2150 Deus
2861 2094 3003 2149 enim
3034 2107 3171 2164 erat,
3217 2097 3307 2166 qui
3348 2097 3525 2151 omnia
3564 2110 3652 2150 sa-

2064 2182 2228 2253 pienti
2256 2183 2485 2253 quadam
2540 2185 2748 2240 ratione
2791 2185 3028 2241 condidit
3068 2196 3123 2241 et
3160 2186 3487 2242 moderatur.
3536 2187 3646 2242 Etsi

2063 2272 2207 2329 enim
2256 2288 2358 2330 nos
2398 2275 2489 2345 qui
2539 2283 2645 2330 tam
2693 2275 2942 2332 imbecilli
2988 2286 3167 2334 mente
3195 2292 3399 2343 sumus,
3432 2278 3647 2336 modum

2063 2378 2170 2434 quo
2193 2362 2329 2420 facta
2356 2373 2482 2420 sunt
2506 2366 2646 2421 scire
2677 2382 2782 2421 non
2814 2382 3116 2437 possumus.
3159 2368 3427 2424 credimus
3471 2379 3648 2426 tamen

2066 2455 2324 2511 voluntati
2368 2457 2508 2512 illius
2553 2458 2730 2513 omnia
2768 2460 3017 2526 cessisse,
3048 2468 3104 2516 et
3135 2460 3388 2532 quidquid
3418 2460 3650 2531 impera-

2063 2550 2161 2616 vit,
2203 2548 2401 2606 factum
2447 2564 2589 2607 esse.
2637 2550 2727 2607 22.
2762 2551 2831 2606 Et
2850 2552 3138 2623 tediﬁcavit,
3185 2554 3375 2626 inquit,
3407 2553 3652 2610 Dominus

2064 2638 2202 2694 Deus
2214 2651 2424 2709 costam,
2445 2658 2596 2713 quam
2615 2642 2803 2714 accepit
2828 2647 2891 2698 ab
2913 2643 3098 2711 Adam,
3116 2643 3169 2698 in
3189 2645 3479 2701 mulierem:
3491 2657 3537 2701 et
3551 2646 3647 2701 ad-

2065 2730 2208 2787 duxit
2228 2731 2370 2786 illaut
2387 2732 2456 2787 ad
2475 2733 2641 2787 Adam
2660 2747 2681 2789 :
2695 2733 2985 2790 ostendens
3011 2749 3071 2789 se
3089 2745 3304 2807 propter
3321 2737 3469 2792 illum
3495 2737 3650 2793 istam

2063 2823 2387 2890 condidisse,
2418 2824 2637 2881 adduxit
2662 2825 2804 2881 illam
2829 2826 2896 2881 ad
2934 2827 3122 2883 Adam.
3152 2827 3414 2894 Quoniam
3450 2828 3649 2897 nullus,

2065 2913 2257 2987 inquit,
2289 2916 2343 2972 in
2373 2917 2620 2974 omnibus
2642 2917 2760 2974 aliis
2787 2917 3001 2988 adjutor
3037 2918 3129 2975 tibi
3171 2919 3420 2975 inventus
3455 2928 3539 2976 est
3577 2921 3653 2975 si-

2064 3004 2225 3073 milis,
2277 3021 2404 3063 ecce
2450 3006 2550 3063 hoc
2597 3007 2738 3080 quod
2770 3008 3060 3080 pollicebar
3100 3009 3355 3082 (promisi
3382 3011 3525 3067 enim
3557 3011 3649 3067 tibi

2066 3096 2327 3154 facturum
2359 3115 2443 3155 me
2468 3099 2766 3171 adjutorem
2812 3101 3040 3158 similem
3088 3100 3241 3173 tibi).
3285 3117 3428 3158 nunc
3479 3102 3652 3173 perfeo

2064 3198 2207 3244 ctum
2265 3190 2416 3246 trado
2458 3191 2572 3247 tibi.
2598 3192 2826 3246 Adduxit
2845 3191 3011 3260 illam,
3042 3193 3232 3264 inquit,
3259 3193 3328 3246 ad
3351 3193 3536 3247 Adam.
3556 3192 3647 3248 23.

2065 3277 2135 3333 Et
2160 3280 2288 3336 dixit
2317 3282 2502 3351 Adam,
2533 3281 2646 3339 Hoc
2667 3300 2799 3339 nunc
2819 3299 2876 3339 os
2902 3301 2967 3341 ea:
2991 3284 3187 3340 ossibus
3212 3285 3355 3354 meis,
3370 3295 3416 3340 et
3452 3303 3571 3341 caro
3589 3302 3652 3340 ea:

2063 3387 2216 3426 carne
2234 3389 2365 3427 mea.

2135 3463 2299 3517 Adam
2346 3464 2692 3535 propheticum
2741 3466 2958 3537 gratiam
2995 3468 3205 3533 accepit.
3250 3496 3322 3507 —
3360 3466 3495 3523 Vide
3529 3466 3646 3530 hic,

2064 3567 2269 3622 quaso,
2307 3553 2577 3623 quomodo
2604 3569 2726 3610 cum
2774 3554 3022 3610 inetl‘abili
3064 3555 3155 3610 illa
3183 3556 3463 3626 sapientia,
3492 3557 3591 3612 sibi
3618 3572 3650 3612 a

2070 3642 2179 3698 Deo
2229 3643 2596 3715 suppeditata,
2647 3646 2802 3713 cujus
2849 3645 3004 3700 nobis
3047 3645 3239 3701 indicia
3288 3645 3650 3702 demonstrata

2066 3745 2190 3790 sunt
2220 3752 2316 3807 per
2351 3737 2626 3792 nominum
2675 3738 3094 3808 itnpositionem,
3124 3755 3243 3810 qua:
3271 3748 3347 3795 tot
3375 3739 3649 3795 brutorum

2067 3826 2375 3881 animalium
2398 3827 2683 3897 generibus
2711 3827 2922 3895 indidit,
2943 3829 3102 3886 etiam
3135 3831 3497 3900 prephcticam
3526 3846 3649 3901 gra-

2069 3920 2194 3973 tiam
2240 3918 2449 3988 accipit.
2478 3918 2608 3974 Nam
2653 3920 2849 3976 idcirco
2896 3930 3052 3978 antea
3094 3922 3274 3976 docuit
3326 3937 3425 3976 nos
3467 3922 3652 3977 beatus

2068 4011 2157 4066 ille
2185 4014 2462 4083 propheta,
2494 4027 2615 4067 eum
2664 4023 2719 4068 et
2760 4027 2970 4074 somno,
3002 4020 3057 4067 et
3100 4012 3298 4068 exstasi
3345 4025 3648 4084 correptum

2066 4101 2273 4159 fuisse:
2316 4106 2385 4160 ita
2445 4115 2501 4159 ut
2548 4120 2614 4160 uc
2643 4119 2859 4159 sensum
2889 4103 3102 4174 quidem
3144 4103 3306 4157 ullum
3349 4103 3464 4172 ejus
3510 4103 3650 4173 quod

2069 4194 2227 4250 fiebat
2257 4196 2556 4266 perciperet
2581 4213 2594 4250 :
2623 4204 2679 4250 ut
2716 4209 2836 4249 cum
2871 4210 3010 4249 nunc
3038 4194 3218 4259 discis,
3249 4209 3370 4248 eum
3393 4193 3504 4249 visa
3535 4209 3651 4247 tuu-

2067 4288 2197 4344 liere
2246 4287 2526 4359 dingenter
2554 4288 2695 4359 quod
2736 4287 2932 4344 factum
2980 4295 3098 4342 erat
3140 4302 3413 4353 enarrare,
3461 4285 3651 4341 credas

2067 4389 2234 4445 certo,
2275 4395 2396 4434 cum
2441 4389 2658 4450 accepta
2709 4379 3015 4451 prophetica
3068 4380 3271 4451 gratia,
3322 4387 3378 4435 ct
3418 4379 3648 4451 Spiritus

2065 4475 2233 4529 sancti
2263 4474 2505 4529 doctrina
2532 4475 2766 4530 afﬂatum
2808 4475 2923 4531 hate
2942 4474 3108 4546 loqui.
3144 4474 3352 4546 Quippe
3374 4490 3495 4530 cum
3517 4474 3646 4529 nilnl

2066 4566 2133 4621 dc
2190 4566 2256 4621 iis
2298 4582 2417 4637 qua:
2460 4566 2593 4623 facta
2625 4578 2780 4623 erant
2813 4568 2993 4633 sciret,
3023 4576 3303 4639 postquam
3348 4568 3488 4623 Deus
3514 4567 3650 4622 hanc

2066 4657 2144 4713 illi
2172 4657 2412 4726 adduxit,
2443 4659 2633 4730 inquit,
2664 4657 2779 4714 lloc
2803 4676 2936 4713 nunc
2980 4676 3036 4713 os
3079 4675 3142 4712 ea:
3166 4658 3360 4712 ossibus
3410 4658 3554 4723 meis,
3603 4666 3649 4709 et

2064 4764 2183 4803 caro
2211 4764 2275 4804 ea:
2306 4765 2459 4803 carne
2506 4765 2639 4803 mea.
2667 4749 2819 4804 Alius
2845 4764 2972 4802 vero
3006 4746 3218 4817 quidam
3252 4748 3513 4817 interpres
3534 4744 3609 4817 (α)
3629 4785 3645 4808 ,

2064 4855 2162 4911 pro
2188 4837 2244 4894 Ν
2248 4854 2362 4917 unc,
2389 4840 2548 4895 vertit
2574 4838 2689 4894 Hoc
2721 4839 2893 4905 semel,
2932 4838 3211 4903 declarans
3233 4838 3399 4893 semel
3438 4844 3645 4891 tantum

2062 4931 2165 4988 hoc
2186 4931 2380 4987 factum
2404 4946 2543 4998 esse,
2590 4948 2762 5002 neque
2786 4932 2921 4986 ultra
2949 4930 3062 4986 fore
3088 4930 3247 4987 talem
3278 4929 3511 4985 mulieris
3533 4928 3645 4984 for-

2061 5024 2372 5079 mationcm.
2401 5022 2585 5090 Nunc,
2627 5024 2814 5094 inquit,
2857 5021 2990 5078 facta
3034 5031 3117 5079 est
3156 5038 3221 5077 ex
3267 5022 3382 5077 viro
3412 5020 3603 5077 mulier
3627 5063 3641 5086 ,

2063 5115 2285 5187 posthac
2336 5133 2441 5171 non
2494 5116 2573 5173 sic
2601 5116 2723 5183 crit,
2774 5117 2866 5172 sed
2908 5132 2973 5172 ex
3004 5116 3223 5172 muliere
3257 5115 3368 5181 vir;
3402 5116 3507 5169 imo
3538 5131 3642 5169 non

2063 5224 2128 5262 ex
2169 5206 2415 5273 muliere,
2461 5206 2555 5261 sed
2585 5222 2648 5262 ex
2696 5208 2971 5277 utriusque
2996 5205 3399 5277 cooperatione;
3429 5204 3563 5261 sicut
3591 5216 3647 5261 et

2062 5298 2257 5354 Paulus
2278 5300 2485 5369 inquit:
2516 5298 2636 5354 Non
2668 5309 2742 5353 est
2770 5300 2901 5353 enim
2925 5299 2998 5352 vir
3022 5315 3084 5353 ea:
3103 5297 3328 5364 muliere,
3356 5296 3446 5351 sed
3465 5298 3645 5352 mulier

2059 5407 2124 5447 ea:
2159 5391 2265 5446 uiro
2291 5406 2311 5446 :
2330 5400 2378 5446 et
2405 5408 2506 5446 non
2534 5391 2766 5447 conditus
2792 5400 2865 5446 est
2904 5392 2977 5444 vir
3002 5398 3207 5461 propter
3235 5390 3525 5455 mulierem,
3557 5389 3644 5445 sed

2132 5542 2204 5606 (α)
2229 5539 2337 5589 Non
2362 5550 2490 5588 unus
2514 5543 2721 5596 tantum,
2740 5537 2831 5586 sed
2850 5535 2950 5585 duo
2974 5539 3093 5585 sunt
3110 5534 3431 5597 interpretes,
3447 5539 3534 5596 qut
3557 5546 3640 5584 vo-

2069 5620 2154 5658 ces
2172 5611 2338 5667 επεν-ι
2365 5610 2458 5661 ηπ
2491 5606 2835 5668 νοτιυημιιοο
2866 5606 3011 5658 semel
3048 5606 3213 5668 (τοῦτο
3250 5606 3428 5668 iung);
3463 5617 3643 5665 nempe

2070 5666 2394 5732 Symmachus
2416 5675 2470 5719 et
2492 5666 2785 5731 Thcodotio,
2814 5676 2869 5720 ut
2892 5666 3063 5719 videas
3080 5668 3129 5719 iu
3167 5666 3410 5730 lieuplis
3441 5668 3639 5717 nostris.
