4144 6200
508 290 610 346 125

504 404 688 456 mulier
712 404 915 468 propter
962 394 1119 446 virum
1164 391 1253 464 (Ι.
1287 391 1403 447 Cor.
1436 392 1521 447 Il.
1550 391 1605 448 8.
1653 390 1749 461 9).
1794 393 1863 444 At
1910 389 2094 444 istbzec

511 494 644 563 ipsa,
670 490 810 545 dicet
834 486 1045 557 aliquis,
1088 502 1207 558 qua:
1236 486 1376 540 dicta
1403 496 1546 549 sunt,
1574 483 1866 540 ostendunt
1901 481 2093 537 mulie-

508 601 619 640 rem
641 598 707 639 ex
729 582 842 636 viro
871 580 1059 637 factam
1086 595 1226 635 esse.
1264 580 1459 635 Verum
1487 585 1760 648 exspecta,
1805 585 1859 632 et
1893 574 2095 631 videbis

508 683 813 730 accuratam
863 671 1162 726 domrinam
1207 686 1367 741 quam
1409 669 1644 741 subjicit.
1692 669 1832 723 Dicit
1880 667 2022 722 enim
2078 683 2091 719 :

516 764 868 821 Verumtamen
893 779 1050 834 neque
1082 764 1158 817 vir
1181 763 1290 817 sine
1314 762 1543 826 muliere,
1576 777 1739 832 neque
1775 760 1957 814 mulier
1989 757 2097 812 sine

508 858 616 912 viro
655 855 825 928 (Ibid.
873 871 923 909 υ.
948 856 1005 911 ll
1036 853 1054 924 )
1082 872 1095 907 :
1121 869 1229 923 quo
1269 852 1426 909 docet
1460 868 1558 907 nos
1588 861 1771 922 postea
1820 850 2096 919 utriusque

506 962 816 1019 congressu,
841 954 1185 1015 utrorumque
1215 954 1269 1000 et
1290 944 1387 999 viri
1418 952 1471 999 et
1497 943 1734 998 mulieris
1760 940 2095 997 constitutio-

508 1055 632 1093 nem
682 1053 819 1094 esse.
849 1035 1053 1092 Idcirco
1080 1047 1135 1091 et
1164 1035 1332 1090 Adam
1361 1036 1571 1090 dicebat
1597 1053 1610 1089 :
1644 1032 1756 1088 Hoc
1779 1049 1912 1087 nunc
1945 1047 2002 1087 os
2035 1047 2097 1086 ea:

507 1130 702 1187 ossibus
720 1130 860 1193 meis,
891 1137 937 1183 et
963 1145 1081 1183 caro
1110 1144 1174 1183 ea:
1206 1144 1359 1182 carne
1392 1143 1522 1181 mea.

575 1222 630 1277 4.
665 1220 867 1276 Deinde
906 1228 966 1275 ut
994 1222 1133 1276 scias
1173 1219 1331 1288 hujus
1373 1219 1667 1290 prOpbetia:
1694 1215 2091 1282 certitudinem,

504 1324 559 1370 et
585 1313 853 1383 quomodo
879 1314 931 1367 in
956 1314 1095 1366 hunc
1116 1312 1257 1368 diem
1284 1322 1337 1367 et
1364 1325 1529 1382 uSque
1565 1310 1633 1365 ad
1675 1306 2095 1365 consummatio-

505 1426 627 1465 ncm
642 1408 930 1479 all'ulgcant
943 1408 1081 1463 illius
1098 1408 1260 1463 dicta.
1278 1407 1397 1461 audi
1412 1405 1814 1477 sequentia.‘23.
1832 1403 1939 1457 Ista
1951 1418 2096 1456 voca-

504 1504 637 1557 bitur
656 1501 857 1567 mulier,
885 1500 1076 1571 inquit,
1101 1500 1218 1570 quia
1244 1510 1306 1553 ea:
1333 1501 1439 1553 viro
1463 1514 1554 1553 suo
1605 1506 1806 1567 sumpta
1844 1504 1917 1549 est
1960 1496 2091 1563 ipsa.

505 1593 596 1646 24.
630 1591 849 1663 l’rOpter
877 1592 972 1645 hoc
1001 1590 1309 1660 derelinquet
1337 1591 1485 1643 homo
1512 1598 1703 1660 patrem
1722 1603 1888 1653 suum,
1917 1598 1963 1639 et
1987 1602 2097 1638 ma-

508 1693 632 1737 trem
659 1700 823 1749 suam,
849 1693 894 1736 et
923 1682 1197 1735 ad/urrebit
1238 1681 1383 1735 ua‘ori
1426 1696 1552 1745 stite,
1610 1690 1655 1732 et
1702 1689 1847 1732 erunt
1896 1677 1995 1730 duo
2042 1677 2095 1728 in

505 1790 705 1828 carnem
732 1790 906 1827 unam.
941 1773 1132 1827 Vidisti
1153 1771 1422 1843 quomodo
1447 1771 1622 1826 omnia
1649 1770 1803 1825 nobis
1818 1768 2097 1838 diligenter

506 1865 735 1934 aperuit,
767 1874 820 1919 et
853 1865 1056 1935 singula
1091 1878 1185 1934 per
1216 1862 1549 1933 prophetiam
1579 1876 1726 1914 suam
1768 1857 2094 1928 explanavit.

510 1955 622 2010 Ista
644 1997 659 2022 ,
693 1956 881 2026 inquit,
914 1955 1172 2008 vocabitur
1200 1954 1399 2017 mulier,
1429 1953 1546 2024 quia
1569 1952 1631 2004 de
1659 1952 1764 2003 viro
1785 1966 1875 2004 suo
1895 1958 2096 2019 sumpta

509 2060 601 2103 est.
644 2050 838 2105 lterqu
868 2048 1022 2103 nobis
1046 2047 1370 2103 ablationem
1411 2055 1574 2101 costa:
1602 2044 1871 2098 insinuat:
1904 2041 2096 2107 deinde

509 2158 629 2212 quze
681 2142 853 2197 l‘utura
903 2150 1058 2197 erant
1108 2140 1422 2204 declarans,
1469 2138 1678 2207 inquit,
1733 2135 1949 2205 Propter
2004 2132 2097 2188 hoc

505 2231 756 2301 relinquet
812 2236 962 2286 homo
1019 2240 1215 2302 patrem
1246 2245 1432 2292 suum,
1492 2236 1539 2281 et
1594 2236 1805 2279 matrem
1835 2239 2019 2290 suam,
2048 2232 2096 2277 et

505 2324 778 2380 adlucrebit
821 2324 971 2379 uxori
1017 2338 1126 2378 ante
1148 2362 1163 2389 ,
1192 2330 1240 2377 et
1268 2330 1411 2375 erunt
1444 2320 1545 2373 duo
1588 2319 1639 2372 in
1687 2332 1889 2371 carnem
1917 2331 2093 2370 unam.

509 2416 695 2484 Unde,
751 2417 878 2483 dic,
936 2430 1074 2483 oro,
1129 2414 1295 2470 subiit
1341 2413 1418 2469 illi
1476 2412 1528 2467 in
1581 2418 1816 2465 mentem
1869 2418 1928 2463 ut
1980 2407 2099 2464 htec

505 2509 749 2564 diceret?
780 2508 921 2564 unde
950 2507 1151 2563 sciebat
1180 2505 1354 2559 futura
1378 2546 1394 2571 ,
1416 2510 1471 2558 et
1499 2500 1952 2571 nmltiplieandum
1977 2512 2098 2553 esse

506 2598 795 2655 humanum
834 2599 1109 2670 genus?et
1132 2596 1272 2667 quod
1297 2596 1502 2649 futurus
1520 2600 1664 2650 esset
1692 2593 1787 2646 viri
1826 2590 2097 2646 mulieris-

507 2707 613 2762 que
634 2704 952 2760 congressus
987 2686 1127 2743 ttndc
1168 2684 1458 2742 noscebat?
1476 2684 1804 2755 Congressus
1820 2683 1963 2737 enim
1991 2681 2080 2736 ille

508 2791 631 2850 post
653 2780 1138 2850 przcvaricationem
1164 2776 1297 2832 fuit:
1330 2792 1451 2830 nam
1480 2790 1647 2846 usque
1674 2774 1739 2829 ad
1773 2772 1917 2828 illam
1945 2772 2096 2844 quasi

505 2872 680 2942 angeli
718 2870 1070 2927 versabantur
1107 2873 1159 2925 in
1199 2868 1468 2939 paradiso,
1510 2883 1615 2922 non
1653 2867 2099 2936 concupiscentiis

511 2961 797 3033 ﬂagrantes
820 3004 836 3029 ,
885 2978 990 3017 non
1029 2962 1096 3017 ah
1128 2961 1249 3016 aliis
1294 2959 1664 3015 allectionibus
1704 2957 1957 3023 infestati,
1991 2972 2098 3011 non

510 3064 714 3108 nature
767 3053 1183 3109 necessitatibus
1226 3052 1466 3119 obnoxii,
1513 3052 1607 3107 sed
1660 3052 1878 3121 prorsus
1921 3051 2099 3105 incor-

507 3147 787 3217 ruptibiles
824 3156 879 3202 et
925 3145 1257 3202 immortales
1296 3145 1532 3211 conditi,
1577 3159 1749 3215 neque
1801 3142 1884 3199 vel
1932 3143 2099 3198 vesti-

512 3247 815 3294 mentorum
858 3240 1055 3293 amictu
1108 3238 1178 3293 ibi
1229 3238 1455 3310 egebant
1496 3256 1509 3292 :
1552 3237 1643 3292 25.
1702 3235 1867 3290 Erant
1921 3236 2054 3289 enim
2082 3276 2097 3301 ,

508 3329 724 3402 inquit,
772 3330 917 3384 ambo
973 3330 1096 3384 nudi
1119 3371 1135 3397 ,
1191 3338 1238 3385 et
1291 3346 1393 3384 non
1446 3327 1814 3384 erubescebant.
1875 3327 2101 3382 Peccato

509 3424 652 3479 enim
702 3434 755 3478 et
803 3422 1247 3494 prmvaricatione
1277 3423 1510 3476 nondum
1558 3428 1819 3492 prmsente
1842 3462 1856 3485 ,
1888 3417 2055 3489 gloria
2081 3458 2097 3485 ,

509 3533 630 3587 qua:
657 3532 885 3588 superne
913 3525 1155 3582 venerat,
1183 3516 1362 3570 vestiti
1391 3526 1535 3570 erant
1561 3554 1579 3582 ,
1609 3524 1664 3570 et
1693 3513 1813 3569 ideo
1840 3528 1944 3567 non
1975 3528 2100 3567 eru-

513 3607 838 3674 bescebant;
868 3616 989 3677 post
1019 3606 1493 3679 transgrchionem
1520 3616 1697 3660 autem
1730 3603 1999 3674 praecepti,
2020 3602 2103 3657 in-

511 3707 775 3771 trogressa
795 3709 878 3756 est
893 3709 947 3757 et
963 3700 1350 3762 erubescentia,
1370 3707 1423 3753 et
1439 3697 1691 3753 nuditatis
1710 3697 1927 3767 agnitio.
1948 3695 2102 3752 Unde

514 3788 693 3860 igitur,
719 3790 806 3847 die
828 3833 843 3858 ,
868 3804 1052 3860 quaeso
1076 3831 1091 3858 ,
1124 3790 1176 3843 in
1205 3799 1381 3843 mente
1407 3788 1608 3851 habuit,
1643 3797 1700 3842 ut
1726 3789 1839 3841 haec
1858 3785 2102 3842 diceret?

515 3898 692 3939 annon
722 3882 894 3953 palam
923 3890 1005 3936 est
1028 3897 1152 3937 eum
1181 3879 1506 3950 prophetica:
1530 3878 1715 3948 gratim
1739 3878 2053 3949 participem
2082 3916 2099 3943 ,

516 3974 697 4028 omnia
720 3973 835 4029 lucc
850 3972 1216 4043 Spiritualibus
1241 3971 1436 4025 vidisse
1457 3970 1663 4024 oculis?
1685 3969 1809 4024 Hinc
1832 3984 1971 4025 nunc
1995 3984 2103 4023 non

513 4064 715 4134 absque
750 4066 956 4120 ratione
994 4064 1151 4131 dico,
1198 4062 1292 4118 sed
1315 4071 1373 4117 ut
1414 4062 1574 4116 etiam
1625 4061 1747 4115 hinc
1789 4061 2103 4114 immensam

517 4157 612 4212 Dei
641 4156 1019 4227 benignitatem
1042 4154 1279 4222 discatis,
1305 4169 1464 4225 quam
1493 4154 1727 4208 lmmauo
1753 4149 1936 4222 generi
1955 4149 2107 4204 exhi-

515 4249 633 4303 bttit
659 4289 674 4313 ,
721 4248 843 4303 data
883 4248 958 4302 illi
998 4247 1066 4302 ab
1107 4246 1258 4301 initio
1291 4246 1397 4300 vita
1440 4246 1698 4317 angelica,
1730 4253 1785 4299 et
1814 4244 2104 4298 innumeris

517 4341 570 4394 ir.
602 4341 747 4394 illum
772 4340 978 4394 collatis
998 4338 1290 4404 beneliciis,
1312 4352 1376 4393 ac
1390 4353 1512 4392 cum
1538 4337 1658 4393 abis
1677 4337 1924 4391 omnibus
1944 4336 2103 4390 etiam

515 4429 824 4499 prolibetiea
851 4429 1105 4499 dignitate
1130 4442 1381 4483 concessa
1411 4446 1425 4482 :
1450 4435 1507 4482 ut
1528 4441 1650 4483 cum
1678 4426 1917 4481 videritis
1934 4424 2107 4479 homi-

516 4535 637 4574 nem
669 4528 790 4590 post
814 4528 892 4574 tot
922 4519 1177 4575 beneﬁcia
1202 4518 1438 4574 desidem
1464 4534 1605 4586 esse,
1633 4518 1844 4589 culpam
1862 4519 1915 4573 in
1939 4518 2105 4573 Deum

519 4627 588 4668 nc
632 4612 945 4683 rejcceritis,
995 4613 1089 4668 sed
1140 4611 1239 4683 ipsi
1271 4621 1436 4667 totum
1485 4612 1771 4682 imputetis.
1809 4610 1926 4681 Ipse
1962 4609 2105 4665 enim

521 4705 835 4777 sibimetipsi
882 4705 1121 4761 omnium
1161 4706 1421 4760 malorum
1452 4714 1638 4758 auctor
1680 4703 1813 4770 fuit,
1862 4703 2002 4771 quod
2054 4710 2108 4756 et

523 4806 703 4869 postea
729 4798 965 4864 discetis,
991 4807 1100 4853 tum
1131 4796 1331 4854 scilicet
1358 4796 1499 4868 quod
1524 4796 1685 4851 tantis
1709 4796 1862 4850 bonis
1895 4795 2109 4852 excide-

522 4892 611 4956 rit,
644 4899 753 4945 tum
782 4890 923 4961 quod
963 4891 1032 4947 ob
1071 4889 1558 4960 prtevaricationem
1601 4888 1987 4943 condemnatus
2014 4886 2104 4941 sit.

516 4980 647 5036 Nam
685 4997 806 5037 cum
844 4982 1020 5053 cogito
1052 4983 1175 5037 vita:
1208 4982 1349 5037 illius
1383 4989 1601 5047 statum,
1623 4995 1778 5051 quem
1815 4980 1889 5035 illi
1925 4980 2106 5035 Domi-

516 5088 616 5130 nus
652 5072 817 5140 dedit,
862 5082 967 5127 tam
994 5073 1278 5129 multifaria
1318 5075 1368 5128 in
1405 5074 1575 5144 ipsum
1617 5073 1876 5129 beneﬁcia
1919 5089 2107 5128 cumu-

516 5166 715 5234 lando;
746 5178 799 5223 et
828 5168 1055 5239 primum
1086 5168 1298 5238 quidem
1324 5210 1339 5234 ,
1394 5167 1534 5239 quod
1556 5209 1569 5233 ,
1601 5178 1724 5223 ante
1778 5168 1943 5237 ipsius
1993 5166 2104 5222 for-

523 5266 833 5328 mationem,
868 5272 1087 5332 propter
1131 5262 1302 5333 ipsum
1356 5271 1522 5317 totum
1560 5265 1698 5319 lnmc
1752 5263 2005 5319 mundum
2054 5272 2109 5320 et

519 5363 790 5410 creaturas
809 5353 1065 5421 condidit,
1082 5363 1135 5410 et
1162 5366 1343 5425 postea
1368 5355 1534 5425 ipsum
1557 5355 1819 5418 formavit,
1852 5366 1905 5410 ut
1938 5353 2106 5412 lactus

520 5447 817 5503 visibilibus
840 5448 1087 5505 omnibus
1116 5447 1381 5505 frueretur
1401 5464 1416 5513 ;
1434 5449 1555 5504 dein
1574 5450 1712 5518 quod
1738 5460 1795 5503 ut
1812 5450 1968 5520 jussit
1986 5466 2106 5506 esse

523 5541 827 5610 paradisum
853 5582 867 5607 ,
899 5544 951 5595 in
976 5542 1069 5597 illo
1097 5542 1275 5597 statim
1304 5542 1476 5612 ipsum
1517 5542 1677 5597 vitam
1719 5558 1879 5613 agere
1904 5542 2101 5606 voluit,

520 5631 768 5688 animalia
794 5634 945 5689 bruta
972 5634 1038 5690 ab
1072 5634 1162 5689 illo
1192 5636 1454 5706 separavit
1479 5678 1493 5703 ,
1522 5644 1576 5690 et
1603 5634 1840 5689 omnium
1863 5634 1937 5689 illi
1957 5633 2107 5690 dedit

522 5732 855 5795 potestatem,
887 5727 1035 5797 quasi
1061 5726 1332 5783 dominum
1363 5729 1529 5783 servis
1553 5736 1608 5782 et
1632 5724 1857 5781 subditis
1887 5725 2098 5780 nomina

1251 282 1309 336 S.
1348 279 1628 336 JOANNIS
1664 273 2133 334 CHRYSOSTOMI
2174 272 2493 334 ARCIIIEP.
2533 278 3071 337 CONSTANTINOP.

3705 291 3801 346 lQi

2205 394 2482 458 imponere
2501 392 2737 459 jubendo
2761 408 2775 456 ;
2803 402 2986 462 postea
3020 408 3165 460 vero,
3194 397 3314 465 quia
3343 397 3489 455 solus
3516 411 3652 464 erat,
3680 419 3802 459 cum

2209 480 2469 551 indigeret
2498 481 2680 553 aliquo
2706 483 2948 554 adjutore
2968 527 2983 551 ,
3036 487 3124 557 qui
3152 498 3355 544 natura:
3384 492 3503 559 ejus
3534 494 3803 565 particeps

2200 579 2379 635 esset,
2439 586 2613 643 neque
2670 573 2772 629 hoc
2824 575 3045 641 omisit,
3105 577 3200 632 sed
3259 578 3513 649 producat
3576 583 3803 640 muliere

2202 663 2361 719 modo
2384 680 2491 735 quo
2520 664 2618 719 sibi
2645 666 2863 736 placuit,
2893 667 3037 721 illam
3064 668 3163 737 ipsi
3201 670 3253 724 in
3290 686 3479 727 manus
3516 674 3800 730 concredi-

2200 754 2299 822 dit,
2326 770 2390 811 ac
2416 766 2608 827 preter
2635 755 2749 813 haec
2775 759 2951 812 omnia
2981 761 3275 829 prophetiae
3297 776 3509 833 αιιοιιιιρ
3534 764 3793 835 dignitate

2201 847 2349 901 illum
2393 848 2688 917 insignivit;
2717 857 2771 903 et
2800 859 2919 918 post
2944 850 3204 907 immensa
3234 853 3321 907 illa
3352 855 3604 909 bcnelicia
3633 865 3795 926 caput

2201 938 2359 992 etiam
2383 941 2617 993 omnium
2644 939 2860 994 donavit
2876 940 2974 1005 illi,
3000 950 3060 995 ut
3074 942 3141 997 ab
3174 944 3420 1000 omnibus
3434 946 3576 1000 curis
3596 955 3650 1001 et
3664 948 3802 1001 solli-

2200 1030 2521 1085 citudinibus
2556 1031 2795 1102 corporis
2837 1032 2974 1086 liber
3014 1042 3196 1100 esset,
3226 1050 3399 1105 neque
3426 1037 3544 1091 ullis
3568 1039 3797 1092 vesnum

2201 1119 2547 1187 indumentis,
2572 1136 2745 1191 neque
2769 1122 2872 1176 alio
2897 1123 3076 1194 aliquo
3098 1124 3336 1194 indigere
3363 1127 3506 1180 illum
3532 1130 3795 1197 permisit,

2203 1212 2298 1265 sed
2317 1255 2332 1277 ,
2363 1222 2423 1267 ut
2447 1213 2555 1267 dixi
2581 1256 2594 1277 ,
2623 1214 2772 1284 quasi
2802 1217 3045 1285 angelum
3078 1226 3383 1273 terrestrem
3414 1235 3575 1290 super
3602 1231 3797 1277 terram

2203 1303 2346 1358 illum
2395 1306 2593 1359 versari
2623 1306 2787 1360 voluit
2820 1324 2832 1359 :
2865 1321 2986 1361 cum
3017 1308 3174 1378 igitur
3221 1309 3335 1364 ha‘c
3364 1311 3539 1365 omnia
3587 1328 3795 1367 mecum

2200 1403 2423 1463 reputo,
2453 1394 2774 1464 obstupesco
2806 1404 2859 1450 et
2904 1396 3109 1452 Domini
3152 1398 3485 1453 clementiam
3528 1400 3578 1454 in
3606 1402 3799 1456 huma-

2201 1499 2327 1538 num
2348 1498 2536 1555 genus,
2567 1498 2618 1540 et
2650 1484 2879 1541 hominis
2904 1487 3162 1542 desidiam
3185 1531 3198 1552 ,
3233 1497 3287 1543 et
3316 1490 3508 1544 diaboli
3552 1491 3795 1547 inviden-

2203 1577 2329 1630 tiam
2362 1596 2374 1629 :
2407 1592 2510 1632 non
2558 1578 2698 1632 enim
2746 1578 2947 1633 ferebat
2999 1580 3172 1635 malus
3225 1581 3313 1635 ille
3367 1581 3577 1636 dzcmon
3618 1583 3815 1638 videre

2201 1669 2254 1722 in
2300 1684 2525 1738 corpore
2580 1670 2845 1726 hominem
2876 1672 3165 1741 angelicam
3196 1674 3355 1727 vitam
3385 1689 3465 1743 agt
3484 1686 3651 1729 ntcm.

2272 1762 2325 1816 5.
2369 1759 2585 1816 Moralis
2607 1763 2869 1833 epilogus;
2914 1763 3185 1817 liberalitas
3224 1764 3320 1818 Dei
3351 1766 3404 1819 in
3433 1767 3678 1820 homines.
3725 1796 3798 1809 --

2200 1851 2466 1908 Cmtcrum
2483 1868 2551 1909 ne
2572 1854 2732 1908 nimia
2751 1854 3076 1926 longitudine
3094 1871 3394 1913 sermonem
3416 1858 3793 1926 extendamus,

2200 1943 2245 1997 si
2276 1943 2469 2013 placet,
2494 1943 2581 2000 hic
2605 1943 2765 1999 linem
2789 1946 3043 2017 loquendi
3071 1944 3343 2015 facientes,
3374 1963 3695 2018 reponemus
3738 1952 3794 2006 in

2206 2036 2477 2105 posterum
2507 2053 2569 2093 ea
2613 2053 2730 2108 quae
2758 2038 2827 2094 de
2865 2039 3059 2094 diaboli
3092 2039 3299 2095 insidiis
3341 2051 3656 2111 sequuntur,
3699 2058 3797 2098 ve-

2201 2139 2369 2183 Stram
2407 2139 2624 2185 orantes
2671 2130 2968 2196 caritatem,
3001 2141 3057 2186 ut
3090 2131 3371 2202 diligenter
3394 2147 3456 2187 ea
3485 2147 3606 2202 qua:
3655 2133 3793 2190 dicta

2202 2228 2328 2274 sunt
2366 2222 2641 2275 memoria:
2670 2223 3075 2287 commendetis,
3106 2232 3160 2277 et
3185 2223 3456 2277 vobiscum
3483 2224 3796 2293 expendatis

2200 2326 2264 2367 ea
2294 2313 2492 2380 omnia,
2521 2322 2574 2368 ut
2597 2312 2908 2383 profundius
2935 2314 2986 2369 in
3013 2314 3422 2384 cogitationibus
3446 2317 3640 2369 vestris
3665 2331 3796 2369 con-

2200 2402 2397 2459 sidant.
2428 2403 2565 2458 Nam
2586 2404 2631 2459 si
2658 2405 2911 2460 continuo
2930 2406 3310 2461 beneliciorum
3337 2406 3451 2473 Dei,
3473 2422 3591 2476 qua:
3619 2408 3672 2461 in
3700 2423 3794 2461 no.

2201 2503 2370 2547 strum
2386 2509 2552 2564 genus
2572 2495 2814 2556 contulit.
2841 2480 3212 2561 recordemur,
3228 2506 3280 2550 et
3302 2496 3397 2567 ipsi
3420 2498 3553 2568 grati
3574 2498 3791 2563 erimus,

2200 2598 2257 2645 et
2284 2589 2350 2644 ad
2379 2590 2591 2645 virtutis
2611 2592 2747 2645 viam
2780 2605 2968 2662 magna
2994 2590 3043 2645 id
3062 2590 3165 2647 erit
3186 2591 3564 2646 exstimulatio.
3590 2590 3795 2661 Quippe

2204 2683 2543 2740 manifestum
2571 2693 2670 2749 est,
2703 2699 2826 2740 cum
2852 2685 2940 2755 qui
2973 2684 3229 2741 benelicia
3258 2686 3346 2740 Dei
3377 2701 3562 2741 secum
3586 2689 3793 2758 recogi-

2206 2782 2301 2842 tat,
2333 2789 2551 2845 operam
2578 2775 2823 2830 daturttm
2853 2790 2919 2831 ne
2963 2775 3064 2829 illis
3108 2774 3351 2846 indignus
3392 2776 3653 2844 videatur,
3700 2778 3795 2833 sed

2207 2865 2341 2919 tanti
2380 2866 2539 2921 studii
2565 2876 2619 2921 et
2658 2875 2761 2921 tam
2805 2867 2940 2937 grati
2970 2867 3131 2921 animi
3177 2866 3430 2929 futurum,
3481 2876 3538 2923 ut
3582 2878 3635 2923 et
3689 2869 3795 2924 alia

2204 2967 2597 3029 consequenter
2625 2969 2915 3015 mereatur.
2959 2958 3219 3015 Liberalis
3253 2961 3448 3031 quippe
3474 2972 3553 3016 est
3607 2961 3792 3016 Denti-

2208 3065 2308 3104 nus
2337 3060 2538 3117 noster,
2592 3060 2646 3106 et
2692 3051 2905 3122 quando
2949 3051 3090 3107 videt
3112 3067 3210 3107 nos
3252 3061 3403 3123 grato
3444 3052 3622 3108 animo
3676 3069 3796 3110 esse

2180 3136 2346 3198 ~circa
2376 3158 2436 3197 ea
2476 3159 2594 3213 qua:
2633 3144 2743 3213 jam
2783 3145 2937 3200 nobis
2965 3146 3252 3214 concessit,
3284 3147 3420 3202 ultra
3462 3164 3561 3202 nos
3604 3150 3792 3218 potiori

2206 3238 2373 3308 gratia
2401 3236 2798 3308 majoribusque
2823 3239 3130 3293 muneribus
3159 3240 3343 3310 implet
3376 3251 3611 3295 :tantnm
3641 3241 3795 3298 nobis

2207 3339 2389 3384 nostra
2437 3329 2582 3385 salus
2634 3345 2777 3385 curae
2806 3330 2910 3396 sit,
2966 3346 3032 3387 ne
3077 3331 3149 3385 ita
3197 3332 3546 3403 incogitanter
3588 3342 3797 3402 tenqus

2207 3423 2585 3492 transigamus,
2640 3437 2812 3493 neque
2864 3422 2967 3478 hoc
3010 3424 3365 3488 attendamus,
3419 3425 3465 3480 si
3520 3425 3796 3481 dimidium

2206 3511 2633 3583 Quadragesimaa
2664 3513 2952 3578 transierit,
2994 3513 3087 3568 sed
3118 3514 3162 3568 si
3192 3530 3289 3584 qua
3320 3515 3373 3569 in
3415 3515 3518 3573 hoc
3560 3526 3798 3587 tempore

2207 3617 2237 3659 a
2267 3605 2420 3659 nobis
2465 3605 2601 3661 bene
2646 3615 2793 3676 gesta
2825 3614 2970 3671 sunt,
2998 3615 3051 3660 et
3081 3606 3125 3660 si
3148 3621 3281 3676 quas
3323 3606 3634 3664 allectiones
3679 3625 3799 3679 qua:

2207 3712 2305 3752 nos
2346 3698 2655 3770 perturbant
2682 3700 3092 3753 correxerimus.
3122 3698 3252 3753 Nam
3285 3700 3328 3753 si
3358 3701 3595 3769 quotidie
3638 3701 3796 3771 spiti-

2207 3789 2333 3844 tuali
2356 3790 2597 3845 doctrina
2622 3790 2828 3857 reiecti,
2860 3806 3073 3860 semper
3114 3790 3271 3845 iidem
3300 3793 3671 3858 manserimus,
3700 3810 3798 3848 nc-

2208 3899 2312 3951 que
2359 3883 2411 3935 in
2438 3883 2719 3938 virtutibus
2747 3884 3095 3948 Cl‘Cl‘Cl‘imllS,
3120 3899 3291 3954 neque
3321 3895 3658 3955 peccatorum
3701 3900 3797 3954 ge-

2210 3986 2337 4027 nera
2367 3987 2397 4025 e
2427 3972 2732 4040 pectoribus
2763 3973 2956 4026 nostris
2985 3972 3413 4043 eﬂ'ugaverimus,
3459 3990 3563 4028 non
3621 3974 3796 4028 solum

2210 4062 2333 4118 inde
2358 4061 2488 4116 nihil
2517 4063 2614 4115 erit
2643 4062 2899 4121 utilitatis.
2934 4062 3028 4117 sed
3057 4072 3112 4116 et
3133 4064 3415 4130 plurimum
3446 4065 3746 4120 nocumenti
3784 4082 3797 4119 :

2208 4154 2638 4227 quandoquidem
2666 4154 2753 4225 qui
2786 4164 2927 4209 tanta
2951 4172 3074 4211 cura
3100 4154 3310 4212 habitus
3337 4156 3466 4211 nihil
3491 4158 3617 4211 lucri
3648 4156 3795 4223 facit,

2211 4263 2385 4317 neque
2400 4247 2626 4315 prolicit,
2646 4246 2902 4316 majorem
2921 4246 3019 4300 sibi
3034 4256 3314 4302 coacervat
3327 4247 3586 4317 gehennzc
3599 4247 3796 4317 ignem.

2211 4342 2337 4397 Ideo
2366 4355 2484 4407 oro,
2512 4347 2571 4395 ut
2596 4341 2785 4396 Saltem
2810 4340 3071 4410 reliquum
3096 4341 3286 4413 jejunii
3316 4352 3527 4414 tempus
3564 4354 3621 4398 ut
3644 4344 3799 4399 dcc-rt

2214 4433 2562 4497 insumamus,
2588 4440 2645 4486 ut
2668 4430 2889 4502 singulis
2917 4431 3284 4490 hebdomadis.
3314 4434 3420 4487 imo
3447 4434 3667 4504 singulis
3686 4433 3800 4489 die-

2214 4522 2311 4578 bus
2338 4538 2436 4577 nos
2474 4524 2617 4592 ipsos
2663 4521 3082 4588 censiderentus,
3133 4532 3185 4579 et
3224 4525 3347 4578 vitia
3398 4526 3466 4579 ab
3522 4526 3801 4581 animabus

2214 4614 2411 4669 nostris
2436 4614 2785 4684 expcllamus,
2829 4631 2893 4671 ac
2931 4615 3191 4671 bonorum
3234 4632 3457 4688 cperunt
3499 4618 3798 4689 possessio-

2213 4722 2336 4762 nem
2376 4708 2772 4777 conquiramus,
2802 4708 2937 4763 sicut
2983 4708 3237 4779 prOpheta
3285 4720 3467 4765 noster
3502 4710 3799 4775 admonuit,

2214 4799 2546 4854 declinemus
2571 4815 2600 4853 a
2646 4799 2801 4854 malis
2827 4798 2846 4873 (
2871 4798 3017 4854 Psal.
3050 4801 3139 4856 56.
3177 4800 3246 4854 27
3275 4800 3316 4871 ),
3345 4809 3399 4855 et
3437 4801 3504 4856 ad
3548 4803 3798 4857 virtutem

2217 4900 2552 4945 transeamus
2583 4907 2597 4945 :
2628 4888 2732 4944 hoc
2767 4891 2968 4946 etenim
3011 4906 3199 4947 verum
3232 4900 3315 4946 est
3351 4890 3636 4961 jejunium.
3691 4893 3801 4948 lra-

2214 4981 2419 5037 cundus
2458 4981 2686 5036 ferocem
2728 4981 3177 5052 perturbationem
3226 4983 3311 5051 pia
3354 4983 3679 5052 cogitatione
3730 4981 3802 5038 ab

2213 5073 2390 5128 anima
2420 5071 2682 5138 eliminet,
2715 5071 3172 5125 mansuetudinem
3200 5081 3377 5127 autem
3422 5080 3477 5128 et
3522 5072 3797 5130 lenitatem

2213 5165 2565 5236 amplexetur.
2614 5164 2779 5219 Deses
2828 5170 2881 5217 et
2907 5162 3286 5231 intemperans,
3335 5173 3390 5219 et
3442 5163 3799 5221 formosorum

2213 5271 2497 5327 corporum
2528 5255 2767 5310 curiosus
2790 5260 3057 5323 spectator
3085 5252 3433 5323 cogitationes
3476 5271 3600 5311 suas
3629 5256 3801 5311 refre-

2214 5356 2341 5412 net,
2396 5357 2451 5403 et
2503 5347 2554 5401 in
2613 5345 2885 5400 latitudine
2929 5342 3122 5398 mentis
3158 5360 3269 5398 sua:
3322 5343 3577 5403 inscribat
3627 5348 3800 5419 legem

2212 5441 2409 5499 Christi
2447 5440 2733 5501 dicentem,
2785 5437 2883 5504 Qui
2925 5439 3196 5507 inspexerit
3235 5438 3495 5495 mulierem
3525 5457 3581 5495 ut
3615 5458 3801 5496 concu-

2217 5540 2374 5607 piscat
2415 5534 2594 5596 illaut,
2639 5533 2753 5601 jam
2800 5529 3103 5584 adulterium
3148 5532 3398 5588 commisit
3454 5550 3567 5588 eum
3620 5532 3715 5586 illa
3743 5536 3796 5587 in

2213 5628 2365 5683 corde
2390 5624 2522 5697 suo(
2558 5623 2743 5678 Matth.
2772 5623 2825 5678 5.
2873 5621 3004 5692 28),
3037 5624 3433 5681 incontinentia:
3458 5627 3642 5682 vitiant
3664 5623 3799 5680 εσυ.

2214 5723 2344 5796 giat,
2373 5732 2427 5777 et
2453 5718 2757 5778 sobrietatis
2783 5718 3033 5775 virtutem
3062 5730 3331 5792 aperetur.
