4122 6204
516 282 621 339 ηδ

585 396 777 450 Contra
810 399 1011 464 peccata
1048 389 1254 461 tinguit.
1290 418 1359 429 —
1386 386 1486 454 Qui
1528 385 1815 456 praecipitis
1844 396 1899 440 et
1929 393 2090 439 temer

515 486 673 543 rarius
710 485 904 554 lingua:
929 493 1012 538 est
1034 523 1048 547 ,
1082 490 1137 537 et
1160 494 1507 551 quascumque
1535 479 1869 533 nbvenientia
1899 476 2068 532 ell'utit
2088 519 2101 537 .

517 577 754 631 imitetur
779 575 989 630 beatum
1022 571 1358 642 prophetam,
1381 579 1438 625 et
1460 570 1600 625 dicat
1628 587 1642 624 :
1674 570 1836 635 Pone,
1866 569 2102 635 Domine,

515 666 797 720 custodiam
844 664 921 717 ori
969 679 1108 727 meo,
1146 672 1194 716 et
1233 663 1415 717 ostium
1461 662 1749 716 munitionis
1793 660 1939 716 labiis
1981 660 2104 714 meis

518 756 688 824 (Psal.
724 756 845 811 ilo.
876 756 932 824 5)
964 769 982 813 :
1010 764 1062 809 et
1101 768 1390 824 numquam
1419 763 1619 808 temere
1646 764 1701 808 et
1738 753 1940 823 absque
1964 754 2105 807 utili-

517 857 625 904 tate
665 847 906 918 proferat
951 849 1154 914 verba,
1196 849 1291 903 sed
1331 849 1511 904 audiat
1548 848 1765 903 Paulum
1792 848 2101 904 dicentem:

521 939 696 993 Omnis
723 939 1013 1007 vociferatio
1029 978 1044 1006 ,
1078 947 1124 992 et
1151 943 1313 1007 furor,
1337 948 1384 992 et
1410 938 1718 1009 blasphemia
1737 979 1753 1002 ,
1780 950 1829 993 et
1855 938 2102 993 obsceni-

519 1041 631 1093 tas,
663 1039 708 1083 et
741 1030 1019 1084 scurrilitas
1054 1030 1262 1105 ιοιιηιειι
1298 1046 1331 1083 a
1368 1030 1539 1097 vobis,
1575 1047 1689 1083 cum
1732 1031 1871 1083 omni
1908 1030 2104 1083 malitia

517 1122 532 1184 ί
558 1120 748 1190 Ephes.
777 1121 832 1176 4.
864 1120 1002 1193 51);
1032 1130 1088 1175 et
1118 1120 1308 1174 iterum
1342 1139 1355 1174 :
1386 1121 1447 1175 Si
1476 1122 1588 1188 quis
1621 1137 1785 1175 sermo
1816 1120 2006 1185 bonus,
2036 1120 2104 1174 ad

517 1213 903 1280 aediﬁcationem
928 1213 1100 1277 utilis,
1130 1221 1184 1265 ut
1209 1212 1292 1266 det
1323 1213 1542 1282 gratiam
1571 1212 1889 1266 audientibus
1923 1210 2099 1281 (Ibid.

517 1316 560 1355 ν.
589 1302 703 1371 29).
731 1302 1039 1357 Juramcnla
1067 1316 1276 1372 quoque
1306 1302 1476 1357 modis
1505 1303 1751 1358 omnibus
1777 1301 1975 1372 fugiat,
2005 1318 2099 1355 au-

515 1395 666 1448 diens
689 1395 1008 1449 sententiam
1035 1394 1253 1461 Christi,
1281 1409 1399 1463 qua:
1424 1394 1553 1449 dicit
1578 1409 1598 1447 :
1624 1394 1829 1448 Dictum
1861 1404 1934 1449 est
1962 1396 2100 1449 auti-

515 1485 627 1552 guis
652 1499 673 1537 :
702 1500 802 1537 non
828 1484 1073 1554 pejerabis
1098 1498 1117 1538 :
1146 1500 1237 1555 ego
1264 1494 1432 1538 autent
1458 1485 1571 1539 dico
1606 1486 1761 1551 vobis,
1793 1503 1896 1541 non
1914 1487 2103 1555 juran-

514 1573 634 1626 dunt
654 1575 859 1628 omnino
884 1574 1096 1646 (Matth.
1123 1575 1176 1630 5.
1200 1576 1289 1631 53.
1311 1574 1426 1645 54).
1449 1574 1525 1630 Ne
1550 1576 1708 1645 igitur
1727 1577 1867 1632 dicat
1886 1578 2098 1647 aliquis,

510 1658 573 1718 In
610 1679 671 1718 re
704 1663 848 1733 justa
886 1666 1011 1734 jure
1042 1680 1056 1717 :
1090 1680 1261 1735 neque
1294 1666 1437 1720 enim
1472 1665 1524 1720 in
1563 1682 1621 1721 re
1656 1668 1798 1735 justa
1837 1683 2008 1739 neque
2049 1672 2099 1723 in

512 1754 705 1823 injusta
732 1755 917 1824 jurare
938 1756 1082 1811 licet.
1111 1755 1308 1811 Purum
1339 1757 1499 1826 igitur
1516 1772 1546 1810 a
1567 1758 1884 1826 juramentis
1908 1773 1971 1813 os
1997 1774 2103 1815 ser-

512 1861 697 1900 vemus
729 1864 741 1900 :
768 1855 825 1901 et
861 1847 946 1903 his
971 1847 1222 1905 omnibus
1252 1850 1552 1905 muniamus
1578 1862 1813 1926 nostram
1844 1851 2098 1922 linguam,

510 1938 671 2003 labia,
699 1946 753 1993 et
780 1948 1035 2004 mentem,
1066 1955 1134 1993 ne
1164 1939 1245 1994 vel
1274 1939 1401 2010 quid
1432 1941 1688 1996 malarum
1719 1944 2097 2013 cogitationum

516 2030 833 2087 intrinsecus
871 2045 1151 2096 nascatur,
1184 2034 1264 2088 vel
1292 2048 1392 2103 per
1415 2033 1647 2104 linguam
1681 2034 1821 2090 locas
1861 2035 2099 2106 profera-

516 2130 621 2175 tur.
651 2124 818 2177 Aures
840 2137 1053 2194 quoque
1077 2123 1362 2193 diligenter
1390 2125 1679 2196 sepiamus,
1705 2141 1772 2183 ne
1791 2142 1979 2182 vanam
2007 2142 2103 2182 au-

518 2210 772 2267 ditionem
800 2214 1087 2282 suscipiant
1113 2231 1129 2268 :
1153 2215 1289 2269 sicut
1314 2224 1368 2270 et
1398 2216 1580 2271 beatus
1604 2216 1780 2273 Moses
1804 2220 2057 2289 praecepit
2078 2260 2097 2287 ,

517 2301 702 2356 dicens
735 2321 749 2357 :
778 2302 1099 2359 deditionem
1137 2321 1319 2361 nimam
1352 2323 1453 2361 non
1495 2309 1737 2380 suscipies
1764 2309 1978 2380 (Exi-1.
2005 2310 2096 2366 25.

519 2391 612 2461 i);
659 2402 712 2446 et
753 2393 944 2449 iterum
992 2396 1179 2454 beatus
1224 2399 1387 2454 David
1429 2398 1639 2455 diccbat
1683 2418 1699 2454 :
1742 2399 2100 2458 Deira/tentem

511 2494 697 2538 secreto
716 2486 951 2555 proximo
987 2504 1079 2543 suo
1101 2529 1116 2555 ,
1140 2489 1277 2544 ltum:
1304 2491 1633 2561 persequebar
1663 2491 1834 2565 (Psal.
1862 2494 1984 2551 100.
2016 2495 2097 2567 5).

517 2572 724 2641 Vidisti,
752 2575 965 2643 dilecte,
994 2588 1191 2649 quanta
1216 2581 1371 2636 nobis
1407 2583 1770 2651 contentione,
1800 2595 1996 2656 quanta
2022 2586 2099 2642 vi-

514 2667 730 2737 gilantia
756 2669 824 2725 ad
850 2671 1098 2727 virtutem
1138 2673 1428 2743 parandam
1454 2691 1591 2747 opus
1620 2676 1728 2732 sit?
1750 2680 2017 2748 quomodo
2045 2688 2099 2735 ct

517 2776 677 2830 parva
722 2763 982 2834 particula
1031 2764 1304 2836 neglecta,
1353 2768 1512 2824 totius
1559 2770 1852 2838 perieulum
1898 2771 2100 2827 infert?

512 2852 771 2919 Quocirca
798 2863 852 2908 et
879 2855 1002 2911 alibi
1030 2856 1226 2912 clamat
1252 2857 1440 2914 beatus
1476 2859 1672 2925 David,
1703 2875 1960 2918 accusans
1999 2861 2099 2919 hoc

514 2942 794 2997 iacientem
823 2961 836 2998 :
867 2944 1059 3000 Sedens
1086 2948 1324 3003 adversus
1352 2953 1563 3021 fratrem
1588 2961 1739 3005 tum
1777 2952 2058 3022 loquebaris
2078 2993 2097 3021 ,

512 3041 557 3082 et
592 3043 768 3087 contra
806 3035 970 3103 ﬁlium
1009 3040 1185 3093 matris
1210 3048 1314 3093 tum
1345 3041 1564 3110 ponebas
1584 3043 1886 3099 scandalum
1910 3043 2097 3118 (I’sal.

517 3122 600 3177 l9.
630 3124 743 3193 20).
781 3124 839 3180 Si
872 3127 948 3181 sic
986 3137 1166 3183 nostra
1196 3132 1375 3186 oinaia
1402 3134 1642 3189 membra
1666 3135 2058 3192 muniverimns
2076 3176 2096 3205 ,

513 3216 802 3283 poterimus
835 3217 900 3271 ad
942 3219 1148 3275 virtutis
1180 3236 1341 3292 opera
1379 3223 1642 3289 excitari,
1681 3234 1732 3281 et
1773 3225 2007 3296 linguam
2045 3227 2098 3282 in

514 3304 756 3363 laudibus
783 3317 839 3363 et
862 3310 1249 3378 gloriticatione
1288 3312 1381 3369 Dei
1409 3328 1672 3384 occupare
1694 3356 1710 3381 ,
1734 3330 1892 3372 aures
1918 3326 2098 3374 autem

515 3394 565 3450 in
587 3397 773 3452 auditu
797 3408 851 3453 et
877 3399 1157 3471 disciplina
1175 3400 1475 3459 divinorum
1497 3404 1853 3477 eloquiorum,
1871 3415 1928 3464 et
1949 3421 2103 3463 men-

515 3495 621 3541 tem
662 3488 716 3542 in
744 3488 1106 3557 spiritualibus
1135 3491 1470 3565 dogmatibus
1500 3496 1956 3566 contemplandis,
1985 3513 2102 3555 ma-

517 3595 615 3631 nus
642 3594 767 3634 vero
793 3596 899 3637 non
928 3583 981 3637 in
1011 3584 1195 3654 rapina
1224 3594 1280 3640 et
1302 3587 1543 3654 avaritia,
1566 3588 1661 3644 sed
1688 3589 1739 3644 in
1761 3589 2100 3665 eleemosyna

515 3678 571 3723 et
608 3670 760 3724 bonis
785 3672 1037 3741 cperibus
1066 3673 1357 3745 faciendis,
1384 3685 1437 3731 et
1474 3676 1637 3748 pedes
1664 3693 1770 3734 non
1801 3679 1856 3735 in
1878 3681 2101 3741 theatris

517 3770 570 3813 et
599 3763 917 3830 spectaculis
941 3764 1232 3827 damnosis.
1265 3768 1703 3840 equestribusque
1740 3770 1897 3840 ludis,
1926 3774 2020 3831 sed
2046 3776 2100 3831 in

518 3852 778 3919 ecclesiis,
804 3865 855 3909 et
876 3855 1119 3913 domibus
1143 3860 1528 3930 precationum,
1557 3871 1613 3917 et
1636 3873 1940 3921 sanctorum
1967 3882 2102 3922 mar-

519 3954 695 4014 tyrum
727 3946 911 4004 loculis
936 3949 1013 4020 (η)
1039 3966 1055 4014 ;
1087 3960 1142 4005 ιιι
1174 3953 1372 4009 abillis
1398 3954 1819 4013 benedictionem
1842 3959 2006 4029 percit
2026 3957 2101 4014 ia-

520 4049 654 4096 mus.
684 4046 735 4091 et
759 4052 856 4093 nos
878 4054 909 4094 a
938 4039 1215 4098 diabolicis
1243 4043 1446 4115 laqueis
1470 4045 1668 4104 irretiri
1700 4062 1806 4104 non
1840 4049 2097 4105 sinamus.

516 4120 572 4179 Si
602 4127 679 4180 sic
711 4127 921 4184 solliciti
950 4140 1185 4187 nostram
1223 4134 1448 4190 salutem
1478 4138 1877 4205 curaverimus,
1906 4140 2100 4208 poteri-

516 4231 637 4271 mus
660 4227 713 4273 et
737 4234 801 4275 ex
825 4219 1032 4292 jejunio
1060 4223 1262 4279 lucrum
1295 4226 1488 4292 facere,
1511 4237 1567 4283 et
1593 4229 1852 4285 daemonis
1883 4229 2101 4287 insidias

516 4310 765 4381 effugere,
797 4320 855 4369 et
879 4330 1122 4385 magnam
1148 4332 1378 4388 superne
1401 4320 1625 4391 gratiam
1654 4322 1863 4393 assequi
1897 4340 1909 4377 :
1937 4339 2098 4395 quam

516 4413 574 4456 ut
604 4418 701 4457 nos
725 4420 912 4460 omnes
948 4420 1313 4477 assequamur,
1346 4410 1603 4466 concedat
1636 4413 1805 4482 gratia
1844 4422 1901 4469 et
1936 4416 2099 4470 misc-

516 4493 743 4549 ricordia
773 4495 977 4550 Domini
1016 4497 1180 4552 nostri
1219 4496 1344 4553 Jesu
1370 4499 1563 4555 Christi
1590 4542 1605 4565 ,
1635 4516 1755 4557 eum
1784 4517 1890 4573 quo
1916 4503 2057 4561 Patri
2080 4546 2096 4570 .

516 4592 808 4654 sanctoque
831 4583 1050 4655 Spiritui
1079 4587 1149 4641 sit
1175 4588 1361 4657 gloria,
1390 4589 1669 4660 imperium
1693 4632 1708 4658 ,
1734 4591 1924 4659 honor,
1955 4611 2096 4652 nunc

517 4683 571 4729 et
595 4688 829 4745 semper,
858 4685 912 4730 et
943 4676 994 4731 in
1019 4678 1214 4733 smcula
1243 4681 1587 4739 saeculorum.
1615 4684 1805 4739 Amen.

1077 4872 1354 4932 llOMlLlA
1394 4873 1533 4930 XVI.

523 4961 579 5019 ln
611 4964 1101 5034 pra-varicationem
1130 4964 1357 5034 primum
1384 4964 1741 5020 ereatorum‘.
1760 4964 1823 5018 Et
1838 4975 1979 5019 erant
1993 4982 2104 5017 am-

589 5060 654 5109 bo
680 5058 804 5110 nudi
819 5097 835 5116 ,
865 5066 911 5109 et
938 5056 1099 5110 Adam
1115 5096 1132 5121 ,
1156 5066 1204 5112 et
1228 5072 1358 5112 uxor
1379 5057 1492 5124 ejus
1508 5096 1523 5123 ,
1548 5065 1595 5111 et
1624 5072 1722 5111 non
1755 5055 2104 5110 erubescebant

619 5146 745 5201 Gen.
774 5147 830 5201 2.
857 5146 971 5202 25).

595 5150 745 5215 (Gen.
774 5150 830 5201 2.
857 5150 971 5218 25;.

599 5260 651 5313 1.
680 5260 880 5328 Aliquot
902 5260 965 5314 de
987 5258 1368 5329 Scripturarum
1390 5259 1689 5314 inexhausta
1707 5259 1854 5331 copia
1874 5259 2019 5315 dictis
2037 5250 2107 5316 ad

523 5368 733 5420 scopum
757 5352 934 5423 pergit.
954 5383 1027 5395 —-
1050 5352 1220 5409 Hodie
1247 5352 1396 5409 vobis
1419 5392 1434 5418 ,
1459 5351 1789 5408 dilectissimi
1812 5394 1829 5421 ,
1858 5352 2106 5424 spiritua-

583 5546 660 5609 (a)
690 5554 964 5618 sanctorum
986 5558 1246 5618 martyrum
1269 5551 1413 5604 loculi
1433 5559 1492 5618 et,
1507 5552 1662 5605 theae
1685 5551 1973 5618 frequenter
1994 5569 2100 5618 me-

523 5618 769 5679 morantur
788 5615 818 5659 ‘s
838 5612 1175 5679 chrysoliton
1194 5616 1243 5679 iu
1265 5616 1567 5679 Panegyricis
1589 5623 1735 5666 ‘romo
1756 5612 1808 5675 ti,
1830 5615 1915 5668 ulti
1931 5616 1993 5666 iis
2008 5617 2093 5667 ha-

520 5673 651 5728 bitus
671 5677 828 5730 honos
848 5673 981 5742 sepe
1001 5674 1314 5730 describitur.

1620 272 1688 327 IN
1724 270 1958 328 CAPJI.
1989 268 2228 325 CENES.
2279 267 2507 325 llOlllL.
2545 270 2661 327 XVI

3693 275 3792 331 12η

2214 382 2317 436 lem
2356 382 2665 438 thesaurum
2694 385 2899 453 aperire
2944 384 3063 439 volo
3082 425 3095 448 ,
3125 384 3253 455 qui,
3282 385 3405 443 licet
3431 387 3569 444 inter
3598 391 3794 447 multos

2209 473 2511 537 dividatur,
2554 489 2839 544 numquam
2882 486 3056 531 tamen
3099 477 3439 535 absumitur:
3471 481 3560 549 qui
3605 496 3792 538 omnes

2209 563 2538 634 locupletat,
2570 573 2624 620 et
2663 566 2715 620 in
2757 565 2904 622 nullo
2944 567 3273 623 imminuitur
3295 610 3311 635 ,
3342 569 3436 625 sed
3466 580 3521 625 et
3548 583 3789 642 augetur.

2209 655 2668 721 Quemadmodum
2696 656 2837 711 enim
2866 658 2917 712 in
2948 660 3183 714 sensibili
3212 660 3462 716 thesauro
3486 663 3531 716 si
3559 666 3681 732 quis
3711 664 3794 719 vel

2211 762 2423 814 parvam
2452 749 2723 819 acceperit
2759 748 3056 817 portionem
3081 792 3095 809 .
3139 751 3332 805 multas
3365 765 3542 808 tamen
3583 754 3794 810 divitias

2210 840 2334 896 inde
2372 842 2471 895 sibi
2511 841 2717 911 parabit
2745 860 2758 896 :
2788 841 2860 897 ita
2887 850 2942 897 et
2970 842 3023 896 in
3052 842 3245 897 divinis
3283 842 3604 914 Scripturis,
3630 847 3792 903 etiam

2209 931 2260 987 in
2290 945 2451 1001 parva
2477 932 2709 988 dictione
2732 947 2983 989 sensuum
3009 933 3242 1003 gravitas
3265 942 3319 988 et
3341 935 3615 992 immensa:
3643 937 3792 994 inve-

2209 1023 2425 1077 niuntur
2447 1023 2665 1078 divitim.
2693 1024 2838 1080 Talis
2863 1024 3005 1080 enim
3034 1033 3222 1080 natura
3253 1026 3410 1096 hujus
3437 1027 3666 1083 thesauri
3691 1070 3707 1094 ,
3739 1043 3793 1084 ut

2206 1117 2487 1185 opulentos
2531 1115 2690 1171 faciat
2727 1131 2821 1172 eos
2856 1118 2946 1188 qui
2985 1132 3046 1174 se
3090 1118 3395 1183 inveniunt,
3425 1128 3481 1175 et
3507 1135 3790 1191 numquam

2205 1204 2418 1260 deficiat
2440 1224 2451 1257 :
2478 1205 2596 1260 fons
2616 1207 2757 1261 enim
2779 1206 3010 1276 Spiritus
3033 1208 3201 1262 sancti
3226 1205 3668 1283 liuius'seaturigo
3689 1222 3791 1267 est.

2204 1294 2487 1364 Reliquum
2517 1294 2712 1360 fuerit,
2750 1313 2846 1351 vos
2870 1313 2989 1368 qua:
3021 1299 3288 1367 proposita
3315 1310 3442 1354 sunt
3473 1316 3681 1356 summa
3708 1301 3787 1358 di-

2206 1386 2416 1454 ligentia
2446 1386 2498 1440 in
2529 1387 2783 1443 memoria
2815 1398 3068 1457 perpetuo
3089 1404 3335 1455 servare;
3359 1399 3416 1444 ut
3438 1400 3613 1447 autem
3641 1392 3794 1448 facile

2204 1476 2345 1531 dicta
2379 1479 2590 1548 assequi
2623 1481 2858 1548 possitis,
2894 1491 3094 1534 tantum
3125 1481 3266 1551 quod
3299 1492 3538 1539 nostrum
3566 1494 3650 1541 est
3676 1502 3789 1542 ma-

2203 1583 2309 1638 gno
2338 1570 2514 1625 studio
2538 1570 2842 1626 alii-ramus.
2876 1571 3053 1627 Gratia
3086 1576 3226 1628 enim
3260 1586 3439 1643 parata
3469 1584 3553 1632 est
3573 1618 3589 1642 ,
3619 1588 3674 1634 et
3704 1594 3793 1635 re-

2204 1660 2365 1728 quirit
2406 1675 2501 1714 eos
2541 1662 2631 1731 qui
2676 1661 2843 1731 ipsam
2890 1662 3107 1735 largiter
3143 1667 3456 1736 suscipiant.
3503 1668 3792 1725 Audiamus

2206 1750 2365 1820 igitur
2386 1767 2506 1821 qua:
2543 1752 2703 1809 hodie
2738 1763 2862 1809 sunt
2906 1754 3073 1823 lecta,
3103 1765 3161 1812 ut
3186 1756 3456 1813 discamus
3479 1759 3792 1817 immensam

2205 1841 2298 1896 Dei
2325 1842 2724 1913 benignitatem,
2753 1854 2808 1901 et
2830 1854 3029 1916 quanto
3052 1847 3238 1905 salutis
3264 1858 3461 1904 nostra:
3483 1851 3653 1921 gratia
3681 1868 3794 1909 ser-

2203 1934 2379 1989 monis
2401 1944 2823 2006 temperamento
2844 1938 2914 1994 sit
2939 1955 3087 1995 usus.
3112 1939 3203 1996 25.
3232 1940 3298 1995 Et
3316 1953 3461 1998 erant
3479 1945 3626 1999 ambo
3647 1948 3790 2011 nudi,

2204 2033 2307 2077 tam
2329 2025 2524 2090 Adam,
2552 2043 2704 2097 quant
2723 2044 2855 2083 uxor
2874 2030 2985 2101 ejus
3004 2071 3018 2094 ,
3043 2040 3092 2084 et
3123 2047 3224 2085 non
3248 2033 3620 2090 erubescebant.
3648 2034 3792 2091 Con—

2202 2116 2376 2171 sidera
2396 2157 2413 2184 ,
2438 2132 2622 2188 qumso
2645 2160 2661 2183 ,
2703 2119 3027 2177 eminentem
3070 2120 3449 2178 beatitudinem
3473 2165 3492 2193 ,
3524 2126 3791 2196 quomodo

2201 2209 2504 2277 superiores
2544 2209 2742 2266 iuerint
2781 2211 3030 2268 omnibus
3071 2214 3479 2284 corporalibus,
3525 2218 3792 2287 quomoda

2203 2306 2396 2354 terram
2435 2300 2585 2371 quasi
2629 2300 2817 2356 caelum
2859 2302 3220 2372 incoluerint;
3258 2314 3315 2362 et
3350 2321 3473 2363 cum
3517 2318 3700 2365 essent
3736 2312 3789 2365 in

2201 2404 2428 2460 corpore
2457 2389 2588 2448 nihil
2613 2391 2892 2462 corporale
2921 2394 3138 2451 tulerint
3164 2415 3179 2452 :
3208 2411 3384 2468 neque
3409 2406 3551 2456 tecto
3567 2440 3586 2470 ,
3614 2415 3791 2472 neque

2201 2491 2354 2538 veste
2378 2523 2393 2548 ,
2426 2497 2602 2553 neque
2628 2483 2735 2539 alio
2773 2484 2863 2540 tali
2907 2500 3043 2556 opus
3085 2487 3363 2546 habentes.
3403 2489 3571 2548 Porro
3606 2492 3797 2555 divinat

2202 2573 2472 2644 Scriptura
2501 2590 2608 2631 non
2635 2576 2948 2646 simpliciter
2971 2588 3028 2635 et
3050 2579 3253 2651 absque
3275 2582 3484 2641 ratione
3511 2574 3815 2644 bocasobis'

2201 2665 2518 2737 signiﬁcavit
2540 2707 2556 2733 ,
2595 2668 2691 2724 sed
2729 2678 2788 2725 ut
2825 2684 2946 2725 cum
2989 2671 3332 2730 didicerimus
3367 2676 3532 2732 vitam
3577 2678 3788 2735 illorum

2207 2756 2433 2812 tristitiae.
2456 2756 2767 2828 dolorisque
2790 2771 3087 2828 expertem,
3108 2771 3165 2819 et
3187 2765 3482 2835 angelicum
3503 2769 3788 2838 quemdam

2202 2853 2420 2914 statum,
2453 2856 2511 2902 ut
2549 2848 2618 2903 ita
2646 2848 2843 2917 dicam,
2872 2861 2927 2906 et
2966 2863 3149 2921 postea
3178 2854 3468 2914 viderimus
3494 2872 3589 2916 eos
3615 2864 3789 2916 omni-

2202 2936 2302 2991 bus
2337 2937 2443 2992 illis
2478 2937 2729 3004 destitui,
2758 2948 2814 2995 et
2838 2941 2988 3011 quasi
3013 2957 3046 2999 e
3073 2945 3280 3015 magnis
3301 2945 3501 3003 divitiis
3531 2949 3582 3004 in
3609 2961 3789 3010 extre-

2201 3042 2342 3082 mam
2367 3028 2597 3098 inopiam
2623 3031 2812 3101 redigi,
2840 3032 3074 3102 ipsorum
3096 3035 3431 3108 negligentiae
3454 3048 3623 3098 totum
3642 3045 3782 3115 quod

2203 3119 2259 3174 fit
2285 3120 2632 3177 ascribamus.
2662 3123 2852 3194 Operae
2895 3127 3121 3196 pretium
3152 3138 3330 3186 autem
3370 3131 3502 3188 lecta
3540 3134 3653 3205 ipsa
3688 3152 3778 3193 au-

2201 3210 2336 3267 dire.
2365 3211 2530 3277 Nam,
2558 3222 2618 3269 ut
2641 3213 2775 3270 dixit
2814 3215 3005 3274 beatus
3033 3217 3207 3277 Moses
3227 3263 3242 3290 ,
3268 3224 3410 3293 quod
3441 3226 3563 3281 nudi
3594 3237 3751 3285 erant
3771 3271 3786 3294 ,

2200 3313 2388 3372 etnon
2425 3305 2815 3363 erubescebant
2845 3307 3053 3381 (neque
3086 3312 3228 3368 enim
3268 3315 3507 3371 sciebant
3530 3332 3590 3374 se
3615 3319 3787 3377 nudos

2200 3410 2322 3453 esse
2345 3438 2361 3464 ,
2394 3398 2526 3453 mira
2553 3398 2719 3468 gloria
2750 3399 2867 3455 illos
2894 3402 3156 3459 vestiente
3180 3412 3236 3459 et
3262 3407 3432 3476 magis
3459 3424 3617 3478 quam
3648 3411 3784 3467 ultu.

2201 3488 2426 3544 vestitus
2451 3488 2731 3557 ornante),
2762 3490 2959 3561 inquit,
2994 3493 3047 3549 i.
3083 3493 3306 3564 Serpens
3340 3506 3506 3551 autent
3528 3509 3637 3553 erat
3663 3517 3777 3571 pru-

2201 3578 2521 3634 dentissimus
2546 3579 2770 3634 omnium
2799 3581 3087 3649 bestiarum,
3114 3600 3228 3654 qua
3252 3602 3403 3654 super
3429 3597 3634 3658 terram,
3660 3608 3781 3662 quas

2203 3674 2387 3743 fecerat
2422 3670 2662 3727 Dominus
2690 3671 2847 3728 Deus.
2881 3673 2950 3728 Et
2977 3673 3105 3729 dixit
3131 3691 3339 3747 serpens
3375 3679 3572 3736 mulieri
3601 3697 3622 3737 :
3651 3683 3787 3750 Quid

2200 3762 2335 3828 quod
2362 3762 2491 3816 dixit
2533 3760 2670 3816 Deus
2687 3803 2706 3827 ,
2739 3761 2821 3818 Ne
2846 3764 3115 3820 comedetis
3139 3783 3204 3822 ex
3229 3768 3366 3823 omni
3391 3770 3529 3842 ligno
3552 3774 3689 3838 quod
3715 3789 3783 3831 est

2201 3854 2255 3907 iu
2281 3853 2518 3924 paradiso
2548 3850 2700 3923 (Gen.
2726 3854 2829 3925 5)?
2861 3854 2992 3912 Vide
3020 3856 3238 3929 maligni
3261 3856 3519 3916 daemonis
3547 3861 3779 3920 inviden-

2204 3943 2368 4009 tiam,
2410 3954 2463 4000 et
2510 3945 2832 4017 multiplices
2876 3946 3116 4004 technas.
3155 3948 3593 4023 Quandoquidem
3630 3956 3787 4012 scivit

2204 4033 2471 4091 hominem
2506 4035 2795 4092 formatum
2822 4036 2877 4092 in
2901 4053 3111 4095 summo
3135 4053 3255 4095 esse
3281 4040 3485 4099 honore
3504 4045 3542 4110 ',
3570 4053 3625 4101 et
3658 4061 3782 4116 pro.

2204 4128 2486 4198 pemodum
2518 4129 2650 4184 nihil
2682 4129 2857 4185 minus
2898 4128 3095 4186 habere
3132 4131 3333 4202 angelis
3373 4134 3501 4205 ipsis
3524 4174 3540 4201 ,
3568 4134 3706 4193 sicut
3734 4150 3787 4194 et

2202 4221 2387 4277 beatus
2415 4219 2578 4275 David
2605 4219 2810 4290 inquit:
2838 4219 3071 4275 Minuisti
3096 4238 3207 4278 eum
3230 4224 3383 4293 paulo
3417 4225 3582 4281 minus
3603 4228 3666 4281 ab
3685 4243 3785 4280 an-

2201 4312 2326 4383 gelis
2353 4309 2523 4383 (Psal.
2548 4312 2600 4367 8.
2632 4311 2689 4383 6)
2719 4329 2732 4366 :
2762 4320 2920 4383 atque
2949 4311 3051 4368 hoc
3080 4312 3250 4384 ipsum
3276 4313 3445 4370 Paulo
3479 4316 3645 4373 minus
3673 4318 3785 4375 ino-

2203 4402 2483 4460 bedientia:
2513 4412 2788 4473 peccatum
2819 4404 3146 4469 introduxit;
3178 4422 3298 4463 nam
3326 4419 3447 4479 post
3473 4410 3781 4480 praevarica-

2202 4494 2402 4550 tionem
2448 4494 2551 4549 hoc
2600 4494 2847 4566 loquutus
2890 4506 2973 4553 est
3017 4496 3275 4568 propheta
3320 4519 3333 4555 :
3375 4501 3586 4558 videbat
3630 4505 3788 4575 igitur

2201 4601 2366 4659 super
2394 4596 2591 4643 terram
2616 4586 2861 4658 angelum
2890 4598 3220 4657 terrestrem,
3242 4600 3297 4646 et
3321 4605 3351 4646 a
3379 4606 3473 4646 sua
3501 4592 3788 4651 rodebam:

2205 4677 2399 4733 invidia
2427 4676 2638 4733 daemon
2675 4676 2939 4732 malorum
2979 4689 3166 4734 auctor
3194 4696 3210 4732 :
3239 4682 3490 4750 quoniam
3516 4698 3639 4738 cum
3674 4684 3787 4755 ipse

2204 4768 2343 4823 inter
2380 4781 2641 4837 supernas
2682 4768 2906 4822 virtutes
2941 4776 3121 4833 esset,
3152 4777 3209 4823 et
3244 4768 3314 4824 ob
3352 4769 3642 4828 voluntatis
3676 4788 3787 4829 sua:

2203 4858 2511 4931 nequitiam,
2538 4867 2593 4915 et
2624 4857 2891 4929 ingentem
2916 4858 3194 4926 malitiam,
3219 4874 3251 4915 e
3273 4874 3484 4917 summo
3508 4865 3642 4921 cado
3667 4881 3780 4936 pro~

2197 4950 2375 5022 iectus
2399 4951 2575 5020 fuerit,
2601 4966 2791 5022 magna
2816 4967 2944 5008 usus
2972 4961 3055 5010 est
3085 4955 3498 5023 machinatione,
3527 4968 3585 5015 ut
3609 4969 3663 5016 et
3693 4960 3764 5017 ho

2203 5042 2402 5099 minem
2427 5043 2597 5117 gratia
2625 5042 2718 5099 Dei
2750 5043 2977 5113 privare,
3008 5054 3062 5101 et
3089 5044 3353 5117 ingratum
3379 5046 3598 5112 factum.
3629 5054 3786 5107 tantis

2206 5130 2358 5188 bonis
2401 5113 2763 5205 pet-divinant
2806 5133 3097 5192 bonitatem
3138 5113 3267 5207 ipsis
3290 5136 3564 5195 concessis
3588 5139 3789 5198 nudare

2206 5232 2403 5294 posset.
2435 5225 2503 5282 Et
2523 5225 2651 5297 quid
2676 5224 2837 5282 fecit?
2862 5224 3081 5283 invento
3103 5228 3319 5284 animali
3340 5228 3463 5295 hoc,
3484 5241 3787 5301 serpentem

2204 5316 2348 5386 dico,
2376 5318 2466 5390 qui
2495 5328 2686 5376 cetera
2712 5318 3002 5376 calliditate
3022 5334 3119 5375 sua
3144 5318 3412 5389 vincebat,
3436 5320 3575 5378 sicut
3594 5334 3651 5380 et
3675 5323 3790 5379 Ilo-

2204 5426 2295 5468 ses
2324 5420 2548 5469 testatus
2572 5419 2689 5478 est,
2713 5426 2834 5468 cum
2861 5410 3025 5478 dixit,
3067 5410 3193 5465 Erat
3227 5421 3396 5468 autem
3432 5429 3637 5485 serpens
3664 5432 3788 5487 prii.

2205 5506 2524 5564 dentissintus
2550 5506 2774 5562 omnium
2800 5505 3067 5562 bestiarum
3098 5519 3211 5576 qua
3235 5521 3388 5578 super
3413 5514 3599 5564 terram
3620 5550 3636 5578 ,
3655 5524 3788 5580 quas

2272 5662 2286 5694 ι
2322 5658 2535 5720 Colelin.,
2558 5658 2624 5710 ad
2648 5672 2883 5710 sunnnmn
2907 5659 3130 5711 horrorem
3149 5658 3296 5726 fuisse
3317 5670 3545 5715 erectum.
