4144 6200
356 309 461 362 1'27

357 424 465 476 ferit
496 420 760 474 ’Dotninus
804 416 938 470 Deus
977 429 1087 468 :eo
1127 411 1278 479 quasi
1324 411 1675 464 instrumento
1709 406 1938 478 qttodam

354 528 480 565 usus
509 521 610 573 est,
643 525 738 579 per
765 507 906 577 quod
935 505 1231 569 mulierem,
1261 511 1442 571 utpote
1469 498 1760 569 simplicius
1789 505 1842 550 et
1869 497 1948 550 itt-

337 605 558 656 ~tirmius
581 599 860 666 vas,vi|lius
881 595 1237 651 familiaritate
1260 594 1311 647 in
1339 605 1579 647 errorem
1601 598 1656 643 et
1677 587 1948 656 deceptio-

356 709 476 747 nem
503 700 836 762 provocaret.
865 687 928 742 Et
954 688 1100 751 dixit,
1129 684 1318 754 inquit,
1341 697 1545 753 serpens
1569 681 1790 734 mulieri.
1815 677 1950 734 Hinc

337 783 544 852 collige
570 782 638 835 ab
668 781 820 835 initio
850 779 1046 833 nullam
1088 776 1378 832 bestiarum
1407 774 1577 828 virum
1599 813 1614 837 ,
1642 771 1727 826 vel
1757 771 1949 826 mulieo

357 889 468 929 rem
510 875 764 928 terruisse
787 912 802 936 ,
833 869 926 926 sed
951 869 1244 924 dominium
1280 875 1329 921 et
1367 865 1753 934 subjectionetn
1781 877 1948 933 agno-

355 971 518 1030 visse,
547 976 601 1022 et
625 967 763 1020 sicut
797 978 936 1018 nunc
963 960 1255 1016 domestica
1282 956 1552 1022 animalia,
1583 956 1654 1010 ita
1681 963 1736 1009 et
1764 953 1872 1008 fera
1894 962 1950 1009 et

339 1064 712 1116 immansueta
743 1067 870 1112 tunc
895 1055 1040 1110 mitia
1072 1053 1256 1108 fuisse.

430 1153 486 1207 2.
510 1153 730 1218 Serpens
746 1151 832 1226 qui
850 1147 1008 1202 Evam
1023 1145 1215 1216 decepit
1231 1159 1330 1197 non
1351 1149 1459 1195 erat
1474 1139 1669 1194 ratione
1683 1137 1946 1209 prazdittts.

354 1249 496 1302 —At
517 1245 652 1300 forte
674 1244 758 1298 hic
777 1239 1094 1296 dubitaverit
1114 1237 1232 1307 quis
1247 1245 1299 1290 et
1319 1231 1609 1304 quzesierit,
1629 1245 1754 1284 num
1776 1237 1831 1282 et
1847 1227 1948 1282 ltoc

359 1337 555 1392 animal
591 1331 816 1389 rationis
853 1330 1016 1386 fuerit
1052 1329 1338 1399 particeps.
1378 1322 1492 1378 Non
1519 1322 1591 1376 ita
1620 1329 1741 1374 est:
1770 1318 1944 1383 absit;

355 1428 450 1483 sed
477 1429 512 1482 ii
551 1426 639 1496 qui
688 1423 993 1493 Scripturas
1036 1427 1333 1489 sequuntur
1377 1413 1672 1483 intelligant
1715 1416 1945 1478 oportet,

359 1521 519 1575 verba
550 1517 765 1589 quidem
795 1530 913 1571 esse
937 1511 1159 1578 diaboli,
1178 1524 1336 1580 quem
1386 1504 1579 1560 invidia
1622 1500 1946 1566 concitabat,

359 1620 417 1665 ut
447 1612 516 1664 ita
539 1608 808 1664 hominem
855 1605 1062 1658 falleret
1093 1619 1110 1657 :
1138 1599 1348 1655 animali
1377 1607 1555 1652 autem
1584 1594 1687 1648 hoc
1728 1603 1785 1646 ut
1829 1591 1946 1646 ido-

362 1718 465 1758 neo
487 1703 841 1756 instrumento
865 1693 1112 1750 utebatur
1141 1691 1406 1752 diabolus,
1435 1703 1542 1758 quo
1570 1701 1785 1741 suarum
1810 1684 1949 1739 frau-

356 1794 506 1848 dium
533 1805 654 1847 esca
685 1790 941 1851 immissa,
973 1783 1318 1854 supplantare
1345 1779 1572 1850 primum
1617 1784 1799 1846 posset
1827 1791 1945 1828 mu-

356 1884 577 1947 lierem,
627 1895 747 1951 qua:
783 1879 990 1933 facilius
1027 1873 1199 1944 decipi
1240 1879 1486 1942 poterat,
1528 1878 1582 1922 et
1621 1875 1806 1936 postea
1856 1879 1949 1934 per

357 1975 500 2028 illam
551 1971 710 2026 etiam
769 1967 1152 2038 protoplastunt
1196 1960 1579 2031 suppiantaret.
1625 1957 1804 2025 itaque
1849 1953 1951 2008 hoc

357 2067 514 2119 bruto
537 2063 700 2116 utitur
718 2061 784 2113 ad
813 2057 1031 2112 insidias
1075 2053 1379 2112 struendas,
1405 2059 1460 2104 et
1485 2064 1580 2118 per
1620 2048 1791 2117 ipsum
1827 2061 1948 2100 ntu-

359 2154 478 2209 lieri
526 2150 781 2222 loquitur,
824 2156 879 2204 et
921 2146 992 2200 ait
1023 2162 1037 2199 :
1068 2145 1243 2210 Quare
1283 2141 1411 2194 dixit
1457 2137 1621 2201 Deus,
1663 2135 1750 2190 Ne
1781 2152 1950 2189 eome-

357 2243 570 2298 datisex
597 2241 735 2296 ontui
763 2240 901 2310 ligno
923 2234 1062 2307 quod
1085 2243 1158 2288 est
1183 2233 1236 2286 in
1266 2228 1543 2302 paradiso?
1575 2225 1946 2293 Considerate,

355 2337 601 2400 obsecro,
629 2329 972 2402 malignitatis
989 2323 1387 2383 callidissimam
1415 2319 1779 2376 subtilitatem.
1800 2314 1952 2370 Indu-

357 2426 432 2482 cit
474 2426 618 2480 enim
662 2423 871 2478 ratione
915 2415 1146 2482 consilii,
1192 2425 1248 2470 et
1289 2408 1743 2482 interrogationis,
1786 2406 1950 2463 etiam

356 2516 506 2588 quod
534 2531 566 2570 a
589 2517 698 2570 Deo
742 2512 945 2568 dictum
993 2522 1102 2564 non
1145 2515 1285 2574 erat,
1328 2502 1482 2574 quasi
1525 2500 1730 2557 scilicet
1763 2512 1948 2554 curam

359 2611 600 2679 ipsorum
629 2605 854 2661 haberet
877 2621 892 2659 :
925 2601 977 2657 id
997 2599 1140 2671 quod
1160 2595 1477 2660 ostenditur,
1489 2608 1610 2651 cum
1627 2591 1799 2663 inquit
1816 2607 1831 2645 :
1847 2588 1953 2646 Cur

341 2701 490 2755 .dixit
519 2698 676 2766 Deus,
701 2696 786 2751 Ne
803 2693 1077 2750 comedetis
1109 2691 1174 2745 de
1210 2689 1349 2745 omni
1376 2689 1514 2759 ligno
1537 2685 1758 2758 quodest
1777 2685 1831 2740 in
1854 2701 1949 2756 pa-

340 2788 576 2844 .radiso.’
619 2787 768 2858 quasi
814 2785 1018 2840 diceret
1057 2781 1320 2852 malignus
1361 2778 1452 2833 ille
1491 2775 1703 2832 daemon
1731 2792 1746 2830 :
1774 2774 1952 2843 Quare

349 2882 508 2936 .Deus
537 2877 768 2950 privavit
788 2890 884 2931 vos
914 2881 1060 2930 tanta
1091 2869 1386 2927 fruitione?
1421 2882 1520 2923 cur
1559 2881 1664 2922 non
1706 2865 1952 2923 concedit

342 2981 424 3027 tut
442 2971 728 3044 participes
752 2968 870 3023 sitis
893 2967 1154 3022 bonorum
1183 2977 1304 3034 qua:
1327 2969 1452 3016 sunt
1477 2959 1528 3014 in
1551 2958 1826 3031 paradiso;
1855 2956 1951 3014 sed

345 3063 612 3134 .prarstitit
655 3059 873 3131 quidem
912 3064 970 3112 ut
995 3055 1111 3111 visu
1157 3051 1487 3117 frueremini,
1529 3065 1637 3105 non
1679 3057 1857 3104 tamen
1887 3063 1953 3104 eo

365 3155 466 3211 frui
513 3154 660 3219 sinit,
688 3161 744 3208 et
781 3148 970 3220 majori
1024 3146 1296 3216 voluptate
1346 3139 1634 3198 interdicit.
1680 3137 1786 3195 Cur
1826 3139 1953 3193 dixit

370 3246 548 3303 Deus?
567 3247 762 3313 Quare,
794 3243 987 3312 inquit,
1019 3239 1151 3294 hoc?
1173 3253 1291 3308 qua:
1328 3235 1525 3290 utilitas
1549 3231 1751 3288 versari
1780 3231 1834 3286 in
1853 3245 1953 3301 pa-

354 3339 566 3401 radiso.
595 3345 649 3392 et
677 3350 783 3390 non
800 3333 902 3389 frui
932 3333 1015 3388 his
1041 3345 1161 3401 quae
1187 3330 1241 3384 in
1273 3326 1364 3382 illo
1389 3334 1533 3392 sunt,
1557 3322 1650 3378 sed
1691 3322 1814 3377 ideo
1840 3335 1950 3375 mao

361 3438 534 3503 joretn
585 3433 723 3486 ferre
762 3428 1039 3489 dolorem,
1077 3421 1219 3494 quod
1264 3428 1506 3491 spectare
1550 3415 1764 3487 quidem
1805 3413 1955 3468 vobis

365 3527 540 3589 liceat,
591 3522 693 3577 frui
730 3537 834 3576 non
877 3517 1070 3574 liceat?
1119 3514 1308 3570 Vidisti
1351 3511 1621 3583 quomodo
1645 3524 1740 3582 per
1767 3507 1948 3575 verba,

366 3617 515 3688 quasi
541 3631 636 3688 per
676 3628 851 3670 escam
894 3612 1037 3666 virus
1075 3622 1230 3664 suum
1275 3601 1544 3660 immittit?
1573 3601 1806 3658 Debebat
1833 3615 1953 3654 mu-

351 3709 464 3763 'iier
487 3721 552 3762 ex
577 3707 692 3778 ipso
719 3717 969 3775 aggressu
993 3699 1316 3755 eminentent
1340 3693 1643 3764 conjectare
1675 3690 1951 3756 malitiam,

372 3808 484 3853 tum
509 3797 649 3868 quod
675 3797 744 3850 de
773 3793 1030 3848 industria
1060 3806 1181 3862 qua:
1220 3804 1327 3842 non
1375 3795 1528 3840 erant
1573 3785 1795 3851 diceret,
1842 3792 1951 3837 tum

370 3891 512 3959 quod
540 3888 688 3956 quasi
733 3899 913 3941 curam
957 3883 1193 3952 ipsorum
1238 3883 1468 3948 gereret,
1501 3883 1558 3930 ut
1600 3873 1738 3928 scire
1778 3880 1958 3942 posset

371 3998 489 4052 qua:
531 3980 634 4034 illis
658 3995 686 4031 a
719 3978 828 4032 Deo
872 3981 1157 4046 praecepta,
1189 3980 1243 4026 et
1276 3969 1354 4024 sic
1378 3967 1444 4022 ad
1464 3965 1955 4038 prtevaricationem

350 4077 513 4145 .ipsos
540 4071 792 4126 traheret.
825 4069 984 4141 igitur
1006 4082 1126 4122 cum
1161 4071 1344 4136 posset
1386 4061 1564 4117 statim
1609 4059 1955 4130 imposturatn

371 4167 576 4230 videre,
608 4173 664 4219 et
699 4163 934 4218 aversari
978 4161 1138 4216 verba
1178 4159 1254 4213 uti
1285 4156 1524 4226 nugacia,
1555 4161 1609 4209 et
1647 4151 1878 4221 seipsam
1904 4152 1956 4206 itt

371 4266 568 4312 tantam
614 4253 868 4308 vilitatem
899 4266 1004 4305 non
1031 4249 1286 4319 dejicere.
1314 4246 1502 4301 noluit.
1526 4242 1839 4314 Oportebat,
1871 4242 1956 4295 in-

369 4365 550 4418 quam,
572 4346 722 4400 initio
749 4343 1073 4411 colloquium
1103 4340 1241 4394 illius
1285 4354 1391 4393 non
1431 4336 1592 4402 ferre,
1627 4335 1720 4391 sed
1756 4335 1829 4389 illi
1855 4334 1957 4391 soli

373 4437 538 4508 loqui,
566 4443 780 4505 propter
809 4447 989 4503 quem,
1008 4439 1062 4486 et
1091 4431 1143 4484 in
1173 4428 1324 4498 cujus
1353 4427 1672 4497 adjutoriunt
1703 4424 1958 4496 producta

372 4535 506 4593 erat,
536 4526 797 4596 particeps
819 4522 1088 4594 dignitatis
1117 4521 1256 4576 illius
1281 4519 1436 4574 facta.
1467 4517 1600 4586 Quia
1627 4526 1826 4581 autem,
1857 4531 1953 4572 ne-

373 4618 483 4673 scio
505 4615 771 4688 quomodo
799 4614 1008 4678 allecta,
1035 4613 1353 4682 colloquium
1403 4609 1667 4679 serpentis
1703 4609 1843 4674 tulit,
1865 4622 1959 4677 per

371 4725 530 4779 quem
557 4751 571 4773 ,
621 4716 678 4763 ut
721 4709 1163 4770 instrumentum,
1213 4702 1510 4777 perniciosa
1551 4701 1749 4757 diaboli
1792 4700 1958 4756 verba

373 4801 626 4872 suscepit,
644 4816 934 4871 congruum
961 4807 1076 4854 erat
1096 4798 1272 4853 statim
1297 4810 1418 4851 cum
1439 4795 1671 4849 disceret
1693 4808 1756 4848 ex
1783 4791 1960 4847 verbis

349 4897 506 4966 ejus,
536 4910 654 4950 esse
685 4893 770 4949 illa
793 4909 914 4948 cum
947 4894 1171 4947 veritate
1197 4888 1482 4960 pugnantia
1509 4895 1563 4942 et
1599 4886 1701 4940 alia
1745 4884 1958 4954 quidem

369 4986 710 5043 Conditorem
761 4986 1071 5055 imperasse,
1121 4983 1223 5036 alia
1267 4987 1445 5036 autem
1495 4971 1664 5042 illum,
1709 4987 1765 5032 et
1804 4975 1961 5046 plane

369 5077 638 5133 contraria
667 5077 775 5130 Deo
819 5074 1020 5140 dicere,
1043 5082 1101 5127 ut
1127 5073 1238 5142 ipsa
1284 5077 1640 5132 aversaretur.
1672 5078 1726 5123 et
1754 5066 1962 5137 fugeret

354 5167 516 5221 illius
541 5165 1000 5220 consuetudinem
1025 5203 1040 5228 ,
1090 5161 1591 5229 abominareturqne
1629 5158 1777 5212 illum
1803 5197 1818 5220 .
1868 5155 1959 5226 qui

372 5259 626 5327 linguam,
655 5266 840 5311 contra
867 5255 1048 5310 datum
1063 5253 1175 5310 illis
1212 5252 1518 5308 mandatum
1555 5264 1748 5304 acuere
1792 5247 1959 5304 aude-

371 5357 470 5402 ret.
505 5347 700 5403 V'erunt
723 5349 844 5417 quia
870 5362 977 5415 pra:
1006 5358 1194 5415 magna
1218 5342 1535 5413 negligentia
1565 5357 1672 5396 non
1709 5338 1956 5394 attende-

375 5440 490 5506 bat,
517 5455 623 5494 nou
675 5439 848 5494 solum
893 5453 999 5493 non
1045 5447 1127 5493 est
1175 5437 1322 5492 illum
1369 5442 1628 5499 aversata,
1661 5431 1754 5488 sed
1799 5445 1960 5487 omne

365 5528 681 5584 tutandatutn
732 5529 805 5583 illi
846 5528 1068 5596 detexit,
1099 5536 1153 5584 et
1181 5540 1344 5599 porco
1391 5525 1703 5597 margaritas
1740 5520 1954 5592 objecit,

374 5618 716 5699 implevitque
737 5620 876 5692 quod
900 5634 929 5673 a
955 5620 1170 5675 Christo
1213 5618 1412 5674 dictum
1455 5626 1538 5672 est
1569 5633 1582 5669 :
1617 5613 1701 5669 Ne
1748 5613 1958 5666 mittatis

356 5715 890 5782 uergaritasttestras
908 5725 1028 5765 ante
1055 5725 1254 5781 porcos,
1288 5725 1348 5762 ne
1361 5711 1501 5779 forte
1527 5705 1816 5758 concuteent
1839 5703 1955 5755 illas

1103 300 1159 354 S.
1198 294 1477 352 JUANNIS
1513 291 1989 348 CllllYSOSTOMl
2031 290 2344 346 ARCIIIEP.
2386 289 2916 348 CONSTANTINOP.

3541 293 3640 349 1‘28

2055 406 2264 478 pedibus
2292 406 2417 470 suis,
2443 416 2490 460 et
2514 407 2738 461 conversi
2763 423 2849 460 vos
2879 408 3196 476 disrumpunt
3220 405 3432 475 (Matth.
3462 407 3515 460 7.
3539 408 3592 475 ϐ)
3621 428 3633 462 :

2054 495 2106 552 id
2136 498 2276 568 quod
2306 507 2362 552 et
2382 497 2467 553 hic
2493 497 2688 553 factum
2715 505 2816 552 est.
2846 498 3104 568 Apposuit
3131 498 3274 552 enim
3302 512 3484 566 porco,
3517 496 3640 550 huic

2054 588 2208 643 malm
2247 589 2452 654 bestiae,
2495 588 2724 644 diemoni
2766 589 3033 653 videlicet,
3057 588 3145 658 qui
3191 604 3286 659 per
3331 597 3639 656 serpentem

2053 679 2394 749 operabatur,
2450 679 2658 735 divinas
2706 681 3038 751 margaritas,
3073 689 3129 735 et
3159 694 3262 733 non
3307 679 3482 734 solum
3523 678 3641 733 illas

2051 770 2404 836 conculcavit,
2435 780 2489 826 et
2516 770 2672 826 dictis
2710 785 2770 827 se
2812 772 3079 842 opposuit,
3111 770 3205 826 sed
3237 779 3292 825 et
3325 784 3639 832 conversus,

2053 875 2158 916 non
2198 861 2368 932 ipsam
2409 861 2605 930 solum,
2633 861 2728 917 sed
2755 876 2877 917 cum
2908 863 3020 933 ipsa
3050 862 3424 933 primigenium
3470 862 3644 915 homi-

2053 970 2174 1010 nem
2217 969 2430 1027 quoque
2469 956 2523 1012 in
2555 957 2902 1028 prtecipitium
2945 956 3320 1013 inobedientize
3365 955 3634 1026 perduxit.

2051 1046 2279 1102 Tantum
2329 1049 2528 1104 malum
2570 1057 2659 1105 est
2690 1049 2892 1119 absque
2919 1048 3128 1104 delectu
3157 1049 3326 1103 cuivis
3352 1033 3407 1103 et
3436 1049 3640 1118 promi-

2052 1154 2179 1196 scue
2217 1141 2396 1196 divina
2437 1142 2686 1214 mysteria
2707 1141 2975 1213 detegere.
3001 1140 3236 1197 Audiant
3264 1140 3355 1211 qtti
3383 1141 3498 1196 sine
3521 1140 3642 1195 dis-

2050 1232 2275 1286 crimine
2327 1231 2640 1304 simpliciter
2670 1246 2792 1288 cum
2820 1231 3070 1288 omnibus
3109 1231 3504 1301 colloquuntur.
3530 1230 3638 1286 Ne-

2051 1324 2318 1392 queenim
2355 1323 2432 1379 ibi
2477 1323 2725 1380 Christus
2762 1323 2830 1386 de
2871 1323 3108 1380 sensibili
3153 1339 3317 1395 porco
3363 1325 3636 1396 praecepit,

2053 1415 2148 1470 sed
2170 1415 2414 1471 homines
2459 1417 2692 1485 porcinis
2733 1417 2974 1473 moribus
3015 1417 3335 1484 subindicat,
3365 1418 3455 1488 qui
3501 1418 3640 1474 sicut

2055 1507 2208 1562 bruta
2237 1507 2322 1562 illa
2355 1508 2409 1562 in
2439 1508 2640 1577 peccati
2667 1507 2782 1563 luto
2817 1508 3179 1572 involvuntur,
3207 1507 3407 1563 docens
3433 1523 3551 1572 nos,
3581 1516 3640 1562 ιιι

2047 1613 2404 1668 personarum
2427 1597 2788 1654 diversitatem
2819 1599 3213 1669 dignoscamus,
3241 1609 3294 1654 et
3323 1599 3442 1654 vita:
3471 1599 3638 1653 ratio-

2042 1703 2151 1742 rnes
2179 1688 2527 1757 inquiramus,
2552 1688 2766 1759 quando
2807 1688 3005 1759 aliquid
3050 1688 3350 1743 divinorum
3397 1687 3638 1758 eloquio-

2056 1795 2176 1834 rum
2205 1795 2477 1850 exponere
2505 1796 2640 1851 opus
2667 1780 2853 1847 fuerit,
2889 1791 3028 1836 neet
3058 1781 3178 1836 illos
3206 1789 3259 1834 et
3287 1783 3639 1851 nosmetipsos

2055 1871 2332 1926 iaedamus.
2364 1872 2493 1926 Nam
2525 1873 2614 1943 qui
2641 1873 2773 1929 tales
2788 1881 2935 1939 sunt,
2969 1889 3074 1928 non
3111 1872 3282 1927 solum
3328 1873 3461 1927 nihil
3507 1874 3639 1929 lucri

2057 1978 2122 2018 ex
2148 1963 2305 2018 dictis
2342 1963 2576 2033 capiunt,
2609 1963 2703 2018 sed
2732 1971 2788 2019 at
2809 1978 2904 2018 eos
2924 1965 3012 2033 qui
3041 1963 3206 2018 bonas
3239 1963 3356 2017 illas
3382 1963 3638 2035 margari-

2055 2062 2136 2108 tas
2165 2053 2366 2123 absque
2394 2053 2761 2125 disquisitione
2800 2054 2903 2109 illis
2935 2063 3353 2126 proposuerant,
3384 2070 3563 2110 secum
3588 2055 3638 2110 in

2055 2157 2168 2198 sua:
2194 2144 2508 2213 perditionis
2537 2144 2855 2215 profundum
2885 2159 3030 2216 serpe
3076 2154 3465 2216 pertraxerunt.
3518 2143 3640 2201 ideo

2047 2251 2176 2292 eum
2217 2237 2490 2308 diligentia
2537 2238 2868 2294 observanda
2911 2247 3036 2294 sunt
3064 2237 3200 2305 baac,
3231 2253 3300 2293 ne
3326 2237 3513 2294 eadem
3545 2253 3639 2310 pa-

2055 2329 2250 2384 tiamur
2267 2345 2386 2400 qua:
2411 2330 2485 2384 illi
2508 2330 2600 2402 qui
2628 2329 2715 2386 hic
2739 2329 2948 2400 decepti
2992 2339 3138 2386 sunt.
3187 2329 3319 2385 Nam
3336 2339 3404 2386 et
3430 2345 3572 2386 nunc
3597 2332 3640 2386 si

2056 2423 2312 2478 voluisset
2352 2423 2544 2478 mulier
2588 2437 2694 2478 non
2743 2437 3046 2494 proponere
3095 2423 3409 2495 margaritas
3456 2436 3637 2494 porca,

2057 2527 2230 2583 neque
2261 2513 2373 2584 ipsa
2398 2512 2452 2568 in
2495 2512 2844 2584 praecipitium
2889 2512 3106 2581 ruisset,
3131 2526 3305 2584 neque
3347 2513 3519 2569 virum
3549 2527 3640 2568 81r-

2054 2616 2178 2661 cum
2209 2606 2474 2662 traxisset.

2127 2697 2181 2752 3.
2219 2697 2324 2753 Sed
2361 2697 2638 2754 audiamus
2664 2696 2793 2770 quid
2821 2697 2894 2754 illi
2923 2697 3263 2770 respondeat.
3309 2697 3444 2754 Nam
3471 2707 3530 2754 ut
3557 2698 3640 2754 di-

2055 2795 2228 2852 xerat,
2256 2787 2358 2842 Cur
2381 2787 2510 2843 dixit
2533 2787 2693 2856 Deus,
2721 2786 2800 2845 De
2817 2789 2953 2844 omni
2973 2787 3111 2861 ligno
3141 2790 3370 2860 paradisi
3393 2807 3457 2846 ne
3478 2806 3643 2844 come-
3671 2822 3684 2840 ρ

2057 2879 2190 2934 datis
2206 2880 2232 2934 .9
2256 2880 2427 2950 inquit
2448 2880 2639 2936 mttlier
2657 2880 2894 2950 serpenti
2927 2899 2939 2934 :
2967 2880 3023 2935 2.
3047 2880 3125 2936 De
3152 2881 3288 2936 omni
3313 2882 3452 2954 ligno
3491 2898 3641 2953 para-

2056 2969 2157 3025 disi
2181 2970 2520 3038 comedimus;
2563 2972 2615 3026 3.
2649 2971 2713 3025 de
2739 2975 2907 3041 fructu
2931 2983 3101 3026 autem
3135 2972 3279 3043 ligni,
3321 2971 3458 3044 quod
3484 2983 3555 3028 est
3589 2973 3641 3026 in

2058 3063 2220 3116 medio
2257 3063 2504 3134 paradisi,
2556 3062 2684 3116 dixit
2721 3061 2880 3129 Dens,
2924 3079 2985 3118 ne
3021 3063 3312 3129 comedetis,
3337 3081 3493 3134 neque
3519 3065 3640 3118 atti-

2057 3153 2227 3223 geritis
2253 3153 2442 3222 ipsum,
2465 3161 2519 3206 ut
2547 3169 2649 3206 non
2672 3152 2978 3207 moriemini.
3003 3151 3190 3210 Vidisti
3221 3153 3643 3224 malignitatem?

2060 3242 2204 3296 Dixit
2230 3242 2372 3312 quod
2401 3257 2504 3298 non
2535 3251 2669 3307 erat,
2700 3250 2758 3297 ut
2785 3241 2835 3296 in
2866 3241 3187 3312 colloquium
3217 3252 3549 3312 provocaret,
3589 3252 3642 3297 et

2059 3331 2292 3388 disceret
2327 3331 2378 3387 id
2416 3333 2559 3403 quod
2603 3341 2737 3387 erat.
2768 3331 2954 3388 Mulier
2987 3333 3128 3388 enim
3158 3341 3340 3404 postea
3370 3332 3640 3389 conlidens

2059 3423 2207 3493 quasi
2237 3423 2496 3478 benevole
2521 3437 2645 3494 erga
2670 3437 2729 3478 se
2756 3422 2974 3478 affectus
2998 3434 3160 3489 esset,
3213 3432 3379 3478 totum
3417 3423 3641 3479 manda-

2061 3523 2171 3568 tum
2216 3512 2452 3580 detexit,
2510 3514 2894 3585 diligenterque
2938 3515 3210 3569 recensuit
3233 3513 3432 3580 omnia,
3475 3526 3530 3570 et
3557 3529 3644 3571 re-

2057 3617 2257 3674 sponso
2290 3620 2388 3660 suo
2425 3619 2640 3660 omnem
2676 3604 2990 3676 sibimetipsi
3015 3605 3376 3661 defensionem
3403 3606 3640 3663 abstulit.

2059 3695 2198 3763 Quid
2227 3696 2369 3752 enim
2399 3705 2549 3767 potes
2571 3696 2772 3764 dicere,
2803 3712 2837 3752 ο
2863 3697 3092 3752 mulier?
3133 3696 3277 3752 Dixit
3320 3697 3456 3752 Deus
3487 3700 3528 3764 ⁸,
3561 3698 3644 3753 Ne

2059 3788 2334 3843 comedetis
2363 3789 2427 3842 de
2452 3789 2589 3843 omni
2609 3789 2746 3860 ligno
2769 3789 2903 3860 quod
2932 3798 3003 3842 est
3036 3789 3088 3842 in
3114 3789 3371 3859 paradiso.
3421 3788 3644 3860 Oporte-

2060 3877 2153 3933 bat
2195 3887 2248 3933 te
2285 3879 2519 3933 aversari
2567 3893 2711 3944 eum,
2739 3879 2829 3949 qui
2875 3878 3084 3934 diversa
3115 3893 3144 3932 a
3177 3879 3286 3934 Deo
3311 3879 3538 3944 dixerat,
3589 3889 3644 3936 et

2061 3969 2242 4026 dicere
2294 3987 2310 4023 :
2357 3973 2556 4041 Apage,
2601 3969 2862 4040 impostor
2886 3986 2946 4027 es
2975 3979 3051 4035 tu,
3097 3972 3271 4027 nescis
3297 3987 3467 4042 neque
3491 3987 3642 4027 man-

2061 4062 2172 4120 dati
2211 4062 2367 4119 nobis
2411 4062 2521 4118 dati
2568 4063 2896 4133 potentiam,
2954 4078 3127 4134 neque
3157 4063 3369 4134 quantis
3397 4063 3642 4132 fruimur,

2063 4168 2239 4226 neque
2262 4153 2468 4224 copiam
2495 4168 2683 4209 eorum
2726 4168 2846 4223 qua:
2874 4153 3028 4209 nobis
3065 4154 3488 4224 suppeditantur.
3510 4154 3644 4210 Nam

2064 4253 2122 4301 tu
2158 4244 2369 4316 quidem
2411 4245 2490 4300 ais
2517 4245 2683 4301 Deum
2713 4243 2929 4312 dixisse,
2979 4245 3183 4300 nullum
3223 4259 3322 4301 nos
3364 4245 3644 4317 degustare

2062 4335 2260 4393 debere
2294 4337 2534 4407 lignum;
2583 4335 2837 4390 Dominus
2874 4344 3050 4391 autem
3080 4347 3135 4392 et
3161 4336 3418 4392 Conditor
3440 4336 3515 4392 ob
3538 4336 3644 4391 im-

2061 4445 2302 4486 mensam
2329 4444 2480 4485 suam
2507 4428 2798 4484 bonitatem
2826 4427 2980 4484 nobis
3001 4428 3242 4498 permisit
3263 4429 3389 4495 frui,
3408 4438 3468 4485 et
3491 4438 3644 4499 pote-

2063 4530 2254 4579 statem
2303 4521 2502 4577 habere
2541 4521 2815 4587 omnium;
2855 4521 2924 4576 ab
2969 4536 3078 4575 uno
3127 4529 3331 4575 tantum
3370 4521 3645 4576 abstinere

2058 4614 2237 4685 jussit,
2291 4613 2450 4684 idque
2501 4613 2654 4668 nobis
2700 4612 3006 4679 consulens,
3053 4620 3112 4666 ut
3154 4628 3220 4665 ne
3257 4620 3469 4682 gustato
3519 4611 3640 4676 illo,

2062 4718 2238 4763 morte
2263 4705 2720 4762 occumberemus.
2761 4705 3073 4776 Oportebat,
3105 4707 3150 4761 si
3179 4705 3390 4775 quidem
3411 4704 3644 4776 prudens

2064 4800 2268 4865 fuisset,
2317 4799 2400 4854 his
2441 4799 2595 4854 dictis
2634 4799 2781 4853 illum
2819 4798 3040 4852 oumino
3079 4797 3350 4862 aversari,
3405 4797 3644 4867 nihilque

2065 4892 2201 4947 ultra
2244 4891 2317 4946 illi
2363 4889 2536 4960 loqui,
2578 4902 2751 4959 neque
2772 4887 2958 4943 audire
2993 4886 3304 4959 loquentem
3337 4903 3351 4940 :
3384 4887 3480 4942 sed
3517 4888 3640 4950 ista,

2065 4985 2304 5041 revelato
2347 4990 2646 5052 pra-cepto.
2695 4988 2751 5036 et
2801 4981 3031 5035 narratis
3083 4981 3178 5036 Dei
3223 4981 3437 5047 verbis,
3495 4978 3641 5034 aliud

2061 5075 2326 5131 letiferum
2370 5082 2425 5128 et
2475 5072 2830 5142 perniciosum
2867 5071 3148 5127 consilium
3190 5071 3263 5126 ab
3303 5071 3395 5126 illo
3431 5070 3640 5140 accipit.

2065 5168 2193 5224 Nam
2219 5175 2504 5238 postquam
2530 5164 2880 5221 dixittmulier
2927 5181 2941 5218 :
2989 5161 3069 5217 De
3096 5165 3232 5217 omni
3258 5163 3396 5235 ligno
3421 5163 3644 5234 paradisi

2062 5261 2278 5326 adiutus,
2317 5259 2381 5313 de
2422 5262 2590 5330 [ructu
2621 5267 2790 5311 autent
2829 5255 2958 5326 ligni
2997 5254 3132 5323 quod
3169 5263 3240 5309 est
3270 5253 3324 5308 in
3364 5253 3527 5308 medio
3552 5269 3644 5324 pe-

2063 5356 2242 5420 radisi,
2293 5354 2423 5410 dixit
2470 5351 2633 5420 Deus,
2678 5367 2740 5405 ne
2768 5349 3046 5407 comedetis
3081 5365 3146 5402 ex
3178 5347 3292 5412 illo,
3333 5363 3492 5420 neque
3521 5347 3644 5400 atti-

2061 5450 2234 5522 geritis
2258 5449 2444 5516 ipsum,
2496 5462 2557 5500 ne
2583 5443 2868 5499 moriemini
2889 5460 2909 5510 ;
2945 5441 3136 5497 iterum
3177 5441 3438 5512 malignus
3457 5439 3640 5495 salutis

2126 5647 2143 5678 ¹
2168 5645 2317 5696 Savil.
2339 5641 2804 5714 additiamargine,
2831 5655 2981 5706 quare
3011 5640 3076 5706 (τί
3099 5640 3213 5704 ὅτι),
3235 5639 3636 5691 sententiamoue

2067 5705 2422 5772 interrogative
2447 5705 2727 5766 distinguit.
