4122 6204
423 347 521 402 12‘)

422 468 619 514 nostra:
661 454 908 511 inimicus
962 447 1288 507 contrarium
1342 446 1451 500 Deo
1499 443 1780 498 consilium
1833 438 2005 495 aﬂert.

421 553 629 622 Unippc
667 564 789 605 cum
831 544 1088 615 benignus
1135 542 1271 595 Deus
1301 538 1371 592 ob
1419 550 1663 606 magnam
1708 533 1873 588 nostri
1917 546 2013 586 cu-

426 658 536 697 ram
589 640 657 695 de
699 638 842 708 ligno
874 648 1088 690 sumere
1116 629 1467 702 prohibuerit,
1515 635 1665 681 utne
1693 639 1788 694 per
1825 622 2013 678 inobe-

422 734 675 791 dientiam
719 727 975 785 mortales
1006 725 1257 781 lieremus
1305 739 1320 776 :
1374 721 1465 776 Ille
1499 719 1629 774 dicit
1669 716 1879 773 mulieri
1912 732 1927 770 :
1955 719 2009 772 4.

425 826 547 880 Non
591 833 751 877 morte
784 815 1087 873 moriemini.
1136 813 1288 883 Quali
1334 811 1488 866 venia
1532 809 1834 881 dignabitur
1876 808 2015 863 ullus

425 916 723 979 mulierem,
761 908 904 982 quod
931 907 1151 964 omnino
1174 919 1333 960 aures
1371 902 1638 971 aperuerit
1666 911 1771 955 tam
1795 898 2014 954 audacia

426 1003 659 1060 dicenti?
728 1001 860 1057 Nam
924 1014 1046 1055 cum
1096 998 1237 1052 Deus
1297 994 1513 1059 dixerit,
1569 992 1647 1048 Ne
1699 989 2009 1055 comedetis,

428 1109 484 1153 ut
537 1112 605 1151 ne
638 1091 942 1149 moriemini
972 1108 984 1144 :
1016 1090 1105 1145 ille
1145 1087 1335 1158 inquit,
1372 1085 1491 1139 Non
1516 1092 1677 1138 morte
1712 1081 2011 1135 moriemini.

429 1187 558 1243 Dein
604 1201 711 1240 non
750 1193 1035 1239 contentus
1072 1178 1338 1235 contraria
1370 1176 1526 1231 dictis
1568 1175 1663 1229 Dei
1709 1173 2012 1244 protulisse,

426 1279 634 1332 incusat
685 1291 808 1331 eum
866 1274 1027 1327 etiam
1074 1282 1131 1325 ut
1179 1266 1732 1336 invidumOpiliccm,
1784 1280 1891 1335 quo
1937 1264 2016 1319 sic

427 1370 668 1425 fraudem
716 1367 969 1422 inducere
1017 1371 1230 1434 posset,
1299 1370 1354 1416 et
1412 1359 1746 1429 supplantata
1793 1356 2013 1411 muliere

428 1460 758 1530 propositum
807 1473 963 1513 suum
1005 1456 1268 1525 impleret.
1332 1451 1454 1506 Non
1511 1460 1669 1505 morte
1711 1447 2013 1503 moriemini.

427 1554 482 1609 5.
526 1553 726 1608 Sciebat
766 1550 899 1605 enim
932 1549 1091 1615 Deus,
1134 1547 1268 1616 quod
1305 1558 1620 1616 quocumque
1643 1542 1724 1595 die
1749 1538 2016 1594 comedetis

428 1663 492 1702 ex
509 1661 590 1711 eo,
617 1642 910 1714 aperientur
937 1641 1072 1694 oculi
1099 1637 1267 1703 vestri,
1297 1647 1344 1690 et
1370 1635 1512 1690 eritis
1537 1634 1663 1688 sicut
1689 1631 1782 1695 dii,
1810 1629 2019 1684 scientes

433 1742 611 1791 bonum
650 1747 697 1788 et
736 1732 946 1787 malum.
984 1731 1122 1785 Ecce
1168 1738 1330 1783 totam
1372 1739 1551 1782 eseam
1585 1742 1597 1777 :
1627 1723 1845 1777 calicem
1875 1719 2017 1775 enim

435 1828 732 1899 pernicioso
761 1840 970 1880 veneno
1001 1823 1215 1894 plenum
1248 1819 1460 1875 mulieri
1507 1816 1691 1882 dedit,
1738 1831 1856 1886 qua:
1901 1814 2017 1869 leti—

434 1926 599 1977 l'erum
624 1900 727 1976 hoc
754 1933 874 1976 esse
897 1918 1077 1973 videre
1106 1916 1294 1971 nolens
1328 1931 1341 1967 :
1376 1921 1581 1983 poterat
1611 1910 1753 1966 enim
1774 1950 1789 1976 ,
1839 1908 1884 1963 si
1928 1922 2021 1961 vo-

435 2013 640 2076 luisset,
679 2011 747 2066 ab
772 2009 922 2064 initio
953 2008 1053 2063 hoc
1076 2007 1251 2069 scire;
1294 2005 1387 2060 sed
1433 2013 1485 2059 ut
1532 2002 1734 2057 audivit
1775 2001 1843 2056 ab
1892 2000 2014 2066 illo,

436 2102 578 2173 quod
620 2101 740 2157 ideo
766 2115 914 2155 csum
940 2099 1081 2155 hunc
1105 2097 1469 2169 prohibuisset
1493 2095 1652 2159 Deus,
1696 2093 1818 2160 quia
1859 2092 2022 2147 sciret

436 2193 621 2248 oculos
659 2192 896 2262 ipsorum
921 2189 1256 2259 aperiendus,
1287 2200 1488 2256 eosque
1526 2185 1664 2240 sicut
1698 2183 1837 2262 deos
1872 2182 2019 2251 lore,

436 2284 669 2337 scientes
709 2282 904 2336 bonum
933 2290 987 2336 et
1014 2274 1215 2335 malum
1242 2296 1255 2332 :
1288 2276 1567 2348 :rquandte
1589 2274 1880 2329 divinitatis
1926 2288 2023 2343 spe

438 2372 639 2439 inﬂata,
687 2387 875 2443 magna
925 2371 1168 2443 quadam
1216 2385 1398 2426 secum
1456 2367 1809 2438 concipiebat.
1863 2364 2023 2421 Tales

436 2465 578 2519 enim
626 2472 751 2518 sunt
792 2462 1213 2519 machinationes
1258 2460 1493 2526 inimici,
1548 2467 1607 2514 ut
1658 2456 1872 2527 quando
1930 2470 2024 2527 per

437 2554 806 2625 deceptionem
854 2554 907 2608 in
953 2552 1182 2608 sublime
1229 2550 1575 2615 subduxerit,
1608 2547 1820 2604 tandem
1864 2556 1919 2602 et
1971 2548 2022 2602 in

440 2643 757 2714 profundum
785 2658 882 2714 per
911 2656 1150 2712 prteceps
1178 2641 1411 2711 dejiciat.
1462 2639 1625 2709 igitur
1667 2646 1728 2694 ut.
1763 2640 2023 2708 aequalem

437 2750 498 2790 se
522 2734 636 2791 fore
682 2735 793 2790 Deo
831 2733 1114 2805 imaginata
1162 2741 1267 2808 est,
1310 2732 1377 2786 ad
1405 2747 1554 2788 esum
1599 2729 1926 2801 properavit,
1969 2738 2025 2784 et

438 2827 562 2882 illuc
608 2838 793 2898 postea
834 2826 953 2880 ﬁxit
997 2833 1054 2881 et
1092 2825 1471 2896 cogitationem
1513 2832 1569 2879 et
1608 2832 1840 2880 mentem
1900 2839 1914 2878 :
1969 2831 2025 2878 et

437 2919 567 2974 nihil
614 2919 756 2974 aliud
796 2918 1167 2987 considerabat
1221 2933 1380 2985 quam
1433 2927 1489 2971 ut
1532 2916 1751 2972 calicem
1794 2931 1825 2971 a
1867 2916 2024 2970 mali-

436 3026 545 3080 gno
565 3011 808 3067 daemone
834 3016 1186 3080 temperatum
1226 3017 1486 3080 epotaret.
1512 3006 1644 3062 Nam
1686 3005 1829 3079 quod
1868 3021 2022 3063 acce-

438 3113 530 3173 pto
565 3103 869 3175 pernicioso
904 3104 997 3158 illo
1043 3102 1342 3173 serpentini
1387 3101 1596 3159 consilii
1639 3115 1864 3167 veneno,
1919 3099 2026 3155 tale

438 3196 536 3261 ipsi
566 3195 800 3252 studium
830 3194 1010 3261 fuerit,
1072 3194 1196 3252 audi
1234 3193 1565 3266 Scripturam
1613 3191 1876 3248 dicentem
1908 3206 1922 3245 :
1966 3189 2023 3245 6.

439 3285 507 3340 Et
530 3287 651 3340 vidit
676 3286 857 3340 mulier
877 3286 1013 3356 quod
1031 3285 1219 3341 bonum
1242 3294 1368 3340 esset
1386 3285 1582 3356 lignum
1610 3282 1678 3336 ad
1704 3280 2023 3346 vescendum,

438 3385 482 3429 et
510 3386 711 3447 gratum
737 3374 898 3429 oculis
922 3374 991 3427 ad
1010 3373 1298 3441 uidendum,
1322 3376 1696 3445 {rimosumque
1717 3369 1785 3424 ad
1806 3379 2031 3425 conteru-

440 3468 685 3536 plandum
714 3482 732 3522 :
758 3477 803 3521 et
829 3466 1019 3536 accepit
1045 3469 1109 3521 de
1134 3470 1304 3537 fructu
1351 3466 1492 3520 illius
1529 3475 1576 3518 et
1625 3463 1860 3519 comedit.
1884 3461 2026 3519 Vere

440 3555 780 3625 Corrumpunt
812 3555 968 3610 bonos
997 3572 1159 3609 mores
1200 3556 1454 3624 colloquia
1492 3570 1646 3623 praua
1677 3553 1754 3624 (l.
1783 3552 1905 3608 Cor.
1936 3554 2024 3608 l5.

443 3647 558 3717 35).
598 3647 776 3714 Quare
802 3647 945 3702 enim
981 3661 1086 3701 non
1113 3656 1240 3701 ante
1269 3646 1592 3701 diabolicum
1638 3644 1922 3700 consilium
1950 3645 2024 3700 illi

442 3738 551 3794 tale
592 3737 720 3809 quid
772 3738 824 3793 in
874 3747 1106 3794 mentem
1149 3738 1315 3803 venit,
1365 3751 1466 3792 nec
1491 3737 1691 3808 lignum
1723 3736 1824 3796 hoc
1853 3738 2028 3793 consi-

441 3829 668 3897 deravit,
697 3844 797 3885 nec
823 3829 940 3901 ejus
963 3828 1410 3901 pulchritudinem
1442 3828 1613 3885 vidit?
1647 3828 1779 3899 Quia
1811 3828 2029 3887 timebat

443 3921 751 3976 mandatum
795 3921 927 3988 Dei,
979 3931 1032 3978 et
1077 3920 1526 3994 su‘bsequuturum
1570 3936 1635 3977 ex
1681 3938 1775 3977 csu
1822 3921 2025 3994 suppli-

444 4013 583 4068 cium
608 4028 782 4069 :nunc
807 4021 983 4069 autem
1014 4022 1290 4084 postquam
1319 4029 1350 4068 a
1379 4013 1515 4068 mala
1547 4012 1646 4069 hac
1675 4013 1843 4070 bestia
1868 4013 2027 4069 dece-

444 4113 531 4175 pta
565 4113 667 4172 est,
713 4105 782 4160 ita
810 4114 866 4159 ut
893 4104 1139 4160 crederet
1178 4120 1284 4160 non
1334 4104 1508 4159 solum
1539 4104 1669 4160 nihil
1695 4104 1878 4160 damni
1904 4103 2029 4159 hinc

444 4209 711 4267 passuros,
735 4195 830 4251 sed
856 4204 910 4251 ct
938 4196 1047 4252 Deo
1074 4196 1310 4265 :cquales
1336 4210 1458 4277 esse
1483 4195 1707 4263 futuros,
1729 4204 1855 4251 tunc
1881 4195 2024 4250 illam

442 4301 563 4357 spes
584 4286 952 4356 promissionis
979 4286 1044 4341 ad
1072 4286 1391 4342 sumendum
1412 4288 1587 4343 cibum
1614 4286 1824 4357 impulit
1868 4305 1882 4341 :
1929 4302 2026 4343 ne-

442 4392 543 4447 que
571 4380 709 4432 intra
732 4390 859 4431 suos
879 4376 1076 4431 limites
1115 4387 1389 4442 contenta,
1436 4377 1529 4431 sed
1557 4376 1774 4432 inimico
1806 4386 1859 4432 et
1884 4376 2026 4433 hosti

441 4467 628 4523 salutis
680 4476 877 4522 nostra:
908 4467 1162 4537 majorem
1193 4467 1351 4522 tidem
1379 4466 1601 4532 habens,
1646 4483 1804 4539 quam
1848 4468 2026 4525 verbis

445 4563 577 4620 Dei:
608 4566 935 4637 experientia
973 4581 1069 4621 sua
1113 4582 1218 4621 non
1262 4566 1432 4622 multo
1462 4576 1579 4637 post
1602 4565 1788 4621 didicit
1814 4566 2026 4621 consilii

444 4656 752 4725 perniciem,
790 4668 847 4714 et
883 4667 1079 4728 quanta
1109 4657 1384 4712 calamitas
1444 4659 1587 4727 ipsos
1625 4658 2024 4729 deprchensura

441 4755 602 4802 esset.
645 4747 776 4803 Nam
802 4747 869 4804 Ut
897 4750 1039 4811 vidit,
1070 4747 1260 4819 inquit,
1292 4747 1427 4819 quod
1461 4747 1654 4819 lignum
1689 4757 1811 4803 esset
1840 4748 2025 4802 bonum

440 4836 509 4889 ad
548 4839 864 4903 vescendum,
902 4848 949 4894 et
983 4839 1125 4908 quod
1147 4839 1305 4893 oculis
1332 4848 1534 4910 gratum
1553 4838 1621 4892 ad
1645 4839 1938 4903 videndum,
1980 4849 2025 4892 et

445 4925 721 4991 formosum
745 4931 815 4984 ad
856 4930 1322 5001 contemplandum,
1361 4930 1610 5002 cogitavit
1647 4945 1852 4995 secum,
1890 4929 2025 4984 forte

440 5034 506 5075 ex
543 5020 739 5077 diaboli
767 5021 1104 5093 deceptione,
1137 5038 1297 5094 quam
1327 5038 1423 5093 per
1441 5034 1743 5094 serpentem
1770 5023 1858 5078 ille
1896 5023 2024 5078 all'c-

443 5110 594 5165 rebat
638 5129 652 5167 :
684 5111 742 5168 Si
776 5123 831 5169 et
868 5114 936 5169 ad
966 5115 1289 5170 vescendum
1318 5114 1515 5169 bonum
1540 5124 1623 5171 est
1648 5115 1870 5186 lignum,
1900 5123 1954 5170 et
1979 5115 2023 5169 si

443 5208 643 5257 tantum
664 5204 848 5260 oculos
876 5205 1145 5262 oblectare
1166 5214 1364 5277 potest,
1389 5214 1446 5262 et
1473 5204 1865 5277 pulchritudine
1892 5221 2027 5277 pra:-

444 5290 610 5346 tlitum
645 5304 727 5349 est
769 5294 1044 5363 inell‘abili,
1084 5298 1128 5352 si
1170 5296 1332 5354 etiam
1356 5296 1473 5367 ejus
1497 5296 1732 5367 sumptio
1757 5310 2023 5352 summum

443 5381 598 5438 nobis
647 5384 907 5454 prtebebit
956 5386 1252 5452 honorem,
1314 5396 1369 5443 ct
1428 5385 1739 5443 habebimus
1781 5386 2026 5444 eamdem

440 5486 603 5543 quam
644 5474 904 5532 Conditor
945 5475 1282 5548 dignitatem,
1327 5489 1492 5549 quare
1536 5492 1644 5534 non
1688 5493 2028 5535 sumeremus

442 5564 509 5619 tle
528 5564 634 5619 eo?

509 5658 563 5711 ι.
606 5656 797 5717 Vidisti
821 5658 1095 5726 quomodo
1127 5659 1270 5716 illam
1295 5659 1539 5717 diabolus
1562 5661 1827 5732 captivam
1855 5659 2023 5726 duxit,

450 5761 503 5807 et
539 5752 725 5810 allcxit
757 5752 1093 5809 ratiocinium
1140 5752 1291 5823 ejus,
1343 5752 1571 5828 fecitque
1613 5765 1671 5812 ut
1707 5770 1827 5827 qua:
1863 5771 2022 5830 supra

1525 330 1587 388 ΙΝ
1627 325 1859 386 CAPJI.
1903 323 2154 383 GENBS.
2193 323 2422 381 IIOMIL.
2467 323 2607 379 XVI.

3607 321 3720 374 ίῗιῠι

2124 452 2276 493 suam
2324 436 2635 506 dignitatem
2685 445 2838 492 erant
2882 449 3071 506 sapere
3120 433 3360 500 auderet,
3389 450 3491 505 qut.
3522 433 3701 489 inﬂata

2119 542 2216 596 spe
2252 541 2410 594 vana,
2466 526 2536 582 ab
2577 526 2662 581 his
2705 540 2920 596 quoque
2960 541 3082 596 quas
3129 525 3229 595 ipsi
3259 539 3515 581 concessa
3551 538 3717 579 erant

2119 615 2438 674 excideret?
2466 615 2532 672 Et
2558 616 2751 687 accepit
2776 616 2841 671 de
2872 619 3039 687 [ructu
3072 617 3229 684 illius,
3266 627 3313 671 et
3354 617 3574 671 comedit
3603 632 3623 669 :
3658 632 3709 670 et

2118 706 2258 763 dedit
2293 708 2448 762 etiam
2478 707 2586 762 viro
2621 724 2733 772 suo,
2764 717 2812 762 et
2839 707 3157 762 comederunt
3186 723 3205 762 :
3232 708 3286 764 7.
3313 718 3361 762 et
3387 708 3553 778 aperti
3588 720 3713 762 sunt

2119 799 2253 855 oculi
2291 799 2517 864 illorum,
2564 811 2612 854 et
2650 807 2987 872 cognoverunt
3011 799 3147 870 quod
3184 801 3308 855 nudi
3336 812 3515 857 essent.
3566 802 3705 870 Quid

2119 891 2325 958 iecisti,
2365 907 2399 947 ο
2436 891 2667 947 mulier?
2718 892 2831 946 Non
2880 892 3051 946 solum
3097 891 3393 961 pernicioso
3435 904 3661 963 accepto
3676 894 3703 934 -¹

2118 984 2345 1040 consilio
2372 984 2546 1055 legem
2580 1000 2609 1038 a
2651 985 2760 1039 Deo
2785 984 2962 1039 datam
2986 982 3332 1045 conculcasti,
3392 992 3447 1037 et
3484 983 3719 1038 inunda-

2121 1084 2230 1129 tum
2271 1076 2667 1146 contempsisti,
2721 1086 2776 1131 et
2807 1076 2860 1129 in
2899 1084 3098 1129 tantam
3125 1074 3313 1130 venisti
3348 1074 3704 1144 intemperan-

2086 1165 2268 1231 tiam,
2311 1175 2372 1220 ut
2414 1182 2520 1220 non
2563 1176 2813 1222 contenta
2859 1174 2938 1221 tot
2986 1175 3362 1235 tantorumque
3409 1165 3701 1226 lruitione.

2119 1257 2279 1312 etiam
2327 1258 2543 1313 unicum
2588 1259 2691 1313 hoc
2732 1258 2933 1328 lignum
2959 1297 2975 1323 ,
3023 1256 3093 1313 dc
3131 1272 3241 1327 quo
3279 1272 3348 1311 ne
3393 1258 3719 1312 comederes»

2120 1359 2450 1421 przccepemt
2479 1350 2755 1417 Dominus,
2794 1364 2924 1405 ausa
2949 1349 3025 1404 sis
3051 1364 3284 1411 sumere,
3323 1358 3377 1405 ct
3403 1349 3505 1404 lide
3534 1348 3717 1404 habita

2121 1440 2187 1496 iis
2221 1457 2339 1511 quae
2368 1456 2398 1496 a
2428 1452 2681 1511 serpente
2708 1440 2848 1496 dicta
2875 1449 3001 1496 sunt
3020 1479 3038 1507 ,
3089 1438 3299 1495 ﬁdelius
3340 1440 3535 1510 putasti
3568 1439 3715 1495 illius

2121 1533 2422 1600 consilium,
2455 1548 2612 1604 quam
2650 1532 2957 1588 mandatum
3004 1547 3034 1586 a
3078 1531 3369 1587 Conditore
3404 1533 3608 1599 datum,
3658 1540 3717 1588 et

2122 1624 2178 1679 in
2217 1632 2420 1679 tantum
2481 1618 2701 1694 decepta
2745 1639 2804 1680 es
2828 1666 2843 1689 ,
2902 1634 2959 1679 ut
3005 1639 3074 1680 ne
3114 1623 3266 1679 venia
3295 1622 3510 1695 quidem
3552 1623 3710 1695 digna

2124 1714 2245 1770 sis?
2340 1714 2475 1769 Num
2538 1715 2681 1771 enim
2742 1715 2980 1784 ejusdem
3032 1725 3235 1770 naturze
3295 1726 3410 1771 erat
3464 1716 3551 1784 qui
3613 1716 3723 1773 hoc

2123 1805 2474 1861 consulebat?
2530 1807 2606 1861 Ex
2652 1806 2881 1861 subditis
2909 1817 2963 1862 et
2989 1808 3182 1872 servis,
3229 1817 3284 1861 ct
3318 1808 3421 1863 sub
3448 1817 3534 1862 tua
3565 1817 3716 1879 pote-

2123 1906 2261 1953 state
2315 1907 2450 1954 erat.
2496 1899 2673 1967 Quare
2716 1900 2793 1953 sic
2842 1900 3066 1968 teipsam
3115 1899 3345 1971 fmdasti,
3376 1910 3431 1954 et
3458 1902 3547 1955 illo
3583 1900 3719 1956 reli-

2123 2000 2233 2054 cto,
2268 1999 2484 2059 propter
2515 2005 2673 2061 quem
2714 1989 2942 2045 formata
2994 2005 3089 2055 es,
3143 1990 3208 2045 ad
3260 1990 3414 2061 cujus
3459 1992 3713 2045 auxilium

2126 2079 2381 2148 produCIa
2449 2093 2548 2145 es,
2615 2079 2769 2149 cujus
2830 2079 3144 2149 dignitatum
3201 2095 3261 2134 cs
3308 2080 3610 2150 particeps,
3660 2092 3720 2135 et

2126 2186 2248 2226 cum
2301 2185 2407 2241 quo
2446 2171 2686 2241 ejusdem
2719 2186 2778 2226 es
2814 2171 3125 2227 substantia:
3170 2181 3224 2226 et
3257 2172 3423 2237 vocis,
3473 2171 3524 2241 in
3565 2172 3719 2225 raini-

2127 2261 2407 2318 liaritatem
2438 2261 2706 2332 serpentis
2746 2263 2931 2318 venire
2976 2261 3296 2328 sustinuisn,
3349 2270 3406 2315 ut
3445 2276 3474 2314 a
3506 2261 3718 2315 diabolo

2126 2368 2222 2424 per
2241 2353 2381 2409 hanc
2404 2352 2630 2409 bestiam
2656 2354 2929 2424 acciperes
2967 2354 3249 2419 consilium
3275 2354 3557 2410 manifeste
3586 2369 3719 2410 cono

2128 2446 2347 2503 trarium
2388 2446 2453 2501 iis
2498 2461 2619 2516 qua:
2679 2461 2709 2500 a
2763 2445 2875 2500 Deo
2916 2454 3045 2501 sunt
3082 2445 3323 2516 injuncta
3356 2463 3370 2501 :
3400 2461 3574 2517 neque
3641 2447 3720 2503 sic

2127 2546 2367 2593 aversata
2402 2552 2477 2593 es
2518 2537 2705 2606 illum,
2761 2536 2857 2592 sed
2903 2551 3000 2608 spe
3045 2536 3436 2608 promissionis,
3487 2537 3557 2593 de
3597 2530 3720 2594 cibo

2128 2631 2221 2687 illo
2248 2645 2463 2686 sumere
2492 2643 2618 2685 ausa
2649 2630 2743 2685 es?
2774 2630 2904 2685 Esto
2935 2630 3128 2701 igitur;
3177 2630 3400 2699 teipsam
3440 2630 3492 2685 in
3517 2639 3719 2685 tantum

2129 2722 2480 2794 prmcipitium
2520 2721 2812 2792 deputet-is,
2853 2730 2910 2778 et
2937 2722 3141 2776 honore
3181 2721 3416 2777 maximo
3472 2722 3725 2792 privave-r

2129 2814 2206 2870 ris
2251 2829 2266 2869 :
2338 2828 2503 2883 quare
2539 2820 2597 2867 et
2636 2812 2807 2867 virum
2858 2821 3024 2867 tantae
3075 2810 3244 2866 ruina:
3290 2812 3496 2866 socium
3540 2810 3717 2866 lacis:

2130 2915 2187 2964 et
2228 2907 2386 2977 cujus
2434 2915 2489 2962 te
2516 2905 2831 2976 adjutricem
2874 2918 2995 2960 esse
3038 2902 3345 2974 Oportebat,
3391 2904 3535 2959 illius
3585 2903 3733 2959 facta.

2129 3015 2189 3057 es
2213 2999 2529 3065 insidiatrix,
2575 3007 2630 3053 ct
2663 2997 2731 3053 ob
2772 2996 3049 3051 minimum
3086 2995 3194 3052 cibi
3224 2995 3373 3052 illum
3401 3011 3614 3066 quoque
3646 3005 3725 3052 tc~

2129 3108 2251 3149 cum
2280 3107 2313 3148 a
2352 3090 2521 3163 gratia
2554 3090 2647 3146 Dei
2675 3088 2994 3146 abalienas?
3039 3088 3170 3156 Qua:
3209 3097 3264 3145 tc
3306 3088 3608 3162 prodigiosa
3638 3090 3722 3144 in-

2130 3184 2278 3240 sania
2301 3182 2354 3239 in
2380 3191 2577 3237 tantam
2600 3180 2874 3237 audaciam
2906 3180 3148 3236 induxit?
3178 3179 3293 3236 Non
3327 3181 3457 3236 satis
3486 3191 3601 3237 erat
3630 3181 3722 3235 tibi

2131 3274 2340 3330 beatam
2370 3272 2508 3329 hanc
2532 3272 2692 3327 vitam
2719 3286 2899 3342 agere,
2929 3279 2986 3327 et
3007 3284 3235 3341 corpore
3271 3270 3485 3341 quidem
3513 3271 3722 3336 vestiri,

2131 3381 2305 3438 neque
2328 3365 2624 3438 corporalis
2663 3365 2738 3420 rei
2768 3363 2992 3433 alicujus
3022 3364 3251 3433 indigam
3282 3364 3442 3420 esse?
3477 3364 3722 3420 omnibus

2133 3458 2187 3514 in
2240 3456 2486 3528 paradiso
2525 3454 2662 3519 frui,
2709 3464 2933 3525 excepto
2980 3455 3137 3509 unico
3164 3455 3265 3509 hoc
3291 3454 3720 3525 ligno?visibilia

2131 3550 2310 3606 omnia
2342 3547 2444 3603 sub
2468 3554 2645 3602 vestra
2674 3561 2793 3601 esse
2828 3554 3110 3617 potestate,
3157 3554 3211 3600 et
3247 3555 3299 3601 te
3336 3560 3457 3603 esse
3482 3548 3719 3604 omnium

2130 3646 2442 3703 dominam?
2484 3645 2588 3703 Sed
2619 3644 2772 3700 vanis
2801 3643 3022 3714 decepta
3075 3642 3554 3714 promissionibus,
3599 3659 3718 3715 spe-

2132 3738 2260 3794 rasti
2287 3737 2446 3792 etiam
2476 3736 2529 3791 in
2557 3750 2823 3792 summum
2854 3733 3135 3805 pervenire
3164 3732 3387 3788 honoris
3412 3732 3722 3805 fastigium?

2133 3831 2336 3889 Idcirco
2363 3830 2539 3887 disces
2566 3846 2625 3886 re
2654 3830 2788 3900 ipsa,
2808 3839 2861 3884 te
2888 3841 2993 3884 non
3023 3827 3193 3882 solum
3223 3825 3312 3881 illa
3345 3842 3451 3882 non
3472 3841 3727 3898 assequu.

2133 3933 2304 3979 turam
2351 3937 2493 3989 esse,
2538 3921 2634 3978 sed
2680 3930 2736 3977 et
2778 3919 3026 3975 omnibus
3058 3918 3168 3989 jam
3208 3933 3238 3973 a
3287 3917 3396 3973 Deo
3447 3918 3539 3974 tibi
3585 3917 3745 3974 datis

2133 4012 2440 4085 privandam
2470 4020 2525 4069 et
2552 4012 2798 4081 teipsam,
2849 4020 2905 4067 et
2941 4010 3114 4064 virum
3155 4026 3170 4063 :
3206 4018 3367 4079 atque
3411 4009 3463 4064 in
3520 4018 3721 4065 tantam

2133 4105 2500 4178 paenitentiam
2550 4103 2793 4169 venietis,
2836 4111 2894 4159 ut
2946 4112 3000 4158 et
3040 4116 3195 4157 serus
3221 4111 3400 4157 vester
3435 4102 3592 4158 dolor
3641 4103 3721 4159 fu-

2132 4208 2302 4266 turus,
2347 4209 2403 4255 et
2439 4200 2700 4269 malignus
2723 4196 2954 4258 daanon,
2985 4195 3075 4266 qui
3101 4195 3202 4250 hoc
3229 4192 3543 4249 damnosum
3571 4193 3722 4251 vobis

2130 4291 2412 4348 consilium
2428 4289 2694 4362 suggessit
2721 4289 2946 4356 risurus,
2968 4288 3227 4359 vobisque
3255 4286 3601 4343 insultaturus
3628 4287 3743 4354 sit,.

2132 4392 2315 4455 utpote
2353 4382 2676 4454 jacentibus,
2707 4391 2761 4439 et
2787 4381 2976 4438 eadem
3002 4397 3123 4453 quae
3151 4381 3264 4452 ipse
3290 4380 3479 4452 passis.
3508 4379 3729 4438 Etenim

2129 4476 2268 4531 sicut
2294 4475 2382 4529 ille
2404 4490 2563 4546 supra
2588 4489 2749 4545 quam
2790 4473 3013 4530 decebat
3044 4472 3114 4529 de
3148 4487 3208 4529 se
3249 4474 3508 4540 sentiens,
3537 4489 3567 4528 a
3596 4489 3721 4530 con-

2129 4580 2278 4624 cessa
2309 4566 2562 4638 dignitate
2587 4565 2922 4633 deturbatus,
2970 4574 3023 4620 et
3052 4580 3083 4619 e
3119 4564 3264 4619 caelis
3298 4563 3352 4619 in
3394 4574 3589 4619 terram
3618 4564 3719 4620 de-

2124 4657 2300 4728 jectus
2336 4667 2420 4713 est
2452 4675 2466 4712 :
2494 4655 2633 4711 istud
2660 4656 2835 4726 ipsum
2860 4663 2915 4711 et
2938 4669 3033 4709 vos
3064 4653 3258 4719 facere,
3288 4663 3340 4709 ct
3369 4669 3464 4724 per
3483 4654 3720 4709 mandati

2130 4748 2622 4819 prmvaricationem
2682 4746 2733 4800 in
2787 4744 2975 4799 mortis
3023 4744 3206 4798 venire
3254 4757 3469 4813 pmnam
3519 4744 3714 4809 voluit,

2131 4840 2202 4895 ita
2246 4855 2358 4895 sua:
2381 4838 2711 4894 satisfaciens
2731 4835 2941 4890 invidia:
2971 4851 2984 4887 :
3018 4834 3157 4888 sicut
3184 4841 3239 4888 ct
3262 4832 3476 4904 sapiens
3502 4834 3719 4904 quidam

2130 4930 2337 4986 dicebat
2364 4947 2378 4983 :
2409 4928 2614 4983 Invidia
2647 4935 2814 4981 autem
2854 4923 3065 4992 diaboli,
3113 4941 3247 4979 mors
3276 4925 3329 4979 in
3356 4924 3601 4979 mundum
3639 4926 3720 4980 in-

2131 5021 2277 5075 trauit
2318 5019 2475 5091 (Sep.
2502 5019 2559 5074 2.
2586 5017 2703 5086 ει).
2754 5016 2821 5071 Ει
2858 5016 3015 5084 dedit,
3046 5016 3237 5088 inquit,
3271 5008 3420 5071 etiam
3449 5017 3555 5071 viro
3583 5033 3675 5071 suo
3700 5037 3718 5085 ,-

2130 5123 2183 5168 et
2216 5112 2571 5176 comederunt,
2618 5120 2665 5165 et
2707 5110 2870 5180 aperti
2914 5120 3030 5164 sunt
3073 5109 3207 5163 oculi
3258 5109 3480 5164 illorum.
3532 5107 3717 5180 Magna

2129 5204 2289 5262 etiam
2338 5204 2435 5259 viri
2478 5203 2816 5275 negligentia.
2854 5200 2984 5257 Nam
3014 5201 3138 5257 licet
3165 5201 3253 5256 illa
3280 5199 3519 5272 ejusdem
3550 5216 3711 5273 gene-

2131 5299 2206 5355 ris
2236 5306 2401 5364 esset,
2446 5306 2501 5353 et
2541 5311 2694 5364 uxor,
2734 5306 2968 5351 attamen
3016 5292 3297 5364 oportebat
3344 5292 3515 5348 virum
3555 5292 3717 5363 pluris

2134 5393 2309 5451 facere
2354 5403 2673 5465 princeptum
2726 5390 2851 5457 Dei,
2905 5404 3065 5460 quam
3116 5386 3350 5443 illicitam
3395 5386 3532 5442 hanc
3577 5386 3721 5441 illius

2132 5485 2636 5556 concupiscentiam,
2681 5492 2737 5539 et
2784 5497 2889 5538 non
2937 5480 3050 5535 fieri
3094 5476 3549 5549 pnevartcattonis
3595 5486 3710 5549 par-

2134 5578 2367 5650 ticipem,
2395 5591 2567 5648 neque
2604 5575 2675 5631 ob
2696 5572 2947 5631 minimas
2972 5572 3266 5642 voluptates
3292 5571 3452 5627 tantis
3481 5570 3716 5642 seipsutn

2203 5762 2218 5793 ι
2255 5755 2398 5809 savii.
2420 5761 2474 5808 et
2495 5762 2621 5814 uss,
2641 5760 2679 5805 ο
2699 5752 2874 5807 mulier
2891 5751 2916 5806 .’
2936 5764 3084 5818 quare
3102 5750 3374 5818 pernicioso
3384 5757 3598 5814 accepto.
3621 5758 3718 5797 etc.
