4144 6200
383 262 478 317 ΠΙ
1086 253 1144 310 5.
1181 248 1458 308 JOANNIS
1488 240 1962 304 CIIRYSOSTOMI
2001 236 2320 297 ARCHIEP.
2361 232 2890 293 CONSTANTINOP.

384 373 592 443 privare
617 369 792 433 bOuis,
822 375 876 421 et
903 363 1176 420 offendere
1207 360 1623 424 benefactorem,
1665 357 1757 428 qui
1801 354 1950 411 illum

388 472 530 516 tanta
567 456 888 526 benigm'tate
917 455 934 485 ¹
964 454 1298 524 amplexatus
1337 459 1474 515 erat,
1513 450 1780 516 vitamque
1807 444 1959 499 dolo-

385 552 459 606 ris
497 559 551 606 et
589 548 784 604 laboris
827 547 1002 602 omnis
1043 555 1314 616 expertem
1364 548 1724 598 concesserat.
1771 539 1961 592 Annon

386 641 527 696 enim
568 639 765 693 licebat.
799 637 1048 692 omnibus
1094 636 1213 690 aliis
1260 649 1381 704 qua:
1417 633 1469 686 in
1511 630 1756 701 paradiso
1810 633 1965 682 erant

385 732 592 788 abunde
623 730 761 786 frui?
803 746 967 801 quare
1005 739 1113 784 tam
1149 729 1267 784 leve
1307 725 1612 782 mandatum
1657 735 1831 790 neque
1851 719 1966 789 ipse

387 823 596 878 voluisti
625 823 882 876 servare?
921 820 1027 876 Sed
1065 820 1202 874 forte
1238 817 1482 872 audivisti
1521 832 1551 869 a
1597 813 1817 868 muliere
1844 827 1966 882 pcr-

389 914 572 970 niciosi
619 914 824 970 consilii
867 912 1296 982 promissionem,
1342 919 1396 963 ct
1437 921 1532 977 spe
1559 906 1719 961 etiam
1745 904 1858 972 ipse
1888 902 1970 954 in-

389 1007 564 1071 flatus,
586 1005 688 1060 cibi
717 1003 894 1058 statim
927 1001 1190 1072 particeps
1215 999 1382 1054 factus
1409 1013 1487 1052 es.
1523 996 1722 1050 idcirco
1746 1002 1969 1061 uterque

390 1097 703 1166 supplicium
731 1095 886 1149 luetis
909 1133 923 1159 ,
957 1092 1270 1160 docebitque
1294 1104 1387 1143 vos
1408 1103 1586 1144 rerum
1605 1082 1929 1155 experientia
1950 1121 1966 1146 ,

391 1205 496 1243 non
539 1202 658 1243 esse
699 1185 803 1240 fide
840 1184 1048 1253 dignius
1091 1181 1306 1250 maligni
1351 1176 1611 1233 damonis
1655 1173 1966 1236 consilium,

391 1292 547 1346 quam
581 1277 669 1330 Dei
698 1283 1041 1344 praeceptum.
1089 1269 1156 1324 Et
1187 1270 1324 1325 dedit
1354 1269 1502 1322 etiam
1521 1267 1627 1320 viro
1647 1281 1772 1328 suo;
1810 1271 1856 1316 et
1880 1277 1968 1314 co-

390 1369 670 1431 mederunt,
701 1376 745 1419 et
772 1365 932 1434 aperti
961 1373 1076 1418 sunt
1106 1363 1238 1416 oculi
1260 1360 1542 1425 aniborum,
1570 1367 1616 1412 et
1639 1361 1970 1426 cognouerunt

391 1459 524 1528 quod
549 1457 672 1510 nudi
697 1465 876 1509 essent.

458 1549 512 1603 5.
552 1546 787 1613 Quaestio
807 1559 995 1613 magna
1023 1543 1175 1597 nobis
1205 1541 1327 1595 hinc
1358 1539 1591 1593 nascitur
1610 1578 1624 1600 ,
1652 1551 1712 1590 ea
1739 1533 1968 1598 scilicet,

392 1652 549 1706 quam
593 1651 761 1705 nuper
793 1632 1080 1704 pollicebar
1108 1631 1316 1685 caritati
1359 1637 1570 1682 vestrae.
1600 1625 1788 1679 Merito
1828 1624 1970 1678 enim

397 1730 514 1800 quis
545 1728 828 1798 rogaverit,
852 1740 1010 1795 quam
1038 1723 1287 1778 virtutem
1326 1719 1569 1774 habuerit
1606 1716 1708 1770 hoc
1734 1716 1932 1784 lignum
1953 1753 1970 1780 ,

395 1821 546 1889 cujus
575 1833 700 1874 esus
728 1818 936 1872 illorum
972 1816 1154 1871 oculos
1174 1813 1476 1882 aperuerit,
1503 1819 1559 1865 et
1589 1823 1752 1879 quare
1774 1808 1972 1876 lignum

396 1913 632 1968 scientiae
652 1910 776 1966 boni
793 1919 846 1965 et
866 1909 989 1962 mali
1010 1915 1246 1962 vocetur.
1271 1905 1340 1958 Et
1368 1904 1410 1958 si
1441 1903 1969 1972 placct,cxspectate,

396 2012 454 2056 nt
487 2016 649 2071 pauca
684 2001 842 2054 etiam
879 1997 948 2053 de
997 1997 1080 2052 his
1113 1995 1382 2051 disserens
1428 1993 1703 2046 caritatem
1744 1997 1973 2043 vestram

393 2094 634 2156 doceam,
654 2091 695 2144 si
723 2089 1044 2145 voluerimus
1064 2085 1374 2156 prudenter,
1393 2099 1511 2152 qua:
1543 2082 1596 2135 in
1619 2080 1800 2135 divina
1827 2078 1974 2133 Scri-

397 2192 549 2250 ptura
574 2181 840 2245 dicuntur,
876 2178 1190 2246 intelligere,
1220 2174 1348 2229 nihil
1378 2173 1640 2228 dictorum
1667 2169 1822 2224 nobis
1848 2167 1978 2223 diffi-

393 2275 497 2330 cile
540 2272 708 2328 visum
751 2271 836 2326 iri.
864 2270 1048 2339 Neque
1077 2268 1218 2322 enim
1262 2280 1386 2320 esus
1421 2280 1486 2318 ex
1516 2277 1581 2318 eo
1612 2262 1752 2330 ligno
1791 2259 1977 2314 oculos

395 2366 608 2422 illorum
653 2363 902 2433 aperuit:
939 2377 1060 2416 nam
1113 2369 1164 2415 et
1208 2367 1334 2413 ante
1374 2372 1522 2412 csum
1571 2354 1854 2418 videbant;
1881 2350 1977 2407 sed

393 2457 516 2527 quia
545 2470 668 2510 esus
693 2453 784 2509 ille
808 2451 1180 2507 inobedientiae
1211 2456 1327 2503 crat
1349 2453 1742 2517 argumentum,
1763 2451 1817 2498 et
1842 2456 1979 2513 pra:-

395 2545 649 2600 varicatio
692 2541 926 2614 mandati
967 2556 999 2596 a
1029 2541 1138 2595 Deo
1179 2537 1402 2592 traditi:
1436 2550 1594 2606 quam
1643 2534 1714 2588 ob
1757 2546 1976 2587 causam

395 2644 578 2706 postea
625 2634 808 2690 nudati
851 2641 973 2687 sunt
1019 2631 1218 2701 gloria,
1249 2645 1369 2700 quae
1413 2628 1534 2684 illus
1579 2623 1978 2691 circumdabat,

395 2729 518 2798 quia
565 2742 625 2782 se
667 2725 913 2796 indignos
962 2722 1056 2778 tali
1103 2721 1308 2779 honore
1361 2721 1594 2776 fecerant
1633 2737 1646 2774 :
1696 2727 1980 2789 propterea

399 2820 672 2888 Scriptura
713 2831 916 2872 morem
951 2830 1107 2870 suum
1150 2814 1475 2880 observans,
1503 2812 1710 2881 inquit:
1740 2809 1982 2864 Comede-

305 2905 308 2908 ’
399 2918 554 2974 runt,
577 2918 624 2963 et
649 2909 810 2979 aperti
851 2918 964 2963 sunt
987 2907 1122 2962 oculi
1141 2905 1346 2960 illorum
1367 2946 1382 2971 ,
1413 2914 1458 2959 et
1482 2913 1818 2975 cognoverunt
1845 2902 1981 2974 quod

399 3000 526 3055 nudi
544 3007 745 3064 essent;
771 2998 953 3054 nudati
980 3005 1200 3068 propter
1225 3005 1500 3067 peccatum
1527 3009 1770 3064 superna:
1799 2990 1983 3064 gratia:

399 3089 596 3144 amictu
615 3129 630 3154 ,
661 3087 931 3143 sensibilis
971 3103 1083 3143 suae
1110 3085 1362 3142 nuditatis
1386 3099 1602 3141 sensum
1627 3089 1984 3153 acceperunt,

402 3187 459 3232 ut
489 3193 582 3248 per
601 3177 1046 3241 erubescentiam,
1074 3191 1194 3246 qua:
1220 3174 1503 3230 invadebat
1527 3175 1690 3245 ipsos,
1713 3182 1862 3229 certo
1881 3171 1986 3227 sci-

404 3278 528 3327 rent
561 3271 614 3324 in
662 3277 913 3339 quantam
948 3268 1158 3322 ruinam
1203 3267 1348 3337 ipsos
1397 3265 1705 3321 adduxisset
1749 3263 1985 3319 mandati

403 3359 654 3414 dominici
699 3358 1085 3427 prievaricatio.
1129 3357 1229 3424 Qui
1285 3357 1428 3412 enim
1474 3366 1628 3412 antea
1674 3355 1987 3410 fruebantur

403 3457 547 3504 tanta
575 3448 788 3516 fiducia,
819 3456 872 3504 et
900 3462 1074 3517 neque
1100 3448 1202 3502 sibi
1230 3447 1431 3502 conscii
1476 3455 1630 3502 erant
1661 3461 1781 3502 sese
1814 3444 1986 3500 nudos

403 3555 561 3596 esse:
593 3554 692 3594 nec
739 3539 866 3594 nudi
912 3546 1084 3604 erant,
1113 3537 1539 3609 quandoquidem
1567 3553 1798 3608 superna
1841 3536 1986 3609 ipsos

400 3631 570 3701 gloria
614 3630 802 3701 quovis
854 3633 1174 3685 vestimento
1231 3629 1508 3684 honestius
1570 3631 1828 3701 tegebat:
1865 3637 1988 3700 post

401 3737 574 3785 esum,
602 3721 702 3775 hoc
729 3728 830 3786 est,
864 3729 984 3790 post
1009 3721 1505 3790 praevaricationem
1557 3729 1944 3790 praeceptorum
1965 3758 1982 3785 ,

405 3811 458 3864 in
487 3819 686 3864 tantam
716 3810 972 3864 vilitatem
1011 3809 1215 3866 redacti
1251 3818 1394 3874 sunt,
1423 3820 1481 3864 ut
1504 3809 1573 3865 ob
1597 3809 1986 3865 intolerabilem

410 3901 662 3970 pudorem
707 3909 909 3955 vestem
959 3909 1084 3956 tunc
1126 3908 1453 3971 quaarerent.
1502 3900 1708 3971 Quippe
1753 3900 1988 3955 mandati

411 3991 777 4061 praevaricatio
815 4000 872 4045 ut
913 3992 1256 4061 supervenit,
1287 3999 1488 4046 vestem
1529 3991 1672 4045 illam
1715 4006 1905 4046 novam
1935 3998 1990 4047 et

405 4083 794 4150 admirabilem,
822 4083 1007 4154 glorim
1032 4084 1246 4152 inquam
1268 4098 1328 4138 ac
1347 4098 1590 4153 supernae
1606 4082 1988 4138 benevolentia:

407 4190 511 4243 qua
540 4173 708 4229 induti
741 4183 895 4229 erant
917 4215 931 4240 ,
960 4175 1210 4239 abstulit,
1241 4184 1296 4229 et
1323 4175 1574 4229 nuditatis
1595 4190 1810 4230 sensum
1849 4190 1987 4245 prae-

409 4266 546 4332 buit,
574 4267 802 4336 illosque
831 4266 1030 4335 ingenti
1063 4265 1264 4335 pudore
1287 4265 1656 4321 circumdedit.
1685 4267 1739 4321 7.
1767 4264 1835 4319 Et
1862 4282 1988 4320 con-

407 4366 613 4408 suerunt
635 4355 760 4426 {alia
788 4355 936 4424 ﬁcus,
961 4365 1005 4409 et
1033 4358 1257 4427 fecerunt
1283 4356 1600 4427 sibimetipsis
1633 4357 1984 4412 succinctoria.

409 4444 665 4512 Obsecro,
689 4445 915 4512 dilecte,
946 4449 1140 4518 cogita,
1173 4449 1439 4518 quomodo
1466 4457 1516 4504 et
1544 4465 1574 4503 a
1611 4459 1808 4520 quanto
1842 4450 1991 4505 fasti-

410 4539 498 4607 gio
535 4537 586 4592 in
633 4538 954 4608 profundum
999 4541 1348 4611 praecipitium
1394 4541 1587 4612 dejecit
1630 4543 1753 4598 illos
1791 4544 1989 4600 diaboli

407 4631 706 4685 consilium.
727 4630 857 4686 Nam
887 4639 1032 4688 tanta
1075 4632 1240 4704 gloria
1267 4633 1462 4688 dudum
1488 4635 1820 4702 circumdati,
1849 4652 1990 4693 nunc

411 4723 533 4779 folia
563 4725 694 4780 licus
722 4735 1008 4792 consuunt,
1040 4736 1094 4781 et
1120 4727 1218 4783 sibi
1251 4730 1597 4784 succinctoria
1625 4730 1843 4786 faciunt.
1879 4733 1992 4790 lloc

405 4816 681 4872 diabolica:
711 4817 1038 4888 deceptionis
1082 4819 1284 4876 lucrum
1329 4831 1448 4876 est:
1480 4823 1583 4879 hoc
1631 4826 1837 4880 consilii
1873 4826 1988 4896 ejus

407 4906 751 4973 machinatio,
781 4916 838 4963 ut
865 4925 972 4965 non
1001 4911 1174 4966 solum
1199 4913 1400 4982 majora
1431 4929 1536 4970 non
1563 4916 1865 4984 conferret,
1895 4917 1990 4974 sed

405 5007 459 5050 et
484 4997 758 5067 acquisitis
783 4999 1046 5067 nudaret,
1086 5011 1140 5056 ct
1161 5001 1442 5060 destitutos
1475 5007 1638 5061 abiis
1660 5023 1779 5078 quae
1826 5008 1991 5065 habe-

412 5088 539 5142 bant
564 5089 892 5146 ostenderet.
921 5090 1101 5162 Itaque
1125 5094 1246 5163 quia
1281 5095 1385 5150 cibi
1420 5097 1632 5152 occasio
1671 5101 1988 5168 prmvarica-

410 5179 606 5236 tionem
648 5179 804 5247 fecit,
835 5181 1035 5238 idcirco
1086 5183 1252 5254 inquit
1301 5186 1573 5256 Scriptura
1606 5207 1618 5240 :
1646 5188 1712 5244 Et
1756 5192 1990 5246 comede-

409 5281 561 5336 runt,
595 5280 646 5326 et
671 5274 833 5344 aperti
852 5285 970 5328 sunt
998 5276 1132 5330 oculi
1159 5292 1330 5331 eorum
1358 5293 1376 5331 :
1407 5294 1509 5333 non
1541 5279 1608 5335 de
1650 5283 1991 5340 'scnsibilibus

409 5364 579 5422 oculis
621 5364 824 5433 dicens,
857 5367 950 5422 sed
997 5367 1067 5424 de
1113 5383 1274 5424 sensu
1319 5372 1533 5426 mentis.
1565 5371 1697 5429 Nam
1741 5377 1989 5446 quoniam

414 5454 659 5512 mandata
691 5460 1012 5532 transgressi
1036 5470 1180 5528 sunt,
1207 5462 1459 5518 Dominus
1483 5477 1576 5520 eos
1602 5466 1804 5523 sentire
1825 5468 1994 5524 voluit

474 5642 497 5676 ί
529 5650 604 5698 εις
625 5648 790 5701 Morel.
815 5651 945 5715 Apud
967 5653 1103 5705 Savil.
1134 5662 1185 5706 et
1206 5661 1334 5719 Mss,
1367 5664 1498 5711 tanta
1520 5659 1890 5726 magniﬁcentia.

3542 221 3642 282 139

2073 367 2136 408 ea
2155 365 2274 422 quae
2297 357 2422 405 ante
2439 349 2511 404 ob
2533 348 2858 419 singularem
2886 345 3029 402 illius
3058 345 3110 403 in
3137 359 3196 400 se
3221 341 3646 399 benevolentiam

2067 458 2172 498 non
2194 440 2514 496 sentiebant.
2541 439 2702 510 Igitur
2728 453 2850 494 cum
2879 436 3142 501 audieris,
3169 436 3344 506 Aperti
3371 444 3488 490 sunt
3516 435 3647 488 oculi

2066 535 2271 589 illorum
2300 549 2318 587 :
2344 533 2446 588 hoc
2469 532 2665 602 cogita,
2688 532 2832 586 illum
2873 530 3113 586 effecisse
3138 538 3195 583 ut
3224 537 3407 600 postea
3433 529 3646 582 nudita-

2070 634 2175 680 tem
2219 625 2480 680 sentirent
2507 634 2560 678 et
2591 623 2943 693 privationem
2989 619 3172 691 gloria:
3205 634 3310 690 qua
3347 628 3471 675 ante
3497 633 3649 673 esum

2071 715 2399 772 fruebantur.
2428 713 2580 779 Quod
2623 721 2800 768 autem
2842 711 2958 765 haec
2986 712 3054 766 sit
3095 709 3384 780 Scripturze
3421 723 3651 764 consue-

2071 806 2218 872 tudo,
2249 805 2374 860 audi
2430 805 2574 859 illam
2613 803 2742 858 alibi
2785 803 3051 858 dicentem
3086 820 3100 856 :
3131 817 3254 856 nam
3293 818 3414 856 cum
3460 801 3648 856 ancilla

2069 897 2245 954 Sarra:
2270 896 2565 952 dominium
2589 897 2795 966 fugiens
2825 903 3048 959 erraret,
3069 904 3123 950 et
3143 895 3316 962 posito
3336 894 3488 963 juxta
3514 893 3652 949 abie

2073 997 2177 1044 tein
2201 1003 2383 1058 puero,
2409 1003 2438 1041 a
2469 988 2626 1058 longe
2652 987 3021 1043 consideraret
3065 987 3206 1040 illius
3251 995 3476 1040 mortem
3503 1026 3518 1050 ,
3566 986 3651 1040 in-

2071 1080 2186 1148 quit
2217 1096 2230 1132 :
2263 1079 2474 1149 Aperuit
2524 1078 2660 1134 Deus
2703 1080 2876 1133 oculos
2921 1079 3060 1149 Agar
3100 1077 3250 1147 (Gen.
3277 1077 3368 1132 2i.
3403 1077 3512 1148 19),
3546 1093 3651 1132 non

2073 1170 2212 1240 quod
2253 1172 2481 1226 antehac
2529 1188 2632 1227 non
2681 1171 2892 1236 viderit,
2925 1171 3018 1225 sed
3057 1170 3199 1240 quod
3244 1179 3475 1226 mentem
3514 1171 3656 1226 illius

2075 1263 2338 1316 excitarit.
2375 1263 2535 1318 Vides
2581 1263 2799 1318 verbum
2821 1305 2835 1328 ,
2865 1263 3108 1332 Aperuit,
3160 1275 3266 1316 non
3311 1262 3378 1318 de
3405 1277 3657 1331 corpora-

2078 1353 2215 1407 libus
2242 1354 2414 1408 oculis
2443 1354 2568 1417 dici,
2601 1353 2692 1407 sed
2715 1353 2782 1407 de
2811 1368 2972 1408 sensu
3003 1353 3264 1407 mentali?

2146 1444 2248 1499 Cur
2278 1445 2468 1515 lignum
2497 1445 2718 1498 scientia:
2739 1444 3030 1500 dicatur.—
3057 1444 3286 1514 ldipsum
3313 1453 3367 1499 et
3395 1442 3462 1498 de
3488 1443 3656 1498 altera

2077 1536 2371 1605 quaistione
2433 1536 2766 1600 dixerimus,
2819 1549 2938 1604 qua:
2995 1534 3119 1588 hinc
3165 1534 3426 1589 exoritur.
3468 1535 3660 1589 Dicunt

2076 1628 2218 1683 enim
2245 1645 2256 1680 :
2286 1628 2462 1695 Quare
2493 1628 2693 1697 lignum
2738 1627 2976 1682 scientiae
3016 1628 3139 1682 boni
3169 1638 3219 1683 et
3245 1628 3371 1682 mali
3399 1629 3660 1683 vocatur?

2077 1720 2211 1773 Sunt
2235 1719 2377 1774 enim
2407 1718 2728 1773 contentiosi
2770 1718 2918 1771 multi
2945 1718 3033 1787 qui
3059 1717 3240 1772 dicere
3265 1718 3496 1784 audent,
3533 1729 3654 1787 post

2079 1825 2227 1865 esum
2254 1809 2381 1880 ligni
2410 1810 2686 1865 scientiam
2724 1809 2974 1865 habuisse
3023 1810 3192 1865 Adam
3224 1811 3290 1866 ad
3335 1811 3650 1866 discernen-

2080 1901 2206 1956 dum
2253 1901 2452 1956 bonum
2505 1911 2560 1956 et
2593 1901 2793 1956 malum
2847 1919 2859 1954 :
2903 1901 2954 1956 id
3009 1903 3150 1972 quod
3207 1913 3466 1958 extremae
3502 1905 3663 1959 fuerit

2081 1992 2354 2046 amentia.
2381 1992 2513 2047 Nam
2544 2002 2760 2062 propter
2789 1992 2893 2048 hoc
2919 2008 3080 2063 nuper
3116 2007 3236 2048 cum
3251 1994 3662 2063 praeviderimus

2082 2082 2218 2146 lucc,
2246 2083 2314 2138 de
2357 2084 2619 2153 sapientia
2649 2084 2851 2137 homini
2894 2098 2925 2137 a
2958 2085 3066 2140 Deo
3095 2086 3288 2139 tradita
3335 2094 3440 2139 tam
3486 2086 3665 2142 multis

2083 2173 2428 2226 tractavimus
2448 2213 2464 2238 ,
2495 2171 2633 2226 hanc
2661 2172 3008 2228 ostendentes
3034 2189 3097 2226 ex
3127 2175 3401 2229 nominum
3445 2175 3665 2244 imposi-

2084 2263 2247 2328 tione,
2273 2279 2390 2334 quae
2419 2263 2546 2320 feris
2570 2265 2818 2320 omnibus
2863 2274 2918 2320 et
2942 2265 3252 2320 volucribus
3271 2268 3388 2321 (εωιί
3412 2276 3468 2323 et
3500 2268 3668 2324 brutis

2084 2355 2314 2423 indidit;
2345 2363 2400 2412 et
2431 2356 2571 2426 quod
2602 2373 2722 2412 cum
2749 2360 2850 2412 hac
2879 2358 3223 2414 inenarrabili
3254 2361 3515 2428 sapientia
3543 2377 3667 2432 pro-

2085 2447 2279 2520 phetia:
2308 2449 2532 2519 gratiam
2572 2449 2730 2504 fuerit
2757 2459 3110 2520 assequutus,
3134 2459 3190 2504 ut
3217 2466 3286 2506 ne
3311 2451 3430 2521 quis
3461 2451 3560 2506 hoc
3588 2452 3669 2507 di-

2085 2555 2208 2595 cere
2231 2541 2388 2594 ausit.
2425 2538 2587 2609 lgitur
2613 2539 2704 2610 qui
2743 2541 2960 2595 nomina
2999 2541 3357 2596 animantibus
3395 2542 3669 2612 imposuit,

2085 2629 2283 2700 quique
2313 2639 2420 2685 tam
2447 2629 2814 2685 admirabilem
2835 2629 3167 2701 prophetiam
3197 2631 3266 2687 de
3297 2632 3520 2689 muliere
3542 2649 3672 2704 pro-

2086 2721 2380 2789 nuntiavit,
2438 2720 2890 2791 quemadmodum
2939 2721 3050 2792 jam
3106 2722 3365 2790 diximus,
3407 2725 3673 2795 quomodo

2087 2808 2356 2880 ignoraret
2383 2811 2509 2881 quid
2536 2809 2733 2865 bonum
2776 2811 2881 2880 sit,
2919 2821 2975 2867 et
3011 2812 3137 2882 quid
3185 2814 3422 2869 malum?
3449 2815 3601 2884 Quod
3628 2817 3673 2873 si

2087 2900 2448 2969 receperimus
2480 2899 2688 2972 (absit),
2714 2900 2907 2956 iterum
2939 2900 3302 2972 blasphemias
3341 2904 3395 2959 in
3419 2905 3675 2961 Condito-

2089 3003 2203 3044 rem
2238 2988 2641 3045 transferemus.
2687 2990 2819 3046 Nam
2858 2992 3126 3062 quomodo
3157 3005 3479 3066 prreceptum
3524 2997 3677 3054 daret

2088 3079 2354 3152 ignoranti
2375 3083 2893 3152 ,transgressionem
2924 3097 3044 3138 esse
3076 3085 3270 3140 malum
3291 3087 3316 3138 ?
3349 3087 3540 3143 Verum
3570 3105 3675 3145 non

2089 3173 2160 3228 ita
2208 3182 2326 3241 est,
2361 3173 2500 3227 absit
2531 3189 2545 3227 :
2575 3173 2669 3230 sed
2719 3175 2874 3229 scivit
2917 3175 3083 3230 clare.
3125 3177 3413 3235 Enimvero
3464 3179 3564 3236 hac
3609 3181 3678 3237 de

2090 3277 2249 3319 causa
2278 3262 2475 3317 animal
2506 3264 2606 3318 hoc
2644 3263 2712 3318 ab
2745 3264 2898 3319 initio
2930 3265 3100 3322 libero
3139 3267 3361 3324 arbitrio
3399 3270 3678 3340 praeditum

2089 3369 2211 3410 esse
2246 3354 2428 3409 voluit.
2455 3354 2606 3422 Quod
2631 3356 2676 3410 si
2704 3371 2808 3411 non
2838 3356 3057 3425 fuisset,
3091 3373 3268 3430 neque
3297 3375 3420 3416 eum
3459 3364 3680 3420 manda-

2092 3454 2204 3500 tum
2229 3445 2613 3515 prmvaricatus
2635 3455 2736 3512 est,
2768 3447 2916 3501 illum
2946 3449 3153 3518 puniri,
3185 3466 3359 3521 neque
3385 3453 3428 3507 si
3466 3469 3679 3510 servas-

2092 3546 2196 3606 set,
2228 3537 2433 3594 laudari
2457 3539 2758 3610 oportebat.
2787 3539 2942 3606 Quod
2965 3541 3107 3596 enim
3134 3541 3307 3599 factus
3331 3545 3402 3599 sit
3439 3548 3681 3602 mortalis

2093 3639 2311 3701 propter
2329 3630 2844 3700 prmvaricationem,
2872 3640 2925 3686 et
2951 3647 3016 3687 ex
3045 3631 3146 3688 hoc
3168 3634 3436 3702 mandato,
3459 3647 3594 3692 etex
3617 3639 3681 3695 iis

2093 3739 2212 3794 qua:
2242 3734 2465 3796 sequuta
2493 3734 2637 3791 sunt,
2666 3725 2872 3781 clarum
2898 3735 2999 3782 est.
3029 3727 3167 3782 Audi
3211 3731 3355 3785 enim
3401 3732 3679 3789 mulierem

2095 3814 2265 3884 ipsam
2304 3815 2612 3885 loquentem
2640 3818 2874 3887 serpenti
2904 3836 2917 3872 :
2947 3817 3024 3872 De
3052 3819 3222 3888 [ructu
3247 3822 3392 3892 ligni,
3437 3825 3573 3894 quod
3608 3835 3682 3880 est

2093 3907 2149 3959 in
2180 3905 2344 3960 medio
2369 3907 2594 3976 paradisi
2614 3947 2632 3973 ,
2671 3908 2800 3962 dixit
2829 3907 2992 3974 Deus,
3030 3926 3092 3965 ne
3118 3913 3392 3968 comedetis
3417 3931 3479 3969 ea:
3503 3931 3560 3970 eo
3581 3957 3597 3983 ,
3628 3926 3683 3970 ut

2095 4013 2197 4052 non
2217 3998 2523 4052 moriamini.
2554 3999 2735 4070 Itaque
2772 4009 2896 4055 ante
2924 4004 3412 4071 prwvaricationem
3459 4006 3682 4063 immor-

2098 4091 2232 4147 tales
2277 4092 2694 4162 crant;alioqui
2729 4102 2852 4163 post
2880 4094 3059 4150 cibum
3113 4111 3220 4151 non
3273 4097 3518 4169 supplicii
3566 4100 3682 4156 loco

2096 4189 2324 4237 mortem
2352 4175 2711 4252 imposuisset.

2169 4272 2222 4328 6.
2262 4273 2429 4328 Adam
2466 4275 2725 4328 scientiam
2754 4275 2870 4330 boni
2897 4285 2945 4330 et
2971 4278 3094 4332 ntali
3119 4295 3220 4334 non
3259 4296 3322 4334 ea:
3346 4297 3434 4336 esu
3479 4299 3512 4337 a
3545 4283 3682 4355 ligno

2097 4367 2310 4436 accepit.
2341 4393 2408 4406 -—
2428 4367 2558 4434 Quis
2585 4382 2714 4438 ergo
2737 4367 2875 4423 ferat
2896 4384 2990 4424 eos
3012 4372 3100 4440 qui
3121 4371 3300 4429 dicere
3332 4372 3550 4440 audent,
3584 4376 3683 4431 ho-

2099 4460 2296 4514 minem
2343 4469 2464 4530 post
2514 4475 2664 4515 esum
2707 4459 2776 4516 de
2815 4461 2960 4532 ligno
3007 4464 3355 4533 acquisivisse
3405 4467 3683 4523 scientiam

2099 4551 2224 4608 boni
2253 4561 2308 4607 et
2333 4552 2479 4616 mali,
2511 4552 2601 4622 qui
2630 4561 2686 4607 et
2714 4562 2838 4608 ante
2859 4569 3007 4610 csum
3041 4565 3182 4611 tanta
3209 4560 3469 4628 sapientia
3494 4561 3685 4631 plenus

2099 4651 2235 4708 crat,
2266 4650 2319 4698 et
2346 4657 2465 4696 cum
2505 4643 2728 4697 scicntia
2767 4645 2927 4698 etiam
2961 4646 3273 4716 prophetica
3299 4650 3470 4720 gratia
3501 4651 3686 4720 digna-

2101 4742 2186 4789 tus
2212 4735 2337 4789 est?
2366 4734 2432 4789 Et
2462 4735 2732 4805 quomodo
2763 4735 2864 4790 hoc
2912 4737 3105 4792 rationi
3155 4755 3452 4796 consonum
3500 4752 3644 4798 esset
3664 4781 3684 4809 ,

2097 4841 2290 4896 capras
2315 4826 2530 4897 quidem
2575 4836 2628 4882 et
2674 4843 2803 4884 oves
2831 4831 3180 4899 omniumque
3220 4832 3498 4890 brutornm
3529 4848 3683 4892 natu-

2099 4929 2214 4974 ram
2241 4919 2381 4975 scire
2400 4960 2417 4986 ,
2448 4934 2566 4989 qua:
2595 4918 2760 4975 herba
2787 4920 2858 4975 sit
2887 4922 3165 4991 salutaris,
3199 4933 3254 4979 et
3277 4926 3399 4981 cibo
3427 4927 3570 4982 utilis
3590 4968 3605 4994 ,
3633 4939 3689 4985 et

2099 5025 2219 5081 qua:
2247 5010 2569 5081 perniciosa,
2595 5021 2651 5066 ut
2681 5013 2826 5066 illam
2852 5013 3028 5078 adeat,
3052 5014 3188 5070 hanc
3211 5017 3452 5073 studiose
3483 5019 3643 5090 fugiat
3667 5040 3682 5076 :

2100 5110 2157 5157 et
2180 5101 2477 5170 hominem,
2508 5103 2773 5158 rationale
2811 5105 3045 5171 animal,
3078 5108 3288 5163 nescire
3313 5109 3440 5179 quid
3486 5109 3685 5166 bonum

2101 5203 2156 5249 et
2180 5191 2306 5264 quid
2338 5193 2581 5249 malum?
2605 5194 2712 5252 Sed
2752 5211 2915 5265 ecce,
2948 5197 3139 5268 inquit.
3181 5201 3454 5271 Scriptura
3487 5204 3687 5274 tignum

2101 5283 2206 5341 hoc
2235 5295 2390 5342 vocat
2437 5286 2640 5358 lignum
2673 5288 2912 5343 scientia:
2941 5289 3067 5345 boni
3101 5301 3154 5346 ct
3185 5293 3332 5348 mali.
3379 5295 3562 5368 Neque
3601 5313 3689 5354 me

2104 5377 2207 5434 hoc
2236 5379 2368 5434 latet
2401 5397 2416 5434 :
2444 5380 2539 5435 sed
2567 5380 2613 5435 si
2645 5381 2998 5451 proprietates
3035 5382 3231 5440 divina:
3267 5386 3562 5458 Scriptura:
3600 5389 3686 5444 di~

2101 5487 2254 5528 scere
2279 5472 2511 5528 volueris
2531 5513 2545 5537 ,
2570 5471 2707 5527 scies
2728 5487 2893 5543 quare
2917 5473 3020 5530 hoc
3045 5490 3240 5533 nomen
3265 5478 3390 5535 huic
3417 5480 3561 5550 ligno
3589 5481 3689 5535 tri-

2101 5563 2236 5620 buit.
2262 5562 2379 5619 Non
2399 5565 2542 5620 enim
2573 5564 2715 5634 quod
2761 5563 2963 5621 homini
3011 5563 3286 5624 scientiam
3329 5569 3577 5635 dederit,
3609 5572 3689 5626 sic

2105 5665 2351 5714 vocatum
2377 5663 2462 5712 est
2481 5673 2493 5710 :
2523 5653 2615 5712 sed
2637 5655 2755 5726 quia
2778 5669 2876 5726 per
2905 5655 3035 5714 illud
3065 5656 3201 5716 facta
3223 5671 3306 5716 cst
3333 5664 3688 5734 transgressio
