4122 6204
242 338 328 398 151
1433 335 1501 391 ΙΝ
1539 335 1691 392 CAP.
1724 337 1765 392 ll
1830 337 2071 395 GENES.
2114 339 2342 395 IIOMIL.
2374 337 2513 395 XVI.

241 455 332 507 καὶ
365 451 565 524 μόχθου
594 453 790 518 παντὸς
822 449 1246 524 ἀπηλλαγμένον
1277 449 1389 520 βίον
1416 451 1785 523 χαρισαμένῳ.
1815 454 1904 523 Μὴ

240 540 346 610 7&9
373 542 475 593 ούκ
503 541 630 610 ἐξῆν
657 541 763 594 τῶν
787 539 962 594 ἄλλων
991 539 1248 592 ἀπάντων
1269 537 1378 590 τῶν
1403 538 1460 589 ἐν
1485 537 1563 608 τῷ
1599 539 1910 609 παραδείσῳ

242 627 377 695 μετά
414 626 692 695 δαψιλείας
737 626 1058 691 ἀπολαύειν;
1091 624 1235 688 τίνος
1266 624 1450 677 ἕνεκεν
1483 622 1654 687 οὕτως
1691 624 1909 678 εὔκολον

241 707 404 764 οὖσαν
431 711 528 782 τὴν
557 712 773 782 ἐντολὴν
803 711 1040 782 φυλάξαι
1067 711 1189 764 οὐδὲ
1219 710 1379 774 αὐτὸς
1403 710 1733 781 ἐϐουλήθης;
1768 713 1906 764 Ἀλλ’

243 798 370 860 ῐσως
415 797 653 861 ἀκούσας
699 799 852 870 παρὰ
897 799 997 868 τῆς
1035 798 1292 866 γυναικὸς
1333 798 1433 868 τῆς
1481 797 1726 869 ὀλεθρίου
1775 816 1911 868 συμ-

242 882 436 951 ϐουλῆς
465 884 563 952 τὴν
609 884 924 954 ὑπόσχεσιν,
958 885 1052 937 καὶ
1083 885 1147 952 τῇ
1182 882 1355 935 ἐλπίδι
1389 883 1482 935 καί⁵
1524 883 1685 946 αὑτὸς
1732 901 1908 956 φυση-

241 966 372 1031 θεὶς,
415 968 642 1038 ἑτοίμως
672 969 1036 1046 ἐκοινώνησας
1073 970 1172 1038 τῆς
1205 966 1476 1039 βρώσεως.
1506 970 1602 1022 Διά
1634 969 1788 1022 1τρῦτο
1819 973 1908 1024 καὶ

241 1053 300 1104 τέ
345 1053 614 1124 ἐπιτίμιον
645 1057 985 1129 ἀμφοτέρως
1026 1055 1347 1125 διαδέχεται,
1377 1057 1470 1109 καὶ
1508 1055 1616 1108 τῶν
1648 1057 1907 1128 πραγμάο

242 1155 349 1192 των
377 1143 409 1210 ἡ
446 1143 609 1212 πεῖρα
633 1143 832 1209 διδάξει
870 1143 1033 1212 ὑμᾶς.
1067 1142 1141 1213 μὴ
1171 1142 1264 1195 τοῦ
1295 1141 1429 1195 Θεοῦ
1466 1142 1908 1214 ἀξιοπιστοτέραν

242 1227 490 1296 ἡγεῖσθαι
536 1230 636 1299 τὴν
681 1229 776 1282 τοῦ
833 1229 1070 1300 πονηροῦ
1121 1229 1370 1299 δαίμονος
1423 1229 1728 1300 συμϐουλήν
1797 1231 1906 1284 Καὶ

241 1311 424 1367 ἔδωκε
465 1314 561 1366 καί
593 1314 671 1380 τῷ
703 1315 874 1384 ἀνδρί
903 1315 1122 1383 αὐτῆς-ο
1151 1315 1246 1368 καὶ
1288 1315 1533 1384 ἔφαγον,
1565 1316 1660 1368 καί
1691 1305 1916 1383 διηνοίέ

243 1402 482 1467 χθθῐσαν
518 1405 572 1456 οἱ
603 1403 899 1472 ὀφθαλμοί
934 1402 1054 1457 τῶν
1080 1403 1208 1470 δύο,
1241 1403 1338 1455 καὶ
1385 1403 1662 1472 ἔγνωσαν
1688 1403 1777 1456 ὅτι
1814 1421 1910 1470 γυ-

237 1486 377 1554 μνοί
408 1483 590 1556 ἦσαν.

312 1582 374 1628 ε’.
412 1577 643 1648 Ζήτημα
696 1579 950 1649 μέγιστον
1003 1583 1134 1651 ἡμῖν
1173 1579 1422 1635 ἐντεῦθεν
1457 1581 1734 1646 τίκτεται,
1774 1582 1910 1652 ὅπερ

243 1664 430 1733 πρώην
460 1665 774 1738 ὑπεσχόμην
802 1671 866 1738 τῇ
912 1669 1151 1740 ὑμετέρα
1186 1669 1395 1739 ἀγάπῃ.
1424 1669 1659 1732 Δικαίως
1699 1669 1807 1740 7&9
1842 1669 1908 1723 ἀν

242 1763 324 1811 τις
371 1750 565 1820 ἔροιτο,
608 1754 731 1807 τίνα
775 1755 927 1824 ἰσχὺν
966 1753 1080 1826 εἶχε
1117 1755 1176 1808 τὺ
1209 1755 1363 1819 ξύλον
1409 1757 1601 1814 ἐκεῖνο,
1636 1755 1775 1808 ὥστε
1811 1756 1909 1827 τὴν

243 1836 299 1901 ἐξ
330 1837 494 1892 αὐτοῦ
533 1839 735 1908 βρῶσιν
772 1842 898 1904 τοὺς
938 1841 1249 1912 ὀφθαλμοὺς
1286 1841 1465 1895 αὐτῶν
1499 1841 1774 1908 διανοῖξαι,
1815 1843 1910 1896 καὶ

240 1928 327 1982 διὰ
366 1928 418 1979 τί
471 1927 708 1996 γνωστὸν
759 1927 922 1980 καλοῦ
967 1928 1061 1981 καὶ
1109 1927 1346 1998 πονηροῦ
1388 1928 1652 1982 καλεῖται.
1701 1929 1810 1982 Καὶ
1861 1931 1907 1982 εί

244 2013 519 2084 βούλεσθε,
548 2013 878 2082 ἀνάσχεσθεο
918 2012 1092 2084 μικρά
1128 2013 1236 2084 7&9
1267 2014 1393 2082 ὑμῖν
1426 2013 1517 2066 καὶ
1551 2013 1678 2084 περὶ
1718 2014 1907 2067 τούτου

242 2099 586 2170 διαλεχθῆναι
620 2099 896 2169 βούλομαι,
945 2101 1039 2152 καὶ
1073 2099 1281 2165 διδάξαι
1314 2101 1411 2168 τὴν
1461 2098 1731 2170 ὑμετέραν
1774 2101 1910 2168 ἀγά·

243 2204 375 2257 πην,
423 2187 506 2240 ὅτι
542 2187 591 2238 εί
639 2185 1024 2256 βουληθείημεν
1055 2186 1414 2256 εὐγνωμόνως
1450 2185 1697 2256 δέχεσθαι
1738 2187 1807 2241 τά
1850 2189 1909 2242 ἐν

243 2278 306 2345 τῇ
354 2273 476 2344 θεία
509 2273 697 2344 Γραφῇ
755 2273 1047 2342 λεγόμενα,
1091 2272 1244 2327 οὐδὲν
1288 2276 1420 2344 ἡμῖν
1451 2273 1559 2326 τῶν
1602 2274 1908 2344 εἰρημένων

243 2357 498 2426 δυσχερὲς
544 2355 808 2424 φανεῖται.
851 2355 983 2409 Ούδὲ
1026 2355 1133 2426 7&9
1183 2357 1216 2426 η
1263 2356 1329 2407 ἐκ
1366 2354 1457 2407 τοῦ
1494 2354 1652 2419 ξύλου
1704 2356 1909 2426 βρῶσις

244 2441 419 2494 αὐτῶν
450 2442 573 2503 τοὺς
608 2439 915 2510 ὀφθαλμοὺς
947 2440 1178 2512 διήνοιξε
1198 2457 1212 2470 ·
1244 2440 1338 2493 καὶ
1371 2441 1480 2512 γὰρ
1521 2443 1616 2494 καὶ
1662 2443 1767 2513 πρὸ
1809 2443 1910 2513 τῆς

247 2529 497 2600 βρώσεως
531 2530 784 2583 ἔϐλεπον·
818 2529 932 2583 ἀλλ’
971 2530 1159 2600 ἐπειδὴ
1195 2531 1227 2600 ἡ
1262 2528 1451 2582 τούτου
1496 2529 1700 2600 βρῶσις
1733 2547 1912 2601 παρα-

246 2619 378 2688 κοῆς
401 2614 467 2688 ἦν
501 2618 770 2680 ὑπόθεσις,
801 2618 892 2670 καὶ
925 2617 1023 2687 τῆς
1057 2617 1208 2687 παρά
1249 2615 1342 2669 τοῦ
1375 2616 1511 2669 Θεοῦ
1549 2617 1792 2689 δοθείσης
1825 2619 1911 2670 ἐν·

243 2704 404 2773 τολῆς
448 2702 777 2774 παράϐασις,
809 2701 876 2754 δι’
919 2701 985 2772 ῆν
1017 2701 1198 2754 αἰτίαν
1243 2701 1430 2754 λοιπὸν
1477 2702 1572 2754 καὶ
1618 2702 1718 2773 τὴν
1755 2702 1910 2766 δόξαν

241 2788 342 2860 τὴν
376 2789 828 2860 περιστέλλουσαι)
863 2788 1062 2852 αὐτοὺς
1101 2787 1474 2860 ἀφῃρέθησαν,
1507 2789 1756 2855 ἀναξίους
1785 2791 1911 2842 ἐαυ-

241 2878 371 2941 τοὺς
394 2877 492 2948 τῆς
518 2877 682 2947 τιμῆς
709 2875 810 2944 τῆς
837 2875 1104 2946 τοσαύτης
1135 2876 1577 2946 καταστήσαντες
1597 2892 1610 2906 ο
1635 2875 1722 2928 διά
1751 2875 1912 2930 τοῦτο

241 2967 308 3037 τῇ
355 2963 532 3036 οἰκεία
585 2963 842 3035 συνηθείᾳ
895 2961 1369 3016 κατακολουθοῦσα
1412 2965 1445 3034 ἡ
1483 2963 1673 3034 Γραφή
1708 2979 1908 3034 φησιν’

247 3053 530 3120 ἐει-αῖον,
563 3051 661 3104 καί
691 3050 1127 3119 διηνοίχθησαν
1153 3047 1352 3103 αὐτῶν
1376 3053 1429 3104 οὶ
1469 3050 1784 3120 ὀφθαλμοὶ,
1812 3051 1910 3105 καί

244 3138 521 3209 ἔγνωσαν
565 3138 654 3192 ὅτι
701 3138 914 3208 γυμνοί
958 3134 1150 3208 ἦσαν·
1180 3137 1268 3190 διὰ
1305 3137 1404 3208 τὴν
1456 3138 1768 3210 παράϐασιν
1814 3139 1913 3210 τῆς

245 3224 468 3294 ἐντολῆς
495 3223 868 3294 γυμνωθέντες
897 3222 999 3294 τῆς
1024 3222 1228 3277 ἀνωθεν
1259 3222 1450 3293 ῥοπῆς,
1490 3222 1740 3294 αἱσθησιν
1772 3223 1913 3295 λαμ-

245 3310 469 3366 ϐάνουσι
496 3312 590 3364 καὶ
624 3311 724 3382 τῆς
755 3310 1021 3380 αἰσθητῆς
1057 3310 1417 3380 γυμνότητος,
1447 3309 1535 3363 ἵνα
1564 3309 1652 3362 διά
1686 3311 1788 3380 τῆς
1814 3327 1916 3364 κα-

245 3397 585 3467 ταλαϐούσης
622 3397 819 3461 αὐτοὺς
857 3395 1120 3467 αἰσχύνης
1161 3397 1364 3465 γνῶσιν
1403 3395 1665 3468 ἀκριϐῶς,
1693 3398 1774 3460 εἰς
1806 3395 1916 3451 οἷον

246 3486 446 3548 αὐτοὺς
488 3483 700 3537 δλισθον
739 3485 914 3553 ῆγαγε
943 3483 1004 3536 τὺ
1033 3482 1344 3552 παραϐῆναι
1367 3495 1394 3523 ε
1425 3484 1524 3553 τὴν
1563 3483 1781 3554 ἐντολὴν
1819 3483 1914 3538 τοῦ

246 3571 542 3624 Δεσπότου.
593 3571 655 3621 Οί
705 3570 815 3638 7&9
867 3567 971 3638 πρὸ
1039 3568 1229 3620 τούτου
1281 3567 1551 3637 τοσαύτης
1605 3569 1916 3639 παρρησίας

243 3655 677 3719 ἀπολαύσαντες,
715 3655 810 3706 καὶ
845 3653 967 3706 ούδὲ
995 3653 1196 3716 εἰδότες
1222 3653 1304 3706 ὅτι
1330 3655 1528 3722 γυμνοὶ
1565 3655 1918 3724 τυγχάνουσιν

247 3743 395 3812 (οὐδὲ
422 3741 531 3812 7&9
555 3737 694 3812 ἦσαν
723 3740 938 3810 γυμνοί·
971 3741 1005 3810 ὴ
1037 3739 1146 3809 γὰρ
1172 3737 1376 3793 ἀνωθεν
1403 3739 1531 3804 δόξα
1565 3741 1765 3802 παντὸς
1796 3743 1920 3812 ίμα-

245 3831 367 3884 τίον
405 3829 604 3900 μᾶλλον
655 3827 850 3890 αὐτοὺς
896 3825 1278 3896 περιέσκεπε),
1315 3825 1451 3896 μετά
1481 3827 1536 3879 δὲ
1566 3827 1666 3898 τὴν
1695 3826 1915 3898 βρῶσιν,

246 3916 396 3970 τοῦτ’
425 3916 561 3980 ἐστι,
595 3914 733 3985 μετά
759 3914 856 3985 τὴν
885 3911 1188 3983 παράϐασιν
1211 3913 1318 3965 τῶν
1343 3915 1812 3986 προσταχθέντων,
1837 3919 1916 3982 είς

247 4002 522 4071 τοσαύτην
561 3999 709 4073 1150]
740 3999 1099 4069 ταπεινότητα
1145 3999 1576 4071 κατηνέχθησαν,
1602 4001 1678 4066 ὼς
1712 4004 1918 4076 σκέπην

246 4087 437 4143 λοιπὸν
471 4087 747 4156 ἐπιζητεῖν
765 4086 852 4140 διὰ
871 4085 931 4138 τὸ
964 4085 1037 4156 μὴ
1063 4084 1246 4156 φέρειν
1276 4086 1372 4157 τὴν
1397 4088 1677 4159 αἰσχύνην.
1713 4089 1779 4141 Ἦ
1810 4090 1920 4162 7&9

251 4176 568 4249 παράϐασις
592 4178 692 4246 τῆς
734 4173 950 4244 ἐντολῆς
978 4173 1392 4237 ἐπεισελθοῦσα,
1419 4174 1479 4228 τὸ
1511 4175 1722 4244 ίμάτιον
1745 4177 1920 4230 ἐκεῖνο

250 4265 312 4319 τὸ
345 4264 528 4317 καινὸν
560 4263 653 4315 καὶ
697 4261 1019 4333 παράδοξον,
1059 4260 1119 4313 τὸ
1163 4263 1262 4331 τῆς
1306 4260 1465 4331 δόξης
1505 4260 1649 4329 λέγω
1686 4263 1782 4316 καὶ
1822 4265 1921 4334 τῆς

252 4351 457 4405 ἀνωθεν
499 4351 730 4414 εὐνοίας,
772 4350 909 4419 ὅπερ
935 4342 1075 4417 ἦσαν
1116 4347 1512 4416 ἠμφιεσμένοι,
1559 4348 1919 4419 περιελοῦσα,

257 4440 350 4491 καὶ
398 4441 496 4509 τῆς
540 4437 875 4506 γυμνότητος
929 4433 1180 4502 αῖσθησιν
1239 4433 1502 4505 παρέσχε,
1548 4435 1642 4488 καὶ
1690 4437 1923 4511 αἰσχύνῃ

260 4525 446 4597 ἀφάτῳ
477 4524 786 4597 περιέϐαλε.
817 4521 925 4576 Καὶ
951 4521 1242 4589 ἕρῤαψαν,
1276 4521 1428 4589 φησι,
1452 4522 1656 4587 φύλλα
1696 4523 1917 4592 συκῆς,

264 4611 358 4664 καί
402 4613 694 4679 ἐποίησαν
745 4608 982 4674 ἑαυτοῖς
1026 4608 1404 4677 περιζώματα.
1451 4609 1733 4680 Ἐννόησόν
1797 4628 1918 4681 μοι,

260 4697 526 4771 ἀγαπητέ,
556 4699 662 4752 ἀπὸ
692 4695 934 4750 ποταποῦ
982 4694 1148 4764 ὕψους
1195 4694 1311 4758 πῶς
1340 4696 1418 4756 είς
1463 4693 1630 4763 βαθὺν
1677 4697 1921 4768 κρημνὸν

257 4787 453 4849 αὐτοὺς
497 4784 870 4856 κατήγαγενή
912 4782 1064 4850 παρά
1100 4781 1194 4834 τοῦ
1237 4781 1484 4835 διαϐόλου
1527 4782 1826 4854 συμϐουλή.
1858 4786 1920 4839 Οί

257 4872 363 4944 7&9
411 4873 644 4942 τοσαύτῃ
682 4871 809 4942 δόξῃ
859 4867 1342 4940 περιεσταλμένοι,
1386 4867 1481 4921 νῦν
1529 4869 1703 4938 φύλλα
1751 4874 1921 4942 συκῆς

258 4959 597 5029 ράππτουσι,
634 4958 728 5010 καὶ
771 4955 1013 5009 ποιοῦσιν
1061 4957 1272 5018 ἑαυτοῖς
1325 4953 1703 5026 περιζώματα.
1750 4957 1922 5011 Τοῦτο

254 5048 356 5115 τῆς
390 5044 485 5097 τοῦ
514 5044 759 5098 διαϐόλου
787 5042 1002 5112 ἀπάτης
1036 5042 1095 5094 τὸ
1129 5041 1348 5112 κέρδος·
1386 5041 1523 5113 αῦτη
1551 5045 1650 5113 τῆς
1689 5043 1924 5112 συμϐου-

256 5129 356 5200 λῆς
379 5130 406 5169 δ
436 5131 645 5183 ἐκείνου
677 5131 710 5199 ὴ
768 5130 1004 5199 μηχανὴ,
1036 5128 1096 5181 τὸ
1132 5127 1207 5198 μὴ
1265 5127 1421 5197 μόνον
1469 5127 1538 5180 τὰ
1575 5128 1800 5192 μείζονα
1847 5128 1923 5198 μὴ

255 5218 616 5288 προξενῆσαι,
660 5217 795 5269 ἀλλά
839 5216 932 5269 καὶ
977 5215 1086 5268 τῶν
1123 5216 1289 5268 ὄντων
1343 5214 1547 5284 γυμνὸν
1597 5216 1687 5268 καὶ
1720 5216 1924 5285 ἔρημον

254 5307 559 5375 ἀποφῆναι.
603 5304 756 5357 Ἐπεὶ
785 5301 878 5358 οὗν
903 5306 937 5370 ὴ
978 5303 1201 5373 τοιαύτη
1237 5304 1505 5373 πρόφασις
1538 5305 1637 5372 τῆς
1671 5302 1924 5372 βρώσεως

249 5393 355 5463 τὴν
400 5393 687 5463 παρακοήν
719 5393 1030 5463 εἰργάσατο,
1073 5391 1160 5445 δια
1204 5392 1362 5445 τοῦτό
1414 5407 1579 5461 φησιν
1620 5393 1653 5460 ὴ
1702 5391 1740 5442 Γ
1745 5390 1920 5462 ραφὴ,

253 5481 368 5536 Καὶ
388 5483 636 5550 ἔφαγον,
664 5480 762 5534 καί
789 5480 1226 5548 διηνοίχθησαν
1252 5491 1274 5520 ε
1305 5479 1504 5534 αὐτῶν
1523 5482 1577 5534 οι
1606 5480 1922 5549 ὀφθαλμοί,

253 5571 316 5622 οὔ
355 5568 483 5639 περὶ
515 5568 624 5622 τῶν
667 5568 937 5638 αἰσθητῶν
969 5568 1265 5639 ὀφθαλμῶν
1299 5568 1603 5638 φάσκουσα,
1636 5567 1772 5621 ἀλλά
1800 5569 1925 5639 περὶ⁵

254 5650 364 5722 τῆς
395 5654 536 5712 κατὰ
575 5655 814 5711 διάνοιαν
843 5654 1167 5725 αἰσθήσεως.
1207 5655 1426 5724 Ἐπειδὴ
1455 5656 1561 5726 7&9
1605 5654 1926 5726 παρέϐησαν

299 5782 347 5858 ..⁸
387 5783 534 5858 Savll;
561 5792 620 5858 el‘
638 5786 861 5858 ρίοτίηυε
884 5795 1000 5858 ms}.
1040 5784 1098 5858 τό
1121 5788 1454 5858 παρακινῆσαιἶ
1486 5781 1656 5858 ﬂare];
1681 5782 1738 5858 τό
1765 5796 1919 5842 παρα-

253 5846 423 5918 ϐῆναι..
519 5842 689 5922 bnl’iii
730 5842 813 5922 τῆς
854 5842 1358 5922 συμᾶςδξζίαὲςλςνεῖυιο
1401 5849 1525 5916 βοδιῆ
1541 5842 1786 5922 (ξριδςςᾉ
1797 5855 1924 5890 unus

254 5904 545 6012 γδῗκοὺςκαί
566 5907 765 5968 ἐρήμους
782 5908 926 5970 ἀποφ.
995 5907 1018 5935 ⁸
1043 5904 1239 5957 Εοίδίίη.
1262 5905 1430 5966 ἔφαγον
1453 5905 1530 5953 καὶ
1556 5904 1922 5965 ἐνεπλήσθησαν,

259 5981 321 6013 ια
365 5966 716 6028 διηνοιχθησαν.
1802 5989 1814 6001 ι

3579 339 3676 392 132

2014 455 2082 508 τά
2127 453 2570 527 προστεταγμένα
2592 490 2607 516 ,
2643 449 2991 506 αἰσθάνεσθαι
3036 448 3232 512 αὐτοὺς
3267 447 3452 503 λοιπὸν
3490 449 3680 522 ἐποίη-

2017 557 2128 605 σεν,
2166 535 2242 594 ὧν
2273 541 2532 613 πρότερον
2559 539 2659 591 ούκ
2701 537 3003 608 ἐλάμϐανον
3040 535 3290 604 αἴσθησιν
3329 534 3419 588 διὰ
3461 537 3561 608 τὴν
3598 535 3681 589 εὖ-

2015 645 2180 692 νοιαν,
2226 629 2294 698 ῆν
2331 629 2457 700 περὶ
2504 627 2698 688 αὐτοὺς
2738 627 2768 678 ό
2807 624 3080 694 Δεσπότης
3120 623 3478 676 ἐπεδείκνυτο.
3509 624 3684 677 Ὅταν

2015 712 2109 770 οὖν
2141 716 2398 787 ἀκούσῃς,
2445 717 2528 768 δτι
2560 714 3002 782 Διηνοίχθησαν
3035 709 3234 764 αὐτῶν
3269 715 3320 764 οι
3362 710 3673 779 ὀφθαλμοί,

2014 802 2170 855 τοῦτο
2203 803 2340 867 νόει,
2387 803 2466 855 ὅτι
2525 799 2934 872 παρεσκεύασεν
2967 796 3161 858 αὐτοὺς
3211 795 3459 866 αἴσθησιν
3493 796 3678 849 λαϐεῖν

2014 889 2196 942 λοιπὸν
2224 892 2322 960 τῆς
2359 888 2715 959 γυμνότητος,
2746 887 2840 940 καὶ
2880 887 2980 956 τῆς
3020 881 3343 944 ἐκπτώσεως
3370 885 3468 952 τῆς
3497 881 3676 952 δόξης,

2013 971 2081 1048 ἧς
2108 969 2215 1048 πρὸ
2243 980 2341 1049 τῆς
2380 976 2634 1046 βρώσεως
2661 975 2958 1046 ἀπήλαυον.
2989 973 3112 1024 Ὀτι
3143 970 3199 1022 δὲ
3228 969 3386 1022 τοῦτο
3413 972 3510 1039 τῆς
3538 971 3678 1041 Γρα-

2016 1067 2122 1132 φῆς
2151 1066 2269 1116 ἐστι
2295 1063 2354 1116 τὸ
2393 1063 2531 1126 ἔθος,
2577 1063 2739 1116 ἀκούε
2777 1061 2944 1131 αὐτῆς
2972 1059 3067 1112 καὶ
3108 1054 3342 1125 ἀλλαχοῦ
3379 1054 3674 1125 λεγούσης*

2014 1149 2175 1220 ἡνίκα
2202 1148 2310 1220 7&9
2341 1151 2374 1220 ἠ
2418 1148 2672 1218 παιδίσκη
2703 1150 2802 1215 τῆς
2831 1147 3046 1218 Σάρρας
3084 1142 3553 1214 ἀποδιδράσκουσα
3579 1141 3678 1213 τὴν

2014 1237 2326 1290 δεσποτείαν
2365 1235 2652 1297 ἐπλανᾶτο,
2700 1233 2903 1304 ῥίψασα
2934 1232 2994 1285 τὸ
3042 1229 3249 1285 παιδίον
3277 1228 3504 1297 πλησίον
3549 1231 3678 1298 μιᾶς

2015 1325 2228 1394 ἐλάτης,
2259 1325 2366 1378 ἀπὸ
2391 1325 2752 1394 διαστήματος
2783 1321 3129 1393 περιεσκόπει
3154 1318 3343 1372 τούτου
3375 1317 3473 1388 τὴν
3504 1318 3682 1371 τελευ-

2015 1412 2132 1481 τὴν,
2175 1411 2267 1464 καί
2315 1428 2481 1482 φησιο
2530 1410 2841 1478 Διήνοιξεν
2887 1411 2919 1462 ό
2959 1407 3101 1472 Θεὸς
3157 1406 3299 1471 τοὺς
3335 1403 3680 1473 ὀφθαλμοὺς

2019 1501 2125 1568 τῆς
2156 1503 2354 1570 Ἅγαρ,
2395 1501 2494 1554 οὑκ
2541 1501 2725 1572 ἐπειδὴ
2762 1499 2868 1570 πρὸ
2909 1497 3098 1552 τούτου
3134 1497 3235 1549 ούκ
3277 1494 3523 1558 ιϐλεπεν,
3562 1493 3678 1547 ἀλλ’

2014 1591 2096 1643 ὅτι
2121 1591 2217 1661 τὴν
2245 1591 2482 1646 διάνοιαν
2514 1592 2685 1662 αὐτῆς
2709 1590 3000 1660 διήγειρεν.
3042 1589 3205 1658 Ὁρᾷς
3230 1587 3312 1639 ὄτι
3344 1585 3425 1648 τὸ,
3451 1583 3680 1650 Animi-

2016 1677 2140 1741 ξεν,
2185 1678 2243 1730 οὐ
2295 1679 2423 1749 περὶ
2468 1677 2575 1731 τῶν
2627 1677 2949 1747 σωματικῶν
2994 1673 3290 1743 ὀφθαλμῶν
3326 1672 3494 1740 λέγει,
3542 1671 3679 1726 ἀλλά

2017 1766 2142 1834 περὶ
2173 1767 2270 1835 τῆς
2301 1765 2602 1835 αἰσθήσεως
2625 1767 2724 1833 τῆς
2758 1762 2898 1816 κατά
2920 1762 3188 1824 διάνοιαν;

2085 1851 2158 1902 Τὸ
2184 1851 2312 1903 αύτὺ
2330 1851 2393 1904 ἂν
2411 1852 2655 1920 εἴποιμεν
2675 1849 2770 1903 καί⁵
2785 1848 3020 1920 περὶτοῦ
3038 1849 3222 1918 ἐτέρου
3253 1847 3561 1918 ζητήματος
3583 1844 3677 1898 τοῦ

2016 1934 2260 1988 ἐντεῦθεν
2290 1935 2708 1997 ἀνακύπτοντος.
2734 1935 2869 1987 Φασὶ
2907 1934 3034 2003 γάρ’
3068 1933 3164 1985 Διά
3193 1932 3245 1984 τί
3270 1932 3330 1985 τὸ
3360 1931 3514 1998 ξύλον
3537 1947 3679 1998 γνω·

2017 2023 2138 2073 στὸν
2167 2022 2332 2074 καλοῦ
2378 2023 2467 2074 καὶ
2501 2020 2738 2092 πονηροῦ
2772 2020 3038 2083 καλεῖται;
3077 2020 3184 2071 Καὶ
3221 2018 3328 2089 γὰρ
3353 2017 3536 2071 πολλοί
3569 2017 3678 2070 τῶν

2016 2109 2329 2177 φιλονείκως
2368 2109 2723 2178 διακειμένων
2761 2108 2940 2176 λέγειν
2984 2104 3380 2176 ἐπιχειροῦσιν,
3416 2105 3497 2156 ὅτι
3538 2105 3677 2172 μετά

2014 2197 2112 2265 τὴν
2148 2195 2349 2266 βρῶσιν
2392 2196 2487 2248 τοῦ
2524 2195 2677 2260 ξύλου
2711 2194 2808 2266 τὴν
2843 2194 3040 2262 γνῶσιν
3080 2194 3234 2262 ἔσχεν
3287 2195 3316 2245 ό
3369 2191 3538 2261 Ἀδὰμ
3582 2191 3676 2243 τοῦ

2014 2282 2304 2352 διακρίνειν
2324 2283 2385 2336 τὸ
2411 2283 2573 2335 καλὸν
2603 2283 2695 2335 καὶ
2723 2282 2784 2335 τὸ
2812 2284 3022 2353 χείρον’
3054 2279 3212 2334 τοῦτο
3236 2279 3294 2333 δὲ
3315 2279 3414 2349 τῆς
3443 2277 3676 2350 ἐσχάτης

2014 2368 2080 2422 ἀν
2109 2370 2193 2438 εἴη
2224 2370 2427 2432 ἀνοίας.
2455 2369 2554 2422 Διά
2582 2369 2739 2422 τοῦτο
2764 2369 2873 2439 γάρ
2899 2367 3089 2438 πρώην
3112 2366 3286 2420 ταῦτα
3314 2365 3530 2436 προορῶ
3543 2381 3675 2432 δτες,

2015 2455 2252 2510 τοσαῦτα
2283 2457 2409 2526 περὶ
2442 2455 2540 2526 τῆς
2572 2455 2763 2521 σοφίας
2793 2455 2891 2525 τῆς
2925 2453 3073 2526 παρὰ
3097 2452 3192 2506 τοῦ
3230 2451 3365 2504 Θεοῦ
3402 2467 3678 2522 παρασχε-

2017 2542 2200 2612 θείσης
2223 2542 2300 2612 τῷ
2332 2541 2603 2611 ἀνθρώπῳ
2636 2540 3002 2610 διεξήλθομεν,
3030 2539 3333 2601 δεικνύντες
3363 2536 3565 2606 ταύτην
3613 2538 3678 2588 ἐκ

2014 2629 2115 2696 τῆς
2150 2628 2256 2681 τῶν
2293 2629 2571 2698 ὀνομάτων
2603 2627 2824 2690 θέσεως,
2868 2629 2933 2697 ῆν
2977 2628 3088 2688 τοῖς
3137 2625 3344 2696 θηρίοις
3379 2625 3534 2686 πᾶσι,
3584 2624 3678 2675 καὶ

2016 2717 2126 2777 τοῖς
2155 2717 2434 2778 πετεινοῖς,
2468 2715 2561 2766 καὶ
2593 2716 2703 2776 τοῖς
2733 2712 2947 2780 ἀλόγοις
2979 2711 3268 2782 ἐπέθηκεν,
3300 2710 3394 2763 καὶ
3425 2711 3508 2763 ὃτι
3541 2708 3679 2779 μετά

2015 2800 2117 2871 τῆς
2143 2801 2350 2870 ἀφάτου
2386 2800 2587 2870 ταύτης
2629 2799 2818 2868 σοφίας
2851 2799 2947 2852 καὶ
2973 2796 3311 2869 προφητικοῦ
3343 2795 3681 2867 χαρίσματος

2015 2883 2084 2960 ἦν
2125 2887 2444 2958 ἠξιωμένος,
2489 2888 2576 2941 ἵνα
2615 2886 2800 2956 μηδενὶ
2839 2885 2933 2956 ἐξῇ
2974 2884 3132 2937 τοῦτο
3171 2884 3371 2952 λέγειν.
3409 2882 3467 2934 '0
3499 2881 3681 2934 τοίνυν

2019 2976 2113 3029 καὶ
2141 2974 2244 3039 τάς
2290 2973 2660 3046 προσηγορίας
2713 2970 2956 3035 ἐπιθεὶς,
3003 2971 3098 3024 καὶ
3149 2967 3532 3042 προφητεύσας
3580 2966 3682 3038 τὴν

2018 3062 2161 3118 οὕτω
2192 3063 2510 3135 θαυμαστὴν
2541 3060 2876 3134 προφητείαν
2905 3058 3034 3130 περὶ
3059 3057 3157 3128 τῆς
3187 3054 3477 3126 γυναικὸς,
3513 3054 3690 3109 καθάο

2020 3168 2127 3222 περ
2167 3151 2268 3225 ῆδη
2316 3152 2652 3224 εἰρήκαμεν,
2699 3150 2816 3213 πῶς
2859 3148 2926 3203 ἀν
2960 3148 3146 3218 ⁴Ιιγνόει
3177 3145 3231 3200 τί
3279 3144 3378 3216 μὲν
3411 3143 3596 3208 καλὸν,
3627 3143 3683 3196 τί

2019 3239 2077 3292 δὲ
2112 3239 2377 3310 πονηρόν;
2407 3239 2471 3294 Εἰ
2502 3237 2611 3310 7&9
2657 3237 2722 3309 δὴ
2758 3235 2914 3291 τοῦτο
2942 3233 3363 3304 καταδεξώμεθα
3395 3232 3445 3303 (δ
3479 3232 3555 3303 μὴ
3590 3232 3685 3300 γὲ-

2019 3327 2204 3396 νοιτο),
2247 3326 2409 3380 πάλιν
2461 3327 2540 3389 εἰς
2579 3323 2672 3377 τὸν
2705 3322 3043 3396 Δημιουργδν
3091 3321 3158 3373 τά
3196 3320 3294 3390 τῆς
3334 3317 3685 3388 βλασφημίας

2025 3413 2495 3483 μετενεχθήσεται.
2516 3411 2636 3476 ιΙῶς
2651 3410 2759 3482 γάρ
2779 3411 2873 3464 καὶ⁵
2895 3408 3198 3463 ἐνετέλλετο
3211 3405 3514 3475 ἀγνοοῦντι,
3532 3403 3682 3476 [151]

2020 3500 2102 3553 ὅτι
2141 3499 2308 3552 κακὸν
2343 3501 2376 3568 ή
2416 3498 2757 3569 παράϐασις;
2794 3495 2932 3549 Ἀλλ’
2961 3495 3061 3548 οὐκ
3102 3493 3218 3546 ἐστι
3249 3491 3426 3553 τοῦτο,
3465 3491 3541 3561 μὴ
3587 3490 3683 3557 γέ-

2022 3603 2194 3640 νοιτοο
2228 3585 2345 3639 ἀλλ’
2372 3585 2488 3656 ᾔδει
2529 3582 2733 3652 σαφῶς.
2780 3584 2878 3634 Διά
2915 3581 3024 3650 7&9
3051 3577 3208 3632 τοῦτο
3250 3577 3311 3642 ἐξ
3353 3576 3530 3648 ἀρχῆς
3562 3577 3686 3630 αύτ-

2023 3673 2262 3739 εξούσιον
2288 3672 2436 3726 τουτὶ
2462 3671 2525 3724 τό
2565 3671 2700 3736 ζῶον
2735 3666 3154 3722 κατεσκεύασεν.
3189 3665 3251 3718 Εἰ
3283 3665 3390 3736 γάρ
3421 3665 3496 3734 μὴ
3524 3663 3685 3717 τοῦτο

2021 3757 2112 3832 ῆν,
2148 3759 2270 3813 οὔτε
2304 3758 2629 3830 παραϐάντα
2655 3757 2753 3827 τὴν
2781 3753 2996 3826 ἐντολὴν
3039 3751 3366 3822 κολασθῆναι
3406 3751 3534 3816 ἔδει,
3561 3749 3684 3804 οὔτε

2026 3847 2332 3916 φυλάξαντα
2365 3845 2635 3916 ἀποδοχῆς
2680 3841 2997 3913 ἀξιωθῆναι.
3028 3840 3150 3893 Ὅτι
3183 3837 3292 3909 7&9
3320 3837 3411 3891 διά
3448 3836 3547 3908 τὴν
3577 3853 3685 3890 πα-

2027 3933 2257 4004 ράϐασιν
2294 3932 2485 4004 θνητὸς
2517 3929 2730 4000 γέγονε,
2761 3927 2919 3998 δῆλον
2967 3926 3059 3981 καὶ
3102 3925 3162 3993 ἐξ
3194 3925 3365 3996 αὐτῆς
3406 3925 3503 3995 τῆς
3534 3925 3686 3979 ἐντο-

2024 4021 2142 4091 λῆς,
2171 4022 2266 4074 καὶ
2307 4022 2371 4073 ἐκ
2407 4016 2514 4072 τῶν
2551 4017 2688 4086 μετά
2728 4015 2902 4070 ταῦτα
2949 4012 3289 4083 συμϐάντων.
3331 4013 3528 4066 Ι’Δκουε
3577 4013 3688 4083 γάρ

2025 4109 2192 4179 αὐτῆς
2219 4108 2319 4178 τῆς
2355 4105 2608 4175 γυναικὸς
2635 4101 2900 4172 λαλούσης
2948 4098 3023 4171 τῷ
3061 4099 3211 4168 δφει·
3266 4098 3399 4152 Ἀπὸ
3453 4099 3690 4166 καρποῦ

2025 4196 2133 4250 τοῦ
2174 4195 2363 4260 ξύλου
2401 4191 2506 4246 τοῦ
2553 4190 2622 4244 ὲν
2675 4189 2844 4260 μέσῳ
2889 4186 2996 4242 τοῦ
3045 4185 3437 4255 παραδείσου,
3476 4179 3627 4237 εἶπεν
3659 4186 3690 4238 ό

2026 4282 2178 4346 Θεὸς,
2216 4282 2287 4334 οὐ
2314 4279 2400 4350 μὴ
2436 4279 2697 4350 μάχεσθε
2721 4275 2822 4333 ἀπ’
2850 4274 3057 4339 αὑτοῦ,
3088 4274 3189 4327 ἵνα
3221 4271 3308 4343 μὴ
3329 4269 3689 4339 ἀποθάνητε.

2031 4372 2189 4424 Ὥστε
2223 4369 2330 4441 πρὸ
2375 4369 2472 4438 τῆς
2522 4365 2775 4438 βρώσεως
2820 4363 3077 4418 ἀθάνατοι
3128 4361 3448 4431 ἐτύγχανον·
3483 4359 3533 4414 εί
3581 4359 3692 4430 7&9

2031 4459 2106 4528 μὴ
2133 4455 2291 4510 τοῦτο
2317 4451 2404 4526 ῆν,
2429 4455 2530 4507 οὐκ
2557 4456 2625 4506 ἀν
2655 4451 2793 4524 μετά
2817 4451 2915 4522 τὴν
2941 4449 3140 4522 βρῶσιν
3163 4449 3222 4503 ἐν
3249 4448 3400 4516 τάξει
3424 4447 3692 4521 τιμωρίας

2027 4545 2211 4606 αὐτοῖς
2241 4543 2486 4614 ἐπήγαγε
2513 4540 2605 4594 τόν
2635 4540 2884 4593 θάνατον.

2100 4647 2174 4705 ς’.
2197 4639 2294 4701 Τίς
2324 4639 2390 4692 ἀν
2421 4634 2513 4691 οὖν
2541 4637 2831 4705 ἀνάσχοιτο
2866 4631 2974 4686 τῶν
3001 4633 3179 4699 λέγειν
3216 4631 3575 4700 βουλομένων,
3607 4631 3690 4683 ὅτι

2032 4727 2170 4799 μετά
2213 4726 2313 4796 τὴν
2351 4725 2458 4779 ἀπὸ
2491 4723 2584 4777 τοῦ
2619 4722 2778 4788 ξύλου
2824 4719 3026 4790 βρῶσιν
3068 4718 3193 4786 ἔσχε
3221 4717 3320 4786 τὴν
3353 4716 3554 4783 γνῶσιν
3594 4715 3690 4768 τοῦ

2027 4833 2085 4869 τε
2125 4813 2288 4868 καλοῦ
2333 4812 2428 4866 καὶ
2464 4810 2557 4864 τοῦ
2592 4805 2828 4879 πονηροῦ
2862 4809 2889 4858 ὁ
2928 4804 3231 4874 ἀνθρωπσς,
3264 4803 3424 4857 όπότε
3459 4805 3553 4855 καὶ
3586 4802 3692 4874 πρὸ

2026 4905 2126 4974 τῆς
2174 4900 2426 4972 βρώσεως
2464 4895 2733 4964 τοσαύτης
2773 4889 2840 4964 ἦν
2891 4893 3078 4959 σοφίας
3113 4890 3558 4961 πεπληρωμένος,
3596 4890 3692 4942 καὶ

2032 4989 2167 5060 μετά
2212 4988 2309 5055 τῆς
2351 4985 2543 5052 σοφίας
2572 4983 2666 5035 καὶ
2706 4979 3045 5052 προφητικοῦ
3082 4978 3417 5060 χαρίσματος
3453 4975 3692 5060 ῆξιωμέέ

2027 5057 2149 5134 νος;
2199 5070 2309 5122 Καὶ
2351 5066 2466 5129 πῶς
2517 5065 2582 5118 ἀν
2634 5064 2743 5134 ἔχοι
2789 5063 2955 5116 ταῦτα
3005 5061 3193 5128 λόγον,
3241 5057 3399 5127 αἶγας
3445 5059 3544 5128 μὲν
3596 5059 3692 5110 καὶ

2030 5151 2294 5221 πρόϐατα,
2329 5149 2422 5202 καὶ
2464 5150 2642 5203 πᾶσαν
2687 5148 2785 5217 τὴν
2834 5147 2941 5198 τῶν
2985 5144 3193 5212 ἀλόγων
3242 5143 3400 5211 φύσιν
3455 5141 3687 5202 εἰδέναι,

2031 5235 2158 5288 ποία
2196 5234 2294 5304 μὲν
2328 5232 2523 5302 βοτάνη
2568 5231 2704 5303 πρὸς
2743 5231 2944 5300 τροφὴν
2983 5225 3282 5298 ἐπιτηδεία,
3322 5223 3448 5275 ποία
3486 5223 3542 5276 δὲ
3574 5223 3692 5275 ὀλε-

2030 5317 2178 5388 θρία.
2206 5319 2298 5371 καὶ
2321 5315 2427 5370 τῶν
2460 5317 2556 5387 μέν
2584 5315 2882 5385 ἀπέχεσθαι
2915 5311 3052 5383 μετά
3083 5310 3283 5379 πολλῆς
3311 5308 3409 5378 τῆς
3434 5306 3688 5376 σπουδῆς,

2029 5409 2147 5469 ταῖς
2177 5405 2234 5458 δέ
2267 5404 2599 5475 ἐπιτρέχειν·
2629 5401 2720 5455 τὸν
2757 5402 2812 5454 δὲ
2855 5400 3156 5470 ἄνθρωπον,
3187 5396 3246 5449 τὸ
3281 5395 3497 5464 λογικὸν
3529 5394 3688 5458 ζῶον,

2031 5494 2243 5560 ἀγνοεῖν
2268 5492 2321 5544 τί
2357 5491 2454 5561 μὲν
2487 5489 2669 5550 καλὸν,
2701 5487 2752 5539 τί
2794 5487 2851 5539 δέ
2897 5483 3158 5554 πονηρόν;
3205 5481 3343 5534 Ἀλλ’
3372 5481 3501 5542 ἰδοὺ,
3534 5480 3688 5549 φησὶ,

2033 5580 2188 5648 ξύλον
2238 5577 2476 5647 γνωστὸν
2525 5574 2688 5629 καλοῦ
2738 5574 2831 5627 καὶ
2875 5571 3109 5643 πονηροῦ
3167 5569 3300 5623 αὐτὸ
3347 5569 3603 5624 ἐκάλεσεν
3650 5569 3684 5639 η

2032 5668 2243 5739 Γραφή.
2293 5661 2423 5718 Οἶδα
2469 5663 2656 5731 κάγώ·
2698 5661 2812 5715 ἀλλ’
2862 5659 2954 5714 ἐάν
2997 5659 3064 5713 τά
3104 5657 3366 5728 ἰδιώματα
3409 5656 3510 5727 τῆς
3541 5655 3690 5718 θείας

2038 5755 2258 5825 Γμφῆς
2294 5749 2486 5820 μαθεῖν
2516 5748 2801 5820 βουληθῇς,
2833 5748 2957 5821 εἴσῃ
2983 5748 3124 5810 τίνος
3156 5747 3343 5799 ’ἐνεκεν
3375 5746 3475 5817 τὴν
3500 5747 3692 5814 όνομαυ

2031 5841 2153 5895 σίαν
2206 5839 2411 5909 ταύτην
2449 5837 2683 5908 ἐπέθηκε
2727 5836 2803 5907 τῷ
2854 5836 3016 5909 ξύλῳ.
3063 5835 3138 5890 οὐ
3173 5836 3279 5905 γάρ
3325 5833 3512 5902 ἐπειδὴ
3562 5832 3692 5885 αὐτὸ

2032 5929 2127 6001 τὴν
2155 5925 2352 5997 γνῶσιν
2389 5928 2665 5998 παρεῖχεν,
2689 5924 2862 5991 οὓτως
2896 5927 3170 5983 ἐκαλεῖτο·
3205 5923 3318 5980 ἀλλ’
3346 5918 3533 5991 ἐπειδὴ
3568 5917 3688 5980 περὶ
