4144 6200
284 365 385 420 £33

275 476 543 542 mandati,
571 487 624 532 et
666 493 728 530 ex
774 474 863 528 illo
904 483 1084 533 postea
1122 466 1340 524 intravit
1374 465 1576 537 peccati
1619 463 1851 534 cognitio

275 582 436 639 atque
461 567 653 638 pudor,
688 575 965 636 propterea
994 564 1070 618 sic
1093 560 1415 633 appellatum
1444 566 1547 615 est.
1569 557 1682 612 Mos
1711 558 1850 611 enim

274 660 470 713 divin-.e
509 657 797 727 Scriptura:
825 663 925 720 est,
952 670 979 707 a
1028 653 1191 709 rebus
1233 651 1595 722 accidentibus
1640 651 1851 702 nomina

274 751 405 804 locis
436 751 732 818 imponere,
763 746 853 801 ubi
900 761 987 801 res
1035 744 1369 813 contingunt.
1414 742 1595 811 anue
1637 750 1850 810 propte.

275 842 472 911 lignum
515 840 614 894 hoc
645 838 861 893 vocavit
884 837 1153 906 Scriptura
1188 835 1361 890 divina
1385 834 1584 903 lignum
1614 832 1851 886 scienti:e

274 932 396 985 boui
446 940 499 986 et
529 930 674 994 tnali,
697 929 816 999 quia
853 929 991 993 circa
1033 926 1157 981 illttd
1205 924 1557 995 transgressio
1585 933 1639 977 et
1664 922 1850 975 obser-

275 1025 415 1076 vatio
452 1023 682 1076 mandati
717 1030 849 1075 erat.
882 1019 1148 1088 Benignus
1173 1021 1314 1072 enim
1358 1016 1611 1071 Dominus
1639 1028 1668 1067 a
1702 1013 1851 1082 prin-

274 1114 414 1183 cipio
442 1113 635 1166 docere
665 1111 848 1165 volens
880 1109 1153 1164 hominem
1173 1151 1187 1173 ,
1216 1106 1548 1163 conditorem
1580 1112 1633 1159 ct
1680 1103 1849 1158 facto-

276 1219 387 1257 rem
435 1219 586 1257 suum
630 1218 748 1257 esse
791 1202 1076 1256 visibilium
1127 1200 1362 1254 omnium
1413 1196 1668 1269 Opiticem
1696 1239 1711 1261 ,
1761 1194 1848 1263 qtti

276 1295 449 1364 ipsum
477 1294 752 1361 formavit,
783 1309 876 1365 per
903 1308 1120 1364 parvum
1154 1291 1292 1346 istud
1335 1291 1640 1344 mandatum
1673 1298 1852 1342 osten-

276 1385 403 1442 dere
427 1388 591 1441 voluit
619 1402 676 1442 se
701 1387 972 1442 dominum
998 1400 1117 1439 esse
1139 1403 1152 1447 ;
1174 1394 1228 1440 et
1253 1384 1403 1454 quasi
1429 1383 1659 1437 liberatis
1680 1381 1848 1435 domi

276 1493 376 1530 nus
400 1518 415 1541 ,
456 1493 702 1547 magnam
734 1485 788 1533 et
813 1476 1178 1531 admirabilem
1201 1474 1483 1541 quamdam
1508 1472 1723 1527 domum
1754 1472 1850 1524 ali-

272 1567 426 1636 cujus
452 1568 569 1621 usui
597 1567 803 1621 donans
822 1608 837 1632 ,
869 1576 923 1620 et
952 1580 1057 1619 non
1087 1573 1252 1618 totum
1298 1562 1520 1633 pretium
1542 1604 1556 1627 ,
1608 1561 1703 1615 sed
1755 1560 1851 1612 ali-

269 1658 580 1727 quantulam
612 1657 727 1725 ejus
755 1668 957 1725 partem
987 1655 1229 1723 accipere
1265 1655 1374 1706 vult
1393 1692 1408 1717 ,
1442 1662 1493 1705 ut
1521 1650 1738 1709 dominii
1765 1650 1850 1719 jus

270 1747 472 1801 salvum
503 1747 602 1801 sibi
631 1755 877 1811 maneat,
908 1755 960 1800 et
990 1744 1076 1800 ille
1102 1745 1310 1799 interim
1335 1743 1487 1809 sciat,
1507 1757 1566 1797 se
1592 1756 1695 1795 non
1723 1740 1852 1794 :rdi-

271 1838 374 1892 ﬁcii
401 1839 417 1869 ¹
450 1836 720 1891 dominum
747 1852 900 1901 esse,
940 1836 1034 1892 sed
1069 1837 1236 1906 gratia
1269 1845 1323 1889 et
1353 1834 1701 1889 beneﬁcentia
1743 1833 1847 1887 do-

268 1926 396 1981 mini
445 1926 538 1980 illo
581 1926 681 1982 frui
711 1943 726 1981 :
755 1927 833 1981 sic
884 1928 1065 1996 utique
1100 1937 1155 1980 et
1184 1926 1442 1979 Dominus
1483 1934 1696 1992 noster,
1726 1939 1847 1978 cum

270 2017 495 2071 visibilia
525 2015 643 2072 ha-e
670 2018 847 2070 omnia
875 2016 1078 2070 homini
1107 2015 1465 2079 concederet,
1487 2025 1540 2069 et
1570 2022 1849 2083 praestaret

276 2109 352 2163 illi
386 2119 441 2163 ut
472 2120 775 2163 versaretur
819 2109 871 2162 in
899 2108 1147 2177 paradiso
1166 2147 1180 2169 ,
1210 2115 1265 2161 et
1307 2106 1573 2160 frueretur
1601 2105 1850 2159 omnibus

272 2215 393 2269 quae
432 2197 483 2253 itt
515 2199 605 2253 illo
652 2208 841 2266 erant,
869 2207 929 2252 ut
971 2214 1037 2253 ne
1070 2198 1324 2268 paulatim
1377 2197 1624 2251 seductus
1671 2196 1850 2249 animo

276 2297 486 2356 putaret
530 2303 641 2355 res,
686 2305 805 2357 qua:
853 2288 953 2343 sub
1001 2298 1275 2359 aspectum
1327 2287 1541 2353 cadunt,
1583 2294 1849 2340 automata

270 2392 408 2442 esse,
434 2377 605 2447 deque
655 2392 749 2431 sua
787 2376 1044 2447 dignitate
1070 2378 1234 2433 altius
1272 2377 1540 2447 quidpiam
1586 2375 1846 2437 sentiret,

267 2463 420 2525 iussit
448 2467 514 2521 ab
540 2484 644 2521 uno
664 2468 808 2537 ligno
832 2468 1124 2533 abstinere,
1149 2482 1338 2537 magna
1363 2466 1576 2521 deﬁnita
1609 2480 1785 2535 poena,
1804 2465 1848 2518 si

273 2558 885 2629 boctransgrederetur,
912 2569 973 2614 ut
1019 2561 1158 2614 scire
1208 2569 1425 2629 posset,
1467 2573 1525 2613 se
1571 2558 1845 2612 dominum

270 2648 468 2705 habere
487 2690 502 2715 ,
531 2650 684 2719 cujus
713 2651 1029 2706 liberalitate
1070 2651 1231 2706 etiam
1274 2651 1484 2704 czcteris
1511 2649 1672 2705 rebus
1701 2647 1845 2702 fruc-

269 2750 438 2795 retur.
469 2740 667 2797 Verum
698 2742 820 2812 quia
849 2742 1074 2796 multum
1122 2742 1514 2797 inconsiderate
1557 2755 1616 2795 se
1654 2753 1847 2810 gerens

269 2848 372 2887 una
394 2849 513 2888 eum
541 2849 708 2889 uxore
738 2834 789 2888 in
813 2843 1010 2888 tantam
1038 2833 1245 2889 ruinam
1269 2833 1521 2899 concidit,
1540 2833 1679 2903 quod
1707 2848 1846 2902 prat-

268 2934 479 2993 ceptutn
515 2934 875 2994 transgressus
897 2933 1060 2993 esset,
1084 2932 1138 2979 et
1158 2924 1225 2979 de
1253 2924 1396 2994 ligno
1420 2932 1705 2995 gustasset,
1725 2923 1847 2978 ideo

270 3013 469 3083 lignum
498 3014 668 3083 ipsum
702 3014 938 3068 scientiae
982 3014 1103 3068 boni
1133 3020 1189 3067 et
1217 3014 1339 3067 mali
1371 3012 1680 3067 nominavit.
1728 3010 1844 3065 Non

272 3104 410 3175 quod
440 3115 594 3160 antea
635 3104 965 3175 ignoraverit
997 3105 1194 3159 bonum
1235 3112 1289 3157 et
1325 3104 1526 3158 malum
1560 3119 1575 3156 :
1607 3117 1729 3156 nam
1767 3102 1847 3156 sic

270 3211 374 3249 non
408 3193 686 3265 ignoravit,
709 3204 769 3248 ut
788 3194 1020 3263 serpenti
1043 3194 1236 3248 mulier
1256 3193 1450 3248 dixerit
1477 3209 1489 3246 :
1520 3191 1663 3246 Dixit
1687 3191 1842 3256 Deus,

271 3282 354 3337 Ne
391 3283 758 3337 comedetist
797 3283 923 3349 illo,
968 3299 1031 3337 ne
1077 3284 1397 3347 moriemini;
1421 3282 1598 3352 itaque
1643 3282 1848 3336 sciebat

267 3385 494 3431 mortem
517 3390 727 3445 ptenam
755 3389 893 3437 esse,
913 3376 956 3429 si
980 3375 1285 3429 mandatum
1306 3373 1841 3443 transgrederentur:

268 3466 361 3520 sed
392 3466 514 3534 quia
540 3474 659 3532 post
690 3464 846 3533 hujus
874 3478 1025 3518 esum
1056 3472 1109 3518 et
1140 3478 1369 3532 superna
1397 3464 1563 3532 gloria
1589 3463 1800 3530 spoliati
1826 3503 1842 3527 ,

269 3565 326 3610 et
350 3554 656 3608 sensibilem
688 3553 1031 3607 nudationetn
1064 3554 1269 3621 esperti
1300 3565 1424 3606 sunt
1452 3555 1501 3619 ',
1529 3553 1650 3607 ideo
1679 3567 1809 3606 voca
1828 3583 1844 3593 -

269 3645 347 3700 vit
386 3645 583 3713 lignum
630 3643 869 3698 scientia:
901 3643 1021 3697 boni
1075 3651 1127 3696 et
1170 3644 1293 3695 mali
1330 3652 1481 3697 :erat
1528 3643 1669 3697 enim
1704 3643 1844 3696 circa

269 3735 397 3790 illud
426 3735 577 3805 quasi
608 3735 850 3803 qumdam
885 3734 1200 3789 obedit-ntite
1227 3735 1558 3789 exercitatio.

342 3824 559 3880 litoralis
580 3825 879 3879 exhortatio.
905 3855 969 3865 —
989 3826 1254 3880 Didicistis
1280 3843 1444 3896 quare
1469 3827 1601 3881 dixit
1630 3843 1646 3882 :
1673 3828 1847 3896 Aperti

269 3926 383 3970 sunt
412 3915 545 3969 oculi
573 3916 794 3981 illorum,
813 3926 858 3969 et
875 3928 1205 3987 cognoverunt
1229 3917 1365 3988 quod
1392 3920 1516 3979 nudi
1536 3930 1678 3973 erant
1696 3919 1721 3972 ?
1741 3920 1843 3975 Co-

269 4006 529 4072 gnovistis
573 4021 737 4072 quare
788 4006 985 4075 lignum
1032 4006 1133 4062 hoc
1182 4010 1420 4064 scientiae
1462 4010 1583 4065 boni
1627 4021 1681 4066 et
1717 4012 1841 4066 mali

268 4094 723 4165 vocetur?Cogita
752 4096 892 4150 enim
921 4105 1117 4165 quanto
1143 4097 1342 4165 pudore
1370 4098 1545 4153 :tfl‘ecli
1569 4109 1694 4154 sunt
1724 4109 1843 4169 post

268 4185 426 4255 hujus
478 4201 663 4252 esum,
716 4201 834 4241 cum
886 4190 1198 4259 transgressi
1249 4188 1471 4245 fuissent
1517 4202 1840 4261 praeceptum

265 4277 474 4333 Domini
508 4276 855 4334 :Ccnsuerunt
878 4282 1017 4334 enim
1046 4282 1172 4353 folia
1213 4283 1372 4352 ﬁcus,
1404 4293 1450 4337 et
1490 4288 1710 4354 fecerunt
1749 4286 1843 4339 sibi

263 4370 613 4424 succinctoria.
649 4370 780 4426 Vide
805 4385 835 4424 a
865 4382 1059 4441 quanta
1089 4373 1258 4443 gloria
1290 4374 1340 4428 in
1371 4383 1622 4442 quautam
1667 4376 1843 4430 vilita-

266 4467 373 4516 tem
416 4460 627 4516 deducti
656 4462 782 4516 sint.
812 4461 915 4527 Qui
946 4474 1103 4518 antea
1144 4465 1293 4533 quasi
1335 4474 1620 4523 terrestres
1664 4468 1837 4537 angeli

265 4550 537 4613 vivebant,
568 4563 776 4622 tegmen
817 4554 917 4609 sibi
965 4570 1029 4609 ex
1078 4554 1222 4612 foliis
1251 4558 1571 4625 excogitant.
1613 4559 1837 4615 Tantum

264 4643 460 4697 malum
489 4652 572 4698 est
595 4655 889 4713 peccatum.
922 4646 1036 4701 Non
1064 4648 1236 4702 solum
1266 4651 1406 4703 enim
1433 4666 1529 4705 nos
1551 4665 1580 4704 a
1608 4667 1835 4721 superna

263 4732 626 4788 benevolentia
654 4736 857 4790 alienos
883 4736 1040 4804 facit,
1073 4738 1167 4793 sed
1202 4750 1256 4794 et
1286 4740 1352 4794 ad
1395 4742 1617 4795 multum
1665 4742 1838 4810 pudo-

262 4838 377 4878 rem
405 4834 459 4877 et
482 4824 739 4879 vilitatem
784 4827 1042 4883 deducit:
1081 4839 1133 4883 et
1184 4845 1303 4884 cum
1331 4847 1430 4886 nos
1472 4834 1641 4902 privat
1683 4834 1839 4889 bonis

261 4930 382 4983 quae
407 4912 518 4982 jam
542 4915 970 4984 possidebamus,
1001 4937 1215 4975 omnent
1250 4922 1408 4975 etiam
1453 4923 1694 4978 ﬁduciam
1742 4940 1839 4979 au-

261 5003 376 5058 fert.
409 5001 517 5059 Sed
537 5018 605 5058 ne
629 5019 838 5060 sursum
862 5008 1219 5080 deorsumque
1255 5013 1507 5068 rersando
1536 5026 1832 5083 peccatum,

259 5091 401 5162 quod
432 5106 530 5162 per
554 5107 704 5148 esum
751 5095 876 5166 ligni
912 5108 965 5152 et
992 5099 1402 5156 inobedicntiam
1434 5102 1703 5175 hominem
1743 5106 1836 5161 de-

255 5182 405 5251 jeeit,
436 5181 729 5238 luctuosior
772 5187 963 5242 evadat
1012 5191 1185 5243 oratio
1214 5212 1227 5246 :
1259 5207 1374 5260 age,
1406 5194 1450 5246 si
1514 5194 1720 5263 placet,
1769 5196 1836 5251 ab

259 5270 366 5327 hoc
397 5272 541 5343 ligno
569 5272 636 5327 ad
663 5274 827 5337 aliud,
860 5293 1050 5347 nempe
1079 5280 1144 5335 ad
1178 5281 1373 5350 lignum
1402 5284 1605 5348 crucis,
1631 5300 1836 5339 sermo-

258 5379 382 5419 nem
413 5371 704 5431 vertamus,
722 5375 777 5420 et
804 5369 1078 5424 videamus
1098 5386 1341 5440 quaenam
1369 5374 1506 5430 mala
1536 5375 1664 5430 illud
1696 5376 1836 5430 intu-

257 5451 339 5515 lit,
362 5462 418 5509 et
460 5470 579 5539 qua:
616 5455 755 5510 bona
801 5457 939 5513 istud
981 5461 1316 5530 conciliavit;
1345 5464 1452 5520 imo
1501 5480 1606 5521 non
1635 5467 1832 5537 lignum

323 5589 340 5653 ξ
374 5597 555 5640 annes
575 5589 681 5653 fere
697 5592 896 5653 habent,
920 5596 1189 5647 creationis.

285 5651 494 5723 “3.3795
515 5660 618 5702 “55-
644 5652 837 5716 legum»
861 5651 1020 5719 θναιὶα
1041 5664 1086 5708 σε
1106 5657 1262 5723 gloria
1282 5660 1468 5716 sootiati
1488 5677 1541 5716 se
1564 5678 1699 5717 nosse
1720 5680 1829 5719 scn-

250 5709 453 5764 st'ln'liter
473 5709 735 5776 contemni.

1315 352 1377 408 IN
1416 351 1565 409 CAP.
1608 350 1694 405 ιιι.
1734 343 1974 405 GENES.
2016 343 2245 402 llOMlL.
2288 345 2445 431 XVII.
3444 356 3536 407 135

1964 457 2137 511 attulit
2158 459 2314 520 mala,
2344 441 2439 514 Sed
2468 458 2710 513 voluntas
2734 458 2933 529 segnis,
2963 468 3017 514 et
3040 468 3375 531 contemptus
3402 478 3542 532 pne-

1961 550 2127 618 cepti.
2178 548 2402 618 Lignum
2446 549 2573 604 illud
2614 559 2840 604 mortem
2887 550 3175 605 introduXit
3209 569 3224 605 :
3253 567 3375 606 nam
3420 567 3538 622 post

1964 642 2454 709 prmvarirationem
2485 656 2629 696 mors
2659 641 2906 708 intravit,
2937 641 3032 696 sed
3055 642 3191 696 istud
3224 643 3537 698 immortali-

1963 742 2120 786 tatem
2154 733 2398 803 largitum
2444 742 2558 798 est;
2591 733 2718 787 illud
2761 747 2792 788 e
2829 733 3074 803 paradiso
3100 734 3289 802 ejecit,
3319 736 3458 790 istud
3488 737 3540 790 itt

1958 824 2117 876 cretes
2143 838 2240 876 nos
2272 823 2520 887 reduxit;
2552 822 2677 878 illud
2710 834 2926 892 propter
2969 839 3124 876 unam
3168 827 3543 895 transgressio-

1958 927 2079 964 nem
2108 912 2236 965 tattti
2255 912 2499 981 supplicii
2523 929 2668 966 reum
2688 912 2854 966 Adam
2879 912 3163 978 fecit,istud
3185 929 3281 968 nos
3298 915 3539 983 plurimis

1959 1012 2294 1071 peccatorum
2339 1003 2561 1057 sarcinis
2588 1004 2921 1068 exoneravit,
2953 1003 3306 1072 fiduciamque
3335 1005 3401 1058 ad
3432 1005 3504 1059 De
3525 1036 3537 1047 -

1958 1092 2158 1146 minunt
2188 1093 2342 1147 nobis
2370 1094 2880 1150 coneessit.\’idistis
2903 1094 3028 1164 ligni
3058 1103 3114 1148 et
3139 1094 3263 1165 ligtti
3291 1096 3539 1151 differenv

1958 1182 2124 1236 tiam?
2153 1183 2358 1237 vidistis
2399 1183 2596 1238 diaboli
2639 1185 3016 1254 malignitatem
3043 1225 3059 1249 ,
3089 1183 3321 1239 hominis
3358 1200 3516 1255 pecca

1957 1282 2066 1327 tum
2088 1315 2104 1339 ,
2125 1283 2180 1328 et
2210 1273 2420 1328 Domini
2449 1275 2868 1329 misericordiam
2890 1275 2915 1328 ἲ
2943 1276 3226 1329 Armenius
3246 1276 3425 1346 itaque
3444 1291 3540 1331 nos

1958 1363 2123 1433 ipsos,
2155 1363 2399 1431 obsecro,
2421 1366 2713 1433 carissimi,
2743 1366 2907 1419 armis
2950 1366 3076 1436 ligni
3116 1365 3272 1435 hujus
3318 1367 3535 1434 vivilici,

1956 1453 2226 1524 ipsiusque
2247 1457 2443 1511 virtute
2463 1457 2791 1528 perniciosos
2811 1458 2988 1511 animo
3010 1457 3231 1513 aﬁ'cetus
3252 1459 3539 1513 mortitice-

1954 1558 2109 1610 mus;
2135 1545 2211 1598 uti
2238 1553 2291 1600 et
2328 1546 2601 1614 apostolus
2631 1546 2825 1601 Paulus
2851 1546 2932 1602 his
2962 1547 3142 1602 verbis
3172 1559 3352 1604 monet
3385 1567 3398 1603 :
3432 1550 3533 1617 Qui

1953 1647 2068 1688 vero
2099 1644 2214 1688 sunt
2243 1632 2448 1703 Christi,
2477 1652 2678 1691 carnem
2724 1637 3082 1706 curri/iurant
3121 1655 3235 1692 cum
3281 1638 3541 1706 alfectibus

1952 1732 2001 1778 et
2026 1725 2440 1794 concupiscentiis
2468 1725 2610 1797 (Gal.
2638 1727 2692 1782 5.
2720 1726 2845 1796 Ἃ).
2874 1728 3025 1796 Quod
3063 1739 3240 1783 autem
3274 1729 3433 1796 dicit,
3457 1741 3538 1787 est

1952 1816 2290 1887 bujusmodi:
2321 1816 2422 1885 Qui
2463 1832 2522 1873 se
2553 1827 2692 1872 totos
2730 1818 2945 1873 Christo
2987 1819 3320 1887 dedicarunt,
3348 1822 3538 1877 absur-

1951 1907 2074 1961 dam
2116 1923 2332 1962 omnem
2359 1910 2843 1977 concupiscentiam
2891 1910 3272 1964 mortiliearunt
3301 1912 3353 1965 itt
3379 1927 3539 1966 carne

1952 2001 2244 2063 subortam,
2264 2009 2320 2053 ut
2344 2015 2532 2054 omnes
2552 2001 2714 2054 animi
2741 2012 3044 2070 corrumpat
3068 2003 3539 2070 operationes.llos

1952 2092 2112 2161 igitur
2157 2102 2212 2144 et
2264 2104 2362 2144 nos
2404 2090 2711 2155 imitantes,
2745 2092 2981 2145 membra
3029 2102 3206 2146 nostra
3235 2093 3302 2145 ad
3334 2093 3529 2148 bellum

1952 2178 2278 2232 instruamus
2306 2178 2562 2233 adversus
2593 2179 2927 2250 tyrannidem
2958 2195 3023 2235 ex
3056 2180 3313 2237 diabolica
3343 2197 3537 2252 opera-

1956 2271 2099 2323 tione
2124 2260 2177 2322 in
2201 2281 2300 2322 nos
2336 2268 2696 2338 insurgentem
2719 2309 2733 2333 ,
2763 2278 2819 2323 ut
2848 2278 2903 2323 et
2929 2269 2980 2323 itt
3013 2271 3262 2338 prmscnti
3292 2272 3393 2325 vita
3426 2280 3536 2326 tur-

1953 2358 2227 2414 bulentum
2256 2359 2358 2414 hoc
2376 2368 2433 2414 et
2457 2360 2814 2429 periculosum
2842 2376 2988 2414 mare
3016 2361 3277 2431 intrepide
3307 2363 3536 2431 trajiciu-

1953 2465 2093 2515 mus,
2120 2459 2173 2503 et
2193 2450 2258 2504 ad
2289 2449 2483 2505 divina:
2508 2450 2844 2520 benignitatis
2870 2452 3186 2519 tranquillos
3206 2460 3389 2522 portus
3417 2467 3536 2522 pcr-

1954 2542 2248 2607 venientes,
2281 2540 2421 2596 bona
2451 2542 2616 2597 Deum
2639 2540 2979 2611 diligentibus
3003 2543 3260 2612 promissa
3282 2545 3535 2613 consequi

1952 2634 2222 2688 valeamus
2244 2675 2259 2701 ,
2289 2633 2342 2688 in
2372 2632 2585 2688 Christo
2610 2632 2735 2686 Jesu
2764 2633 2987 2687 Domino
3017 2642 3201 2688 nostro
3220 2675 3237 2699 ,
3263 2634 3347 2688 cui
3367 2634 3535 2704 gloria

1951 2740 2073 2781 cum
2103 2725 2259 2781 Patre
2283 2734 2339 2780 et
2379 2733 2566 2780 sancto
2590 2722 2790 2793 Spiritu
2817 2767 2831 2789 ,
2859 2740 2999 2780 nunc
3034 2735 3089 2780 et
3125 2739 3371 2795 semper,
3399 2735 3447 2780 et
3482 2726 3536 2779 in

1951 2816 2145 2871 sarcula
2177 2817 2514 2872 szeculorum.
2544 2817 2736 2871 Amen.

2502 2947 2774 3005 llOMlLlA
2817 2947 2979 3004 XVII.

2022 3061 2091 3117 Et
2118 3063 2414 3139 audiverunt
2456 3077 2627 3116 vocem
2667 3062 2874 3116 Domini
2920 3062 3018 3117 Dei
3059 3063 3426 3119 deambulantis
3475 3065 3531 3119 in

2210 3155 2447 3226 paradiso
2473 3154 2525 3208 in
2552 3154 2759 3208 meridie
2786 3154 2859 3223 (α)
2893 3152 2912 3225 (
2934 3149 3061 3209 Gen.
3087 3155 3140 3210 5.
3165 3155 3199 3211 8
3225 3156 3266 3226 ).

2021 3266 2072 3320 l.
2100 3265 2241 3321 Satis
2262 3305 2278 3329 ,
2307 3266 2527 3335 opinor,
2556 3280 2652 3334 pro
2677 3272 2863 3320 nostra
2889 3265 3026 3320 virili
3054 3280 3223 3335 nuper
3253 3265 3426 3321 locum
3464 3266 3535 3322 de

1947 3355 2093 3425 ligno
2117 3355 2445 3424 interpretati
2471 3367 2676 3419 sumus,
2703 3353 2958 3408 docentes
2976 3355 3249 3408 caritatem
3273 3364 3523 3417 vestram,

1947 3458 2115 3512 quare
2140 3443 2317 3498 divina
2344 3442 2614 3509 Scriptura
2644 3442 2842 3509 lignum
2871 3442 3224 3511 cognoscendi
3254 3443 3451 3498 bonum
3477 3454 3531 3500 et

1948 3533 2146 3587 malum
2185 3535 2356 3602 ipsum
2396 3530 2885 3599 vocaritzproinde
2927 3531 3085 3585 hodie
3126 3532 3335 3587 animus
3358 3534 3532 3589 estad

1948 3624 2223 3691 sequentia
2256 3636 2512 3692 pergere,
2546 3630 2604 3674 ut
2641 3620 2859 3675 discatis
2900 3620 3218 3676 ineﬂ'abilem
3247 3623 3341 3678 Dei
3377 3624 3529 3679 beni-

1948 3714 2226 3782 gnitatem,
2250 3721 2305 3769 et
2331 3721 2525 3783 quanta
2548 3711 2813 3767 sermonis
2840 3714 3281 3782 attemperatione
3303 3730 3434 3771 usus
3459 3717 3530 3772 sit

1949 3814 2150 3862 nostrze
2179 3815 2386 3861 naturze
2406 3805 2789 3875 providentiam
2817 3815 2871 3861 et
2891 3820 3071 3861 curant
3100 3805 3320 3862 habens.
3344 3806 3532 3863 Omnia

1947 3897 2090 3952 enim
2121 3896 2244 3952 fecit
2280 3906 2335 3951 et
2354 3904 2605 3967 operatus
2629 3903 2747 3961 est,
2774 3905 2832 3950 ut
2862 3897 3123 3952 rationale
3146 3897 3247 3954 hoc
3276 3898 3470 3954 animal
3495 3914 3526 3953 a

1946 4001 2006 4044 se
2028 3987 2318 4049 conditum,
2351 3987 2404 4042 in
2426 3986 2568 4041 omni
2597 3986 2800 4041 honore
2825 3996 3002 4051 esset,
3033 3996 3088 4043 et
3116 3988 3166 4042 in
3195 3989 3341 4044 nullo
3367 4005 3528 4060 ange-

1948 4078 2120 4133 lorum
2151 4080 2258 4133 vita
2287 4077 2524 4134 deterius
2553 4077 2727 4143 foret,
2754 4079 2846 4133 sed
2873 4088 2926 4134 et
2965 4080 3016 4132 in
3057 4094 3281 4149 corpore
3311 4081 3521 4137 illorum

1945 4170 2243 4239 possideret
2281 4170 2779 4241 impassibilitatem.
2811 4171 3073 4226 Caeterum
3102 4180 3158 4227 ut
3196 4173 3326 4228 vidit
3352 4183 3527 4230 utros-

1946 4273 2048 4328 que
2075 4258 2342 4328 peccando
2384 4267 2743 4329 transgresws
2772 4274 2866 4329 per
2894 4260 3264 4331 negligentiam
3297 4277 3363 4317 ea
3406 4278 3530 4333 qum

1944 4362 1974 4402 a
1995 4363 2054 4402 se
2075 4356 2335 4418 prazeepta
2354 4357 2525 4413 erant,
2549 4348 2707 4419 idque
2728 4358 3003 4419 postquam
3026 4351 3184 4405 mittis
3203 4366 3297 4408 eos
3318 4368 3528 4423 repres-

1945 4448 2107 4503 serat,
2136 4447 2194 4494 ut
2223 4439 2450 4494 tutiores
2479 4439 2747 4504 redderet,
2782 4456 2849 4495 ne
2878 4440 2959 4496 sic
2984 4442 3195 4511 quidem
3225 4458 3255 4497 a
3284 4443 3527 4514 benigni-

1942 4537 2051 4585 tate
2073 4544 2168 4583 sua
2188 4540 2382 4595 cessat,
2409 4529 2500 4585 sed
2521 4545 2732 4600 semper
2751 4531 2829 4586 sui
2852 4532 3059 4598 similis,
3080 4533 3526 4603 quemadmodum

1942 4619 2390 4675 clementissimus
2416 4628 2568 4690 pater
2594 4621 2757 4675 ﬁlium
2789 4621 3062 4691 indignum
3088 4624 3211 4692 quid
3250 4625 3527 4680 nobilitate

1945 4725 2042 4766 sua
2071 4726 2168 4779 per
2187 4711 2558 4780 negligentiam
2583 4712 2933 4776 commisisse,
2961 4721 3015 4766 et
3041 4727 3070 4765 a
3096 4727 3305 4767 summo
3324 4714 3524 4769 honorat

1945 4802 1999 4855 in
2030 4808 2322 4855 extremam
2350 4802 2599 4855 vilitatem
2628 4801 2896 4854 redactum
2926 4800 3130 4868 videns,
3163 4805 3399 4870 paternis
3441 4807 3511 4860 vi‘

1942 4892 2179 4947 secribus
2198 4901 2517 4955 commotus,
2535 4905 2641 4944 non
2663 4891 2805 4944 illunt
2827 4891 3024 4945 auxilio
3044 4890 3351 4946 destitutum
3373 4894 3522 4960 sinit,

1942 4981 2033 5036 sed
2065 4982 2253 5036 iterum
2284 4995 2437 5035 suum
2461 4981 2569 5049 agit
2593 4978 2827 5035 ofﬁcium
2847 5021 2863 5044 ,
2908 4991 2965 5034 ut
2996 4980 3243 5049 paulatim
3291 4984 3462 5052 ipsum
3496 4999 3525 5038 a

1942 5071 2143 5124 vilitate
2186 5070 2272 5124 illa
2324 5069 2645 5135 liberatum,
2691 5069 2927 5139 pristiam
2970 5072 3211 5126 restituat
3255 5072 3519 5145 dignitati.

1942 5160 2112 5214 Simili
2142 5159 2299 5215 modo
2326 5159 2500 5215 bonus
2524 5160 2661 5215 Deus
2704 5159 2957 5216 misertus
2982 5172 3065 5216 est
3107 5161 3334 5217 hominis
3355 5203 3372 5229 ,
3397 5179 3517 5219 cum

1943 5266 2108 5305 uxore
2148 5264 2240 5304 sua
2267 5250 2463 5305 diaboli
2486 5251 2689 5305 insidiis
2709 5252 3076 5318 circumventi,
3106 5252 3256 5323 cujus
3280 5269 3377 5324 per
3399 5270 3512 5310 sero

1940 5348 2153 5408 pontem
2175 5339 2453 5394 consilium
2484 5348 2761 5409 acceperat
2791 5358 2804 5395 :
2832 5340 2990 5395 veluti
3023 5341 3257 5396 medicus
3283 5343 3347 5396 ad
3370 5343 3518 5398 inlir-

1940 5444 2083 5483 mum
2103 5470 2117 5493 ,
2154 5437 2208 5484 et
2230 5440 2597 5500 aegrotantem,
2624 5429 2912 5499 jacentem,
2938 5430 3364 5502 indigentemque
3389 5450 3515 5489 cura

1938 5532 1991 5576 et
2019 5519 2209 5575 medici
2239 5536 2420 5581 manu.
2448 5521 2688 5589 protinus
2709 5519 2933 5576 accedit.
2962 5520 3066 5576 Sed
3094 5530 3154 5577 ut
3181 5531 3235 5578 ct
3255 5539 3319 5579 ex
3343 5524 3517 5581 verbis

1997 5669 2071 5731 (τι)
2103 5669 2188 5718 ttie
2202 5668 2391 5718 coisltn.
2418 5675 2471 5717 et
2507 5676 2710 5731 quatuor
2741 5668 2821 5721 alii
2857 5669 3001 5724 codd.
3039 5674 3292 5737 Scriptum
3323 5681 3510 5730 textum

1939 5730 2082 5796 longe
2102 5738 2470 5794 Noscquuntur.
