4144 6200
622 307 723 365 155

613 420 834 477 discatis
876 431 1035 488 quam
1077 413 1355 470 inell‘abilis
1395 413 1466 469 sit
1497 411 1591 469 Dei
1633 410 1929 481 benignitas
1959 449 1977 476 ,
2017 424 2196 480 operae

609 511 834 582 pretium
880 507 1042 563 fuerit
1065 505 1251 562 audire
1286 520 1408 576 quze
1437 505 1571 560 lecta
1600 511 1744 558 sunt.
1785 500 1853 556 Et
1891 501 2195 569 audierunt,

605 597 810 668 inquit,
839 614 1007 653 vocem
1033 595 1238 651 Domini
1257 595 1354 651 Dei
1391 592 1760 648 deambulantis
1783 593 1834 647 in
1865 591 2104 662 paradiso
2130 590 2199 646 ad

604 690 864 744 meridiem
888 730 905 756 ,
939 700 986 743 et
1006 689 1310 742 delituerant
1338 697 1442 740 tam
1468 685 1652 750 Adam,
1671 699 1826 754 quam
1850 699 1978 738 uxor
1999 682 2139 737 illius
2165 699 2198 736 a

607 783 736 852 facie
764 777 967 834 Domini
987 781 1038 833 in
1067 777 1232 832 medio
1259 777 1385 847 ligni
1414 775 1658 848 paradisi.
1691 773 1769 830 Ne
1798 772 2196 828 inconsideran-

601 881 704 939 ter,
736 869 942 938 dilecti,
970 878 1348 940 pra-tercamns
1367 883 1484 938 qua:
1507 881 1539 920 a
1559 865 1734 920 divina
1759 864 2028 934 Scriptura
2055 863 2194 918 dicta

600 971 748 1030 sunt,
777 977 953 1033 neque
981 962 1032 1016 in
1059 961 1235 1016 verbis
1258 960 1387 1031 ipsis
1411 959 1743 1024 haereamus,
1772 956 1866 1012 sed
1890 955 2197 1014 considere-

602 1071 722 1110 mus
753 1055 824 1110 ob
854 1063 1089 1110 nostram
1133 1052 1550 1108 imbecillitatem
1583 1059 1787 1105 tantam
1825 1050 1913 1105 hic
1949 1047 2192 1105 adhiberi

603 1149 891 1203 verborum
919 1146 1293 1208 humilitatem,
1324 1153 1381 1200 et
1407 1144 1478 1199 ob
1498 1143 1724 1199 salutem
1749 1151 1986 1198 nostram
2011 1142 2190 1197 omnia

601 1250 662 1296 ut
686 1241 797 1295 Deo
823 1239 1041 1308 dignum
1057 1247 1139 1294 cst
1165 1237 1271 1309 agi.
1298 1236 1431 1292 Nam
1457 1235 1502 1292 si
1525 1236 1782 1292 vellemus
1800 1235 1957 1292 verba
1986 1242 2044 1290 ut
2069 1241 2194 1290 sunt

601 1331 940 1402 pronuntiata
970 1329 1184 1394 sectari,
1210 1337 1391 1390 etnon
1419 1327 1652 1397 indigne,
1675 1336 1733 1381 ut
1751 1326 1819 1380 de
1841 1326 1949 1380 Deo
1973 1327 2193 1395 loqueno

603 1429 688 1477 tes
715 1419 908 1486 decet,
937 1435 1226 1490 exponere.
1254 1419 1372 1480 die,
1401 1433 1614 1489 quaeso,
1647 1432 1826 1472 annon
1858 1417 2020 1471 multa
2068 1415 2191 1471 hinc

599 1520 962 1582 sequerentur
1003 1510 1276 1565 absurda?
1306 1511 1442 1566 Ecce
1480 1510 1624 1568 enim
1662 1509 1839 1565 statim
1880 1524 1946 1563 ex
1985 1508 2048 1562 iis
2071 1523 2190 1578 qute

600 1605 862 1674 principio
891 1605 1027 1659 lecta
1052 1613 1206 1669 sunt,
1240 1603 1340 1658 hoc
1367 1612 1614 1672 spectare
1652 1603 1796 1658 licet.
1823 1599 1894 1655 Et
1921 1601 2190 1655 audierunt

595 1710 764 1748 mem
787 1694 991 1749 Domini
1019 1693 1114 1748 Dei
1141 1694 1448 1748 ambulantis
1473 1695 1524 1746 in
1554 1694 1792 1763 paradiso
1811 1692 1880 1747 ad
1899 1693 2186 1758 meridiem,

595 1795 642 1836 et
665 1783 984 1838 delituerant.
1007 1784 1143 1852 Quid
1172 1784 1306 1838 dicis
1324 1784 1348 1837 ?
1366 1799 1432 1837 an
1463 1783 1768 1838 deambulat
1791 1783 1970 1838 Deus?
1997 1798 2064 1837 an
2097 1797 2192 1852 pe-

593 1875 690 1930 des
722 1877 821 1945 ipsi
851 1877 1142 1930 tribuemus
1165 1917 1180 1940 ,
1225 1885 1280 1932 et
1307 1877 1375 1931 de
1405 1891 1470 1930 eo
1501 1875 1632 1930 nihil
1672 1875 1899 1930 sublime
1935 1875 2188 1945 cogitabi-

591 1968 751 2022 mus?
779 1967 895 2022 Non
927 1968 1170 2022 ambulat
1197 1969 1336 2022 Deus
1363 1985 1377 2022 :
1411 1968 1569 2022 abslt.
1601 1967 1882 2034 Quomodo
1905 1967 2045 2021 enim
2066 1981 2185 2020 am-

589 2059 796 2115 bularet
821 2101 837 2125 ,
870 2060 958 2130 qui
991 2060 1189 2129 ubique
1223 2074 1464 2130 prmsens
1508 2068 1630 2125 est,
1653 2068 1708 2114 et
1741 2058 1918 2113 omnia
1963 2057 2188 2127 implet?

587 2151 675 2205 cui
701 2152 896 2207 cmlum
931 2152 1180 2216 thronus,
1214 2160 1268 2206 et
1297 2159 1437 2206 terra
1461 2150 1754 2206 seabellum
1779 2153 1798 2217 (
1819 2148 1946 2204 Isai.
1969 2149 2058 2205 66.
2089 2150 2115 2203 1
2139 2150 2185 2217 ),

587 2240 776 2309 ipsene
800 2242 850 2295 in
876 2241 1030 2295 horto
1051 2241 1392 2296 continetur?
1419 2240 1547 2308 Quis
1566 2240 1818 2295 cordatus
1839 2239 1941 2295 hoc
1959 2239 2186 2296 diceret?

585 2331 721 2399 Quid
737 2333 896 2402 igitur
911 2334 1300 2400 est,Audierunt
1320 2349 1488 2387 vocem
1505 2332 1707 2387 Domini
1715 2332 1805 2386 Dei
1815 2332 2186 2386 deambulantis

585 2427 637 2479 in
665 2427 807 2480 horto
835 2427 904 2481 ad
939 2428 1195 2481 meridiem
1216 2427 1242 2480 Ρ
1271 2427 1327 2482 1η
1356 2441 1571 2482 sensum
1613 2426 1740 2480 mali
1771 2425 1892 2480 illos
1916 2425 2186 2481 deducere

586 2517 774 2581 voluit,
806 2526 866 2570 ut
895 2518 946 2570 in
965 2531 1156 2585 magno
1185 2518 1377 2572 mentis
1399 2531 1599 2586 angore
1619 2515 2071 2570 constituerentur
2093 2534 2107 2570 :
2131 2514 2184 2570 id

586 2608 728 2677 quod
754 2617 808 2663 et
832 2607 1025 2662 factum
1052 2617 1156 2663 est.
1180 2608 1351 2662 Tanto
1369 2607 1628 2678 siquidem
1650 2622 1810 2662 sensu
1841 2605 2014 2662 allecti
2037 2615 2179 2673 sunt,

585 2709 642 2754 ut
657 2715 778 2753 cum
799 2699 1102 2754 advenisset
1124 2701 1278 2764 Deus,
1302 2715 1422 2754 sese
1439 2699 1708 2754 occultare
1725 2699 1900 2754 conati
1917 2699 2040 2753 sint.
2061 2698 2180 2754 Mox

585 2790 728 2844 cuitu
768 2802 825 2844 ut
855 2791 1075 2846 intravit
1103 2803 1400 2860 peccatum,
1423 2800 1477 2846 ct
1502 2792 1890 2862 prmvaricatio,
1924 2791 2096 2862 pudor
2120 2805 2182 2846 ac

585 2884 906 2937 verecundia
931 2883 1056 2938 illos
1086 2883 1298 2938 invasit.

653 2973 970 3027 Conscientia
1006 2973 1332 3044 incorruptus
1345 2974 1531 3045 judex.
1573 2974 1903 3030 Conscientia
1937 2991 2084 3046 opus.
2108 3003 2179 3016 ι-

585 3065 794 3135 Quippe
835 3065 1000 3136 jodex
1043 3067 1418 3136 incorruptus,
1446 3065 1828 3122 conscientiam
1866 3064 1987 3122 dico
2008 3107 2024 3133 ,
2055 3081 2178 3122 eum

585 3154 845 3210 adversus
883 3154 1155 3210 hominem
1211 3164 1544 3226 exsurgeret,
1562 3157 1706 3211 clara
1727 3170 1858 3211 voce
1890 3155 2176 3220 clamabat,

583 3245 867 3300 accusabat
886 3254 942 3300 et
959 3245 1297 3312 ostendebat,
1321 3255 1375 3301 et
1392 3246 1543 3316 quasi
1562 3259 1686 3302 ante
1705 3246 1888 3302 oculos
1909 3245 2180 3302 scribebat

583 3336 712 3406 ipsis
756 3345 1095 3408 peccatorum
1121 3337 1560 3409 magnitudinem.
1590 3337 1716 3393 Ideo
1746 3339 1887 3393 enim
1916 3337 2178 3410 benignus

589 3429 849 3483 Dominus
889 3429 1151 3501 principio
1194 3445 1316 3485 cum
1371 3428 1623 3485 formaret
1677 3430 1947 3487 hominem
1981 3473 1998 3500 ,
2040 3449 2173 3489 cou-

587 3519 866 3573 scicntiam
915 3520 990 3574 illi
1036 3519 1226 3576 indidit
1252 3521 1634 3576 accusatriccm
1680 3531 2028 3593 perpetuam,
2059 3541 2177 3594 qua:

590 3609 764 3680 decipi
797 3619 853 3664 et
897 3610 1158 3666 fallaciam
1188 3612 1329 3668 ferre
1359 3622 1540 3682 pesset
1578 3629 1889 3684 numquam.
1921 3616 1988 3671 Et
2051 3615 2176 3672 licet

583 3702 705 3770 quis
733 3701 968 3758 admisso
1003 3711 1252 3773 peccato,
1285 3714 1698 3775 perpetratoque
1722 3706 1899 3777 aliquo
1940 3707 2174 3765 facinore

583 3792 800 3855 illicito,
833 3808 1019 3848 omnes
1063 3795 1307 3849 homines
1335 3795 1492 3861 celet,
1512 3795 1652 3848 illam
1677 3806 1850 3850 tamen
1878 3800 2173 3853 accusatri-

583 3897 701 3936 cem
727 3897 834 3936 non
868 3884 1061 3952 poterit
1104 3884 1269 3940 latere
1291 3924 1306 3947 ,
1347 3884 1441 3938 sed
1471 3900 1804 3956 quocumque
1833 3886 2008 3947 abeat.
2031 3890 2171 3943 illam

581 3982 838 4042 perpetuo
855 3974 990 4029 intra
1005 3989 1065 4030 se
1085 3974 1243 4030 habet
1260 3974 1652 4040 obturbantem,
1673 3976 1979 4043 lauiantem,
1996 3979 2172 4049 ﬂagel-

579 4064 796 4130 lautcm,
839 4083 1127 4137 numquam
1173 4068 1536 4138 quiescentem
1568 4085 1583 4124 :
1614 4069 1708 4124 sed
1733 4078 1788 4125 et
1821 4071 1990 4136 domi,
2020 4081 2075 4127 et
2119 4074 2171 4130 in

579 4156 717 4223 foro,
736 4157 858 4212 etin
881 4159 1130 4227 canibus,
1149 4160 1267 4214 etin
1287 4174 1494 4226 mensa,
1513 4171 1562 4216 et
1582 4160 1956 4229 dormientem,
1976 4173 2028 4219 et
2049 4179 2173 4220 sur-

575 4258 792 4318 gentem
830 4247 1093 4315 adoritur,
1133 4249 1391 4306 rationem
1429 4250 1742 4306 delictorum
1770 4253 1953 4324 exigit,
1996 4255 2172 4326 obque

576 4336 763 4391 oculos
774 4337 921 4406 ponit
935 4349 987 4393 et
998 4339 1310 4394 delictorum
1324 4341 1716 4411 gravitatem,et
1727 4344 2169 4414 subsequuturam

578 4443 825 4498 pinnam,
867 4439 922 4485 et
969 4433 1116 4502 quasi
1157 4431 1396 4489 medicus
1443 4435 1675 4504 optimus
1717 4451 1821 4492 non
1862 4447 2038 4494 cessat
2073 4453 2170 4495 sua

577 4518 966 4576 medicamenta
1007 4537 1278 4593 apponere
1307 4541 1323 4578 :
1353 4535 1407 4580 et
1445 4526 1492 4581 si
1517 4527 1685 4583 semel
1723 4527 2039 4598 depellatur,
2070 4546 2168 4588 ne-

581 4625 688 4679 que
730 4611 809 4666 sic
841 4611 1067 4677 desistit,
1098 4613 1191 4669 sed
1215 4615 1521 4671 continuam
1558 4618 1968 4674 sollicitudinem
2011 4621 2168 4692 gerit.

657 4703 713 4757 2.
756 4703 871 4760 Hoc
896 4705 1038 4761 enim
1067 4707 1410 4764 conscientia:
1437 4724 1572 4778 opus
1598 4719 1717 4775 est,
1749 4719 1808 4766 ut
1830 4710 2024 4783 iugiter
2058 4729 2174 4768 me-

579 4796 803 4852 moriam
832 4797 1070 4869 ingerat,
1102 4816 1201 4856 nec
1230 4802 1503 4870 permittat
1547 4817 1797 4872 umquam
1825 4803 1878 4858 in
1911 4802 2167 4860 factorum

576 4889 901 4945 oblivionem
929 4906 1028 4946 nos
1053 4893 1236 4948 venire
1270 4909 1284 4945 :
1314 4891 1409 4947 sed
1439 4894 1509 4948 ob
1552 4895 1738 4949 oculos
1765 4905 2027 4965 prepouat
2048 4938 2064 4965 ,
2095 4895 2170 4952 uti

575 4979 656 5034 vel
690 4981 790 5036 hac
823 4982 1024 5038 ratione
1047 4998 1144 5037 nos
1177 4983 1436 5040 tardiores
1465 4985 1638 5052 iaciat,
1667 5002 1736 5042 ne
1768 4988 1818 5040 in
1840 4985 2025 5043 eadem
2048 5001 2172 5056 pec-

581 5081 698 5125 cata
731 5073 1094 5140 prolabamur.
1124 5075 1258 5129 Nam
1288 5076 1332 5129 si
1361 5093 1480 5132 cum
1508 5094 1569 5131 ex
1614 5079 1936 5134 conscientia
1968 5089 2169 5133 tantum

579 5163 733 5219 nobis
755 5165 824 5219 sit
851 5165 1095 5228 subsidii.
1126 5177 1180 5220 ct
1210 5176 1413 5222 tantum
1443 5169 1687 5238 adjutorii
1713 5211 1728 5237 ,
1754 5180 1808 5225 ct
1834 5171 1878 5225 si
1907 5171 2042 5226 hanc
2073 5171 2166 5226 ha-

579 5259 766 5315 bentes
787 5258 1156 5314 vehementem
1181 5261 1585 5328 accusatrieem,
1615 5278 1732 5332 qua:
1758 5272 1992 5318 nostram
2021 5281 2165 5319 men-

576 5356 682 5402 tem
711 5347 960 5415 ﬂagellet,
992 5360 1044 5404 et
1074 5365 1170 5405 cor
1192 5351 1447 5419 lancinet,
1477 5363 1530 5408 et
1553 5355 1742 5424 quovis
1769 5355 2018 5411 carniﬁce
2042 5371 2169 5426 gra-

573 5441 692 5495 vius
719 5441 903 5507 instet,
935 5441 1176 5512 plerique
1199 5459 1370 5512 neque
1393 5445 1471 5500 sic
1495 5445 1759 5516 ignaviam
1787 5447 2048 5502 vincimus
2082 5466 2094 5499 :
2124 5448 2168 5503 si

576 5527 678 5585 hoc
702 5529 1115 5588 destituercmur
1143 5534 1402 5598 subsidio,
1428 5551 1535 5605 quo
1562 5551 1668 5591 non
1703 5547 1828 5593 tunc
1870 5540 2046 5593 statim
2077 5555 2171 5594 ex-

573 5622 924 5680 eidcremusl
965 5624 1253 5696 Propterea
1301 5627 1650 5698 primigenius
1699 5628 1862 5685 homo
1906 5638 1965 5684 ut
2018 5629 2168 5684 illum

573 5730 790 5772 sensum
816 5717 1050 5790 accepit,
1079 5718 1364 5774 adventum
1411 5717 1621 5775 Domini
1659 5734 1839 5776 secum
1883 5720 2123 5790 cogitans
2147 5764 2163 5788 ,

1256 300 1314 357 S.
1354 297 1632 356 JOANNlS
1667 295 2146 354 CllliYSOSTOMl
2187 296 2500 354 AIICIIIEP.
2537 297 3072 358 CONSTANTTSOV.

3793 306 3920 362 r567

2311 411 2492 466 statim
2532 427 2594 468 se
2635 413 2940 478 occultavit.
2967 416 3144 486 Quare
3161 455 3180 480 ,
3204 415 3324 483 die,
3351 416 3494 472 oro?
3520 414 3783 484 Quoniam
3809 424 3897 473 vi.»

2304 501 2464 557 debat
2491 505 2591 559 sibi
2624 513 2826 561 trucem
2854 506 3065 562 adstare
3089 508 3900 569 accusatorem.conscientiam

2303 591 2445 649 dico.
2475 593 2660 666 Neque
2683 598 2826 652 enim
2857 597 3021 653 alium
3047 599 3214 654 ullum
3243 599 3644 672 objurgatorcm
3665 599 3910 657 habebat

2301 695 2358 739 et
2388 693 2576 742 testem
2598 699 2964 758 peccatorum,
2992 689 3086 746 sed
3108 691 3319 747 unicum
3341 691 3490 746 illum
3509 707 3668 763 quem
3699 694 3898 749 intrin-

2301 789 2460 830 secus
2507 776 2936 834 circumferebat.
3000 781 3250 836 Attamen
3299 789 3493 852 praeter
3549 783 3898 840 conscientia!

2301 868 2729 936 accusationem,
2759 871 2920 926 etiam
2951 873 3183 941 privatio
3207 871 3428 944 gloriat,
3443 889 3560 944 qua:
3588 874 3714 930 illos
3733 884 3915 930 antea.

2299 959 2451 1028 quasi
2492 962 2872 1017 vestimentum
2901 962 3157 1033 fulgidum
3186 962 3488 1029 ambiebat,
3516 963 3745 1020 docebat
3773 965 3895 1019 illos

2301 1065 2395 1120 per
2426 1051 2592 1120 ipsam
2621 1052 2918 1108 nuditatem
2939 1053 3161 1114 admissi
3199 1054 3404 1124 peccati
3443 1055 3906 1124 magnitudinem»

2299 1138 2486 1212 Itaque
2503 1142 2625 1211 quia
2653 1152 2772 1212 post
2795 1158 2958 1214 grave
2980 1153 3254 1213 peccatum
3283 1143 3412 1199 illud
3436 1145 3640 1214 pudore
3659 1146 3888 1201 cireum-

2298 1229 2399 1286 iusi
2431 1242 2584 1287 erant
2607 1274 2624 1300 ,
2655 1235 2968 1291 delitescere
3007 1244 3363 1291 tcutaverunt.
3393 1235 3673 1290 Audierant
3701 1237 3846 1292 enim
3872 1280 3889 1297 .

2297 1321 2486 1392 inquit,
2515 1339 2682 1380 vocem
2711 1324 2920 1382 Domini
2941 1326 3040 1382 Dei
3057 1326 3428 1382 deambulantis
3449 1328 3502 1381 in
3532 1327 3678 1383 [torto
3697 1330 3766 1383 ad
3785 1345 3898 1383 me-

2295 1415 2494 1482 ridiem,
2516 1427 2563 1470 et
2590 1417 2966 1473 occultaverunt
2990 1436 3045 1474 se
3071 1429 3176 1472 tant
3203 1417 3404 1487 Adam,
3431 1435 3583 1489 quam
3613 1436 3743 1474 uxor
3776 1421 3903 1491 ej»

2294 1519 2326 1556 a
2365 1505 2497 1576 facie
2518 1505 2724 1561 Domini
2747 1506 2844 1561 Dei
2869 1507 2922 1561 in
2943 1508 3108 1562 medio
3140 1507 3388 1578 paradisi.

2367 1594 2517 1650 Nihil
2535 1607 2740 1669 peccato
2772 1599 2940 1670 pejus.
2960 1628 3032 1638 —
3050 1599 3190 1654 Nihil
3217 1608 3435 1668 peccato
3455 1599 3628 1670 pejus,
3653 1599 3877 1658 dilecte;

2293 1680 2473 1756 ipsum
2496 1689 2638 1743 enim
2671 1699 2727 1744 ut
2755 1689 3051 1756 introierit,
3085 1705 3190 1745 non
3236 1689 3412 1744 solum
3443 1689 3644 1759 pudore
3672 1705 3769 1744 nos
3797 1706 3892 1746 re-

2293 1778 2422 1847 plet,
2457 1779 2552 1834 sed
2583 1790 2638 1834 et
2668 1780 2977 1849 insipientes
3011 1780 3300 1836 redditeos
3317 1782 3407 1851 qui
3431 1790 3586 1836 antea
3615 1781 3898 1837 intellectu.

2291 1879 2347 1926 et
2387 1871 2646 1940 sapientia
2704 1872 2868 1925 multa
2913 1870 3122 1942 praediti
3181 1871 3413 1928 fuerant.
3465 1871 3897 1940 Animadverte,

2290 1960 2534 2028 obsecro,
2562 1976 2723 2032 quam
2757 1963 3068 2032 insipienter
3091 1963 3200 2031 agit
3231 1977 3370 2016 nunc
3392 2003 3408 2028 ,
3436 1963 3523 2032 qui
3550 1973 3708 2017 antea
3739 1974 3884 2017 tanta

2291 2053 2529 2124 pollebat
2575 2055 2831 2124 sapientia
2859 2097 2875 2122 ,
2915 2056 3004 2125 qui
3029 2069 3095 2110 ex
3140 2055 3274 2110 actis
3320 2055 3451 2124 ipsis
3493 2056 3742 2111 traditam
3781 2057 3894 2111 sibi.

2288 2152 2602 2222 Sapientiam
2646 2152 2798 2208 nobis
2842 2151 3188 2218 declarabat,
3217 2149 3308 2221 qui
3339 2150 3464 2205 talia
3507 2150 3880 2220 prophetabat;

2289 2241 2476 2296 Audita
2513 2259 2629 2298 voce
2660 2242 2864 2297 Domini
2906 2241 3003 2296 Dei
3031 2241 3403 2296 deambulantis
3427 2242 3479 2294 in
3505 2241 3651 2295 Itorto
3676 2243 3744 2295 ad
3775 2260 3883 2296 me-

2287 2334 2487 2399 ridiem,
2505 2335 2768 2388 occultavit
2812 2352 2864 2388 se
2894 2344 2998 2387 tam
3038 2335 3150 2402 ipse
3177 2349 3331 2402 quam
3355 2347 3485 2386 uxor
3513 2332 3672 2402 ipsius
3696 2350 3726 2383 a
3752 2333 3884 2401 [acie

2287 2423 2492 2478 Domini
2527 2425 2622 2479 Dei
2649 2426 2704 2480 in
2741 2427 2904 2480 ntedio
2936 2427 3061 2497 ligni
3087 2425 3335 2495 paradisi.
3387 2424 3607 2493 Quantae
3653 2425 3754 2480 hoc
3798 2435 3882 2481 est

2287 2514 2603 2585 insipientia)
2625 2555 2642 2582 ,
2674 2516 2813 2586 quod
2839 2531 2870 2570 a
2900 2515 3009 2570 Deo
3030 2556 3046 2582 ,
3077 2516 3166 2586 qui
3211 2516 3408 2586 ubique
3445 2530 3680 2588 praesens
3702 2525 3824 2582 est,
3849 2534 3892 2571 a-

2287 2603 2544 2662 Creatore
2568 2648 2584 2674 ,
2628 2607 2716 2676 qui
2744 2623 2809 2662 ex
2843 2607 3009 2660 uihilo
3037 2621 3126 2662 res
3155 2615 3216 2660 ut
3243 2615 3423 2662 essent
3452 2605 3742 2676 produxit,
3789 2609 3888 2678 qui

2290 2697 2605 2753 abscondita
2631 2698 2732 2752 scit
2769 2695 2788 2770 (
2816 2696 2973 2751 Psal.
3005 2697 3095 2752 32.
3144 2697 3213 2752 15
3233 2694 3284 2767 ),
3311 2697 3400 2766 qui
3432 2696 3584 2751 ﬁnxit
3611 2696 3890 2766 sigillatint

2283 2789 2444 2844 corda
2476 2789 2787 2856 hominum,
2815 2797 2868 2842 et
2895 2787 3143 2858 intelligit
3165 2787 3344 2842 omnia
3372 2801 3534 2857 opera
3551 2802 3759 2853 eorum,
3784 2789 3876 2858 qui

2282 2887 2554 2934 scrutatur
2592 2878 2753 2934 corda
2792 2887 2846 2934 et
2873 2892 3033 2934 rencs
3072 2875 3261 2947 (Psal.
3304 2876 3357 2930 7.
3390 2876 3529 2947 10),
3571 2877 3661 2948 qui
3715 2877 3887 2933 etiam-

2283 2971 2428 3041 ipsos
2455 2971 2632 3026 cordis
2654 2980 2833 3026 motus
2856 2969 3150 3041 cognoscit,
3190 2967 3520 3024 abscondere
3538 2984 3598 3024 se
3616 2977 3877 3025 conentur

2283 3063 2475 3137 (Psal.
2504 3065 2596 3120 45.
2625 3063 2698 3119 22
2719 3061 2778 3136 )?
2797 3065 2903 3120 Sed
2942 3079 3012 3120 ne
3039 3062 3254 3120 mireris
3271 3103 3288 3129 ,
3319 3061 3518 3117 dilecte
3543 3079 3558 3116 :
3585 3061 3708 3117 talis
3729 3063 3883 3120 enim

2283 3158 2611 3228 peccantium
2638 3157 2970 3211 consuetudo
2994 3164 3081 3212 est
3098 3197 3112 3218 .
3145 3164 3206 3210 ut
3229 3139 3444 3210 tametsi
3471 3154 3731 3210 occultari
3761 3170 3880 3210 non

2285 3246 2510 3317 possint,
2533 3246 2792 3302 occultari
2819 3257 2994 3302 tamen
3023 3245 3204 3309 velint,
3225 3254 3280 3300 et
3306 3244 3579 3299 studeant.
3607 3241 3674 3299 Ut
3692 3253 3882 3300 autem

2280 3341 2420 3395 scias
2444 3353 2540 3395 eos
2570 3354 2676 3394 non
2721 3338 2950 3394 ferentes
2977 3335 3233 3407 pudorem
3256 3375 3273 3402 ,
3301 3350 3409 3405 quo
3445 3343 3566 3405 post
3596 3344 3870 3406 peccatum

2278 3445 2398 3485 sese
2421 3428 2774 3494 sull‘uderant,
2799 3427 2981 3484 nudati
3011 3426 3394 3496 iucorruptibili
3425 3426 3512 3480 illa
3541 3425 3705 3497 gloria
3724 3467 3741 3490 ,
3769 3424 3870 3481 hoc

2279 3519 2488 3586 fecisse,
2520 3519 2800 3575 considera
2827 3519 2914 3574 ubi
2935 3519 3302 3584 oceultentur;
3333 3517 3386 3572 in
3413 3518 3591 3574 medio
3619 3517 3876 3588 paradisi.

2277 3609 2411 3666 Nam
2437 3610 2581 3665 sicut
2607 3609 2930 3666 verberones
2957 3619 3009 3664 et
3037 3608 3226 3678 ingrati
3254 3606 3470 3678 quidam
3503 3608 3716 3673 famuli,
3747 3623 3867 3663 cum

2278 3715 2384 3756 non
2407 3701 2615 3771 possint
2642 3715 2700 3755 se
2729 3701 2797 3754 ab
2822 3700 2951 3756 hero
2980 3714 3078 3754 suo
3106 3699 3377 3754 occultare
3401 3741 3416 3765 ,
3445 3698 3548 3756 huc
3579 3708 3632 3755 et
3662 3700 3786 3754 illuc
3812 3699 3866 3754 in

2276 3794 2501 3864 angulos
2523 3793 2713 3848 domus
2736 3807 2952 3849 currere
2976 3791 3152 3847 solent
3175 3833 3190 3856 ,
3218 3802 3364 3848 metu
3398 3791 3606 3846 illorum
3631 3791 3867 3846 animum

2275 3886 2614 3940 concutiente
2643 3902 2656 3938 :
2691 3884 2761 3938 ita
2803 3892 2856 3939 et
2883 3882 2936 3938 hi
2972 3882 3174 3938 nullum
3203 3881 3534 3937 invenientes
3576 3881 3824 3952 eﬂ'ugium
3848 3922 3870 3947 ,

2280 3977 2334 4032 in
2365 3977 2476 4047 ipsa
2504 3976 2685 4042 domo,
2711 3975 2974 4046 paradiso,
3007 3978 3222 4045 inquam
3245 4015 3260 4038 ,
3289 3975 3736 4046 circumaguntur.
3760 3973 3866 4030 Nec

2275 4067 2479 4139 absque
2520 4067 2729 4122 ratione
2758 4075 2968 4137 tempus
2995 4067 3302 4136 assignatur
3327 4082 3342 4120 :
3374 4065 3654 4121 Audierunt
3682 4066 3822 4121 enim
3844 4106 3864 4134 ,

2276 4159 2443 4231 inquit
2469 4200 2484 4227 ,
2508 4174 2676 4214 vocent
2707 4156 2916 4212 Domini
2945 4157 3042 4212 Dei
3070 4158 3436 4212 deambulantis
3473 4158 3524 4211 in
3553 4159 3792 4230 paradiso
3807 4158 3860 4211 in

2273 4250 2484 4307 meridie
2515 4266 2536 4305 :
2557 4249 2652 4306 sed
2679 4259 2734 4305 ut
2762 4249 2937 4305 discas
2967 4249 3177 4305 Domini
3202 4250 3601 4320 benignitatem,
3631 4249 3770 4321 quod
3793 4264 3873 4306 ne

2277 4343 2546 4399 modicum
2584 4341 2799 4414 quidem
2823 4341 3129 4409 distulerit,
3155 4342 3250 4398 sed
3277 4359 3398 4398 mox
3421 4384 3439 4407 ,
3468 4353 3523 4398 ut
3555 4343 3686 4399 vidit
3721 4345 3869 4414 quod.

2275 4433 2469 4490 factum
2492 4445 2629 4502 erat,
2657 4444 2712 4491 et
2735 4435 2929 4490 ulceris
2948 4435 3387 4506 magnitudinem,
3411 4434 3476 4490 ad
3497 4436 3862 4506 cpitulandum

2274 4524 2600 4580 festinaverit
2623 4566 2641 4592 ,
2669 4533 2727 4579 ut
2767 4541 2835 4582 ne
2873 4525 3026 4581 ulcus
3052 4525 3350 4596 grassando
3380 4525 3533 4581 ﬁeret
3571 4525 3865 4582 iucurabile

2274 4617 2506 4674 vulnus:
2537 4617 2738 4674 ideirco
2773 4626 2832 4673 ut
2857 4617 3152 4689 praeveniat
3175 4618 3438 4672 accelerat
3461 4657 3478 4682 ,
3517 4627 3573 4673 et
3611 4617 3868 4674 velociter

2273 4713 2536 4769 crescenti
2563 4712 2726 4768 ulceri
2755 4713 2938 4779 adest,
2964 4726 3028 4766 ac
3053 4727 3149 4782 pro
3189 4726 3284 4767 sua
3314 4710 3555 4767 bonitate
3592 4725 3765 4782 neque
3794 4711 3869 4768 ad

2275 4820 2494 4876 parvum
2523 4813 2784 4875 tempusa
2803 4819 2929 4860 cura
2955 4819 3052 4859 sua
3080 4803 3225 4859 illum
3249 4803 3561 4859 destitutum
3589 4803 3861 4876 relinquit.

2274 4895 2406 4952 Nam
2437 4905 2634 4951 tantam
2665 4911 2774 4967 prae
2799 4911 2859 4952 se
2882 4895 3084 4952 ferebat
3113 4895 3314 4950 rabiem
3336 4895 3524 4950 salutis
3543 4903 3738 4950 nostra:
3767 4893 3867 4950 ini-

2273 4989 2459 5052 micus,
2491 4987 2581 5060 qui
2618 5003 2831 5058 semper
2853 4987 3050 5043 nostris
3079 4987 3232 5042 bouis
3260 4985 3488 5050 invidet,
3515 4995 3574 5041 ut
3600 5000 3728 5041 mox
3767 4985 3871 5040 sub

2277 5080 2488 5138 initium
2515 5081 2796 5137 moliretur
2820 5080 3072 5146 insidias,
3103 5089 3158 5135 et
3191 5094 3290 5135 suo
3317 5079 3617 5149 pernicioso
3641 5078 3868 5134 consilio

2275 5172 2419 5243 ipsos
2445 5171 2740 5227 admirabili
2768 5171 2855 5226 illa
2884 5170 2988 5224 vita
3015 5169 3269 5240 privaret.
3297 5169 3402 5226 Sed
3431 5169 3602 5224 solers
3626 5169 3716 5225 ille
3737 5169 3871 5224 arti-.-

2275 5264 2360 5319 l‘ex
2395 5263 2557 5331 Deus,
2584 5263 2672 5332 qui
2697 5277 2792 5317 sua
2821 5261 3077 5331 sapientia
3100 5276 3187 5316 res
3216 5270 3428 5317 nostras
3451 5261 3760 5332 dispensat,
3783 5259 3865 5315 vi»

2273 5355 2406 5411 deus
2432 5355 2630 5410 diaboli
2655 5354 3060 5423 malignitatem,
3086 5363 3142 5408 et
3168 5352 3401 5410 hominis
3428 5355 3734 5426 segnitiem,
3761 5370 3866 5426 qua

2275 5463 2372 5517 per
2391 5447 2668 5502 mulierem
2686 5443 2960 5515 deceptus,
2979 5445 3031 5498 in
3049 5453 3249 5500 tantam
3272 5446 3458 5501 incidit
3475 5445 3866 5510 conlusmnem,

2275 5553 2400 5593 mox
2425 5537 2611 5600 adest,
2643 5543 2696 5590 et
2733 5534 2883 5604 quasi
2913 5543 3220 5591 mansuetus
3247 5545 3303 5590 et
3337 5535 3599 5608 benignus
3621 5535 3786 5606 judex
3811 5533 3865 5589 in

2277 5627 2524 5684 tribunali
2551 5636 2755 5682 terrore
2791 5635 2845 5681 et
2870 5625 3094 5683 horrore
3119 5625 3278 5698 pleno
3304 5627 3494 5694 sedet,
3518 5635 3574 5683 et
3601 5626 3868 5682 examinat

2275 5717 2557 5790 diligenter
2582 5733 2594 5770 :
2619 5731 2711 5789 pt‘l‘
2740 5715 2841 5774 hoc
2879 5733 2978 5775 nos
3004 5717 3247 5774 docendo
3269 5757 3286 5788 ,
3329 5739 3397 5779 ne
3425 5733 3764 5792 congcneres-
3783 5733 3869 5772 no-
