4144 6200
533 241 628 293 137

541 356 816 428 agnamve-.3;
847 350 1249 417 καταδικάζειν,
1300 351 1429 422 πρὶν
1476 350 1542 404 ἂν
1584 350 1787 422 ἀκριϐῆ
1832 351 1931 421 τὴν
1966 350 2209 416 ἐξέτασιν

546 439 913 514 ποιησώμεθα.

610 536 678 597 γ’.
716 526 1059 594 Ἀκούσωμεν
1101 525 1302 585 τοίνυν,
1333 527 1381 579 εἰ
1412 526 1578 587 δοκεῖ.
1610 526 1730 579 τίνα
1764 529 1860 596 μὲν
1894 527 1923 580 ό
1955 523 2215 594 δικαστὴς

538 614 811 686 ἐπερωτᾷ,
839 612 962 665 τίνα
988 612 1045 666 δὲ
1079 612 1131 665 οἰ
1176 612 1456 666 κατάδικοι
1485 613 1894 684 ἀποκρίνονται,
1934 612 2026 664 καὶ
2056 611 2214 672 ποίας

538 701 804 773 τιμωρίας
826 700 1092 770 δέχονται,
1111 700 1204 753 καὶ
1237 702 1368 771 ποίει
1391 701 1658 771 καταδίκῃ
1679 699 1977 763 ὑπεύθυνος
2005 700 2214 768 γίνεται

536 792 565 843 ό
590 789 688 860 τὴν
708 789 975 858 τοσαύτην
999 788 1292 859 ἐπιϐουλὴν
1313 791 1391 852 εἰς
1412 789 1609 851 αὐτοὺς
1639 788 2037 861 ἐργασάμενος.
2054 784 2214 841 ’Λλλά

540 876 848 930 συντείνατέ
888 892 997 945 μοι,
1019 875 1341 946 παρακαλῶ,
1361 875 1459 943 τὴν
1491 875 1749 937 διάνοιαν,
1771 875 1864 928 καὶ
1897 873 1984 927 διὰ
2017 871 2212 925 πολλοῦ

536 961 632 1015 τοῦ
663 961 829 1030 φόϐου
877 965 990 1025 τοῖς
1029 962 1343 1033 λεγομένοις
1379 964 1697 1032 προσέχετε.
1719 964 1779 1015 Εἰ
1818 961 1927 1032 γὰρ
1955 960 2214 1030 δικαστὴν

534 1047 767 1118 ὁρῶντες
789 1048 1027 1118 ἐπίγειον
1044 1051 1127 1118 ἐφ’
1144 1048 1348 1121 ὑψηλοῦ
1369 1049 1612 1120 βήματος
1632 1050 1961 1121 καθήμενον,
1977 1050 2067 1101 καὶ
2088 1048 2213 1111 τοὺς

538 1134 861 1199 καταδίκους
882 1137 962 1199 εἰς
981 1137 1142 1206 μέσον
1164 1138 1383 1203 ἄγοντα,
1399 1138 1492 1190 καὶ
1520 1136 1933 1202 καταξαίνοντα,
1947 1135 2215 1205 καὶτιμω-

539 1221 820 1293 ρούμενον,
847 1222 983 1293 μετὰ
1012 1222 1208 1276 πολλοῦ
1232 1208 1505 1286 τοῦδέους
1531 1224 1954 1294 παρεστήκαμεν
1982 1221 2212 1275 ἀκοῦσαι

538 1309 872 1380 βουλόμενοι,
901 1310 954 1363 τί
992 1310 1091 1381 μὲν
1126 1313 1153 1363 ό
1177 1310 1438 1381 δικαστὴς
1484 1310 1653 1380 λέγει,
1682 1310 1736 1362 τί
1777 1309 1832 1361 δὲ
1860 1312 1888 1363 ὁ
1915 1307 2212 1372 ὑπεύθυνος

538 1397 930 1469 ἀποκρίνεται·
983 1397 1164 1468 πολλῷ
1202 1398 1401 1469 μᾶλλον
1427 1398 1521 1451 νῦν
1548 1397 1704 1452 τοῦτο
1749 1400 1920 1451 ποιεῖν
1963 1397 2109 1467 ἡμᾶς
2134 1395 2213 1448 δίο

537 1503 711 1549 καιον,
751 1486 993 1557 ὁρῶντας
1023 1487 1114 1540 τὸν
1147 1487 1491 1558 Δημιουργον
1522 1487 1619 1556 τῆς
1656 1485 1870 1555 φύσεως
1901 1484 2053 1555 δίκην
2101 1484 2211 1535 εἰσ·

538 1572 910 1645 πραττόμενον
944 1573 1052 1625 τῶν
1084 1573 1175 1626 ὑπ’
1198 1574 1363 1627 αὐτοῦ
1392 1572 1927 1644 δημιουργηθέντων.
1955 1569 2092 1623 Ἀλλ’
2116 1568 2211 1621 ἐὰν

537 1660 841 1729 προσέχητε
880 1660 1017 1730 μετά
1047 1660 1355 1730 ἀκριϐείας,
1386 1659 1583 1729 ὄψεσθε
1618 1660 1783 1712 πόσον
1816 1659 1877 1710 τὸ
1920 1657 2082 1728 μέσον
2111 1656 2209 1724 τῆς

535 1744 631 1798 τοῦ
650 1744 785 1798 Θεοῦ
808 1745 1240 1816 φιλανθρωπίας,
1259 1746 1353 1799 καί
1372 1745 1471 1815 τῆς
1486 1746 1593 1798 τῶν
1613 1745 1708 1799 ἀνθ
1717 1746 1914 1816 ρώπων
1937 1743 2063 1813 περὶ
2084 1744 2209 1805 τοὺς

537 1833 820 1902 ὁμογενεῖς
862 1832 1287 1903 αὐστηρότητος.
1321 1834 1426 1885 Καὶ
1465 1833 1722 1887 ἐκάλεσε
1753 1832 1966 1900 Κύριος
2005 1833 2037 1884 ό
2067 1828 2210 1895 Θεὸς

537 1920 644 1973 τόν
672 1921 861 1987 Ἀδὰμ,
902 1921 998 1973 καί
1032 1922 1201 1974 εἶπεν
1223 1920 1402 1984 αὐτῷ.
1438 1920 1628 1987 Ἀδὰμ.
1656 1919 1774 1973 ποῦ
1806 1917 1890 1983 sl;
1929 1918 2017 1982 Ἐξ
2040 1917 2209 1986 αὐτῆς

542 2009 639 2078 τῆς
680 2011 1000 2080 ἐρωτήσεως
1044 2009 1192 2073 ἀξιον
1226 2010 1564 2078 ἐκπλαγῆναι
1602 2008 1698 2061 τοῦ
1732 2006 1867 2060 Θεοῦ
1904 2006 2001 2076 τὴν
2037 2007 2206 2075 ὑπερ-

537 2095 838 2149 ϐάλλουσαν
875 2094 1319 2167 φιλανθρωπίαν,
1356 2097 1454 2166 οὐχ
1485 2097 1566 2148 ὅτι
1600 2095 1829 2148 ἐκάλεσε
1877 2094 2056 2165 μόνον,
2091 2091 2205 2146 ἀλλ’

534 2183 616 2236 ὅτι
642 2183 739 2236 καί
766 2183 831 2236 δι’
855 2183 1050 2237 ἐαυτοῦ
1081 2183 1337 2237 ἐκάλεσεν
1358 2200 1371 2213 ·
1396 2184 1532 2254 ὅπερ
1557 2183 1833 2253 ἄνθρωποι
1854 2181 1954 2234 ούκ
1981 2180 2047 2233 ἄν
2076 2197 2206 2231 ποτε

535 2270 856 2341 ἀνάσχοιντο
894 2272 988 2324 ἐπὶ
1016 2271 1124 2324 τῶν
1166 2270 1466 2342 ὁμογενῶν,
1497 2269 1592 2324 καὶ
1626 2269 1723 2340 τῆς
1761 2270 1928 2339 αὐτῆς
1972 2268 2152 2330 αὐτοῖς
2178 2279 2204 2308 ει

533 2358 748 2428 φύσεως
772 2359 1192 2414 κοινωνούντων.
1219 2361 1362 2413 Ἰστε
1391 2359 1498 2430 γάρ
1523 2360 1627 2423 ὅτι,
1653 2357 1870 2412 ἐπειδάν
1895 2357 1979 2426 ἐφ’
2002 2354 2204 2426 ὑψηλοῦ

531 2446 628 2500 τοῦ
671 2447 913 2517 βήματος
967 2446 1267 2518 καθήμενοι
1315 2447 1472 2516 δίκην
1523 2447 1944 2517 εἰσπράττονται
1982 2445 2106 2507 τοὺς
2137 2443 2204 2496 τά

534 2532 713 2602 φαῦλα
744 2534 1183 2604 ἐργασαμένους,
1209 2534 1311 2587 οὐκ
1361 2533 1603 2598 ἀξιοῦσιν
1633 2533 1829 2596 αὐτοὺς
1860 2531 1960 2601 τῆς
1999 2530 2206 2595 οἰκείας

532 2620 899 2692 ἀποκρίσεως,
922 2622 1017 2675 καὶ
1041 2621 1129 2675 διὰ
1146 2620 1304 2676 τοῦτο
1328 2620 1635 2684 δεικνύντες
1660 2620 1860 2683 αὐτοῖς,
1883 2620 1980 2689 ὅση
2010 2618 2205 2689 ἀτιμίςι⁸

533 2709 760 2770 ἑαυτοὺς
781 2707 1101 2777 περιέϐαλον
1121 2708 1209 2762 διὰ
1230 2709 1331 2780 τῆς
1350 2709 1460 2762 τῶν
1483 2708 1734 2780 πονηρῶν
1762 2705 2014 2779 πράξεων
2041 2708 2205 2776 ἐργα-

536 2794 658 2857 σίας
680 2812 693 2824 ·
729 2794 843 2848 ἀλλ’
875 2796 904 2848 ό
945 2796 1045 2865 μὲν
1088 2795 1348 2867 δικαστὴς
1380 2795 1754 2866 ἀποκρίνεται,
1796 2794 1980 2864 ἕτερος
2029 2792 2085 2845 δέ
2120 2809 2204 2855 τις

534 2882 704 2946 ἑστὼς
731 2882 1032 2946 διαϐιϐάζει
1069 2883 1139 2937 τά
1173 2882 1324 2954 παρά
1364 2881 1460 2935 τοῦ
1498 2881 1750 2934 δικαστοῦ
1784 2880 1862 2950 τῷ
1892 2879 2201 2947 ὑπευθύνῳ,

533 2970 625 3023 καὶ
648 2972 715 3024 τὰ
744 2974 873 3042 παρ’
903 2972 1111 3026 ἐκείνου
1138 2972 1299 3025 πάλιν
1320 2971 1711 3043 διαπορθμεύει
1727 2971 1804 3042 τῷ
1828 2971 2055 3043 δικαστῇ
2075 2987 2086 2998 ⁸
2111 2970 2203 3024 καὶ

532 3059 770 3113 τοιοῦτον
798 3058 863 3113 ἂν
897 3060 995 3113 ίδοι
1038 3077 1121 3124 τις
1159 3060 1266 3114 τῶν
1297 3060 1626 3124 δικαζόντων
1660 3059 1937 3130 πανταχοῦ
1976 3059 2035 3112 τὸ
2059 3058 2199 3123 ἔθος.

549 3135 684 3201 Ἀλλ’
706 3149 735 3201 ὁ
762 3147 893 3212 Θεὸς
930 3148 1029 3219 οὐχ
1054 3148 1247 3213 οὕτως,
1281 3148 1419 3204 ἀλλά
1445 3147 1530 3215 τί;
1561 3148 1733 3213 Αὐτὸς
1770 3148 1836 3202 δι’
1871 3147 2067 3201 ἑαυτοῦ
2104 3165 2203 3201 κα-

532 3236 615 3288 λεῖ
632 3252 645 3265 ·
681 3236 791 3291 Καὶ
814 3235 1091 3302 ἐκάλεσε,
1121 3238 1275 3310 φησὶ.
1298 3240 1512 3307 Κύριος
1537 3241 1570 3293 ό
1598 3239 1743 3304 Θεὸς
1764 3238 1870 3293 τὸν
1905 3237 2077 3307 Ἀδὰμ
2104 3237 2201 3291 καί

527 3316 699 3377 εἶπεν
726 3323 908 3390 αὐτῷ,
944 3325 1135 3395 Ἀδὰμ,
1161 3326 1279 3380 ποῦ
1309 3322 1400 3390 aI;
1424 3327 1565 3398 Ὅρα
1592 3327 1731 3397 πόση
1759 3326 1986 3398 δύναμις
2008 3325 2203 3380 ἐναπό-

530 3427 709 3465 κειται
736 3413 795 3465 ὲν
827 3414 893 3482 τῇ
932 3410 1161 3485 βραχείᾳ
1195 3413 1367 3486 ταύτῃ
1400 3412 1563 3479 λέξει.
1605 3416 1714 3468 Καὶ
1756 3415 1888 3468 αὐτὸ
1920 3414 2073 3487 [157]
2105 3416 2202 3486 μὲν

531 3500 639 3571 γὰρ
667 3500 727 3554 τὸ
756 3500 983 3554 καλέσαι
1026 3500 1229 3571 πολλῆς
1266 3502 1360 3554 καὶ
1405 3502 1613 3571 ἀφάτου
1648 3502 2078 3573 φιλανθρωπίας,
2106 3503 2201 3556 καὶ

528 3588 589 3642 τδ
614 3588 691 3659 τῷ
725 3590 1229 3661 καταισχυνομένῳ,
1259 3591 1354 3644 καὶ
1390 3592 1524 3662 μηδέ
1556 3588 1687 3663 ἆραι
1713 3593 1742 3632 b
1778 3592 1839 3646 τὺ
1877 3594 2050 3663 στόμα
2081 3593 2203 3646 τολο

532 3677 723 3747 μῶντι,
777 3677 912 3749 μηδέ
949 3677 1207 3743 διανοῖξαι
1241 3678 1506 3747 γλῶτταν,
1551 3680 1647 3733 καὶ
1699 3682 1956 3754 ἀφορμὴν
1993 3682 2199 3746 δοῦναι,

527 3765 614 3818 διά
639 3768 738 3834 τῆς
772 3768 1113 3837 ἐρωτήσεως,
1148 3765 1350 3836 πολλῆς
1387 3767 1721 3839 ἀγαθότητος
1747 3786 1762 3800 ’
1792 3770 1852 3823 τὸ
1891 3770 1948 3824 δὲ
1988 3772 2081 3824 καὶ
2109 3771 2198 3825 λέ-

528 3868 668 3921 γειν,
693 3853 817 3907 Ποῦ
837 3849 924 3917 εἵ;
953 3854 1150 3925 πολλὴν
1173 3854 1284 3925 ἕχει
1306 3855 1403 3925 τὴν
1428 3856 1580 3926 ἰσχὺν
1603 3856 1741 3925 μετά
1766 3857 1866 3927 τῆς
1897 3857 2087 3925 φιλανθ
2098 3877 2201 3928 ρω-

528 3932 676 4004 πίας.
702 3941 997 4012 Μονονουχί
1027 3941 1137 4013 γὰρ
1177 3942 1468 3995 αἰνίττεται
1511 3942 1659 4013 αύτῷ
1690 3943 1776 3996 διά
1810 3943 1995 3998 τούτου
2026 3946 2200 4015 λέγων

529 4028 666 4099 πρὸς
702 4029 894 4083 αὐτόν·
936 4029 1001 4083 Τί
1046 4028 1310 4098 γέγονενς
1348 4029 1605 4101 Ἐτέρωθί
1648 4047 1707 4083 σε
1753 4031 2066 4099 κατέλιπον,
2108 4035 2201 4088 καὶ

527 4114 756 4187 ἑτέρωθι
785 4116 881 4170 νῦν
907 4117 1183 4189 εὑρίσκωο
1218 4116 1380 4189 ἑτέρᾳ
1409 4117 1534 4190 δόξῃ
1568 4118 1940 4188 ἠμφιεσμένον
1982 4121 2202 4175 καταλι-

528 4199 666 4263 πὼν,
695 4201 791 4256 νῦν
822 4195 981 4273 εῦρον
1017 4205 1075 4255 ἐν
1103 4203 1423 4275 γυμνότητι.
1459 4204 1583 4258 Ποῦ
1611 4200 1702 4267 sl;
1739 4203 1910 4259 Πόθεν
1950 4222 2033 4259 σοι
2071 4224 2189 4260 συν⁶

526 4290 623 4360 έϐη
653 4290 843 4355 τοῦτο;
877 4289 973 4354 Τίς
1000 4306 1059 4342 σε
1083 4292 1163 4353 εἰς
1185 4291 1452 4345 τοσαύττιν
1475 4293 1650 4363 ήγαγε
1681 4292 2013 4365 μεταϐολήν;
2041 4295 2199 4351 Ποῑος

525 4377 727 4448 λῃστὴς
748 4376 841 4430 καὶ
868 4377 1201 4448 τοιχωρύχος
1236 4377 1411 4442 οὕτως
1436 4379 1632 4451 ἀθρόον
1661 4380 1880 4435 ἅπασαν
1909 4381 2003 4435 τοῦ
2030 4382 2193 4436 πλού-

524 4479 619 4517 του
661 4465 763 4534 τὴν
796 4464 1112 4535 περιουσίαν
1143 4464 1511 4536 ἀφελόμενος,
1558 4468 1621 4521 ἐν
1661 4469 1894 4541 τοσαύτῃ
1929 4487 1988 4524 σε
2037 4473 2197 4543 πενίᾳ

506 4550 855 4622 ,κατέστησες
882 4551 1051 4605 Πόθεν
1070 4567 1150 4627 σοι
1170 4553 1269 4624 τῆς
1292 4553 1676 4627 γυμνώσεωςή
1701 4556 1954 4630 αἴσθησις
1972 4559 2161 4629 γέγονε
2180 4578 2194 4627 ;

524 4637 621 4704 Τίς
654 4656 735 4692 σοι
779 4639 953 4704 αίτιος
985 4641 1085 4712 τῆς
1115 4640 1455 4713 ἀφαιρέσεως
1491 4644 1586 4695 τοῦ
1619 4642 1933 4715 θαυμαστοῦ
1983 4647 2193 4700 ἐκείνου

522 4727 839 4798 ἐνδύματος,
873 4727 902 4781 δ
942 4730 1405 4802 περιϐεϐλημένος
1444 4729 1892 4802 ἐτύγχανες;Τίς
1941 4735 1972 4806 ή
2021 4733 2194 4805 ἀθρόα

522 4813 661 4887 α’ύτη
714 4816 1023 4888 μεταϐολῆς
1082 4818 1217 4873 Ποία
1278 4820 1531 4888 καταιγίς
1561 4818 1705 4873 οὕτω
1740 4820 1943 4895 σφοδρά
1983 4823 2194 4894 ταχέως

522 4901 739 4957 ἅπαντά
769 4921 863 4957 σου
896 4904 987 4957 τὸν
1022 4906 1220 4974 φόρτον
1256 4907 1556 4973 κατέδυσε;
1589 4907 1655 4962 Τί
1687 4908 1948 4977 γέγονεν,
1989 4910 2071 4964 ὅτι
2099 4912 2191 4965 τὸν

519 4988 755 5045 τοσαῦτα
803 4990 1262 5063 εὐεργετήσαντα,
1290 4993 1387 5059 καὶ
1424 4995 1506 5058 εἰς
1546 4993 1816 5067 τοσαύτην
1849 4997 2193 5066 ἀναγαγόντα

516 5075 685 5146 τιμὴν
718 5075 1055 5147 κρύπτεσθαι
1084 5079 1411 5149 ὲπιχειρεῖς;
1438 5080 1571 5134 Τίνα
1596 5080 1847 5146 δεδοικὼς
1870 5081 1965 5137 νῦν
1993 5083 2192 5139 λανθά-

517 5179 631 5217 νειν
672 5164 1026 5232 σπουδάζειςς
1075 5166 1166 5237 Μὴ
1203 5166 1313 5239 γάρ
1365 5169 1671 5241 κατήγορος
1719 5168 2071 5243 παρέστηκες
2114 5173 2190 5245 μὴ

517 5251 626 5323 γάρ
660 5251 940 5335 μάρτυρες
969 5254 1340 5325 ἐφεστήκασι;
1379 5256 1552 5312 Πόθεν
1585 5274 1667 5311 σοι
1697 5259 1730 5329 ή
1754 5258 1993 5331 τοσαύτη
2019 5260 2190 5316 δειλία

518 5340 610 5392 καὶ
628 5341 658 5394 ό
685 5340 848 5408 φόϐος
876 5342 1282 5415 κατεσκεδάσθη
1311 5353 1370 5410 ε;
1408 5343 1522 5413 Τῆς
1543 5345 1749 5414 φωνῆς
1780 5361 1896 5401 σου
1927 5347 2186 5416 ἥκουσα,

516 5426 670 5496 φησὶ,
710 5426 1179 5496 περιπατοῦντος
1217 5430 1287 5483 ἐν
1313 5430 1394 5497 τῷ
1434 5432 1795 5502 παραδείσῳ,
1836 5435 1934 5488 καί
1966 5436 2186 5506 ἐφοϐή-

515 5515 633 5580 θην
689 5511 779 5566 ὅτι
835 5515 1061 5584 γυμνός
1111 5518 1258 5587 εἰμι,
1312 5519 1413 5573 καί
1459 5520 1736 5590 ἐκρύϐην.
1789 5522 1959 5577 Πόθεν
2010 5541 2091 5579 σοι
2153 5526 2186 5597 ή

515 5598 713 5665 γνῶσις
752 5598 851 5669 τῆς
897 5602 1228 5673 γυμνώσεως
1268 5606 1526 5676 γέγονεν;
1570 5608 1692 5662 εἰπέ
1724 5626 1848 5681 μοι⁸
1882 5609 1936 5663 τί
1978 5610 2039 5664 τὸ
2068 5628 2188 5666 και-

512 5683 600 5739 νδν
642 5685 737 5739 καὶ
768 5689 1105 5761 παράδοξον;
1148 5693 1245 5757 Τίς
1274 5692 1341 5747 ἄν
1381 5694 1538 5748 τοῦτο
1571 5695 1812 5767 ἠδυνήθη
1854 5697 1984 5750 ποτὲ
2019 5698 2186 5768 ἀναγ-

576 5771 946 5843 ‘__Morel:_61r§p
968 5777 1223 5843 ἀνθρώπων
1247 5796 1331 5843 τις.
1363 5818 1375 5829 .
1399 5781 1717 5843 ἀνάσχοιτο...
1742 5782 1890 5843 αὐτῷ.
1928 5780 1957 5822 ιι
1982 5781 2105 5843 Reg.
2133 5788 2186 5831 et

578 5797 605 5802 -
633 5797 804 5824 ιιιυτιςι.
830 5797 946 5840 οπερ
968 5797 1223 5841 ανυρωπων
1247 5797 1331 5836 τις.
1363 5818 1375 5829 .
1399 5797 1717 5843 ανασχοιτο...
1742 5798 1890 5843 αυτῳ.
1930 5797 1957 5822 η
1982 5797 2052 5831 ne
2095 5820 2105 5831 .
2133 5797 2181 5831 Cl

515 5832 663 5884 Savil.
720 5838 851 5907 μηδὲΔ
885 5839 1057 5903 διᾶραι.
1111 5841 1220 5901 Mox
1287 5842 1435 5892 Savil.
1483 5848 1674 5900 κινῆσαι
1718 5845 1946 5906 γλῶτταν.
2013 5846 2035 5875 (⁵
2055 5797 2181 5905 ᾖσε.

518 5911 600 5944 κατ
609 5901 884 5961 εσχεδιάσθη
893 5937 903 5948 .

1260 237 1319 291 S.
1356 234 1640 291 JOANNIS
1680 232 2170 291 CIIRYSOSTOMI
2206 232 2524 289 ARCHIEP.
2565 230 3114 289 CONSTANTINOP.

3899 242 4000 301 I38

2319 350 2497 417 γεῖλαί
2531 365 2643 411 σοι,
2684 349 2732 400 εἰ
2781 347 2856 419 μὴ
2895 347 2960 400 σὺ
2997 346 3179 418 σαυτῷ
3222 345 3426 418 ταύτης
3466 347 3638 412 αἴτιος
3678 350 3863 419 ἐγένου
3892 357 3994 426 τῆς

2317 434 2579 506 αἰσχύνης
2605 452 2618 497 ;
2657 434 2706 487 εἱ
2732 434 2804 505 μὴ
2828 433 2935 487 ἀπὸ
2954 432 3047 487 τοῦ
3080 433 3258 497 ξύλου.
3292 427 3353 487 οῦ
3382 435 3737 507 ἐνετειλάμην
3763 457 3845 493 σοι
3869 445 3987 500 τοι).

2314 532 2409 569 του
2450 514 2612 585 μόνου
2655 513 2729 584 μὴ
2771 514 2984 582 φαγεῖν,
3020 513 3114 565 ἀπ’
3153 513 3317 567 αὐτοῦ
3353 513 3552 583 ἔφαγες
3573 516 3761 589 ςκὌρα
3797 520 3986 587 φιλαν.

2315 597 2560 669 θρωπίαν
2584 597 2853 650 Δεσπότου
2884 600 2978 651 καὶ
3010 597 3361 665 ἀνεξικακίας
3386 600 3712 674 ὑπερϐολήν.
3748 606 3991 678 Δυνάμε-

2315 697 2405 742 vo;
2434 680 2541 751 γὰρ
2566 679 2765 741 εὐθέως
2823 679 2956 749 μηδέ
2998 680 3344 753 ἀποκρίσεως
3386 682 3616 750 ἀξιῶσαι
3646 685 3735 739 τὸν
3755 689 3991 746 τοσαῦτα

2316 761 2694 832 ἡμαρτηκότα,
2722 758 2837 812 ἀλλ’
2866 761 2970 813 ὑπὸ
2992 760 3051 813 τὸ
3073 761 3349 832 ἐπιτίμιον
3376 764 3621 832 ἀγαγεῖν,
3650 764 3679 818 δ
3701 768 3988 838 προλαϐὼν

2317 841 2535 914 ὥρισεν,
2586 844 2635 895 εί
2683 842 2982 914 παραϐαίη,
3015 844 3378 915 μακροθυμεῖ,
3423 847 3519 898 καὶ
3572 848 3847 917 ἀνέχεται,
3894 854 3989 907 καὶ

2316 927 2512 996 ἐρωτᾷ,
2554 925 2647 978 καὶ
2693 926 2983 995 ἀπόκρισιν
3009 926 3243 994 δέχεται,
3280 927 3375 979 καὶ
3401 927 3560 980 πάλιν
3595 930 3774 1001 ἐρωτᾷ
3802 950 3986 1002 μονον-

2312 1009 2434 1077 ουχὶ
2470 1008 2549 1069 εἰς
2594 1006 2886 1074 ἀπολογίαν
2932 1006 3094 1059 αὑτὸν
3133 1007 3561 1073 ἐκκαλούμενος,
3607 1012 3696 1063 ῖνα
3733 1013 3986 1085 ἀφορμὴν

2312 1085 2517 1148 λαϐὼν,
2545 1087 2645 1157 τὴν
2679 1088 2886 1141 οἰκείαν
2923 1088 3332 1159 φιλανθρωπίαν
3374 1092 3469 1143 καὶ
3506 1092 3644 1159 μετά
3670 1093 3771 1164 τὴν
3792 1097 3986 1149 τοσαύ-

2314 1185 2412 1238 την
2444 1169 2753 1242 παράϐασιν
2784 1170 2909 1239 περὶ
2940 1169 3102 1223 αὑτὸν
3131 1171 3459 1242 ἐπιδείξηται
3485 1190 3499 1204 ·
3544 1174 3812 1229 παιδεύων
3839 1179 3986 1248 ἡμᾶς

2315 1257 2408 1308 καὶ
2435 1256 2522 1308 διὰ
2547 1256 2760 1316 τούτου,
2782 1256 2999 1310 ἐπειδάν
3015 1256 3322 1326 δικάζωμεν
3348 1260 3459 1321 τοῖς
3481 1259 3802 1324 ὑπευθύνοις
3818 1264 3867 1324 ά,
3902 1265 3981 1336 μὴ

2313 1338 2604 1407 ἀνημέρως
2644 1338 2828 1399 αὐτοῖς
2868 1338 3290 1408 προσφέρεσθαι,
3339 1341 3475 1410 μηδέ
3515 1340 3613 1413 τὴν
3638 1342 3748 1395 τῶν
3777 1343 3980 1415 θηρίων

2312 1419 2574 1490 ὠμότητα
2602 1422 2731 1490 περὶ
2761 1420 2958 1482 αὐτοὺς
2980 1421 3402 1484 ἐπιδείκνυσθαι,
3431 1422 3565 1477 ἀλλὰ
3589 1424 3756 1496 πολλῇ
3785 1428 3849 1496 τῇ
3879 1443 3984 1496 μιν

2313 1502 2586 1573 κροθυμία
2617 1503 2708 1556 καὶ
2747 1505 2814 1573 τῇ
2851 1503 3024 1572 φειδοῖ
3064 1503 3383 1574 κεχρῆσθαι.
3435 1505 3529 1559 ᾶτε
3558 1506 3622 1577 δὴ
3651 1507 3727 1571 ὡς
3766 1508 3982 1573 οἰκείοις

2316 1585 2501 1654 μέλεσι
2532 1585 2871 1651 δικάζοντας,
2913 1587 3006 1640 καὶ
3058 1587 3120 1640 τὸ
3149 1587 3410 1657 ὁμογενὲς
3447 1590 3762 1654 ἐννοοῦντας
3790 1592 3979 1661 φιλαν-

2314 1667 2532 1738 θρωπίᾳ
2551 1668 2652 1738 τὴν
2682 1667 2952 1738 τιμωρίαν
2991 1671 3338 1740 κεραννύναι.
3368 1669 3503 1724 Οὐδὲ
3535 1671 3644 1743 γάρ
3677 1672 3865 1737 ἁπλῶς
3891 1690 3978 1726 το-

2312 1750 2486 1823 σαύτῃ
2520 1751 2925 1818 συγκαταϐἀσει
2961 1751 2995 1820 ή
3037 1751 3154 1804 θεία
3200 1752 3237 1804 Γ
3245 1751 3388 1823 ραφὴ
3429 1752 3710 1826 κέχρηται,
3738 1754 3870 1808 ἀλλά
3892 1756 3979 1809 διὰ

2311 1833 2410 1901 τῆς
2431 1834 2739 1904 παχύτητος
2759 1846 2782 1874 ο
2810 1834 2916 1888 τῶν
2947 1833 3145 1901 λέξεων
3171 1834 3493 1889 διδάσκουσα
3514 1837 3660 1907 ἡμᾶς
3686 1838 3786 1908 τήν
3805 1855 3864 1890 τε
3882 1836 3977 1892 τοῦ

2310 1914 2445 1969 Θεοῦ
2481 1916 2913 1988 φιλανθρωπίαν,
2962 1917 3056 1970 καὶ
3097 1919 3176 1981 εἰς
3215 1916 3373 1986 ζῆλον
3413 1917 3640 1986 ἄγουσα,
3672 1920 3813 1974 ὥστε
3840 1919 3980 1975 κατὰ

2309 1994 2535 2067 δύναμιν
2561 1997 2905 2069 ἀνθρωπίνην
2931 1999 3218 2069 μιμεῖσθαι
3244 1999 3337 2052 τοῦ
3371 2001 3638 2055 Δεσπότου
3658 2003 3757 2075 τὴν
3779 2003 3979 2072 ἀγαθό-

2308 2093 2466 2155 τητα’
2499 2079 2609 2135 Καὶ
2631 2074 2800 2133 εἶπεν
2822 2078 3001 2144 αὐτῷ,
3036 2079 3129 2146 Τίς
3149 2079 3470 2150 ἁνήγγειλέ
3497 2099 3616 2145 σοι,
3640 2083 3727 2137 ὅτι
3754 2085 3978 2155 γυμνὸς

2309 2154 2381 2221 εἴ,
2424 2162 2472 2213 εἰ
2498 2160 2584 2230 μὴ
2615 2161 2732 2215 ἀπὸ
2762 2161 2868 2215 τοῦ
2893 2160 3085 2237 ξύλου
3114 2157 3185 2216 οὗ
3210 2162 3601 2233 ἐνετειλάμην
3625 2181 3726 2220 σοι
3762 2154 3976 2221 τούτου

2303 2244 2499 2310 μόνου
2527 2244 2613 2312 μὴ
2637 2243 2870 2313 φαγεῖν,
2907 2242 3009 2298 ἀπ’
3039 2243 3227 2298 αὑτοῦ
3265 2244 3520 2315 ἔφαγες-ς
3555 2246 3721 2302 Πόθεν
3752 2249 3838 2313 ἂν,
3867 2268 3941 2321 φη
3961 2281 3976 2292 -

2311 2326 2417 2390 σίν,
2455 2326 2726 2397 ήδυνήθης
2746 2324 2901 2380 τοῦτο
2924 2326 3148 2395 γνῶναι,
3178 2328 3271 2381 καὶ
3294 2328 3529 2401 τοσαύτῃ
3555 2330 3783 2403 αἰσχύνῃ
3817 2350 3978 2404 περι·-

2308 2407 2596 2477 ϐληθῆναι,
2628 2410 2677 2461 εἰ
2725 2408 2799 2480 μὴ
2847 2410 3014 2481 πολλῇ
3048 2413 3112 2481 τῇ
3159 2410 3398 2483 ἀκρασίᾳ
3441 2412 3677 2484 ἐχρήσω,
3724 2416 3818 2468 καὶ
3842 2434 3972 2470 κατα

2307 2491 2613 2562 εφρόνησάς
2647 2509 2747 2561 μου
2777 2492 2877 2561 τῆς
2902 2492 3153 2562 ἐντολῆςξ
4036 2498 4042 2505 “

2380 2572 2529 2646 [158]
2545 2574 2607 2628 δ’.
2624 2574 2840 2637 Σκόπει,
2858 2575 3131 2645 ἀγαπητὲ,
3150 2576 3246 2646 τῆς
3265 2576 3597 2647 ἀγαθότητος
3614 2577 3710 2630 τοῦ
3725 2577 3860 2631 Θεοῦ
3880 2577 3977 2650 τὴν

2308 2657 2634 2730 ὑπερϐολὴν,
2658 2658 2806 2723 ὅπως
2835 2658 3086 2730 καθάπερ
3115 2659 3264 2728 φίλος
3298 2659 3436 2730 φίλῳ
3462 2660 3860 2732 διαλεγόμενος,
3884 2662 3979 2715 καὶ

2306 2740 2552 2809 ἐγκαλῶν
2577 2741 2653 2805 ὡς
2680 2741 2984 2811 παραϐάντι
3014 2742 3080 2795 τά
3112 2738 3241 2812 παρ’
3269 2742 3431 2795 αὐτοῦ
3461 2743 3802 2806 ὲνταλθέντα,
3835 2742 3981 2799 οὕτω

2307 2824 2444 2895 πρὸς
2473 2824 2634 2877 αὐτὸν
2662 2823 2759 2895 τὴν
2804 2824 3038 2888 διάλεξιν
3080 2827 3332 2878 ποιεῖται.
3385 2827 3479 2892 Τίς
3536 2825 3852 2895 ἀνήγγειλέ
3878 2842 3981 2881 σοι

2306 2907 2396 2961 ὅτι
2426 2907 2650 2977 γυμνὸς
2672 2904 2745 2969 εἶ,
2776 2909 2827 2961 εί
2841 2907 2925 2976 μὴ
2943 2908 3060 2963 ἀπὸ
3084 2909 3191 2962 τοῦ
3234 2909 3446 2973 ξύλου,
3487 2906 3559 2965 οὗ
3587 2910 3981 2979 ἐνετειλάμην

2307 3008 2409 3045 σοι
2440 2992 2655 3045 τούτου
2683 2992 2876 3060 μόνου
2904 2990 2990 3059 μὴ
3018 2991 3252 3061 φαγεῖν,
3285 2993 3388 3047 ἀπ’
3410 2992 3596 3046 αὐτοῦ
3617 2993 3869 3063 ἔφαγες
3901 2993 3980 3047 οὐ

2310 3073 2511 3145 μικράν
2546 3073 2780 3143 ἔμφασιν
2807 3074 2921 3145 ἔχει
2950 3075 3044 3128 καί
3067 3074 3128 3129 τὸ
3165 3074 3364 3144 λέγειν·
3397 3077 3615 3130 Τούτου
3642 3076 3856 3146 μόνου.
3886 3077 3980 3147 Μὴ

2306 3157 2415 3228 γάρ
2472 3155 2888 3229 ἐστενοχώρησά
2936 3174 3053 3220 σου,
3113 3159 3268 3228 φησὶ,
3317 3158 3414 3230 τὴν
3464 3159 3791 3224 ἀπόλαυσιν;
3843 3161 3983 3230 υύχὶ

2309 3240 2488 3290 πᾶσαν
2523 3236 2707 3291 ἄδειάν
2767 3255 2847 3290 σοι
2906 3238 3199 3310 παρέσχον,
3254 3241 3349 3293 καὶ
3400 3241 3614 3295 πάντων
3661 3242 3768 3295 τῶν
3806 3244 3864 3296 ἐν
3899 3242 3983 3313 τῷ

2308 3320 2621 3390 παραδείσῳ
2662 3319 2759 3392 τὴν
2801 3321 3048 3386 ἐξουσίαν
3095 3323 3361 3387 δεδωκὼς,
3414 3323 3532 3388 ἐνὸς
3584 3323 3774 3377 τούτου
3813 3324 3980 3395 μόνου

2306 3402 2603 3473 ἀπέχεσθαι
2628 3402 2999 3473 ἐνετειλάμην,
3034 3404 3119 3457 ἵνα
3145 3404 3341 3458 ειδέναι
3374 3404 3524 3477 ἔχῃς,
3550 3407 3631 3459 ὅτι
3661 3405 3766 3458 ὑπὸ
3786 3405 3984 3460 δεσπό-

2305 3502 2405 3553 την
2437 3480 2487 3537 εῑ
2509 3483 2553 3547 ἲ,
2581 3483 2674 3536 καὶ
2704 3484 2943 3553 ὀφείλεις
2973 3486 3219 3556 ὑπακοήν
3268 3505 3390 3541 τινα
3443 3487 3842 3549 ἐπιδεικνύναις
3882 3489 3984 3553 Τίς

2304 3564 2397 3622 οὗν
2425 3571 2456 3639 ή
2489 3569 2724 3638 τοσαύτη
2762 3568 3026 3640 ῥᾳθυμία,
3060 3569 3199 3623 ὥστε
3232 3570 3501 3642 τοσαύτην
3528 3570 3718 3640 ἔχοντα
3738 3569 3980 3624 ἀπόλαυ-

2308 3669 2411 3714 σιν,
2452 3652 2527 3723 μὴ
2555 3652 2882 3722 ἀνασχέσθαι
2934 3651 3069 3722 μηδέ
3097 3652 3286 3706 τούτου
3322 3652 3416 3706 τοῦ
3465 3654 3585 3715 ἐνὸς
3618 3651 3981 3722 ἀποσχέσθαι,

2305 3737 2419 3793 ἀλλ’
2444 3736 2588 3790 οὕτω
2633 3736 2845 3807 ταχέως
2880 3737 2961 3799 εἰς
3001 3736 3101 3807 τὴν
3139 3737 3270 3809 παρ’
3302 3735 3440 3807 ἐμοῦ
3478 3736 3721 3790 δοθεῖσαν
3758 3736 3985 3808 ἐντολὴν

2304 3820 2605 3892 ἐξυϐρίσαι,
2635 3822 2729 3873 καὶ
2764 3820 3040 3882 τοσούτοις
3070 3822 3260 3883 κακοῖς
3300 3819 3491 3874 ἑαυτὸν
3520 3819 3870 3892 περιϐαλεῖν;
3910 3819 3983 3872 Τί

2307 3919 2388 3955 σοι
2424 3903 2485 3955 τὸ
2517 3902 2704 3970 ὄφελος
2745 3903 3001 3972 γέγονεν;
3038 3903 3113 3955 Οὐ
3148 3901 3433 3973 προλαϐὼν
3473 3902 3645 3956 ταῦτα
3684 3897 3876 3971 dum;
3914 3904 3981 3955 οὐ

2302 3983 2381 4054 τῷ
2412 3983 2561 4055 φόϐῳ
2588 3984 2681 4036 τοῦ
2723 3985 2999 4055 ἐπιτιμίου
3040 3986 3461 4057 προαναστεῖλαι
3506 3985 3838 4056 ἠϐουλήθην,
3882 3986 3987 4039 καὶ

2305 4065 2739 4137 ἀσφαλεστέρους
2769 4067 3137 4138 ἐργάσασθαι;
3187 4068 3287 4122 οὐκ
3325 4063 3478 4121 εἷπον
3513 4067 3575 4122 τὸ
3624 4069 3818 4139 μέλλον
3847 4070 3986 4140 ύμῖν

2305 4148 2678 4220 συμϐήσεσθαι
2700 4165 2714 4213 ;
2750 4151 2811 4203 οὐ
2834 4150 2923 4203 διὰ
2947 4151 3106 4204 τοῦτο
3134 4151 3230 4223 τὴν
3253 4151 3456 4223 βρῶσιν
3481 4151 3749 4217 ἐκώλυσα,
3786 4152 3875 4206 ἴνα
3901 4152 3986 4225 μὴ

2301 4232 2513 4295 τούτοις
2543 4231 2874 4302 περιπέσητε
2897 4250 2911 4299 ;
2939 4233 3033 4296 Τίς
3057 4233 3121 4286 ἄν
3151 4251 3209 4286 σε
3231 4234 3563 4306 συγγνώμης
3584 4233 3857 4300 ἀξιώσειε,
3884 4236 3984 4289 τὸν

2305 4317 2443 4388 μετά
2469 4317 2735 4382 τοσαύτας
2788 4319 3165 4390 παραγγελίας
3203 4320 3374 4384 οὕτως
3417 4320 3706 4392 ἀγνώμονα
3743 4322 3984 4392 γενόμεο

2299 4422 2423 4468 νον;
2476 4404 2552 4457 Οὐ
2594 4404 2843 4477 καθάπερ
2887 4405 3069 4477 πατὴρ
3114 4407 3268 4461 παιδὶ
3327 4409 3565 4478 γνησίῳ,
3609 4406 3753 4461 οὕτω
3794 4408 3985 4462 πάντα

2299 4482 2712 4553 διεστειλάμην,
2756 4485 2852 4538 καὶ⁹
2903 4484 3116 4552 ἐδίδαξα
3162 4483 3410 4558 τῶνμέν
3452 4487 3626 4541 ἄλλων
3665 4487 3985 4556 ἀπογεύσα-

2305 4563 2451 4628 σθαι,
2486 4564 2677 4619 τούτου
2710 4566 2767 4619 δέ
2793 4566 3147 4636 ἀποσχέσθαι,
3181 4568 3269 4622 ἵνα
3315 4568 3390 4641 μὴ
3411 4568 3545 4623 πᾶσί
3580 4586 3674 4623 σου
3703 4573 3814 4634 τοίς
3838 4571 3988 4640 ἀγα-

2301 4643 2412 4709 θοῖς
2433 4645 2790 4717 λυμαίνηται;
2834 4647 2971 4701 Ἀλλ’
3009 4649 3139 4714 ἴσως
3176 4650 3386 4722 ἀγαθὴν
3411 4652 3505 4704 καὶ
3525 4651 3987 4724 ἀξιοπιστοτέραν

2303 4729 2652 4801 ἡγησάμενος
2693 4733 2793 4802 τῆς
2838 4730 2978 4801 ἐμῆς
3007 4731 3228 4800 ἐντολῆς
3268 4732 3367 4803 τὴν
3404 4732 3593 4802 ἐτέρου
3640 4734 3986 4806 συμϐουλὴν,

2298 4813 2393 4865 καὶ
2423 4812 2797 4884 προσδοκήσας
2829 4812 3087 4884 μειζόνων
3108 4815 3393 4883 ἐφικέσθαι
3416 4818 3440 4855 ε
3466 4816 3623 4869 τοῦτο
3644 4816 3986 4887 πεποίηκας,

2298 4900 2389 4953 καί
2420 4899 2517 4963 τὰς
2553 4899 2691 4971 ἐμάς
2719 4900 2939 4965 ἐντολὰς
2977 4903 3376 4974 παρωσάμενος
3422 4903 3837 4974 κατετόλμησας
3873 4904 3986 4974 τῆς

2296 4980 2386 5033 τοῦ
2424 4981 2580 5046 ξύλου
2619 4980 2895 5053 βρώσεως.
2936 4982 3066 5038 ’ἰδοὺ
3090 4983 3180 5037 διά
3199 4984 3296 5054 τῆς
3333 4985 3528 5055 πείρας
3559 4978 3635 5039 ὧν
3673 4985 3981 5046 πέπονθας.

2294 5062 2497 5133 ἔμαθες
2529 5065 2653 5118 ὅσον
2680 5063 2779 5134 τῆς
2808 5065 3117 5137 συμϐουλῆς
3151 5066 3364 5138 ἐκείνης
3396 5065 3455 5119 τὸ
3488 5065 3750 5138 ὀλέθριον.
3786 5067 3985 5122 Εῐδετε

2291 5145 2546 5201 δικαστοῦ
2576 5147 3023 5219 φιλανθρωπίαν;
3055 5149 3222 5202 εἴδετε
3250 5149 3569 5221 ἡμερότητα
3599 5149 3694 5204 καὶ
3717 5148 3987 5215 ἀνεξικαε-

2296 5230 2419 5281 κίαν
2447 5230 2652 5297 ἄφατον
2686 5227 2743 5294 ⁸³;
2770 5230 2937 5282 εἴδετε
2969 5231 3381 5300 συγκατάϐασιν
3437 5232 3616 5287 πάντα
3669 5231 3826 5300 λόγον
3877 5232 3987 5286 καὶ⁵

2291 5311 2531 5366 διάνοιαν
2561 5312 3032 5383 ύπερϐαίνουσαν;
3068 5313 3239 5367 εἴδετε
3262 5316 3378 5378 πῶς
3398 5316 3487 5369 διά
3514 5316 3615 5386 τῆς
3642 5316 3985 5386 ἐρωτήσεως

2292 5397 2386 5449 καὶ
2419 5394 2513 5448 τοῦ
2555 5394 2753 5459 λέγειν,
2796 5395 2892 5462 Τις
2931 5396 3250 5466 ἀνήγγειλέ
3282 5416 3383 5454 σοι
3416 5399 3506 5455 ὅτι
3544 5399 3771 5471 γυμνὸς
3794 5395 3875 5462 εἷ,
3923 5401 3988 5452 εὶ

2286 5478 2372 5547 μὴ
2401 5477 2522 5534 ἀπὸ
2552 5477 2659 5532 τοῦ
2694 5476 2906 5543 ξύλου,
2949 5474 3021 5535 οὗ
3063 5480 3455 5553 ἐνετειλάμην
3483 5484 3834 5540 σοι-τούτου
3859 5485 3985 5550 μό-

2290 5578 2400 5614 νου
2421 5560 2507 5629 μὴ
2537 5559 2768 5629 φαγεῖν,
2798 5561 2899 5615 ἀπ’
2921 5562 3108 5618 αὐτοῦ
3127 5565 3366 5634 ἔφαγες,
3390 5566 3559 5639 θύρας
3582 5565 3733 5636 αὐτῷ
3754 5564 3984 5629 ἀνοῖξαι

2294 5641 2542 5712 βούλεται
2572 5640 2886 5711 ἀπολογίας,
2930 5644 3016 5699 ῖνα
3053 5647 3149 5699 καὶ
3192 5647 3325 5720 πρὸς
3370 5648 3457 5701 τὸν
3505 5647 3678 5711 οὕτως
3706 5649 3985 5719 ἡμαρτη-

2355 5730 2380 5763 d
2403 5730 2681 5798 gavilgobg
2710 5730 3004 5785 ὑπευθύνους.
3074 5732 3097 5759 ο
3128 5730 3251 5839 Bcf.
3290 5744 3416 5779 unus
3439 5732 3516 5779 διὰ
3561 5732 3648 5788 τὴν
3692 5730 3981 5803 παχύτητα.

2300 5782 2320 5823 τ
2350 5786 2447 5836 Aln
2478 5786 2571 5834 ὑπο
2594 5787 2887 5837 δεσποτείαν.
2916 5788 3040 5839 Ibid.
3063 5789 3199 5839 More
3225 5828 3236 5840 .
3273 5791 3635 5841 ἐπιδείκνυσθαι.
3706 5792 3732 5829 8
3757 5789 3982 5840 Louslin.

2294 5848 2520 5956 ἐφίεσθαι.
2550 5846 2699 5896 Savil.
2728 5853 2779 5899 et
2803 5850 2900 5900 duo
2922 5864 3034 5903 mss.
3068 5851 3397 5909 ἐπιτεύξεσθαι.
3468 5851 3494 5891 ιλ
3528 5854 3651 5916 Πὲε.
3681 5864 3808 5902 unus
3827 5848 3987 5899 addi'.

2324 5924 2543 5956 εσποτον.

2324 5924 2543 5957 τσποτον.

2355 5723 2681 5803 εξὲιιξὶικτρὺς
2710 5726 3021 5803 ὑπευθύνομς..
3063 5732 3107 5803 _°_
3128 5730 3251 5803 Reg.
3279 5744 3420 5803 .uulxs.
3439 5732 3516 5779 διὰ
3544 5732 3648 5803 ,τὴν
3692 5727 3981 5803 παχύτητα.
