4122 6204
1540 123 1574 139 κ

355 307 371 358 1
387 308 450 359 Ti

349 430 490 471 siros
504 408 1049 472 condennn-nnis,nisi
1067 424 1222 463 causa
1239 421 1393 464 antea
1410 412 1686 481 diligenter
1700 416 1930 483 cognita.

419 507 474 559 ὅ.
494 503 789 558 Audiamus
810 500 987 569 igitur,
1010 501 1053 553 si
1081 500 1267 568 plaeet,
1293 517 1410 568 qua:
1427 501 1591 569 judex
1616 505 1928 573 interroget.

349 612 468 664 quae
498 593 573 647 rei
601 590 979 660 respondeant,
1012 604 1145 658 quas
1174 603 1357 659 poenas
1378 590 1566 655 ferant,
1606 604 1658 645 et
1687 594 1768 646 cui
1800 609 1930 647 con-

347 682 680 739 demnatioui
710 679 974 733 obnoxius
1000 678 1156 732 fuerit
1182 680 1225 733 is
1255 680 1342 749 qui
1375 681 1426 734 in
1455 680 1573 734 illos
1603 690 1774 735 tantas
1801 682 1929 736 insi-
1989 684 1993 690 ’

347 776 461 830 dias
487 772 818 828 machinatus
838 779 937 825 est.
970 768 1096 837 Sed,
1128 771 1369 836 obsecro,
1392 774 1626 826 animum
1654 775 1930 840 attendite,

348 879 398 922 et
422 865 589 920 multo
604 879 723 919 cum
747 863 936 917 timore
956 862 1091 916 dicta
1110 863 1418 916 auscultate.
1440 864 1495 917 Si
1511 865 1673 930 enim,
1700 878 1821 918 cum
1852 865 1930 918 vi-

351 958 536 1013 demus
567 965 837 1010 terrcnum
875 954 1109 1021 judicem
1141 954 1192 1007 iu
1220 955 1433 1007 sublimi
1465 955 1710 1008 tribunali
1740 955 1928 1008 seden-

351 1058 478 1112 tem,
502 1060 623 1100 reos
652 1045 703 1098 in
733 1044 962 1098 medium
993 1043 1369 1112 producentem
1392 1030 1413 1108 ,⁸
1440 1055 1492 1098 et
1519 1045 1789 1113 suppliciis
1814 1044 1931 1098 alli-

349 1137 607 1200 cicntcm,
642 1150 745 1186 non
775 1133 890 1186 sine
919 1133 1106 1186 timore
1126 1132 1404 1187 adstannts
1424 1176 1439 1198 ,
1473 1134 1657 1187 audire
1688 1135 1928 1188 volentos

350 1229 602 1297 quidnam
622 1227 781 1295 judex
807 1226 968 1289 dicat,
1001 1236 1051 1279 et
1079 1225 1203 1295 quid
1232 1225 1547 1295 respondeat
1575 1240 1696 1279 reus
1725 1243 1737 1277 :
1764 1228 1930 1280 multo

352 1320 518 1390 magis
549 1332 688 1372 nunc
711 1317 812 1371 hoc
839 1317 991 1371 nobis
1023 1316 1342 1381 faciendum,
1376 1332 1494 1371 cum
1522 1317 1763 1371 videmus
1799 1317 1927 1386 Opi-

353 1414 502 1464 licem
531 1416 730 1462 natura:
760 1423 968 1477 pennam
997 1407 1108 1460 suis
1140 1407 1395 1461 creaturis
1424 1409 1703 1462 intentare.
1734 1408 1927 1462 Verum

350 1501 393 1552 si
425 1499 709 1568 diligenter
736 1497 1040 1563 attendatis,
1074 1496 1316 1551 videbitis
1339 1507 1588 1565 quantum
1612 1498 1820 1552 intersit
1846 1498 1929 1551 iu-

352 1602 434 1645 ter
472 1588 891 1644 misericordiam
921 1588 1035 1647 Dei.
1069 1598 1114 1639 ct
1151 1587 1423 1640 hominum
1455 1603 1577 1655 erga
1605 1603 1929 1656 congeneres

349 1682 709 1737 severitatem.
738 1678 791 1734 9.
842 1679 907 1732 Et
953 1679 1141 1732 vocavit
1190 1677 1436 1732 Dominus
1483 1676 1621 1731 Detts
1666 1679 1853 1743 Adam,
1881 1689 1929 1733 et

351 1773 478 1826 dixit
506 1772 584 1826 illi
615 1787 633 1824 :
662 1771 846 1835 Adam,
878 1770 961 1823 ubi
1004 1788 1054 1823 es
1080 1769 1103 1823 ?
1146 1769 1237 1823 Vel
1269 1785 1332 1822 ex
1375 1770 1486 1838 ipsa
1516 1769 1929 1840 interrogatione

350 1862 467 1930 jure
494 1861 932 1928 obstupescamus
959 1859 1023 1911 ad
1055 1859 1378 1913 eminentem
1419 1860 1509 1913 llei
1548 1860 1884 1915 clementiam
1912 1878 1925 1914 :

352 1971 458 2010 non
480 1955 647 2008 solum
671 1952 808 2024 quod
841 1951 1131 2017 vocaverit,
1158 1951 1251 2006 sed
1282 1951 1423 2021 quod
1451 1968 1544 2021 per
1569 1950 1800 2021 seipsum
1833 1968 1928 2006 vo-

350 2046 552 2100 caverit
577 2061 590 2098 :
623 2043 675 2099 id
696 2042 834 2113 quod
858 2042 1098 2096 homines
1121 2040 1297 2096 facere
1323 2058 1609 2113 numquam
1635 2043 1828 2097 ferrent
1850 2044 1931 2098 iu-

354 2146 435 2190 ter
461 2150 540 2196 se.
562 2135 685 2189 licet
713 2133 952 2187 eamdem
982 2143 1222 2186 naturam
1244 2132 1415 2186 sortiti
1437 2134 1563 2186 sint.
1585 2132 1742 2188 Scitis
1761 2134 1925 2202 enim,

352 2242 474 2280 cum
496 2224 703 2295 judices
734 2224 785 2278 in
808 2224 915 2278 alto
940 2224 1073 2277 solio
1096 2224 1303 2287 Sedent,
1327 2225 1663 2295 rationesque
1683 2236 1930 2295 repetunt

352 2334 383 2372 a
412 2316 859 2380 malefactoribus,
893 2332 993 2371 nec
1020 2332 1118 2372 suo
1146 2332 1239 2371 eos
1260 2331 1518 2386 responso
1545 2317 1748 2386 dignari
1779 2335 1793 2372 :
1828 2318 1931 2374 hoc

353 2411 469 2478 ipso
491 2407 832 2464 ostendentes
858 2408 981 2473 illis,
1009 2417 1201 2477 quanta
1230 2408 1513 2478 ignominia
1543 2423 1661 2465 sese
1688 2409 1800 2464 suis
1829 2409 1928 2464 ﬂa-

351 2500 491 2567 gitiis
528 2500 888 2567 asperserint:
920 2507 974 2554 et
1019 2497 1181 2568 judex
1221 2498 1433 2569 quidem
1476 2499 1786 2568 respondet,
1834 2500 1929 2556 sed

350 2590 488 2644 alius
513 2589 772 2659 quispiam
802 2604 831 2643 a
855 2588 1033 2659 judice
1057 2588 1175 2643 11ηιο
1192 2590 1481 2659 excipiens.
1512 2605 1605 2645 reo
1628 2592 1927 2660 annuntiat,

346 2692 406 2736 et
428 2680 593 2752 judici
613 2695 823 2750 quoque
857 2695 975 2750 qua:
1002 2695 1125 2735 reus
1148 2679 1357 2735 dixerat
1386 2698 1400 2733 :
1432 2690 1487 2734 et
1515 2681 1598 2736 hic
1625 2681 1790 2737 ferme
1811 2683 1927 2736 ubi-

354 2786 456 2840 que
479 2769 823 2840 indicantium
853 2784 968 2823 mos
996 2778 1097 2824 est.
1129 2768 1321 2832 Verum
1365 2770 1506 2825 Deus
1545 2787 1651 2824 non
1680 2772 1758 2826 sic
1785 2772 1926 2842 agit,

355 2862 447 2917 sed
485 2863 793 2933 quomodo?
832 2862 947 2931 Ipse
991 2877 1085 2932 per
1102 2876 1240 2918 -sese
1281 2874 1435 2917 vocat
1472 2881 1485 2915 :
1522 2862 1585 2916 Et
1614 2864 1823 2926 vacarit.
1853 2864 1932 2918 in.

355 2955 487 3024 quit,
514 2953 762 3008 Dominus
783 2951 921 3007 Deus
946 2953 1130 3015 Adam.
1156 2964 1201 3007 et
1226 2953 1352 3008 dixit
1379 2955 1460 3008 illi
1475 2953 1694 3020 :Adam,
1725 2955 1808 3008 ubi
1835 2956 1934 3009 es?

362 3045 488 3100 Vide
521 3046 573 3100 in
611 3045 754 3100 brevi
783 3043 884 3098 hac
917 3043 1150 3099 dictione
1191 3055 1388 3114 quanta
1426 3047 1505 3099 vis
1535 3044 1805 3100 recondita
1835 3046 1925 3099 sit.

357 3135 486 3191 Nam
514 3145 568 3191 et
596 3136 766 3208 ipsum
807 3150 1019 3201 vocare,
1060 3150 1262 3205 magna-
1298 3144 1352 3190 et
1393 3134 1675 3190 iueffabilis
1709 3145 1793 3192 est
1824 3138 1935 3190 ele-

360 3230 572 3286 mentis:
595 3271 611 3297 ,
646 3228 1051 3285 erubescentem
1072 3268 1087 3294 ,
1116 3236 1170 3282 et
1194 3242 1367 3299 neque
1406 3244 1465 3281 os
1491 3227 1698 3297 aperire
1716 3270 1731 3293 ,
1762 3243 1934 3298 neque

361 3321 590 3392 linguam
626 3336 841 3377 movere
869 3319 1152 3375 audentem
1186 3334 1409 3384 vocare,
1438 3332 1489 3375 et
1515 3336 1609 3391 per
1634 3320 1933 3391 interroga-
1984 3324 1997 3333 ’

360 3413 554 3467 tionem
586 3412 916 3468 occasionem
943 3410 1091 3476 dare,
1120 3409 1171 3465 id
1194 3410 1417 3480 ingentis
1439 3420 1551 3467 erat
1575 3410 1933 3480 benignitatis:

359 3504 486 3559 illud
507 3514 681 3557 autem
703 3502 902 3569 dicere,
936 3501 1032 3556 Ubi
1061 3502 1153 3555 es?
1192 3502 1469 3571 plurimam
1499 3517 1600 3555 una
1629 3518 1751 3557 cum
1783 3502 1934 3556 beni-

357 3595 558 3664 gnitate
582 3593 687 3645 vim
719 3592 891 3645 habet.
933 3592 1159 3646 Perinde
1184 3592 1324 3645 enim
1370 3591 1703 3646 subindicare
1728 3592 1937 3648 videtur

360 3699 425 3738 ac
442 3683 485 3738 si
502 3682 729 3736 diceret:
753 3681 887 3747 Quid
914 3680 1107 3734 factum
1135 3681 1253 3734 est?
1279 3679 1334 3734 111
1357 3680 1461 3734 alio
1489 3689 1541 3735 te
1564 3687 1703 3735 statu
1728 3682 1935 3752 reliqui,

356 3773 414 3828 in
445 3771 550 3825 alio
572 3779 627 3826 te
657 3772 867 3825 invenio
897 3786 910 3823 :
942 3770 1106 3841 gloria
1138 3770 1381 3824 vestitum
1412 3779 1464 3825 te
1491 3771 1700 3842 reliqui,
1720 3789 1858 3829 nunc
1884 3774 1936 3829 in

363 3865 601 3920 nuditate
646 3876 698 3917 te
736 3862 969 3917 invenio.
1008 3860 1107 3917 Ubi
1133 3862 1221 3915 es?
1263 3861 1415 3917 Unde
1453 3863 1543 3917 tibi
1569 3862 1670 3919 hoc
1713 3865 1937 3921 accidit?

361 3956 495 4023 Quis
518 3966 567 4011 te
601 3955 652 4010 in
684 3963 881 4009 tantam
924 3955 1131 4009 induxit
1160 3955 1617 4011 vicissitudinem?
1647 3957 1772 4026 Quis
1802 3959 1937 4014 latro

365 4045 453 4100 vel
479 4042 565 4098 fur
592 4045 668 4098 sic
695 4044 858 4099 semel
886 4059 1097 4099 onmem
1127 4043 1430 4099 divitiarum
1464 4045 1812 4101 substantiam
1842 4063 1938 4103 au-

362 4136 563 4198 ferens,
587 4135 637 4189 in
670 4142 867 4188 tantam
891 4142 941 4189 te
968 4134 1197 4204 inopiam
1221 4134 1479 4189 deduxit?
1508 4135 1658 4191 Unde
1684 4137 1937 4193 nuditatis

359 4238 550 4280 sensus
579 4223 671 4279 tibi
703 4225 952 4295 contigit?
976 4224 1106 4291 Quis
1136 4223 1227 4278 tibi
1254 4225 1306 4279 in
1334 4239 1494 4281 causa
1523 4225 1639 4291 fuit,
1671 4235 1728 4281 ut
1756 4226 1936 4282 aufer-

362 4322 507 4370 retur
531 4323 636 4370 ate
661 4314 1032 4371 vestimentum
1070 4314 1198 4370 illud
1226 4315 1560 4381 admirabile,
1582 4334 1686 4388 quo
1710 4319 1937 4397 amictus

361 4409 520 4463 eras?
558 4410 689 4476 Quae
729 4410 1002 4477 repentina
1040 4407 1157 4463 haec
1196 4409 1452 4463 mutatio?
1492 4409 1622 4478 Qua:
1653 4420 1937 4480 tempestas

363 4501 429 4553 ita
452 4500 630 4553 subito
653 4513 841 4553 omnes
870 4508 985 4552 tuas
1008 4512 1213 4553 merces
1240 4500 1526 4555 demersit?
1550 4500 1683 4569 Quid
1710 4502 1932 4571 accidit,

365 4591 499 4658 quod
526 4589 596 4644 ab
634 4605 730 4655 eo,
758 4590 847 4659 qui
892 4589 982 4643 tibi
1027 4599 1169 4643 tanta
1200 4588 1451 4643 beneficia
1486 4592 1761 4659 ιιι-10511111,
1804 4594 1935 4648 etin

365 4686 565 4734 tantum
603 4679 861 4734 honorem
893 4688 943 4733 te
980 4679 1190 4743 evexit,
1221 4678 1475 4733 occultari
1515 4681 1747 4751 satagis?
1767 4681 1935 4749 Quem

364 4786 501 4826 nunc
526 4773 748 4838 timens,
779 4771 1090 4826 delitescere
1128 4770 1349 4825 studes?
1376 4769 1509 4824 Num
1541 4772 1689 4827 adest
1715 4787 1936 4827 accusa-

364 4860 485 4916 tor?
508 4879 634 4916 1111111
665 4863 863 4916 instant
891 4860 1094 4916 testes?
1120 4859 1268 4916 Unde
1289 4870 1429 4915 tanta
1456 4861 1704 4927 formido,
1735 4871 1937 4917 tantus-

362 4968 464 5021 que
490 4962 660 5007 ntetus
685 4961 737 5007 te
771 4953 1000 5006 invasit?
1028 4950 1114 5007 10.
1148 4949 1329 5017 Tuam,
1355 4952 1543 5022 inquit,
1574 4953 1938 5007 deambulantis

362 5044 413 5096 in
462 5045 698 5114 paradiso
733 5060 900 5097 vocem
938 5044 1109 5097 audiri
1133 5084 1147 5109 ,
1180 5054 1225 5096 et
1255 5044 1416 5107 timui,
1444 5045 1562 5114 quia
1592 5045 1755 5097 nudus
1783 5060 1894 5097 sum
1918 5084 1934 5111 ,

363 5144 409 5187 rt
451 5134 689 5188 abscondi
734 5148 814 5187 me
847 5133 886 5188 '.
933 5133 1087 5190 Unde
1132 5134 1225 5189 tibi
1276 5135 1530 5189 nuditatis
1575 5135 1757 5188 notitia
1803 5149 1935 5188 cou-

364 5224 528 5290 tigit?
575 5224 661 5277 die
708 5224 836 5278 mihi
883 5241 899 5277 :
960 5224 1086 5296 quid
1143 5224 1245 5280 hoc
1299 5240 1495 5279 novum
1552 5234 1601 5279 et
1663 5224 1939 5280 insolens?

365 5314 496 5379 Quis
541 5312 644 5367 hoc
693 5330 943 5385 umquam
993 5316 1308 5370 annuntiare
1361 5316 1618 5385 potuisset
1661 5314 1789 5381 tibi,
1837 5314 1937 5369 nisi

364 5403 480 5471 ipse
525 5402 681 5473 hujus
730 5405 946 5473 pudoris
992 5414 1177 5460 auctor
1229 5406 1319 5461 tibi
1376 5405 1601 5461 fuisses?
1652 5406 1751 5461 nisi
1795 5422 1825 5462 a
1877 5407 1943 5462 li-

362 5511 489 5561 gno,
533 5493 602 5549 de
644 5510 750 5564 quo
788 5497 1048 5567 prmeepi,
1097 5506 1157 5551 ut
1193 5510 1259 5553 es
1298 5512 1363 5551 eo
1402 5495 1520 5551 solo
1562 5510 1666 5551 non
1695 5497 1940 5553 comede.

429 5629 448 5659 ⁸
480 5634 605 5684 t'ost,
624 5625 850 5677 abscondi
872 5640 966 5694 me,
983 5627 1174 5694 nitidam
1208 5633 1315 5678 uss.
1340 5635 1530 5679 textum
1551 5629 1804 5694 saipturte
1829 5640 1937 5694 pro-

364 5698 632 5750 sequuntur
651 5702 808 5753 omne
829 5689 906 5747 ad,
925 5688 1189 5740 comedim.
1651 5688 1663 5691 “
1698 5692 1703 5699 ’

1452 298 1514 353 IN
1555 299 1835 356 (Tn-Wall].
1871 302 2113 360 CENES.
2159 304 2386 361 HOMIL.
2433 309 2591 363 X’t’il.

3516 325 3617 380 1511

2045 433 2162 479 res,
2209 421 2571 475 eontedisses"
2616 422 2743 477 Vide
2790 427 3053 495 ingentem
3104 431 3517 489 misericordiam
3565 452 3617 490 et

2042 507 2343 576 patientiam
2398 511 2623 565 Domini.
2674 513 2803 568 Nam
2851 534 2969 571 cum
3017 529 3195 587 posset
3240 536 3307 576 ne
3355 539 3615 594 responso

2039 597 2251 665 quidem
2281 600 2483 671 dignari
2509 617 2631 656 eum
2660 605 2747 674 qui
2776 619 3120 673 pet-caverat,
3154 611 3246 665 sed
3283 613 3461 668 statim
3503 630 3614 682 pte-

2040 702 2160 740 nam
2202 688 2469 759 inﬂigere,
2508 708 2663 762 quam
2707 694 2853 763 prius
2893 704 3147 752 statuerat
3184 703 3611 768 praevaricatum.

2040 777 2297 844 patienter
2326 789 2499 834 tamen
2526 783 2657 851 agit,
2683 783 2892 848 tolerat,
2916 795 2965 839 et
2995 788 3297 857 interrogat,
3320 801 3371 844 et
3398 808 3614 864 reSpon-

2037 882 2153 919 smn
2177 869 2369 938 accipit
2394 889 2409 924 :
2439 881 2493 927 et
2521 872 2711 928 iterum
2740 875 3048 947 interrogat,
3073 880 3220 947 quasi
3251 880 3316 935 ad
3344 882 3611 941 defensio-

2040 973 2159 1010 nem
2188 977 2308 1013 eum
2343 976 2653 1030 provocans,
2685 975 2742 1019 ut
2766 976 2977 1036 arrepta
2998 969 3277 1026 occasione
3307 975 3464 1028 etiam
3496 988 3612 1044 post

2040 1057 2238 1101 tantam
2272 1054 2777 1118 praavarieationem,
2806 1070 2953 1110 suam
2979 1074 3100 1127 erga
3135 1059 3281 1113 illuni
3313 1063 3614 1119 misericor-

2036 1136 2174 1190 diam
2219 1138 2468 1195 exbibeat
2496 1159 2509 1196 :
2540 1159 2645 1211 quo
2692 1146 2847 1198 etiam
2897 1162 2995 1201 nos
3031 1150 3205 1216 docet,
3236 1160 3293 1205 ut
3327 1153 3538 1222 quando
3563 1168 3619 1209 et

2039 1244 2134 1280 nos
2166 1231 2270 1284 reis
2295 1231 2382 1300 jus
2407 1234 2629 1287 dicimus
2650 1276 2663 1297 ,
2692 1251 2796 1289 non
2827 1245 2930 1290 tam
2960 1238 3245 1295 inhumane
3285 1241 3388 1296 illis
3426 1243 3616 1314 loqua-

2037 1334 2173 1383 mur,
2202 1336 2371 1389 neque
2407 1321 2570 1376 ferina
2611 1324 2662 1378 in
2700 1327 2817 1379 illos
2858 1338 3066 1381 utamur
3097 1330 3298 1384 smvitia
3326 1349 3339 1384 :
3373 1332 3465 1387 sed
3492 1348 3612 1389 cum

2040 1410 2314 1465 tolerantia
2360 1414 2522 1468 multa
2561 1424 2615 1469 et
2658 1417 3016 1472 misericordia
3047 1435 3285 1491 agamus,
3314 1433 3617 1493 1110010110-

2038 1501 2161 1555 stris
2188 1503 2419 1571 ipsormn
2454 1506 2706 1560 membris
2730 1506 2817 1576 jus
2843 1508 3065 1577 dicturi,
3094 1518 3148 1564 et
3171 1510 3469 1581 cogitantes
3494 1515 3613 1570 illos

2035 1592 2187 1645 nobis
2207 1608 2326 1647 esse
2355 1609 2701 1663 congencres,
2733 1597 3047 1666 supplicium
3080 1599 3440 1656 misericordia
3476 1615 3611 1657 tem-

2034 1698 2300 1750 peremus.
2340 1683 2454 1739 Non
2484 1686 2624 1740 enim
2652 1685 2846 1742 frustra
2878 1699 3019 1744 tanta
3044 1691 3320 1745 verborum
3352 1702 3613 1766 attempe-

2033 1775 2237 1829 ratione
2263 1775 2428 1829 utitur
2450 1776 2626 1831 divina
2656 1778 2955 1848 Scriptura,
2996 1782 3090 1837 sed
3118 1782 3292 1839 verbis
3324 1785 3611 1841 humilibus

2031 1863 2185 1919 docet
2237 1874 2291 1920 et
2327 1878 2594 1936 provocat,
2636 1880 2693 1924 tit
2741 1886 2834 1940 pro
2872 1871 3069 1928 viribus
3115 1873 3360 1931 humanis
3403 1878 3611 1935 Domini

2033 1954 2410 2023 benignitatem
2430 1958 2717 2014 imitemur.
2733 1962 2819 2015 11.
2853 1960 3092 2033 Dixitque
3111 1981 3130 2016 :
3157 1966 3281 2030 Quis
3296 1940 3610 2023 adnuntiari:

2032 2046 2122 2097 tibi
2142 2047 2279 2115 quod
2305 2049 2468 2102 nudas
2495 2066 2654 2115 esses,
2685 2052 2783 2106 nisi
2806 2049 2984 2127 [quod]
3015 2055 3078 2109 de
3106 2057 3262 2126 ligno,
3291 2059 3353 2111 de
3375 2077 3472 2128 quo
3499 2062 3609 2116 solo

2033 2138 2249 2207 praecepi
2272 2139 2361 2192 tibi
2380 2156 2441 2192 ne
2463 2141 2764 2209 comederes,
2787 2142 2849 2196 de
2867 2143 2956 2196 illo
2976 2144 3084 2215 ipso
3104 2148 3361 2201 comedisti
3379 2149 3405 2201 ?
3433 2148 3605 2217 Unde,

2034 2226 2221 2294 inquit,
2250 2242 2435 2298 posses
2462 2228 2562 2283 hoc
2586 2229 2752 2296 scire,
2798 2241 2848 2286 te
2894 2240 3038 2287 tanto
3073 2234 3273 2303 pudore
3315 2236 3472 2305 allici,
3507 2239 3608 2295 nisi

2031 2316 2254 2371 multum
2298 2317 2656 2387 intemperans
2704 2318 2933 2388 fuisses,
2978 2329 3033 2378 et
3080 2324 3383 2380 mandatum
3428 2344 3604 2384 meum

2031 2408 2444 2478 contempsisses
2460 2409 2484 2463 ἲ

2104 2499 2158 2552 4.
2195 2497 2508 2568 Considera,
2551 2497 2763 2569 dilecte,
2805 2501 3053 2558 bonitatis
3095 2503 3184 2558 Dei
3218 2506 3602 2569 excellentiam,

2032 2588 2301 2659 quomodo
2340 2592 2488 2662 quasi
2535 2593 2737 2647 amicus
2774 2594 2945 2648 amico
2987 2595 3237 2666 loquitur,
3264 2600 3608 2668 0111111151οκ-

2034 2680 2266 2750 postulat
2296 2695 2415 2735 cum
2443 2697 2507 2735 eo
2531 2682 2633 2751 qui‘
2652 2684 2892 2737 mandata
2923 2693 3281 2755 transgressus
3305 2699 3437 2742 erat.
3482 2688 3608 2755 Quis

2033 2771 2381 2825 annuntiassct
2408 2772 2498 2826 tibi
2520 2773 2656 2843 quod
2681 2775 2847 2828 nudus
2871 2791 3022 2843 esses,
3051 2777 3148 2830 nisi
3175 2777 3237 2831 de
3265 2778 3399 2848 ligno
3427 2780 3489 2832 de
3511 2797 3612 2851 quo

2033 2861 2142 2915 solo
2164 2863 2384 2933 prazcepi
2403 2864 2488 2917 tibi
2516 2880 2578 2917 ne
2604 2865 2908 2934 comederes,
2936 2866 2998 2920 de
3022 2868 3111 2922 illo
3140 2869 3249 2937 ipso
3276 2871 3611 2926 contedisses?

2034 2952 2151 3008 Non
2180 2964 2327 3010 caret
2351 2956 2612 3026 emphasi,
2640 2966 2694 3012 et
2724 2958 2902 3013 latenti
2932 2959 3156 3030 quadam
3187 2962 3264 3029 vi,
3293 2964 3433 3034 quod
3460 2966 3608 3029 dicit,

2034 3044 2114 3100 De
2136 3062 2234 3117 quo
2254 3047 2361 3102 solo
2381 3064 2400 3100 :
2413 3049 2561 3119 quasi
2583 3048 2804 3115 diceret,
2825 3049 2960 3105 Num
2982 3051 3115 3106 adeo
3133 3064 3383 3123 angustos
3402 3054 3606 3111 fruendi

2036 3137 2229 3193 limites
2253 3138 2342 3193 tibi
2367 3140 2695 3209 praescripsi?
2722 3140 2907 3196 Nonne
2927 3157 3138 3198 omnem
3158 3147 3363 3213 copiam
3387 3147 3608 3215 prreliui,

2036 3237 2091 3283 et
2117 3229 2352 3283 omnium
2379 3246 2498 3300 qua:
2527 3230 2579 3285 in
2604 3230 2845 3300 paradiso
2872 3243 2995 3288 sunt
3023 3244 3336 3305 potestatem
3367 3237 3456 3290 tibi
3484 3252 3612 3293 eon-

2037 3321 2253 3389 cedens,
2279 3323 2347 3377 ab
2372 3324 2475 3380 hoc
2496 3326 2653 3381 unico
2687 3334 2744 3381 ut.
2780 3328 3077 3384 abstineres
3113 3331 3360 3401 prmcepi,
3391 3344 3446 3385 ut
3472 3331 3616 3387 scire

2040 3427 2224 3483 posses
2252 3423 2303 3468 te
2328 3413 2427 3471 sub
2450 3414 2666 3470 domino
2696 3417 2923 3487 quodam
2953 3433 3071 3474 esse
3093 3460 3111 3486 ,
3142 3420 3225 3474 cui
3255 3420 3610 3475 obedientiam

2038 3502 2239 3558 debes?
2264 3503 2391 3570 Qua:
2422 3505 2577 3574 igitur
2599 3515 2739 3559 tanta
2768 3508 3086 3576 negligentia
3115 3509 3225 3574 illa,
3254 3520 3305 3562 ut
3330 3509 3486 3563 tantis
3502 3508 3611 3564 fru-

2039 3594 2213 3648 ctibus
2240 3611 2343 3648 non
2364 3605 2662 3659 contentus,
2684 3596 2751 3650 ab
2773 3596 2871 3652 hoc
2893 3598 3047 3653 unico
3070 3599 3337 3654 abstinere
3355 3600 3608 3665 nolueris,

2040 3694 2094 3738 et
2122 3685 2200 3739 sic
2224 3685 2400 3739 statim
2426 3685 2493 3739 ad
2522 3686 2822 3740 violandum
2844 3686 3147 3742 mandatum
3169 3688 3309 3759 quod
3338 3688 3460 3744 dedi
3487 3703 3612 3759 pro-

2042 3776 2283 3847 ruperis,
2313 3790 2377 3831 ac
2415 3786 2467 3830 te
2510 3776 2669 3831 tantis
2714 3776 2866 3829 malis
2911 3776 3301 3845 implicaveris?
3346 3778 3476 3846 Qua:
3517 3780 3610 3835 tibi

2042 3865 2164 3921 inde
2194 3866 2426 3920 utilitas?
2467 3869 2655 3920 Annon
2688 3867 2800 3921 Ita-c
2829 3869 3079 3935 l’irwalixi?
3118 3883 3293 3924 nonne
3322 3878 3463 3923 tnettt
3494 3884 3609 3940 [uno

2040 3972 2123 4011 me
2152 3958 2289 4012 volui
2318 3973 2412 4013 vos
2436 3973 2684 4012 coercere
2708 3968 2761 4013 et
2784 3958 3024 4012 ninnire?
3053 3974 3227 4014 nonne
3251 3959 3360 4015 dixi
3378 3975 3497 4031 qua:
3521 3976 3612 4015 vo—

2041 4045 2122 4099 bis
2149 4057 2398 4101 eventura
2433 4049 2621 4101 erant?
2654 4062 2830 4101 nonne
2861 4047 2958 4100 bac
2981 4049 3048 4102 de
3073 4063 3267 4114 causa,
3297 4064 3363 4103 ne
3388 4051 3440 4103 in
3469 4058 3610 4104 tanta

2040 4136 2178 4189 mala
2208 4135 2531 4201 incidct‘etis,
2560 4135 2699 4190 hunc
2722 4136 2897 4190 cibum
2930 4135 3207 4205 prohibui?
3232 4136 3360 4205 Quis
3400 4146 3451 4193 te
3492 4147 3614 4208 post

2041 4227 2192 4281 venia
2221 4226 2464 4296 dignetur
2489 4268 2503 4292 ,
2545 4228 2631 4298 qui
2664 4238 2777 4297 post
2806 4237 2947 4282 tanta
2979 4228 3223 4284 mandata
3251 4229 3358 4284 Deo
3380 4230 3616 4300 ingratus

2041 4314 2236 4371 fueris?
2261 4317 2445 4372 Nonne
2467 4318 2599 4373 sicut
2621 4330 2771 4388 pater
2793 4318 3041 4373 dilectum
3064 4319 3251 4388 lilium,
3274 4320 3341 4376 de
3366 4322 3612 4378 omnibus

2040 4408 2169 4461 satis
2193 4408 2418 4464 dilucide
2446 4419 2499 4464 et
2543 4410 2788 4466 distincte
2816 4412 3061 4474 instruxi,
3088 4420 3145 4467 ut
3168 4413 3236 4469 de
3260 4414 3378 4468 aliis
3403 4415 3614 4486 quidem

2039 4510 2300 4569 gustares,
2328 4502 2395 4556 ab
2436 4501 2536 4556 hoc
2574 4513 2747 4556 autem
2787 4503 3081 4558 abstineres
3100 4546 3116 4571 ,
3147 4512 3205 4559 ut
3229 4521 3298 4561 110
3323 4508 3498 4561 omnia
3529 4516 3617 4563 tua

2043 4592 2176 4643 bona
2206 4591 2365 4645 simul
2394 4592 2683 4661 perderes?
2706 4592 2809 4648 Sed
2832 4591 2968 4647 forte
2996 4603 3140 4649 ratus
3164 4610 3223 4649 es
3248 4594 3468 4652 alterius
3490 4612 3619 4652 con-

2041 4682 2216 4736 silium
2246 4699 2366 4737 meo
2397 4684 2645 4738 mandato
2670 4684 2860 4739 melius
2896 4695 2950 4739 et
2994 4684 3096 4739 ﬁde
3136 4685 3378 4756 dignius;
3428 4696 3481 4742 et
3518 4702 3616 4742 ex-

2040 4775 2363 4841 spectatione
2404 4773 2665 4841 majorum
2714 4775 2972 4829 bonorum
3019 4773 3130 4827 luce
3174 4775 3363 4842 fecisti,
3392 4785 3446 4830 et
3485 4792 3616 4831 cono

2044 4871 2243 4932 tempto
2269 4862 2519 4917 mandato
2546 4878 2687 4929 meo,
2717 4862 2783 4917 de
2810 4863 2950 4934 ligno
2978 4863 3136 4918 cdere
3167 4879 3328 4918 ausus
3356 4880 3435 4921 es.
3480 4866 3616 4923 Ecce

2040 4954 2165 5026 quid
2193 4955 2284 5009 tibi
2316 4953 2585 5018 acciderit,
2607 4970 2746 5008 nunc
2760 4952 3081 5022 experientia
3106 4956 3365 5010 malorum
3386 4955 3613 5014 didicisti

2041 5057 2235 5118 minuta
2278 5045 2482 5100 consilii
2528 5045 2665 5099 illius
2709 5045 2990 5115 pernicies.
3039 5045 3253 5101 Vidistis
3283 5046 3480 5118 judicis
3505 5045 3614 5103 cte-

2042 5136 2335 5191 mentiam?
2365 5134 2569 5189 vidistis
2599 5135 3054 5191 tnansaetudiuetu
3087 5147 3141 5191 et
3171 5137 3506 5192 tolerantiam
3538 5136 3616 5193 111·

2044 5224 2445 5280 enarrabilem?‘
2487 5223 2692 5280 vidistis
2744 5225 3027 5282 verborum
3080 5228 3612 5296 attempt-rationem,

2044 5317 2187 5373 0111111
2231 5332 2478 5373 sermone
2524 5328 2577 5371 ct
2623 5318 2939 5389 cogitatione
2991 5318 3357 5388 superiorem?
3419 5319 3621 5373 VidiSt.S

2044 5409 2312 5479 quomodo
2333 5424 2426 5478 per
2451 5410 2935 5478 interrogationem,
2961 5418 3010 5464 et
3040 5423 3134 5478 per
3157 5408 3270 5462 hinc
3291 5407 3469 5475 verba,
3498 5412 3619 5476 Quis

2046 5501 2358 5555 annuntiavit
2383 5500 2471 5554 tibi
2498 5500 2630 5570 quod
2656 5500 2820 5554 nudus
2846 5517 2974 5555 esses
2996 5542 3012 5565 ,
3041 5500 3138 5553 nisi
3165 5500 3227 5554 de
3252 5500 3409 5573 ligno,
3436 5501 3498 5556 de
3521 5519 3617 5572 qua

2045 5595 2155 5648 solo
2174 5593 2390 5665 pracepi
2415 5592 2505 5646 tibi
2528 5609 2590 5646 ne
2613 5593 2913 5660 comedens,
2946 5598 3009 5646 de
3036 5592 3125 5646 illo
3150 5592 3260 5664 ipso
3282 5593 3578 5649 comedisse:
3602 5636 3615 5658 ,

2038 5684 2233 5756 januas
2260 5682 2332 5738 illi
2358 5681 2565 5753 aperire
2605 5681 2715 5735 vult
2753 5681 3097 5749 defensionis,
3136 5693 3192 5739 ut
3228 5692 3283 5741 et
3324 5683 3614 5741 misericor-
