4144 6200
480 292 580 350 I39

474 411 614 463 diam
641 416 788 458 suam
814 413 936 468 erga
967 410 1088 451 eum
1113 391 1202 464 (ιιιί
1229 400 1430 445 tantum
1460 396 1796 461 peccaverat,
1823 384 2058 438 declat-:1.

477 498 594 556 ret?
641 492 932 548 Audiamus
970 495 1024 541 et
1062 499 1249 548 neum,
1289 477 1415 552 quid
1457 480 1523 536 ad
1567 481 1680 535 lucc
1718 471 2054 546 respondeat.

480 587 564 642 η.
593 584 659 637 Et
683 581 812 635 dixit
842 578 1004 632 Adam
1029 591 1046 630 :
1071 574 1256 628 Mulier
1277 587 1433 643 quam
1457 571 1638 626 dedisti
1666 578 1719 623 ut
1747 569 1810 622 sit
1841 580 2058 626 mecum,

475 677 588 744 ipsa
613 671 737 726 mihi
759 668 897 723 dedit
925 667 989 720 de
1017 667 1176 736 ligno,
1201 673 1247 717 ct
1276 663 1496 716 comedi.
1537 657 1852 716 Miserabilia
1874 653 2057 716 verba,

474 778 530 824 et
557 779 745 836 magna
774 760 1113 816 miseratione
1137 756 1315 826 plena,
1337 771 1400 810 ac
1421 755 1576 824 digna
1597 766 1714 822 qua:
1739 748 1802 803 ad
1827 747 2061 818 clepten-

477 858 604 911 tiam
633 854 918 909 Dominum
949 857 1270 918 provocent,
1301 859 1408 902 tam
1439 852 1769 900 mansuetum
1813 849 1866 894 ct
1907 836 2061 891 boni-

480 957 590 1004 tate
628 961 723 1002 sua
763 945 1059 998 vincentem
1097 946 1284 995 nostra
1328 947 1561 1010 peccata.
1608 935 1738 988 Nam
1785 939 2061 1001 postquam

479 1038 704 1094 multum
726 1031 1000 1090 tolerando
1021 1031 1161 1085 illius
1184 1039 1416 1087 mentem
1434 1026 1734 1090 commovit,
1757 1032 1811 1078 et
1834 1019 2068 1076 ostendit

480 1127 683 1197 peccati
729 1121 1168 1194 magnitudinem,
1200 1121 1350 1192 quasi
1387 1118 1747 1174 defensionem
1774 1127 1963 1184 parans
1994 1110 2068 1164 ait

484 1219 556 1272 illi
586 1217 752 1272 Adam
783 1232 797 1268 :
832 1213 1017 1267 Mulier
1036 1231 1190 1284 quant
1211 1212 1393 1267 dedisti
1413 1218 1467 1264 ut
1486 1211 1548 1264 sit
1575 1223 1788 1272 mecum,
1810 1205 1921 1274 ipsa
1944 1203 2066 1256 mihi

483 1308 620 1362 dedit
657 1307 721 1361 de
758 1304 852 1360 hoc
897 1305 1060 1376 ligno,
1097 1316 1143 1361 et
1182 1305 1395 1360 comedi.
1433 1303 1576 1369 Scio,
1609 1301 1797 1371 inquit,
1829 1315 1913 1354 me
1939 1312 2067 1367 pec-

483 1414 635 1454 casse
663 1416 677 1451 :
707 1398 799 1452 sed
827 1396 1023 1453 mulier
1045 1413 1201 1468 quam
1224 1395 1415 1451 dedisti
1448 1404 1504 1448 ut
1528 1394 1596 1447 sit
1622 1407 1850 1455 mecum,
1872 1389 1938 1444 de
1965 1403 2067 1459 qua

487 1490 600 1558 ipse
624 1487 824 1552 dixisti,
870 1486 1141 1543 Faciamus
1186 1486 1262 1540 illi
1304 1486 1586 1554 adjutorem
1624 1481 1894 1535 secundum
1934 1495 2066 1539 eum,

489 1583 601 1650 ipsa
631 1579 759 1634 mihi
789 1579 947 1652 hujus
980 1581 1147 1636 ruina:
1174 1593 1333 1633 causa
1361 1579 1473 1630 luit.
1506 1574 1692 1628 Mulier
1717 1589 1865 1643 quant
1889 1569 2069 1624 dedisti

489 1679 545 1723 ut
589 1671 654 1724 sit
699 1687 917 1728 mecum.
966 1670 1188 1740 Quando
1234 1669 1375 1722 enim
1417 1674 1811 1735 eXSpectassem
1845 1672 1900 1716 ut
1930 1671 2072 1715 tanta

492 1763 778 1831 ignominia
807 1779 892 1819 me
920 1762 1174 1824 afﬁceret,
1203 1776 1321 1828 qua:
1348 1759 1467 1812 ideo
1496 1757 1704 1811 condita
1735 1767 1837 1819 est,
1865 1761 1923 1805 ut
1945 1752 2074 1806 mihi

492 1853 684 1908 solatio
711 1853 889 1907 esset?
931 1851 1012 1906 Tu
1047 1851 1174 1904 milii
1218 1850 1381 1918 ipsam
1411 1847 1636 1910 dedisti,
1668 1857 1720 1900 ιιι
1752 1846 1918 1916 ipsam
1947 1844 2076 1899 milii

495 1943 781 1997 adduxisti.
826 1942 960 2013 Ipsa.
993 1946 1172 1995 nescio
1203 1939 1342 1994 unde
1370 1949 1534 2003 mota,
1559 1937 1706 1992 dedit
1745 1937 1870 1991 milii
1907 1936 1972 1990 de
2009 1937 2075 1989 li-

495 2047 622 2102 gno,
651 2041 703 2087 et
735 2031 965 2086 comedi.
1002 2030 1258 2083 Videntur
1297 2029 1410 2083 haec
1451 2027 1665 2096 quidem
1712 2024 2075 2080 defensionem

498 2119 778 2190 quamdam
821 2135 929 2189 prae
973 2133 1031 2174 se
1071 2118 1228 2183 ferre,
1279 2117 1369 2171 sed
1419 2130 1635 2186 prorsus
1681 2115 1834 2169 venia
1873 2125 2076 2170 carent.

499 2214 615 2280 Qua
644 2213 786 2266 enim
813 2211 966 2266 venia
995 2209 1186 2280 dignus
1211 2223 1290 2274 es,
1320 2209 1505 2277 inquit,
1539 2205 1626 2276 qdi
1667 2221 1783 2260 mea
1817 2214 2078 2276 prmcepta

497 2303 694 2359 oblitus
742 2301 927 2368 fueris,
969 2309 1024 2356 et
1066 2301 1156 2370 qui
1208 2298 1446 2354 mulieris
1488 2297 1682 2353 donum
1731 2298 1864 2353 meis
1905 2298 2080 2352 verbis

501 2393 885 2465 praeferendum
915 2390 1221 2462 putaveris?
1263 2389 1393 2444 Nam
1423 2389 1546 2444 licet
1573 2389 1762 2444 mulier
1783 2388 1960 2443 cibum
1987 2387 2082 2443 de-

498 2485 673 2546 derit,
717 2482 1011 2538 sufﬁciebat
1054 2492 1229 2536 tamen
1272 2480 1577 2534 mandatum
1607 2496 1804 2545 meum,
1832 2491 1886 2536 et
1923 2479 2082 2535 timor

501 2573 766 2645 supplicii,
797 2583 854 2627 ut
884 2582 936 2626 te
963 2571 1031 2627 ab
1057 2587 1152 2626 esu
1178 2570 1534 2626 deterrerent.
1566 2571 1648 2624 An
1676 2571 1989 2641 ignorabas?
2013 2586 2080 2626 an

506 2663 819 2720 nesciebas?
861 2662 985 2717 Ideo
1021 2675 1202 2717 curam
1235 2662 1395 2716 vestri
1421 2675 1611 2733 gerens
1647 2661 1901 2731 praedixi,
1935 2677 2001 2716 ne
2029 2662 2080 2716 in

505 2753 620 2808 lucc
663 2753 1008 2808 incideretis:
1043 2752 1218 2821 itaque
1261 2751 1386 2806 licet
1427 2752 1616 2806 mulier
1661 2751 1752 2806 tibi
1800 2751 1866 2806 ad
1914 2762 2085 2806 trans-

503 2842 833 2913 gressionem
873 2841 1108 2897 mandati
1146 2842 1485 2904 ministrarit,
1514 2853 1568 2896 tu
1597 2854 1871 2912 propterea
1901 2843 2084 2898 instins

507 2949 610 2988 non
634 2934 760 2988 eris.
789 2933 1039 3002 Majorem
1061 2933 1202 2987 enim
1228 2931 1382 2986 ﬁdem
1405 2932 1650 2985 mandatu
1673 2947 1792 2986 meo
1814 2942 1864 2986 te
1889 2932 2084 2988 habere

503 3025 800 3095 oportebat,
843 3033 896 3078 et
933 3039 1038 3078 non
1081 3025 1252 3078 solum
1297 3033 1352 3076 ut
1392 3032 1445 3077 ιιι
1492 3023 1603 3092 ipse
1631 3023 1698 3076 ab
1725 3039 1816 3076 esu
1843 3039 2081 3089 caveres,

505 3115 598 3171 sed
634 3127 686 3169 et
731 3125 783 3169 ut
826 3115 1100 3169 mulierem
1140 3114 1361 3168 doceres
1395 3124 1734 3182 peccaturum
1771 3113 2086 3182 magnitudi-

505 3222 650 3262 nem.
681 3205 850 3275 Caput
877 3205 1018 3260 cnim
1048 3219 1107 3260 es
1134 3203 1368 3258 mulieris
1397 3204 1470 3275 (ι.
1505 3203 1622 3256 Cor.
1654 3203 1740 3256 Η.
1772 3203 1848 3270 5),
1879 3213 1933 3257 et
1960 3217 2082 3271 pro-

506 3305 622 3366 pter
648 3303 699 3350 te
723 3295 807 3348 illa
835 3295 1087 3364 producta
1108 3303 1191 3348 est
1221 3311 1233 3346 :
1264 3303 1318 3348 tu
1339 3303 1514 3347 autem
1535 3291 1774 3346 ordinem
1803 3291 2082 3356 invertisti,

505 3395 560 3441 ct
586 3401 691 3442 non
717 3386 887 3440 solum
919 3387 1060 3439 illam
1094 3400 1196 3438 non
1227 3385 1504 3438 correxisti
1525 3425 1539 3448 ,
1570 3383 1662 3437 sed
1691 3392 1744 3436 et
1785 3384 1895 3452 ipse
1927 3383 2086 3436 simul

506 3480 754 3547 abreptus
778 3493 837 3532 es
871 3495 884 3531 :
915 3491 977 3531 ac
1005 3492 1127 3531 cum
1154 3483 1426 3544 oporteret
1455 3489 1646 3544 corpus
1687 3475 1949 3543 reliquum
1991 3489 2085 3528 ca-

507 3570 599 3640 piti
642 3570 883 3640 obsequi,
931 3569 1145 3624 diverso
1194 3567 1353 3622 modo
1399 3583 1486 3624 res
1532 3567 1726 3631 evenit,
1768 3566 2084 3636 corporique

506 3663 710 3732 reliquo
737 3669 896 3730 caput
921 3661 1269 3730 obsequutum
1300 3669 1377 3712 est
1401 3700 1414 3721 ,
1445 3668 1499 3713 et
1523 3675 1641 3726 qua:
1669 3674 1880 3712 sursum
1911 3667 2084 3721 erant,

508 3753 559 3805 in
583 3752 820 3806 inﬁmum
843 3750 1016 3805 locum
1040 3757 1315 3804 venerunt.
1340 3749 1627 3817 Propterea
1650 3750 1896 3817 quoniam
1921 3756 2086 3801 totum

507 3843 748 3896 ordinem
795 3842 1073 3907 iuvertisti,
1116 3855 1181 3894 eo
1229 3856 1367 3894 nunc
1417 3839 1658 3892 redactus
1696 3854 1774 3904 es,
1805 3840 1891 3908 qui
1935 3849 2088 3894 antea

511 3943 654 3989 tanta
684 3935 846 4003 gloria
879 3935 1094 3987 vestitus
1122 3947 1258 3987 eras.
1286 3931 1414 3998 Quis
1445 3941 1493 3986 te
1514 3933 1641 3985 satis
1663 3931 1819 4000 digne
1846 3931 2090 4008 deplora-

512 4025 665 4090 verit,
688 4025 771 4078 cui
803 4032 879 4079 tot
903 4034 955 4079 et
982 4033 1121 4078 tanta
1155 4025 1290 4079 bona
1322 4023 1495 4077 ablata
1522 4022 1684 4077 sunt?
1715 4021 2088 4076 Verumtamen

510 4118 635 4174 licet
675 4116 789 4172 hsce
831 4117 1010 4172 omnia
1053 4117 1142 4171 tibi
1184 4116 1493 4182 acciderint,
1543 4115 1667 4168 nulli
1719 4124 1891 4169 tamen
1939 4114 2089 4168 alteri

509 4222 725 4262 causam
753 4206 995 4261 adscrlbe
1015 4248 1029 4271 ,
1062 4205 1156 4262 sed
1184 4207 1376 4275 tibiipsi
1404 4216 1458 4260 et
1485 4215 1586 4259 ture
1615 4205 1838 4275 ignavia:
1872 4223 1885 4259 :
1915 4205 2087 4258 neuti-

508 4311 668 4365 quam
695 4297 834 4350 enim
863 4305 915 4350 te
947 4296 1210 4349 nolentem
1249 4296 1436 4350 mulier
1475 4296 1526 4349 in
1568 4303 1765 4349 tantam
1795 4294 2091 4350 induxisset

512 4387 741 4442 ruinam.
773 4385 906 4440 Num
937 4387 1141 4440 hortata
1168 4388 1288 4440 est?
1320 4403 1444 4441 num
1478 4387 1763 4441 disseruit?
1788 4404 1910 4441 num
1936 4388 2092 4441 decc-

512 4476 626 4547 pit?
675 4477 828 4531 Dedit
875 4486 1098 4542 tantum,
1131 4487 1183 4532 ct
1226 4479 1403 4533 statim
1446 4489 1658 4548 tamque
1702 4479 1854 4535 facile
1890 4481 1956 4534 ad
2002 4498 2093 4534 su-

511 4569 763 4624 tnendum
793 4568 966 4624 cibum
992 4569 1247 4624 adductus
1271 4587 1348 4635 es,
1378 4572 1578 4626 nullam
1607 4571 1837 4626 mandati
1869 4574 1950 4627 vel
1977 4588 2088 4626 me-

513 4663 735 4718 tnoriam
774 4661 943 4716 fecisti
975 4663 1206 4732 :putasti
1249 4679 1279 4718 a
1319 4679 1404 4718 me
1450 4672 1500 4718 te
1544 4663 1825 4733 deceptum
1869 4680 2006 4728 esse,
2038 4675 2091 4720 et

516 4761 796 4824 prepterea
843 4753 1018 4808 cibmn
1061 4752 1201 4808 hunc
1243 4753 1336 4808 tibi
1377 4769 1481 4809 non
1525 4753 1871 4818 concessisse,
1923 4765 1981 4809 ut
2027 4771 2092 4811 ne

519 4841 804 4910 majoribus
835 4841 1102 4897 fruereris.
1150 4843 1216 4898 Et
1252 4859 1356 4913 qua
1395 4844 1600 4898 ratione
1627 4861 1724 4914 ego
1756 4855 1804 4899 te
1830 4846 2090 4912 fallerem,

515 4931 602 5002 qui
633 4940 709 4984 tot
735 4931 785 4986 in
819 4941 870 4986 te
896 4931 1150 4991 beneﬁcia
1177 4933 1411 4988 contuli?
1440 4933 1505 4988 Et
1544 4934 1680 4988 istuc
1708 4936 1876 5005 ipsum
1899 4946 2094 5005 quanta

519 5026 878 5083 beneﬁcentia:
923 5029 1226 5099 magnitudo
1266 5039 1399 5097 erat,
1430 5039 1488 5084 ut
1533 5029 1866 5099 przedicendo
1903 5029 2093 5084 distin-

515 5133 732 5186 guerent
758 5134 788 5174 a
815 5136 920 5188 quo
949 5119 1319 5176 abstinendum
1350 5129 1512 5187 esset,
1538 5131 1595 5175 ut
1622 5136 1730 5175 non
1760 5121 2020 5177 incideres
2043 5122 2092 5176 in

515 5224 636 5276 qua:
680 5210 944 5265 incidisti?
989 5210 1091 5266 Sed
1136 5210 1252 5266 lucc
1293 5212 1469 5266 omnia
1501 5211 1650 5266 nihili
1673 5212 1918 5266 faciebas.
1959 5211 2097 5267 Ecce

521 5315 660 5355 nunc
679 5302 1000 5370 experientia
1029 5311 1078 5356 te
1105 5300 1282 5366 docet,
1304 5311 1497 5372 quanta
1523 5312 1854 5372 peccatorum
1885 5313 2096 5360 tuorum

521 5391 589 5442 sit
617 5389 922 5459 magnitudo
952 5407 964 5444 :
995 5391 1250 5461 reliquum
1281 5401 1396 5455 est,
1428 5400 1484 5446 ut
1517 5391 1617 5446 soli
1647 5391 1852 5448 mulieri
1887 5394 2096 5465 culpam

519 5495 626 5534 non
653 5480 942 5547 adscribas,
967 5481 1061 5538 sed
1091 5493 1146 5539 et
1165 5483 1495 5556 negligentia:
1527 5494 1652 5540 tum.

590 5570 644 5624 5.
671 5569 830 5641 Igitur
849 5571 978 5626 satis
1009 5573 1267 5628 Adanmm
1295 5575 1623 5645 alloquutns,
1663 5587 1942 5648 postquam
1970 5593 2098 5632 con-

518 5657 801 5716 fessionem
831 5661 918 5718 ille
947 5660 1286 5732 delictorum,
1317 5673 1374 5720 ut
1401 5666 1640 5737 putabat,
1671 5668 1850 5731 edidit.
1881 5683 2096 5739 peccato

1193 277 1248 331 S.
1290 270 1570 330 JOANNIS
1607 266 2075 327 CllllYSOS'l'OMl
2116 261 2433 321 ARClllEl‘.
2473 257 3002 314 CONSTANTINOP.

3646 257 3663 310 l
3675 255 3740 310 i0

2163 380 2214 433 in
2249 377 2524 431 mulierem
2549 374 2806 429 translato
2827 392 2842 428 :
2863 373 2983 428 vide
3005 374 3199 427 bonum
3225 371 3524 439 Dominum,
3549 385 3742 444 quanta

2166 471 2354 525 iterum
2383 467 2704 538 indulgentia
2725 467 2972 537 dignatur
2990 466 3148 521 etiam
3174 465 3318 519 illam
3341 479 3438 519 suo
3465 479 3740 535 reSponso.

2167 563 2250 617 15.
2296 560 2364 614 Et
2403 562 2549 626 dixit,
2583 559 2770 629 inquit,
2821 558 2955 611 Deus
3001 557 3241 611 mulieri:
3268 555 3370 610 Cur
3409 556 3503 610 ltoc
3543 557 3744 626 fecisti?

2166 652 2372 706 Audisti
2401 653 2569 705 virum
2611 651 2661 705 in
2699 660 2748 704 te
2787 650 2996 720 culpam
3025 647 3454 709 transferentem,
3484 657 3537 702 et
3568 648 3744 702 omnia

2167 742 2258 796 tibi
2296 741 2708 806 adscribentem,
2750 755 2867 810 qua:
2912 739 3009 808 ipsi
3055 738 3105 790 in
3145 737 3456 806 adjutricem
3495 735 3618 790 data
3665 751 3744 799 es,

2166 841 2325 902 atque
2355 831 2471 884 ideo
2500 830 2734 896 condita,
2765 838 2821 883 ut
2849 829 2950 884 tuis
2980 827 3182 882 solatiis
3209 828 3381 897 ipsum
3411 825 3636 891 foveres,
3666 837 3748 880 ut-

2170 935 2291 993 pote
2317 923 2556 978 camdcm
2587 932 2828 976 naturam
2858 935 2976 975 cum
3012 920 3126 989 ipso
3155 919 3362 974 sortita.
3404 919 3512 973 Cur
3542 919 3643 972 ltoc
3673 917 3750 972 fe-

2169 1014 2285 1070 cisti
2310 1056 2325 1080 ,
2360 1029 2394 1068 o
2423 1013 2648 1068 mulier?
2679 1028 2773 1066 cur
2797 1021 2849 1066 et
2880 1011 2992 1085 tibi,
3021 1019 3076 1065 et
3099 1012 3211 1064 viro
3241 999 3400 1064 tanta:
3425 1009 3749 1064 confusionis

2172 1104 2307 1160 facta
2347 1121 2404 1160 es
2445 1107 2664 1160 auctor?
2700 1105 2828 1172 Qua:
2867 1103 3062 1157 utilitas
3102 1117 3164 1156 ex
3210 1100 3309 1156 hac
3348 1101 3750 1168 intemperantia

2173 1199 2264 1253 tibi
2304 1198 2578 1253 accrevit?
2617 1197 2758 1268 quod
2786 1211 2853 1251 ex
2887 1195 2988 1249 ltoc
3015 1209 3197 1250 errore
3224 1194 3425 1247 lucrum
3452 1193 3541 1246 tibi
3572 1207 3751 1247 acces-

2172 1288 2261 1353 sit,
2293 1304 2397 1358 quo
2423 1297 2610 1357 sponte
2637 1287 2878 1356 decepta,
2906 1285 3063 1340 etiam
3094 1285 3267 1338 virum
3297 1282 3410 1354 ejus
3440 1283 3560 1336 mali
3593 1283 3753 1352 parti-

2171 1378 2342 1448 cipem
2373 1377 2576 1432 fecisti?
2602 1377 2738 1445 Quid
2764 1393 2893 1447 ergo
2919 1375 3142 1430 mulier?
3169 1375 3392 1442 Serpens
3416 1375 3606 1446 decepit
3636 1392 3746 1440 me,

2173 1480 2219 1522 et
2253 1469 2468 1522 comedi.
2514 1468 2643 1522 Vide
2671 1468 2831 1522 etiam
2861 1467 2995 1520 hanc
3021 1465 3287 1534 quomodo
3317 1466 3595 1534 perterrita
3626 1481 3750 1534 pec-

2174 1569 2291 1614 cata
2313 1575 2407 1613 sua
2437 1558 2706 1613 defendat.
2735 1559 2866 1613 Nam
2895 1558 3032 1612 sicut
3057 1559 3136 1611 vir
3164 1559 3371 1628 culpam
3401 1557 3453 1610 iu
3478 1557 3749 1611 mulierem

2176 1649 2398 1719 rejicere
2424 1649 2630 1704 videtur
2655 1649 2837 1704 dicens
2867 1668 2880 1704 :
2907 1649 3092 1703 Mulier
3122 1649 3260 1713 tulit,
3283 1658 3337 1703 et
3357 1647 3502 1702 dedit
3527 1647 3677 1713 milii,
3701 1659 3753 1702 et

2177 1742 2380 1796 comedi
2408 1760 2422 1796 :
2452 1742 2528 1796 sic
2550 1750 2603 1796 et
2633 1743 2744 1812 ipsa
2767 1742 2970 1795 nullum
2993 1740 3239 1811 effugium
3265 1741 3540 1795 inveniens
3563 1739 3756 1794 fatetur

2180 1831 2393 1896 factum,
2421 1844 2475 1887 et
2505 1833 2672 1904 inquit
2697 1851 2709 1887 :
2735 1833 2956 1902 Serpens
2981 1833 3172 1903 decepit
3195 1849 3290 1895 me,
3313 1841 3361 1886 et
3381 1832 3594 1886 comedi.
3623 1831 3753 1886 Mala

2180 1923 2286 1987 illa,
2319 1923 2506 1994 inquit,
2549 1924 2714 1978 bestia
2761 1923 2902 1978 hunc
2946 1923 3100 1978 nobis
3140 1923 3344 1991 lapsum
3384 1923 3575 1986 attulit,
3617 1923 3756 1976 illius

2179 2014 2533 2083 perniciosum
2563 2015 2840 2069 consilium
2888 2015 2938 2068 in
2981 2013 3117 2069 hanc
3155 2030 3251 2069 nos
3282 2015 3620 2085 ignominiam
3658 2016 3756 2069 ad-

2181 2106 2308 2175 egit,
2343 2105 2430 2161 ille
2460 2121 2544 2160 me
2570 2106 2797 2176 decepit,
2825 2116 2876 2161 et
2901 2106 3129 2161 comedi.
3171 2106 3358 2161 Dilecti
3377 2148 3393 2173 ,
3424 2122 3490 2160 ne
3518 2116 3756 2160 transcao

2182 2213 2301 2252 mus
2343 2197 2672 2267 simpliciter,
2701 2213 2820 2268 qua:
2862 2212 3002 2252 nunc
3044 2198 3322 2263 dicuntur;
3362 2197 3454 2252 sed
3481 2198 3758 2268 diligenter

2183 2299 2512 2354 scrutantes,
2556 2290 2836 2360 plurimam
2886 2288 3007 2344 inde
3056 2289 3332 2344 utilitatem
3384 2289 3758 2360 percipiamus.

2183 2379 2444 2436 Terribile
2491 2381 2631 2435 enim
2679 2381 2932 2450 judicium
2971 2391 3082 2448 est,
3118 2391 3173 2435 et
3227 2381 3450 2437 horrore
3497 2383 3754 2452 plenum:

2182 2480 2496 2542 oportetque
2535 2480 2782 2526 accurate
2819 2473 2996 2526 omnia
3025 2472 3332 2539 audientes,
3362 2489 3609 2544 maguum
3637 2474 3754 2530 tlte.

2183 2574 2395 2615 saurqu
2447 2562 2640 2617 inferre
2683 2562 2869 2616 menti.
2913 2560 3202 2618 Considera
3231 2564 3452 2619 enimet
3481 2565 3652 2620 virum
3681 2565 3760 2620 di-

2184 2661 2413 2718 centem,
2440 2651 2645 2717 Mulier,
2667 2669 2818 2722 quant
2852 2653 3030 2706 dedisti
3072 2663 3125 2706 ut
3166 2654 3230 2707 sit
3271 2670 3486 2718 mecum,
3508 2657 3619 2725 ipsa
3640 2657 3761 2708 mihi

2186 2743 2342 2807 dedit,
2372 2753 2416 2798 et
2450 2743 2664 2797 comedi.
2709 2742 2978 2814 Nusquam
3004 2745 3332 2820 .necessitas,
3363 2760 3619 2814 nusquam
3646 2746 3760 2800 vio-

2187 2837 2368 2905 lentia,
2391 2837 2484 2892 sed
2512 2837 2702 2892 electio
2731 2845 2784 2892 et
2822 2837 3061 2893 voluntas
3089 2855 3101 2890 :
3131 2837 3275 2892 dedit
3313 2839 3482 2892 solum
3507 2879 3521 2903 ,
3560 2847 3615 2892 et
3658 2854 3762 2892 non

2185 2932 2377 3000 coegit,
2397 2945 2494 2984 nec
2513 2932 2618 2984 vim
2640 2930 2832 2983 attulit.
2859 2929 2993 2997 Quin
3019 2938 3073 2985 et
3099 2930 3211 2998 ipsa
3233 2946 3442 3000 quoque
3467 2931 3761 3001 apologiam

2187 3023 2512 3075 concinnans
2539 3036 2641 3074 non
2669 3021 2799 3074 dixit
2825 3039 2837 3074 :
2859 3019 3092 3090 Serpens
3117 3021 3290 3091 coegit
3316 3037 3420 3084 me,
3443 3030 3497 3075 et
3521 3023 3724 3076 comedi
3749 3039 3759 3074 :

2187 3110 2280 3164 sed
2311 3111 2474 3179 quid?
2503 3111 2723 3180 Serpens
2746 3110 2939 3177 decepit
2963 3128 3044 3166 me
3066 3127 3084 3165 :
3111 3120 3168 3165 ut
3195 3122 3370 3166 autem
3395 3111 3764 3182 deciperetur,

2188 3211 2279 3255 aut
2301 3217 2405 3254 non
2433 3200 2786 3270 deciperetur,
2811 3202 2860 3255 in
2886 3202 3049 3270 ipsius
3071 3209 3184 3255 erat
3211 3211 3489 3271 potestate.
3520 3203 3762 3273 Serpens,

2191 3293 2391 3366 inquit,
2442 3293 2633 3366 decepit
2680 3310 2775 3348 me.
2829 3292 3112 3348 lnimicus‘
3154 3293 3294 3348 enim
3340 3305 3536 3348 nostra)
3581 3294 3765 3348 salutis

2189 3402 2350 3456 Opera
2382 3385 2536 3455 hujus
2564 3385 2716 3438 malzc
2749 3384 2930 3437 bestia:
2958 3399 3108 3450 usus,
3132 3384 3410 3438 consilium
3437 3384 3584 3438 dedit
3610 3395 3663 3439 et
3683 3385 3766 3438 de~

2190 3478 2329 3549 cepit
2361 3493 2504 3532 :non
2547 3478 2650 3531 vim
2693 3473 2848 3542 fecit,
2891 3491 3062 3545 neque
3094 3475 3296 3546 coegit,
3337 3475 3430 3530 scd
3472 3477 3768 3545 pernicioso

2190 3569 2413 3623 consilio
2444 3568 2653 3622 fraudes
2681 3583 2806 3622 suas
2831 3583 2993 3637 opere
3017 3567 3301 3636 complevit
3334 3585 3347 3622 :
3375 3570 3624 3636 quoniam
3656 3586 3770 3622 ltlll-

2193 3660 2374 3714 lierem
2419 3658 2677 3724 offendit,
2721 3674 2838 3727 quae
2884 3657 3247 3726 deceptionem
3287 3659 3436 3714 facile
3475 3660 3769 3714 admissura

2193 3759 2327 3816 erat,
2357 3751 2498 3802 nulla
2530 3750 2678 3802 venia
2710 3750 2940 3818 dignam.
2977 3747 3199 3819 Serpens
3224 3749 3416 3820 decepit
3437 3769 3534 3817 me,
3561 3761 3607 3805 et
3633 3767 3772 3804 com-

2193 3841 2292 3893 edi.
2343 3839 2471 3894 Vide
2508 3841 2700 3894 bonum
2751 3839 3050 3905 Dominum,
3081 3840 3288 3893 illorum
3330 3841 3504 3896 verbis
3547 3853 3769 3896 conten-

2196 3942 2326 3996 tum,
2359 3941 2412 3986 et
2441 3929 2507 3984 ad
2540 3931 2683 3999 plura
2716 3930 2937 3984 dicenda
2968 3946 3074 3984 non
3102 3942 3396 4000 cogentem.
3427 3933 3770 4004 Quandoqui-

2194 4023 2314 4077 dem
2340 4025 2480 4078 cnim
2507 4023 2619 4077 luce
2639 4038 2744 4077 non
2767 4022 3013 4092 ignorans
3034 4023 3410 4095 interrogabat,
3439 4026 3532 4081 sed
3553 4043 3769 4096 gnarus,

2195 4125 2248 4168 et
2272 4114 2555 4168 admodum
2579 4128 2793 4183 gnarus,
2821 4123 2877 4168 ut
2904 4129 3052 4168 suam
3075 4114 3308 4170 declaret
3333 4118 3770 4182 misericordiam,

2194 4204 2258 4258 ad
2294 4205 2500 4258 illorum
2529 4220 2586 4259 se
2607 4204 2962 4259 inﬁrmitatem
2989 4205 3236 4272 demittit,
3265 4219 3318 4261 et
3343 4209 3408 4262 ad
3438 4217 3771 4277 peccatorum

2195 4296 2582 4352 confessionem
2605 4299 2748 4368 ipsos
2775 4307 3042 4367 provocat.
3067 4299 3176 4354 Hac
3198 4300 3358 4369 igitur
3376 4301 3444 4355 de
3457 4316 3616 4357 causa
3644 4302 3774 4357 nihil

2197 4387 2418 4442 ulterius
2452 4404 2515 4443 ex
2551 4388 2629 4442 eis
2666 4389 2872 4458 quierit.
2916 4389 3167 4445 Ediscere
3197 4389 3330 4446 forte
3358 4409 3452 4461 par
3477 4402 3592 4447 erat
3616 4394 3776 4448 decc-

2198 4479 2392 4549 ptionis
2415 4493 2616 4546 genus;
2659 4495 2843 4534 verum
2865 4488 2922 4533 ut
2949 4480 3102 4535 nobis
3130 4482 3376 4536 ostendat
3403 4497 3462 4536 se
3488 4499 3592 4536 non
3625 4484 3775 4552 igno-

2197 4579 2402 4624 rantem
2447 4571 2818 4641 interrogasse,
2848 4570 2946 4626 fuit
2984 4581 3262 4628 contentus
3303 4574 3478 4629 dictis.
3524 4574 3652 4628 Nam
3688 4575 3774 4630 illa

2197 4661 2423 4715 dicendo
2454 4679 2466 4715 :
2502 4663 2721 4733 Serpens
2740 4664 2932 4734 decepit
2961 4681 3057 4731 me,
3085 4676 3133 4720 et
3165 4668 3357 4720 comedi
3382 4709 3396 4731 ,
3426 4666 3777 4723 subindicavit

2199 4753 2549 4822 perniciosum
2573 4755 2875 4820 consilium,
2894 4756 3034 4826 quod
3059 4771 3087 4809 a
3118 4757 3327 4812 diabolo
3358 4772 3452 4826 per
3473 4769 3776 4830 serpentem

2201 4845 2438 4914 accepit,
2479 4845 2626 4915 quasi
2659 4855 2777 4916 post
2803 4861 2952 4900 esum
2980 4845 3142 4902 futuri
3169 4857 3350 4902 essent
3386 4857 3652 4918 tamquam
3681 4850 3772 4903 dii.

2202 4933 2420 4988 Vidistis
2439 4945 2632 5005 quanta
2654 4935 2921 5005 diligentia
2943 4937 3111 4991 Adam
3135 4938 3490 5008 interrogatus
3513 4939 3628 4994 est?
3656 4955 3776 4994 cmn

2201 5034 2394 5096 quanta
2446 5027 2767 5097 indulgentia
2811 5030 2860 5082 in
2901 5028 3158 5097 judicium
3187 5030 3410 5085 adducta
3441 5040 3526 5086 est
3552 5032 3781 5088 mulier?

2201 5117 2469 5186 quomodo
2500 5126 2717 5187 uterque
2742 5134 2800 5173 se
2823 5118 3088 5175 defendit?
3119 5119 3308 5178 Videte
3335 5118 3548 5179 demutn
3581 5125 3666 5178 liic
3695 5125 3779 5178 in-

2202 5208 2464 5264 effahiIem
2519 5210 2897 5264 misericordiae
2941 5209 3142 5266 Judicis
3185 5213 3572 5269 excellentiam.
3624 5214 3779 5269 Post-

2203 5316 2359 5370 quam
2401 5302 2588 5354 mulier
2627 5301 2755 5355 dixit
2789 5319 2803 5355 :
2835 5300 3054 5370 Serpens
3100 5303 3291 5374 decepit
3329 5323 3424 5371 me,
3459 5317 3504 5361 et
3543 5308 3782 5362 comedi:

2205 5407 2310 5446 non
2337 5391 2446 5462 jam
2473 5401 2774 5462 serpentem
2801 5391 3051 5462 dignatur
3078 5395 3454 5466 responsione,
3488 5414 3660 5470 neque
3699 5401 3780 5453 lo-

2204 5500 2325 5539 cum
2353 5484 2400 5539 ei
2427 5483 2518 5539 dat
2542 5499 2661 5539 sese
2685 5485 2944 5556 purgandi
2973 5503 2986 5539 :
3016 5501 3187 5557 neque
3215 5488 3506 5561 interrogat
3543 5493 3679 5546 sicut
3704 5491 3784 5546 vi-

2271 5614 2498 5685 fottorel?
2532 5614 2647 5685 ride
2665 5615 2810 5685 enim,
2833 5615 3070 5671 inimicus.
3099 5627 3202 5674 Mss.
3218 5634 3348 5684 pene
3369 5635 3540 5674 omnes
3563 5623 3784 5677 etSavtl.:

2211 5675 2388 5729 odium
2408 5676 2535 5728 enim
2549 5676 2716 5728 saliuis
2734 5685 2924 5730 nostrte.
