4144 6200
313 265 377 313 ιιι
389 266 419 314 l’

299 374 450 448 αὐτῷ
483 374 734 449 παρέχει,
765 372 887 428 οὗδέ
917 370 1101 444 ἐρωτᾷ
1123 365 1373 439 καθάπερ
1416 363 1508 419 τδν
1546 363 1716 435 ἀνδρα
1740 361 1846 449 καὶ
1872 360 1970 430 τὴν

304 448 573 534 γυναῖκαογ
599 461 734 518 ἀλλά
772 461 874 522 τὰς
906 457 1035 529 παρ’
1069 455 1293 510 ἐκείνων
1333 450 1629 520 ἀπολογίας
1658 448 1970 519 δεξάμενος,

304 552 397 607 ἐπὶ
420 551 607 606 τοῦτον
628 550 703 610 ὡς
722 546 894 602 αἴτιον
918 546 1026 599 τῶν
1047 545 1185 599 ὅλων
1210 540 1397 597 κακῶν
1422 537 1789 610 γεγενημένον
1807 536 1971 608 ὁρμᾷ.

306 638 416 694 Καὶ
446 635 634 706 ἐπειδὴ
660 635 736 699 ώς
760 634 893 698 Θεδς
923 633 1019 688 καὶ
1045 631 1113 685 τά
1140 630 1427 702 ἀπόρρητα
1456 626 1818 694 ἐπιστάμενος
1837 622 1972 694 ᾔδει,

305 724 388 783 ὅτι
408 726 570 791 αὐτὸς
600 720 669 796 ἦν
705 727 734 779 6
763 722 1248 796 ὑπηρετησάμενος
1270 721 1336 789 τῇ
1372 716 1467 771 τοῦ
1496 713 1740 769 διαϐόλου
1766 711 1976 765 ἐπιϐουο

305 816 371 887 λῇ
391 829 439 879 ιι,
474 813 568 867 καὶ
596 815 662 886 τῇ
698 812 987 884 βασκανίᾳ,
1015 810 1082 882 ἦν
1106 807 1237 880 περὶ
1264 806 1355 859 τὸν
1377 804 1662 875 ἄνθρωπον
1697 797 1975 887 ἐπεδείξα-

304 885 385 963 τό,
424 899 514 955 ἵνα
545 900 723 973 μάθῃς
756 896 920 953 αὑτοῦ
971 896 1069 967 τὴν
1113 892 1445 963 ἀγαθότητα,
1483 888 1601 952 πῶς
1643 888 1727 941 ἐπ’
1753 885 1978 973 ἐκείνων

310 987 406 1059 μὲν
457 970 555 1041 καί
595 970 751 1050 είδὼς
783 983 861 1055 τῷ
893 983 992 1055 μὲν
1039 982 1211 1049 ἔλεγε,
1252 979 1375 1033 Ποῦ
1402 973 1489 1042 sl;
1539 976 1630 1039 Τίς
1656 970 1980 1042 ἀνήγγειλέ

309 1089 405 1128 σοι
435 1073 522 1127 ὅτι
557 1065 783 1144 γυμνῦς
813 1067 902 1138 sl;
937 1072 1001 1140 τῇ
1036 1068 1090 1121 δὲ
1128 1067 1300 1135 ἔλεγε,
1343 1064 1411 1118 Τί
1440 1063 1617 1118 τοῦτο
1652 1061 1980 1127 ἐποίησας;

309 1160 401 1213 ἐπὶ
448 1160 541 1214 τοῦ
583 1157 822 1229 πονηροῦ
875 1155 1065 1209 τούτου
1111 1153 1301 1225 θηρίου
1340 1151 1494 1203 οὐδὲν
1530 1148 1769 1203 τοιοῦτον
1815 1147 1977 1211 ποιεῖ,

308 1246 441 1301 ἀλλά
463 1245 542 1310 τίς
582 1247 687 1299 Καὶ
710 1241 841 1298 εἶπε
871 1243 1084 1309 Κύριος
1118 1243 1150 1294 ό
1183 1238 1327 1305 Θεὸς
1353 1233 1432 1305 τῷ
1455 1237 1604 1305 ὄφει,
1624 1236 1743 1287 ’Ότι
1775 1233 1978 1297 ἐποίη-

307 1348 426 1399 σας
453 1332 651 1386 τοῦτο.
683 1326 838 1394 Εἶδες
864 1329 1163 1398 διαφοράνς
1210 1328 1289 1397 Τῇ
1343 1324 1441 1396 μὲν
1465 1322 1683 1394 γυναικί
1710 1320 1882 1388 ἔλεγε,
1922 1317 1983 1373 Τί

307 1419 482 1474 τοῦτο
520 1418 854 1485 έποίησας;
897 1415 977 1487 τῷ
1014 1415 1071 1469 δὲ
1104 1414 1245 1483 ὄφει,
1287 1414 1407 1465 Ὅτι
1451 1411 1743 1477 ἐποίησας
1780 1406 1976 1460 τοῦτο.

311 1511 432 1562 Ὅτι
474 1506 537 1561 τὸ
567 1506 756 1571 κακὸν,
794 1507 977 1576 φησὶν,
1020 1503 1177 1557 τοῦτο
1211 1501 1471 1573 εἰργάσω,
1503 1501 1583 1553 ὅτι
1621 1498 1719 1569 τὴν
1741 1493 1981 1566 ὀλέθριον

312 1594 620 1666 συμϐουλὴν
666 1592 872 1664 ταύτην
922 1592 1237 1661 εἰσήγαγες,
1289 1589 1371 1641 ὅτι
1423 1584 1657 1655 τοσαύτῃ
1715 1579 1981 1666 βασκανία

311 1665 660 1753 ὑπηρετήσω,
710 1680 793 1732 ὅτι
838 1677 980 1730 ο⁶ύτω
1029 1677 1119 1730 τὸν
1172 1675 1364 1745 φθόνον
1396 1674 1668 1744 ὴκόνησας
1701 1667 1842 1723 κατά
1885 1665 1980 1719 τοῦ

308 1766 802 1839 δημιουργηθέντος
860 1764 951 1817 ὑπ’
995 1762 1151 1834 ἐμοῦ,
1196 1762 1661 1828 Ἐπικατάρατος
1717 1755 1799 1811 σὺ
1862 1753 1979 1809 ἀπὸ

310 1853 554 1912 πάντων
584 1850 703 1906 τῶν
724 1849 983 1920 κτηνῶν,
1036 1848 1133 1902 καί
1173 1848 1290 1902 ἀπὸ
1332 1846 1575 1900 πάντων
1615 1842 1735 1896 τῶν
1767 1842 1984 1910 θηρίων

309 1939 421 2008 τῆς
444 1938 578 2011 γῆς.
618 1939 741 1992 Ἐπί
766 1935 846 2002 τῷ
870 1935 1077 2003 στήθει
1103 1935 1201 1989 καὶ
1230 1933 1304 2003 τῇ
1333 1933 1532 1999 κοιλίᾳ
1556 1930 1850 1998 πορεύσῃ,
1883 1926 1981 1980 καί

308 2026 428 2096 γῆν
476 2025 639 2096 φάγῃ
688 2023 894 2089 πάσας
952 2022 1059 2087 τὰς
1112 2021 1337 2091 ἡμέρας
1376 2020 1487 2087 τῆς
1518 2017 1665 2085 ζωῆς
1706 2032 1841 2070 σου.
1872 2015 1981 2068 Kal

270 2115 276 2122 ’
307 2112 530 2183 ἔχθραν
562 2110 728 2177 θήσω
760 2109 877 2164 ἀνὰ
920 2108 1118 2177 μέσον
1170 2107 1288 2161 σοῦ
1346 2106 1443 2159 καί
1499 2103 1615 2158 ἀνὰ
1643 2104 1838 2173 μέσον
1870 2101 1982 2169 τῆς

307 2198 613 2270 γυναικὸς,
654 2196 753 2251 καί
802 2195 919 2251 ἀνὰ
971 2193 1168 2264 μέσον
1204 2192 1311 2247 τοῦ
1356 2192 1699 2260 σπέρματός
1737 2204 1853 2243 σου
1885 2188 1982 2242 καί

308 2283 424 2338 ἀνὰ
443 2283 641 2354 μέσον
672 2282 779 2336 τοῦ
811 2281 1153 2349 σπέρματος
1175 2276 1396 2358 αὐτῆς.
1428 2278 1621 2342 Αὐτός
1656 2290 1773 2330 σου
1800 2274 1980 2342 τηρή-

307 2386 405 2426 σει
438 2370 736 2440 κεφαλὴν,
772 2368 867 2422 καί
897 2367 979 2422 σὺ
1016 2367 1300 2434 τηρήσεις
1331 2363 1519 2419 αὐτοῦ
1545 2364 1825 2431 πτέρναν,

382 2463 456 2523 ς’.
485 2458 683 2510 Σκόπει
703 2472 792 2526 μοι
810 2453 1043 2509 ἐνταῦθα
1061 2452 1214 2518 τάξιν
1237 2452 1330 2506 καὶ
1351 2450 1670 2505 ἀκολουθίαν
1687 2449 1985 2521 φιλανθρω-

308 2545 440 2608 πίας
467 2543 922 2614 πεπληρωμὲνην.
959 2541 1072 2610 Τὴν
1108 2540 1206 2611 μὲν
1235 2542 1345 2611 γὰρ
1373 2537 1640 2610 ἐρώτησιν
1661 2536 1983 2606 ποιούμενος

308 2631 418 2688 ἀ.πό
446 2631 541 2685 τοῦ
569 2630 759 2701 ἀνδρὸς
785 2627 1006 2699 ήρξατο,
1033 2625 1149 2680 εἶτα
1185 2626 1448 2697 μετῆλθεν
1481 2626 1573 2679 ἐπὶ
1601 2624 1700 2695 τὴν
1723 2625 1978 2693 γυναῖκα.

311 2718 419 2772 Καὶ
437 2716 624 2788 ἐπειδὴ
661 2711 812 2769 εἷπεν
842 2713 981 2785 αὐτὴ
1003 2713 1093 2767 τὸν
1121 2714 1293 2766 αἴτιον
1321 2713 1458 2783 αὐτῇ
1484 2712 1870 2783 γεγενημένον,
1896 2711 1983 2763 ἐλ-

309 2801 418 2856 θὼν
441 2801 534 2855 ἐπὶ
562 2802 653 2854 τὸν
675 2799 818 2869 ὅφιν,
843 2799 934 2852 καὶ
960 2797 1142 2851 οὐκέτι
1170 2796 1332 2849 αὑτὸν
1353 2795 1696 2867 ἀποκρίσεως
1723 2795 1979 2862 ἀξιώσας,

308 2887 408 2958 τὴν
444 2887 711 2959 τιμωρίαν
745 2886 958 2954 ἐπάγει,
987 2886 1081 2938 καὶ
1108 2883 1368 2955 τοιαύτην
1400 2882 1477 2946 ώς
1508 2883 1671 2937 παντί
1703 2881 1781 2952 τῷ
1807 2883 1983 2953 χρόνῳ

309 2973 782 3048 παρεκτείνεσθαι,
829 2973 925 3026 καὶ
954 2972 1042 3026 διὰ
1084 2974 1185 3042 τῆς
1210 2971 1385 3040 ὅψεως
1412 2971 1633 3041 διηνεκῆ
1667 2969 1982 3023 διδάσκαλον

307 3061 551 3130 γίνεσθαι
582 3064 695 3125 τοῖς
731 3060 855 3132 ἑξῆς
885 3060 1078 3125 άπασι,
1114 3059 1311 3130 μηκέτι
1334 3057 1581 3129 δέχεσθαι
1610 3058 1708 3129 τὴν
1736 3056 1984 3128 ὀλεθρίαν

226 3151 230 3154 ’
310 3151 527 3221 ἐκείνην
561 3148 886 3220 συμϐουλήν,
934 3147 1067 3218 μηδέ
1114 3146 1425 3201 ἀπατᾶσθαι
1463 3146 1577 3208 τοῖς
1610 3147 1740 3216 παρ’
1775 3145 1982 3198 ἐκείνου

314 3238 720 3309 μηχανήμασιν.
770 3234 909 3288 Ἀλλ’
939 3235 1068 3298 ἴσως
1093 3233 1237 3288 εἴποι
1268 3250 1353 3297 τις
1377 3233 1460 3286 ἀν’
1488 3233 1582 3286 καὶ
1614 3235 1661 3285 εί
1682 3234 1710 3285 6
1740 3232 1985 3296 διάϐολος

310 3325 611 3395 ἐνεργήσας
635 3320 725 3376 διὰ
751 3321 846 3375 τοῦ
874 3321 1050 3390 δφεως
1068 3321 1168 3393 τὴν
1195 3319 1503 3392 συμϐουλὴν
1530 3320 1812 3390 είσήγαγε,
1841 3320 1984 3383 τίνος

310 3412 495 3465 ἐνεκεν
517 3412 579 3463 τὸ
597 3410 786 3481 θηρίον
801 3407 1069 3480 τοσαύτην
1095 3409 1354 3479 ὑπέμεινε
1382 3408 1651 3479 τιμωρίαν
1670 3423 1684 3470 ;
1706 3405 1811 3460 Καὶ
1828 3406 1987 3460 τοῦτο

308 3498 410 3570 τῆς
430 3497 638 3566 ἀφάτου
672 3495 863 3566 φιλανθ
872 3495 1079 3567 ρωπίας
1109 3494 1204 3548 τοῦ
1228 3495 1364 3549 Θεοῦ
1386 3495 1545 3564 ἔργον
1574 3494 1783 3564 γέγονε.
1807 3492 1988 3548 Καθά-

312 3601 419 3658 περ
449 3583 559 3655 γὰρ
596 3581 780 3654 πατὴρ
811 3580 1161 3654 φιλόστοργος
1204 3582 1295 3635 τὸν
1349 3582 1698 3637 ἀπεκτακότα
1746 3582 1838 3636 τὸν
1871 3583 1988 3636 υἰδν

309 3668 401 3721 τὸν
433 3667 629 3721 ἑαυτοῦ
656 3665 1217 3740 τιμωρούμενος,,καὶ
1250 3664 1350 3737 τὴν
1384 3666 1661 3737 μάχαιραν
1693 3665 1872 3720 καὶτὸ
1905 3664 1984 3730 ξι-

312 3771 431 3823 φος,
464 3753 531 3808 δι’
554 3746 618 3808 οῦ
651 3753 742 3808 τὸν
782 3753 942 3823 φόνον
967 3752 1279 3823 εἰργάσατο,
1311 3751 1534 3822 διασπᾷ,
1571 3752 1667 3805 καὶ
1709 3753 1789 3815 εἰς
1818 3752 1988 3805 πολλά

312 3840 641 3911 κατατέμνει
701 3839 863 3911 μέρη·
923 3838 1017 3892 τὸν
1057 3838 1218 3891 αὑτὸν
1264 3837 1328 3908 δὴ
1360 3838 1561 3908 τρόπον
1604 3837 1699 3891 καὶ
1731 3840 1759 3891 6
1785 3838 1986 3906 ἀγαθὸς

310 3927 465 3993 Θεὸς,
496 3926 687 3997 ἐπειδὴ
713 3924 900 3996 ὥσπερ
925 3924 1168 3995 μάχαιρά
1194 3940 1277 3988 τις
1303 3924 1686 3994 ὑπηρετήσατο
1707 3923 1769 3976 τὸ
1802 3923 1987 3995 θηρίον

312 4013 473 4071 τοῦτο
501 4016 568 4086 τῇ
602 4011 696 4067 τοῦ
727 4012 972 4067 διαϐόλου
1006 4011 1328 4083 πανουργίᾳ,
1367 4012 1562 4080 ἐπάγει
1588 4010 1737 4082 αὐτῷ
1763 4011 1985 4082 διηνεκῆ
2030 4036 2041 4046 -

312 4101 413 4174 τὴν
432 4101 726 4173 τιμωρίαν,
750 4100 837 4153 ἵνα
862 4099 950 4154 διὰ
975 4099 1071 4153 τοῦ
1100 4097 1357 4169 αἰσθητοῦ
1378 4098 1566 4152 τούτου
1597 4100 1691 4152 καὶ
1708 4098 1985 4169 δρωμένου

313 4185 654 4259 λογιζώμεθα
707 4188 767 4241 ἐν
807 4186 910 4258 ὅσῃ
953 4185 1154 4257 ἀτιμίᾳ,
1177 4185 1427 4248 κάκεῖνος
1457 4184 1736 4253 τυγχάνει.
1774 4185 1835 4237 Εἰ
1877 4183 1985 4252 γὰρ

312 4266 466 4338 οἶκτος
514 4276 544 4328 6
600 4272 852 4344 καθάπερ
906 4271 1139 4343 ὄργανον
1181 4269 1666 4342 ὑπηρετησάμενος
1720 4269 1985 4340 τοσαύτης

313 4358 578 4431 ἐπειράθη
624 4356 1073 4427 ἀγανακτήσεως,
1119 4357 1280 4409 ποίαν
1318 4356 1461 4418 εἰκὸς
1493 4358 1700 4408 ἐκεῖνον
1732 4356 1983 4421 δέξασθαι

310 4445 615 4516 τιμωρίαν;
656 4442 872 4498 Μᾶλλον
922 4442 980 4496 δὲ
1024 4442 1120 4496 καὶ
1155 4442 1312 4495 τοῦτο
1355 4441 1456 4513 ἤδη
1492 4444 1640 4513 ἡμᾶς
1682 4442 1919 4508 ἐδίδαξεν
1954 4443 1984 4498 ὀ

316 4530 547 4601 Χριστὸς
568 4529 657 4585 διὰ
689 4529 799 4584 τῶν
826 4528 984 4583 θείων
1005 4528 1351 4597 Εὐαγγελίων
1378 4530 1605 4598 φάσκων
1627 4528 1760 4600 πρὸς
1778 4529 1905 4593 τοὺς
1924 4530 1984 4594 ἐξ

310 4618 605 4691 εὐωνύμων
635 4618 896 4681 ἑστῶτας,
925 4618 1259 4687 Πορεύεσθε
1295 4616 1395 4671 ἀπ’
1428 4616 1599 4686 ἐμοῦ,
1637 4619 1693 4671 οἰ
1730 4633 1979 4685 κατηρα-

307 4705 503 4777 μένοι,
536 4708 625 4772 είς
656 4706 724 4759 τὸ
759 4703 910 4777 [142]
940 4704 1061 4774 πῦρ
1081 4702 1149 4757 τὸ
1169 4702 1428 4766 αἰώνιον,
1451 4702 1518 4757 τὸ
1540 4702 1985 4772 ἡτοιμασμένον

311 4791 394 4859 τῷ
414 4792 671 4861 διαϐόλῳ
699 4793 798 4847 καί
819 4790 946 4858 τοῖς
965 4791 1243 4861 ἀγγέλοις
1269 4790 1473 4844 αὐτοῦ.
1510 4790 1734 4861 Ἐκείνῳ
1753 4791 1862 4862 γὰρ
1882 4790 1985 4844 πά-

311 4880 401 4935 λαι
430 4879 589 4934 τοῦτο
618 4879 963 4951 ἡτοίμασται,
993 4880 1086 4932 κα)⁸
1108 4879 1285 4931 ἐκεῖνο
1315 4875 1378 4930 τδ
1402 4876 1665 4932 ἀσϐεστον
1688 4876 1800 4947 πῦρ
1824 4876 1983 4929 αὐτὸν

312 4960 616 5031 ἐκδέχεται.
652 4961 719 5019 Ἰἶί
759 4956 852 5013 οὖν
888 4960 954 5012 ἂν
993 4960 1080 5031 εἴη
1128 4958 1457 5031 ἀθλιώτερον
1488 4958 1597 5012 τῶν
1626 4958 1693 5012 δι’
1726 4959 1984 5029 ἀμέλειαν

311 5045 412 5114 τῆς
438 5042 643 5105 οἰκείας
673 5041 947 5113 σωτηρίας
982 5044 1209 5105 ἑαυτοὺς
1238 5042 1424 5114 ἐκείνῃ
1463 5045 1529 5113 τῇ
1576 5040 1815 5114 τιμωρίᾳ
1853 5040 1984 5095 καθ-

316 5124 585 5193 ιστώντων
615 5124 948 5188 ὑπευθύνους
975 5127 1042 5196 τῇ
1071 5123 1263 5195 ἐκείνῳ
1295 5125 1702 5195 ήτοιμασμένῃ;
1730 5127 1851 5179 Ὅτι
1874 5125 1984 5196 γὰρ

314 5210 465 5282 ἡμῖν,
504 5209 554 5261 εἰ
598 5206 989 5279 βουληθείημεν
1030 5209 1231 5280 ἀρετὴν
1279 5207 1667 5274 ἐπιδείξασθαι,
1719 5207 1813 5260 καὶ
1872 5212 1983 5273 τοῖς

313 5291 466 5363 παρὰ
510 5289 608 5346 τοῦ
646 5291 884 5363 Χριστοῦ
934 5290 1138 5345 τεθεῖσι
1174 5291 1359 5362 νόμοις
1394 5291 1644 5354 ἕπεσθαι,
1673 5292 1706 5362 ἡ
1738 5290 1984 5361 βασιλεία

309 5373 662 5444 ἡτοίμασται,
698 5370 864 5426 αὑτοῦ
902 5372 1065 5427 πάλιν
1111 5373 1342 5428 ἄκουσον
1383 5372 1652 5442 λέγοντος
1709 5372 1888 5425 Δεῦτε
1928 5374 1983 5426 οὶ

311 5453 704 5523 εὐλογημένοι
752 5452 858 5508 τοῦ
899 5455 1129 5531 Πατρός
1174 5470 1314 5524 μου·
1344 5454 1839 5524 κληρονομήσατε
1870 5452 1985 5522 τὴν

315 5534 773 5606 ἡτοιμασμένην
821 5536 965 5606 ὑμῖν
996 5537 1326 5610 ,βασιλείαν
1371 5536 1490 5591 ἀπὸ
1524 5535 1865 5605 καταϐολῆς
1893 5537 1989 5590 κό-

314 5632 496 5686 σμου.
521 5612 672 5679 Εἶδες
698 5616 889 5688 ἐκείνῳ
920 5618 1023 5688 μὲν
1049 5620 1106 5672 τὸ
1137 5619 1398 5676 ἄσϐεστον
1562 5620 1982 5690 ἡτοιμασμένον,

314 5700 449 5774 ἡμῖν
469 5699 546 5766 δέ,
579 5702 628 5753 εἰ
653 5700 729 5772 μὴ
756 5702 1195 5774 ρᾳθυμήσαιμεν,
1223 5702 1319 5773 τὴν
1345 5702 1653 5773 βασιλείαν;
1679 5702 1863 5755 Ταῦτα
1880 5702 1989 5754 τοί-

316 5798 411 5835 νυν
454 5779 761 5847 ἐννοοῦντες
804 5785 900 5837 καὶ
942 5785 1057 5854 βίου
1087 5784 1492 5855 ἐπιμελώμεθα,
1533 5784 1628 5851 καὶ
1661 5783 1759 5856 τὴν
1791 5784 1990 5839 κακίαν

384 5876 560 5942 ‘leg.
584 5890 715 5928 unus
740 5881 1004 5945 συμϐουλῇ.

1125 256 1183 310 S.
1222 247 1507 308 JOANNIS
1542 239 2030 306 CHRYSOSTOMI
2068 234 2386 297 ARCHIEP.
2421 227 2967 291 CONSTAN'HNOP.

2080 354 2390 427 φεύγωμεν,
2420 348 2524 406 καὶ
2546 347 2815 420 μηδέποτε
2841 338 3177 412 ἀπατώμεθα
3210 337 3330 402 ταῖς
3365 334 3461 427 τοῦ
3500 333 3748 427 διαϐόλου

2080 420 2367 514 μηχαύαῖς.
2413 438 2576 500 ’Δλλ’,
2601 436 2651 489 εἰ
2680 431 2930 506 βούλεσθε
2973 429 3067 484 καὶ
3108 426 3560 514 μίίνιᾲάπεκάμετε,Δ
3588 420 3749 476 πάλιν

2078 510 2364 597 είςημέσον
2396 524 2691 593 ἀγάγωμεν
2719 520 2818 592 τὴν
2853 516 3126 588 τιμωρίαν
3156 512 3258 584 τὴν
3284 510 3366 580 τῷ
3394 510 3517 597 δφει
3545 510 3748 597 ἐπαγοο

2084 593 2272 686 μένην,
2296 612 2362 666 ἶν’
2394 610 2537 666 οὕτω
2564 609 2707 663 κατὰ
2731 606 2922 679 μικρὸν
2944 605 3022 667 εἰς
3050 601 3111 656 τὸ
3133 600 3286 686 τέλος
3312 598 3413 686 τῇς
3439 596 3591 686 δίκης
3617 593 3755 686 φθά-

2083 681 2274 764 σαντες
2302 699 2500 768 ἴδωμεν
2529 695 2630 767 τῆς
2661 690 3068 763 φιλανθρωπίας
3113 685 3206 740 τοῦ
3246 681 3380 737 Θεοῦ
3415 681 3474 735 τὸ
3503 681 3747 752 μέγεθος.

2081 788 2145 841 Εἰ
2193 788 2297 856 γάρ
2335 785 2609 856 ἀνθρωποι
2647 780 2906 851 δικαστὴν
2949 775 3180 849 ὁρῶντες
3220 772 3478 834 πολλάκις
3517 768 3752 842 δημοσία

2084 875 2408 945 καθήμενον,
2440 872 2534 925 καὶ⁵
2562 870 2660 942 τὴν
2682 867 2823 921 κατὰ
2846 867 2953 918 τῶν
2976 863 3278 918 καταδίκων
3305 860 3481 930 ψῆφον
3504 857 3757 927 ἐκφέρον-

2084 978 2172 1026 τα,
2194 960 2280 1014 διά
2310 960 2490 1029 πάσης
2518 956 2730 1028 ἡμέρας
2763 953 3159 1024 παραμένουσι,
3186 949 3279 1002 καὶ
3301 948 3399 1000 οὐκ
3428 945 3752 1014 ἀφίστανται

2089 1047 2281 1119 μέχρις
2323 1046 2390 1101 ἂν
2419 1045 2601 1098 ῐδωσιν
2627 1040 2933 1097 ἀναστάντα
2957 1039 3049 1091 τὸν
3084 1035 3363 1105 δικαστήν
3400 1031 3579 1119 πολλῶ
3614 1031 3751 1119 9.6L).-

2085 1116 2362 1204 loxlﬁpc’i;
2409 1130 2504 1185 νῦν
2539 1131 2805 1200 προσήκει
2852 1125 2990 1197 μετά
3031 1122 3273 1185 πλείονος
3303 1121 3400 1190 τῆς
3448 1116 3753 1190 προθυμίας

2090 1222 2216 1276 ἰδεῖν
2234 1222 2324 1277 τὸν
2356 1220 2559 1290 ἀγαθὸν
2584 1218 2736 1281 Θεὸν,
2762 1216 2879 1279 πῶς
2904 1214 3002 1286 μὲν
3034 1212 3113 1282 τῷ
3139 1212 3260 1280 ὄφει
3293 1206 3525 1279 σφοδρὰν
3553 1205 3649 1277 τὴν
3675 1223 3756 1258 τι·

2090 1311 2301 1380 μωρίαν
2330 1309 2655 1380 ἐπιτίθησιν,
2683 1306 2770 1360 ἵνα
2793 1304 2882 1359 διά
2904 1302 2997 1356 τοῦ
3033 1297 3294 1371 αἰσθητοῦ
3326 1295 3514 1350 τούτου
3540 1293 3752 1365 θηρίου,

2086 1392 2131 1466 ᾧ
2156 1398 2344 1469 ὥσπερ
2375 1395 2590 1468 ὀργάνῳ
2629 1394 2899 1466 ἐχρήσατο
2941 1391 2970 1443 6
3003 1386 3234 1459 πονηρὸς
3270 1385 3478 1454 δαίμων
3523 1382 3751 1469 ἐκεῖνος.

2086 1466 2335 1555 αἴσθησιν
2366 1466 2494 1554 ἡμῖν
2519 1481 2779 1553 παράσχῃ
2798 1480 2895 1549 τῆς
2925 1474 3223 1548 μελλούσης
3256 1473 3463 1525 ἐκεῖνον
3486 1466 3756 1555 τιμωρίας

2086 1552 2419 1642 ἐκδέχεσθαιλ
2449 1569 2567 1633 πῶς
2602 1552 2658 1621 δὲ
2699 1552 2834 1638 μετά
2863 1562 3075 1633 φειδοῦς
3106 1560 3416 1631 σύμμετρον
3441 1556 3637 1622 ἐπάγει
3662 1552 3756 1642 καὶ

2086 1663 2155 1731 τῇ
2182 1640 2399 1729 γυναικὶ
2426 1657 2520 1713 καὶ
2544 1656 2622 1727 τῷ
2646 1655 2799 1726 ἀνδρὶ
2825 1654 2923 1725 τὴν
2953 1650 3288 1721 ἐπιτίμησιν,
3318 1642 3597 1700 νουθεσίαν

2086 1730 2177 1801 λον
2201 1747 2448 1818 ἔχουσαν,
2474 1745 2507 1815 ἢ
2534 1745 2769 1797 κόλασιν·
2798 1742 2884 1795 ἶνα
2910 1738 3079 1794 ταῦτα
3106 1735 3279 1790 πάντα
3310 1731 3448 1804 μετά
3468 1730 3756 1818 ἀκριϐείας

2090 1816 2457 1904 σκοπήσαντες
2511 1830 2878 1901 θαυμάσωμεν
2921 1826 3020 1898 τὴν
3060 1822 3154 1878 τοῦ
3210 1817 3585 1891 φιλανθρώπου
3620 1816 3755 1869 Θεοῦ

2089 1903 2432 1992 κηδεμονίαν,
2464 1919 2532 1989 ἣν
2567 1917 2692 1989 περὶ
2722 1915 2820 1986 τὴν
2849 1913 3009 1983 φύσιν
3040 1910 3405 1965 ἐπιδείκνυται
3438 1903 3757 1992 τὴν-ἡμετέ-

2092 1990 2209 2079 ραν.
2230 1990 2304 2059 Τί
2344 2000 2437 2057 οῦν
2474 2020 2640 2074 φησι;
2667 2002 2774 2055 Kal
2807 1997 2938 2054 εἶπε
2965 2000 3178 2068 Κύριος
3222 1999 3255 2051 d
3300 1993 3446 2059 Θεὸς
3483 1990 3562 2057 τῷ
3603 1990 3754 2060 ὄφει,

2089 2097 2208 2146 Ὅτι
2231 2093 2521 2159 ἐποίησας
2550 2089 2744 2153 τοῦτο,
2778 2087 3198 2155 ἐπικατάρατος
3254 2083 3336 2137 σὺ
3365 2080 3484 2135 ἀπὸ
3515 2079 3758 2133 πάντων

2087 2179 2207 2233 τῶν
2244 2176 2501 2246 κτηνῶν,
2534 2176 2631 2230 καί
2672 2174 2790 2229 ἀπὸ
2814 2173 3056 2228 πάντων
3096 2169 3213 2225 τῶν
3232 2169 3452 2237 θηρίων
3477 2164 3588 2234 τῆς
3620 2162 3752 2234 γῆς.

2100 2266 2223 2319 Ἐπί
2266 2265 2342 2330 τῷ
2361 2262 2567 2330 στήθει
2598 2263 2695 2315 καὶ
2728 2260 2801 2330 τῇ
2828 2260 3028 2328 κοιλίᾳ
3053 2274 3169 2312 σου
3192 2257 3485 2325 πορεύσῃ,
3520 2252 3616 2307 καί
3640 2251 3759 2321 γῆν

2087 2353 2246 2424 φάγῃ
2283 2350 2485 2417 πάσας
2517 2351 2622 2416 τὰς
2650 2348 2873 2419 ἡμέρας
2899 2347 3010 2415 τῆς
3036 2345 3183 2413 ζωῆς
3222 2360 3356 2399 σου.
3398 2341 3506 2396 Kal
3537 2341 3758 2410 ἔχθραν

2087 2440 2254 2509 θήσω
2290 2440 2405 2494 ἀνὰ
2431 2434 2626 2507 μέσον
2658 2435 2774 2491 σοῦ
2805 2433 2904 2488 καί
2940 2434 3055 2488 ἀνὰ
3072 2431 3267 2502 μέσον
3302 2428 3413 2497 τῆς
3452 2426 3753 2498 γυναικός,

2088 2526 2187 2581 καί
2218 2526 2333 2581 ἀνὰ
2357 2524 2550 2595 μέσον
2583 2523 2689 2578 τοῦ
2725 2522 3067 2591 σπέρματός
3106 2535 3222 2573 σου
3272 2514 3372 2570 καί
3407 2515 3527 2569 ἀνὰ
3564 2512 3758 2583 μέσον

2086 2613 2195 2667 τοῦ
2221 2610 2560 2680 σπέρματος
2592 2609 2803 2678 αὐτῆς.
2831 2608 3022 2673 Αὐτός
3041 2623 3157 2661 σου
3186 2603 3433 2674 τηρήσει
3458 2599 3754 2671 κεφαλὴν,

2087 2700 2183 2754 καί
2218 2700 2299 2753 σὺ
2326 2698 2608 2767 τηρήσεις
2635 2696 2820 2752 αὐτοῦ
2852 2694 3130 2763 πτέρναν.

2158 2789 2222 2853 ζ’.
2250 2787 2475 2858 Μεγάλη
2498 2787 2592 2840 καὶ
2614 2783 2818 2855 σφοδρὰ
2837 2785 2870 2853 ἡ
2899 2782 3292 2850 ἀγανάκτησις,
3324 2777 3511 2849 ἐπειδὴ
3536 2776 3630 2830 καὶ
3656 2791 3758 2845 με-

2087 2876 2225 2946 γάλη
2252 2876 2350 2946 τῆς
2382 2876 2596 2945 ἀπάτης
2622 2874 2656 2944 ἡ
2687 2869 2980 2941 ὑπερϐολὴ,
3013 2869 3080 2938 ἢν
3108 2868 3175 2921 δι’
3201 2865 3365 2920 αὑτοῦ
3406 2865 3759 2937 προσήγαγεν

2088 2964 2116 3016 6
2148 2961 2380 3033 πονηρὸς
2412 2959 2674 3023 διάϐολος.
2707 2958 2818 3011 Καὶ
2846 2957 2974 3010 εἷπε
3003 2955 3216 3022 Κύριος
3244 2956 3277 3007 ὁ
3316 2952 3460 3018 Θεὸς
3489 2950 3569 3016 τῷ
3602 2950 3754 3019 ὄφει,

2092 3051 2211 3103 Ὅτι
2243 3049 2534 3115 ἐποίησας
2571 3046 2769 3100 τοῦτο.
2787 3044 3028 3115 Ἐπειδὴ,
3057 3041 3212 3113 φησὶ,
3236 3039 3461 3112 τοιαύτῃ
3486 3038 3759 3109 ὑπηρετήο

2092 3154 2169 3189 σω
2205 3134 2528 3206 πανουργίᾳ,
2559 3134 2651 3186 καὶ
2696 3131 2838 3184 οῦτω
2868 3130 2967 3202 τὴν
2990 3128 3206 3198 ἀπάτην
3241 3127 3319 3189 εἰς
3341 3125 3502 3196 ἔργον
3531 3126 3759 3195 ἤγαγες,

2090 3222 2337 3293 ὀλεθρίαν
2374 3220 2681 3291 συμϐουλὴν
2717 3216 3051 3287 εἰσαγαγὼν,
3079 3214 3259 3268 καὶτὸ
3298 3213 3622 3285 δηλητήριον
3656 3210 3758 3264 αὑ⁹

2090 3313 2201 3373 τοῖς
2240 3308 2527 3378 φάρμακον
2555 3306 2813 3377 κεράσας·
2842 3304 3027 3376 ἐπειδὴ
3057 3302 3216 3356 τοῦτο
3244 3301 3502 3373 εἰργάσω,
3541 3299 3633 3352 καὶ⁵
3662 3298 3760 3369 τῆς

2092 3397 2231 3467 ἐμῆς
2257 3395 2467 3457 εὐνοίας
2491 3392 2740 3448 ἐκϐαλεῖν
2768 3391 3070 3463 ἠϐουλήθης
3093 3390 3219 3453 τοὺς
3240 3390 3329 3443 ὑπ’
3350 3386 3485 3458 ἐμοῦ
3510 3385 3758 3458 δημιουρ-

2091 3484 2379 3554 γηθέντας,
2430 3481 2913 3552 ὑπηρετησάμενος
2967 3481 3034 3550 τῇ
3085 3476 3179 3531 τοῦ
3223 3474 3462 3547 πονηροῦ
3510 3474 3761 3545 δαίμονος

2092 3570 2304 3642 γνώμῃ,
2346 3568 2438 3623 τοῦ
2472 3569 2558 3622 διὰ
2597 3568 2697 3641 τὴν
2742 3565 3037 3638 βασκανίαν
3069 3564 3162 3618 καὶ
3191 3562 3290 3635 τὴν
3320 3561 3761 3634 ὑπερϐάλλουσαν

2092 3658 2469 3732 ὑπερηφανίαν
2491 3660 2555 3711 ἐκ
2579 3657 2687 3710 τῶν
2707 3655 2952 3727 οὐρανῶν
2981 3655 3061 3718 είς
3082 3652 3179 3723 τὴν
3201 3653 3305 3724 γῆν
3326 3650 3758 3721 κατενεχθέντος

2091 3746 2178 3799 διά
2225 3745 2401 3807 τοῦτο,
2462 3742 2651 3814 ἐπειδὴ
2705 3743 2762 3796 ἐν
2809 3741 3020 3804 τούτοις
3061 3740 3276 3811 ὀργάνῳ
3331 3738 3417 3791 σοί
3469 3738 3762 3809 ἐχρήσατο,

2091 3832 2310 3902 διηνεκῆ
2343 3847 2425 3882 σοι
2454 3829 2551 3901 τὴν
2584 3828 2850 3900 τιμωρίαν
2882 3825 3186 3896 ἐπιτίθημι,
3225 3825 3311 3879 ἴνα
3339 3824 3427 3877 διὰ
3451 3824 3560 3876 τῶν
3594 3822 3672 3884 εἰς
3704 3820 3762 3873 σὲ

2091 3916 2399 3986 γενομένων
2446 3916 2475 3955 ι)
2516 3915 2767 3978 κάκεῖνος
2820 3914 3022 3967 εἰδέναι
3054 3912 3153 3985 ἔχῃ
3189 3912 3276 3965 οἵα
3314 3908 3559 3982 τιμωρία
3596 3906 3763 3961 αὑτὸν

2092 4004 2392 4074 ἐκδέχεται,
2441 4001 2595 4075 [145]
2643 4003 2739 4056 καὶ
2786 4003 2835 4055 οἰ
2881 4001 3006 4072 ἐξῆς
3058 3999 3334 4071 ἄνθρωποι
3376 3996 3760 4053 παιδεύωνται.

2095 4088 2293 4160 μηκέτι
2340 4086 2644 4155 ὑπάγεσθαι
2701 4088 2824 4150 ταῖς
2869 4084 3060 4138 τούτου
3102 4083 3453 4156 συμϐουλαῖς,
3486 4083 3619 4154 μηδὲ
3666 4080 3767 4152 τὴν

2090 4176 2307 4244 ἀπάτην
2338 4172 2680 4243 προσίεσθαι,
2713 4172 2800 4225 ἴνα
2830 4172 2905 4244 μὴ
2934 4172 3047 4235 τοῖς
3076 4172 3259 4234 αὐτοῖς
3281 4169 3642 4240 περιπέσωσι.
3666 4167 3763 4220 Διά

2091 4260 2246 4315 τοῦτο
2275 4261 2675 4329 ἐπικατάρατος
2710 4260 2775 4313 σὺ
2806 4259 2914 4312 ἀπὸ
2938 4259 3154 4312 πάντων
3182 4256 3290 4312 τῶν
3316 4256 3520 4328 θηρίων
3543 4265 3591 4319 ε,
3616 4257 3763 4308 ἐπει·

2089 4347 2157 4419 δὴ
2201 4347 2301 4400 οὐκ
2335 4348 2415 4407 εἰς
2451 4345 2567 4399 δέον
2600 4346 2820 4416 ἐχρήσω
2880 4347 2945 4414 τῇ
3001 4344 3284 4415 φρονήσει,
3342 4340 3479 4394 ἀλλά
3531 4340 3593 4393 τδ
3629 4356 3763 4411 προ-

2090 4435 2340 4507 τέρημα,
2366 4434 2502 4504 ὅπερ
2545 4428 2688 4503 εἶχες
2740 4431 2880 4503 ὑπὲρ
2911 4430 3128 4485 ἅπαντα
3182 4429 3250 4483 τὰ
3278 4427 3460 4500 θηρία,
3487 4426 3645 4480 τοῦτό
3683 4444 3766 4479 σοι

2090 4523 2277 4593 γέγονε
2324 4520 2429 4574 τῶν
2489 4519 2672 4574 κακῶν
2716 4519 2970 4575 ἁπάντων
3003 4519 3195 4573 αἴτιον.
3234 4517 3287 4568 Ὀ
3329 4516 3438 4586 γὰρ
3476 4515 3629 4584 δὲθίςο
3663 4531 3764 4584 (θ’θ’

2091 4612 2196 4674 σίν,
2223 4604 2302 4676 ἦν
2340 4606 2780 4677 φρονιμώτατος
2817 4605 3062 4659 πάντων
3084 4605 3204 4658 τῶν
3242 4598 3480 4672 κτηνῶν
3509 4602 3605 4656 καί
3648 4600 3767 4655 τῶν

2090 4697 2198 4761 θηρ
2212 4696 2309 4746 ’ων
2338 4690 2449 4759 τῆς
2478 4688 2607 4760 γῆς.
2651 4688 2748 4742 Διά
2773 4688 2931 4742 τοῦτο
2962 4688 3365 4757 ἐπικατάρατος
3406 4684 3469 4738 σὺ
3497 4684 3604 4739 ἀπὸ
3633 4684 3770 4738 πάνε

2087 4792 2194 4828 των
2256 4772 2365 4826 τῶν
2418 4771 2630 4842 κτηνῶν
2682 4770 2778 4823 καὶ
2833 4769 2942 4823 τῶν
3007 4769 3212 4841 θηρίων
3254 4768 3354 4838 τῆς
3387 4770 3487 4838 γῆς
3535 4768 3762 4840 γενήσῃ.

2100 4855 2240 4910 Ἀλλ’
2283 4853 2471 4925 ἐπειδὴ
2521 4852 2582 4906 τὸ
2629 4855 2729 4923 τῆς
2784 4851 3027 4923 κατάρας
3074 4851 3175 4905 οὐκ
3211 4845 3301 4921 ἦν.
3332 4847 3610 4919 αἰσθητὸν,
3645 4847 3767 4900 οὑδὲ

2088 4937 2385 5008 ὀφθαλμοῖς
2429 4934 2788 5005 φαινόμενον,
2833 4934 2921 4989 διά
2965 4933 3122 4988 τοῦτο
3176 4934 3270 4988 καὶ
3313 4929 3575 5002 αἰσθητὴν
3616 4930 3766 4999 αύτῷ

2088 5021 2358 5090 τιμωρίαν
2414 5018 2638 5087 ἐπάγει,
2694 5018 2785 5072 ἵνα
2837 5016 3101 5088 διηνεκῶς
3160 5013 3266 5086 1:96
3312 5014 3421 5067 τῶν
3475 5010 3767 5082 ὀφθαλμῶν

2090 5103 2301 5173 ἔχωμεν
2333 5101 2467 5172 ὀρᾷν
2491 5100 2591 5170 τῆς
2612 5100 2881 5171 τιμωρίας
2905 5097 3070 5152 αὑτοῦ
3102 5097 3171 5150 τά
3200 5098 3588 5168 ὑπομνήματα.
3632 5093 3771 5147 Ἐπί

2089 5184 2170 5251 τῷ
2220 5183 2429 5250 στήθει
2473 5183 2574 5237 καί
2608 5181 2683 5251 τῇ
2721 5181 2920 5247 κοιλίᾳ
2957 5180 3247 5249 πορεύσῃ,
3288 5178 3388 5235 καί
3435 5176 3556 5247 γῆν
3605 5175 3767 5245 φάγῃ
3804 5197 3812 5205 ·

2090 5266 2295 5331 πάσας
2322 5264 2430 5330 τὰς
2462 5263 2686 5333 ἡμέρας
2731 5260 2842 5331 τῆς
2886 5260 3036 5329 ζωῆς
3077 5275 3215 5315 σου·
3264 5259 3471 5331 ἐπειδὴ,
3520 5259 3674 5329 φησί,
3699 5259 3764 5327 τῇ

2089 5348 2377 5402 διαπλάσει
2408 5347 2468 5399 ού
2494 5345 2723 5408 δεόντως
2743 5345 2980 5416 ἐχρήσω,
3010 5343 3145 5396 ἀλλὰ
3180 5342 3273 5395 καὶ
3315 5344 3396 5405 εἰς
3430 5341 3657 5413 ὁμιλίαν
3675 5340 3767 5392 ἐλ-

2093 5427 2205 5481 θεῖν
2242 5427 2547 5496 ἐτόλμησας
2592 5425 2670 5495 τῷ
2718 5426 2817 5478 ὑπ’
2861 5423 2995 5494 ἐμοῦ
3049 5423 3510 5496 δημιουργηθέντι
3562 5418 3768 5492 λογικῷ

2093 5508 2238 5580 ζώῳ.
2290 5510 2561 5581 Καθάπερ
2583 5508 2763 5563 τοίνυν
2794 5508 2823 5560 6
2850 5505 3091 5568 διάϐολος
3134 5508 3162 5559 6
3190 5509 3492 5578 ἐνεργήσας
3530 5505 3619 5559 διὰ
3650 5503 3764 5568 σοῦ,

2093 5595 2189 5647 καὶ
2225 5592 2442 5665 ὀργάνῳ
2492 5592 2575 5646 σοὶ
2608 5591 2975 5662 χρησάμενος,
3020 5589 3214 5661 ἐπειδὴ
3245 5591 3385 5661 ὑπὲρ
3417 5590 3516 5661 τὴν
3556 5587 3765 5665 οἰκείαν

2098 5672 2253 5736 ἀξίαν
2280 5672 2574 5741 ἐφρόνησεν
2592 5669 2644 5735 ἀ,
2670 5672 2734 5722 ἐκ
2756 5670 2867 5724 τῶν
2883 5668 3129 5739 οὐρανῶν
3144 5670 3470 5742 κατηνέχθη·
3491 5667 3581 5720 τὸν
3601 5664 3762 5719 αὑτὸν

2158 5756 2359 5829 ξϐαξὶι.
2388 5761 2441 5805 et
2461 5757 2676 5829 qpldapl
2698 5769 2826 5829 ‘mss;
2857 5757 3195 5829 γεγενημένων.
3266 5758 3288 5786 ε
3314 5756 3412 5829 élii
3435 5755 3530 5801 τῶν
3573 5752 3765 5828 θηρίων,

2100 5818 2184 5878 alii
2228 5819 2325 5864 τῶν
2368 5814 2569 5875 κτηνῶν.
2611 5817 2731 5866 Ibid.
2793 5814 2995 5867 Coislin.
3028 5814 3356 5878 :_éx9130w.1i|
3406 5814 3761 5877 προσ-φωνήσει.

2104 5875 2132 5916 τι
2163 5877 2355 5935 Ἐπειδή
2378 5878 2436 5926 τὰ
2457 5879 2536 5925 ὑπ.
2560 5878 2629 5933 ἆε.
2657 5878 2757 5929 ἑφο.
2779 5879 2865 5927 τὴν
2887 5875 3182 5927 ἐουταῦζὲἱο
3209 5875 3403 5937 quidém
3442 5875 3556 5923 mss.

3644 214 3745 274 1ιῖ
3861 270 3877 282 _
