4144 6200
544 260 637 317 HI

550 388 667 429 rum
691 381 744 427 et
776 371 1050 426 mulierem
1083 387 1096 425 :
1128 368 1222 426 sed
1250 377 1463 439 accepta
1496 367 1563 423 ab
1590 367 1690 422 illis
1710 365 2038 428 defensione,
2074 364 2125 416 in

548 468 717 529 illum,
739 464 886 535 quasi
909 463 1168 518 malorum
1192 471 1488 527 auctorem,
1505 474 1565 516 se
1585 459 1864 516 convertit.
1898 458 1964 512 Et
1984 446 2128 527 quia,

550 566 728 626 utpote
758 557 919 621 Deus,
946 555 1031 610 eui
1060 554 1220 609 etiam
1248 567 1438 608 arcana
1471 560 1592 607 nota
1622 560 1766 617 sunt,
1793 549 1993 605 sciebat
2020 562 2136 603 ser-

552 657 764 717 pentem
793 646 1174 701 ministravisse
1192 644 1386 699 diaboli
1413 643 1617 699 insidiis
1642 652 1697 698 et
1717 640 1950 704 invidize',
1975 651 2133 709 quam

552 754 675 807 erga
708 738 975 793 hominem
1004 736 1338 802 exhibuerat,
1357 743 1411 789 nt
1430 734 1607 790 discas
1631 735 1796 805 ipsius
1819 731 2133 795 bonitatem,

554 827 844 898 quomodo,
871 842 1065 897 gnarus
1105 834 1303 893 tamen,
1334 826 1402 880 ad
1451 825 1617 880 Adam
1657 824 1870 895 quidem
1914 823 2008 890 ait,
2041 820 2140 875 Ubi

555 919 650 972 es?
689 918 816 985 Quis
853 917 1166 973 annuntiaoit
1192 917 1279 972 tibi
1304 916 1440 987 quod
1464 918 1628 971 nudus
1653 916 1721 971 sis
1741 915 1767 969 2
1810 915 1935 969 Eva:
1961 920 2138 969 autem

558 1008 742 1064 dixit:
776 1008 881 1064 Cur
905 1010 999 1062 hoc
1025 1007 1238 1078 fecisti?
1281 1008 1402 1063 huic
1447 1008 1601 1062 mala”:
1642 1006 1827 1062 bestiae
1866 1004 1997 1060 nihil
2037 1004 2142 1058 tale

558 1100 689 1156 dicit
715 1118 729 1167 ;
757 1100 851 1156 sed
877 1101 1046 1172 quid?
1073 1102 1160 1157 14.
1195 1100 1259 1155 Et
1285 1102 1414 1156 dixit
1445 1100 1693 1155 Dominus
1718 1099 1856 1155 Deus
1878 1107 2093 1169 serpenti
2122 1111 2141 1150 :

563 1192 697 1255 Quia
732 1192 893 1262 fecisti
930 1192 1041 1246 hoc.
1074 1191 1262 1247 Vidisti
1300 1191 1688 1248 dilI'erentiam?
1731 1190 1936 1246 Mulieri
1966 1189 2096 1245 dixit
2128 1206 2141 1243 :

563 1283 667 1338 Cur
711 1284 804 1338 hoc
851 1285 1048 1356 fecisti?
1093 1284 1341 1355 Set-petiti
1390 1294 1564 1340 autem
1598 1303 1613 1340 :
1647 1283 1780 1352 Quia
1825 1282 1989 1355 fecisti
2027 1282 2141 1335 hoc.

565 1376 697 1443 Quia
726 1375 828 1431 hoc
851 1376 1072 1443 malum,
1102 1377 1301 1447 inquit,
1332 1386 1580 1447 operatus
1605 1391 1665 1432 es
1685 1418 1699 1443 ,
1731 1376 1851 1446 quia
1881 1372 2146 1446 pernicio-

568 1480 685 1519 sum
710 1464 811 1521 hoc
834 1467 1112 1521 consilium
1150 1467 1421 1533 induxisti,
1450 1468 1573 1537 quia
1600 1466 1722 1521 huic
1743 1465 1952 1520 invidia:
1985 1465 2144 1519 mini-

568 1555 786 1620 strasti,
830 1556 952 1626 quia
1007 1556 1257 1612 invidiam
1310 1557 1496 1612 acuisti
1547 1556 1804 1612 adversus
1849 1562 2145 1611 creaturam

570 1659 766 1711 meam,
801 1644 1107 1701 Malcdictus
1145 1656 1199 1700 tu
1239 1662 1347 1717 pra:
1383 1646 1613 1702 omnibus
1648 1645 1929 1718 pecoribus,
1965 1654 2011 1699 et
2045 1660 2151 1714 pra:

567 1735 797 1789 onmibus
841 1736 1010 1790 bestiis
1051 1745 1216 1791 terrw.
1257 1736 1425 1808 Super
1452 1747 1625 1809 pectus
1657 1747 1799 1791 tuum
1842 1747 1888 1791 et
1933 1745 2150 1791 ventrem

568 1835 708 1880 tuum
727 1826 996 1898 gradieris,
1029 1838 1078 1882 et
1110 1838 1296 1883 terram
1330 1831 1557 1885 comedes
1589 1829 1816 1886 omnibus
1845 1828 2016 1884 diebus
2038 1828 2153 1883 vitta

570 1928 686 1973 tum.
719 1919 803 1975 15.
830 1918 897 1973 Et
918 1920 1210 1976 inimicitias
1232 1938 1416 1990 ponam
1436 1923 1567 1976 inter
1587 1931 1635 1977 te
1653 1931 1701 1977 et
1721 1922 1850 1975 inter
1869 1920 2149 1986 mulierem,

572 2020 619 2065 et
647 2011 777 2064 inter
803 2027 971 2066 semen
1002 2022 1141 2065 tuum
1167 2022 1212 2066 et
1239 2013 1367 2066 inter
1395 2029 1561 2067 semen
1584 2013 1742 2067 illius.
1779 2011 1904 2083 Ipse
1924 2011 2151 2066 observw

575 2098 644 2152 bit
666 2109 815 2168 caput
842 2108 1003 2168 tuum,
1032 2110 1078 2155 et
1107 2112 1159 2154 tu
1180 2101 1463 2156 obseruabis
1491 2104 1600 2172 ejus
1626 2103 1939 2157 calcaneum.

646 2184 697 2243 ϐ.
729 2188 990 2259 Serpentis
1010 2189 1286 2245 damnatio.
1307 2221 1379 2231 —
1395 2193 1644 2257 Attende,
1668 2208 1785 2257 oro,
1809 2192 1896 2247 hic
1915 2192 2156 2247 ordinem

577 2287 856 2333 contextus
884 2277 1142 2334 refertum
1181 2278 1277 2336 Dei
1314 2295 1437 2352 erga
1476 2280 1724 2336 homines
1764 2281 2155 2337 benevolentia.

578 2371 710 2426 Nam
739 2372 1070 2443 interrogans
1097 2388 1128 2428 a
1154 2374 1270 2430 viro
1316 2373 1534 2445 incepit,
1564 2374 1757 2431 deinde
1776 2374 1841 2430 ad
1883 2375 2158 2430 mulierem

581 2463 792 2518 transiit
837 2464 901 2519 Et
923 2475 1201 2536 postquam
1229 2466 1340 2535 ipsa
1370 2467 1522 2534 dixit,
1550 2468 1668 2538 quis
1693 2467 1792 2522 sibi
1822 2478 2007 2523 auctor
2033 2466 2160 2522 fuis-

578 2564 663 2611 set
692 2572 707 2609 :
739 2564 797 2610 ut
822 2565 1036 2612 ventum
1066 2566 1150 2613 est
1176 2558 1242 2612 ad
1272 2568 1604 2628 serpentem,
1633 2573 1737 2614 non
1760 2559 1872 2629 jam
1902 2560 2051 2614 illum
2077 2558 2162 2614 di-

579 2658 791 2717 gnatur,
817 2656 877 2703 ut
903 2663 1217 2718 responsum
1243 2665 1309 2706 ex
1331 2665 1398 2706 eo
1421 2652 1619 2716 audiat,
1639 2650 1733 2706 sed
1759 2666 1969 2721 poenam
1992 2652 2165 2707 inten-

583 2746 680 2805 tat,
707 2748 762 2795 et
791 2740 949 2796 talem
976 2756 1094 2811 quae
1120 2741 1174 2796 in
1199 2756 1360 2797 omne
1396 2751 1604 2812 tempus
1631 2743 1970 2812 extendatur,
1999 2750 2053 2799 et
2081 2743 2162 2797 sui

582 2832 887 2901 spectaculo
924 2834 1170 2889 omnibus
1212 2834 1432 2903 posthac
1472 2834 1664 2891 futuris
1703 2835 1943 2892 doctrina
1978 2836 2067 2901 sit,
2095 2850 2164 2892 ne

582 2922 719 2976 ultra
749 2923 1001 2992 pestilens
1038 2923 1168 2980 illud
1208 2925 1451 2980 audiatur
1475 2926 1778 2992 consilium,
1810 2943 1982 2998 neque
2018 2927 2165 2983 locus

583 3015 905 3070 concedatur
934 3013 1134 3072 dolosis
1166 3016 1333 3087 ipsius
1370 3017 1597 3074 insidiis.
1644 3018 1748 3075 Sed
1794 3019 1931 3074 forte
1972 3019 2167 3075 dixerit

584 3104 774 3174 aliquis
805 3123 818 3160 :
845 3105 977 3161 Cum
1006 3106 1249 3164 diabolus
1275 3111 1538 3181 serpentis
1574 3125 1736 3182 opera
1771 3125 1928 3177 usus,
1970 3111 2166 3166 malum

586 3196 824 3252 attulerit
850 3199 1129 3254 consilium
1154 3240 1169 3263 ,
1209 3215 1306 3256 cur
1342 3201 1527 3259 bestia:
1568 3201 1645 3257 illi
1686 3217 1844 3272 pmna
1875 3199 2168 3272 inﬂigitur?

587 3288 682 3345 Est
704 3299 759 3347 et
785 3290 886 3347 hoc
908 3291 1190 3349 incll'abilis
1211 3294 1550 3365 benignitatis
1576 3295 1666 3350 Dei
1693 3310 1846 3365 opus.
1874 3292 2004 3349 Nam
2035 3294 2171 3348 sicut

586 3384 984 3439 amantissimus
1007 3393 1159 3455 pater
1188 3386 1413 3455 puniens
1441 3402 1565 3442 eum
1593 3388 1681 3456 qui
1711 3386 1874 3440 lilium
1903 3400 2054 3440 suum
2077 3398 2170 3439 oc-

586 3471 795 3538 ciderit,
821 3481 876 3527 et
896 3472 1124 3543 gladium
1151 3482 1205 3529 et
1229 3490 1433 3539 ensem,
1459 3491 1555 3544 per
1576 3490 1733 3545 quem
1764 3475 1901 3527 [ilius
1924 3487 2051 3528 suus
2081 3486 2174 3526 oc-

588 3562 749 3627 cisus,
774 3561 1018 3628 destruit,
1041 3574 1095 3617 et
1119 3564 1171 3617 in
1195 3564 1391 3617 multas
1408 3573 1587 3634 partes
1608 3561 1921 3617 comminuit
1946 3578 1959 3614 :
1982 3561 2172 3614 eodem

593 3654 751 3707 modo
796 3653 934 3709 Deus
964 3655 1103 3722 egit;
1149 3654 1272 3723 quia
1298 3668 1520 3723 serpens
1544 3652 1692 3723 quasi
1727 3651 1932 3722 gladius
1960 3650 2172 3720 quidam

593 3742 792 3798 diaboli
818 3742 1037 3797 servivit
1059 3743 1296 3807 malitire,
1326 3751 1633 3812 perpetuam
1663 3741 1759 3811 ipsi
1793 3754 2003 3811 pmnant
2032 3738 2173 3795 inlli-

595 3834 691 3901 git,
718 3843 777 3888 ut
805 3848 901 3903 per
922 3832 1025 3888 hoc
1046 3832 1187 3904 quod
1213 3835 1313 3889 sub
1337 3848 1550 3889 sensum
1576 3842 1631 3890 et
1656 3834 1754 3889 sub
1779 3842 2052 3905 aspectum
2080 3848 2174 3888 ca-

595 3924 694 3989 dit,
738 3923 1095 3994 intelligamus
1137 3925 1187 3979 in
1227 3933 1421 3996 quanta
1468 3925 1589 3995 igno
1614 3925 1753 3979 ninia
1800 3924 1867 3979 sit
1908 3924 2171 3979 diabolus.

597 4012 728 4068 Nam
768 4013 813 4068 si
855 4012 900 4068 is
944 4013 1031 4084 qui
1073 4022 1128 4069 ut
1166 4015 1573 4071 instrumentum
1613 4014 1950 4082 ministravit,
1980 4023 2175 4069 tantam

596 4113 846 4173 expertus
870 4114 950 4159 est
979 4103 1390 4175 indignationem
1413 4148 1426 4170 ,
1458 4106 1616 4176 quale
1647 4106 1962 4177 supplicium
1987 4103 2177 4159 verisi-

598 4193 722 4248 mile
762 4200 844 4249 cst
881 4204 1250 4265 suscepturum
1285 4196 1589 4251 diabolum?
1633 4197 1745 4253 lino
1788 4197 1891 4254 hoc
1928 4211 2026 4253 nos
2066 4196 2176 4267 jam

594 4281 772 4339 docuit
794 4284 846 4338 in
869 4284 1062 4356 divinis
1090 4287 1378 4357 evangeliis
1403 4286 1647 4343 Christus
1669 4288 1853 4345 dicens
1879 4287 1945 4343 ad
1973 4303 2067 4344 eos
2089 4287 2179 4357 qui

596 4390 627 4431 a
655 4376 868 4433 sinistra
897 4389 1023 4434 sunt
1050 4381 1319 4435 constituti
1350 4398 1364 4435 :
1392 4378 1649 4436 Discedite
1680 4398 1713 4435 a
1747 4399 1825 4436 nte
1848 4381 2101 4436 maledicti
2127 4380 2180 4433 in

598 4469 764 4539 ignem
800 4478 1069 4539 retentum,
1099 4472 1185 4542 qui
1217 4483 1533 4542 prwparatus
1566 4482 1639 4528 est
1674 4473 1874 4528 diabolo
1907 4482 1953 4528 et
1991 4472 2182 4543 angelis

599 4563 708 4630 ejus
738 4559 950 4631 (Matth.
977 4560 1065 4617 25.
1084 4563 1197 4633 41).
1227 4562 1303 4617 Illi
1326 4565 1467 4620 enim
1489 4564 1614 4619 olim
1638 4573 1964 4634 prteparatus
1993 4571 2074 4619 est
2103 4564 2182 4619 iu-

600 4651 990 4724 exstinguihilis
1018 4653 1105 4708 ille
1131 4654 1287 4726 ignis.
1325 4654 1462 4722 Quid
1490 4671 1617 4727 ergo
1646 4656 1890 4711 miserius
1921 4656 2025 4711 illis
2046 4697 2060 4721 ,
2091 4656 2179 4726 qui

602 4742 916 4814 negligendo
962 4744 1183 4801 salutem
1223 4762 1372 4802 suam
1416 4747 1622 4816 scipsos
1664 4747 1924 4817 supplicio
1968 4747 2040 4801 illi
2085 4747 2182 4801 ob-

603 4835 791 4888 noxios
817 4834 1070 4904 reddunt,
1098 4837 1239 4906 quod
1275 4837 1486 4893 diabolo
1511 4849 1862 4908 praeparatum
1892 4837 2014 4893 est?
2051 4836 2181 4892 Nam

604 4927 742 4991 quod
767 4927 916 4983 nobis
941 4967 956 4993 ,
983 4928 1027 4982 si
1059 4930 1382 4985 voluerimus
1408 4930 1658 4984 virtutem
1685 4929 1995 4999 amplexari,
2026 4937 2081 4983 et
2104 4928 2182 4983 le-

603 5034 697 5090 ges
712 5034 741 5074 a
759 5019 973 5076 Christo
992 5031 1215 5079 statutas
1229 5025 1398 5094 sequi,
1418 5032 1656 5093 puraluttl
1674 5023 1995 5093 sitiregnum,
2016 5025 2183 5092 ipsum

601 5112 725 5167 audi
749 5111 1049 5185 loquentem
1082 5140 1094 5175 :
1130 5117 1319 5185 Venite,
1349 5119 1592 5173 benedicti
1614 5116 1786 5172 Putris
1810 5119 1925 5184 mei,
1948 5118 1999 5171 in
2021 5118 2185 5171 luere-

598 5207 814 5261 ditatem
850 5211 1061 5280 accipite
1087 5229 1296 5282 regnum
1320 5255 1334 5279 ,
1365 5215 1500 5283 quod
1532 5212 1668 5266 vobis
1693 5221 2031 5283 praeparatum
2054 5217 2127 5263 est
2155 5227 2187 5263 a

607 5298 959 5357 constitutione
988 5304 1161 5356 mundi
1202 5294 1436 5374 (Ibidfv.
1466 5304 1576 5373 54).
1609 5303 1795 5358 Vidisti
1822 5302 1895 5356 illi
1926 5301 2179 5356 inexstino

609 5388 857 5458 guihilem
885 5392 1057 5462 ignem
1089 5403 1437 5465 prmparatunt
1457 5435 1474 5462 ,
1505 5394 1656 5450 nobis
1686 5404 1861 5448 autem
1883 5434 1897 5459 ,
1925 5394 2022 5448 nisi
2050 5392 2189 5447 desi-

613 5484 708 5540 des
751 5485 1024 5553 fuerimus,
1055 5487 1316 5558 regnum?
1361 5488 1485 5543 Ilmc
1525 5488 1682 5557 igitur
1725 5487 2039 5557 cogitantes,
2071 5483 2189 5538 vitae

610 5587 810 5632 nostra:
837 5576 1019 5632 auram
1049 5595 1297 5651 agamus,
1336 5589 1390 5635 et
1424 5579 1676 5634 malitiam
1716 5575 1997 5646 fugientes,
2030 5592 2187 5630 num-

616 5684 772 5739 quam
804 5669 1077 5726 diabolicis
1111 5671 1312 5728 artibus
1341 5671 1685 5742 decipiantur.
1724 5667 1790 5723 At
1821 5668 1863 5723 si
1891 5674 1943 5722 et
1969 5683 2063 5723 vos
2093 5681 2185 5722 vo-

1638 248 1703 308 IN
1743 251 1889 307 CAP.
1922 247 2009 303 Ill.
2052 244 2292 303 GENES‘.
2337 244 2560 303 IIOMIL
2603 246 2763 307 XVII.

3722 246 3822 303 li!

2238 362 2461 431 lneritis,
2493 376 2544 419 cl
2578 364 2809 419 nondum
2840 365 2962 420 fessi
2994 366 3140 434 estis,
3170 348 3360 420 iterum
3393 348 3452 420 ini
3476 363 3708 419 medium
3736 368 3818 419 at-

2239 458 2465 512 ieramus
2492 471 2701 526 pmnam
2731 474 2849 527 qua:
2874 458 3106 527 serpenti
3138 457 3332 512 inllirta
3358 466 3459 523 est,
3484 466 3541 510 ut
3567 455 3817 526 paulatim

2237 549 2304 603 ad
2344 549 2501 605 linem
2546 549 2728 620 jndieii
2775 558 3138 619 properantes,
3173 548 3449 604 videamus
3470 544 3677 603 divinat
3714 548 3821 603 cle-

2240 642 2452 697 mentia:
2479 640 2916 711 magnitudinem.
2958 639 3088 695 Nam
3134 640 3177 694 si
3218 639 3461 695 homines
3487 638 3716 709 judicent
3739 636 3821 691 vi-

2240 735 2427 790 dentes
2457 732 2667 805 publice
2692 732 2988 797 sedentem,
3017 742 3067 788 et
3116 740 3300 787 contra
3342 745 3465 787 reos
3508 728 3823 785 sententiam

2242 828 2670 897 pronuntiantem
2693 866 2709 893 ,
2749 840 2893 895 stupe
2924 833 3035 879 toto
3063 822 3148 880 dic
3186 823 3257 879 ibi
3298 831 3535 891 manent,
3566 836 3664 877 nec
3702 820 3827 876 inde

2241 917 2556 984 abscedunt,
2582 916 2752 972 donec
2776 915 3073 971 surrexisse
3098 912 3329 969 viderint
3353 912 3586 983 judicctn
3619 931 3630 966 :
3662 912 3829 966 multo

2246 1009 2415 1079 magis
2437 1024 2579 1064 nunc
2607 1022 2704 1064 nos
2731 1007 2939 1064 decebit
2956 1006 3188 1077 iudicem
3212 1005 3398 1075 majori
3420 1019 3541 1060 cum
3558 1004 3833 1059 alacritate

2249 1100 2432 1156 videre
2458 1100 2654 1157 bonum
2685 1101 2847 1157 Deum
2866 1142 2882 1165 ,
2915 1099 3179 1171 quomodo
3205 1099 3435 1168 serpenti
3464 1113 3678 1170 gravem
3722 1094 3834 1167 poe-

2248 1207 2370 1247 nam
2396 1191 2727 1262 imposuerit,
2752 1202 2810 1248 ut
2832 1207 2928 1262 per
2946 1191 3214 1248 sensibilis
3234 1188 3391 1261 hujus
3418 1190 3599 1245 bestia:
3622 1185 3828 1259 pinnas,

2249 1300 2350 1356 qua
2381 1284 2524 1341 velut
2549 1299 2749 1356 organo
2794 1298 2920 1340 usus
2956 1293 3040 1340 est
3073 1283 3337 1353 malignus
3362 1282 3450 1337 ille
3472 1281 3680 1336 daemon
3704 1322 3717 1345 ,
3751 1282 3836 1334 in-

2252 1380 2549 1451 telligamus
2568 1421 2582 1445 ,
2611 1394 2742 1450 quas
2769 1378 2842 1433 illi
2872 1392 3053 1448 poenas
3081 1378 3131 1431 in
3161 1374 3339 1431 futuro
3378 1374 3572 1430 sa-culo
3604 1373 3838 1428 inﬂictu-

2252 1485 2345 1526 rus
2371 1472 2441 1525 sit
2466 1490 2481 1526 :
2505 1470 2772 1541 quomodo
2802 1470 2926 1524 item
2951 1465 3279 1523 misericordi
3308 1465 3643 1534 correptione
3668 1464 3838 1518 virum

2254 1570 2307 1617 et
2336 1542 2886 1631 mulierem‘castigct,
2911 1575 3028 1629 quae
3055 1556 3348 1613 admonitio
3379 1555 3554 1627 potius
3585 1556 3647 1610 sit
3682 1570 3839 1626 quam

2256 1652 2462 1723 punitio
2493 1669 2506 1707 :
2537 1663 2594 1708 ut
2632 1651 2716 1706 bis
2742 1652 2990 1706 omnibus
3018 1649 3297 1720 diligenter
3318 1646 3721 1713 animadversis,
3749 1646 3844 1699 ad-

2255 1745 2511 1801 miremur
2539 1744 2818 1800 clemcntis
2845 1742 2936 1799 Dei
2965 1741 3349 1813 providentiam
3372 1781 3387 1808 ,
3415 1754 3571 1810 quam
3599 1739 3689 1794 ille
3717 1752 3842 1808 erga

2257 1847 2492 1893 nostram
2538 1845 2780 1891 naturam
2821 1834 3055 1890 exhibet.
3084 1831 3219 1901 Quid
3249 1847 3377 1903 ergo
3403 1830 3475 1885 illi
3507 1828 3746 1886 dictum?
3780 1829 3844 1882 lit

2258 1929 2387 1983 dixit
2412 1928 2659 1983 Dominus
2684 1927 2819 1982 Deus
2843 1925 3060 1996 serpenti
3089 1941 3108 1978 :
3146 1923 3279 1989 Quia
3303 1922 3466 1995 fecisti
3494 1920 3605 1986 hoc,
3635 1920 3849 1973 mulcdi-
3876 1929 3884 1939 ‘
3943 1976 3955 1986 _

2260 2030 2370 2074 ctus
2407 2030 2460 2073 tu
2499 2034 2605 2087 pra:
2630 2017 2860 2072 omnibus
2892 2016 3173 2086 pecoribus,
3199 2023 3243 2068 et
3284 2027 3391 2083 pro:
3420 2012 3648 2065 omnibus
3681 2010 3848 2062 bestiis

2261 2128 2373 2182 qua:
2400 2120 2515 2166 sunt
2543 2126 2694 2180 super
2719 2120 2922 2163 terram.
2957 2108 3123 2178 Super
3157 2114 3328 2177 pectus
3364 2113 3506 2157 tuum
3545 2113 3590 2156 et
3624 2110 3847 2155 ventrem

2264 2215 2403 2258 tuum
2430 2201 2696 2274 gradieris,
2729 2212 2774 2255 et
2814 2210 3000 2254 terram
3035 2198 3264 2252 comedes
3291 2194 3519 2251 omnibus
3541 2192 3714 2247 diebus
3737 2193 3851 2246 vita:

2264 2304 2382 2349 tute.
2427 2292 2495 2348 Et
2531 2292 2820 2346 inimicitias
2853 2305 3039 2362 ponam
3068 2289 3197 2343 inter
3222 2295 3268 2341 te
3286 2294 3334 2340 et
3355 2287 3482 2339 inter
3501 2283 3780 2342 mulierem,
3804 2292 3850 2335 et

2267 2388 2396 2441 inter
2433 2401 2600 2440 semen
2635 2393 2778 2437 tuum
2813 2391 2857 2437 et
2895 2396 3064 2435 semen
3103 2380 3232 2450 ejus.
3266 2374 3386 2445 Ipse
3409 2385 3551 2429 tuum
3575 2371 3852 2428 observabit

2265 2485 2437 2546 caput,
2460 2484 2506 2529 α
2528 2484 2579 2528 tu
2605 2472 2889 2529 observabis
2908 2471 3019 2542 ejus
3042 2470 3356 2524 calcaneum.

2338 2570 2390 2623 7.
2440 2567 2628 2623 Gravis
2673 2574 2725 2621 ct
2767 2563 3057 2619 vehemens
3104 2558 3398 2631 indignatio
3444 2575 3457 2612 :
3496 2556 3618 2628 quia
3663 2567 3852 2624 magna

2268 2660 2427 2716 etiam
2458 2668 2511 2715 et
2557 2658 2743 2727 ingens
2784 2654 3048 2725 deceptio,
3097 2666 3255 2723 quam
3289 2664 3383 2720 per
3412 2649 3561 2704 illum
3587 2646 3853 2727 malignus

2267 2752 2476 2807 daemon
2524 2726 2720 2805 intulit.
2754 2747 2818 2802 Et
2844 2745 2973 2801 dixit
3001 2744 3246 2799 Dominus
3272 2741 3409 2796 Deus
3436 2740 3654 2810 serpenti
3679 2754 3697 2792 :
3725 2726 3858 2803 Qtiia

2271 2841 2432 2913 fecisti
2459 2840 2572 2893 hoc.
2616 2837 2748 2907 Quia
2788 2834 3138 2913 tali,_'inquit,
3186 2830 3408 2889 malitia:
3434 2828 3769 2896 ministrasti,
3800 2837 3859 2882 ut

2272 2911 2418 2987 I'raus
2463 2930 2550 2985 illa
2598 2943 2761 2999 apere
2780 2911 3155 2996 compleretur,
3200 2923 3397 2978 malum
3423 2921 3701 2977 consilium
3728 2918 3857 2972 alle-

2274 3021 2459 3089 rendo,
2504 3030 2557 3076 et
2602 3018 2760 3074 letale
2790 3016 3035 3087 poculum
3068 3012 3445 3085 temperando;
3473 3011 3593 3082 quia
3624 3009 3698 3064 sic
3728 3006 3860 3062 feci-

2271 3118 2362 3185 sti,
2386 3125 2439 3171 et
2462 3130 2494 3171 a
2523 3130 2641 3170 mea
2667 3110 3035 3169 benevolentia
3055 3108 3341 3165 excludere
3359 3104 3566 3160 voluisti
3589 3111 3862 3158 creaturas

2275 3224 2441 3276 meas,
2489 3206 2786 3264 ministerio
2832 3203 3048 3274 maligni
3098 3199 3358 3257 dmmonis
3402 3196 3681 3253 sententia:
3706 3192 3853 3250 exhi-

2274 3301 2409 3365 bito,
2440 3299 2528 3371 qui
2558 3299 2627 3354 oh
2654 3297 2901 3353 invidiam
2929 3305 2984 3351 et
3014 3296 3283 3363 ingentem
3311 3288 3613 3360 superbiam
3652 3299 3800 3340 suam
3832 3299 3863 3337 e

2277 3390 2422 3445 cmlis
2449 3391 2500 3443 in
2531 3397 2726 3443 terram
2750 3386 2987 3456 dejectus
3016 3392 3098 3438 est
3128 3400 3140 3436 :
3166 3387 3447 3450 propterea
3473 3377 3592 3446 quia
3625 3384 3675 3429 te
3700 3375 3752 3427 in
3779 3371 3864 3426 his

2277 3488 2336 3534 ut
2361 3480 2713 3533 instrumento
2760 3484 2843 3531 est
2884 3488 3033 3538 usus,
3059 3479 3369 3541 perpetuam
3397 3465 3490 3521 tibi
3520 3479 3728 3534 pennam
3758 3463 3863 3516 int-

2281 3584 2442 3641 pono,
2492 3577 2551 3623 ut
2587 3583 2683 3638 per
2727 3580 2812 3632 ea,
2857 3579 2975 3635 quae
3020 3562 3111 3617 tibi
3155 3561 3474 3625 inferuntur,
3515 3564 3570 3611 et
3609 3556 3699 3611 ille
3727 3555 3867 3610 scine

2283 3658 2469 3729 possit,
2498 3654 2765 3727 quodnam
2806 3654 2978 3724 ipsum
3020 3657 3232 3706 maneat
3255 3646 3596 3719 supplicium,
3629 3654 3680 3699 et
3705 3643 3867 3698 futuri

2285 3751 2527 3806 homines
2553 3746 2880 3812 erudiuntur,
2922 3758 2990 3799 ne
3014 3742 3338 3798 sedneantur
3373 3735 3571 3795 diaboli
3607 3734 3864 3799 consiliis,

2284 3858 2456 3915 neque
2487 3841 2629 3897 illius
2668 3837 2881 3894 fraudes
2912 3836 3213 3901 admittant,
3241 3841 3299 3889 ut
3324 3846 3391 3888 ne
3418 3831 3469 3885 in
3496 3828 3709 3884 easdem
3739 3826 3869 3881 inci-

2282 3938 2409 3994 dant
2450 3951 2653 4008 poenas.
2701 3934 2988 4003 Propterea
3016 3928 3327 3984 maledictus
3346 3941 3405 3982 es
3435 3934 3489 3980 tu
3517 3924 3655 3979 inter
3681 3934 3869 3976 omnes

2283 4031 2501 4096 beSIias,
2548 4027 2669 4098 quia
2695 4024 3015 4081 calliditale‘
3036 4021 3172 4076 male
3196 4028 3250 4075 et
3281 4034 3387 4074 non
3419 4023 3476 4072 ut
3503 4011 3784 4086 oportebat
3810 4026 3870 4068 es

2286 4137 2434 4187 usus,
2466 4118 2559 4174 sed
2588 4115 2920 4188 privilegium
2965 4111 3109 4184 quod
3151 4125 3312 4181 super
3355 4107 3529 4164 omnia
3579 4104 3869 4161 animantia

2285 4210 2617 4285 possidebas,
2648 4206 2749 4264 hoc
2777 4206 2872 4262 tibi
2901 4207 2953 4260 in
2983 4203 3220 4260 omnium
3246 4201 3506 4256 malorum
3527 4196 3690 4253 cessit
3711 4209 3869 4250 occa-

2284 4308 2513 4363 sionem.
2559 4302 2734 4373 Inquit
2781 4299 2926 4356 enim
2975 4317 2988 4353 :
3051 4297 3272 4365 Serpens
3323 4301 3430 4347 erat
3477 4288 3875 4362 prudentissima

2285 4397 2509 4454 omnium
2534 4393 2822 4458 bestiarum,
2850 4406 2963 4454 quae
2984 4397 3125 4444 erant
3162 4390 3314 4459 super
3351 4394 3557 4439 terram.
3585 4380 3870 4451 Propterea

2290 4489 2601 4547 maledictus
2628 4495 2685 4541 tu
2733 4485 2871 4539 inter
2896 4482 3073 4537 omnia
3118 4478 3357 4555 iumenta
3381 4483 3435 4532 et
3460 4488 3645 4531 omnes
3672 4470 3872 4527 bestias

2290 4593 2446 4638 terrae
2494 4579 2704 4634 futurus
2733 4590 2811 4631 es.
2841 4572 2908 4628 Et
2933 4570 3055 4643 quia
3086 4567 3386 4624 maledictio
3416 4579 3522 4619 non
3558 4572 3673 4618 erat
3697 4559 3872 4615 sensi-

2288 4676 2428 4741 bilis,
2462 4685 2634 4742 neque
2674 4667 2842 4724 oculis
2867 4647 3290 4732 videri'poterat,
3321 4665 3538 4727 propter
3571 4653 3673 4707 hoc
3697 4649 3873 4742 sensi-

2290 4768 2448 4822 biletn
2490 4740 2561 4818 illi
2603 4774 2813 4831 poenam
2842 4756 3022 4822 infert,
3060 4760 3118 4806 ut
3146 4748 3400 4805 continuo
3425 4753 3548 4800 ante
3577 4742 3763 4798 oculos
3792 4740 3873 4795 vi-

2290 4861 2418 4912 dere
2446 4853 2710 4925 possimus
2736 4845 2975 4920 supplicii
2999 4844 3116 4912 ejus
3146 4839 3489 4896 monimenta.
3514 4834 3683 4907 Super
3704 4841 3877 4901 pectus

2293 4958 2341 5003 et
2382 4921 2532 5016 super
2560 4950 2777 4997 ventrem
2805 4935 3071 5010 gradieris,
3115 4941 3162 4987 et
3184 4942 3368 4985 terram
3392 4926 3616 4982 comedas
3644 4921 3875 4978 omnibus

2291 5015 2464 5093 diebus
2492 5036 2606 5090 uiue
2625 5042 2725 5087 tua:
2746 5047 2765 5085 :
2793 5029 2915 5101 quia
2937 5027 3105 5083 forma
3129 5034 3215 5080 tua
3240 5022 3435 5078 abusus
3459 5032 3536 5085 es,
3563 5025 3619 5072 et
3643 5017 3694 5072 in
3722 5015 3876 5069 lami-

2294 5132 2575 5186 liaritatem
2620 5123 2897 5181 rationalis
2939 5120 3184 5175 animalis
3227 5132 3257 5170 a
3305 5130 3391 5170 me
3444 5109 3647 5168 conditi
3686 5106 3875 5163 venire

2295 5238 2401 5279 non
2425 5218 2741 5276 fortnidasti.
2769 5216 2917 5273 Sicut
2944 5213 3104 5284 igitur
3127 5207 3388 5273 diabolus,
3429 5201 3517 5274 qui
3543 5216 3637 5272 per
3662 5208 3713 5255 te
3740 5213 3876 5268 ope-

2297 5328 2461 5383 ratus,
2505 5323 2562 5371 et
2604 5322 2657 5369 te
2699 5311 3053 5366 instrmnento
3096 5316 3223 5356 usus
3252 5307 3352 5365 est,
3399 5294 3598 5352 ecaelis
3621 5291 3873 5348 deorsum

2297 5409 2547 5482 depulsus
2593 5410 2691 5466 est,
2745 5399 2866 5471 quia
2915 5396 3037 5467 plus
3081 5406 3239 5463 quam
3279 5386 3546 5460 dignitatis
3594 5400 3705 5441 sum
3739 5386 3872 5439 erat,

2297 5476 2481 5571 sapere
2516 5496 2725 5550 volebat
2755 5509 2767 5546 :
2802 5491 2872 5545 ita
2911 5485 3155 5543 similiter
3198 5483 3419 5551 impero,
3458 5486 3516 5533 ut
3554 5485 3607 5532 et
3632 5483 3686 5530 ttt
3723 5476 3875 5531 aliam

2368 5672 2384 5705 ι
2413 5668 2773 5729 Coisliu.,roce,
2800 5677 2904 5728 pro,
2929 5658 3227 5723 calliditate;
3251 5670 3344 5709 non
3379 5654 3522 5707 male.
3583 5643 3588 5646 ’
