4122 6204
373 229 473 284 ιω

370 347 699 402 turmationis
742 348 961 418 ﬁguram
1005 343 1237 408 habeas;
1275 353 1332 400 et
1353 359 1513 415 super
1541 353 1736 400 terram
1767 361 1945 416 repas,

369 454 540 509 eaque
563 439 756 502 alaris;
783 447 942 507 atque
969 435 1104 490 adeo
1131 450 1199 491 ne
1224 436 1377 490 liceat
1409 436 1500 491 tibi
1528 436 1750 506 posthac
1773 438 1950 506 suspi-

369 545 514 593 cere,
555 528 648 583 sed
689 541 900 595 semper
945 525 998 579 iu
1048 526 1150 582 hoc
1187 541 1404 582 maneas
1446 536 1606 592 statu,
1637 537 1692 582 et
1715 527 1860 582 solus
1885 543 1950 583 ex

368 620 689 674 animalibus
711 627 850 672 terra
882 618 1151 688 pascaris;
1175 627 1231 674 et
1252 633 1425 689 neque
1459 618 1560 674 hoc
1585 619 1795 673 solum:
1826 634 1951 674 nam

375 709 444 763 Et
459 710 748 764 inimicitias
771 725 956 777 ponam
989 709 1118 763 inter
1145 720 1191 764 te
1209 719 1256 764 et
1283 711 1412 763 inter
1424 707 1702 774 mulierem,
1729 710 1950 764 interse-

368 817 480 854 men
502 809 641 853 tuum
660 807 706 853 et
726 815 891 854 semen
912 801 1041 870 ejus.
1063 799 1241 870 Neque
1261 799 1360 854 hoc
1374 807 1650 854 contentus
1669 814 1782 863 ero,
1810 799 1951 869 quod

365 905 524 959 super
575 898 770 944 terram
819 899 1030 959 reptes,
1081 891 1176 946 sed
1220 900 1275 946 et
1321 891 1588 945 inimicam
1634 889 1951 960 hederisque

366 981 598 1035 nesciam
643 981 829 1036 laciam
881 981 970 1036 tibi
1019 982 1297 1036 mulierem
1337 995 1553 1053 :neque
1595 996 1714 1035 eam
1759 981 1949 1049 solam,

364 1073 456 1129 sed
496 1083 551 1129 et
591 1089 776 1130 semen
805 1075 922 1144 ejus
964 1075 1153 1130 semini
1186 1084 1276 1130 tuo
1303 1077 1510 1132 hostem
1538 1086 1847 1146 perpetuum
1877 1076 1952 1130 fa-

363 1163 520 1217 ciam.
556 1162 582 1216 1
589 1181 678 1234 pse
704 1174 843 1217 tuum
868 1166 1144 1219 observabit
1164 1176 1338 1237 caput,
1381 1176 1429 1220 et
1454 1176 1509 1220 tu
1535 1168 1644 1236 ejus
1673 1166 1950 1221 observabis

367 1254 674 1307 eateaneum.
728 1255 954 1309 Tantum
1001 1256 1142 1311 enim
1196 1257 1268 1311 illi
1315 1258 1478 1312 robur
1521 1257 1842 1325 concedam,
1892 1267 1950 1311 ut

363 1345 618 1400 continuo
666 1346 935 1402 incumbat
978 1346 1136 1416 capiti
1183 1358 1293 1415 tuo,
1327 1359 1379 1404 te
1424 1359 1602 1405 autem
1639 1350 1824 1404 faciam
1850 1351 1950 1404 sub

365 1435 584 1502 pedibus
627 1438 742 1506 ejus
784 1438 986 1508 jacere.
1030 1439 1287 1504 Vidchic,
1334 1440 1544 1506 dilecte,
1594 1456 1690 1511 per
1734 1456 1948 1510 poenam

367 1528 486 1584 huic
514 1529 700 1585 bestia:
725 1529 1053 1599 deputatam,
1082 1543 1333 1602 quantam
1360 1532 1577 1588 humani
1619 1534 1831 1604 generis
1857 1548 1948 1589 cu-

365 1633 476 1673 ram
506 1615 1030 1676 uobisdemoustret.
1055 1621 1123 1676 Et
1152 1622 1252 1678 hoc
1281 1622 1495 1692 quidem
1525 1623 1593 1677 de
1623 1624 1810 1678 visibili
1834 1639 1950 1678 ser-

367 1720 523 1781 pentc
551 1728 565 1766 :
598 1712 719 1766 licet
767 1723 944 1768 autem
974 1714 1169 1769 volenti
1217 1724 1402 1784 postea
1448 1715 1788 1771 considerare
1811 1717 1946 1771 scri-

368 1811 576 1870 ptorum
607 1803 823 1871 Scriem,
845 1811 899 1858 et
923 1819 1247 1874 cognoscere
1273 1805 1315 1858 si
1339 1805 1406 1860 de
1435 1805 1672 1860 sensibili
1700 1814 1948 1874 serpente

364 1892 481 1948 haec
519 1893 661 1949 dicta
692 1907 834 1958 sunt,
878 1896 1044 1950 multo
1074 1897 1241 1967 magis
1267 1897 1572 1968 accipienda
1603 1913 1724 1954 esse
1749 1897 1817 1953 de
1840 1898 1948 1969 spi-

364 1986 538 2043 rituali
592 1998 861 2056 serpente.
911 1987 1120 2044 Etenim
1165 1997 1220 2044 et
1272 1990 1422 2045 illum
1479 1990 1702 2061 pedibus
1750 1990 1948 2047 nostris

1109 231 1165 289 s.
1200 229 1478 288 JOANNIS
1513 230 1985 295 cunvsos'rout
2019 233 2336 302 ABClllEP.
2374 238 2908 298 CONSTANTINOP.
2975 219 2982 225 ’

3537 240 3636 295 πει

2131 350 2184 405 8.
2217 352 2348 421 Spes
2373 351 2491 406 boni
2509 353 2668 423 futuri
2695 353 2830 406 mala
2856 354 2986 406 levat
3011 353 3300 421 prtesentia.
3324 382 3391 392 —
3415 351 3610 407 Verum

2059 445 2236 492 tamen
2265 439 2536 495 doloribus
2573 449 2716 495 tanta
2745 441 2934 496 solatia
2980 441 3136 496 simul
3174 441 3456 496 admiscuit
3483 442 3636 496 beni-

2057 545 2192 600 gnus
2220 531 2381 597 Deus,
2413 543 2468 586 ut
2496 531 2666 587 ferme
2696 533 3077 588 conferendum
3103 535 3172 585 sit
3195 533 3466 602 gaudium,
3495 534 3636 602 quod

2056 637 2124 676 ex
2154 632 2278 677 nato
2322 638 2488 692 puero
2523 624 2780 691 habetur,
2811 641 2932 680 cum
2973 625 3243 680 doloribus
3289 625 3393 680 illis
3429 625 3518 695 qui
3561 634 3639 680 tot

2059 713 2333 768 mensibus
2358 724 2597 770 ventrem
2637 715 2918 772 dissecant.
2951 715 3083 770 Nam
3108 730 3226 785 qua:
3257 724 3460 769 tantum
3491 716 3638 770 labo-

2058 821 2172 860 rem
2204 804 2403 871 ferunt,
2435 816 2618 876 totque
2639 806 2879 861 dolorum
2900 806 3221 860 cruciatibus
3245 804 3634 874 discerpuntur,

2057 906 2114 948 ut
2142 910 2279 966 pene
2302 895 2368 950 de
2397 897 2508 965 ipsa
2531 898 2635 950 vita
2655 896 2972 966 desperent;
3005 906 3283 966 postquam
3311 899 3632 966 pepererint,

2055 993 2109 1037 et
2137 984 2412 1039 doloribus
2438 985 2846 1041 [iuerint-soluta:
2863 1028 2879 1054 ,
2907 986 3192 1056 laetitiaque
3223 986 3324 1040 frui
3352 987 3633 1056 ceperint,

2057 1075 2248 1130 iterum
2273 1078 2425 1147 quasi
2452 1077 2630 1132 oblita:
2657 1078 2897 1133 laborum
2925 1077 3184 1141 omnium,
3219 1077 3444 1132 ﬁliorum
3475 1093 3636 1146 gene-

2056 1165 2247 1221 rationi
2292 1182 2511 1237 operam
2555 1168 2683 1222 dant
2715 1185 2728 1221 :
2759 1167 2837 1221 sic
2866 1168 3208 1236 dispensante
3245 1165 3474 1236 benigno
3504 1167 3634 1230 Deo,

2055 1265 2112 1310 ut
2138 1257 2410 1311 hominum
2439 1266 2680 1313 servetur
2703 1272 2890 1328 genus.
2920 1257 3144 1326 Semper
3167 1256 3310 1310 enim
3339 1255 3635 1310 futurorum

2053 1347 2315 1404 bonorum
2362 1365 2485 1420 spes
2528 1349 2581 1405 id
2630 1349 2830 1416 efﬁcit,
2874 1358 2932 1404 ut
2975 1349 3255 1419 praasentia
3305 1347 3636 1402 incommoda

2053 1440 2221 1494 levius
2249 1440 2502 1494 ferantur.
2533 1441 2589 1495 Id
2617 1441 2758 1510 quod
2789 1441 2843 1495 in
2874 1439 3294 1510 negotiatoribus
3347 1440 3467 1509 quis
3492 1439 3636 1494 vide-

2053 1530 2154 1596 rit,
2187 1531 2275 1601 qui
2320 1531 2550 1601 ingentia
2597 1532 2762 1586 maria
2795 1538 3069 1594 transeunt
3089 1573 3105 1597 ,
3135 1529 3406 1600 naufragia
3437 1533 3634 1596 ferunt,

2053 1629 2108 1676 et
2141 1621 2339 1690 piratas
2363 1662 2378 1686 ,
2423 1637 2486 1677 ac
2528 1632 2646 1692 post
2689 1622 2924 1693 pericula
2957 1623 3120 1676 multa
3145 1663 3160 1688 ,
3191 1622 3382 1692 quibus
3428 1622 3636 1676 illorum

2051 1723 2176 1780 spes
2199 1710 2503 1777 frustratur,
2529 1727 2701 1782 neque
2727 1713 2804 1767 sic
2826 1721 2998 1766 tamen
3021 1711 3302 1777 desistunt,
3326 1712 3418 1766 sed
3445 1712 3636 1768 iterum

2050 1800 2239 1856 eadem
2284 1811 2567 1857 attentam.
2617 1802 2727 1857 Hoc
2765 1803 2924 1858 etiam
2967 1802 3034 1858 de
3063 1802 3312 1873 agricolis
3360 1817 3637 1872 pos.~emus

2051 1894 2231 1950 dicere
2255 1897 2270 1927 ⁸
2301 1911 2315 1948 :
2348 1897 2545 1951 etenim
2575 1905 2629 1951 et
2658 1897 2731 1951 illi
2767 1911 2889 1950 cum
2930 1895 3192 1966 profunde
3218 1896 3485 1951 secuerint
3525 1904 3636 1950 ter-

2051 2002 2188 2052 ram,
2221 1995 2276 2041 et
2312 1986 2599 2057 diligenter
2625 1986 2989 2050 excoluerint,
3017 2001 3081 2041 ac
3119 1986 3316 2057 largam
3343 1996 3634 2042 sementem
3691 1991 3704 2002 '

364 2077 590 2148 subjecit
623 2079 976 2145 humiliatum,
1003 2089 1058 2135 et
1087 2079 1137 2136 id
1182 2083 1424 2150 praestitit
1447 2090 1507 2136 ut
1528 2097 1626 2137 nos
1647 2083 1764 2153 ejus
1789 2083 1948 2153 capiti
2047 2077 2309 2147 iecerint,
2349 2091 2494 2147 smpe
2537 2077 2784 2133 ariditate
2823 2077 2907 2132 vel
2937 2077 3237 2132 immodicis
3287 2076 3476 2146 pluviis
3497 2118 3514 2142 ,
3549 2078 3634 2132 vel

366 2169 752 2225 incumbamus.
795 2171 986 2226 Annon
1035 2171 1136 2228 hoc
1182 2173 1447 2244 signiﬁcat,
1494 2175 1698 2242 dicens,
1749 2173 1951 2231 Calcat:

365 2275 517 2328 super
543 2270 817 2329 serpentes,
866 2270 913 2315 et
954 2262 1244 2332 scorpiones
1276 2262 1424 2333 (Luc.
1455 2265 1542 2320 10.
1584 2265 1710 2336 l9)?
1747 2265 1949 2321 Deinde

367 2363 434 2404 ne
463 2359 708 2419 putemus
735 2350 801 2405 dc
825 2351 1166 2407 sensibilibus
1196 2352 1324 2409 feris
1347 2367 1467 2408 esse
1491 2354 1712 2421 dictum,
1735 2355 1946 2410 subdit:

375 2437 437 2492 Et
463 2457 613 2509 super
635 2457 834 2494 omnem
861 2444 1091 2498 virtutem
1128 2443 1340 2496 inimici.
1376 2443 1594 2498 Vidistis
1631 2459 1695 2499 ex
1724 2444 1806 2498 his
1830 2459 1950 2514 quae

365 2529 504 2585 dicta
549 2539 670 2585 sunt
715 2531 782 2586 de
827 2547 984 2601 paena
1032 2534 1386 2589 instrumento
1430 2533 1692 2589 diabolico
1730 2534 1947 2602 inﬂicta,

369 2621 638 2690 ingentem
679 2621 771 2677 Dei
824 2622 1247 2678 humanitatem?
1299 2622 1584 2678 Veniamus
1629 2628 1851 2692 iterum,
1905 2625 1949 2679 si

366 2711 564 2780 placet,
607 2713 673 2767 ad
721 2714 1017 2768 mulierem.
1045 2714 1278 2784 Serpens
1305 2717 1424 2786 quia
1453 2716 1710 2772 fallaciam
1752 2718 1948 2784 intulit,

368 2809 647 2870 propterea
694 2811 748 2857 et
793 2817 1003 2872 poenam
1047 2806 1159 2875 ipse
1197 2806 1402 2876 primus
1438 2809 1685 2878 accepit:
1727 2816 1782 2864 et
1826 2809 1949 2879 quia

369 2891 540 2959 primo
579 2891 854 2947 mulierem
884 2893 1110 2965 decepit,
1145 2906 1198 2951 et
1227 2895 1318 2950 illa
1345 2905 1527 2966 postea
1567 2898 1737 2952 virum
1767 2912 1949 2954 secum

367 2983 548 3048 traxit,
581 2982 701 3039 ideo
727 2993 781 3039 et
810 2985 923 3056 ipsa
956 2988 1101 3055 prior
1126 2987 1374 3056 plectitur
1402 3003 1555 3057 paena
1583 3004 1829 3060 magnam
1856 2990 1952 3044 ad-

373 3073 717 3129 monitionem
758 3074 1006 3131 habente.
1055 3077 1142 3132 l6.
1172 3077 1240 3130 Et
1265 3078 1464 3131 mulieri
1491 3079 1661 3132 dixit:
1689 3077 1949 3149 Multipli-

367 3179 489 3218 eans
527 3165 867 3232 multiplicabo
908 3183 1158 3222 a’runmas
1185 3177 1316 3236 tuas,
1345 3178 1391 3222 et
1415 3170 1654 3240 gemitum
1695 3180 1831 3224 tuum
1860 3186 1879 3224 :
1899 3171 1951 3225 in

365 3257 624 3311 doloribus
645 3261 811 3328 paries
839 3259 1008 3328 ﬁlios;
1042 3270 1091 3315 et
1117 3262 1184 3315 ad
1207 3263 1368 3315 virum
1397 3272 1533 3316 tuum
1561 3264 1816 3318 conversio
1841 3274 1948 3332 tua,

367 3357 412 3401 et
435 3349 543 3420 ipse
559 3351 632 3404 tui
650 3353 1007 3407 dominabitur.
1033 3354 1166 3410 Vide
1187 3355 1476 3412 bonitatem
1501 3357 1731 3423 Domini,
1755 3363 1949 3428 quanta

367 3450 487 3510 post
536 3451 733 3497 tantam
785 3447 1271 3514 praevaricationem
1312 3449 1720 3504 mansuetudine
1763 3451 1946 3505 utitur.

371 3532 718 3603 Multiplicans
757 3537 1096 3607 multiplicabo
1140 3555 1393 3595 utrumnas
1432 3550 1564 3594 tuas.
1598 3541 1711 3611 Ego
1737 3541 1948 3611 quidem

369 3625 634 3694 volebam,
667 3626 854 3698 inquit,
875 3636 926 3684 te
945 3630 1074 3684 citra
1095 3630 1332 3686 dolorem
1359 3641 1412 3684 et
1431 3647 1724 3688 mmmnam
1747 3631 1945 3700 vivere,

366 3718 690 3790 liberamque
717 3720 785 3775 ab
811 3721 955 3775 omni
981 3737 1214 3778 maerore
1237 3731 1293 3778 et
1330 3724 1559 3788 tristitia,
1600 3732 1655 3778 et
1683 3725 1828 3778 omni
1857 3738 1950 3778 vo-

364 3805 562 3876 luptate
593 3809 808 3878 repleri,
835 3820 888 3865 et
918 3811 1042 3866 licet
1061 3826 1288 3881 corpore
1313 3812 1715 3879 circumdatam,
1750 3829 1947 3883 corpo-

363 3897 622 3966 poralium
675 3913 837 3954 sensu
883 3916 988 3954 non
1033 3902 1172 3956 afﬁci
1205 3920 1219 3957 :
1249 3912 1303 3956 at
1345 3901 1475 3974 quia
1513 3919 1619 3958 non
1669 3919 1762 3960 usa
1805 3919 1865 3960 es
1892 3914 1950 3961 ut

361 3994 575 4056 oportet
623 3995 766 4041 tanta
810 3990 1184 4060 prosperitate,
1230 3991 1324 4048 sed
1373 3993 1644 4049 afﬂuentia
1684 3993 1944 4050 bonorum

367 4085 476 4130 tam
505 4077 767 4147 ingratum
812 4080 905 4135 tibi
957 4083 1192 4138 animum
1247 4086 1468 4152 invexit,
1525 4094 1803 4154 propterea
1851 4086 1947 4140 tibi

363 4167 568 4224 frenum
620 4170 856 4242 impono,
914 4181 975 4227 ut
1020 4189 1088 4229 ne
1142 4175 1368 4245 amplius
1419 4176 1683 4242 lascivias,
1728 4177 1796 4231 ad
1848 4178 1945 4231 tri-

363 4259 538 4314 stitias
595 4269 650 4315 et
716 4263 945 4331 gemitus
1018 4272 1072 4318 te
1132 4265 1514 4320 condemnatis.
1592 4265 1944 4337 Multiplicans

361 4350 702 4414 multiplicabo
760 4369 1015 4409 aerumnas
1068 4365 1210 4420 tuas,
1269 4365 1322 4410 et
1369 4358 1605 4427 gemitum
1671 4369 1810 4413 tuum
1839 4378 1858 4414 :
1890 4361 1946 4415 in

362 4441 619 4496 doloribus
663 4443 828 4511 paries
867 4445 1023 4510 ﬁlios.
1068 4446 1222 4514 Rem,
1269 4447 1456 4518 inquit,
1505 4464 1709 4519 magna:
1753 4452 1946 4507 laetitiae

363 4540 419 4586 et
446 4530 673 4586 filiorum
695 4535 1125 4606 propagatiouem
1149 4551 1180 4591 a
1207 4537 1392 4593 dolore
1414 4549 1467 4593 ut
1491 4539 1716 4610 incipias
1730 4541 1941 4609 faciam,

364 4630 420 4676 ut
448 4630 501 4676 et
528 4622 637 4693 ipsa
669 4639 766 4694 per
807 4626 1066 4698 cujusque
1096 4637 1276 4698 partus
1307 4629 1518 4687 dolores
1562 4642 1617 4687 et
1644 4650 1940 4707 aerumnas,

364 4720 621 4783 perpetuo
645 4715 912 4770 mouearis
935 4728 1131 4787 quanta
1159 4719 1231 4773 sit
1254 4720 1454 4789 peccati
1478 4730 1533 4776 et
1569 4721 1942 4780 inobedientia:

366 4804 692 4873 magnitudo,
739 4815 792 4862 et
833 4823 900 4863 ne
925 4824 1178 4878 processu
1206 4814 1459 4881 temporis
1482 4814 1732 4870 oblivioni
1765 4817 1940 4872 tradas

361 4895 506 4964 quod
534 4894 725 4952 factum
756 4907 858 4965 est,
887 4899 982 4955 sed
1009 4915 1196 4957 noscas
1225 4901 1526 4973 huiusmodi
1554 4904 1816 4962 fallaciam
1844 4909 1942 4962 ho-

361 5001 479 5040 rum
507 4988 598 5042 tibi
626 5003 838 5044 causam
865 4989 1048 5047 fuisse.
1077 4991 1363 5062 Propterea
1390 4993 1740 5068 Multiplicans
1766 5001 1940 5052 multi-
1985 4985 2020 5012 ’⁸

358 5077 554 5154 plicabo
591 5076 860 5134 mutuas
880 5091 1012 5150 tuas,
1052 5093 1100 5137 et
1123 5086 1361 5154 gemitum
1406 5096 1581 5143 tuum:
1607 5091 1659 5144 in
1685 5089 1940 5144 doloribus

361 5170 526 5236 paries
585 5171 737 5238 filios.
781 5171 879 5227 llic
925 5173 1188 5242 significat
1238 5177 1640 5246 parturientium
1701 5178 1935 5246 dolores,

361 5260 809 5333 multiplicemque
849 5264 993 5319 illum
1045 5267 1301 5336 laborem,
1348 5285 1505 5339 quem
1534 5270 1674 5326 ferre
1718 5285 1938 5327 necesse

361 5361 487 5406 est:
516 5369 708 5424 nempe
748 5363 827 5410 tot
873 5353 1167 5422 mensibus,
1206 5359 1352 5414 velut
1389 5361 1652 5416 sarcinam
1683 5361 1936 5418 infantem

361 5453 594 5509 gestare,
642 5453 697 5498 et
732 5446 934 5501 sentire
977 5447 1288 5520 singulares,
1342 5466 1462 5520 qua:
1507 5451 1630 5507 inde
1669 5453 1934 5518 oriuntur,

362 5544 648 5599 aerumnas,
675 5535 1036 5592 membrorum
1065 5539 1464 5607 distorsionem,
1496 5551 1551 5597 et
1577 5542 1937 5600 intolerabiles

361 5616 481 5674 illos
506 5619 713 5679 dolores
735 5636 870 5694 quos
900 5625 1027 5683 solae
1060 5627 1163 5686 illae
1184 5630 1378 5700 sciunt,
1393 5647 1513 5704 qua:
1541 5641 1772 5705 experta
1788 5641 1933 5689 sunt.

2054 2168 2270 2223 tandem
2301 2168 2518 2240 quando
2549 2169 2801 2239 manipuli
2829 2168 3148 2239 colligendi,
3180 2168 3424 2238 rubigine
3449 2183 3635 2238 super-

2053 2261 2333 2324 veniente,
2365 2275 2459 2330 spe
2483 2275 2580 2315 sua
2607 2259 2862 2316 excidunt
2893 2278 2905 2314 :
2953 2269 3319 2314 verumtamen
3361 2275 3532 2329 neque
3561 2260 3636 2314 illi

2053 2350 2130 2404 sic
2157 2349 2456 2416 desistunt;
2499 2351 2592 2405 sed
2620 2351 2810 2405 iterum
2839 2359 2896 2405 ut
2925 2358 3134 2421 tempus
3155 2348 3466 2420 appetierit,
3493 2351 3634 2420 agri-

2053 2441 2320 2494 culturam
2359 2451 2635 2496 exercent.
2668 2441 2843 2511 Atque
2889 2440 2942 2495 iu
2985 2440 3404 2511 quibuscumque
3447 2440 3638 2494 studiis

2053 2541 2108 2586 et
2135 2532 2336 2586 artibus
2365 2532 2468 2587 hoc
2497 2532 2710 2588 obvium
2741 2541 2842 2587 est.
2871 2531 2960 2587 Sic
2988 2533 3180 2588 mulier
3207 2548 3418 2602 quoque
3443 2543 3497 2587 et
3524 2533 3637 2602 ipsa

2054 2636 2198 2692 saepe
2225 2632 2344 2692 post
2365 2633 2444 2678 tot
2468 2638 2685 2679 menses
2709 2624 2848 2691 illos,
2872 2631 2992 2692 post
3019 2622 3378 2678 intolerabiles
3402 2623 3635 2688 dolores,

2056 2725 2175 2785 post
2201 2724 2385 2770 noctes
2406 2715 2701 2781 insomnes,
2725 2724 2845 2784 post
2873 2714 3236 2772 membrorum
3256 2714 3634 2783 distensiones,

2055 2821 2219 2876 parvo
2259 2805 2494 2877 quodam
2539 2820 2666 2860 casu
2711 2806 2976 2861 incidente
3000 2847 3017 2873 ,
3063 2806 3187 2861 licet
3229 2816 3354 2862 ante
3384 2815 3636 2862 statutum

2056 2903 2268 2966 tempus
2315 2906 2524 2968 partum
2573 2897 2885 2952 abortiverit
2934 2898 3252 2965 informem,
3301 2908 3355 2953 et
3402 2899 3639 2954 nondum

2057 2988 2394 3044 lineamentis
2441 2988 2762 3060 ﬁguratum;
2794 2989 2879 3043 vel
2924 2987 3208 3043 formatum
3237 2989 3490 3059 quidem,
3531 3005 3636 3044 non

2059 3079 2321 3148 integrum
2352 3087 2548 3145 autem,
2586 3094 2758 3148 neque
2784 3094 2995 3147 sanum,
3026 3080 3110 3134 vel
3140 3081 3298 3134 etiam
3329 3095 3471 3149 saepe
3496 3097 3640 3136 mor-

2057 3179 2204 3225 tuum
2230 3210 2244 3233 ,
2276 3169 2362 3223 vix
2405 3185 2434 3223 e
2462 3170 2712 3239 periculis
2740 3171 2921 3239 elapsa
2947 3187 2960 3223 :
2993 3177 3227 3223 attamen
3274 3169 3424 3239 quasi
3473 3170 3635 3225 oblita

2056 3262 2244 3317 horum
2276 3263 2549 3329 omnium,
2595 3261 2783 3316 eadem
2822 3276 2942 3332 qua:
2987 3269 3142 3315 antea
3186 3261 3287 3315 fert
3329 3270 3384 3315 et
3426 3262 3634 3316 tolerat.

2056 3353 2123 3406 Et
2151 3352 2276 3423 quid
2305 3352 2424 3406 dico
2451 3351 2683 3406 eadem?
2729 3351 2884 3421 Smpe
2910 3366 3030 3406 cum
3071 3351 3179 3406 fetu
3224 3359 3349 3405 nato
3376 3353 3640 3406 commori

2054 3459 2147 3499 eas
2191 3445 2490 3515 contingit,
2537 3453 2590 3497 et
2620 3459 2792 3514 neque
2833 3443 2935 3498 hoc
2971 3451 3192 3499 crateras
3222 3452 3422 3509 terret,
3466 3460 3637 3515 neque

2055 3535 2340 3604 persuadet
2367 3546 2422 3590 ut
2450 3551 2563 3591 rem
2593 3535 2792 3606 fugiant
2821 3553 2834 3591 :
2869 3544 3066 3591 tantam
3096 3536 3237 3590 Deus
3265 3537 3502 3592 tristibus
3530 3537 3635 3594 illis

2055 3627 2248 3681 insevit
2284 3627 2610 3696 voluptatem
2654 3627 2812 3681 simul
2855 3635 2908 3681 et
2955 3626 3216 3682 laetitiam.
3261 3626 3487 3697 Pr0pter
3533 3628 3635 3683 hoc

2052 3717 2262 3772 dicebat
2302 3735 2316 3770 :
2368 3717 2715 3788 Multiplicaus
2770 3717 3113 3788 multiplicabo
3154 3733 3406 3773 arrunmas
3449 3728 3561 3773 tuas
3585 3730 3636 3774 et

2051 3808 2289 3875 gemitum
2319 3817 2502 3871 tuum;
2543 3807 2594 3860 in
2637 3806 2896 3861 doloribus
2940 3807 3105 3877 paries
3144 3807 3300 3876 ﬁlios.
3333 3807 3446 3862 [loc
3473 3810 3633 3863 etiam

2053 3897 2299 3952 Christus
2325 3899 2535 3954 diccbat
2562 3898 2835 3969 discipulis
2860 3900 2991 3965 suis,
3019 3907 3324 3955 utonstrans
3352 3911 3458 3956 tam
3486 3902 3636 3956 dolo-

2054 3987 2130 4042 ris
2154 3988 2593 4058 magnitudinem,
2617 4003 2774 4059 quam
2798 3988 2994 4043 laetitiae
3019 3990 3386 4045 excellentiam
3412 4008 3426 4045 :
3449 3990 3636 4046 Mulier

2051 4081 2255 4151 quando
2282 4083 2438 4152 parit,
2471 4081 2722 4135 tristitiam
2753 4081 2925 4147 habet,
2952 4082 3190 4152 quoniam
3217 4083 3348 4136 venit
3377 4083 3501 4136 hora
3527 4085 3636 4154 ejus

2055 4169 2242 4240 (Joan.
2273 4171 2357 4227 l6.
2380 4172 2444 4226 21
2475 4173 2494 4241 )
2526 4188 2541 4227 :
2573 4170 2765 4226 deinde
2790 4171 2976 4226 volens
3002 4171 3155 4226 nobis
3182 4171 3456 4227 declarare
3495 4189 3632 4242 quo-

2052 4263 2212 4317 modo
2233 4263 2404 4317 tristia
2431 4263 2586 4318 simul
2617 4277 2648 4317 e
2672 4261 2850 4317 medio
2878 4263 3152 4326 tollantur,
3174 4262 3424 4333 gaudium
3455 4273 3631 4318 autem

2050 4362 2103 4409 et
2127 4354 2306 4408 latitia
2337 4353 2662 4418 succedant,
2691 4353 2861 4423 inquit
2893 4369 2909 4408 :
2946 4353 3166 4421 Quando
3194 4362 3358 4408 autem
3387 4355 3632 4424 pepererit

2050 4463 2284 4517 puerum,
2324 4462 2425 4499 non
2458 4449 2573 4516 jam
2601 4461 2788 4499 memor
2819 4455 2892 4500 est
2920 4446 3204 4516 aﬂlictionis
3224 4487 3239 4510 ,
3269 4455 3474 4516 prapter
3497 4463 3630 4516 gau-

2048 4539 2188 4592 dium
2207 4579 2222 4604 ,
2254 4539 2373 4608 quia
2401 4548 2552 4591 natus
2578 4547 2652 4592 est
2682 4537 2832 4591 homo
2874 4538 2928 4590 in
2953 4537 3218 4591 mundum.
3253 4527 3473 4591 Vidistis
3502 4552 3632 4606 pro-

2047 4629 2333 4684 videntiam
2361 4635 2416 4682 et
2439 4642 2623 4683 curam
2659 4627 2823 4682 nostri
2861 4627 3157 4682 eximiam?
3185 4626 3389 4681 vidistis
3418 4641 3629 4696 pmnam

2005 4739 2013 4743 τ
2047 4718 2424 4774 admonitionis
2465 4717 2715 4787 plenam?
2744 4715 2811 4771 In
2842 4716 3100 4772 doloribus
3129 4718 3294 4786 paries
3323 4717 3476 4786 ﬁlios.
3523 4717 3625 4771 De-

2048 4811 2192 4874 inde,
2218 4810 2298 4863 Ad
2319 4811 2481 4864 uirum
2507 4819 2648 4862 tuum
2675 4810 2932 4864 conversio
2951 4818 3063 4874 tua,
3087 4819 3135 4863 et
3160 4810 3267 4878 ipse
3291 4808 3628 4862 dominabitur

2049 4904 2137 4956 tui.
2185 4902 2346 4970 Quasi
2389 4916 2448 4957 se
2489 4899 2785 4956 defendens
2829 4899 2969 4971 apud
3019 4901 3296 4955 mulierem
3340 4898 3455 4954 hinc
3501 4899 3628 4954 dicit

2046 4993 2303 5064 benignus
2333 4992 2496 5049 Deus.
2527 4992 2669 5064 Ego,
2701 4992 2904 5062 inquit,
2937 4991 3004 5046 ab
3033 4990 3184 5046 initio
3211 4990 3414 5046 honore
3445 5004 3626 5061 parem

2045 5093 2099 5140 te
2127 5085 2380 5150 formavi,
2413 5094 2468 5140 et
2491 5085 2728 5155 ejusdem
2761 5084 3033 5154 dignitatis
3059 5084 3111 5137 in
3140 5083 3387 5137 omnibus
3414 5082 3625 5152 partici-

2045 5190 2164 5245 pem
2188 5217 2204 5242 ,
2247 5184 2303 5230 et
2331 5177 2468 5232 sicut
2507 5177 2652 5240 viro,
2686 5177 2756 5231 ita
2797 5184 2852 5231 et
2882 5175 2975 5230 tibi
3014 5175 3250 5230 omnium
3276 5174 3625 5244 principatum

2043 5265 2347 5320 concredidi
2377 5276 2665 5320 :caaterum
2693 5265 2813 5336 quia
2835 5265 2999 5319 abusa
3025 5279 3084 5319 es
3109 5263 3326 5318 honoris
3344 5263 3622 5332 dignitate,

2042 5357 2266 5426 subjicio
2313 5367 2363 5412 te
2389 5358 2524 5422 viro,
2572 5357 2636 5411 Et
2659 5359 2728 5409 ad
2756 5358 2917 5410 uirum
2955 5365 3096 5410 tuum
3139 5356 3393 5410 conversio
3423 5364 3508 5410 tua
3531 5395 3548 5420 ,
3567 5341 3625 5408 ἐι

2041 5446 2150 5516 ipse
2173 5446 2246 5499 tui
2265 5447 2620 5500 dominabitur.
2651 5446 2782 5513 Quia
2813 5445 3000 5500 relicto
3019 5459 3085 5500 eo
3114 5444 3203 5516 qui
3230 5443 3483 5514 dignitate
3505 5459 3619 5513 par,

2107 5582 2124 5614 ⁸
2158 5582 2232 5630 sic
2252 5581 2390 5631 savii.
2436 5581 2588 5641 Apud-
2608 5580 2773 5629 Morel.
2820 5587 2872 5630 et
2915 5578 3106 5632 Mentel.
3141 5572 3284 5631 illoc
3321 5577 3464 5632 etiam
3491 5578 3621 5641 apud

2040 5642 2279 5705 agricolas
2292 5641 2611 5694 animadverti
2623 5649 2794 5706 potest.
