4122 6204
279 294 384 350 ηε

278 407 571 472 νωνοῦντα,
595 406 688 462 καὶ
710 407 778 459 δι’
793 404 852 456 ὃν
873 399 1331 472 ἐδημιουργήθης,
1346 399 1424 471 τῷ
1443 395 1662 470 πονηρῷ
1682 393 1854 466 θηρίῳ

278 496 397 563 διρει
424 495 503 558 είς
527 492 745 564 ὁμιλίαν
779 487 954 542 ἐλθεῖν
989 487 1316 559 ἠϐουλήθης,
1347 487 1440 540 καὶ
1467 485 1564 558 τὴν
1596 484 1722 555 παρ’
1740 483 1949 538 ἐκείνου

279 582 534 650 δέξασθαι
555 577 882 651 συμϐουλὴν·
911 576 998 632 διὰ
1023 575 1181 630 τοῦτό
1209 593 1269 630 σε
1305 575 1487 630 λοιπὸν
1519 574 1692 645 τούτῳ
1719 573 1948 626 ὑποτάτ-

277 689 378 738 τω,
405 671 499 726 καὶ
525 666 714 722 τοῦτόν
741 683 834 723 σου
854 663 1042 736 κύριον
1067 675 1093 704 ι
1127 663 1434 733 ἀποφαίνω,
1464 661 1605 716 ὥστε
1630 660 1728 734 τὴν
1755 660 1950 716 τούτου

280 754 591 811 δεσποτείαν
623 749 1024 822 ἐπιγινώσκειν,
1055 751 1148 806 καὶ
1178 750 1364 823 ἐπειδὴ
1402 750 1501 804 οὐκ
1539 749 1711 818 ἔγνως
1739 748 1948 820 ἄρχειν,

284 841 424 914 μάθε
445 840 629 906 καλῶς
672 839 958 911 ἄρχεσθαι.
987 837 1145 908 Πρὸς
1188 839 1296 892 τὸν
1353 836 1543 906 άνδρα
1574 851 1690 892 σου
1737 836 1776 904 ἡ
1803 837 1950 892 ἀπο-

279 929 516 1001 στροφή
544 941 705 992 νου,
717 925 814 980 καί
828 925 1006 994 αὐτός
1019 943 1135 982 σου
1153 925 1475 995 κυριεύσει.
1516 924 1730 978 Βέλτιόν
1753 941 1813 978 σε
1847 923 1952 977 ὑπὸ

279 1015 468 1069 τοῦτον
495 1009 660 1078 εῖναι,
679 1015 775 1068 καὶ
803 1013 908 1067 ὑπὸ
929 1011 1028 1086 τὴν
1061 1013 1252 1068 τούτου
1281 1013 1605 1068 δεσποτείαν
1640 1013 1948 1083 τυγχάνειν,

279 1103 315 1174 ἢ
342 1103 525 1166 ἀδείας
545 1101 922 1156 ἀπολαύουσαν
947 1103 1041 1155 καὶ
1060 1100 1305 1166 ἐξουσίας
1334 1099 1474 1155 κατά
1493 1098 1755 1172 κρημνῶν
1791 1097 1952 1170 φέρε-

283 1191 427 1244 σθαι.
465 1189 736 1244 Ἐπεὶκαὶ
763 1187 916 1260 ἵππῳ
937 1187 1208 1252 λυσιτελὲς
1232 1187 1298 1242 ἀν
1319 1187 1528 1258 γένοιτο
1548 1186 1763 1258 χαλινὸν
1784 1185 1949 1257 ἔχειν,

280 1279 374 1332 καὶ
399 1275 550 1350 [HG]
577 1278 812 1331 εῦτακτα
839 1275 1096 1348 βαδίζειν,
1117 1275 1152 1347 ῆ
1181 1275 1308 1331 ἀνευ
1329 1274 1518 1328 τούτου
1537 1273 1676 1328 κατά
1691 1271 1952 1346 κρημνῶν

282 1365 564 1438 φέρεσθαι.
587 1366 660 1420 Τὸ
694 1363 967 1437 συμφέρον
993 1363 1170 1418 τοίνυν
1197 1361 1416 1416 σκοπῶν
1449 1361 1511 1416 τδ
1542 1361 1652 1427 σὺν,
1676 1361 1814 1434 πρὸς
1833 1360 1956 1417 τοῦ-

281 1451 372 1506 τόν
419 1467 478 1506 σε
516 1451 662 1524 ἔχειν
700 1451 800 1524 τὴν
841 1448 1192 1523 ἀποστροφὴν
1235 1448 1514 1521 βούλομαι,
1560 1449 1655 1503 καί
1699 1448 1950 1519 καθάπερ

283 1538 444 1610 σῶμα
489 1537 698 1609 κεφαλῇ
715 1535 967 1602 ἕπεσθαι,
1009 1536 1105 1591 καὶ
1132 1535 1229 1608 τὴν
1247 1535 1564 1591 δεσποτείαν
1609 1534 1730 1607 μεθ’
1758 1535 1952 1606 ἡδονῆς

283 1623 685 1696 ἐπιγινώσκειν.
717 1621 847 1678 Οἶδα
879 1625 960 1679 ὅτι
992 1623 1308 1696 ἀπεκάμετε
1360 1622 1496 1695 πρὸς
1543 1622 1604 1676 τὸ
1643 1622 1814 1694 μῆκος
1843 1621 1952 1675 τῶν

283 1712 610 1785 εἰρημένων·
664 1711 801 1766 ἀλλά
852 1710 1166 1783 διεγέρθητε
1230 1710 1446 1783 μικρὸν,
1505 1709 1828 1780 παρακαλῶ,
1875 1703 1952 1782 μὴ

281 1799 566 1854 ἀτέλεστον
587 1798 686 1870 τὴν
712 1797 866 1868 δίκην
888 1796 1294 1870 καταλίπωμεν,
1335 1795 1468 1868 μηδὲ
1502 1798 1730 1867 ἀφέντες
1753 1795 1832 1850 ἐτι
1861 1797 1953 1850 τὸν

281 1886 542 1960 δικαστὴν
570 1886 876 1960 καθήμενον
899 1885 1362 1960 ἀναχωρήσωμεν·
1407 1887 1498 1939 καὶ
1527 1884 1634 1957 γάρ
1663 1885 1800 1958 πρὸς
1823 1885 1953 1939 αὐτὸ

281 1975 344 2029 τὸ
368 1975 520 2040 τέλος
547 1975 733 2030 λοιπὸν
762 1974 1177 2047 ἀπηντήκαμεν.

353 2079 425 2133 θ’.
455 2079 686 2150 Ἴδωμεν
712 2079 892 2132 τοίνυν
927 2077 980 2134 τί
1019 2075 1158 2148 μετά
1185 2077 1286 2149 τὴν
1315 2079 1546 2146 γυναῖκα
1583 2075 1719 2148 πρὸς
1741 2076 1832 2130 τὸν
1857 2077 1955 2131 ἀν·-

282 2167 386 2240 δρα
423 2168 576 2238 φησὶ,
611 2167 707 2222 καί
726 2165 884 2221 ποίαν
917 2167 1010 2221 καὶ
1030 2165 1206 2238 τούτῳ
1231 2167 1501 2238 τιμωρίαν
1525 2165 1744 2234 ἐπάγει.
1776 2163 1862 2230 Τῷ
1887 2163 1957 2218 δὲ

297 2255 472 2325 Ἀδὰμ
505 2250 695 2317 εἷπεν,
725 2254 857 2309 ὀτι
895 2252 1168 2324 ἤκουσας
1205 2252 1315 2322 τῆς
1353 2252 1558 2324 φωνῆς
1604 2252 1716 2322 τῆς
1751 2269 1956 2323 γυναι-

285 2343 392 2408 κός
419 2357 556 2406 σου,
579 2341 678 2396 καί
705 2342 925 2411 ἔφαγες
947 2340 1066 2396 άπὸ
1091 2340 1198 2396 τοῦ
1227 2340 1441 2407 ξύλου,
1467 2336 1540 2397 οὗ
1566 2339 1958 2410 ἐνετειλάμην

284 2443 386 2482 σοι
426 2430 642 2485 τούτου
696 2430 890 2500 μόνου
937 2428 1022 2500 μὴ
1068 2427 1300 2500 φαγεῖν,
1341 2429 1442 2484 ἀπ’
1479 2427 1668 2483 αὐτοῦ
1715 2427 1952 2498 ἔφαγες·

285 2516 716 2586 ἐπικατάρατος
746 2517 785 2584 ἠ
824 2516 902 2586 γῆ
943 2517 1014 2570 ἐν
1053 2515 1178 2582 τοῖς
1211 2514 1408 2584 ἔργοις
1437 2527 1576 2570 σου.
1611 2517 1708 2570 Ἐν
1731 2517 1957 2581 λύπαις

285 2603 446 2676 φάγῃ
473 2603 668 2674 αὐτὴν
689 2603 892 2669 πάσας
912 2601 1018 2668 τὰς
1039 2601 1262 2672 ἡμέρας
1286 2601 1396 2672 τῆς
1421 2602 1569 2674 ἄυῆς
1586 2618 1725 2658 σου.
1766 2603 1957 2658 Ἀκάν-

285 2690 396 2756 θας
427 2687 524 2742 καὶ
557 2689 866 2756 τριϐόλους
901 2684 1184 2740 άνατελεῖ
1203 2701 1323 2748 σοι,
1354 2685 1453 2740 καί
1489 2686 1648 2756 φάγῃ
1685 2686 1794 2740 τὸν
1817 2687 1956 2756 χόρ-

285 2793 394 2830 τον
419 2773 526 2830 τοῦ
565 2773 772 2844 άγροῦ.
816 2773 914 2826 Ἐν
937 2771 1131 2840 ἱδρῶτι
1162 2771 1268 2826 τοῦ
1301 2771 1627 2841 προσώπου
1652 2788 1770 2827 σου
1795 2771 1955 2842 φάγῃ

285 2861 393 2916 τὸν
412 2859 596 2930 ἄρτον
620 2875 760 2922 σου,
790 2857 900 2924 ἕως
922 2856 1030 2912 τοῦ
1057 2857 1435 2927 ἀποστρέψαι
1461 2873 1536 2912 σε
1564 2861 1652 2925 εἰς
1680 2857 1795 2928 τὴν
1816 2858 1952 2928 γῆν,

285 2949 354 3013 ἐξ
385 2943 463 3018 ἧς
491 2945 781 3015 ἐλήφθης·
836 2945 925 2998 ὅτι
972 2943 1047 3016 γῆ
1091 2945 1150 2999 εἷ
1186 2943 1284 2998 καί
1321 2947 1404 3012 εις
1451 2943 1571 3015 γῆν
1619 2945 1952 3015 άπελεύσῃ.

283 3035 512 3106 Μεγάλη
557 3034 651 3088 καὶ
690 3033 897 3102 ἀφατος
930 3031 1025 3085 καὶ
1055 3031 1304 3087 ἐντεῦθεν
1330 3031 1602 3086 δείκνυται
1631 3035 1664 3105 ὴ
1703 3034 1833 3104 περὶ
1862 3035 1955 3088 τὸν

283 3125 570 3194 ἄνθρωπον
623 3121 719 3175 τοῦ
776 3119 1048 3175 Δεσπότου
1107 3119 1420 3192 κηδεμονία·
1464 3119 1580 3174 ἀλλ’
1632 3119 1954 3192 ἀκούσωμεν

284 3209 528 3282 ἀκριϐῶς
561 3209 792 3264 ἕκαστον
825 3207 934 3264 τῶν
958 3208 1283 3280 εἰρημένων·
1323 3204 1408 3272 Τῷ
1445 3207 1514 3260 δὲ
1547 3207 1728 3278 Ἀδὰμ
1761 3204 1952 3274 εἷπεν,

285 3292 408 3347 ’Ότι
460 3291 735 3362 ἤκουσας
776 3290 888 3359 τῆς
937 3290 1143 3361 φωνῆς
1190 3291 1301 3360 τῆς
1358 3293 1636 3361 γυναικός
1681 3307 1820 3358 σου,
1854 3293 1951 3348 καί

281 3380 501 3450 ἔφαγες
534 3377 658 3434 άπὸ
684 3378 792 3434 τοῦ
826 3378 1040 3444 ξύλου,
1079 3373 1155 3435 οὗ
1175 3377 1569 3448 ἐνετειλάμην
1604 3395 1705 3434 σοι
1739 3381 1953 3437 τούτου

279 3467 473 3538 μόνου
500 3467 589 3537 μὴ
615 3466 846 3537 φαγεῖν,
889 3466 992 3521 ἀπ’
1029 3466 1216 3521 αὐτοῦ
1259 3465 1497 3536 ἔφαγες.
1536 3467 1750 3540 Ἐπειδὴ
1785 3469 1954 3538 ήκω-ο

287 3571 406 3622 σας,
441 3557 594 3628 φησὶ,
630 3556 728 3628 τῆς
745 3555 1002 3626 γυναικός
1038 3571 1133 3608 σου
1171 3554 1267 3608 καὶ
1297 3553 1497 3625 ἐφαγες
1519 3553 1626 3608 ἀπὸ
1648 3555 1742 3609 τοῦ
1773 3557 1950 3626 ξύλου,

285 3645 379 3698 καὶ
425 3643 523 3715 τῆς
575 3643 716 3715 ἐμῆς
761 3642 980 3714 ἐντολῆς
1024 3642 1399 3714 προετίμησας
1440 3642 1540 3714 τὴν
1576 3643 1705 3714 παρ’
1739 3645 1954 3716 ἐκείνης

286 3728 613 3801 συμϐουλὴν,
639 3729 730 3782 καὶ
747 3729 849 3782 οὐκ
875 3727 1183 3800 ἠϐουλήθης
1203 3727 1298 3782 τοῦ
1329 3727 1486 3792 ξύλου
1507 3727 1603 3781 τοῦ
1626 3728 1744 3794 ἐνδς
1766 3730 1954 3785 τούτου

287 3819 450 3887 μόνου
473 3814 829 3889 ἀποσχέσθαι,
847 3809 908 3869 οὗ
935 3815 1282 3886 ἐνετειλάμην
1301 3831 1382 3870 σοι
1411 3814 1486 3887 μὴ
1511 3818 1701 3885 φαγεῖν
1723 3816 1824 3890 (μὴ
1846 3817 1955 3889 γάρ

285 3905 496 3960 πολλῶν
531 3921 592 3958 σε
625 3902 926 3974 ἀπέχεσθαι
960 3902 1253 3970 ἐκέλευσας
1289 3903 1436 3968 Ἐνδς
1485 3903 1671 3975 μόνου,
1704 3904 1800 3957 καὶ
1836 3905 1956 3959 ούδέ

283 3993 474 4048 τούτου
511 3991 762 4062 ἠνέσχου,
799 3990 914 4045 ἀλλ’
956 3989 1344 4062 ἐπιλαθόμενος
1386 3990 1496 4044 τῶν
1535 3991 1682 4063 ἐμῶν
1725 3991 1956 4047 ἐντολῶν

283 4078 542 4150 ἐπείσθης
577 4081 644 4151 τῇ
677 4079 940 4151 γυναικί)·
961 4079 1050 4133 διὰ
1087 4079 1246 4134 τοῦτο
1283 4079 1500 4152 μαθήσῃ
1527 4078 1594 4133 δι’
1623 4079 1804 4135 αὐτῶν
1845 4079 1957 4135 τῶν

284 4167 484 4239 ιργων,
517 4168 642 4223 ὅσον
671 4167 914 4240 εἰργάσω
942 4165 1131 4222 κακόν.

369 4273 736 4328 Ἀκουέτωσαν
763 4272 983 4344 ἀνδρες·
1019 4271 1365 4327 ἀκουέτωσαν
1405 4276 1664 4342 γυναῖκες
1684 4289 1698 4305 ·
1736 4275 1786 4328 οἱ
1833 4274 1954 4346 μὲν,

285 4363 374 4416 ἵνα
402 4361 478 4433 μὴ
509 4359 810 4430 ἀνέχωνται
844 4357 955 4411 τῶν
992 4357 1204 4429 πονηρὰ
1235 4359 1713 4430 συμϐουλευουσῶν
1733 4379 1748 4393 ·
1778 4364 1835 4416 αἱ
1875 4363 1954 4430 δὲ,

285 4451 372 4504 ἵνα
403 4448 479 4522 μὴ
528 4447 757 4502 τοιαῦτα
790 4443 1250 4516 συμϐουλεύωσιν.
1291 4447 1356 4501 EE
1388 4447 1498 4520 γὰρ
1523 4441 1680 4512 οὗτος
1717 4451 1812 4504 ἐπὶ
1856 4451 1955 4524 τὴν

283 4540 518 4608 γυναῖκα
538 4535 637 4608 τὴν
662 4533 841 4589 αἰτίαν
882 4531 1226 4604 μεταγαγὼν,
1280 4535 1538 4607 οὐδεμιᾶς
1565 4535 1772 4608 ἠξιώθη
1825 4555 1955 4608 συγ-

283 4626 511 4698 γνώμης
529 4667 546 4692 ν
590 4621 748 4679 ποίαν
786 4624 851 4679 ἀν
891 4641 978 4688 τις
1005 4623 1302 4692 ἀπολογίαν
1334 4624 1488 4698 σχοίη
1519 4624 1713 4695 λέγων,
1755 4627 1836 4680 ὅτι
1867 4627 1958 4682 διά

281 4715 382 4788 τὴν
406 4715 640 4784 γυναῖκα
669 4711 732 4766 τὸ
765 4711 858 4766 καὶ
885 4711 946 4766 τὸ
972 4712 1240 4784 ἥμαρτον,
1277 4714 1371 4768 καὶ
1398 4713 1459 4768 τὸ
1484 4713 1578 4766 καὶ
1605 4713 1666 4768 τὸ
1691 4713 1904 4787 ἔπραξα
1937 4732 1952 4783 ;

282 4802 383 4856 Διά
419 4801 578 4856 τοῦτο
607 4801 718 4874 γὰρ
749 4800 844 4854 καὶ
877 4801 983 4854 ὑπὸ
1017 4800 1116 4872 τὴν
1143 4800 1464 4856 δεσποτείαν
1490 4801 1680 4872 γέγονε
1709 4802 1806 4875 τὴν
1833 4803 1952 4876 σὴν,

280 4891 374 4944 καὶ
392 4890 578 4962 κύριος
593 4889 764 4960 αὐτῆς
781 4887 1120 4961 ἀπεφάνθης,
1147 4889 1235 4943 ἵνα
1257 4890 1438 4960 ἐκείνη
1459 4890 1541 4944 σοὶ⁸
1557 4890 1950 4963 κατακολουθῇ,

281 4976 375 5029 καί.
422 4975 498 5048 μὴ
528 4976 563 5047 η
596 4975 808 5045 κεφαλὴ
857 4976 972 5036 τοῖς
1024 4973 1182 5026 ποσὶν
1214 4973 1432 5044 ἕπηται.
1475 4974 1613 5027 Ἀλλ’
1663 4972 1756 5030 οὖν
1803 4975 1953 5028 ἐστιν

283 5062 412 5116 ἰδεῖν
433 5063 694 5126 πολλάκις
737 5061 800 5116 τὸ
845 5060 1086 5115 ἐναντίον
1115 5061 1436 5130 συμϐαῖνον,
1469 5063 1564 5116 καὶ
1590 5063 1679 5117 τὸν
1709 5063 1768 5117 ἐν
1801 5063 1953 5130 τάξει

282 5147 520 5219 κεφαλῆς
562 5145 702 5204 εἶναι
749 5147 1066 5219 ὀφείλοντα,
1115 5145 1237 5200 οὐδὲ
1277 5147 1386 5202 τῶν
1435 5147 1616 5202 ποδῶν
1653 5149 1753 5221 τὴν
1798 5149 1953 5217 τάξιν

281 5237 542 5308 ἐπέχοντα
557 5251 571 5265 ⁸
591 5237 684 5292 καὶ
699 5237 798 5309 τὴν
823 5237 882 5292 ἐν
902 5234 1055 5306 τάξει
1081 5233 1259 5290 ποδῶν
1278 5231 1463 5300 οὖσαν,
1487 5237 1691 5308 ταύτην
1719 5239 1776 5290 ἐν
1800 5237 1951 5304 τάξει

281 5325 521 5397 κεφαλῆς
551 5324 974 5397 καθισταμένην.
1008 5325 1086 5383 Δι’
1111 5323 1141 5377 ὂ
1169 5325 1264 5379 καί
1289 5325 1317 5378 ὁ
1341 5325 1608 5398 μακάριος
1641 5324 1852 5389 Παῦλος
1871 5368 1887 5392 ,
1923 5328 1952 5380 ὁ

275 5411 377 5482 τῆς
396 5411 720 5484 οἰκουμένης
751 5411 1086 5478 διδάσκαλος,
1104 5412 1279 5467 ταῦτα
1305 5413 1483 5467 πάντα
1514 5411 1761 5484 προορῶν
1786 5411 1914 5465 ἐϐόα
1934 5429 1948 5442 ·

283 5497 350 5552 Τί
403 5501 512 5568 γὰρ
545 5496 735 5567 οἶδας,
768 5502 966 5572 γύναι,
1019 5503 1074 5555 ει
1120 5501 1230 5554 τὸν
1279 5501 1471 5568 ἄνδρα
1516 5500 1773 5566 σώσεις;
1818 5499 1856 5568 ἣ
1897 5502 1954 5554 τι

281 5582 467 5652 οἶδας,
495 5587 660 5656 άνερ,
691 5591 744 5642 εἰ
771 5588 887 5655 τὴν
917 5589 1174 5658 γυναῖκα
1215 5587 1473 5654 σώσεις;
1511 5588 1651 5642 Ἀλλ’
1684 5591 1833 5660 ὅμως
1860 5591 1952 5643 καὶ

281 5678 308 5728 ό
361 5674 502 5744 ἀνὴρ
547 5672 747 5742 πολλὴν
795 5673 894 5742 τὴν
945 5675 1194 5746 φυλακὴν
1247 5675 1667 5738 ἐπιδεικνύσθω,
1701 5676 1842 5730 ὥστε
1883 5676 1950 5730 τά

282 5761 502 5828 ὀλέθρια
526 5758 994 5820 συμϐουλεύουσαι)
1016 5761 1386 5826 ἀποσείεσθαι,
1413 5763 1553 5833 καὶὴ
1576 5765 1711 5835 γυνὴ
1729 5764 1947 5818 ἔναυλον

348 5919 374 5947 ⁸
399 5916 602 5978 Quidam
625 5928 738 5965 mss.
765 5931 840 5963 σοι
876 5915 1066 5987 κύριον.¹

1103 284 1160 342 S.
1197 281 1482 340 JOANNIS
1518 276 2009 362 C'IIIHSUSTOMI
2045 276 2365 336 ARCIHEP.
2405 273 2950 334 CONSTANTINUP.

3620 264 3718 323 H6

2052 393 2250 464 ἔχουσα
2275 393 2374 466 τὴν
2409 391 2676 466 τιμωρίαν
2723 391 2790 462 ἣν
2823 388 3042 454 ἐδέξατο
3070 387 3105 456 ἡ
3153 385 3269 440 Εὕα
3322 383 3422 456 τὴν
3471 382 3722 466 ὀλεθρίαν

2050 477 2264 550 ἐκείνην
2297 465 2604 547 συμϐουλὴν
2630 470 2996 543 εἰσαγαγοῦσα
3019 468 3098 541 τῷ
3130 467 3316 540 ἀνδρὶ,
3351 468 3438 550 μὴ
3465 465 3720 550 τολμάτω

2047 549 2270 613 τοιαῦτα
2290 556 2696 629 συμϐουλεύειν,
2725 555 2859 628 μηδέ
2883 551 3152 624 μιμείσθω
3176 551 3274 621 τὴν
3289 549 3455 614 Εὔαν,
3478 549 3616 604 ἀλλά
3641 550 3721 622 τῷ

2052 640 2408 712 ὑποδείγματι
2429 639 2479 712 μ
2490 639 2583 712 47]
2606 657 2719 709 σωφ
2729 637 3018 709 ρονιζέσθω
3037 635 3265 690 κάκεῖνα
3281 631 3720 706 συμϐουλευέτω,

2051 727 2088 779 ἀ
2113 723 2206 778 καὶ
2238 722 2405 794 αὐτὴν
2439 722 2532 776 καὶ
2572 721 2662 774 τὸν
2699 719 2867 791 ἀνδρα
2899 717 3080 788 πάσης
3118 715 3414 782 ἀπαλλάξει
3443 715 3720 780 κολάσεως

2050 809 2143 862 καὶ
2187 806 2479 878 τιμωρίας.
2521 803 2662 858 Ἀλλ’
2700 804 2793 858 ἐπὶ
2818 803 2880 858 τὸ
2921 800 3281 874 προκείμενον
3311 797 3716 878 ἐπανέλθωμεν.

2055 889 2140 956 Τῷ
2168 877 2468 960 δὲἍδὰμ,
2499 888 2682 960 φησὶν.
2707 883 2877 942 εἶπεν
2905 890 2938 940 ό
2974 885 3140 952 Θεός·
3157 885 3276 937 Ὀτι
3307 881 3584 950 ἥκοι-σας
3611 877 3720 950 τῆς

2050 953 2254 1044 φωνῆς
2280 971 2388 1042 τῆς
2402 953 2690 1043 γυιιίαικάς
2705 987 2842 1036 σου,
2865 971 2959 1024 καί
2978 971 3197 1040 ἔφαγες
3223 967 3342 1024 άπὸ
3373 966 3480 1022 τοῦ
3501 965 3715 1031 ξύλου.

2048 1052 2122 1113 οὗ
2151 1054 2542 1125 ἐνετειλάμην
2585 1070 2684 1110 σοι
2720 1055 2928 1109 τούτου
2973 1053 3168 1122 μόνον
3213 1051 3300 1122 μὴ
3337 1048 3569 1120 φαγεῖν,
3615 1049 3717 1103 ἀπ’

2049 1137 2234 1192 αὑτοῦ
2261 1137 2500 1207 ἔφαγες.
2543 1135 2780 1209 Ἐπειδὴ,
2803 1134 3206 1208 φησὶ,τοσαύτῃ
3230 1133 3472 1206 ῥᾳθυμίᾳ
3489 1133 3719 1205 ’ἐχρήσω

2051 1221 2180 1292 περί
2209 1221 2308 1292 τὴν
2333 1219 2582 1292 φυλακὴν
2609 1221 2711 1290 τῆς
2739 1220 2871 1291 παρ’
2901 1219 3035 1290 ἐμοῦ
3062 1218 3310 1290 δοθείσης
3331 1217 3572 1290 ἐντολῆς,
3622 1218 3719 1271 καί⁸

2051 1302 2175 1357 οὔτε
2208 1305 2238 1356 ό
2265 1303 2451 1373 φόϐος,
2483 1301 2608 1356 οῦτε
2633 1302 2696 1356 τὸ
2725 1301 3064 1378 προλαϐόντα
3106 1319 3174 1374 με
3212 1300 3617 1356 διαστείλασθαι
3649 1299 3719 1355 τά

2053 1388 2313 1460 μέλλοντα
2340 1387 2713 1459 συμϐήσεσθαι
2747 1387 2876 1458 ὑμῖν
2901 1385 3008 1440 ἀπὸ
3037 1385 3134 1456 τῆς
3170 1385 3444 1456 βρώσεως,
3468 1383 3719 1456 ώφέλησέ

2049 1489 2103 1526 τι
2137 1471 2190 1537 δ,
2219 1470 2334 1525 ἀλλ’
2359 1471 2440 1534 είς
2467 1468 2738 1540 τοσαύτην
2769 1468 2964 1523 κακίαν
3003 1467 3316 1533 ἐξώκειλας,
3341 1466 3418 1530 ὡς
3457 1469 3534 1538 μὴ
3559 1468 3720 1538 δυνη-

2052 1553 2216 1625 θῆναι
2240 1553 2374 1626 μηδέ
2409 1551 2504 1608 τοῦ
2539 1553 2658 1617 ἐνὸς
2691 1553 3024 1622 ἀποσχέσθαι
3045 1551 3204 1620 ξύλου
3241 1551 3382 1622 μετά
3410 1551 3510 1624 τὴν
3529 1552 3721 1606 τοσαύ-

2049 1654 2150 1708 την
2169 1637 2465 1690 ἀπόλαυσιν
2485 1652 2498 1666 ·
2535 1634 2622 1690 διὰ
2647 1634 2806 1689 τοῦτο
2853 1633 3316 1703 Ἐπικατάρατος
3359 1633 3532 1689 ἔσται
3564 1635 3602 1702 ἡ
3638 1633 3717 1706 γῆ

2049 1718 2120 1773 ἐν
2147 1715 2270 1782 τοῖς
2295 1715 2490 1784 ἔργοις
2513 1729 2651 1769 σου.
2678 1716 2819 1786 Ὅρα
2844 1712 3252 1786 φιλανθρωπίαν
3281 1711 3574 1778 Δεσπότου,
3601 1715 3718 1778 πῶς

2054 1795 2154 1868 μὲν
2181 1796 2272 1852 τὸν
2297 1795 2422 1863 ὅφιν
2477 1797 2837 1866 τιμωρεῖται,
2877 1795 2994 1859 πῶς
3063 1793 3120 1848 δέ
3185 1794 3246 1847 τὸ
3289 1793 3504 1862 λογικὸν
3559 1793 3720 1848 τοῦτο

2053 1873 2210 1940 ζῶον.
2251 1873 2477 1946 Ἐκείνῳ
2513 1873 2621 1947 γάρ
2645 1890 2832 1944 φησιν,
2871 1873 3336 1941 Ἐπικατάρατος
3355 1873 3436 1928 σὺ
3459 1873 3574 1928 άπὸ
3607 1873 3720 1944 τῆς

2051 1953 2199 2026 τῆς;
2229 1954 2461 2008 ἐνταῦθα
2503 1953 2561 2009 δὲ
2589 1955 2688 2025 οὐχ
2717 1953 2911 2019 οὕτως.
2945 1953 3106 2007 Ἀλλά
3133 1955 3224 2019 τίς
3268 1952 3721 2023 Ἐπικατάρατος

2053 2036 2093 2104 ἠ
2133 2032 2208 2105 γῆ
2237 2035 2306 2087 ἐν
2349 2033 2472 2100 τοῖς
2507 2035 2704 2103 ἔργοις
2755 2049 2893 2088 σου.
2928 2033 3038 2088 Καὶ
3065 2033 3310 2096 εἰκότως.
3356 2033 3574 2104 Ἐπειδὴ
3609 2033 3720 2104 γάρ

2051 2112 2141 2166 διά
2167 2113 2259 2167 τὸν
2287 2112 2573 2185 ἄνθρωπον
2585 2113 2858 2186 παρήχθη,
2875 2113 2961 2167 ἵνα
2989 2112 3163 2177 οὕτως
3178 2111 3472 2166 ἀπολαύειν
3496 2112 3721 2184 δύνηται

2053 2193 2161 2248 τῶν
2187 2193 2246 2261 ἐξ
2283 2194 2452 2265 αὐτῆς
2499 2193 2916 2264 ἀναδιδομένων,
2963 2192 3051 2247 διὰ
3098 2193 3258 2246 τοῦτο
3307 2192 3470 2248 πάλιν
3507 2192 3596 2246 διὰ
3629 2193 3722 2246 τὸν

2053 2273 2340 2346 ἄνθρωπον
2378 2274 2694 2344 ἁμαρτόντα
2721 2272 2896 2345 ταύτῃ
2931 2274 3030 2345 τὴν
3069 2273 3311 2344 κατάραν
3360 2271 3666 2343 ἐπιτίθησιν
3702 2289 3718 2304 ·

2056 2351 2244 2423 ἐπειδὴ
2267 2354 2300 2424 ὴ
2325 2353 2404 2416 είς
2435 2352 2606 2424 αὐτὴν
2638 2353 2853 2425 κατάρα
2878 2353 3040 2408 πάλιν
3067 2351 3160 2407 τοῦ
3185 2349 3473 2424 ἀνθρώπου
3493 2353 3718 2424 ἐλυμαί-

2054 2448 2176 2486 νετο
2212 2433 2276 2503 τῇ
2311 2431 2494 2485 ἀνέσει
2523 2431 2620 2486 καὶ
2652 2435 2718 2502 τῇ
2743 2431 2917 2503 ἀδείᾳ,
2951 2431 3424 2500 Ἐπικατάρατος,
3449 2434 3634 2504 φησὶν,
3682 2433 3720 2500 ἠ

2053 2508 2131 2580 γῆ
2162 2511 2232 2564 ἐν
2253 2511 2378 2577 τοῖς
2403 2509 2598 2581 ἔργοις
2625 2525 2762 2566 σου.
2795 2507 2928 2566 Εἶτα
2955 2512 3042 2566 ἵνα
3075 2511 3252 2584 μάθῃς
3275 2511 3333 2565 τί
3358 2515 3528 2578 ἐστιν,
3565 2513 3723 2566 Ἐπι-

2054 2591 2404 2658 κατάρατος,
2420 2593 2720 2661 ἐπήγαγεν,
2757 2593 2858 2646 Ἑν
2877 2594 3100 2659 λύπαις
3129 2593 3287 2662 φάγῃ
3304 2592 3500 2662 αὐτὴν
3518 2593 3724 2658 πάσας

2053 2673 2162 2736 τὰς
2187 2669 2411 2740 ἡμέρας
2438 2669 2549 2740 τῆς
2580 2669 2730 2739 ζωῆς
2753 2687 2890 2725 σου.
2925 2672 3068 2744 Ὅρα
3099 2672 3335 2744 ἑκάστην
3355 2671 3624 2743 τιμωρίαν
3644 2672 3721 2744 τῷ

2054 2751 2210 2805 αἰῶνι
2245 2753 2761 2824 παρεκτεινομένην,
2793 2754 2880 2808 ἵνα
2912 2752 2986 2825 μὴ
3010 2753 3169 2825 μόνον
3197 2753 3349 2807 αὐτοὶ
3368 2753 3720 2820 κερδάνωσιν,

2051 2829 2188 2885 ἀλλά
2214 2831 2308 2884 καὶ
2333 2833 2382 2884 οί
2408 2833 2486 2896 είς
2513 2831 2574 2885 τὸ
2601 2831 2730 2903 ἑξῆς
2756 2831 3038 2903 μέλλοντες
3058 2832 3298 2902 γίνεσθαι
3323 2833 3390 2886 δι’
3416 2833 3594 2887 αὐτῶν
3614 2835 3722 2886 τῶν

2053 2911 2396 2982 πραγμάτων
2419 2911 2798 2976 διδάσκωνται,
2829 2911 2993 2966 πόθεν
3014 2913 3198 2976 αὐτοῖς
3221 2912 3287 2966 τὰ
3325 2913 3422 2985 τῆς
3451 2913 3724 2983 τιμωρίας

2053 2988 2256 3060 ταύτης
2288 2989 2502 3061 ἐπήχθη
2520 3006 2534 3020 ·
2566 2991 2670 3046 Ἐν
2687 2992 2927 3058 λύπαις,
2951 2993 3104 3064 φησὶ,
3122 2990 3281 3062 φάγῃ
3311 2991 3503 3059 αὐτὴν
3517 2992 3722 3064 πάσας

2052 3067 2159 3134 τὰς
2176 3068 2400 3137 ἡμέρας
2419 3067 2526 3138 τῆς
2555 3069 2702 3139 ζῖυῆς
2729 3086 2866 3126 σου.
2891 3062 3024 3125 Εἶτα
3041 3070 3427 3144 ἀκριϐέστερον
3454 3062 3723 3126 διδάσκων

2051 3147 2150 3218 τῆς
2182 3149 2426 3219 κατάρας
2463 3152 2524 3204 τὸ
2547 3147 2704 3215 εἶδος,
2743 3153 2837 3205 καὶ
2885 3152 2986 3222 τῆς
3023 3149 3204 3223 λύπης
3238 3152 3338 3223 τὴν
3383 3151 3580 3213 αἰτίαν,
3623 3153 3724 3204 ἐπ-

2051 3228 2280 3298 ήγαγεν·
2323 3227 2614 3296 Ἀκάνθας
2647 3230 2742 3284 καὶ
2769 3231 3084 3298 τριϐόλους
3111 3230 3390 3285 άνατελεῖ
3415 3246 3534 3285 σοι.
3586 3230 3721 3286 Ἰδοὺ

2050 3307 2150 3376 τῆς
2182 3305 2426 3378 κατάρας
2447 3307 2514 3362 τά
2539 3308 2925 3379 ὑπομνήματα»
2967 3308 3254 3372 Ἀκάνθας,
3281 3311 3469 3380 φησὶν,
3494 3307 3722 3364 ἐκδώσει

2052 3385 2148 3437 καὶ
2183 3384 2459 3456 τριϐόλους
2477 3403 2492 3418 ·
2523 3385 2663 3440 ὥστε
2697 3386 2862 3441 πολὺν
2887 3389 2977 3440 τὸν
3006 3387 3164 3441 πόνον
3193 3389 3286 3442 καὶ
3317 3388 3413 3458 τὴν
3443 3389 3722 3442 ταλαιπω-

2057 3464 2176 3533 ρίαν
2227 3467 2590 3537 ἐργάσασθαι,
2642 3468 2735 3521 καὶ
2788 3467 2925 3537 μετά
2973 3466 3150 3540 λύπης
3184 3467 3362 3521 πάντα
3389 3469 3479 3522 τδν
3531 3469 3721 3540 χρόνον

2051 3544 2256 3613 διάγειν
2285 3562 2345 3598 σε
2375 3546 2608 3617 ποιήσω,
2637 3546 2724 3598 ἵνα
2745 3545 2900 3599 τοῦτο
2925 3546 3138 3616 χαλινός
3168 3563 3248 3600 σοι
3273 3546 3496 3616 γένηται
3525 3545 3616 3599 τοῦ
3644 3546 3722 3618 μὴ

2055 3623 2193 3696 ὑπὲρ
2223 3634 2245 3662 ο
2279 3623 2436 3692 ἀξίαν
2463 3624 2828 3694 φαντάζεσθαι
2847 3664 2861 3688 ,
2897 3624 3034 3680 ἀλλὰ
3072 3625 3337 3696 διηνεκῶς
3368 3627 3496 3699 ἔχῃς
3521 3627 3721 3678 ἐννοεῖν

2052 3705 2150 3777 τὴν
2172 3707 2368 3761 σαυτοῦ
2393 3705 2600 3772 οὐσίαν,
2627 3706 2720 3760 καὶ
2750 3707 3017 3778 μηδέποτε
3039 3707 3248 3776 ἀνάσχῃ
3269 3706 3490 3760 τοιαῦτα
3509 3705 3723 3776 ἀπατη-

2054 3785 2233 3856 θῆναι.
2262 3785 2370 3839 Καὶ
2402 3784 2565 3856 φάγῃ
2595 3783 2704 3838 τὸν
2739 3785 2958 3855 χόρτον
2983 3786 3090 3839 τοῦ
3129 3784 3333 3854 ἀγροῦ.
3392 3786 3494 3838 Ἐν
3515 3781 3721 3852 ἰδρὼτι

2054 3861 2160 3920 τοῦ
2198 3863 2522 3934 προσώπου
2547 3879 2664 3919 σου
2689 3865 2849 3934 φάγῃ
2886 3865 2992 3918 τὸν
3021 3863 3204 3932 ἄρτον
3232 3878 3372 3918 σου.
3415 3864 3554 3934 Ὅρα
3602 3863 3722 3927 πῶς

2053 3943 2381 4008 ἀπεναντίας
2399 3943 2497 4014 τῆς
2533 3945 2809 4016 προτέρας
2836 3945 3109 4014 διαγωγῆς
3161 3943 3229 3997 τά
3260 3943 3398 4014 μετά
3419 3945 3518 4015 τὴν
3545 3959 3722 4014 παρα-

2060 4023 2192 4096 κοὴν
2228 4024 2443 4079 ᾶπαντα
2470 4023 2618 4094 αῦτῷ
2655 4025 2889 4097 ἐπήχθη.
2939 4026 3080 4094 Ἐγὼ
3133 4025 3232 4096 μὲν
3257 4023 3388 4096 γὰρ,
3421 4026 3574 4094 φησὶ,
3611 4040 3722 4078 παι

2057 4101 2313 4173 ραγαγών
2347 4119 2406 4156 σε
2431 4105 2510 4167 εἰς
2539 4103 2691 4158 τόνδε
2714 4105 2802 4158 τὸν
2828 4107 3029 4176 κόσμον
3063 4104 3368 4176 ἠϐουλήθην
3390 4103 3516 4158 ἀνευ
3546 4103 3721 4172 λύπης

2053 4183 2149 4235 καὶ
2184 4181 2396 4258 μόχθων
2430 4183 2524 4236 καί.
2548 4183 2922 4258 ταλαιπωρίας
2963 4186 3056 4238 καὶ
3083 4186 3210 4239 ἄνευ
3247 4184 3484 4257 ἱδρώτων
3515 4183 3722 4252 διάγειν

2055 4278 2138 4328 σε,
2160 4263 2254 4316 καὶ
2274 4257 2338 4316 ἐν
2360 4261 2656 4317 ἀπολαύσει
2694 4257 2830 4316 εἶναι
2859 4263 2952 4316 καὶ
2980 4263 3271 4335 εὐημερίᾳ,
3303 4262 3396 4316 καὶ
3436 4261 3570 4334 μηδέ
3597 4263 3720 4327 ταῖς

2053 4339 2149 4394 τοῦ
2185 4339 2435 4410 σώματος
2460 4341 2727 4410 ἀνάγκαις
2749 4340 3086 4404 ὑποκεῖσθαι,
3111 4343 3248 4396 ἀλλά
3270 4341 3484 4394 πάντων
3514 4339 3724 4394 τούτων

2055 4418 2421 4490 ἀπηλλάχθαι,
2447 4420 2540 4474 καί
2557 4421 2617 4472 ἐν
2645 4419 2927 4492 ἐλευθερίᾳ
2949 4419 3138 4493 πάσῃ·1
3154 4422 3462 4492 τυγχάνειν.
3500 4417 3721 4490 Ἐπειδὴ

2053 4497 2110 4551 δέ
2139 4498 2237 4552 οὐκ
2264 4498 2442 4568 ῶνησέ
2464 4513 2524 4550 σε
2553 4499 2586 4568 ή
2615 4498 2850 4568 τοσαύτη
2875 4499 3048 4564 ἄδεια,
3071 4500 3160 4553 διά
3194 4501 3349 4553 τοῦτο
3377 4498 3470 4553 καὶ
3490 4499 3592 4571 τὴν
3614 4497 3721 4568 γῆν

2055 4580 2456 4650 καταράσομαι,
2491 4575 2632 4630 ῶστε
2663 4577 2737 4649 μὴ
2765 4579 3022 4647 ἀσπαρτά
3053 4595 3134 4632 σοι
3161 4579 3257 4633 καὶ
3291 4579 3530 4650 ἀνήροτα
3552 4619 3567 4642 ,
3615 4595 3719 4632 κα·-

2055 4656 2231 4728 θάπερ
2262 4657 2562 4727 πρότερον,
2609 4655 2680 4709 τὰ
2707 4657 2770 4721 ἐξ
2819 4659 2990 4728 αὐτῆς
3039 4658 3392 4729 ἀναδιδόμενα
3435 4659 3716 4728 παρέχειν,

2053 4735 2190 4789 ἀλλά
2224 4736 2316 4788 καὶ
2344 4737 2480 4806 μετά
2506 4735 2701 4789 πολλοῦ
2731 4735 2824 4789 τοῦ
2855 4737 3036 4800 πόνου,
3059 4739 3154 4792 καὶ
3178 4737 3272 4791 τοῦ
3305 4735 3505 4808 μόχθου
3536 4735 3714 4808 [148],

2054 4813 2148 4868 καὶ
2184 4814 2282 4884 τῆς
2310 4814 2703 4886 ταλαιπωρίας.
2733 4816 2826 4869 καὶ
2847 4817 3044 4880 λύπαις
3075 4833 3133 4870 σε
3161 4815 3431 4886 διηνεκέσι
3464 4815 3558 4870 καὶ
3586 4817 3720 4870 ἀθυ-

2056 4893 2208 4964 μίαις
2239 4904 2264 4932 ο
2311 4894 2609 4966 περιϐαλῶ,
2655 4896 2749 4950 καὶ
2783 4895 2920 4967 μετά
2951 4894 3189 4968 ἱδρώτων
3222 4896 3398 4950 πάντα
3433 4911 3493 4948 σε
3526 4911 3722 4965 κατορ-

2053 4970 2181 5024 θοῦν
2205 4975 2610 5044 παρασκευάσω
2642 4975 2730 5028 ίνα
2765 4974 2974 5038 τούτοις
3029 4974 3346 5045 πιεζόμενος
3397 4973 3528 5046 ἔχῃς
3571 4973 3717 5026 διδα-

2055 5050 2281 5104 σκαλίαν
2322 5050 2545 5122 διηνεκῆ
2580 5051 2674 5106 τοῦ
2720 5054 3052 5124 μετριάζειν,
3084 5054 3177 5106 καὶ
3205 5053 3304 5123 τὴν
3332 5053 3526 5106 ἑαυτοῦ
3555 5052 3717 5123 φύσιν

2052 5129 2451 5198 ἐπιγινώσκειν.
2467 5133 2576 5186 Καὶ
2600 5132 2759 5186 τοῦτο
2777 5134 2837 5186 οὐ
2857 5134 2991 5204 πρὸς
3007 5132 3185 5202 ὀλίγον
3200 5133 3320 5187 οὐδὲ
3348 5133 3486 5204 πρὸς
3512 5133 3720 5204 βραχὺν

2054 5211 2242 5281 χρόνον
2274 5209 2448 5275 ἔσται,
2476 5211 2612 5264 ἀλλά
2641 5212 2803 5265 παντὶ
2832 5209 2909 5282 τῷ
2932 5212 3031 5281 τῆς
3055 5212 3200 5282 ζωῆς
3228 5212 3402 5282 χρόνῳ
3441 5228 3719 5282 παρεκτα-

2053 5290 2295 5357 θήσεται.
2345 5289 2441 5343 Ἐν
2477 5288 2672 5358 ἱδρῶτι
2720 5289 2828 5360 γὰρ
2875 5288 2983 5343 τοῦ
3031 5290 3354 5358 προσώπου
3389 5307 3505 5344 σου
3554 5289 3718 5360 φάγῃ

2053 5368 2158 5420 τὸν
2183 5369 2364 5438 ἄρτον
2391 5386 2528 5434 σου,
2556 5368 2668 5436 ἕως
2680 5369 2785 5424 τοῦ
2816 5369 3193 5438 ἀποστρέψαι
3231 5385 3306 5424 σε
3337 5371 3424 5430 είς
3445 5369 3560 5436 τὴν
3578 5368 3716 5438 γῆν,

2052 5447 2121 5510 ἐξ
2154 5443 2229 5518 ἧς
2277 5449 2584 5518 ἐλήφθης·
2622 5448 2712 5503 ὅτι
2743 5448 2820 5519 Tn"
2852 5445 2926 5514 εἴ,
2981 5450 3080 5504 καί
3116 5451 3203 5514 είς
3244 5446 3361 5518 γῆν
3377 5449 3718 5522 άπελεύσῃ.

2113 5604 2142 5644 δ
2173 5605 2401 5668 Ὠφέλησὲ
2427 5621 2472 5655 τι
2491 5607 2633 5658 deest
2653 5606 2703 5657 i
2725 5607 2918 5668 λίθεοι,
2935 5609 3022 5658 sed
3044 5609 3094 5658 in
3119 5608 3229 5657 aliis
3250 5606 3446 5669 legilur.
3474 5600 3582 5657 Mox
3607 5610 3720 5668 qui-

2050 5666 2158 5714 d:un
2191 5666 2304 5715 ιιιές.
2333 5678 2381 5715 εἰ
2409 5671 2557 5718 δίη-Η.
2583 5671 2646 5730 μὴ
2677 5666 2989 5726 δύνασθαιείς
3009 5670 3246 5727 τοσαύτην
3268 5666 3456 5716 κακίαν.
3481 5666 3636 5718 Sauli
3654 5681 3716 5718 ex

2051 5731 2327 5792 cpnjm-tura
2353 5731 2593 5792 βλακείαν,
2621 5733 2697 5780 cui
2726 5732 2925 5779 lectiuni
2953 5745 3228 5792 congruere
3259 5730 3452 5778 videtur
3471 5732 3720 5792 interpres

2058 5787 2261 5852 Latinus
2306 5787 2464 5844 uitus,
2509 5791 2592 5850 qui
2638 5795 2786 5841 vertit
2817 5787 3082 5843 ιιιοίιίιὶιηιῖ.
3153 5797 3174 5824 ο
3203 5793 3325 5852 Reg.
3353 5804 3480 5839 unus
3499 5793 3558 5838 τὰ
3582 5787 3716 5852 οπερ.

2058 5844 2088 5919 (ξ
2113 5852 2249 5919 ΙΙάςῃ
2274 5853 2408 5919 (ξιιινδί
2437 5853 2481 5919 ip
2515 5844 2778 5919 R06._Ilﬂ0.
2852 5869 2872 5896 ε
2913 5858 3000 5903 Καὶ
3027 5856 3238 5918 ἀθυμίαις
3262 5844 3401 5904 άίὶοδί
3421 5868 3446 5904 a
3471 5853 3590 5917 Reg.
3621 5844 3720 5902 ωίο

2059 5913 2206 5966 Sani}.
2237 5913 2360 5960 mulc
2388 5914 2651 5974 ,ἐξίιιμίαιςξ

3543 6005 3571 6060 ν
