4122 6204
480 282 583 339 MS

479 408 530 452 et
556 394 711 462 cujus
750 399 954 449 natura:
985 390 1285 463 particeps,
1326 398 1381 447 et
1408 400 1624 463 propter
1650 407 1810 463 quem
1838 391 2066 448 formata

480 504 573 555 es,
603 485 1020 543 familiaritatem
1051 498 1171 540 cum
1200 493 1450 554 serpente
1496 485 1633 539 mala
1662 485 1747 539 illa
1776 485 1942 541 bestia
1973 484 2069 539 hac

485 580 610 635 bere
634 620 650 645 ,
698 585 753 633 et
780 576 897 646 ejus
924 576 1169 644 accipere
1197 574 1475 630 consilium
1502 576 1713 631 voluisti
1744 594 1756 629 :
1791 587 2072 647 propterea

485 670 706 739 posthac
733 667 805 722 illi
834 674 885 722 te
910 665 1158 735 subjicio,
1188 673 1242 720 et
1272 664 1420 721 illum
1446 665 1720 721 dominum
1752 675 1899 722 tuum
1926 682 2075 722 asse-

484 775 578 824 ro,
625 768 685 814 ut
727 757 870 815 illius
914 756 1119 812 scilicet
1160 755 1456 811 dominium
1501 771 1760 828 agnoscas
1802 775 1816 812 :
1857 767 1912 813 et
1953 759 2073 829 quia

485 850 757 907 ramosa
807 849 1109 919 imperare,
1156 847 1303 903 disce
1351 847 1488 904 bene
1537 864 1746 919 parcre.
1789 849 1871 902 Ad
1915 849 2075 903 virum

484 942 629 998 enim
663 951 802 996 tuum
826 981 843 1008 ,
877 940 1067 1010 inquit,
1096 941 1352 994 conversio
1380 949 1465 993 tua
1487 982 1502 1005 ,
1534 950 1581 995 et
1605 940 1712 1010 ipse
1738 940 2078 995 dominabitur

487 1034 580 1087 tui.
611 1032 797 1087 Melius
825 1039 908 1087 est
937 1040 989 1085 ut
1027 1039 1080 1085 tu
1119 1030 1219 1087 sub
1248 1031 1339 1087 illo
1368 1031 1476 1096 sis,
1524 1040 1578 1087 et
1620 1031 1766 1086 illum
1801 1030 2074 1087 ddminum

491 1122 707 1187 habeas,
754 1138 914 1193 quam
959 1122 1129 1178 libere
1174 1131 1228 1178 et
1267 1138 1388 1178 cum
1438 1132 1701 1193 potestate
1748 1124 1930 1180 vivens
1980 1140 2077 1195 per

490 1214 779 1283 Iwwcipitia
807 1214 1014 1268 feraris.
1042 1213 1175 1268 Nam
1204 1222 1259 1269 et
1287 1229 1425 1284 equo
1451 1216 1628 1270 utilius
1654 1225 1735 1271 est
1762 1218 1912 1272 freno
1940 1218 2072 1288 regi,

486 1316 541 1360 ct
568 1308 865 1375 composite
891 1306 1177 1378 progredi,
1209 1322 1368 1377 quam
1398 1310 1514 1363 sine
1544 1308 1637 1363 illo
1667 1324 1760 1379 per
1785 1310 2076 1380 prmeipitia

488 1395 636 1452 ferri.
673 1398 855 1468 Itaque
882 1396 1230 1453 considerans
1255 1397 1382 1468 quid
1419 1397 1511 1453 tibi
1541 1399 1610 1454 sit
1637 1399 1764 1455 utile
1784 1441 1798 1467 ,
1827 1399 1893 1455 ad
1924 1400 2076 1456 illum

448 1557 467 1575 ‘
491 1501 542 1547 te
566 1490 763 1547 habere
785 1491 906 1547 volo
930 1490 1335 1546 conversionem
1362 1508 1373 1544 :
1402 1491 1539 1546 sicut
1559 1493 1798 1562 corporis
1819 1502 1903 1548 est
1920 1501 2079 1562 caput

486 1583 663 1655 sequi,
693 1593 747 1638 et
776 1582 1073 1639 dominium
1101 1582 1218 1653 ejus
1241 1584 1476 1640 suaviter
1499 1599 1807 1653 agnoscere.
1835 1585 1958 1643 Scio
1982 1599 2101 1642 vos

487 1675 756 1731 dictorum
778 1674 932 1748 copia
962 1673 1167 1745 fatigari
1193 1691 1209 1741 ;
1237 1674 1330 1730 sed
1353 1675 1659 1730 excitemiui
1686 1676 2076 1747 aliquantulum

486 1783 619 1831 oro,
648 1783 717 1823 ne
746 1766 1119 1838 imperfectum
1163 1767 1423 1838 judicium
1469 1768 1834 1839 relinquamus
1854 1810 1872 1837 ,
1905 1786 2078 1841 neque

486 1859 675 1916 relicto
716 1860 892 1915 adhuc
931 1859 1112 1930 judice
1150 1860 1378 1918 sedente
1405 1860 1739 1918 discedamus
1768 1881 1782 1919 :
1813 1864 2077 1935 siquidem

487 1949 657 2004 ferme
688 1949 753 2002 ad
784 1950 942 2004 ﬁnem
974 1951 1336 2020 pervenimus.

560 2041 613 2095 9.
656 2040 941 2097 Videamus
984 2041 1163 2112 itaque
1205 2043 1334 2117 quid
1374 2053 1496 2114 post
1535 2057 1836 2101 sermonem
1866 2046 2074 2101 mulieri

489 2130 730 2197 laetum,
779 2133 894 2189 viro
938 2133 1119 2202 dicat,
1168 2146 1222 2191 et
1264 2152 1423 2207 quam
1475 2138 1548 2193 illi
1595 2153 1808 2208 poenam
1852 2137 2071 2209 inlligat.

498 2223 584 2277 l7.
619 2223 747 2277 Adae
771 2234 937 2278 autem
965 2225 1093 2280 dixit
1119 2242 1137 2281 :
1163 2227 1292 2295 Quia
1333 2229 1523 2283 audisti
1550 2245 1716 2283 vocem
1754 2230 1925 2299 uxori;
1959 2243 2081 2293 tute.

489 2324 536 2369 ct
561 2316 825 2371 eomedisti
859 2318 923 2371 de
949 2317 1121 2389 ligno,
1168 2320 1231 2374 de
1273 2337 1374 2392 quo
1411 2320 1645 2376 mandavi
1674 2323 1764 2377 tibi
1786 2364 1804 2390 ,
1849 2334 1904 2377 ut
1929 2339 1991 2378 ex
2017 2338 2077 2377 eo

486 2413 597 2465 solo
625 2427 725 2466 non
766 2412 1018 2478 comedas,
1064 2413 1129 2467 de
1170 2412 1261 2468 illo
1306 2416 1418 2484 ipso
1461 2416 1765 2480 comedlsti;
1810 2416 2077 2471 maledicta

480 2510 623 2567 terra
648 2501 699 2555 in
726 2502 961 2572 operibus
984 2504 1105 2558 tuis.
1138 2502 1202 2559 In
1224 2506 1465 2560 toi-amnis
1488 2507 1717 2561 eomedes
1744 2506 1889 2562 illaut
1912 2510 2077 2563 omni-

484 2591 582 2647 bus
601 2591 776 2647 diebus
797 2593 910 2648 rita:
927 2602 1048 2650 tute.
1077 2593 1164 2650 18.
1188 2594 1384 2665 Spinas
1407 2603 1453 2651 et
1476 2595 1684 2653 tribulos
1705 2598 1793 2652 tibi
1811 2599 2075 2669 producet,

484 2693 537 2737 et
562 2683 791 2739 comedes
815 2683 1005 2753 [imum
1032 2686 1164 2756 agri.
1198 2685 1284 2742 i9.
1310 2685 1378 2741 In
1401 2687 1587 2742 sudore
1609 2690 1759 2760 faciei
1788 2700 1889 2745 tua
1912 2707 2076 2745 vesce-

486 2774 559 2827 ris
588 2790 721 2843 pane
752 2783 838 2829 tuo
859 2815 877 2841 ,
923 2775 1082 2830 donec
1124 2779 1386 2833 revertaris
1431 2786 1486 2833 tu
1527 2780 1581 2833 in
1609 2789 1795 2834 terram
1810 2822 1828 2847 ,
1871 2782 1935 2836 de
1974 2797 2074 2851 qua

485 2876 717 2935 sumptus
734 2883 792 2929 es
816 2882 838 2921 :
863 2868 983 2939 quia
1012 2878 1147 2923 terra
1164 2886 1236 2937 es,
1268 2880 1313 2925 et
1339 2872 1391 2925 in
1417 2880 1603 2927 terram
1628 2873 1806 2929 abibis.
1839 2874 2071 2929 Plurima

484 2967 541 3011 et
569 2957 855 3013 ineﬂ‘abilis
885 2959 1048 3016 etiam
1077 2960 1180 3015 bne
1206 2960 1325 3016 loco
1351 2964 1649 3020 ostenditur
1674 2964 1883 3019 Domini
1908 2967 1922 2997 ¹
1946 2981 2071 3036 erga

487 3051 756 3105 hominem
790 3051 1120 3122 providentia
1150 3062 1201 3109 et
1228 3069 1353 3109 cura
1384 3072 1397 3107 ε
1428 3054 1521 3111 sed
1549 3056 1825 3112 audiamus
1849 3058 2074 3127 diligen-

483 3153 567 3198 ter
612 3144 1027 3216 unumquodque
1070 3145 1356 3200 dictorum.
1391 3147 1515 3201 Adae
1542 3158 1707 3202 autem
1737 3149 1866 3203 dixit
1893 3165 1911 3203 :
1941 3147 2073 3214 Quia

480 3236 670 3290 audisti
695 3253 862 3291 vocem
891 3238 1062 3291 uxoris
1087 3247 1205 3303 tuae,
1233 3247 1279 3291 et
1303 3240 1564 3293 comedisti
1588 3241 1654 3293 de
1679 3241 1816 3311 ligno
1835 3283 1851 3306 ,
1883 3241 1945 3294 de
1971 3257 2072 3313 quo

485 3348 821 3402 pra-ceperam
864 3331 973 3398 tibi,
1021 3341 1076 3385 ut
1104 3349 1168 3387 ea:
1193 3349 1251 3386 eo
1274 3334 1388 3387 solo
1432 3349 1532 3387 non
1574 3334 1839 3398 comedas,
1881 3334 1945 3387 de
1981 3335 2072 3390 illo

480 3424 593 3490 ipso
629 3423 909 3477 comedisti.
942 3422 1241 3489 Quoniam,
1289 3424 1498 3495 inquit,
1543 3425 1741 3480 audisti
1790 3427 2068 3481 mulierem

480 3524 650 3580 tuam,
682 3524 737 3569 et
760 3515 1037 3570 comedisti
1067 3515 1135 3570 de
1165 3516 1309 3586 ligno
1331 3558 1345 3582 ,
1391 3525 1445 3571 ct
1470 3518 1751 3572 consilium
1779 3518 1921 3573 illius
1949 3535 2071 3575 meo

485 3607 739 3660 mandato
763 3607 931 3676 pluris
962 3606 1168 3672 fecisti,
1197 3618 1251 3663 et
1278 3609 1493 3662 noluisti
1521 3610 1591 3663 ab
1616 3610 1776 3666 unico
1803 3611 1904 3667 hoc
1929 3613 2070 3684 ligno

483 3696 773 3762 abstinere,
818 3698 887 3752 de
929 3713 1034 3767 quo
1063 3698 1181 3753 solo
1210 3699 1439 3769 prazcepi
1485 3700 1577 3756 tibi
1621 3716 1689 3756 ne
1715 3702 2068 3760 comederes:

485 3803 613 3842 num
654 3787 749 3843 tibi
800 3788 1024 3858 praecepi
1064 3799 1123 3844 ut
1162 3805 1192 3843 a
1239 3789 1421 3846 multis
1458 3790 1799 3847 abstineres?
1837 3794 1919 3850 Ab
1960 3810 2069 3850 uno

481 3878 622 3944 solo,
647 3887 703 3933 et
729 3893 902 3948 neque
928 3879 998 3935 ab
1027 3879 1119 3935 illo
1147 3880 1478 3945 abstinuisti,
1506 3881 1599 3939 sed
1626 3882 1822 3938 oblitus
1848 3885 2063 3940 manda.

486 3981 664 4025 torum
707 3984 948 4028 meorum
971 4012 988 4038 ,
1038 3972 1250 4027 mulieri
1295 3972 1720 4043 obtemperasti:
1766 3974 1966 4033 idcirco
2009 3992 2068 4031 re

484 4063 594 4133 ipsa
623 4063 831 4129 disces,
859 4074 1112 4134 quantum
1143 4065 1341 4121 malum
1368 4066 1443 4121 sis
1475 4077 1745 4137 operatus.

554 4154 752 4211 Uxores
777 4156 896 4210 viris
921 4172 1098 4225 parere
1121 4156 1322 4212 debent.
1351 4188 1421 4198 -—
1447 4159 1678 4215 Audiam
1703 4160 1823 4224 viri,
1848 4159 2067 4216 audiant

479 4248 767 4314 mulieres,
799 4258 854 4303 et
882 4248 959 4302 illi
985 4248 1201 4318 quidem
1223 4290 1239 4316 ,
1270 4258 1328 4304 ut
1352 4265 1420 4305 ne
1450 4250 1623 4305 {erant
1645 4266 1739 4305 eas
1768 4252 1903 4307 mala
1932 4268 2064 4308 cnn-

476 4341 753 4404 sulentes;
796 4338 880 4393 ha:
920 4348 1122 4405 autem,
1170 4350 1227 4394 ut
1264 4356 1333 4396 ne
1363 4341 1486 4397 talia
1530 4342 1830 4397 consulant.
1859 4341 1991 4398 Nam
2018 4344 2064 4400 si

478 4430 567 4485 hic
591 4430 749 4499 culpa
782 4429 835 4484 in
863 4430 1139 4486 mulierem
1185 4430 1378 4501 rejceta
1401 4473 1417 4498 ,
1449 4431 1647 4487 nullam
1677 4434 1884 4490 veniam
1915 4450 2064 4491 asse-

474 4530 674 4593 quutus
711 4529 831 4586 est,
876 4521 1088 4591 qualem
1132 4521 1253 4591 quis
1291 4520 1512 4578 haberet
1539 4524 1787 4591 veniam,
1833 4525 2062 4583 dicens:

476 4613 706 4683 Propter
732 4627 952 4669 uxorem
984 4612 1086 4669 boc
1110 4622 1165 4668 et
1193 4612 1296 4668 hoc
1341 4615 1591 4683 peccavi,
1634 4624 1692 4672 et
1731 4615 1836 4672 hoc
1871 4627 1927 4674 et
1963 4618 2066 4673 hoc

479 4705 622 4760 ieci?
668 4704 744 4759 Ea
786 4704 931 4760 enim
957 4703 1027 4760 de
1069 4718 1227 4759 causa
1258 4704 1358 4760 sub
1387 4713 1474 4759 tua
1503 4716 1767 4776 potestate
1794 4707 1933 4763 facta
1959 4717 2060 4775 est,

477 4804 532 4850 et
559 4794 810 4851 dominus
838 4795 957 4865 ejus
997 4796 1372 4866 pronuntiatus
1408 4810 1470 4852 es
1489 4837 1503 4860 ,
1537 4804 1595 4852 ut
1620 4798 1707 4853 illa
1736 4798 1828 4853 tibi
1855 4809 2058 4869 pareat,

474 4897 530 4942 et
561 4901 668 4942 non
706 4895 868 4955 caput
897 4887 1057 4956 pedes
1098 4894 1368 4958 sequatur.
1401 4887 1593 4944 Verum
1624 4903 1729 4943 non
1769 4905 1890 4943 raro
1912 4891 2060 4947 vide-

478 4991 597 5031 mus
640 4979 966 5033 contrarium
1008 4994 1107 5034 usu
1154 4979 1409 5046 evenire,
1454 4990 1508 5036 ut
1557 4979 1604 5036 is
1630 4979 1723 5052 qui
1751 4995 1852 5038 suo
1876 4983 2064 5039 ordine

475 5079 638 5138 caput
663 5083 783 5125 esse
804 5070 1050 5137 deberet,
1077 5086 1249 5141 neque
1276 5070 1468 5141 pedum
1493 5072 1736 5129 ordinem
1760 5084 1939 5130 servet
1966 5094 1978 5129 :
2009 5086 2064 5131 et

468 5173 537 5214 ea
585 5175 707 5228 qua:
736 5161 791 5215 in
836 5161 1030 5232 pedum
1077 5163 1198 5218 loco
1240 5173 1343 5229 est,
1387 5164 1440 5218 in
1484 5172 1644 5233 caput
1683 5165 2061 5221 constituatur.

472 5250 675 5307 Idcirco
710 5259 768 5306 et
805 5252 993 5307 beatus
1022 5251 1221 5310 Paulus
1265 5253 1519 5324 magister
1555 5253 1701 5311 orbis
1745 5255 1859 5311 haec
1882 5257 2062 5312 omnia

456 5341 771 5413 .prxvideus
796 5384 814 5409 ,
847 5342 1150 5400 clamabat:
1182 5343 1329 5399 Unde
1356 5360 1573 5415 namque
1596 5344 1696 5400 scis
1739 5345 1922 5402 mulier
1947 5388 1963 5415 ,
1994 5364 2062 5402 an

472 5426 643 5478 νὶηιηι
670 5429 748 5482 δίε
781 5435 1087 5491 salvatura.’
1128 5445 1219 5489 aut
1246 5436 1330 5503 qui
1374 5436 1473 5491 scis
1501 5436 1575 5490 vir
1597 5476 1617 5503 ,
1657 5453 1723 5491 an
1753 5453 1960 5492 uxorem
1991 5439 2062 5495 sis

1582 275 1648 333 lN
1685 277 1838 335 CAP.
1878 276 1967 333 Ill.
2006 276 2251 335 GENES.
2291 275 2519 333 iiOMlL.
2561 276 2722 334 XVii.

3648 284 3681 340 ⁵1
3692 285 3761 340 τε

2182 392 2419 463 diligenti
2466 407 2630 463 opera
2679 394 2819 449 male
2862 395 3230 452 consulentem
3275 397 3540 469 repellat.
3571 400 3761 455 mulier

2183 498 2309 538 vero
2338 498 2552 554 semper
2593 482 2645 539 in
2681 476 2936 539 memo‘ria
2965 486 3191 542 retineat
3219 488 3576 559 supplicium,
3618 492 3761 559 quod

2183 572 2308 629 Eva:
2346 573 2635 645 irrogatam
2666 584 2779 641 est,
2825 591 2943 646 qua:
2989 577 3291 647 pestiferum
3323 577 3454 634 illud
3480 580 3761 637 consilium

2181 664 2296 719 viro
2326 674 2660 735 suggesserat
2694 683 2707 720 :
2740 682 2808 721 ne
2849 666 3044 722 audeat
3077 668 3195 722 talia
3225 669 3509 726 consulere
3531 712 3547 738 ,
3593 686 3766 742 neque

2182 755 2418 811 imitetur
2456 754 2623 811 Evam
2654 775 2667 811 :
2699 752 2809 812 sed'
2838 756 2978 813 illius
3024 762 3267 829 exemplo
3299 761 3609 830 prudentior
3648 760 3761 828 liat,

2182 856 2235 902 et
2267 847 2389 902 talia
2418 848 2680 913 consulat,
2706 864 2824 919 qua:
2851 850 3021 920 ipsam
3050 858 3103 905 ct
3129 850 3299 905 virum
3331 853 3472 907 omni
3504 853 3763 924 supplicio

2183 938 2468 994 liberatura
2514 939 2639 994 sint.
2674 940 2838 995 Porro
2866 940 2932 995 ad
2968 942 3263 998 institutum
3309 943 3607 999 redeamus.
3642 943 3767 1000 Atla:

2182 1037 2348 1083 nutent
2375 1030 2501 1083 dixit
2533 1028 2670 1086 Deus
2706 1048 2725 1086 :
2756 1032 2888 1100 Quia
2926 1032 3120 1092 audisti
3147 1049 3314 1087 uocem
3358 1034 3528 1089 uxoris
3556 1043 3688 1101 tute,
3721 1046 3768 1090 et

2183 1119 2442 1175 comedisti
2469 1123 2531 1177 de
2577 1122 2713 1192 ligno
2736 1164 2751 1188 ,
2796 1123 2859 1177 de
2885 1141 2983 1193 quo
3011 1124 3229 1195 prmcepi
3271 1123 3361 1177 tibi
3396 1124 3459 1179 de
3485 1141 3543 1180 eo
3572 1126 3679 1179 solo
3710 1144 3771 1181 ne

2182 1211 2501 1278 comedens,
2546 1213 2610 1268 de
2654 1214 2744 1268 illo
2787 1215 2898 1284 ipso
2927 1214 3203 1270 comedisti.
3248 1213 3530 1283 Quoniam,
3577 1214 3769 1288 inquit,

2184 1312 2291 1359 tam
2318 1306 2591 1376 negligens
2618 1305 2760 1361 luisti
2792 1309 2843 1361 in
2868 1306 3200 1363 observando
3229 1306 3478 1363 mandato
3503 1323 3646 1375 meo,
3677 1325 3771 1362 ne.

2183 1411 2287 1467 que
2316 1397 2475 1451 timor
2506 1405 2555 1453 te
2582 1399 2839 1465 coercuit,
2870 1414 3041 1470 neque
3070 1397 3381 1471 praecedens
3408 1399 3771 1455 interminatio

2182 1488 2502 1545 calamitatis
2531 1505 2679 1545 esum
2728 1500 3139 1560 consequuturte
3170 1490 3263 1546 tibi
3308 1491 3595 1562 quidquam
3641 1506 3768 1562 pro-
3831 1506 3838 1513 '

2183 1579 2302 1647 fuit,
2329 1580 2425 1637 sed
2451 1582 2502 1636 in
2535 1590 2733 1637 tantam
2763 1584 3049 1654 nequitiam
3078 1583 3391 1655 pervenisti,
3423 1592 3480 1639 ut
3506 1599 3679 1654 neque
3702 1583 3770 1640 ab

2185 1672 2342 1727 unico
2369 1671 2469 1730 hoc
2499 1674 2642 1745 ligno
2669 1675 2759 1731 tibi
2791 1678 3191 1747 temperaveris,
3225 1678 3433 1733 tametsi
3461 1685 3539 1733 tot
3566 1687 3620 1733 et
3650 1687 3770 1733 tan-

2185 1762 2253 1818 tis
2284 1763 2378 1817 tibi
2407 1763 2510 1819 frui
2540 1766 2722 1821 liceret
2752 1785 2765 1822 :
2800 1766 2921 1823 ideo
2949 1767 3220 1822 Maledicta
3248 1768 3339 1824 erit
3366 1780 3500 1825 terra
3525 1769 3577 1823 in
3604 1770 3771 1840 operi-

2185 1854 2275 1908 bus
2315 1856 2435 1911 tuis.
2475 1856 2603 1913 Vide
2648 1858 3026 1931 benignitatem
3059 1860 3304 1928 Domini,
3350 1860 3618 1931 quomodo
3658 1877 3769 1918 ser-

2185 1957 2397 2014 pentem
2429 1950 2618 2018 punit,
2667 1950 2934 2021 quomodo
2981 1952 3108 2009 item
3154 1962 3210 2008 et
3257 1953 3517 2008 rationale
3551 1953 3764 2008 animal.

2183 2036 2259 2092 illi
2310 2040 2453 2094 enim
2496 2040 2629 2095 dixit
2662 2060 2674 2095 :
2705 2040 3011 2097 Maledictus
3053 2052 3106 2096 tu
3148 2044 3211 2098 de
3248 2052 3381 2098 terra
3418 2059 3437 2097 :
3467 2043 3553 2098 hic
3591 2053 3769 2099 autem

2184 2145 2287 2183 non
2318 2131 2433 2196 sic;
2480 2131 2577 2186 sed
2604 2132 2772 2202 quid?
2802 2131 3076 2188 Maledicta
3115 2143 3249 2188 terra
3288 2135 3341 2188 in
3366 2135 3601 2206 operibus
3645 2135 3763 2190 tuis.

2183 2220 2248 2274 Et
2280 2221 2491 2276 merito.
2522 2220 2653 2276 Nam
2685 2223 2806 2293 quia
2839 2232 3055 2295 propter
3077 2223 3347 2280 hominem
3375 2224 3630 2294 producta
3659 2234 3763 2287 ed.

2181 2321 2239 2367 ut
2269 2313 2358 2369 ille
2408 2323 2587 2384 posset
2634 2313 2735 2368 frui
2788 2315 2851 2370 iis
2884 2332 3004 2387 qua:
3051 2332 3119 2371 ex
3170 2331 3232 2372 ea
3279 2326 3613 2371 nascuntur:
3646 2316 3767 2372 ideo

2181 2403 2373 2458 iterum
2422 2414 2639 2475 propter
2681 2405 2950 2462 hominem
3002 2415 3306 2477 peccantem
3352 2406 3688 2463 maledictum
3717 2407 3765 2462 ei

2181 2493 2380 2549 inditur
2414 2495 2578 2565 :quia
2625 2496 2962 2552 maledictum
3005 2507 3161 2552 terra:
3199 2498 3487 2565 evenicns,
3534 2497 3765 2553 hominis

2179 2586 2453 2641 securitati
2483 2597 2537 2641 et
2565 2588 2730 2659 quieti
2757 2589 2930 2656 obest,
2968 2588 3241 2643 Maledicta
3261 2631 3277 2654 ,
3309 2589 3515 2661 inquit,
3552 2599 3686 2643 terra
3712 2589 3763 2643 in

2179 2677 2412 2748 operibus
2442 2678 2559 2732 tuis.
2593 2677 2728 2733 Exin
2760 2688 2815 2733 ut
2854 2678 3122 2734 discamus
3166 2678 3292 2750 quid
3322 2679 3429 2747 sit,
3468 2678 3763 2740 Maledicta.

2178 2766 2355 2821 subdit
2386 2785 2398 2820 :
2425 2766 2491 2822 In
2520 2767 2775 2822 doloribus
2803 2769 3032 2823 comedes
3061 2786 3173 2824 eam
3197 2769 3426 2824 omnibus
3455 2768 3627 2824 diebus
3653 2771 3764 2824 vita!

2178 2868 2299 2913 tuae.
2326 2859 2454 2913 Vide
2477 2874 2903 2930 unamquamque
2924 2876 3136 2931 pinnam
3161 2862 3214 2915 in
3244 2860 3438 2915 smcula
3461 2859 3761 2925 durantem,

2179 2961 2236 3005 nt
2267 2968 2369 3006 non
2402 2951 2573 3006 solum
2616 2952 2720 3008 illis
2750 2952 2799 3006 id
2829 2952 2957 3007 utile
2986 2953 3086 3018 sit,
3132 2952 3224 3007 sed
3254 2961 3308 3008 ct
3336 2952 3533 3022 posteri
3575 2951 3762 3008 iisdem

2178 3041 2337 3098 rebus
2364 3041 2689 3110 doceantur,
2723 3042 2863 3098 unde
2906 3043 3010 3098 illis
3058 3042 3173 3098 haec
3210 3042 3467 3114 supplicia
3512 3053 3636 3097 sunt
3683 3042 3754 3097 in.

2179 3145 2328 3190 vecta
2364 3154 2377 3190 :
2415 3134 2482 3190 In
2523 3134 2818 3207 doloribus,
2868 3136 3066 3207 inquit,
3111 3135 3339 3191 comedes
3380 3151 3493 3189 eam
3533 3132 3763 3206 euntibus

2177 3228 2351 3283 diebus
2378 3229 2491 3282 vita:
2519 3239 2637 3283 tute.
2684 3228 2874 3283 Postea
2919 3227 3225 3299 diligentius
3252 3227 3451 3282 docens
3494 3225 3759 3281 maledicti

2176 3320 2409 3391 speciem
2437 3330 2492 3376 et
2516 3320 2721 3376 doloris
2748 3336 2986 3387 causam,
3016 3319 3195 3374 subdit
3222 3336 3236 3373 :
3263 3319 3456 3390 Spinas
3481 3328 3526 3372 et
3554 3318 3762 3373 tribulos

2180 3411 2267 3464 tibi
2296 3412 2556 3482 producet.
2588 3411 2729 3467 Ecce
2754 3411 3019 3467 maledicti
3060 3412 3403 3465 mOuimenta.
3437 3409 3646 3479 Spinas,
3676 3410 3761 3464 in-

2175 3503 2328 3571 quit,
2358 3509 2414 3557 et
2441 3500 2666 3556 tribulos
2707 3501 2939 3570 proferet.
2979 3510 3117 3555 terra
3147 3518 3160 3555 :
3196 3503 3370 3572 itaque
3400 3501 3579 3555 multis
3608 3500 3759 3555 labo~

2175 3594 2319 3648 ribus
2349 3603 2399 3648 et
2429 3592 2683 3647 :erurnnis
2719 3591 3045 3664 operandum
3090 3591 3224 3657 tibi,
3254 3601 3307 3646 et
3332 3592 3476 3644 omni
3520 3601 3760 3659 tempore

2174 3699 2294 3739 cum
2326 3683 2533 3738 tristitia
2570 3685 2747 3739 vivere
2789 3691 2842 3738 te
2884 3682 3113 3749 curabo,
3160 3691 3217 3737 ut
3262 3680 3365 3735 huc
3409 3680 3505 3735 tibi
3551 3683 3756 3737 irenum

2174 3774 2263 3839 sit,
2293 3790 2360 3829 ue
2386 3772 2509 3844 quid
2537 3788 2697 3844 supra
2718 3772 3026 3843 dignitatem
3058 3771 3124 3826 de
3156 3779 3207 3827 te
3230 3771 3428 3826 sentias
3459 3789 3472 3826 :
3503 3771 3597 3827 sed
3626 3786 3756 3828 con-

2175 3868 2323 3923 tinuo
2352 3866 2553 3937 cogites
2583 3877 2727 3921 tuam
2778 3866 2943 3937 ipsius
2982 3863 3372 3930 substantiam,
3421 3878 3591 3933 neque
3618 3862 3759 3918 feras

2175 3969 2232 4014 ut
2260 3959 2481 4030 posthac
2513 3959 2592 4014 sic
2616 3958 2916 4028 decipiaris.
2949 3956 3016 4013 Et
3045 3956 3272 4011 comedes
3297 3959 3485 4026 frenum
3512 3955 3642 4025 agri.
3691 3953 3756 4007 lu

2173 4051 2362 4106 sudore
2397 4051 2546 4122 [aciei
2570 4060 2671 4104 tute
2700 4050 2907 4105 vesceris
2946 4065 3075 4118 pane
3101 4057 3208 4101 tuo.
3246 4044 3624 4132 Animadverte
3649 4060 3755 4115 quo

2174 4153 2327 4212 pacto
2357 4152 2476 4212 post
2517 4140 2927 4196 inobcdientiam
2950 4138 3133 4193 omnia
3178 4137 3500 4206 contigerint
3543 4144 3754 4189 contra-

2166 4235 2245 4290 ria
2280 4233 2442 4304 priori
2471 4234 2592 4288 vita:
2620 4232 2933 4288 conditioni.
2966 4230 3075 4301 ligo
3102 4228 3313 4297 quidem
3335 4268 3352 4295 ,
3391 4227 3558 4298 inquit
3584 4268 3599 4294 ,
3630 4241 3755 4281 cum

2172 4325 2224 4380 in
2257 4325 2400 4380 hunc
2429 4335 2479 4380 te
2509 4323 2764 4380 mundum
2796 4322 3044 4395 produxi,
3067 4319 3311 4375 volebam
3339 4326 3391 4374 te
3411 4317 3602 4389 degere
3628 4316 3757 4373 abs-

2170 4430 2273 4487 que
2300 4415 2593 4483 doloribus,
2623 4414 2925 4478 laboribus,
2954 4411 3238 4468 sudoribus
3258 4451 3275 4476 ,
3296 4418 3354 4466 et
3381 4407 3633 4464 (erumnis
3656 4449 3671 4475 ,
3703 4417 3757 4463 et

2164 4506 2317 4561 omni
2357 4507 2611 4562 lelicitate
2647 4506 2772 4572 frui,
2815 4520 2987 4576 neque
3030 4501 3397 4572 corporalibus
3426 4499 3757 4558 necessitati~

2170 4597 2269 4652 bus
2295 4597 2585 4651 obnoxium
2625 4610 2779 4661 esse,
2812 4591 2904 4648 sed
2933 4591 3001 4647 ab
3026 4591 3275 4647 omnibus
3304 4590 3410 4644 illis
3444 4604 3666 4644 vacuum
3702 4588 3754 4641 in

2169 4687 2314 4742 omni
2364 4686 2607 4741 libertate
2649 4682 2870 4741 versari.
2916 4681 3048 4748 Quia
3089 4696 3217 4735 vero
3262 4693 3367 4733 non
3414 4677 3613 4745 profuit
3661 4677 3754 4732 tibi

2172 4785 2317 4832 tanta
2347 4780 2625 4837 securitas,
2654 4782 2939 4842 caproptcr
2964 4781 3019 4825 ct
3044 4779 3200 4824 terrae
3228 4766 3562 4831 maledicam,
3599 4766 3665 4819 ita
3698 4777 3757 4821 ut

2168 4870 2371 4940 absque
2399 4868 2605 4922 satione
2630 4874 2683 4920 et
2710 4865 2950 4919 aratione
2976 4877 3080 4916 non
3120 4859 3343 4949 proterat
3374 4873 3501 4913 suos
3530 4858 3753 4921 fructus,

2168 4961 2305 5035 sicut
2332 4966 2488 5013 antea
2521 4973 2535 5008 :
2567 4954 2660 5011 sed
2690 4964 2745 5009 et
2771 4968 2891 5008 cum
2923 4954 3094 5006 multo
3134 4947 3351 5034 ἰδίην]
3380 4947 3673 5011 molestiis,
3698 4954 3755 5001 et

2169 5051 2447 5117 aerumnis,
2468 5046 2697 5104 alliciam
2723 5056 2774 5102 te
2798 5044 3093 5111 doloribus,
3120 5054 3174 5099 et
3200 5040 3466 5098 coutinuis
3488 5038 3752 5108 fatigatio.

2170 5144 2326 5199 uibus
2354 5160 2367 5198 ε
2398 5140 2627 5199 efﬁciam
2660 5141 2786 5197 item
2816 5148 2873 5194 ut
2900 5137 3031 5195 nihil
3069 5149 3385 5210 promoveas
3418 5132 3622 5205 absque
3658 5147 3752 5185 su-

2167 5236 2422 5303 doribus;
2471 5245 2530 5291 ut
2564 5234 2662 5290 his
2704 5233 3055 5294 exercitatus,
3102 5237 3411 5302 perpetuam
3454 5224 3752 5279 deelrinam

2169 5329 2366 5386 habeas
2386 5326 2849 5400 modestcagcndi,
2870 5336 3117 5394 tuamque
3150 5321 3313 5392 ipsius
3335 5328 3576 5373 naturam
3595 5331 3751 5388 agno-

2168 5422 2372 5479 scendi.
2404 5421 2590 5493 Neque
2612 5420 2713 5475 hoc
2739 5418 2803 5474 ad
2828 5416 3093 5472 modicum
3106 5410 3170 5469 'et
3199 5412 3599 5481 breve-tempus
3626 5407 3748 5467 crit,

462 5518 774 5579 salvaturus
803 5527 882 5591 (l.
910 5528 1029 5583 Cor.
1060 5528 1113 5582 7.
1148 5527 1213 5582 l6
1235 5498 1298 5598 )I?
1328 5498 1830 5619 Verumtamcnfiri
1856 5538 1972 5597 est,
2005 5540 2062 5586 ut

2177 5514 2259 5572 sed
2286 5515 2432 5571 omni
2465 5524 2699 5585 tempore
2720 5510 2844 5567 vitze
2865 5507 3077 5564 durabit
3101 5523 3114 5560 :
3146 5503 3205 5559 in
3231 5502 3413 5559 sudore
3437 5501 3575 5556 enim
3604 5498 3750 5569 faciei

537 5711 630 5763 ‘Ju
653 5710 943 5772 quibusdam
964 5713 1080 5766 κω.
1099 5727 1211 5775 vos,
1226 5710 1417 5764 Donum
1442 5708 1548 5772 (τοῦ
1580 5711 2044 5775 Δεσκότονὶβυεω.

2170 5622 2269 5666 tua:
2294 5608 2502 5665 vesceris
2543 5622 2673 5677 pane
2701 5615 2788 5660 tuo
2808 5646 2825 5673 ,
2854 5603 3010 5657 donec
3055 5597 3318 5654 revertaris
3362 5608 3417 5650 tu
3446 5596 3498 5648 in
3540 5602 3747 5654 terram,

2168 5708 2232 5762 de
2267 5723 2364 5770 Qua
2390 5715 2617 5774 sumptus
2653 5720 2707 5761 cs
2734 5718 2751 5757 :
2776 5704 2893 5772 quia
2923 5710 3057 5757 terra
3076 5712 3133 5755 ,α
3152 5735 3174 5762 ,
3207 5704 3255 5750 et
3278 5693 3331 5749 in
3356 5701 3541 5747 terram
3566 5686 3743 5742 abibis.
