4144 6200
399 319 505 374 I87

398 431 522 487 Ilmc
551 430 836 488 suStinebis
866 448 1032 504 usque
1061 433 1127 489 ad
1159 434 1318 490 linem
1346 434 1468 491 vita:
1499 446 1623 502 tum,
1650 446 1704 492 et
1728 434 1899 492 donec
1926 434 1977 489 in

399 523 544 577 illam
575 524 854 580 rcsolvaris
880 567 894 591 ,
927 541 992 580 ex
1022 539 1124 595 qua
1171 527 1426 582 formatus
1452 541 1530 582 es.
1572 525 1703 581 Nam
1739 525 1981 597 quamvis

402 613 493 667 tibi
525 614 764 683 corporis
789 614 1029 670 dederim
1070 625 1312 672 naturam
1351 618 1421 673 ob
1448 633 1620 672 meam
1667 617 1976 683 bonitatem,

399 707 571 774 ipsum
601 713 778 760 tamen
818 706 919 762 hoc
959 723 1155 779 corpus
1185 724 1248 764 ex
1279 717 1419 764 terra
1447 709 1741 774 exsistens,
1787 709 1980 764 iterum

397 797 499 850 erit
523 803 684 852 terra.
713 795 873 852 Terra
912 800 1054 854 enim
1083 817 1163 869 es,
1205 810 1251 855 et
1279 801 1332 855 in
1357 810 1542 855 terram
1578 801 1756 855 abibis.
1795 799 1981 854 Enim-

396 903 524 944 vero
554 897 611 950 ut
650 905 717 945 ne
764 890 876 946 haec
920 891 1109 948 fierent
1132 933 1148 961 ,
1188 893 1332 962 dixi,
1375 893 1460 947 Ne
1499 893 1772 948 conwdatis
1795 893 1858 948 de
1886 893 1980 946 Itoc

396 978 536 1048 ligno
563 993 583 1032 :
607 995 921 1051 quocumque
950 983 1080 1036 enim
1121 985 1202 1037 die
1241 984 1554 1039 comederilis
1571 1025 1586 1050 ,
1617 993 1777 1038 morte
1801 983 1981 1037 morie-

395 1070 540 1123 mini.
572 1069 687 1126 Non
729 1071 872 1126 enim
900 1071 1003 1128 hoc
1030 1070 1271 1129 volebam
1303 1093 1318 1129 :
1346 1075 1439 1130 sed
1473 1075 1594 1146 quia
1634 1089 1818 1130 eorum
1860 1089 1980 1144 qua:

397 1159 464 1214 sd
495 1175 582 1216 me
605 1161 921 1229 attinebant,
949 1163 1079 1218 nihil
1103 1164 1464 1220 intermissum
1487 1174 1570 1221 est
1595 1183 1607 1220 :
1638 1173 1694 1220 tu
1722 1173 1897 1220 autem
1928 1174 1979 1220 te

397 1248 569 1318 ipsum
602 1250 656 1306 in
687 1251 801 1308 haec
827 1254 1101 1324 conjecisti
1121 1296 1136 1323 ,
1181 1271 1248 1312 ne
1275 1256 1326 1311 in
1355 1257 1515 1312 alium
1541 1271 1754 1312 causam
1784 1256 1976 1312 retule-

391 1340 508 1408 ris,
559 1342 653 1398 sed
701 1353 802 1399 tua:
840 1345 1008 1416 ipsius
1035 1346 1252 1403 desidia:
1298 1356 1464 1404 totum
1508 1349 1813 1404 abscribito.
1857 1348 1976 1405 1am

306 1489 312 1495 ,
394 1431 573 1488 denuo
599 1434 704 1489 alia
730 1437 882 1492 nobis
907 1439 1130 1508 qua-stin
1159 1438 1284 1496 hinc
1314 1441 1581 1507 nascitur,
1609 1456 1709 1512 qua
1730 1482 1748 1507 ,
1789 1441 1832 1496 si
1862 1441 1975 1511 pla-

395 1523 601 1592 cucrit,
637 1525 870 1582 breviter
896 1527 1134 1584 absoluta
1159 1571 1176 1597 ,
1223 1530 1380 1586 finem
1408 1533 1670 1587 sermonis
1699 1531 1784 1587 hic
1812 1530 1976 1587 facie-
2043 1596 2048 1600 ,

395 1630 532 1670 mus.
564 1616 735 1684 Dixit,
767 1617 970 1690 inquit,
1013 1621 1150 1675 Deus
1176 1639 1190 1676 :
1218 1621 1540 1692 Quocumque
1563 1622 1645 1676 die
1666 1623 1978 1677 comederitis

395 1721 458 1760 ex
482 1723 560 1772 eo,
589 1719 748 1762 morte
767 1709 1047 1764 moriemini
1073 1710 1224 1782 (Gen.
1247 1711 1302 1765 2.
1332 1713 1421 1782 l7)
1448 1731 1462 1768 :
1486 1713 1771 1768 multorum
1799 1721 1975 1768 autem

391 1809 652 1851 annorum
681 1814 907 1856 numero
943 1802 1242 1858 ostenditur
1267 1803 1462 1858 vixisse
1491 1803 1608 1858 illos
1638 1811 1755 1873 post
1792 1803 1976 1859 inobo-

391 1885 644 1944 dieutiam
665 1930 680 1956 ,
713 1897 767 1946 et
791 1891 895 1953 cibi
922 1892 1068 1947 vetiti
1097 1908 1270 1949 esum.
1300 1893 1362 1948 Et
1394 1895 1617 1964 quaastio
1643 1894 1855 1965 quidem
1882 1895 1978 1949 ali-

391 1994 493 2048 qua
524 1995 643 2037 esse
668 1982 877 2038 videtur
905 1985 968 2040 iis
990 1985 1078 2056 qui
1109 2001 1139 2040 a
1180 1987 1462 2056 superficie
1498 1987 1730 2042 salutant
1766 1988 1978 2044 divinas

395 2068 600 2124 Literas
629 2088 643 2123 :
676 2082 728 2125 at
766 2073 811 2127 si
842 2076 960 2144 quis
989 2090 1142 2144 mquo
1167 2077 1347 2132 animo
1375 2091 1530 2132 aures
1556 2077 1832 2142 adhibeat,
1866 2095 1978 2134 ma-

396 2158 642 2214 nifestum
666 2171 750 2217 est
771 2163 911 2232 quod
940 2164 1156 2233 dicitur,
1182 2182 1352 2235 neque
1374 2167 1598 2237 qumstio
1621 2167 1778 2223 fuerit
1806 2177 1978 2224 atten-

392 2249 558 2306 denti.
601 2251 734 2307 Nam
779 2253 903 2310 licet
948 2256 1144 2312 multos
1169 2272 1339 2313 annos
1382 2260 1646 2326 vixerint,
1678 2270 1910 2316 attamen
1945 2276 1975 2316 a

393 2356 499 2410 quo
525 2350 763 2413 tempore
791 2345 1072 2402 audierunt
1101 2365 1114 2400 :
1141 2346 1295 2402 Terra
1325 2365 1397 2418 es,
1437 2359 1481 2404 et
1507 2351 1558 2404 in
1583 2358 1768 2405 terram
1796 2351 1973 2419 abibis,

393 2440 448 2485 et
473 2436 788 2489 sententiam
818 2447 1140 2507 acceperunt
1167 2440 1356 2495 mortis
1379 2481 1394 2506 ,
1439 2443 1690 2497 mortales
1721 2441 1929 2500 fuerunt
1959 2462 1973 2499 :

391 2529 447 2575 et
469 2536 533 2576 ex
563 2522 654 2577 illo
690 2533 929 2595 tempore
959 2526 1174 2582 fuerunt
1220 2529 1439 2600 perinde
1461 2571 1478 2596 ,
1523 2546 1585 2586 ac
1628 2533 1672 2587 si
1711 2534 1829 2604 quis
1859 2535 1978 2589 il'os

393 2611 536 2667 dicat
560 2624 799 2672 mortuos
843 2617 1025 2674 fuisse.
1058 2619 1170 2676 Hoc
1201 2621 1357 2692 igitur
1392 2632 1446 2678 et
1475 2623 1746 2695 Scriptura
1775 2627 1976 2697 signifi-

391 2716 543 2767 cans,
569 2705 737 2773 dixit,
770 2706 1095 2779 Quocumque
1124 2712 1206 2766 die
1227 2713 1558 2782 comederitis,
1594 2726 1751 2772 morte
1787 2719 1991 2772 morie~â€˜

394 2791 518 2845 mini
547 2809 565 2847 :
595 2793 696 2849 hoc
721 2805 824 2859 est,
862 2801 1180 2868 sententiam
1207 2803 1478 2873 accipietis
1501 2846 1516 2870 ,
1549 2809 1799 2863 mortales
1825 2819 1973 2878 post-

395 2882 493 2938 hac
537 2899 632 2940 vos
676 2885 899 2943 futuros.
960 2889 1111 2947 Sicut
1153 2895 1295 2948 enim
1346 2896 1396 2950 in
1444 2896 1690 2952 humanis
1737 2899 1972 2969 jndiciis,

390 2974 603 3042 quando
627 2977 745 3046 quis
769 2981 1029 3036 sententia
1055 2982 1156 3037 lata
1181 2994 1236 3039 ut
1261 2985 1433 3054 capite
1458 2987 1762 3058 mulctetur,
1785 2991 1974 3047 iterum

394 3062 742 3155 incarcerem
767 3069 1081 3141 conjicitur,
1113 3074 1238 3130 licet
1273 3075 1345 3131 ibi
1373 3077 1540 3133 multo
1571 3087 1808 3151 tempore
1833 3093 1971 3155 agat,

393 3153 525 3244 nihil
555 3156 745 3214 melius
771 3167 946 3216 tamen
971 3163 1129 3219 habet
1149 3163 1412 3224 defunctis
1437 3176 1491 3225 et
1519 3173 1764 3241 mortuis,
1791 3153 1975 3244 utpote

385 3241 496 3312 jam
525 3260 620 3313 per
646 3250 962 3306 sententiam
987 3264 1229 3310 mortuus
1256 3272 1269 3310 :
1303 3257 1490 3314 eodem
1515 3262 1674 3316 modo
1701 3271 1756 3318 et
1788 3241 1876 3331 hi,
1908 3264 1976 3321 ab

391 3348 458 3388 eo
485 3333 574 3390 die
596 3350 626 3391 a
645 3353 752 3407 quo
777 3343 1114 3399 mortalitatis
1140 3348 1456 3404 sententiam
1483 3364 1822 3422 acceperunt,
1849 3366 1974 3412 tam-

391 3424 492 3478 etsi
523 3425 682 3499 longo
714 3439 953 3502 tempore
979 3435 1306 3507 duraverint,
1338 3441 1683 3500 nihilominus
1711 3451 1971 3506 sententia

391 3517 584 3609 mortui
610 3529 782 3576 erant.
808 3522 932 3578 Scio
958 3541 1044 3581 me
1067 3529 1365 3598 copiosiore
1391 3546 1640 3590 sermone
1660 3546 1714 3592 et
1734 3537 1973 3609 longiore

388 3605 630 3666 doctrina
661 3627 812 3668 usum
847 3632 861 3670 :
895 3617 1018 3673 ideo
1040 3619 1164 3690 quia
1210 3637 1305 3692 per
1331 3625 1554 3693 gratiam
1584 3627 1714 3692 Dei,
1747 3605 1848 3699 pro
1871 3646 1968 3686 no-

387 3701 514 3756 stris
542 3703 743 3760 viribus
780 3709 960 3763 omnia
990 3710 1042 3766 in
1075 3711 1308 3768 medium
1353 3716 1557 3785 prolata
1597 3728 1753 3787 sunt,
1794 3731 1847 3777 et
1889 3721 1972 3779 his

387 3805 505 3860 qua:
534 3793 670 3849 lecta
699 3806 824 3852 sunt
846 3797 1005 3856 ï¬nem
1050 3802 1402 3874 imposuimus
1423 3847 1439 3873 ,
1481 3823 1622 3864 nunc
1663 3824 1968 3870 sermonem

383 3883 783 3942 contrahamus.

456 3973 545 4028 l0.
577 3973 822 4050 Epilogus
841 3968 1380 4043 immuneâ€”Possem
1401 3989 1614 4060 quidem
1639 4001 1694 4047 et
1712 3992 1814 4048 alia
1841 4009 1968 4065 pro-

385 4061 551 4133 ferri,
578 4076 627 4123 et
661 4068 852 4127 iterum
881 4076 1167 4132 monSIrari
1195 4077 1450 4136 inï¬‚ictam
1484 4081 1608 4138 hinc
1631 4061 1881 4153 poenam,
1914 4098 1969 4143 et

383 4157 760 4216 mortalitatem
793 4162 844 4218 in
871 4179 972 4220 nos
996 4167 1266 4224 inductam
1296 4211 1311 4237 ,
1341 4171 1560 4226 multam
1589 4173 1838 4244 abyssum
1869 4175 1966 4232 ha-

385 4245 514 4303 bere
541 4249 734 4307 divina:
763 4255 1179 4315 misericordiae:
1211 4262 1306 4317 sed
1335 4279 1405 4319 ne
1433 4265 1771 4323 multitudine
1799 4268 1968 4325 dicto-

382 4352 500 4392 rum
521 4350 754 4398 mentem
773 4355 1003 4403 vestram
1025 4349 1333 4418 obruamus,
1348 4368 1465 4425 age,
1479 4355 1825 4416 Obsecremus
1847 4377 1962 4431 vos,

381 4435 441 4481 ut
463 4441 584 4483 cum
612 4431 736 4521 hinc
763 4435 1022 4506 abieritis,
1053 4455 1121 4496 ne
1141 4441 1193 4496 in
1212 4446 1580 4502 conventicula
1604 4449 1961 4521 insipientium

381 4533 475 4616 vos
493 4520 804 4594 conferatis,
826 4544 998 4599 neque
1022 4531 1406 4605 intempestivae
1427 4520 1718 4609 nugacitati
1739 4547 1958 4616 vacetis,

378 4611 475 4708 sed
500 4615 640 4684 apud
685 4632 779 4674 vos
833 4619 1110 4693 intelligite
1156 4635 1211 4681 et
1252 4641 1372 4682 cum
1417 4629 1534 4684 aliis
1573 4632 1803 4704 colligite
1843 4611 1961 4708 quae

377 4701 519 4759 dicta
542 4715 666 4761 sunt
693 4747 708 4775 ,
732 4717 787 4765 et
815 4711 868 4766 in
900 4716 1211 4770 memoriam
1249 4717 1444 4775 referte
1467 4761 1482 4786 ,
1514 4701 1766 4792 quidnam
1796 4701 1958 4795 judex

378 4797 754 4866 responderit,
782 4802 909 4872 quid
951 4805 1029 4860 rei
1067 4821 1164 4876 pro
1209 4823 1268 4864 se
1304 4809 1579 4878 dixerint,
1608 4821 1663 4868 et
1693 4818 1960 4886 quomodo

377 4885 547 4942 Adam
573 4889 784 4959 culpam
816 4893 867 4947 in
893 4909 1112 4951 uxorem
1141 4901 1505 4968 transtulerit,
1534 4903 1624 4959 illa
1647 4885 1958 4978 inserpen-

376 4988 504 5041 tem.
533 4985 801 5051 quomodo
821 4986 947 5043 ltem
974 4988 1114 5046 Deus
1129 4993 1287 5048 etiam
1316 4993 1458 5051 hunc
1488 4997 1738 5066 punierit,
1767 5010 1820 5056 et
1842 5016 1956 5071 pm-

374 5086 498 5164 nam
528 5073 601 5128 illi
631 5081 746 5132 toto
771 5081 968 5136 saeculo
986 5081 1292 5139 duraturam
1317 5086 1564 5144 inflixerit
1587 5131 1602 5157 ,
1635 5106 1956 5164 gravemque

373 5162 426 5216 in
468 5163 614 5220 illum
659 5165 1078 5240 indignationem
1117 5173 1505 5245 declaraverit,
1551 5189 1712 5251 atque
1744 5198 1810 5237 ex
1856 5162 1957 5239 hoc

369 5255 667 5312 ostenderit
710 5273 860 5317 suam
907 5277 1030 5332 erga
1061 5263 1314 5336 deceptos
1354 5282 1558 5322 curam.
1602 5269 1678 5325 Ex
1706 5287 1772 5326 eo
1811 5275 1951 5329 enim

370 5344 511 5411 quod
538 5346 887 5418 decipientem
914 5352 992 5408 sic
1022 5353 1161 5410 ultus
1193 5365 1312 5422 est,
1342 5357 1652 5429 intelligitur
1675 5361 1743 5416 ab
1764 5377 1830 5416 eo
1854 5363 1949 5418 dc-

369 5445 552 5504 ccptos
578 5453 670 5493 eos
691 5439 873 5510 fuisse,
893 5445 980 5513 qui
1003 5445 1113 5501 Deo
1126 5445 1276 5502 valde
1291 5447 1424 5518 grati
1443 5457 1613 5513 crant,
1629 5460 1682 5504 et
1703 5466 1799 5521 pro
1831 5453 1949 5522 qui-

371 5524 473 5579 bus
513 5529 733 5585 multum
773 5533 1029 5592 sollicitus
1059 5537 1247 5594 fuerat.
1300 5539 1429 5595 Dein
1475 5552 1797 5598 mementote
1825 5557 1951 5614 sup-
1976 5554 2000 5576 '

371 5615 510 5700 plicii
543 5623 799 5690 mulieris,
823 5635 876 5681 et
892 5641 1064 5696 preme
1083 5645 1200 5699 qua:
1217 5630 1292 5685 illi
1313 5629 1508 5686 inflicta
1529 5640 1632 5696 est,
1651 5633 1758 5687 imo
1775 5633 1951 5703 potius

365 5707 744 5769 admonitionis
774 5755 787 5782 ,
828 5725 880 5772 et
921 5718 998 5775 sic
1033 5733 1244 5792 quoque
1281 5719 1634 5780 rccordemini
1678 5738 1796 5795 quae
1842 5724 1946 5780 sint

1103 321 1160 379 S.
1199 319 1477 379 JOANNIS
1513 315 1991 376 CIIRYSOSTOMI
2037 317 2352 375 ARCIIIEP.
2381 318 2915 377 CONSTANTINOP.

3568 306 3670 364 â€œ8

2098 431 2228 486 Adae
2278 431 2416 488 dicta
2445 475 2460 499 ,
2495 433 2922 502 'sententiamque
2981 431 3116 486 hanc
3173 429 3352 486 animo
3399 434 3660 501 repetite,

2095 521 2251 578 Terra
2279 541 2332 579 es
2354 566 2370 592 ,
2407 535 2455 579 et
2482 525 2535 580 in
2565 535 2750 580 terram
2777 525 2954 578 abibis.
2986 524 3120 578 llinc
3144 523 3507 594 obstupescite
3533 525 3667 580 inef-

2091 611 2302 668 fabilem
2344 615 2437 670 Dei
2479 613 2896 669 miscricordiam
2922 655 2937 677 ,
2974 613 3114 684 quod
3154 629 3282 680 nos,
3307 617 3396 685 qui
3424 631 3490 670 ex
3531 626 3670 672 terra

2087 717 2305 771 sumus,
2333 715 2388 760 et
2416 705 2467 761 in
2495 713 2695 762 terram
2717 705 3102 770 dissolvemur,
3133 706 3178 760 si
3217 707 3539 761 voluerimus
3564 707 3659 759 vir-

2089 804 2252 849 tutem
2283 795 2579 865 amplexari
2608 837 2625 862 ,
2657 805 2709 850 et
2734 795 2856 850 vitia
2883 795 3062 866 fugere
3092 836 3106 859 ,
3137 796 3346 865 assequi
3377 796 3668 865 poterimus

2089 884 2372 941 ineliâ€˜abilia
2399 887 2488 940 illa
2527 886 2666 942 bona
2689 928 2704 953 ,
2728 902 2844 957 qua:
2874 887 3082 956 paravit
3098 894 3154 942 et
3177 887 3419 956 promisit
3443 887 3669 957 diligen~

2087 976 2226 1032 tibus
2241 993 2317 1038 se.
2333 993 2450 1048 qute
2465 978 2651 1034 oculus
2666 994 2770 1034 non
2782 979 2912 1034 vidit
2931 980 2969 1044 á½·,
2992 995 3091 1034 nec
3101 980 3243 1035 auris
3259 979 3480 1047 audivit,
3499 997 3596 1036 nec
3614 983 3668 1038 in

2085 1081 2179 1120 eor
2195 1067 2793 1124 hominisascenderunt
2812 1070 2890 1139 (I.
2914 1068 3032 1124 Cor.
3071 1070 3124 1124 2.
3155 1067 3232 1141 9).
3270 1068 3478 1126 Gratias
3504 1071 3663 1140 igitur

2085 1158 2278 1212 inultas
2300 1158 2524 1214 Domino
2553 1169 2734 1215 nostro
2758 1160 3015 1215 debemus
3038 1174 3135 1230 pro
3163 1168 3238 1214 tot
3262 1159 3558 1231 talibusque
3579 1162 3668 1217 be-

2085 1249 2287 1304 neficiis
2306 1268 2320 1305 :
2338 1259 2391 1306 et
2404 1266 2464 1306 ea
2483 1267 2813 1322 nequaquam
2838 1267 2902 1306 ex
2922 1252 3178 1308 memoria
3195 1252 3505 1308 dimittendo
3523 1295 3536 1318 ,
3571 1269 3664 1323 per

2083 1337 2220 1393 bona
2246 1353 2404 1408 opera
2424 1382 2439 1406 ,
2472 1349 2524 1395 et
2549 1340 2786 1411 diligenti
2820 1341 3082 1395 malorum
3118 1340 3234 1411 fuga
3258 1341 3427 1410 ipsum
3454 1343 3663 1412 mitige-

2082 1441 2222 1493 mus,
2236 1443 2299 1484 ac
2314 1429 2596 1500 pr0pitium
2615 1429 2767 1486 nobis
2783 1429 3086 1486 reddamus.
3111 1431 3387 1498 Quomodo
3398 1432 3540 1487 enim
3557 1449 3662 1488 non

2083 1519 2274 1589 ingrati
2307 1535 2525 1590 prorsus
2551 1520 2713 1575 animi
2740 1521 2951 1591 signum
2981 1521 3176 1587 fuerit,
3201 1521 3245 1576 si
3273 1522 3387 1592 ipse
3408 1523 3622 1593 quidem
3643 1565 3659 1588 ,

2081 1623 2202 1664 cum
2249 1609 2388 1665 Deus
2431 1611 2502 1666 sit
2545 1619 2600 1666 et
2651 1610 2965 1666 immortalis
3009 1620 3210 1666 natura:
3240 1652 3256 1677 ,
3285 1626 3391 1666 non
3441 1613 3665 1683 refugiat

2082 1715 2355 1758 assumere
2393 1705 2672 1758 mortalem
2716 1711 2770 1757 et
2814 1711 3120 1759 terrestrem
3147 1712 3384 1758 nostram
3416 1704 3663 1760 substan-

2083 1795 2231 1860 tiam,
2263 1804 2318 1865 ut
2345 1804 2396 1850 et
2417 1795 2485 1850 ab
2508 1795 2720 1866 antiqua
2751 1803 2921 1850 morte
2951 1809 3049 1850 nos
3072 1793 3279 1862 liberet,
3310 1809 3470 1864 supra
3496 1795 3662 1851 caâ€˜lns

2083 1886 2294 1952 evehat,
2327 1896 2548 1956 paterno
2573 1899 2828 1941 consessu
2851 1886 3097 1952 honoret,
3128 1885 3272 1940 etab
3291 1885 3435 1940 omni
3461 1885 3662 1948 caelesti

2082 1977 2320 2034 exercitu
2360 1976 2570 2032 adorari
2599 1985 2786 2032 curet:
2813 1990 2906 2030 nos
2937 1985 3114 2030 autem
3148 1975 3414 2029 contraria
3459 1976 3534 2030 illi
3577 1991 3664 2030 rc-

2083 2067 2316 2122 tribuerc
2357 2081 2462 2122 non
2500 2066 2879 2123 erubescamus
2904 2107 2921 2134 ,
2954 2065 3048 2121 sed
3082 2075 3136 2121 et
3171 2066 3520 2121 immortalem
3549 2067 3664 2121 ani-

2082 2171 2245 2222 mam,
2271 2157 2418 2226 quasi
2440 2156 2631 2212 dixerit
2648 2157 2786 2226 quis,
2809 2157 2955 2210 carui
2977 2155 3375 2226 agglutinatam,
3399 2165 3662 2211 terrenam

2080 2256 2136 2302 et
2164 2256 2428 2302 mortuam
2460 2289 2475 2314 ,
2497 2256 2553 2303 et
2578 2247 2707 2302 nihil
2737 2247 2948 2317 operari
2971 2247 3235 2302 valentem
3269 2287 3282 2310 ,
3315 2246 3543 2302 evadere
3569 2261 3663 2301 cu-

2081 2339 2299 2394 remus?
2323 2339 2580 2402 Obsecro,
2618 2354 2686 2394 ne
2728 2339 2806 2394 sic
2851 2339 2942 2392 fiat
2971 2378 2986 2404 ,
3032 2352 3101 2393 ne
3142 2337 3218 2392 sic
3257 2337 3444 2407 ingrati
3494 2338 3661 2393 simus

2081 2447 2205 2503 erga
2237 2440 2438 2486 tantum
2490 2433 2884 2488 benefactorem
2926 2440 3168 2486 nostrum
3199 2448 3212 2486 :
3238 2431 3331 2487 sed
3357 2433 3496 2488 illius
3525 2449 3662 2502 pra:-

2081 2523 2248 2591 ceptis
2273 2521 2586 2578 obedientes
2609 2563 2624 2588 ,
2657 2537 2775 2592 qua:
2810 2522 2908 2591 ipsi
2941 2531 3088 2592 grata
3110 2531 3230 2576 sunt
3257 2530 3308 2577 et
3336 2523 3657 2592 probantur,

2080 2627 2368 2682 operemur
2403 2629 2416 2665 :
2450 2622 2508 2668 nt
2544 2621 2599 2668 et
2629 2627 2727 2668 nos
2753 2612 2968 2668 mternis
3004 2611 3158 2668 bonis
3194 2612 3382 2682 dignos
3431 2612 3657 2669 efficiat:

2081 2717 2200 2773 quae
2230 2717 2326 2758 nos
2351 2717 2540 2759 omnes
2568 2703 2783 2772 assequi
2808 2703 3117 2772 contingat,
3143 2703 3310 2773 gratia
3339 2712 3394 2758 et
3416 2701 3661 2774 benigni-

2083 2800 2188 2846 tate
2232 2791 2440 2846 Domini
2469 2792 2638 2847 nostri
2677 2791 2804 2848 Jesu
2848 2789 3082 2857 Christi,
3114 2792 3199 2846 cui
3241 2806 3362 2846 cum
3410 2791 3566 2847 Patre
3606 2801 3660 2847 et

2079 2880 2278 2952 Spiritu
2301 2892 2486 2937 sancto
2509 2883 2578 2937 sit
2607 2882 2770 2952 gloria
2789 2922 2805 2948 ,
2835 2882 3007 2936 honor
3031 2922 3046 2947 ,
3077 2883 3355 2951 imperium
3385 2924 3401 2949 ,
3437 2899 3576 2938 nunc
3603 2895 3661 2938 et

2081 2987 2311 3043 semper,
2343 2981 2396 3028 et
2421 2973 2474 3027 in
2503 2973 2696 3028 smcula
2717 2973 3056 3028 saeculorum.
3086 2973 3280 3027 Amen.

2615 3106 2893 3164 HOMILIA
2939 3107 3126 3164 XVIII.

2082 3217 2148 3270 Et
2176 3219 2365 3274 vocavit
2390 3218 2554 3272 Adam
2582 3235 2764 3272 nomen
2804 3220 2978 3274 uxoris
3013 3235 3119 3275 sua:
3167 3218 3332 3274 Vitam
3358 3261 3374 3287 ,
3403 3221 3523 3289 quia
3547 3220 3661 3290 ipsa

2150 3317 2223 3362 est
2253 3317 2410 3363 mater
2439 3309 2663 3362 omnium
2700 3307 2984 3363 viventium.
3016 3309 3082 3362 Et
3107 3310 3224 3378 fecit
3251 3309 3498 3363 Dominus
3524 3308 3661 3364 Deus

2151 3400 2276 3454 Adae
2299 3410 2344 3454 et
2375 3399 2522 3454 uxori
2545 3401 2654 3470 ejus
2669 3400 2862 3454 tunicas
2887 3401 3138 3471 pelliceas,
3172 3411 3217 3454 et
3248 3401 3411 3454 induit
3436 3400 3572 3455 illos.
3593 3399 3658 3454 Et

2148 3495 2220 3547 ait
2246 3491 2420 3547 Deus:
2450 3491 2582 3546 Ecce
2606 3491 2770 3546 Adam
2797 3495 2963 3563 [actus
3002 3503 3073 3548 est
3107 3494 3238 3548 sicut
3261 3510 3389 3546 unus
3418 3510 3479 3548 ea:
3515 3493 3656 3548 nobis

2151 3584 2307 3655 (Cen.
2339 3585 2394 3638 Î´.
2417 3583 2487 3640 eo
2515 3582 2628 3654 es).

2149 3718 2200 3772 1.
2233 3716 2309 3771 De
2336 3726 2537 3788 peccato
2578 3716 2760 3771 Adami
2799 3716 3028 3786 superius
3051 3715 3186 3770 dicta
3213 3717 3500 3770 summatim
3529 3717 3655 3771 rele-

2075 3812 2167 3880 git.
2197 3808 2412 3863 Gravior
2439 3825 2588 3879 paena
2625 3817 2794 3862 manet
2820 3824 2905 3862 eos
2937 3848 2952 3873 ,
2985 3808 3071 3876 qui
3095 3817 3206 3878 post
3232 3807 3391 3879 legem
3425 3819 3652 3878 peccant.

2074 3899 2366 3955 â€”Vidistis
2391 3900 2506 3955 heri
2531 3899 2731 3955 iudicis
2753 3899 3171 3968 benignitatem?
3191 3898 3397 3954 vidistis
3424 3914 3651 3955 examen

2075 3989 2309 4046 bonitate
2325 3988 2577 4044 refertum
2594 3990 2617 4044 ?
2633 3989 2838 4044 vidistis
2853 3989 3230 4058 suppliciorum
3253 3988 3614 4045 diversitatem
3630 3990 3655 4044 ?

2073 4079 2344 4152 quomodo
2370 4079 2585 4151 punitus
2611 4079 2680 4134 sit
2705 4079 2924 4146 dolosus
2951 4079 3039 4134 ille
3065 4080 3432 4150 supplantator
3462 4121 3478 4146 ,
3511 4096 3648 4150 quo-

2078 4173 2240 4228 modo
2264 4173 2422 4228 etiam
2443 4171 2677 4241 deceptis
2702 4186 2858 4242 pta-na
2887 4171 2956 4226 sit
2984 4171 3202 4238 inï¬‚icta,
3236 4187 3357 4242 qua:
3401 4187 3648 4242 magnam

2073 4266 2168 4322 Dei
2211 4281 2321 4337 pra:
2362 4281 2424 4322 se
2464 4265 2629 4321 ferret
2672 4265 3088 4336 benignitatem?
3139 4263 3345 4320 vidistis
3386 4265 3652 4336 quomodo

2073 4357 2227 4412 nobis
2249 4355 2653 4413 commodorum
2685 4356 2894 4411 occasio
2921 4353 3018 4410 fuit
3041 4395 3058 4421 ,
3089 4356 3342 4412 assistere
3371 4356 3648 4424 tribunali,

2071 4459 2125 4507 et
2149 4449 2331 4506 videre
2355 4449 2623 4520 quomodo
2652 4449 2970 4519 processerit
2999 4449 3260 4504 examen?
3288 4447 3649 4518 Cognovimns

2069 4542 2212 4597 enim
2237 4581 2251 4606 ,
2274 4541 2486 4610 quantis
2510 4541 2717 4610 seipsos
2757 4539 2909 4595 bonis
2951 4540 3185 4594 mandati
3228 4541 3650 4610 transgressione

2070 4635 2327 4704 privarim
2352 4633 2521 4688 Adam
2570 4643 2627 4688 et
2656 4633 2767 4688 Eva
2792 4674 2806 4698 ,
2836 4631 3019 4688 nudati
3049 4632 3215 4702 gloria
3242 4632 3326 4686 illa
3354 4631 3603 4687 ineli'abili
3628 4672 3644 4697 ,

2067 4734 2122 4780 et
2149 4725 2251 4779 vita
2280 4738 2386 4779 non
2415 4721 2664 4778 inferiore
2692 4738 2850 4792 quam
2891 4723 3151 4793 angelica.
3183 4722 3424 4777 Vidimus
3452 4722 3648 4792 patien-

2068 4816 2192 4870 tiam
2221 4813 2452 4880 Domini,
2471 4812 2753 4868 didieimus
2773 4824 3028 4883 quantum
3060 4812 3256 4867 malum
3295 4813 3365 4866 sit
3400 4811 3600 4867 desidia
3625 4852 3644 4881 ,

2063 4905 2331 4978 quomodo
2358 4915 2410 4960 et
2437 4905 2786 4974 praesentibus
2814 4905 3025 4974 spoliet,
3057 4912 3112 4958 et
3137 4919 3325 4975 magna
3357 4904 3644 4974 ignominia

2063 4994 2278 5051 alliciat.
2303 4995 2523 5063 Idcirco,
2550 4995 2794 5061 obsecro,
2822 4994 2988 5049 Î¸Ï…Î¹)Ï„á¿†
3013 4994 3200 5060 simus,
3227 4993 3461 5064 ï¬antque
3486 4993 3644 5048 nobis

2064 5088 2270 5142 illorum
2299 5086 2480 5156 lapsus
2500 5084 2758 5150 remedia,
2786 5093 2840 5138 et
2870 5084 3080 5138 illorum
3111 5083 3312 5140 desidia
3339 5085 3642 5141 securitatis

2062 5192 2252 5233 causa:
2285 5175 2710 5247 quandoquidem
2729 5175 2899 5244 major
2920 5189 3072 5244 poena
3091 5184 3175 5230 est
3194 5189 3377 5230 eorum
3399 5176 3490 5246 qui
3518 5185 3638 5246 post

2061 5269 2178 5324 illos
2204 5277 2442 5338 peccant,
2466 5278 2608 5324 eteo
2634 5268 2801 5335 major
2821 5265 2960 5334 quod
2990 5265 3249 5335 exemplis
3273 5267 3560 5322 emendare
3580 5283 3641 5324 se

2060 5361 2246 5415 nolint.
2276 5359 2390 5415 Non
2415 5360 2554 5415 enim
2585 5359 2673 5429 qui
2701 5368 2883 5428 postea
2905 5357 3090 5412 eadem
3116 5369 3344 5438 peccant
3375 5376 3494 5431 quae
3527 5361 3636 5430 pri-

2057 5453 2128 5507 mi
2155 5493 2170 5519 ,
2195 5453 2247 5506 in
2273 5452 2514 5506 eamdem
2538 5463 2747 5519 pinnam
2776 5447 3028 5503 incident.
3061 5448 3116 5503 Id
3145 5450 3286 5520 quod
3314 5450 3551 5508 breviter
3569 5451 3639 5508 ab

2119 5539 2132 5566 '
2165 5539 2215 5587 ln
2240 5545 2352 5586 octo
2372 5537 2483 5587 Mss.
2508 5543 2560 5586 et
2582 5551 2677 5600 uno
2710 5537 2900 5600 Savilii,
2924 5540 3054 5590 bene
3091 5547 3264 5600 multa,
3296 5545 3356 5595 ab
3392 5549 3468 5596 his
3501 5548 3632 5598 voci-

2052 5594 2159 5671 bus,
2189 5612 2299 5671 qui}:
2319 5603 2484 5671 oettlus
2506 5611 2599 5671 non
2621 5597 2743 5671 vidit
2766 5594 3074 5671 (sessum;
3101 5605 3189 5652 Î¿á½Îº
3226 5594 3360 5667 Îµá¼¶Î´Îµ),
3385 5594 3551 5671 usque
3567 5594 3630 5658 ad

2052 5659 2174 5731 hier,
2202 5659 2358 5731 iribus
2378 5667 2494 5731 ante
2521 5663 2669 5731 tinctu
2686 5659 2905 5731 humilia:
2925 5659 3168 5727 versibus,
3189 5680 3298 5731 qua:
3326 5659 3423 5720 â€™á½·Î¹Ï…Î´
3462 5659 3629 5722 ouum

2054 5723 2138 5788 Î¹á¿¶Î½
2161 5723 2342 5785 vivatne
2363 5726 2538 5777 Ï€á½±Î½Ï„Î±Ï‚
2557 5722 2700 5784 á¼¡Î¼á¾¶Ï‚)
2733 5722 3096 5777 desiderantur.
