4144 6200
310 338 412 396 ΗἹ

306 455 516 525 Μέχρις
545 453 751 509 ἐκείνου
790 455 963 509 ταῦτα
1011 453 1319 526 ὑπομενεῖς,
1355 452 1460 518 ἕως
1492 454 1556 508 ἃν
1588 454 1655 509 τδ
1690 454 1842 519 τέλος
1867 453 1965 525 τῆς

309 539 456 612 ζωῆς
486 559 568 595 σοι
598 555 625 584 ιι
648 542 1032 615 ἐπαχθήσεται,
1060 541 1155 596 καὶ
1175 543 1256 605 εἰς
1281 541 1496 613 ἐκείνην
1514 541 1792 613 διαλυθῇς,
1820 541 1881 607 ἐξ
1900 535 1969 614 ἦς

309 631 404 684 καὶ
435 630 732 702 ἐπλάσθης.
763 632 826 685 Εἰ
854 631 985 703 γάρ
1012 631 1108 685 καὶ
1135 629 1386 700 σώματός
1413 647 1496 684 σοι
1525 629 1685 700 φύσιν
1709 630 1970 702 ἐχαρισά-

310 735 421 789 μην
449 718 538 772 διά
563 718 661 790 τὴν
684 716 924 790 ἐμαυτοῦ
953 716 1384 789 φιλανθρωπίαν,
1411 716 1527 771 ἀλλ’
1555 716 1685 771 αὐτὸ
1713 717 1774 771 τὸ
1809 715 1969 789 σῶμα

307 803 416 857 ἀπὸ
465 804 571 875 γῆς
617 804 699 868 δν,
744 805 817 875 γῆ
851 804 1012 859 πάλιν
1033 802 1204 857 ἔσται.
1234 802 1327 871 Γῆ
1351 802 1462 874 γὰρ
1486 797 1561 867 εἷ,
1590 802 1688 856 καὶ
1710 805 1800 869 είς
1851 802 1971 874 γῆν

305 890 762 960 ἀπελεύσῃέἰνα
781 891 889 963 γάρ
919 890 994 962 μὴ
1026 888 1195 943 ταῦτα
1218 889 1463 960 γένηται,
1497 888 1582 943 διὰ
1601 890 1759 943 τοῦτο
1792 884 1966 956 εἷπον,

288 976 402 1043 Μὴ
438 977 676 1046 ᾶψησθε
703 978 808 1032 τοῦ
864 978 1055 1042 ξύλου
1081 1017 1097 1043 ,
1149 974 1351 1041 εἰπὼν,
1391 976 1476 1030 ὅτι
1525 971 1610 1049 ⁷ῌ
1656 977 1734 1031 ἂν
1779 974 1969 1046 ἡμέρᾳ

304 1062 533 1133 φάγητε
578 1064 680 1120 ἀπ’
727 1063 934 1130 αὐτοῦ,
971 1062 1207 1128 θανάτῳ
1258 1062 1677 1119 ἀποθανεῖσθε.
1735 1063 1811 1117 οὐ
1859 1063 1970 1135 γὰρ

304 1150 602 1223 ἐϐουλόμην
632 1151 789 1205 τοῦτο
806 1166 821 1182 ο
850 1151 964 1206 ἀλλ’
994 1149 1183 1222 ἐπειδὴ
1209 1149 1279 1204 τά
1302 1149 1402 1220 μὲν
1431 1149 1561 1221 παρ’
1589 1149 1724 1221 ἐμοῦ
1755 1149 1969 1204 ἅπαντα

304 1237 613 1310 γεγένηται,
639 1238 704 1291 σὺ
736 1238 792 1291 δὲ
818 1237 999 1310 σαυτῷ
1025 1236 1197 1293 ταῦτα
1219 1235 1607 1309 προεξένησας,
1640 1237 1733 1290 ἐπ)⁸
1758 1236 1965 1308 μηδένα

305 1325 491 1395 ἕτερον
525 1325 622 1396 τὴν
657 1324 835 1378 αἰτίαν
876 1324 1049 1393 ἔπαγε
1070 1324 1100 1364 δ
1125 1363 1141 1388 ,
1189 1324 1326 1378 ἀλλά
1362 1326 1429 1395 τῇ
1475 1323 1672 1378 σαυτοῦ
1726 1324 1967 1396 ῥαθυμίᾳ

307 1412 416 1464 πᾶν
445 1411 734 1482 ἐπίγραφε.
770 1411 928 1465 Ἀλλά
948 1411 1108 1466 πάλιν
1129 1412 1258 1482 ἡμῖν
1276 1411 1462 1483 ἕτερον
1479 1410 1697 1482 ζὴτημα
1723 1411 1969 1465 ἐντεῦθεν

306 1497 569 1561 τίκτεται,
598 1497 755 1568 ὅπερ,
786 1499 832 1551 εἰ
863 1496 1116 1568 βούλεσθε
1137 1537 1153 1562 ,
1189 1497 1468 1568 συντόμως
1512 1497 1861 1562 διαλύσαντες
1906 1500 1970 1552 τὸ

305 1583 602 1655 τηνικαῦτα
638 1584 1061 1656 καταπαύσομεν
1111 1584 1203 1639 τὸν
1251 1584 1427 1655 λόγον.
1481 1581 1647 1649 Εἰπε,
1697 1586 1863 1657 φησὶν
1884 1627 1898 1651 ,
1939 1587 1969 1640 ό

303 1669 461 1732 Θεός·
486 1663 570 1741 *ῌ
588 1670 665 1723 ἂν
678 1670 866 1738 ήμέρᾳ
891 1670 1119 1741 φάγητε
1131 1671 1234 1726 ἀπ’
1262 1671 1469 1737 αὑτοῦ,
1492 1672 1724 1737 θανάτῳ
1749 1673 1967 1727 ἀποθα-

303 1755 521 1810 νεῖσθε
542 1756 846 1811 δείκνυνται
871 1757 927 1811 δέ
946 1757 1209 1829 ζήσαντες
1237 1758 1376 1829 μετά
1410 1758 1511 1830 τήν
1542 1762 1850 1831 παρακοὴν,
1872 1759 1968 1812 καὶ

302 1844 363 1899 τὸ
385 1845 484 1915 τῆς
510 1844 766 1916 βρώσεως
791 1848 1103 1918 μετασχεῖν,
1134 1845 1341 1900 πολλῶν
1371 1845 1507 1900 ἐτῶν
1530 1846 1782 1919 ἀριθμόν.
1797 1846 1968 1901 Τοῦτο

300 1932 446 1986 δοκεῖ
499 1933 598 2002 μὲν
646 1932 833 1997 ἅπλῶς
881 1937 994 1997 τοῖς
1041 1934 1373 1999 ἐπιπολαίως
1423 1936 1809 2005 ἐντυγχάνουσι
1853 1937 1966 1999 τοῖς

301 2019 642 2090 ἐγκειμένοις
690 2019 834 2089 ἐχειν
866 2021 1088 2092 ζήτησίν
1138 2039 1258 2075 τινα
1282 2037 1295 2051 ·
1342 2023 1391 2075 εἰ
1431 2021 1488 2075 δέ
1507 2038 1591 2084 τις
1613 2021 1967 2093 εὐγνωμόνως

299 2107 400 2179 τήν
443 2106 612 2178 ἀκοὴν
639 2106 954 2176 ὑπόσχοιτο,
975 2107 1146 2176 σαφές
1179 2108 1295 2160 ἐστι
1329 2107 1393 2160 τὸ
1433 2107 1720 2178 εἰρημένον
1747 2109 1842 2161 καὶ
1877 2108 1968 2161 ού-

300 2192 490 2262 δεμίαν
527 2190 604 2263 τῷ
635 2191 956 2262 προσέχοντι
982 2192 1206 2262 ζήτησίν
1247 2191 1387 2262 έχον.
1432 2191 1498 2246 Εἰ
1527 2190 1635 2265 γὰρ
1668 2192 1764 2246 καὶ
1801 2192 1968 2245 πολὺν

300 2277 438 2331 ἐτῶν
464 2278 655 2349 χρόνον
677 2276 898 2348 ἔζησαν,
923 2277 1038 2333 ἀλλ’
1053 2279 1202 2349 ὅμως
1219 2278 1313 2349 ἀφ’
1342 2274 1411 2351 ἧς
1430 2279 1672 2350 ἡκουσαν
1685 2278 1768 2343 τὸ,
1787 2277 1876 2348 Γῆ
1892 2275 1964 2345 εἴ,

301 2366 399 2419 καί
431 2368 518 2432 εἰς
538 2364 653 2437 γῆν
676 2366 1007 2436 άπελεύσῃ,
1043 2366 1134 2420 καὶ
1158 2366 1257 2438 τὴν
1283 2366 1556 2437 ἀπόφασιν
1602 2366 1848 2432 ἐδέξαντο
1872 2366 1964 2421 τοῦ

301 2453 552 2521 θανάτου,
588 2455 683 2508 καὶ
737 2452 919 2525 θνητοὶ
969 2454 1246 2524 γεγόνασι,
1298 2456 1393 2508 καὶ
1424 2455 1483 2520 ἐξ
1516 2455 1725 2509 ἐκείνου
1770 2454 1836 2509 ἀν
1882 2472 1968 2520 τις

300 2536 451 2596 εἶπεν
478 2541 674 2604 αὐτοὺς
701 2539 1040 2612 τεθνηκέναι.
1071 2541 1241 2595 Τοῦτο
1270 2537 1365 2596 οὖν
1392 2542 1486 2596 καὶ
1507 2543 1541 2612 ἡ
1580 2541 1768 2614 Γραφὴ
1795 2542 1966 2596 αἰνιτ-

297 2628 501 2699 τομένη
527 2623 702 2692 εἶπεν,
736 2627 818 2681 ὅτι
864 2620 948 2700 τῌ
999 2627 1052 2682 δ’
1081 2629 1160 2685 ἂν
1212 2629 1402 2699 ἡμέρᾳ
1444 2628 1693 2699 φάγητε,
1734 2629 1965 2696 θανάτῳ

298 2713 695 2770 ἀποθανεῖσθε
709 2730 725 2747 ο
743 2714 864 2768 ἀντὶ
889 2714 1121 2788 τοῦ,Τὴν
1143 2716 1415 2787 ἀπόφασιν
1433 2715 1648 2783 δέξεσθε
1671 2715 1766 2770 τοῦ
1783 2716 1964 2789 θνητοὶ

299 2800 486 2855 λοιπὸν
545 2798 703 2855 εἶναι.
759 2801 1028 2874 Καθάπερ
1063 2802 1173 2875 γάρ
1205 2804 1430 2858 ἐπὶτῶν
1458 2803 1826 2877 δικαστηρίων
1853 2807 1962 2859 τῶν

299 2886 676 2956 ἀνθρωπίνων,
718 2886 939 2941 ἐπειδὰν
967 2888 1241 2959 ἀπόφασίν
1270 2907 1353 2954 τις
1379 2889 1673 2962 δεξάμενος
1700 2891 1796 2945 τοῦ
1824 2893 1962 2949 πάν-

295 2990 403 3037 τως
435 2974 533 3045 τὴν
555 2974 796 3045 κεφαλὴν
817 2974 1224 3047 ἀποτμηθῆναι,
1250 2972 1370 3031 εἶτα
1399 2978 1481 3041 εἰς
1504 2977 1565 3031 τὸ
1590 2977 1963 3050 δεσμωτήριον

296 3059 563 3132 ἐμϐληθῇ,
611 3060 715 3115 κᾶν
744 3061 839 3114 ἐπὶ
863 3061 1031 3117 πολὺν
1056 3063 1246 3135 χρόνον
1272 3062 1524 3137 διαμένῃ,
1560 3065 1711 3119 οὐδὲν
1739 3066 1961 3137 ἀμεινον

295 3148 403 3203 τῶν
429 3147 638 3220 νεκρῶν
664 3149 757 3202 καὶ
782 3148 1122 3220 τεθνηκότων
1145 3150 1340 3220 διάξει,
1366 3154 1434 3224 τῇ
1463 3152 1736 3223 ἀποφάσει
1771 3154 1962 3225 τεθνη-

296 3235 407 3298 κώς
426 3252 443 3267 ο
490 3237 584 3290 τὸν
635 3236 797 3290 αὐτὸν
832 3237 896 3308 δὴ
925 3237 1126 3310 τρόπον
1153 3239 1248 3293 καὶ
1287 3233 1456 3306 οῦτοι,
1512 3239 1571 3308 ἐξ
1610 3240 1826 3312 ἐκείνης
1863 3242 1963 3314 τῆς

295 3325 527 3396 ἡμέρας,
551 3323 611 3389 ἐξ
630 3318 698 3396 ἦς
723 3325 821 3396 τὴν
840 3325 1115 3395 ἀπόφασιν
1146 3326 1396 3392 ἐδέξαντο
1417 3328 1515 3400 τῆς
1542 3327 1884 3401 θνητότητος,
1915 3331 1963 3384 εἰ

294 3413 388 3466 καὶ
418 3412 585 3466 πολὺν
625 3411 917 3483 διήρκεσαν
945 3414 1155 3484 χρόνον,
1181 3412 1320 3467 ἀλλά
1367 3417 1435 3486 τῇ
1468 3414 1738 3485 ἀποφάσει
1769 3416 1962 3486 τεθνή-

296 3515 475 3553 κασιν.
508 3493 640 3552 Οἶδα
661 3498 745 3552 ὅτι
769 3498 942 3553 πολλά
970 3499 1040 3552 τά
1077 3500 1347 3571 εἰρημένα
1397 3502 1493 3556 καὶ
1516 3502 1596 3565 εἰς
1626 3503 1761 3556 πολὺ
1792 3503 1965 3573 μῆκος

295 3588 431 3658 ἡμῖν
488 3584 718 3655 ἐξετάθη
756 3584 825 3638 τά
869 3584 971 3654 τῆς
1016 3585 1397 3649 διδασκαλίαςο
1428 3586 1509 3639 διδ
1543 3587 1729 3656 ἐπειδὴ
1773 3591 1839 3658 τῇ
1868 3589 1964 3641 τοῦ

297 3671 433 3725 Θεοῦ
462 3672 645 3742 χάριτι
673 3669 814 3724 κατά
841 3669 1071 3740 δύναμιν
1098 3670 1372 3742 ἡμετέραν
1416 3672 1632 3726 ἅπαντα
1671 3673 1751 3735 είς
1801 3672 1965 3743 μέσον

297 3759 429 3830 ὑμῖν
465 3756 758 3827 προθέντες
785 3756 938 3821 τέλος
969 3756 1324 3828 ἐπεθήκαμεν
1368 3759 1487 3822 τοῖς
1532 3758 1926 3828 ἀναγνωσθεῖσι
1945 3799 1961 3827 ,

299 3845 669 3915 συστείλωμεν
702 3842 939 3899 ἐνταῦθα
964 3842 1058 3899 τὸν
1094 3843 1275 3913 λόγον.

369 3930 443 3991 ι’.⁸
465 3932 623 4003 Ἐνῆν
652 3932 766 4002 (λέν
792 3930 904 4002 γάρ
931 3930 1025 3984 καὶ
1050 3930 1212 4002 ἐτερα
1243 3931 1574 4004 προσθέντας
1602 3933 1773 4001 δείξαι
1802 3935 1964 3992 πάλιν

298 4022 396 4076 καὶ
422 4020 624 4089 ταύτην
653 4012 824 4091 αὐτὴν
854 4018 954 4090 τὴν
974 4018 1246 4091 τιμωρίαν
1270 4019 1370 4093 τὴν
1398 4021 1748 4093 ἐπαχθεῖσαν,
1776 4024 1871 4077 καὶ
1902 4024 1964 4077 τὸ

299 4108 527 4179 θνητοὺς
541 4106 791 4176 γενέσθαι
808 4103 1009 4174 πολλὴν
1029 4105 1258 4177 ἔχουσαν
1276 4107 1509 4164 ἀϐυσσον
1532 4109 1720 4180 φιλανθ
1729 4110 1958 4181 ρωπίας·

297 4195 431 4252 ἀλλά
459 4196 546 4249 ῖνα
580 4195 655 4266 μὴ
679 4192 758 4265 τῷ
791 4192 969 4265 πολλῷ
1001 4193 1197 4266 πλήθει
1222 4194 1627 4268 καταχώσωμεν
1682 4198 1836 4268 ὑμῶν
1864 4198 1962 4272 τήν

292 4284 554 4347 διάνοιαν,
610 4282 759 4353 φέρε,
813 4281 1284 4352 παρακαλέσωμεν
1330 4284 1477 4354 ὑμᾶς
1511 4283 1664 4358 [M9]
1709 4274 1962 4343 ἐντεῦθεν

293 4368 607 4435 ἐξελθόντας
643 4367 717 4439 μὴ
750 4369 830 4431 εἰς
879 4369 1170 4439 ἀνονήτους
1197 4379 1221 4408 ο
1256 4369 1547 4441 συλλόγους
1584 4372 1813 4438 ἑαυτοὺς
1865 4375 1958 4429 ἐκ-

293 4457 515 4522 διδόναι,
556 4454 690 4527 μηδὲ
713 4455 793 4518 εἰς
821 4454 1091 4528 φλυαρίας
1114 4446 1398 4528 ἀκαίρους,
1425 4458 1561 4513 ἀλλά
1586 4459 1711 4515 καθ’
1732 4462 1961 4524 ἑαυτοὺς

295 4538 574 4605 συνιέντας
601 4538 717 4610 μετ’
743 4538 988 4611 ἀλλήλων
1013 4539 1293 4609 συλλέγειν
1318 4541 1390 4594 τὰ
1420 4544 1689 4615 εἰρημένα
1705 4584 1721 4611 ,
1765 4547 1858 4600 καὶ
1880 4548 1962 4612 εἰς

294 4628 598 4698 ὑπόμνησιν
624 4626 852 4690 ἑαυτοὺς
873 4624 1049 4695 ἀγειν,
1080 4624 1134 4679 τί
1160 4626 1258 4697 μὲν
1277 4627 1306 4681 ό
1327 4627 1587 4702 δικαστής
1604 4632 1957 4704 ἀπεκρίνατο,

292 4716 345 4769 τί
367 4716 424 4770 δὲ
449 4717 499 4768 οἰ
526 4712 818 4770 ὑπεύθυνοι
843 4713 1254 4787 ἀπελογήσαντο
1279 4755 1296 4783 ,
1347 4715 1440 4770 καὶ
1487 4717 1605 4781 πῶς
1631 4718 1662 4771 δ
1715 4718 1815 4790 μὲν
1870 4721 1957 4775 ἐπ’

293 4802 508 4871 ἐκείνην
531 4801 633 4873 τὴν
662 4801 842 4855 αἰτίαν
871 4802 1201 4872 μετήγαγεν,
1228 4800 1410 4873 ἐκείνη
1447 4800 1505 4855 δὲ
1548 4803 1642 4857 ἐπὶ
1668 4803 1759 4858 τὸν
1793 4804 1918 4875 ὅφιν
1940 4847 1955 4869 ,

292 4890 390 4943 καὶ
416 4887 534 4952 πῶς
570 4887 665 4941 καὶ
695 4886 883 4942 τοῦτον
919 4888 1304 4961 ἐτιμωρήσατο
1327 4930 1342 4952 ,
1382 4890 1476 4943 καὶ
1503 4890 1584 4944 δτι
1616 4890 1837 4963 διηνεκῆ
1865 4895 1960 4949 καὶ

295 4974 372 5047 τῷ
398 4975 566 5028 παντὶ
585 4973 741 5027 αἰῶνι
776 4974 1386 5046 συμπαρεκτεινομένην
1410 4974 1558 5047 αύτῷ
1569 4975 1669 5049 τὴν
1689 4979 1959 5051 τιμωρίαν

295 5065 565 5137 ἐπήγαγε,
626 5061 722 5115 καὶ
782 5061 1016 5133 σφοδράν
1068 5062 1167 5135 τὴν
1215 5062 1337 5116 κατ’
1368 5062 1534 5119 αὑτοῦ
1584 5066 1958 5139 ἀγανάκτησιν

292 5152 607 5221 ἐποιήσατο,
648 5150 742 5204 καὶ
763 5147 851 5204 διά
891 5150 1082 5203 τούτου
1107 5150 1321 5214 δεικνὺς
1345 5149 1445 5222 τὴν
1482 5151 1622 5223 πρὸς
1658 5154 1784 5218 τοὺς
1815 5155 1961 5212 ἀπα-

289 5237 554 5308 τηθέντας
586 5237 927 5317 κηδεμονίαν.
951 5239 1029 5290 Δι’
1061 5230 1136 5292 ὧν
1155 5237 1264 5310 γὰρ
1285 5237 1377 5291 τὸν
1405 5238 1762 5310 ἀπατήσαντα
1789 5240 1962 5309 οὕτως

290 5318 558 5390 ἠμύνατο,
585 5319 740 5389 δῆλον
754 5320 839 5373 ὅτι
868 5319 948 5383 εἰς
966 5320 1091 5385 τοὺς
1126 5320 1268 5374 πάνυ
1292 5318 1442 5390 αύτῷ
1464 5322 1961 5394 περισπουδάστους

288 5405 390 5478 τὴν
422 5405 638 5474 ἀπάτην
659 5405 970 5475 εἰργάσατο.
998 5401 1130 5458 Εἶτα
1151 5404 1400 5459 ἐντεῦθεν
1430 5423 1535 5477 μνη
1545 5405 1839 5477 μονεύσατε
1861 5411 1957 5464 τοῦ

291 5490 570 5564 ἐπιτιμίου
611 5492 714 5562 τῆς
750 5491 1026 5561 γυναικὸς,
1081 5492 1176 5547 καὶ
1225 5492 1326 5563 τῆς
1382 5491 1658 5558 κολάσεως
1704 5494 1804 5566 τῆς
1857 5498 1957 5550 ἐπ-

291 5580 551 5652 ἀχθείσης
579 5578 740 5650 αὐτῇ,
782 5577 984 5649 μᾶλλον
1028 5578 1087 5632 δὲ
1117 5578 1213 5650 τῆς
1245 5578 1547 5646 νουθεσίας,
1587 5583 1681 5637 καὶ
1712 5582 1856 5639 οὕτω
1890 5586 1957 5641 τὰ

290 5666 429 5739 πρὸς
482 5666 574 5720 τὸν
616 5665 787 5737 Ἀδὰμ
828 5664 1092 5737 εἰρημένα
1140 5666 1609 5737 μνημονεύσαντες
1634 5710 1651 5737 ,
1710 5671 1806 5725 καὶ
1858 5673 1959 5744 τῆς

354 5798 381 5829 ³
425 5797 628 5864 Ουίιιεπῃ
670 5803 860 5864 mss.__el
878 5796 1033 5864 δείν’ἰίΖ
1052 5800 1174 5855 ζωῆς
1198 5814 1304 5864 σου.
1330 5797 1454 5850 Infra
1478 5801 1575 5849 duo
1595 5816 1706 5853 mss.
1734 5811 1792 5864 γῆ
1818 5807 1957 5855 πάλιν

290 5860 482 5930 γίνεται.
547 5859 576 5900 ι)
598 5859 943 5930 Ξεινίιηάπαγε.
992 5858 1164 5930 Μεντει.
1196 5860 1427 5930 ’ἐπάγαγε
1453 5864 1595 5913 Alius
1615 5858 1801 5930 μέταῖέ.
1828 5866 1955 5921 Infra

289 5922 484 5984 quidam
511 5937 621 5982 mss.
650 5920 847 5991 ἐνταῦθα
865 5919 970 5975 κατ.
1040 5922 1061 5951 ¹¹
1090 5919 1261 5972 Morel.
1302 5919 1542 5982 ἀνοήτους.
1615 5919 1626 5928 ⁷
1743 5919 1753 5930 ’
1844 5958 1851 5965 -η

1402 336 1468 393 IN
1505 337 1660 395 CAP.
1702 336 1766 394 III
1807 332 2051 393 GENES.
2093 334 2329 396 HOMIL.
2360 337 2547 397 XVIII.

3642 339 3742 395 MS

2072 452 2402 524 ἀποφάσεως
2436 457 2517 520 εἰς
2560 454 2766 510 ἔννοιαν
2816 454 3082 519 ἐλθόντες,
3107 453 3235 509 Ὀτι
3271 453 3349 524 τῆ
3383 447 3456 519 εἴ,
3502 454 3598 507 καὶ
3648 457 3738 522 εις

2070 538 2185 609 γῆν
2198 541 2532 611 άπελεύσῃ,
2558 540 2806 596 ἐντεῦθεν
2823 542 3133 613 ἐκπλάγητε
3145 542 3243 613 τὴν
3258 541 3463 611 ἄφατον
3488 539 3582 593 τοῦ
3604 540 3744 597 Θεοῦ

2070 627 2501 699 φιλανθρωπίαν,
2528 629 2610 683 δτι
2636 630 2785 701 ἡμᾶς
2804 629 2930 692 τοὺς
2963 629 3028 682 ἐκ
3058 629 3159 700 τῆς
3184 627 3290 699 γῆς
3317 627 3497 692 δντας,
3532 628 3626 682 καὶ
3660 629 3739 693 εις

2068 713 2174 785 γῆν
2224 714 2623 787 διαλυομένους,
2663 718 2712 769 εἰ
2755 715 3145 786 βουληθείημεν
3192 714 3394 787 ἀρετὴν
3423 714 3703 785 μετελθεῖν
3721 754 3740 779 ,

2069 802 2165 854 καὶ
2215 800 2414 855 κακίαν
2463 804 2675 872 φυγεῖν,
2731 800 2841 856 τῶν
2883 801 3211 873 ἀπορρήτων
3252 801 3475 854 ἐκείνων
3519 800 3741 870 ἀγαθῶν

2068 887 2252 955 ἀξιοῦν
2274 888 2635 960 ἐπηγγείλατο
2664 890 2772 944 τῶν
2806 887 3219 960 ἡτοιμασμένων
3243 890 3355 953 τοῖς
3396 888 3740 960 ἠγαπηκόσιν

2068 972 2251 1042 αὑτὸν,
2290 976 2351 1030 Ἀ
2380 975 2686 1046 ὀφθαλμὸς
2717 977 2828 1031 οὐκ
2855 973 2999 1041 εἶδε,
3038 974 3138 1030 καὶ
3185 971 3296 1041 οὖς
3333 976 3445 1030 οὐκ
3484 973 3737 1045 ἢκουσε,

2068 1060 2170 1113 καὶ
2206 1060 2305 1114 ἐπὶ
2334 1060 2587 1131 καρδίαν
2624 1061 2940 1131 ἀνθρώπου
2977 1063 3089 1117 οὐκ
3112 1059 3319 1129 ἀνέϐη.
3353 1061 3528 1132 Χάριν
3559 1061 3739 1116 τοίνυν

2068 1146 2268 1219 πολλὴν
2304 1147 2591 1220 ὀφείλομεν
2632 1148 2790 1220 ἡμῶν
2842 1147 3122 1220 ὁμολογεῖν
3174 1147 3252 1219 τῷ
3302 1147 3549 1219 Δεσπότη
3599 1147 3737 1220 ὑπὲρ

2067 1232 2177 1288 τῶν
2196 1234 2530 1305 τηλικούτων
2552 1235 2900 1307 εὐεργεσιῶν,
2936 1235 3032 1290 καὶ
3063 1233 3338 1307 μηδέποτε
3372 1233 3514 1306 λήθῃ
3554 1232 3736 1288 ταῦτα

2069 1321 2485 1393 παραπέμπειν,
2545 1322 2681 1376 ἀλλά
2726 1321 2815 1376 διὰ
2864 1321 2976 1376 τῶν
3021 1320 3243 1390 ἀγαθῶν
3280 1320 3458 1392 ἐργων
3495 1321 3587 1375 καὶ
3635 1320 3737 1391 τῆς

2068 1408 2267 1481 πολλῆς
2289 1409 2397 1463 τῶν
2419 1409 2638 1479 φαύλων
2659 1410 2968 1481 ἀποφυγῆς.
2990 1408 3180 1463 τοῦτον
3206 1407 3619 1480 ἐξιλεωσώμεθα
3641 1408 3739 1462 καὶ

2067 1496 2267 1568 εὐμενῆ
2316 1497 2446 1568 ἡμῖν
2495 1497 2948 1569 καταστήσωμεν.
2982 1495 3108 1559 Πῶς
3137 1495 3247 1567 γὰρ
3271 1495 3332 1549 οὐ
3375 1495 3556 1567 πάσης
3578 1493 3738 1549 τοῦτο

2066 1581 2457 1655 ἀγνωμοσύνης
2491 1582 2710 1655 δεῖγμα,
2741 1585 2790 1637 εἰ
2815 1583 2977 1647 αὐτὸς
3009 1581 3130 1654 μέν,
3163 1581 3298 1645 Θεὸς
3321 1580 3397 1635 ὢν
3429 1582 3524 1636 καὶ
3542 1581 3739 1662 ἀθάνα-

2066 1685 2178 1733 τος.
2210 1668 2307 1742 τὴν
2331 1670 2491 1736 φύσιν
2515 1669 2879 1725 ἀναλαϐέσθαι
2908 1669 3008 1742 τὴν
3031 1669 3231 1741 θνητὴν
3254 1667 3413 1739 ήμῶν
3433 1669 3529 1724 καὶ
3550 1670 3736 1739 γήϊνον

2065 1755 2253 1813 οὐσίαν
2289 1759 2349 1812 οὐ
2385 1759 2779 1833 παρῃτήσατο,
2831 1760 2925 1813 καὶ
2975 1758 3079 1829 τῆς
3126 1758 3361 1831 ἀρχαίας
3415 1757 3738 1830 νεκρώσεως

2064 1845 2389 1914 ἀπαλλάξαι,
2423 1848 2517 1902 καὶ
2561 1847 2699 1918 ὺπέρ
2726 1847 2819 1901 τὸν
2847 1846 3077 1919 οὐρανὸν
3106 1845 3313 1918 ταύτην
3367 1845 3735 1913 ἀναϐιϐάσαι,

2066 1933 2163 1988 καὶ
2192 1937 2259 2006 τῇ
2290 1936 2533 2007 πατρικῇ
2582 1934 2836 2009 συνεδρίᾳ
2861 1934 3114 2006 τιμῆσαι,
3161 1934 3256 1988 καὶ
3285 1933 3391 1987 ύπδ
3416 1934 3599 2005 πάσης
3637 1933 3737 2006 τῆς

2064 2023 2322 2094 οὐρανίας
2342 2025 2601 2094 στρατιᾶς
2629 2022 3050 2095 προσκυνεῖσθαι
3079 2022 3436 2089 καταξιῶσαι,
3486 2025 3649 2094 ἡμεῖς
3677 2023 3735 2078 δὲ

2064 2109 2133 2161 τὰ
2150 2109 2364 2162 ἐναντία
2389 2108 2563 2180 τούτῳ
2582 2109 2912 2179 ἀνταμεῖψαι
2935 2110 2997 2162 οὐ
3021 2107 3454 2181 κατῃδέσθημεν,
3478 2108 3619 2162 ἀλλά
3640 2111 3735 2163 καὶ

2063 2194 2164 2267 τὴν
2186 2194 2449 2250 ἀθάνατον
2476 2195 2674 2266 ψυχὴν,
2707 2195 2782 2258 ὡς
2804 2195 2869 2250 ἀν
2890 2212 2973 2259 τις
2994 2194 3160 2260 εῐποι,
3189 2197 3258 2266 τῇ
3282 2196 3445 2267 σαρκί
3466 2194 3734 2267 προσκολο

2065 2280 2352 2352 λήσαντες,
2385 2282 2575 2353 γὴῖνον
2621 2282 2790 2356 αύτὴν
2844 2282 2942 2337 καὶ
2996 2281 3198 2353 νεκράν
3241 2284 3336 2336 καὶ
3378 2282 3736 2355 ἁνενέργητον

2065 2366 2317 2436 γενέσθαι
2357 2369 2874 2440 κατεσκευάσαμενς
2926 2369 3039 2440 Μὴ,
3082 2367 3406 2440 παρακαλῶ,
3448 2369 3524 2441 μὴ
3564 2369 3736 2433 οὕτως

2065 2454 2377 2526 ἀγνώμονες
2396 2449 2546 2527 ὦμεν
2574 2457 2701 2528 περὶ
2724 2456 2816 2510 τὸν
2863 2454 3100 2510 τοσαῦτα
3124 2457 3271 2528 ἡμᾶς
3303 2456 3733 2528 εύηργετηκότα,

2065 2541 2201 2596 ἀλλά
2232 2545 2342 2607 τοῖς
2362 2543 2526 2597 αὐτοῦ
2550 2544 2734 2614 νόμοις
2765 2541 3040 2614 ἐπόμενοι,
3074 2542 3143 2596 τά
3181 2542 3333 2614 αὐτῷ
3354 2542 3615 2598 δοκοῦντα
3641 2546 3736 2598 καὶ

2065 2629 2337 2702 εύάρεστα
2387 2631 2517 2685 δντα
2563 2628 3054 2704 διαπραττώμεθα,
3100 2630 3188 2684 ῖνα
3223 2631 3317 2685 καὶ
3360 2630 3470 2683 τῶν
3502 2631 3738 2685 αἰωνίων

2064 2716 2286 2786 ἀγαθῶν
2314 2717 2497 2785 ἀξίους
2523 2720 2672 2790 ἡμᾶς
2693 2716 2948 2790 ἀναδείξῃ
2966 2734 2980 2748 ο
3013 2710 3087 2771 ὧν
3112 2717 3322 2785 γένοιτο
3352 2718 3561 2782 πάντας
3589 2719 3737 2788 ἡμᾶς

2065 2803 2383 2874 ἀξιωθῆναι,
2442 2804 2625 2878 χάριτι
2660 2804 2753 2859 καὶ
2784 2804 3163 2876 φιλανθρωπίᾳ
3215 2803 3308 2858 τοῦ
3340 2804 3547 2876 Κυρίου
3578 2807 3610 2875 ἡ
3621 2805 3738 2875 μῶν

2077 2890 2253 2962 Ἰησοῦ
2278 2891 2533 2963 Χριστοῦ,
2571 2891 2692 2963 μεθ’
2729 2883 2790 2945 οὗ
2822 2891 2899 2963 τῷ
2938 2892 3134 2964 Πατρὶ,
3160 2890 3277 2963 ἀμα
3297 2891 3375 2962 τῷ
3405 2891 3547 2963 ἀγίῳ
3570 2892 3739 2945 Πνεύ-

2067 2994 2201 3049 ματι
2246 2978 2394 3044 δόξα,
2429 2979 2667 3050 κράτος,
2710 2979 2867 3051 τιμὴ,
2918 2978 3015 3035 νῦν
3062 2980 3157 3035 καὶ
3195 2980 3318 3048 ἀεὶ,
3359 2981 3455 3035 καὶ
3492 2980 3574 3045 εἰς
3614 2982 3739 3046 τοὺς

2063 3066 2265 3132 αἰῶνας
2293 3066 2402 3122 τῶν
2423 3065 2662 3123 αἰώνων.
2708 3068 2901 3139 Ἀμήν.

2623 3228 2775 3304 [ιεο]
2800 3231 3042 3286 OMIAIA
3074 3231 3184 3286 m'.

2064 3359 2178 3417 Καὶ
2210 3360 2510 3430 ἐκάλεσεν
2533 3359 2718 3430 ,Ἀδὰμ
2750 3360 2818 3414 τὸ
2847 3361 3035 3430 ὄνομα
3064 3359 3176 3430 τῆς
3212 3361 3496 3430 γυναικὸς
3525 3361 3734 3425 αὐτοῦ,

2135 3429 2333 3495 Ζωὴδ,
2362 3430 2452 3483 ὅτι
2477 3429 2628 3494 αὕτη
2654 3428 2858 3497 μήτηρ
2885 3428 3133 3483 πάντων
3174 3428 3293 3484 τῶν
3331 3428 3579 3490 ζώντων.
3626 3433 3735 3488 Καὶ

2137 3500 2391 3569 ἐποίησε
2442 3500 2658 3569 ῌιύριος
2683 3501 2716 3549 ό
2750 3498 2895 3569 Θεὸς
2927 3497 3010 3561 τῷ
3054 3497 3229 3569 Ἀδὰμ
3260 3500 3360 3569 καὶ
3389 3498 3463 3566 τῇ
3499 3501 3736 3569 γυναικί

2134 3566 2331 3635 αὐτοῦ
2347 3564 2604 3632 χιτῶνας
2623 3564 3043 3635 δερματίνους,
3057 3568 3153 3635 καὶ
3172 3564 3466 3620 ἐνέδυσεν
3491 3564 3732 3635 αὐτούς.

2136 3634 2258 3712 ιςαξ
2273 3630 2445 3687 εἶπεν
2469 3636 2502 3688 ό
2530 3633 2676 3698 Θεός
2696 3648 2708 3662 ·
2726 3630 2910 3687 “1601':
2956 3633 3137 3703 Ἀδὰμ
3165 3635 3411 3705 γέγονεν
3436 3637 3517 3704 ὡς
3550 3632 3640 3704 εἷς
3666 3630 3737 3705 ἐξ

2138 3704 2324 3774 ἡμῶν.

2138 3845 2205 3894 α’.
2222 3838 2406 3892 Εἰδετε
2426 3837 2546 3909 χθὲς
2566 3837 2831 3893 Δικαστοῦ
2849 3837 3257 3912 φιλανθρωπίαν
3272 3856 3287 3907 ;
3304 3840 3473 3895 εἴδετε
3491 3841 3736 3910 ἐξέτασιν

2063 3926 2401 3997 ἀγαθότητος
2429 3926 2709 3998 γέμουσαν
2736 3945 2752 3995 ;
2776 3927 2946 3981 εἰδετε
2981 3929 3261 4001 τιμωριῶν
3294 3930 3589 4003 διαφοράν;
3618 3932 3736 3997 πῶς

2067 4014 2167 4086 μὲν
2194 4016 2224 4069 ὁ
2256 4013 2344 4068 διά
2381 4014 2483 4085 τῆς
2508 4015 2726 4087 ἀπάτης
2762 4013 3129 4079 ὑποσκελίσας
3158 4019 3499 4088 ἐτιμωρήθη,
3527 4021 3645 4088 πῶς
3677 4020 3735 4074 δέ

2061 4103 2097 4175 ἡ
2121 4103 2232 4167 τοῖς
2256 4101 2725 4156 δποσκελισθεῖσιν
2755 4102 3057 4171 ἐπαχθεῖσα
3100 4102 3344 4174 τιμωρία
3374 4104 3575 4177 πολλὴν
3623 4107 3733 4161 δεί-

2061 4205 2221 4244 κνυσι
2248 4189 2350 4261 τὴν
2384 4188 2481 4243 τοῦ
2512 4188 2648 4242 Θεοῦ
2690 4187 3134 4260 φιλανθρωπίαν;
3169 4189 3340 4244 εἰδετε
3387 4191 3564 4265 πόσης
3599 4195 3733 4265 ήμίν

2060 4274 2328 4345 ὠφελείας
2360 4276 2582 4344 γέγονεν
2611 4275 2870 4340 ὑπόθεσις
2897 4275 2960 4329 τὸ
3000 4276 3346 4348 παραστῆναι
3377 4277 3458 4350 τῷ
3474 4279 3734 4352 δικαστη-

2063 4364 2185 4436 ρίῳ,
2216 4364 2313 4418 καὶ
2340 4363 2469 4417 ἰδεῖν
2485 4363 2634 4427 ὅπως
2653 4362 3096 4437 προεχώρησενή
3123 4363 3409 4434 ἐξέτασις;
3445 4367 3733 4439 Ἔγνωμεν

2060 4450 2191 4523 γὰρ,
2228 4451 2369 4505 ὅσων
2397 4451 2575 4504 τεκαὶ
2606 4450 2813 4522 ἡλίκων
2839 4451 3063 4520 ἀγαθῶν
3092 4454 3320 4518 ἑαυτοὺς
3345 4456 3733 4528 ἀπεστέρησαν

2058 4538 2090 4592 δ
2113 4555 2174 4592 τε
2209 4537 2400 4610 Ἀδὰμ,
2428 4538 2463 4609 ἡ
2492 4555 2553 4593 τε
2582 4538 2719 4606 Εῦα,
2743 4539 2831 4594 διά
2849 4539 2949 4610 τῆς
2972 4541 3336 4611 παραϐάσεως
3362 4544 3468 4614 τῆς
3485 4544 3733 4617 δοθείσης

2059 4625 2283 4697 ἐντολῆς
2302 4665 2318 4691 ,
2365 4627 2741 4699 γυμνωθέντες
2771 4628 2872 4699 τῆς
2911 4627 3070 4699 δόξης
3104 4628 3322 4700 ἐκείνης
3348 4631 3448 4701 τῆς
3476 4633 3691 4700 ἀφάτου
3710 4675 3728 4700 ,

2058 4714 2157 4769 καὶ
2183 4713 2284 4783 τῆς
2312 4714 2462 4784 ζωῆς
2482 4714 2582 4784 τῆς
2628 4714 2781 4768 οὐδὲν
2827 4715 3047 4768 ἔλαττον
3096 4715 3284 4784 σχεδὸν
3307 4726 3332 4756 ο
3366 4715 3599 4787 ἐχούσης
3622 4718 3730 4773 τῶν

2059 4799 2326 4869 ἀγγέλων.
2350 4801 2578 4872 Εῖδομεν
2609 4800 2709 4870 τὴν
2731 4799 3087 4864 ἀνεξικακίαν
3112 4800 3209 4854 τοῦ
3237 4802 3531 4867 Δεσπότου,
3574 4804 3732 4858 ἐπαι-

2058 4888 2331 4960 δεύθημεν
2359 4890 2484 4943 ὅσον
2520 4889 2690 4943 κακόν
2720 4890 2836 4942 ἐστι
2880 4888 3143 4960 ῥᾳθυμία,
3180 4890 3276 4943 καὶ
3307 4890 3455 4954 ὅπως
3487 4892 3583 4945 καὶ
3621 4894 3730 4946 τῶν

2058 4976 2164 5048 ἥδη
2203 4975 2571 5046 ὑπηργμένων
2608 4975 2828 5043 ἀγαθῶν
2856 4976 3100 5046 γυμνοὺς
3145 4978 3240 5032 καὶ
3289 4979 3532 5051 ἐρήμους
3579 4982 3729 5053 ἡμᾶς

2061 5061 2374 5135 ἐργάζεται,
2407 5062 2500 5117 καὶ
2546 5063 2606 5115 ἐν
2652 5062 2821 5133 πολλῇ
2867 5062 3160 5136 καθίστησι
3196 5067 3266 5137 τῇ
3311 5065 3563 5140 αἰσχύνῃ.
3614 5069 3727 5134 Διὸ,

2062 5148 2384 5221 παρακαλῶ,
2419 5151 2699 5222 νήφωμεν,
2748 5151 2844 5206 καὶ
2893 5150 2966 5206 τὰ
3016 5152 3244 5207 ἐκείνων
3284 5152 3552 5224 πτώματα
3599 5155 3733 5227 ἡμῖν

2061 5238 2303 5307 γενέσθω
2318 5238 2606 5309 φάρμακα,
2635 5239 2729 5293 καὶ
2758 5241 2792 5310 ἡ
2820 5238 3043 5295 ἐκείνων
3069 5240 3311 5313 ῥᾳθυμία
3336 5241 3467 5313 ἡμῖν
3491 5242 3734 5311 γενέσθω

2062 5324 2363 5395 ἀσφαλείας
2393 5325 2647 5390 ὑπόθεσις
2669 5342 2682 5358 ·
2711 5326 2901 5398 ἐπειδὴ
2931 5327 3025 5381 καὶ
3056 5327 3260 5397 μείζων
3288 5329 3322 5399 ἡ
3355 5329 3596 5399 τιμωρία
3620 5332 3734 5395 τοῖς

2061 5414 2143 5477 εἰς
2170 5413 2230 5467 τὸ
2257 5414 2385 5485 ἑξῆς
2410 5413 2481 5467 τά
2500 5412 2642 5468 αι’)τά
2675 5412 3108 5485 πλημμελοῦσιν.
3146 5413 3257 5484 ὅσῳ
3292 5414 3426 5485 μηδέ
3456 5418 3568 5480 τοῖς
3598 5418 3733 5473 ὑπο-

2059 5497 2316 5570 δείγμασι
2331 5500 2760 5574 σωφρονέστεροι
2775 5498 3029 5568 γενέσθαι
3042 5498 3442 5572 ἠϐουλήθησαν.
3467 5503 3601 5557 Ούδέ
3621 5504 3732 5577 γὰρ

2060 5585 2111 5639 οἰ
2134 5586 2273 5656 μετά
2303 5586 2475 5640 ταῦτα
2502 5585 2570 5639 τὰ
2593 5586 2731 5639 αὐτά
2762 5587 2876 5648 τοῖς
2902 5585 3188 5656 προτέροις
3209 5587 3615 5660 ἁμαρτάνοντες
3634 5591 3733 5663 τὴν

2060 5671 2231 5744 αὐτὴν
2267 5672 2685 5742 εἰσπράττονται
2713 5670 2889 5742 δίκην.
2914 5671 3024 5724 Καὶ
3041 5671 3200 5726 τοῦτο
3227 5674 3509 5747 συντόμως
3540 5679 3734 5751 μαθεῖν

2064 5758 2272 5824 ἔξεστιν
2296 5759 2406 5814 ἀπὸ
2437 5757 2532 5813 τοῦ
2558 5756 2723 5828 σοφοῦ
2757 5759 3079 5816 διδασκάλου
3107 5761 3207 5834 τῆς
3247 5764 3598 5840 οἰκουμένης,
3636 5769 3731 5823 τοῦ

2128 5934 2155 5975 ά
2176 5935 2327 5985 δυνίὶ.
2353 5936 2468 5996 Εὔα,
2496 5936 2609 6001 ὅπερ
2634 5939 2732 5992 ἐστὶ
2758 5936 2895 5999 ζωή.’
2920 5954 2944 5984 e
2991 5941 3161 6005 Σχεδὸν
3182 5942 3324 5995 deest
3347 5945 3398 5995 in
3419 5944 3587 5996 Morei.
