4144 6200
403 262 504 319 H9

401 374 672 448 μακαρίου
701 372 913 427 Παύλου
944 370 1109 442 φημὶ,
1159 370 1409 439 λέγοντος
1428 385 1443 402 ·
1476 371 1647 425 Ὅσοι
1678 370 1790 439 γὰρ
1836 368 2066 439 ἀνόμως

404 464 687 532 ἥμαρτον,
704 460 939 529 ἀνόμως
967 458 1063 512 καί
1091 458 1485 514 ἀπολοῦνται·
1506 459 1600 512 καί
1622 457 1753 512 ὅσοι
1778 458 2071 527 ἑννόμωςι

403 552 685 620 ἥμαρτον,
718 547 817 602 διὰ
836 548 1022 617 νόμου
1065 546 1473 615 κριθήσονται.
1514 547 1579 600 '0
1600 545 1655 600 δέ
1676 545 1822 616 λέγει
1840 544 2075 599 τοιοῦτόν

400 639 579 692 ἐστιν·
612 636 686 689 Οὐ
720 636 820 706 τὴν
867 633 1036 706 αὐτὴν
1066 632 1296 687 δώσουσι
1335 634 1491 704 δίκην
1522 634 1571 686 οί
1617 632 1723 704 πρὸ
1762 631 1854 685 τοῦ
1886 630 2073 703 νόμου,

400 723 495 778 καὶ
527 725 575 777 οί
605 723 747 795 μετά
791 722 884 776 τὸν
913 722 1079 793 νόμον
1105 762 1120 787 ,
1170 720 1307 775 ἀλλά
1338 719 1647 792 βαρυτέρας
1678 720 2076 790 ὐποστήσονται

398 814 669 886 τιμωρίας
706 810 925 883 οἱμετά
972 810 1071 881 τὴν
1121 809 1214 863 τοῦ
1264 809 1431 880 νόμου
1463 810 1608 863 δόσιν
1648 809 2074 883 ἁμαρτάνοντες.

400 901 567 955 Ὅσοι
592 900 701 970 γὰρ
733 899 964 967 ἀνόμως
998 896 1282 966 ἥμαρτον,
1305 896 1542 966 ἀνόμως
1563 895 1661 950 καὶ
1684 893 2077 950 ἀπολοῦνται·

397 988 714 1051 τουτέστιν,
763 984 1123 1056 ήμερωτέραν
1167 984 1349 1048 αὐτοῖς
1387 982 1659 1056 ποιεῖτὴν
1695 982 1967 1053 τιμωρίαν
2018 983 2080 1035 τὸ

406 1077 481 1148 μὴ
503 1076 647 1147 ἔχειν
666 1075 766 1146 τὴν
782 1073 897 1147 ,ἀπὸ
912 1071 1004 1125 τοῦ
1026 1072 1193 1143 νόμου
1223 1069 1570 1124 διδασκαλίαν
1599 1087 1657 1123 τε
1686 1070 1779 1122 καὶ
1801 1068 2074 1141 βοήθειαν.

401 1164 513 1218 Kal
566 1162 696 1217 ὅσοι
727 1161 796 1214 ἐν
822 1160 980 1230 νόμῳ
1014 1158 1298 1229 ἥμαρτον,
1338 1157 1437 1212 διὰ
1457 1158 1645 1227 νόμου
1672 1155 2075 1227 κριθήσονται.

402 1244 563 1306 Οὗτοι
587 1249 666 1313 δὲ,
690 1248 876 1320 φησὶν,
904 1246 1093 1318 ἐπειδὴ
1120 1247 1211 1300 καὶ
1236 1245 1330 1299 τὸν
1359 1244 1524 1316 νόμον
1549 1244 1708 1316 ἔσχον
1736 1244 2078 1307 διδάσκαλον,

403 1340 499 1393 καὶ
526 1337 647 1392 οὐδὲ
680 1335 855 1398 οὕτως
882 1332 1389 1406 ἐσωφρονίσθησαν,
1427 1332 1564 1385 ἀλλά
1584 1332 1651 1385 10
1681 1332 1821 1385 αύτά
1854 1331 2082 1396 ἐκείνοις

402 1427 670 1498 ἥμαρτον,
703 1423 928 1493 μείζονα
961 1423 1055 1476 καὶ
1078 1420 1177 1491 τὴν
1221 1420 1383 1491 δίκην
1412 1420 1621 1473 τίσουσι
1652 1421 1700 1473 δ.
1750 1419 1889 1473 Ἀλλ’
1917 1419 2084 1473 ἀκού-

408 1528 591 1583 σωμεν
620 1512 715 1566 καὶ
743 1508 850 1562 τῶν
872 1509 1116 1580 σήμερον
1148 1505 1628 1576 ἀναγνωσθέντων.
1667 1506 1776 1561 Kal
1799 1505 2079 1571 ἐκάλεσε,

407 1602 594 1672 φησὶν,
646 1599 829 1668 Ἀδὰμ
866 1597 931 1652 τὸ
984 1598 1173 1665 ὄνομα
1201 1595 1313 1665 τῆς
1349 1595 1637 1666 γυναικὸς
1681 1594 1890 1658 αὐτοῦ,
1918 1596 2079 1661 Εὕα,

406 1688 553 1756 ὅπερ
581 1687 710 1741 ἐστὶ
736 1684 871 1754 ζωὴ,
904 1685 992 1739 ὅτι
1022 1685 1176 1753 αὕτη
1186 1684 1386 1753 μήτηρ
1414 1683 1660 1739 πάντων
1690 1682 1809 1737 τῶν
1830 1680 2077 1743 ζώντων.

302 1782 311 1789 ‘
410 1778 555 1845 Ὅρα
575 1774 676 1845 τῆς
703 1773 853 1836 θείας
879 1774 1105 1844 Γραφῆς
1142 1773 1241 1843 τὴν
1282 1771 1588 1844 ἀκρίϐειαν,
1630 1769 1748 1833 πῶς
1775 1770 1896 1823 οὐδὲ
1926 1770 2084 1824 τοῦτο

411 1863 680 1934 παρῆκεν,
727 1860 843 1915 ἀλλ’
872 1859 1107 1924 ἐδίδαξεν
1139 1861 1308 1931 ήμᾶς,
1337 1860 1420 1912 ὃτι
1448 1859 1543 1911 καὶ
1571 1860 1636 1929 τῇ
1666 1856 1886 1926 γυναικὶ¹
1917 1873 2086 1929 προσ-

408 1951 639 2023 ηγορίαν
692 1950 719 2003 0
767 1949 940 2019 Ἀδὰμ
977 1946 1266 2017 ἐπέθηκεν.
1309 1945 1611 2012 Ἐκάλεσε,
1642 1944 1786 2016 γὰρ,
1828 1944 1985 2015 φησὶ,
2020 1943 2086 1998 τὸ

410 2039 598 2108 ὄνομα
630 2036 739 2105 τῆς
766 2035 1050 2107 γυναικὸς
1087 2033 1297 2099 αὐτοῦ,
1326 2034 1473 2098 Εὔα,
1520 2034 1657 2103 ὅπερ
1688 2033 1803 2086 ἐστὶ
1834 2031 1967 2101 ζωὴ,
1997 2032 2086 2087 ὅτι

408 2126 560 2193 αὕτη
584 2123 782 2193 μήτηρ
808 2122 1048 2176 πάντων
1080 2120 1200 2174 τῶν
1243 2117 1474 2182 ζώντων
1505 2136 1519 2151 ο
1576 2120 1877 2184 τουτέστιν,
1946 2119 2084 2191 αῦτη

410 2213 554 2284 ἀρχή
584 2213 701 2264 ἐστι
752 2210 972 2264 πάντων
1020 2208 1128 2262 τῶν
1162 2209 1223 2272 ἐξ
1267 2206 1440 2278 αὐτῆς
1489 2207 1785 2277 ἐσομένων,
1810 2209 1905 2261 καὶ
1935 2205 2084 2280 [151]

384 2299 541 2371 κρίζα
570 2299 665 2352 καὶ
695 2296 943 2368 θεμέλιος
972 2296 1071 2367 τῆς
1103 2295 1241 2366 μετὰ
1270 2296 1443 2350 ταῦτα
1494 2298 1709 2363 γενεᾶς.
1765 2290 1897 2348 Εἶτα
1949 2294 2090 2366 μετά

410 2388 473 2441 τὸ
493 2386 699 2454 διδάξαι
744 2386 889 2456 ἡμᾶς
929 2383 1026 2455 τὴν
1059 2382 1401 2438 ἐπιτεθεῖσαν
1435 2385 1500 2454 τῇ
1548 2383 1770 2452 γυναικὶ
1819 2400 2088 2455 προσηγο·

415 2476 560 2546 ρίαν,
608 2474 772 2528 πάλιν
815 2473 1089 2529 δείκνυσιν
1117 2474 1249 2542 ἡμῖν
1301 2471 1394 2525 τοῦ
1443 2471 1579 2525 Θεοῦ
1607 2470 1707 2543 τὴν
1754 2470 2089 2542 ἀγαθότητα,

414 2564 563 2627 ὅπως
603 2561 665 2614 οὐ
714 2562 944 2632 περιορᾷ
990 2562 1048 2614 ἐν
1085 2558 1322 2631 τοσαύτῃ
1368 2558 1599 2632 αἰσχύνῃ
1638 2560 1734 2614 καὶ
1790 2559 2092 2630 γυμνότητι

414 2650 541 2712 τοὺς
582 2647 673 2702 ὑπ’
700 2646 867 2700 αὐτοῦ
900 2646 1424 2717 δημιουργηθέντας.
1456 2646 1567 2700 Kal
1618 2647 1892 2715 ἐποίησε,
1934 2648 2091 2717 φησὶ,

417 2735 636 2803 Κύριος
670 2737 703 2788 ό
735 2733 880 2801 Θεὸς
910 2731 990 2798 τῷ
1027 2732 1205 2802 Ἀδὰμ
1231 2733 1327 2786 καὶ
1355 2731 1429 2801 τῇ
1453 2732 1689 2803 γυναικὶ
1718 2733 1905 2788 αὑτοῦ
1924 2733 2094 2802 χιτῶο

416 2837 530 2886 νας
574 2819 1003 2889 δερματίνους,
1058 2819 1157 2873 καὶ
1206 2818 1499 2873 ἐνέδυσεν
1551 2820 1791 2886 αὐτούς.
1828 2820 2094 2890 Καθάπερ

417 2909 528 2980 γάρ
568 2906 749 2979 πατὴρ
783 2905 1155 2977 εὐσπλαγχνος
1188 2906 1355 2959 παῖδα
1378 2905 1519 2975 ἔχων
1541 2907 1737 2977 εὐγενῆ
1758 2918 1804 2970 ε,
1830 2908 1924 2962 καὶ
1955 2908 2096 2978 μετά

422 2996 603 3065 πάσης
633 2993 951 3064 ἐπιμελείας
980 2994 1438 3065 ἀνατρεφόμενον,
1475 2994 1569 3047 καὶ
1615 2994 1827 3065 τρυφῆς
1877 2993 2097 3066 ἀπάσης

420 3081 787 3145 ἀπολαύοντα,
814 3082 907 3135 καὶ
935 3081 1090 3152 ἐστία
1120 3080 1350 3152 λαμπρᾷ
1379 3081 1737 3151 κεχρημένον,
1764 3081 1865 3136 καὶ
1895 3083 2099 3154 σηρικά

425 3167 619 3238 ίμάτια
649 3166 1139 3238 περιϐεϐλημένον,
1166 3168 1262 3220 καὶ
1294 3166 1431 3237 μετά
1483 3166 1667 3231 ἀδείας
1706 3171 1772 3238 τῇ
1808 3169 2099 3240 περιουσίᾳ

422 3257 518 3309 καὶ
547 3254 625 3326 τῷ
648 3256 862 3327 πλούτῳ
893 3255 1235 3327 κεχρημένον
1258 3254 1336 3327 τῷ
1367 3253 1638 3325 πατρικῷ,
1686 3255 1829 3326 ὁρῶν
1870 3255 2098 3327 ὕστερον

421 3343 532 3398 ἀπὸ
556 3344 657 3414 τῆς
683 3344 920 3407 ἀνέσεως
944 3347 1151 3414 ταύτης
1172 3343 1274 3415 τῆς
1307 3343 1506 3414 πολλῆς
1536 3346 1614 3406 είς
1634 3344 1878 3415 κρημνὸν
1901 3346 2099 3410 κακίας

423 3431 790 3497 ἐξοκείλαντα,
816 3431 1031 3485 πάντων
1052 3431 1274 3484 ἐκείνων
1296 3432 1676 3502 ἀποστερήσας
1702 3431 1795 3484 καὶ
1811 3434 1879 3503 τῇ
1900 3432 2097 3485 ἐαυτοῦ

424 3519 643 3590 ἐξουσίᾳ
665 3520 958 3586 ὑποτάξας,
991 3520 1086 3572 καὶ
1114 3519 1214 3588 τῆς
1243 3518 1469 3589 ἐσθῆτος
1519 3518 1838 3589 γυμνώσας,
1885 3520 2099 3590 ἱμάτιον

412 3606 639 3670 ,εὐτελὲς
671 3606 820 3678 αὐτῷ
853 3605 1114 3670 πολλάκις
1161 3607 1255 3660 καὶ
1285 3605 1530 3661 δουλικὸν
1561 3606 1927 3678 περιτίθησιν,
1957 3606 2099 3661 ὥστε

423 3696 505 3768 μὴ
530 3697 707 3765 πάντη
746 3696 952 3767 γυμνὸν
985 3690 1126 3750 εἶναι
1179 3697 1273 3749 καὶ
1322 3696 1653 3766 ἀσχημονεῖν
1678 3714 1691 3728 ·
1723 3695 1865 3750 οὕτω
1907 3697 1970 3769 δὴ
2007 3699 2102 3753 καὶ⁸

409 3788 454 3837 r0
473 3783 856 3854 φιλάνθρωπος
890 3784 1045 3850 Θεὸς,
1090 3783 1279 3854 ἐπειδὴ
1311 3783 1565 3850 ἀναξίους
1587 3783 1816 3848 ἑαυτοὺς
1839 3784 2104 3856 κατέστη-

415 3889 529 3925 σαν
572 3870 665 3924 τοῦ
701 3870 955 3943 λαμπροῦ
1007 3872 1216 3926 ἐκείνου
1248 3871 1343 3925 καὶ
1392 3871 1624 3942 φαιδροῦ
1653 3872 1972 3941 ἐνδύματος,
2003 3873 2099 3928 τοῦ

429 3958 871 4031 περιστέλλοντος
899 3958 1097 4022 αὐτοὺς
1115 3999 1131 4024 ,
1161 3959 1254 4013 καὶ
1303 3957 1817 4031 παρασκευάζοντος
1841 3959 1870 4000 d
1899 3960 2101 4016 ἀνωτέ-

430 4040 557 4117 ρους
590 4040 732 4100 εἶναι
761 4046 869 4100 τῶν
894 4046 1222 4117 σωματικῶν
1247 4046 1524 4115 ἀναγκῶν,
1581 4046 1880 4118 γυμνώσας
1903 4048 2103 4111 αὐτοὺς

426 4133 529 4205 τῆς
542 4132 701 4198 δόξης
737 4133 949 4206 ἐκείνης
980 4135 1217 4204 ἀπάσης,
1237 4135 1332 4188 καὶ
1360 4135 1457 4205 τῆς
1479 4135 1854 4200 ἀπολαύσεως,
1884 4129 1952 4206 ἦς
1968 4136 2103 4207 πρό-

416 4237 585 4288 τερον
620 4225 890 4292 μετεῖχον,
931 4224 1062 4291 πρὶν
1106 4222 1141 4292 ἢ
1166 4225 1352 4275 πεσεῖν
1385 4222 1446 4274 τὸ
1481 4224 1686 4293 πτῶμα
1717 4224 1877 4277 τοῦτο
1910 4224 1972 4278 τὸ
2010 4242 2105 4295 χα-

422 4308 613 4372 λεπὸν,
661 4309 828 4362 πολὺν
877 4309 1004 4380 περὶ
1031 4310 1226 4372 αὐτοὺς
1271 4310 1362 4362 τὸν
1408 4306 1586 4364 οἶκτον
1631 4312 2100 4382 ἐπιδεικνύμενος,

431 4394 527 4447 καὶ
554 4393 720 4448 ἐλεῶν
746 4395 944 4458 αὐτοὺς
974 4396 1074 4465 τῆς
1108 4394 1461 4461 ἐκπτώσεως,
1486 4398 1580 4450 καὶ
1608 4398 1750 4469 ὁρῶν
1778 4399 1979 4472 πολλὴν
2003 4401 2103 4471 τὴν

414 4480 819 4553 ..ἀσχημοσύνην
843 4482 1361 4557 περιϐεϐλημένους,
1382 4486 1475 4537 καὶ
1493 4484 1592 4538 οὐκ
1615 4486 1847 4550 εἰδότας,
1871 4487 1899 4541 ὅ
1922 4504 1977 4540 τι
2007 4488 2103 4543 καὶ

432 4572 719 4642 πράξουσι,
753 4573 891 4644 πρὸς
913 4574 972 4628 τὸ
1008 4572 1085 4646 μὴ
1115 4575 1356 4644 γυμνοὺς
1388 4568 1529 4629 εἶναι
1556 4576 1652 4631 καὶ
1686 4580 2100 4649 ἐνασχημονεῖν,

414 4661 662 4731 ¹χιτῶνας
714 4660 898 4725 αὐτοῖς
968 4661 1257 4732 ἐργάζεται
1321 4662 1679 4733 δερματίνους
1732 4665 1825 4720 καὶ
1875 4667 2102 4737 ἀμφιέν-

432 4762 571 4802 νυσι.
604 4745 840 4801 Τοιαῦτα
865 4749 973 4820 γὰρ
991 4749 1057 4802 τὲ
1082 4749 1230 4819 παρά
1257 4748 1351 4803 τοῦ
1379 4762 1401 4789 ε
1423 4750 1669 4805 διαϐόλου
1703 4755 2097 4825 μηχανήματα·

431 4836 529 4888 ἐπε
538 4835 649 4891 ιδὰν
660 4838 768 4909 γὰρ
784 4838 917 4909 εὕρῃ
930 4841 1055 4903 τούς
1070 4838 1217 4910 αὐτῷ
1232 4840 1606 4911 πειθομένους,
1623 4841 1820 4913 διάτῆς
1839 4843 2094 4915 βραχείας

432 4923 624 4994 ἡδονῆς
650 4925 1035 4990 ὑποσκελίσας,
1059 4927 1155 4979 καὶ
1175 4929 1255 4991 είς
1280 4928 1442 4982 αὐτὸν
1472 4929 1572 4998 τῆς
1598 4930 1794 4995 κακίας
1824 4931 1914 4985 τὸν
1941 4933 2101 5002 βυθὸν

412 5011 761 5079 ςκαταγαγὼν
794 5008 839 5077 ί,
867 5013 961 5067 καὶ
993 5014 1173 5083 πάσης
1213 5014 1475 5085 αἰσχύνης
1505 5018 1596 5070 καὶ
1622 5018 1845 5089 ἀτιμίας
1878 5020 2101 5093 πληρώ-

414 5115 553 5162 ρσας,
588 5098 781 5168 ἀφίησι
820 5098 1032 5154 κεῖσθαι
1064 5099 1234 5166 κάτω,
1266 5101 1497 5154 ἐλεεινὸν
1528 5102 1709 5173 θέαμα
1735 5108 1843 5169 τοῖς
1876 5107 2097 5179 ὁρῶσιν.

446 5186 584 5238 Ἀλλ’
618 5188 646 5239 0
674 5187 783 5239 τῶν
822 5186 1104 5257 ἡμετέρων
1125 5186 1313 5257 ψυχῶν
1342 5188 1613 5259 κηδεμὼν,
1646 5192 1788 5263 ὁρῶν
1818 5191 2016 5257 αὐτοὺς
2042 5196 2101 5249 ἐν

414 5272 716 5343 ,ἀμηχανία
758 5272 948 5345 πολλῇ,
993 5273 1117 5327 οὐδέ
1160 5273 1303 5328 οὕτω
1351 5276 1607 5345 περιιδεῖν
1656 5277 1931 5348 ἀνέχεται,
1964 5281 2103 5336 ἀλλά

433 5359 644 5429 σκέπην
671 5358 852 5423 αὐτοῖς
887 5361 1109 5422 ἐπινοεῖ,
1139 5360 1226 5413 διὰ
1251 5362 1350 5432 τῆς
1377 5362 1650 5427 εὐτελείας
1674 5363 1769 5416 τοῦ
1802 5365 2101 5436 ἐνδύματος

414 5447 646 5514 ⁸δεικνὺς
688 5448 869 5514 αὐτοῖς
912 5448 1038 5503 οἴων
1072 5449 1296 5513 ἑαυτοὺς
1344 5450 1684 5519 κατέστησαν
1724 5450 1908 5516 ἀξίους
1949 5455 2101 5507 ἐνδυ-

416 5534 639 5606 ,μάτων-

496 5706 642 5772 'Sex
684 5710 875 5756 mss.et
894 5707 1042 5756 Savil.
1090 5709 1138 5755 iv
1176 5708 1347 5772 1099:._
1390 5707 1418 5747 ιι
1461 5709 1663 5772 Quidam
1707 5723 1817 5757 mss.
1866 5711 2090 5762 clSavil.

433 5770 797 5829 ὐποστήσονται.
868 5771 888 5797 ι’
927 5772 1143 5825 Quatuor
1162 5767 1494 5826 ῐηεεξεύειδῆί
1545 5767 1571 5807 ἀ
1599 5772 1691 5818 Alii
1719 5775 2095 5829 κατασκευάζον-

418 5844 525 5895 ποξ.
599 5844 621 5870 c
649 5828 794 5898 Safil:
826 5834 872 5875 cl
897 5828 977 5876 alii
1078 5847 1120 5875 τι
1141 5832 1220 5899 καὶ
1240 5829 1504 5899 πράξουσι.
1542 5832 1757 5899 Τοιαῦτα
1782 5833 1869 5899 γὰρ
1890 5835 1948 5881 τὰ
1970 5828 2096 5899 παρά

420 5887 539 5945 «οὗ,
566 5891 758 5936 omissis
784 5889 1103 5939 iulermcdiis.
1178 5890 1197 5930 ί
1225 5887 1427 5952 Αιὶηιιυι
1451 5906 1561 5941 mss.
1605 5887 1899 5941 καταϐα)ών.

1178 256 1234 310 S.
1278 255 1564 311 JOANNIS
1603 252 2093 313 CHRYSOSTOMI
2129 250 2451 309 ARCHIEP.
2494 253 3041 309 CONSTANTINOP.

3730 253 3834 310 150

2247 367 2355 421 Kal
2388 369 2640 437 ἐποίησε
2678 371 2891 437 Κὺμος
2922 372 2955 423 ό
2995 367 3138 436 Θεὸς
3170 367 3249 435 τῷ
3295 366 3475 438 Ἀδὰμ
3506 367 3605 421 καὶ
3635 367 3707 437 τῇ
3739 387 3839 439 τον

2173 455 2330 509 ναικί
2364 455 2551 510 αὐτοῦ
2578 455 2834 524 χιτῶνας
2857 455 3269 526 δερματίνους,
3302 456 3400 509 καὶ
3431 454 3725 509 ἐνέδυσεν
3737 456 3849 510 αὐ-

2175 543 2337 608 τούς.
2384 543 2526 615 Ὅρα
2556 542 2695 614 πόση
2725 542 2825 612 τῆς
2865 542 3015 606 θείας
3066 543 3289 613 Γραφῆς
3332 543 3367 615 ἡ
3412 543 3843 611 συγκατάϐασις.

2189 629 2326 682 Ἀλλ’
2354 629 2491 702 ὅπερ
2544 629 2801 692 πολλάκις
2842 624 3018 692 εἶπον,
3051 631 3145 683 καὶ
3183 629 3277 684 νῦν
3321 630 3493 701 λέγω·
3526 629 3847 701 θεοπρεπῶς

2179 716 2395 771 ἅπαντα
2428 716 2654 787 νοῶμεν,
2697 717 2789 770 καὶ
2825 718 2908 782 τὸ,
2963 717 3306 785 Ἐποίησεν,
3340 718 3461 772 ἀντὶ
3504 717 3619 781 τοῦ,
3665 718 3845 790 Προσ-

2178 802 2385 869 έταξεν,
2411 803 2639 875 νοῶμεν,
2685 803 2968 857 Ἐκέλευσε
3001 805 3233 874 χιτῶνας
3269 805 3624 878 δερματίνους
3650 806 3847 870 αὐτοὺς

2177 889 2564 962 περιϐαλέσθαι
2592 891 2618 931 Β
2651 890 2951 962 ὑπόμνημα
2987 891 3230 961 διηνεκὲς
3258 892 3356 964 τῆς
3388 893 3691 965 παρακοῆς.

2251 980 2317 1051 β’.
2349 980 2722 1035 Ἀκουέτωσαν
2759 982 2809 1036 οί
2843 981 3221 1048 πλουτοῦντες,
3252 985 3301 1037 ol
3336 985 3711 1054 ἐντρυφῶντες
3735 987 3847 1052 τοῖς

2178 1067 2285 1120 τῶν
2314 1068 2611 1138 σκωλήκων
2646 1070 2870 1140 νήμασι,
2907 1070 3002 1123 καὶ
3033 1069 3103 1124 τά
3133 1072 3338 1142 σηρικά
3370 1071 3845 1143 περιϐαλλόμενοι,

2180 1155 2275 1207 καῖ
2310 1154 2732 1225 μανθανέτωσαν
2753 1155 2871 1220 πῶς
2892 1156 2950 1220 ἐξ
2974 1158 3146 1230 ἀρχῆς
3173 1158 3268 1211 καὶ
3294 1160 3360 1212 ἐκ
3389 1160 3690 1233 προοιμίων
3718 1180 3850 1217 παι-

2179 1240 2349 1295 δεύων
2378 1242 2475 1312 τὴν
2503 1243 2851 1314 ἀνθρωπίνην
2879 1245 3040 1315 φύσιν
3072 1247 3100 1298 0
3132 1245 3516 1319 φιλάνθρωπος
3547 1248 3851 1321 Δεσπότης,

2182 1329 2370 1400 ἐπειδὴ
2418 1327 2506 1383 διὰ
2550 1330 2649 1402 τὴν
2700 1332 3011 1402 παράϐασιν
3043 1333 3123 1404 τῷ
3173 1334 3440 1407 ἐπιτιμίῳ
3470 1337 3567 1391 τοῦ
3617 1337 3850 1394 θανάτου

2182 1417 2405 1487 γέγονεν
2443 1417 2742 1482 ὑπεύθυνος
2776 1422 2805 1474 0
2842 1420 3285 1492 πρωτόπλαστος,
3324 1425 3493 1497 ἐχρῆν
3532 1426 3588 1480 δὲ
3635 1427 3854 1498 ἱμάτιον

2183 1503 2333 1577 αὐτῷ
2366 1505 2718 1576 περιτεθῆναι
2750 1507 2810 1561 τὸ
2828 1507 2929 1579 τὴν
2958 1508 3222 1580 αἰσχύνην
3251 1509 3548 1578 καλύπτον,
3589 1513 3852 1585 δερματί-

2182 1608 2306 1655 νους
2332 1594 2514 1657 αὐτοῖς
2533 1593 2757 1663 ἐποίησε
2786 1595 3039 1665 χιτῶνας,
3057 1596 3324 1651 διδάσκων
3348 1600 3493 1670 ἡμᾶς
3516 1600 3738 1669 φεύγειν
3761 1601 3856 1657 τὸν

2186 1679 2350 1751 ὑγρὸν
2381 1680 2474 1733 καὶ
2503 1680 2881 1752 διαλελυμένον
2903 1682 3037 1753 βίον,
3078 1683 3173 1738 καὶ
3210 1685 3285 1756 μὴ
3313 1686 3407 1739 τὸν
3437 1688 3721 1758 ἀνειμένον
3756 1691 3853 1743 καὶ

2187 1765 2446 1837 βλακείας
2477 1767 2715 1839 γέμοντα
2738 1769 3118 1840 μεταδιώκειν,
3143 1771 3279 1827 ἀλλὰ
3298 1774 3388 1827 τὸν
3417 1774 3688 1847 αὐστηρήν
3716 1777 3853 1847 μᾶλα

2185 1853 2276 1907 λον
2316 1851 2474 1927 [152]
2499 1856 2861 1921 ἀσπάζεσθαι.
2911 1857 3051 1912 Ἀλλ’
3105 1860 3236 1924 ίσως
3276 1861 3567 1933 ἀχθόμενοι
3604 1865 3742 1935 πρὸς
3786 1866 3854 1921 τά

2186 1939 2458 2013 λεγόμενα
2496 1944 2547 1996 ol
2584 1944 2943 2011 πλουτοῦντες
2982 1948 3202 2020 ἐροῦσι·
3233 1949 3298 2002 Τί
3344 1945 3473 2016 οὐν;
3499 1950 3857 2022 δερματίνους

2189 2029 2338 2099 ἡμᾶς
2374 2030 2607 2102 χιτῶνας
2635 2032 2880 2098 κελεύεις
2914 2035 3338 2107 περιϐαλέσθαι;
3374 2038 3449 2092 Οὐ
3480 2036 3639 2093 τοῦτο
3677 2040 3851 2109 λέγω·

2190 2116 2311 2170 οὐδέ
2338 2116 2448 2189 γὰρ
2496 2119 2694 2173 ἐκεῖνοι
2733 2122 2812 2185 είς
2844 2121 2905 2175 τὸ
2933 2122 3178 2195 διηνεκὲς
3221 2124 3449 2189 ἐκείνοις
3486 2129 3600 2192 τοῖς
3631 2127 3857 2198 χιτῶσιν

2190 2204 2487 2275 ἐκέχρηντο
2511 2221 2524 2235 ·
2561 2208 2590 2260 0
2619 2206 2729 2279 γὰρ
2754 2208 3137 2282 φιλάνθρωπος
3169 2212 3449 2285 Δεσπότης
3478 2215 3567 2268 ἀεὶ
3587 2218 3709 2279 ταῖς
3733 2233 3860 2287 προ-

2188 2289 2478 2356 λαϐούσαις
2512 2293 2853 2364 εὐεργεσίαις
2872 2297 3066 2369 ἐτέρας
3095 2299 3470 2371 προστίθησιν.
3508 2301 3728 2374 Ἐπειδὴ
3750 2304 3860 2375 γὰρ

2190 2377 2375 2434 λοιπὸν
2397 2380 2731 2448 ὑπευθύνους
2757 2386 2981 2450 ἐαυτούς
3012 2387 3356 2458 κατέστησαν
3381 2391 3502 2454 ταῖς
3519 2395 3860 2461 σωματικαῖς

2192 2464 2478 2532 ἀνάγκαις,
2512 2468 2612 2538 τῆς
2651 2469 2918 2536 ἀπαθείας
2950 2473 3163 2544 ἐκείνης
3198 2477 3293 2528 καὶ
3328 2477 3426 2546 τῆς
3463 2475 3757 2548 ἀγγελικῆς
3785 2478 3865 2532 δι-

2192 2553 2413 2623 αγωγῆς
2456 2554 2942 2628 ἀποστερηθέντες,
2982 2559 3122 2628 μετά
3153 2560 3324 2616 ταῦτα
3353 2562 3725 2635 ᾠκονόμησεν,
3752 2565 3865 2620 ἀπὸ

2176 2637 2300 2692 ’τῶν
2342 2640 2505 2712 ἐρίων
2538 2643 2645 2696 τῶν
2675 2644 2962 2716 προϐάτων
2999 2647 3069 2702 τὰ
3098 2648 3373 2720 ἐνδύματα
3411 2653 3523 2715 τοῖς
3556 2650 3864 2723 ἀνθρώποις

2196 2728 2727 2798 κατασκευάζεσθαι,
2755 2733 2969 2798 οὐδενὸς
2984 2736 3170 2807 ἐτέρου
3193 2736 3403 2803 ἕνεκεν,
3429 2738 3622 2811 ἢῶστε
3654 2739 3866 2812 σκέπην

2195 2814 2470 2882 γενέσθαι,
2507 2817 2602 2871 καὶ
2638 2819 2713 2891 μὴ
2753 2819 2814 2872 10
2838 2821 3054 2892 λογικδν
3086 2823 3245 2878 τοῦτο
3273 2825 3412 2888 ζῶον
3449 2827 3591 2881 κατά
3634 2827 3697 2882 τὸ
3733 2829 3867 2883 αὐτὸ

2195 2907 2309 2969 τοῖς
2340 2906 2556 2976 ἀλόγοις
2595 2910 2653 2962 ἐν
2685 2912 2986 2984 γυμνότητι
3020 2916 3114 2969 καὶ
3142 2916 3498 2991 ἀσχημοσύνῃ
3528 2919 3755 2989 διάγειν.
3799 2921 3865 2974 Ἦ

2196 2994 2375 3047 τοίνυν
2416 2995 2524 3049 τῶν
2568 2997 2796 3067 ἱματίων
2830 3001 3091 3073 περιϐολὴ
3134 3004 3441 3077 ὑπόμνησις
3466 3009 3597 3078 ἡμῖν
3625 3008 3867 3077 γενέσθω

2197 3078 2450 3167 διηνεκὴς
2472 3082 2571 3154 τῆς
2596 3084 2703 3137 τῶν
2732 3086 2955 3155 ἀγαθῶν
2975 3089 3321 3157 ἐκπτώσεως,
3350 3094 3564 3165 καὶτῆς
3591 3096 3866 3167 τιμωρίας

2198 3166 2536 3235 διδασκαλία,
2572 3174 2637 3241 ἥν
2662 3172 2751 3226 διά
2782 3174 2881 3247 τὴν
2914 3179 3202 3250 παρακοην
3229 3180 3290 3232 τὸ
3314 3180 3425 3234 τῶν
3449 3166 3751 3252 ἀνθρώπων
3773 3184 3867 3253 γέ-

2199 3271 2288 3345 νος
2329 3256 2568 3322 ἐδέξατο.
2601 3261 2927 3329 Λεγέτωσαν
2959 3266 3139 3320 τοίνυν
3162 3268 3295 3339 ήμῖν
3320 3270 3370 3322 οἱ
3402 3270 3638 3345 τοσαύτῃ
3662 3290 3868 3345 κεχρη-

2204 3344 2353 3414 μένοι
2385 3350 2451 3418 τῇ
2486 3351 2778 3422 φαντασία,
2809 3353 2885 3416 ὡς
2916 3355 3051 3424 μηδὲ
3082 3357 3282 3411 εἰδέναι
3310 3358 3495 3413 λοιπὸν
3535 3359 3606 3413 τὰ
3635 3361 3743 3415 01:0
3773 3344 3868 3416 τοῦ

2201 3431 2359 3521 ἐρίου
2382 3432 2490 3487 τῶν
2526 3437 2812 3507 προϐάτων
2859 3441 3151 3512 ἐνδύματα,
3185 3445 3321 3499 ἀλλὰ
3358 3446 3427 3500 τά
3464 3448 3665 3519 σηρικὰ
3715 3466 3869 3521 περι-

2201 3518 2520 3590 ϐαλλόμενοι
2544 3523 2640 3578 καὶ
2663 3526 2743 3589 είς
2767 3527 3022 3583 τοσοῦτον
3046 3530 3415 3597 ἐξοκείλαντες
3444 3518 3661 3605 μανίας,
3678 3535 3755 3600 ὡς
3773 3518 3872 3590 καὶ

2200 3607 2425 3677 χρυσίον
2446 3611 2792 3680 συνυφαίνειν
2814 3617 2926 3679 τοῖς
2952 3617 3213 3689 ἐνδύμασι
3234 3635 3249 3650 ο
3277 3620 3511 3690 μάλιστα
3542 3622 3653 3693 γάρ
3679 3624 3741 3676 τὸ
3758 3623 3871 3677 τῶν

2201 3695 2475 3761 γυναικῶν
2495 3697 2652 3765 γένος
2675 3700 2879 3771 ταύτην
2903 3704 3032 3773 ήμῖν
3055 3705 3425 3762 ἐπιδείκνυται
3449 3709 3549 3781 τὴν
3578 3710 3835 3781 βλακείαν
3853 3730 3868 3743 ι

2199 3781 2346 3845 τίνος
2381 3785 2493 3856 γάρ
2525 3786 2732 3853 ἕνεκεν,
2767 3790 2887 3844 είπέ
2921 3809 3034 3862 μοι,
3064 3794 3275 3861 τούτοις
3315 3797 3378 3850 τὸ
3409 3797 3570 3869 σῶμα
3600 3798 3872 3853 καλλωπί-

2202 3868 2337 3935 ζεις,
2374 3872 2471 3926 καὶ
2500 3875 2712 3947 χαίρεις
2737 3881 2804 3950 τῇ
2831 3879 3081 3934 ἐντεῦθεν
3110 3884 3392 3955 περιϐολῇ,
3421 3868 3515 3945 καὶ
3547 3887 3648 3941 οὐκ
3667 3888 3871 3953 ἐννοεῖς

2201 3956 2285 4047 ὅτι
2319 3958 2439 4012 ἀντὶ
2470 3962 2736 4033 μεγίστης
2763 3967 3035 4039 τιμωρίας
3064 3969 3154 4023 διὰ
3174 3970 3273 4042 τήν
3295 3972 3607 4043 παράϐασιν
3629 3976 3663 4045 ή
3688 3974 3869 4047 σκέπη

2203 4043 2343 4117 αῦτη
2376 4047 2645 4121 ἐπενοήθη
2665 4067 2679 4116 ;
2697 4051 2797 4105 Διά
2818 4054 2871 4106 τί
2897 4054 3005 4126 γὰρ
3031 4057 3105 4128 μὴ
3129 4058 3346 4124 ἀκούεις
3362 4060 3575 4115 Παύλου
3594 4043 3868 4131 λέγοντοξ

2209 4133 2489 4202 Ἔχοντες
2511 4136 2832 4209 διατροφὰς
2860 4142 2961 4195 καὶ
2995 4145 3414 4216 σκεπάσματα,
3438 4149 3673 4215 τούτοις
3699 4150 3872 4217 ἀρκε-

2203 4224 2587 4293 σθησόμεθα;
2626 4227 2788 4298 Ὁρᾷς
2816 4230 2898 4284 ὅτι
2945 4231 3064 4296 ἐνὸς
3099 4233 3263 4303 μόνου
3302 4234 3384 4288 δεῖ
3414 4236 3741 4306 φροντίζειν,
3774 4238 3870 4291 τοῦ

2208 4309 2281 4381 μὴ
2309 4310 2516 4382 γυμνὸν
2541 4309 2682 4367 εἶναι
2712 4315 2771 4369 τὸ
2802 4316 2978 4387 σῶμα,
3012 4317 3106 4373 τοῦ
3140 4320 3438 4376 σκέπεσθαι
3467 4322 3629 4392 μόνον
3660 4324 3713 4388 ιι,
3765 4342 3870 4395 μη·

2204 4396 2322 4450 κέτι
2354 4398 2412 4451 δὲ
2455 4400 2549 4454 καὶ
2580 4403 2706 4473 περὶ
2736 4403 2997 4476 διαφορᾶς
3024 4406 3251 4478 ἐσθῆτος
3276 4409 3530 4479 φροντίδα
3555 4410 3826 4464 ποιεῖσθαι
3851 4428 3867 4476 ;

2216 4485 2357 4537 Ἀλλ’
2387 4488 2479 4540 ἐπὶ
2514 4489 2609 4560 τὴν
2637 4491 2956 4547 ἀκολουθίαν
2983 4493 3245 4565 ἔλθωμενο
3280 4498 3389 4552 Kal
3421 4494 3592 4552 εἶπεν
3628 4501 3662 4553 ὸ
3691 4501 3837 4565 Θεός
3855 4518 3870 4531 ⁸

2218 4568 2371 4625 Ἰδοὺ
2417 4572 2588 4641 Ἀδὰμ
2624 4573 2867 4646 γέγονεν
2895 4578 2975 4643 ὠς
2999 4572 3087 4643 εἷς
3109 4578 3178 4644 ἐξ
3201 4577 3386 4648 ἡμῶν,
3418 4574 3522 4635 τοῦ
3552 4581 3873 4651 γινώσκειν

2203 4657 2397 4710 καλὸν
2438 4659 2534 4711 καὶ
2570 4663 2857 4728 πονηρόν.
2903 4663 3014 4718 Kal
3046 4665 3163 4719 νῦν
3201 4666 3434 4735 μήποτε
3469 4668 3709 4737 ἐκτείνη
3757 4668 3873 4738 τὴν

2203 4744 2373 4814 χεῖρα
2397 4747 2605 4811 αὐτοῦ,
2640 4748 2738 4803 καὶ
2767 4749 2921 4819 λάϐῃ
2951 4751 3067 4806 ἀπὸ
3098 4754 3203 4808 τοῦ
3229 4753 3421 4818 ξύλου
3450 4756 3560 4824 τῆς
3578 4754 3747 4825 ζωῆς,
3773 4760 3873 4810 καί

2201 4833 2364 4904 φάγῃ
2398 4834 2498 4889 καὶ
2528 4834 2768 4906 ζήσεται
2798 4840 2885 4904 εις
2914 4839 3020 4893 τὸν
3059 4838 3264 4895 αἰῶνα.
3300 4841 3410 4897 Kal
3439 4843 3874 4908 ἐξαπέστειλεν

2202 4920 2390 4975 αὐτὸν
2413 4924 2627 4992 Κύριος
2652 4928 2687 4980 ὁ
2714 4926 2857 4992 Θεὸς
2877 4927 2945 4981 ἐκ
2977 4928 3080 4982 τοῦ
3102 4929 3471 4999 παραδείσου
3488 4931 3598 5000 τῆς
3615 4930 3871 5001 τρυφῆς,

2201 5007 2545 5079 ἐργάζεσθαι
2574 5011 2688 5080 τὴν
2725 5009 2843 5083 γῆν
2878 5014 2947 5078 ἐξ
2977 5010 3053 5085 ἧς
3083 5015 3337 5087 ἐλήφθη.
3372 5018 3514 5090 Ὅρα
3542 5019 3704 5075 πάλιν
3735 5019 3874 5073 Θεοῦ

2205 5098 2636 5165 συγκατάϐασιν.
2665 5099 2776 5153 Kal
2802 5100 2950 5163 εἷπε,
2985 5102 3141 5173 φησι,
3184 5106 3401 5172 Κύριος
3427 5109 3460 5160 ό
3495 5107 3640 5174 Θεός
3659 5124 3673 5138 ·
3714 5106 3872 5161 Ἰδοὺ

2216 5184 2386 5255 Ἀδὰμ
2415 5186 2661 5255 γέγονεν
2679 5187 2761 5251 ὡς
2791 5183 2879 5253 εἵς
2905 5188 2973 5252 ἐξ
2993 5190 3182 5260 ἡμῶν,
3211 5192 3318 5246 τοῦ
3340 5192 3658 5263 γινώσκειν
3679 5196 3876 5250 καλὸν

2203 5271 2302 5324 καὶ
2348 5274 2638 5341 πονηρόν.
2674 5271 2825 5338 Εἶδες
2865 5276 3005 5346 πόση
3049 5278 3149 5348 τῆς
3195 5279 3391 5346 λέξεως
3436 5282 3871 5349 ή’ταπείνωσις;

2204 5356 2389 5414 Ταῦτα
2418 5360 2475 5413 δὲ
2504 5360 2718 5415 ἅπαντα
2748 5361 3067 5429 θεοπρεπῶς
3100 5365 3333 5437 νοῶμεν,
3366 5368 3625 5424 Βούλεται
3652 5370 3763 5443 γάρ
3787 5371 3874 5425 ἐν·

2202 5445 2373 5500 ταῦθα
2396 5447 2484 5503 διά
2515 5449 2622 5501 τῶν
2657 5449 2916 5519 ῥημάτων
2941 5451 3147 5509 τούτων
3173 5457 3274 5526 τῆς
3311 5457 3529 5529 ἀπάτης
3565 5460 3715 5531 ήμᾶς
3741 5458 3874 5513 ὐπο-

2107 5537 2110 5540 ’
2206 5532 2429 5603 μνῆσαι,
2462 5535 2527 5605 ήν
2547 5536 2907 5607 ἠπατήθησαν
2927 5538 3032 5592 ὐπὸ
3060 5540 3152 5594 τοῦ
3181 5532 3429 5597 διαϐόλου
3449 5544 3537 5597 διὰ
3554 5544 3648 5598 τοῦ
3670 5544 3868 5612 ὄφεως.

2215 5622 2432 5695 Ἐπειδὴ
2464 5624 2573 5696 γάρ
2600 5624 2787 5695 ἔλεγεν
2817 5630 3044 5696 ἐκεῖνος,
3081 5632 3164 5687 ὅτι
3201 5633 3343 5689 Ἐὰν
3371 5633 3622 5704 φάγητε,
3653 5633 3874 5690 ἔσεσθε

2275 5902 2298 5940 ⁸
2321 5897 2419 5951 Am
2441 5902 2818 5961 περιέῖιῧλῆῦθαιο
2890 5904 2916 5943 ⁸³
2940 5905 3087 5957 Savll.
3119 5914 3168 5958 et
3194 5910 3411 5961 alita-J10
3441 5907 3599 5971 μόνον.
