  <div class='ocr_page' id='page_1' title='image "/cluster/home/n/w/nwhite01/storage/ocr_20150623/53/hvd.32044054086673/148.png"; bbox 0 0 4144 6200; ppageno 0'>
   <div class='ocr_carea' id='block_1_1' title="bbox 302 308 403 365">
    <p class='ocr_par' dir='ltr' id='par_1_1' title="bbox 302 308 403 365">
     <span class='ocr_line' id='line_1_1' title="bbox 302 308 403 365; baseline 0 -1"><span class='ocrx_word' id='word_1_1' title='bbox 302 308 403 365; x_wconf 70' lang='lat' dir='ltr'><strong><em>M‘J</em></strong></span> 
     </span>
    </p>
   </div>
   <div class='ocr_carea' id='block_1_2' title="bbox 298 412 1876 488">
    <p class='ocr_par' dir='ltr' id='par_1_2' title="bbox 298 412 1876 488">
     <span class='ocr_line' id='line_1_2' title="bbox 298 412 1876 488; baseline -0.004 -16"><span class='ocrx_word' id='word_1_2' title='bbox 298 418 443 472; x_wconf 83' lang='lat' dir='ltr'><strong><em>orbis</em></strong></span> <span class='ocrx_word' id='word_1_3' title='bbox 476 416 693 473; x_wconf 87' lang='lat' dir='ltr'><strong><em>doctore</em></strong></span> <span class='ocrx_word' id='word_1_4' title='bbox 730 415 1122 488; x_wconf 67' lang='lat' dir='ltr'><strong><em>sapientissimo</em></strong></span> <span class='ocrx_word' id='word_1_5' title='bbox 1145 458 1161 482; x_wconf 97' lang='lat'><strong><em>,</em></strong></span> <span class='ocrx_word' id='word_1_6' title='bbox 1208 414 1363 470; x_wconf 91' lang='lat' dir='ltr'><strong><em>beato</em></strong></span> <span class='ocrx_word' id='word_1_7' title='bbox 1413 412 1579 467; x_wconf 82' lang='lat' dir='ltr'><strong><em>Paulo</em></strong></span> <span class='ocrx_word' id='word_1_8' title='bbox 1622 412 1834 482; x_wconf 88' lang='lat' dir='ltr'><strong><em>inquam</em></strong></span> <span class='ocrx_word' id='word_1_9' title='bbox 1859 453 1876 480; x_wconf 92' lang='lat'><strong><em>,</em></strong></span> 
     </span>
    </p>
   </div>
   <div class='ocr_carea' id='block_1_3' title="bbox 1364 296 2498 358">
    <p class='ocr_par' dir='ltr' id='par_1_3' title="bbox 1364 296 2498 358">
     <span class='ocr_line' id='line_1_3' title="bbox 1364 296 2498 358; baseline -0.004 0"><span class='ocrx_word' id='word_1_10' title='bbox 1364 301 1426 358; x_wconf 81' lang='grc' dir='ltr'><strong><em>ΙΝ</em></strong></span> <span class='ocrx_word' id='word_1_11' title='bbox 1465 299 1614 355; x_wconf 66' lang='lat' dir='ltr'><strong><em>CAP.</em></strong></span> <span class='ocrx_word' id='word_1_12' title='bbox 1649 299 1734 354; x_wconf 88' lang='lat' dir='ltr'><strong><em>Ill.</em></strong></span> <span class='ocrx_word' id='word_1_13' title='bbox 1762 297 2006 356; x_wconf 77' lang='lat' dir='ltr'><strong><em>GENES.</em></strong></span> <span class='ocrx_word' id='word_1_14' title='bbox 2042 297 2251 354; x_wconf 67' lang='lat' dir='ltr'><strong><em>HOMIL</em></strong></span> <span class='ocrx_word' id='word_1_15' title='bbox 2311 296 2498 355; x_wconf 74' lang='lat' dir='ltr'><strong><em>XVIII.</em></strong></span> 
     </span>
    </p>
   </div>
   <div class='ocr_carea' id='block_1_4' title="bbox 3471 305 3572 359">
    <p class='ocr_par' dir='ltr' id='par_1_4' title="bbox 3471 305 3572 359">
     <span class='ocr_line' id='line_1_4' title="bbox 3471 305 3572 359; baseline 0 -1"><span class='ocrx_word' id='word_1_16' title='bbox 3471 305 3572 359; x_wconf 66' lang='grc'><strong><em>150</em></strong></span> 
     </span>
    </p>
   </div>
   <div class='ocr_carea' id='block_1_5' title="bbox 2064 412 3573 489">
    <p class='ocr_par' dir='ltr' id='par_1_5' title="bbox 2064 412 3573 489">
     <span class='ocr_line' id='line_1_5' title="bbox 2064 412 3573 489; baseline 0.005 -25"><span class='ocrx_word' id='word_1_17' title='bbox 2064 412 2327 479; x_wconf 83' lang='lat' dir='ltr'><strong><em>Quomodo</em></strong></span> <span class='ocrx_word' id='word_1_18' title='bbox 2352 424 2506 471; x_wconf 81' lang='lat' dir='ltr'><strong><em>vestes</em></strong></span> <span class='ocrx_word' id='word_1_19' title='bbox 2525 412 2759 484; x_wconf 77' lang='lat' dir='ltr'><strong><em>pelliceas</em></strong></span> <span class='ocrx_word' id='word_1_20' title='bbox 2788 414 2953 483; x_wconf 83' lang='lat' dir='ltr'><strong><em>primo</em></strong></span> <span class='ocrx_word' id='word_1_21' title='bbox 3000 415 3196 485; x_wconf 73' lang='lat' dir='ltr'><strong><em>parenti</em></strong></span> <span class='ocrx_word' id='word_1_22' title='bbox 3221 426 3266 471; x_wconf 86' lang='lat' dir='ltr'><strong><em>et</em></strong></span> <span class='ocrx_word' id='word_1_23' title='bbox 3284 414 3427 471; x_wconf 71' lang='lat' dir='ltr'><strong><em>uxori</em></strong></span> <span class='ocrx_word' id='word_1_24' title='bbox 3454 415 3573 489; x_wconf 79' lang='lat' dir='ltr'><strong><em>fecit</em></strong></span> 
     </span>
    </p>
   </div>
   <div class='ocr_carea' id='block_1_6' title="bbox 298 491 3570 582">
    <p class='ocr_par' dir='ltr' id='par_1_6' title="bbox 298 491 3570 582">
     <span class='ocr_line' id='line_1_6' title="bbox 298 491 3570 582; baseline 0 -19"><span class='ocrx_word' id='word_1_25' title='bbox 298 512 505 566; x_wconf 89' lang='lat' dir='ltr'><strong><em>discere</em></strong></span> <span class='ocrx_word' id='word_1_26' title='bbox 537 526 818 580; x_wconf 84' lang='lat' dir='ltr'><strong>possumus</strong></span> <span class='ocrx_word' id='word_1_27' title='bbox 842 553 857 578; x_wconf 95' lang='lat'><strong><em>,</em></strong></span> <span class='ocrx_word' id='word_1_28' title='bbox 899 512 985 582; x_wconf 85' lang='lat' dir='ltr'><strong><em>qui</em></strong></span> <span class='ocrx_word' id='word_1_29' title='bbox 1026 511 1155 567; x_wconf 91' lang='lat' dir='ltr'><strong><em>dicit</em></strong></span> <span class='ocrx_word' id='word_1_30' title='bbox 1196 528 1208 565; x_wconf 90' lang='lat'><strong>:</strong></span> <span class='ocrx_word' id='word_1_31' title='bbox 1256 510 1567 581; x_wconf 73' lang='lat' dir='ltr'><strong><em>Quicumque</em></strong></span> <span class='ocrx_word' id='word_1_32' title='bbox 1601 508 1737 563; x_wconf 91' lang='lat' dir='ltr'><strong><em>enim</em></strong></span> <span class='ocrx_word' id='word_1_33' title='bbox 1773 508 1884 563; x_wconf 89' lang='lat' dir='ltr'><strong><em>sine</em></strong></span> <span class='ocrx_word' id='word_1_34' title='bbox 1992 501 2152 559; x_wconf 86' lang='lat' dir='ltr'><strong><em>Deus.</em></strong></span> <span class='ocrx_word' id='word_1_35' title='bbox 2207 502 2384 558; x_wconf 70' lang='lat' dir='ltr'><strong><em>Luxus</em></strong></span> <span class='ocrx_word' id='word_1_36' title='bbox 2425 505 2477 558; x_wconf 89' lang='lat' dir='ltr'><strong><em>in</em></strong></span> <span class='ocrx_word' id='word_1_37' title='bbox 2503 506 2717 559; x_wconf 78' lang='lat' dir='ltr'><strong><em>vestibus</em></strong></span> <span class='ocrx_word' id='word_1_38' title='bbox 2756 514 2978 577; x_wconf 81' lang='lat' dir='ltr'><strong><em>tempore</em></strong></span> <span class='ocrx_word' id='word_1_39' title='bbox 3015 491 3384 577; x_wconf 66' lang='lat' dir='ltr'><strong><em>Chrysostomi.</em></strong></span> <span class='ocrx_word' id='word_1_40' title='bbox 3409 538 3480 551; x_wconf 91' lang='lat'><strong><em>—-</em></strong></span> <span class='ocrx_word' id='word_1_41' title='bbox 3505 508 3570 565; x_wconf 82' lang='lat' dir='ltr'><strong><em>Et</em></strong></span> 
     </span>
    </p>
   </div>
   <div class='ocr_carea' id='block_1_7' title="bbox 302 601 1882 675">
    <p class='ocr_par' dir='ltr' id='par_1_7' title="bbox 302 601 1882 675">
     <span class='ocr_line' id='line_1_7' title="bbox 302 601 1882 675; baseline -0.002 -19"><span class='ocrx_word' id='word_1_42' title='bbox 302 603 408 675; x_wconf 88' lang='lat' dir='ltr'><strong><em>lege</em></strong></span> <span class='ocrx_word' id='word_1_43' title='bbox 434 619 764 673; x_wconf 79' lang='lat' dir='ltr'><strong><em>peccauerunt</em></strong></span> <span class='ocrx_word' id='word_1_44' title='bbox 784 644 801 669; x_wconf 97' lang='lat'><strong><em>,</em></strong></span> <span class='ocrx_word' id='word_1_45' title='bbox 843 605 950 658; x_wconf 84' lang='lat' dir='ltr'><strong><em>sine</em></strong></span> <span class='ocrx_word' id='word_1_46' title='bbox 977 604 1085 675; x_wconf 86' lang='lat' dir='ltr'><strong><em>lege</em></strong></span> <span class='ocrx_word' id='word_1_47' title='bbox 1111 604 1260 658; x_wconf 84' lang='lat' dir='ltr'><strong><em>etiam</em></strong></span> <span class='ocrx_word' id='word_1_48' title='bbox 1287 601 1514 671; x_wconf 78' lang='lat' dir='ltr'><strong><em>peribunt</em></strong></span> <span class='ocrx_word' id='word_1_49' title='bbox 1537 616 1556 656; x_wconf 90' lang='lat'><strong><em>:</em></strong></span> <span class='ocrx_word' id='word_1_50' title='bbox 1582 612 1629 656; x_wconf 89' lang='lat' dir='ltr'><strong><em>et</em></strong></span> <span class='ocrx_word' id='word_1_51' title='bbox 1655 602 1882 672; x_wconf 84' lang='lat' dir='ltr'><strong><em>quicum-</em></strong></span> 
     </span>
    </p>
   </div>
   <div class='ocr_carea' id='block_1_8' title="bbox 293 691 1877 769">
    <p class='ocr_par' dir='ltr' id='par_1_8' title="bbox 293 691 1877 769">
     <span class='ocr_line' id='line_1_8' title="bbox 293 691 1877 769; baseline -0.004 -19"><span class='ocrx_word' id='word_1_52' title='bbox 293 711 389 765; x_wconf 83' lang='lat' dir='ltr'><strong><em>que</em></strong></span> <span class='ocrx_word' id='word_1_53' title='bbox 419 695 472 749; x_wconf 84' lang='lat' dir='ltr'><strong><em>in</em></strong></span> <span class='ocrx_word' id='word_1_54' title='bbox 499 695 606 766; x_wconf 90' lang='lat' dir='ltr'><strong><em>lege</em></strong></span> <span class='ocrx_word' id='word_1_55' title='bbox 629 710 837 769; x_wconf 79' lang='lat' dir='ltr'><strong><em>peccare</em></strong></span> <span class='ocrx_word' id='word_1_56' title='bbox 867 706 954 748; x_wconf 89' lang='lat' dir='ltr'><strong><em>unt</em></strong></span> <span class='ocrx_word' id='word_1_57' title='bbox 979 736 993 759; x_wconf 95' lang='lat'><strong><em>,</em></strong></span> <span class='ocrx_word' id='word_1_58' title='bbox 1026 713 1114 764; x_wconf 83' lang='lat' dir='ltr'><strong><em>per</em></strong></span> <span class='ocrx_word' id='word_1_59' title='bbox 1134 695 1291 766; x_wconf 88' lang='lat' dir='ltr'><strong><em>legem</em></strong></span> <span class='ocrx_word' id='word_1_60' title='bbox 1306 692 1677 764; x_wconf 77' lang='lat' dir='ltr'><strong><em>judicabantur</em></strong></span> <span class='ocrx_word' id='word_1_61' title='bbox 1701 691 1877 755; x_wconf 85' lang='lat' dir='ltr'><strong><em>(Rom.</em></strong></span> 
     </span>
    </p>
   </div>
   <div class='ocr_carea' id='block_1_9' title="bbox 292 783 1880 858">
    <p class='ocr_par' dir='ltr' id='par_1_9' title="bbox 292 783 1880 858">
     <span class='ocr_line' id='line_1_9' title="bbox 292 783 1880 858; baseline -0.002 -19"><span class='ocrx_word' id='word_1_62' title='bbox 292 786 347 839; x_wconf 90' lang='lat'><strong><em>2.</em></strong></span> <span class='ocrx_word' id='word_1_63' title='bbox 379 786 491 858; x_wconf 67' lang='grc' dir='ltr'><strong><em>η).</em></strong></span> <span class='ocrx_word' id='word_1_64' title='bbox 525 786 617 842; x_wconf 91' lang='lat' dir='ltr'><strong><em>llis</em></strong></span> <span class='ocrx_word' id='word_1_65' title='bbox 655 786 830 842; x_wconf 78' lang='lat' dir='ltr'><strong><em>verbis</em></strong></span> <span class='ocrx_word' id='word_1_66' title='bbox 869 786 1130 857; x_wconf 81' lang='lat' dir='ltr'><strong><em>signiﬁcat</em></strong></span> <span class='ocrx_word' id='word_1_67' title='bbox 1156 825 1172 852; x_wconf 93' lang='lat'><strong><em>,</em></strong></span> <span class='ocrx_word' id='word_1_68' title='bbox 1216 799 1321 840; x_wconf 90' lang='lat' dir='ltr'><strong><em>non</em></strong></span> <span class='ocrx_word' id='word_1_69' title='bbox 1365 783 1608 839; x_wconf 88' lang='lat' dir='ltr'><strong><em>eamdem</em></strong></span> <span class='ocrx_word' id='word_1_70' title='bbox 1657 783 1880 837; x_wconf 89' lang='lat' dir='ltr'><strong><em>luituros</em></strong></span> 
     </span>
    </p>
   </div>
   <div class='ocr_carea' id='block_1_10' title="bbox 298 875 1878 947">
    <p class='ocr_par' dir='ltr' id='par_1_10' title="bbox 298 875 1878 947">
     <span class='ocr_line' id='line_1_10' title="bbox 298 875 1878 947; baseline -0.003 -15"><span class='ocrx_word' id='word_1_71' title='bbox 298 892 511 944; x_wconf 75' lang='lat' dir='ltr'><strong><em>pmnam</em></strong></span> <span class='ocrx_word' id='word_1_72' title='bbox 561 892 656 933; x_wconf 90' lang='lat' dir='ltr'><strong><em>eos</em></strong></span> <span class='ocrx_word' id='word_1_73' title='bbox 698 879 787 947; x_wconf 86' lang='lat' dir='ltr'><strong><em>qui</em></strong></span> <span class='ocrx_word' id='word_1_74' title='bbox 824 886 950 932; x_wconf 88' lang='lat' dir='ltr'><strong><em>ante</em></strong></span> <span class='ocrx_word' id='word_1_75' title='bbox 991 877 1162 947; x_wconf 86' lang='lat' dir='ltr'><strong><em>legem</em></strong></span> <span class='ocrx_word' id='word_1_76' title='bbox 1194 918 1209 942; x_wconf 91' lang='lat'><strong><em>,</em></strong></span> <span class='ocrx_word' id='word_1_77' title='bbox 1241 885 1294 932; x_wconf 91' lang='lat' dir='ltr'><strong><em>et</em></strong></span> <span class='ocrx_word' id='word_1_78' title='bbox 1321 891 1413 931; x_wconf 89' lang='lat' dir='ltr'><strong><em>eos</em></strong></span> <span class='ocrx_word' id='word_1_79' title='bbox 1440 875 1530 945; x_wconf 87' lang='lat' dir='ltr'><strong><em>qui</em></strong></span> <span class='ocrx_word' id='word_1_80' title='bbox 1559 886 1679 945; x_wconf 89' lang='lat' dir='ltr'><strong><em>post</em></strong></span> <span class='ocrx_word' id='word_1_81' title='bbox 1706 875 1878 945; x_wconf 90' lang='lat' dir='ltr'><strong><em>legem</em></strong></span> 
     </span>
    </p>
   </div>
   <div class='ocr_carea' id='block_1_11' title="bbox 296 964 1878 1037">
    <p class='ocr_par' dir='ltr' id='par_1_11' title="bbox 296 964 1878 1037">
     <span class='ocr_line' id='line_1_11' title="bbox 296 964 1878 1037; baseline -0.001 -19"><span class='ocrx_word' id='word_1_82' title='bbox 296 976 667 1034; x_wconf 86' lang='lat' dir='ltr'><strong><em>peccaverunt.</em></strong></span> <span class='ocrx_word' id='word_1_83' title='bbox 700 967 927 1022; x_wconf 83' lang='lat' dir='ltr'><strong><em>Gravius</em></strong></span> <span class='ocrx_word' id='word_1_84' title='bbox 949 968 1090 1023; x_wconf 90' lang='lat' dir='ltr'><strong><em>enim</em></strong></span> <span class='ocrx_word' id='word_1_85' title='bbox 1126 967 1411 1037; x_wconf 75' lang='lat' dir='ltr'><strong>punientur</strong></span> <span class='ocrx_word' id='word_1_86' title='bbox 1437 965 1527 1035; x_wconf 91' lang='lat' dir='ltr'><strong><em>qui</em></strong></span> <span class='ocrx_word' id='word_1_87' title='bbox 1555 973 1678 1035; x_wconf 71' lang='lat' dir='ltr'><strong><em>post</em></strong></span> <span class='ocrx_word' id='word_1_88' title='bbox 1706 964 1878 1034; x_wconf 87' lang='lat' dir='ltr'><strong><em>legent</em></strong></span> 
     </span>
    </p>
   </div>
   <div class='ocr_carea' id='block_1_12' title="bbox 293 1055 1876 1129">
    <p class='ocr_par' dir='ltr' id='par_1_12' title="bbox 293 1055 1876 1129">
     <span class='ocr_line' id='line_1_12' title="bbox 293 1055 1876 1129; baseline 0.001 -19"><span class='ocrx_word' id='word_1_89' title='bbox 293 1055 469 1112; x_wconf 84' lang='lat' dir='ltr'><strong><em>datam</em></strong></span> <span class='ocrx_word' id='word_1_90' title='bbox 496 1059 851 1128; x_wconf 70' lang='lat' dir='ltr'><strong><em>peccaverint.</em></strong></span> <span class='ocrx_word' id='word_1_91' title='bbox 880 1058 1012 1114; x_wconf 87' lang='lat' dir='ltr'><strong><em>Nam</em></strong></span> <span class='ocrx_word' id='word_1_92' title='bbox 1040 1058 1349 1129; x_wconf 74' lang='lat' dir='ltr'><strong><em>Quicumque</em></strong></span> <span class='ocrx_word' id='word_1_93' title='bbox 1365 1059 1474 1113; x_wconf 83' lang='lat' dir='ltr'><strong><em>sine</em></strong></span> <span class='ocrx_word' id='word_1_94' title='bbox 1499 1058 1608 1129; x_wconf 84' lang='lat' dir='ltr'><strong><em>lege</em></strong></span> <span class='ocrx_word' id='word_1_95' title='bbox 1634 1073 1876 1128; x_wconf 75' lang='lat' dir='ltr'><strong><em>peccaue-</em></strong></span> 
     </span>
    </p>
   </div>
   <div class='ocr_carea' id='block_1_13' title="bbox 294 1147 1878 1220">
    <p class='ocr_par' dir='ltr' id='par_1_13' title="bbox 294 1147 1878 1220">
     <span class='ocr_line' id='line_1_13' title="bbox 294 1147 1878 1220; baseline 0.002 -21"><span class='ocrx_word' id='word_1_96' title='bbox 294 1156 434 1214; x_wconf 83' lang='lat' dir='ltr'><strong><em>runt,</em></strong></span> <span class='ocrx_word' id='word_1_97' title='bbox 466 1149 614 1203; x_wconf 88' lang='lat' dir='ltr'><strong><em>ctiant</em></strong></span> <span class='ocrx_word' id='word_1_98' title='bbox 641 1150 749 1204; x_wconf 89' lang='lat' dir='ltr'><strong><em>sine</em></strong></span> <span class='ocrx_word' id='word_1_99' title='bbox 774 1150 884 1220; x_wconf 87' lang='lat' dir='ltr'><strong><em>lege</em></strong></span> <span class='ocrx_word' id='word_1_100' title='bbox 920 1149 1150 1220; x_wconf 83' lang='lat' dir='ltr'><strong><em>peribunt</em></strong></span> <span class='ocrx_word' id='word_1_101' title='bbox 1178 1164 1197 1203; x_wconf 89' lang='lat'><strong><em>:</em></strong></span> <span class='ocrx_word' id='word_1_102' title='bbox 1223 1148 1462 1220; x_wconf 87' lang='lat' dir='ltr'><strong><em>proficiet</em></strong></span> <span class='ocrx_word' id='word_1_103' title='bbox 1484 1148 1588 1203; x_wconf 90' lang='lat' dir='ltr'><strong>illis</strong></span> <span class='ocrx_word' id='word_1_104' title='bbox 1613 1147 1680 1203; x_wconf 89' lang='lat' dir='ltr'><strong><em>ad</em></strong></span> <span class='ocrx_word' id='word_1_105' title='bbox 1709 1147 1878 1202; x_wconf 91' lang='lat' dir='ltr'><strong><em>levio-</em></strong></span> 
     </span>
    </p>
   </div>
   <div class='ocr_carea' id='block_1_14' title="bbox 260 1239 1875 1310">
    <p class='ocr_par' dir='ltr' id='par_1_14' title="bbox 260 1239 1875 1310">
     <span class='ocr_line' id='line_1_14' title="bbox 260 1239 1875 1310; baseline 0.002 -19"><span class='ocrx_word' id='word_1_106' title='bbox 260 1246 267 1251; x_wconf 85' lang='lat'>&#39;</span> <span class='ocrx_word' id='word_1_107' title='bbox 296 1252 410 1292; x_wconf 89' lang='lat' dir='ltr'><strong><em>rem</em></strong></span> <span class='ocrx_word' id='word_1_108' title='bbox 450 1253 659 1308; x_wconf 61' lang='lat' dir='ltr'><strong><em>poenam</em></strong></span> <span class='ocrx_word' id='word_1_109' title='bbox 685 1281 700 1305; x_wconf 91' lang='lat'><strong><em>,</em></strong></span> <span class='ocrx_word' id='word_1_110' title='bbox 727 1240 869 1310; x_wconf 88' lang='lat' dir='ltr'><strong><em>quod</em></strong></span> <span class='ocrx_word' id='word_1_111' title='bbox 902 1241 1032 1310; x_wconf 89' lang='lat' dir='ltr'><strong><em>legis</em></strong></span> <span class='ocrx_word' id='word_1_112' title='bbox 1071 1240 1310 1296; x_wconf 83' lang='lat' dir='ltr'><strong>doctrina</strong></span> <span class='ocrx_word' id='word_1_113' title='bbox 1340 1249 1396 1296; x_wconf 89' lang='lat' dir='ltr'><strong><em>et</em></strong></span> <span class='ocrx_word' id='word_1_114' title='bbox 1422 1239 1745 1295; x_wconf 88' lang='lat' dir='ltr'><strong><em>adminiculo</em></strong></span> <span class='ocrx_word' id='word_1_115' title='bbox 1784 1253 1875 1294; x_wconf 54' lang='lat' dir='ltr'><strong><em>ea-</em></strong></span> 
     </span>
    </p>
   </div>
   <div class='ocr_carea' id='block_1_15' title="bbox 300 1328 1875 1402">
    <p class='ocr_par' dir='ltr' id='par_1_15' title="bbox 300 1328 1875 1402">
     <span class='ocr_line' id='line_1_15' title="bbox 300 1328 1875 1402; baseline -0.001 -19"><span class='ocrx_word' id='word_1_116' title='bbox 300 1329 526 1384; x_wconf 88' lang='lat' dir='ltr'><strong><em>ruerint.</em></strong></span> <span class='ocrx_word' id='word_1_117' title='bbox 556 1328 621 1383; x_wconf 85' lang='lat' dir='ltr'><strong><em>Et</em></strong></span> <span class='ocrx_word' id='word_1_118' title='bbox 642 1331 941 1401; x_wconf 79' lang='lat' dir='ltr'><strong><em>quicumque</em></strong></span> <span class='ocrx_word' id='word_1_119' title='bbox 975 1333 1065 1386; x_wconf 87' lang='lat' dir='ltr'><strong><em>sub</em></strong></span> <span class='ocrx_word' id='word_1_120' title='bbox 1091 1332 1197 1402; x_wconf 82' lang='lat' dir='ltr'><strong><em>lege</em></strong></span> <span class='ocrx_word' id='word_1_121' title='bbox 1221 1340 1570 1401; x_wconf 80' lang='lat' dir='ltr'><strong><em>peccauerunt,</em></strong></span> <span class='ocrx_word' id='word_1_122' title='bbox 1604 1346 1692 1401; x_wconf 87' lang='lat' dir='ltr'><strong><em>per</em></strong></span> <span class='ocrx_word' id='word_1_123' title='bbox 1716 1332 1875 1400; x_wconf 84' lang='lat' dir='ltr'><strong><em>legem</em></strong></span> 
     </span>
    </p>
   </div>
   <div class='ocr_carea' id='block_1_16' title="bbox 296 1418 1879 1493">
    <p class='ocr_par' dir='ltr' id='par_1_16' title="bbox 296 1418 1879 1493">
     <span class='ocr_line' id='line_1_16' title="bbox 296 1418 1879 1493; baseline 0.001 -20"><span class='ocrx_word' id='word_1_124' title='bbox 296 1428 344 1474; x_wconf 90' lang='lat' dir='ltr'><strong><em>et</em></strong></span> <span class='ocrx_word' id='word_1_125' title='bbox 361 1418 748 1488; x_wconf 78' lang='lat' dir='ltr'><strong><em>judicabantur.</em></strong></span> <span class='ocrx_word' id='word_1_126' title='bbox 775 1421 863 1476; x_wconf 76' lang='lat' dir='ltr'><strong><em>lsti</em></strong></span> <span class='ocrx_word' id='word_1_127' title='bbox 892 1463 909 1490; x_wconf 94' lang='lat'><strong><em>,</em></strong></span> <span class='ocrx_word' id='word_1_128' title='bbox 939 1423 1128 1493; x_wconf 84' lang='lat' dir='ltr'><strong><em>inquit,</em></strong></span> <span class='ocrx_word' id='word_1_129' title='bbox 1157 1423 1279 1492; x_wconf 88' lang='lat' dir='ltr'><strong><em>quia</em></strong></span> <span class='ocrx_word' id='word_1_130' title='bbox 1306 1432 1359 1477; x_wconf 92' lang='lat' dir='ltr'><strong><em>et</em></strong></span> <span class='ocrx_word' id='word_1_131' title='bbox 1379 1422 1550 1491; x_wconf 87' lang='lat' dir='ltr'><strong><em>legem</em></strong></span> <span class='ocrx_word' id='word_1_132' title='bbox 1578 1420 1879 1476; x_wconf 85' lang='lat' dir='ltr'><strong><em>habuerunt</em></strong></span> 
     </span>
    </p>
   </div>
   <div class='ocr_carea' id='block_1_17' title="bbox 297 1510 1873 1582">
    <p class='ocr_par' dir='ltr' id='par_1_17' title="bbox 297 1510 1873 1582">
     <span class='ocr_line' id='line_1_17' title="bbox 297 1510 1873 1582; baseline -0.012 -1"><span class='ocrx_word' id='word_1_133' title='bbox 297 1510 602 1579; x_wconf 65' lang='grc' dir='ltr'><strong><em>¹¹¹ι¹ἕίδῑνθιη</em></strong></span> <span class='ocrx_word' id='word_1_134' title='bbox 629 1551 647 1577; x_wconf 69' lang='grc' dir='ltr'><strong><em>ι</em></strong></span> <span class='ocrx_word' id='word_1_135' title='bbox 679 1518 733 1566; x_wconf 81' lang='lat' dir='ltr'><strong><em>et</em></strong></span> <span class='ocrx_word' id='word_1_136' title='bbox 758 1527 931 1582; x_wconf 83' lang='lat' dir='ltr'><strong><em>neque</em></strong></span> <span class='ocrx_word' id='word_1_137' title='bbox 955 1512 1033 1568; x_wconf 90' lang='lat' dir='ltr'><strong><em>sic</em></strong></span> <span class='ocrx_word' id='word_1_138' title='bbox 1071 1510 1339 1567; x_wconf 89' lang='lat' dir='ltr'><strong><em>emendati</em></strong></span> <span class='ocrx_word' id='word_1_139' title='bbox 1378 1520 1502 1566; x_wconf 91' lang='lat' dir='ltr'><strong><em>sunt</em></strong></span> <span class='ocrx_word' id='word_1_140' title='bbox 1527 1551 1544 1577; x_wconf 94' lang='lat'><strong><em>,</em></strong></span> <span class='ocrx_word' id='word_1_141' title='bbox 1565 1510 1660 1565; x_wconf 89' lang='lat' dir='ltr'><strong><em>sed</em></strong></span> <span class='ocrx_word' id='word_1_142' title='bbox 1690 1510 1873 1565; x_wconf 86' lang='lat' dir='ltr'><strong><em>eadem</em></strong></span> 
     </span>
    </p>
   </div>
   <div class='ocr_carea' id='block_1_18' title="bbox 292 1599 1874 1674">
    <p class='ocr_par' dir='ltr' id='par_1_18' title="bbox 292 1599 1874 1674">
     <span class='ocr_line' id='line_1_18' title="bbox 292 1599 1874 1674; baseline 0.001 -23"><span class='ocrx_word' id='word_1_143' title='bbox 292 1614 412 1667; x_wconf 66' lang='lat' dir='ltr'><strong><em>quae</em></strong></span> <span class='ocrx_word' id='word_1_144' title='bbox 442 1599 516 1654; x_wconf 86' lang='lat' dir='ltr'><strong><em>illi</em></strong></span> <span class='ocrx_word' id='word_1_145' title='bbox 547 1610 900 1670; x_wconf 86' lang='lat' dir='ltr'><strong><em>peccaverunt</em></strong></span> <span class='ocrx_word' id='word_1_146' title='bbox 930 1643 947 1670; x_wconf 92' lang='lat'><strong><em>,</em></strong></span> <span class='ocrx_word' id='word_1_147' title='bbox 978 1603 1276 1674; x_wconf 77' lang='lat' dir='ltr'><strong>graviorem</strong></span> <span class='ocrx_word' id='word_1_148' title='bbox 1303 1616 1514 1672; x_wconf 88' lang='lat' dir='ltr'><strong><em>quoque</em></strong></span> <span class='ocrx_word' id='word_1_149' title='bbox 1538 1615 1752 1671; x_wconf 60' lang='lat' dir='ltr'><strong><em>plenam</em></strong></span> <span class='ocrx_word' id='word_1_150' title='bbox 1777 1599 1874 1655; x_wconf 89' lang='lat' dir='ltr'><strong><em>da-</em></strong></span> 
     </span>
    </p>
   </div>
   <div class='ocr_carea' id='block_1_19' title="bbox 291 1688 1873 1763">
    <p class='ocr_par' dir='ltr' id='par_1_19' title="bbox 291 1688 1873 1763">
     <span class='ocr_line' id='line_1_19' title="bbox 291 1688 1873 1763; baseline 0.003 -22"><span class='ocrx_word' id='word_1_151' title='bbox 291 1688 440 1742; x_wconf 89' lang='lat' dir='ltr'><strong><em>bttnt.</em></strong></span> <span class='ocrx_word' id='word_1_152' title='bbox 479 1689 585 1745; x_wconf 88' lang='lat' dir='ltr'><strong><em>Sed</em></strong></span> <span class='ocrx_word' id='word_1_153' title='bbox 627 1691 907 1747; x_wconf 86' lang='lat' dir='ltr'><strong><em>audiamus</em></strong></span> <span class='ocrx_word' id='word_1_154' title='bbox 953 1709 1072 1763; x_wconf 75' lang='lat' dir='ltr'><strong><em>qua:</em></strong></span> <span class='ocrx_word' id='word_1_155' title='bbox 1112 1692 1270 1748; x_wconf 86' lang='lat' dir='ltr'><strong>hodie</strong></span> <span class='ocrx_word' id='word_1_156' title='bbox 1311 1703 1436 1748; x_wconf 92' lang='lat' dir='ltr'><strong><em>sunt</em></strong></span> <span class='ocrx_word' id='word_1_157' title='bbox 1466 1693 1623 1749; x_wconf 91' lang='lat' dir='ltr'><strong><em>lecta.</em></strong></span> <span class='ocrx_word' id='word_1_158' title='bbox 1670 1692 1759 1748; x_wconf 87' lang='lat'><strong><em>20.</em></strong></span> <span class='ocrx_word' id='word_1_159' title='bbox 1807 1691 1873 1747; x_wconf 83' lang='lat' dir='ltr'><strong><em>Et</em></strong></span> 
     </span>
    </p>
   </div>
   <div class='ocr_carea' id='block_1_20' title="bbox 291 1782 1875 1855">
    <p class='ocr_par' dir='ltr' id='par_1_20' title="bbox 291 1782 1875 1855">
     <span class='ocr_line' id='line_1_20' title="bbox 291 1782 1875 1855; baseline 0.003 -22"><span class='ocrx_word' id='word_1_160' title='bbox 291 1783 501 1850; x_wconf 81' lang='lat' dir='ltr'><strong><em>vocavit,</em></strong></span> <span class='ocrx_word' id='word_1_161' title='bbox 531 1782 723 1855; x_wconf 90' lang='lat' dir='ltr'><strong><em>inquit,</em></strong></span> <span class='ocrx_word' id='word_1_162' title='bbox 754 1784 917 1839; x_wconf 82' lang='lat' dir='ltr'><strong><em>Adam</em></strong></span> <span class='ocrx_word' id='word_1_163' title='bbox 944 1802 1125 1840; x_wconf 82' lang='lat' dir='ltr'><strong><em>nomen</em></strong></span> <span class='ocrx_word' id='word_1_164' title='bbox 1143 1786 1316 1840; x_wconf 76' lang='lat' dir='ltr'><strong><em>uxoris</em></strong></span> <span class='ocrx_word' id='word_1_165' title='bbox 1341 1800 1467 1853; x_wconf 65' lang='lat' dir='ltr'><strong><em>suae,</em></strong></span> <span class='ocrx_word' id='word_1_166' title='bbox 1497 1784 1624 1849; x_wconf 83' lang='lat' dir='ltr'><strong><em>Eva,</em></strong></span> <span class='ocrx_word' id='word_1_167' title='bbox 1656 1784 1711 1838; x_wconf 93' lang='lat' dir='ltr'><strong><em>id</em></strong></span> <span class='ocrx_word' id='word_1_168' title='bbox 1737 1783 1875 1855; x_wconf 89' lang='lat' dir='ltr'><strong><em>quod</em></strong></span> 
     </span>
    </p>
   </div>
   <div class='ocr_carea' id='block_1_21' title="bbox 289 1875 1871 1949">
    <p class='ocr_par' dir='ltr' id='par_1_21' title="bbox 289 1875 1871 1949">
     <span class='ocr_line' id='line_1_21' title="bbox 289 1875 1871 1949; baseline 0.002 -21"><span class='ocrx_word' id='word_1_169' title='bbox 289 1884 362 1928; x_wconf 78' lang='lat' dir='ltr'><strong><em>est</em></strong></span> <span class='ocrx_word' id='word_1_170' title='bbox 386 1875 507 1943; x_wconf 83' lang='lat' dir='ltr'><strong><em>vita,</em></strong></span> <span class='ocrx_word' id='word_1_171' title='bbox 536 1876 655 1947; x_wconf 84' lang='lat' dir='ltr'><strong><em>quia</em></strong></span> <span class='ocrx_word' id='word_1_172' title='bbox 676 1877 787 1949; x_wconf 82' lang='lat' dir='ltr'><strong><em>ipsa</em></strong></span> <span class='ocrx_word' id='word_1_173' title='bbox 812 1887 971 1932; x_wconf 83' lang='lat' dir='ltr'><strong><em>mater</em></strong></span> <span class='ocrx_word' id='word_1_174' title='bbox 998 1878 1223 1932; x_wconf 87' lang='lat' dir='ltr'><strong><em>omnium</em></strong></span> <span class='ocrx_word' id='word_1_175' title='bbox 1247 1878 1538 1933; x_wconf 73' lang='lat' dir='ltr'><strong><em>viventium.</em></strong></span> <span class='ocrx_word' id='word_1_176' title='bbox 1567 1875 1703 1934; x_wconf 89' lang='lat' dir='ltr'><strong><em>Vide</em></strong></span> <span class='ocrx_word' id='word_1_177' title='bbox 1731 1876 1871 1933; x_wconf 86' lang='lat' dir='ltr'><strong><em>divi-</em></strong></span> 
     </span>
    </p>
   </div>
   <div class='ocr_carea' id='block_1_22' title="bbox 289 1967 1870 2041">
    <p class='ocr_par' dir='ltr' id='par_1_22' title="bbox 289 1967 1870 2041">
     <span class='ocr_line' id='line_1_22' title="bbox 289 1967 1870 2041; baseline 0.004 -21"><span class='ocrx_word' id='word_1_178' title='bbox 289 1981 375 2021; x_wconf 79' lang='lat' dir='ltr'><strong><em>na:</em></strong></span> <span class='ocrx_word' id='word_1_179' title='bbox 414 1967 703 2037; x_wconf 68' lang='lat' dir='ltr'><strong><em>Scriptura:</em></strong></span> <span class='ocrx_word' id='word_1_180' title='bbox 732 1969 1083 2039; x_wconf 80' lang='lat' dir='ltr'><strong><em>diligentiam,</em></strong></span> <span class='ocrx_word' id='word_1_181' title='bbox 1107 1970 1375 2041; x_wconf 90' lang='lat' dir='ltr'><strong><em>quomodo</em></strong></span> <span class='ocrx_word' id='word_1_182' title='bbox 1406 1986 1581 2041; x_wconf 89' lang='lat' dir='ltr'><strong><em>neque</em></strong></span> <span class='ocrx_word' id='word_1_183' title='bbox 1608 1969 1711 2026; x_wconf 85' lang='lat' dir='ltr'><strong><em>hoc</em></strong></span> <span class='ocrx_word' id='word_1_184' title='bbox 1730 1986 1870 2041; x_wconf 69' lang='lat' dir='ltr'><strong><em>prte-</em></strong></span> 
     </span>
    </p>
   </div>
   <div class='ocr_carea' id='block_1_23' title="bbox 293 2058 1871 2131">
    <p class='ocr_par' dir='ltr' id='par_1_23' title="bbox 293 2058 1871 2131">
     <span class='ocr_line' id='line_1_23' title="bbox 293 2058 1871 2131; baseline 0.006 -22"><span class='ocrx_word' id='word_1_185' title='bbox 293 2058 437 2122; x_wconf 84' lang='lat' dir='ltr'><strong><em>terit,</em></strong></span> <span class='ocrx_word' id='word_1_186' title='bbox 466 2059 561 2113; x_wconf 88' lang='lat' dir='ltr'><strong><em>sed</em></strong></span> <span class='ocrx_word' id='word_1_187' title='bbox 588 2059 745 2114; x_wconf 89' lang='lat' dir='ltr'><strong><em>docet</em></strong></span> <span class='ocrx_word' id='word_1_188' title='bbox 767 2076 888 2123; x_wconf 90' lang='lat' dir='ltr'><strong><em>nos,</em></strong></span> <span class='ocrx_word' id='word_1_189' title='bbox 914 2060 1177 2116; x_wconf 79' lang='lat' dir='ltr'><strong><em>Adamum</em></strong></span> <span class='ocrx_word' id='word_1_190' title='bbox 1218 2063 1381 2117; x_wconf 89' lang='lat' dir='ltr'><strong><em>etiam</em></strong></span> <span class='ocrx_word' id='word_1_191' title='bbox 1419 2063 1631 2131; x_wconf 82' lang='lat' dir='ltr'><strong><em>mulieri</em></strong></span> <span class='ocrx_word' id='word_1_192' title='bbox 1675 2079 1871 2119; x_wconf 89' lang='lat' dir='ltr'><strong><em>nomen</em></strong></span> 
     </span>
    </p>
   </div>
   <div class='ocr_carea' id='block_1_24' title="bbox 291 2148 1876 2222">
    <p class='ocr_par' dir='ltr' id='par_1_24' title="bbox 291 2148 1876 2222">
     <span class='ocr_line' id='line_1_24' title="bbox 291 2148 1876 2222; baseline 0.005 -19"><span class='ocrx_word' id='word_1_193' title='bbox 291 2148 631 2219; x_wconf 85' lang='lat' dir='ltr'><strong><em>imposuisse.</em></strong></span> <span class='ocrx_word' id='word_1_194' title='bbox 710 2148 917 2206; x_wconf 81' lang='lat' dir='ltr'><strong><em>Vocauit</em></strong></span> <span class='ocrx_word' id='word_1_195' title='bbox 943 2192 959 2216; x_wconf 97' lang='lat'><strong><em>,</em></strong></span> <span class='ocrx_word' id='word_1_196' title='bbox 1017 2152 1224 2222; x_wconf 87' lang='lat' dir='ltr'><strong><em>inquit,</em></strong></span> <span class='ocrx_word' id='word_1_197' title='bbox 1267 2170 1450 2208; x_wconf 80' lang='lat' dir='ltr'><strong><em>nomen</em></strong></span> <span class='ocrx_word' id='word_1_198' title='bbox 1523 2156 1698 2210; x_wconf 75' lang='lat' dir='ltr'><strong><em>uxoris</em></strong></span> <span class='ocrx_word' id='word_1_199' title='bbox 1768 2172 1876 2211; x_wconf 70' lang='lat' dir='ltr'><strong><em>sva:</em></strong></span> 
     </span>
    </p>
   </div>
   <div class='ocr_carea' id='block_1_25' title="bbox 292 2238 1875 2312">
    <p class='ocr_par' dir='ltr' id='par_1_25' title="bbox 292 2238 1875 2312">
     <span class='ocr_line' id='line_1_25' title="bbox 292 2238 1875 2312; baseline 0.005 -20"><span class='ocrx_word' id='word_1_200' title='bbox 292 2238 403 2294; x_wconf 81' lang='lat' dir='ltr'><strong><em>an</em></strong></span> <span class='ocrx_word' id='word_1_201' title='bbox 425 2279 441 2303; x_wconf 89' lang='lat'><strong><em>,</em></strong></span> <span class='ocrx_word' id='word_1_202' title='bbox 484 2240 540 2294; x_wconf 90' lang='lat' dir='ltr'><strong><em>id</em></strong></span> <span class='ocrx_word' id='word_1_203' title='bbox 593 2249 669 2296; x_wconf 91' lang='lat' dir='ltr'><strong><em>est</em></strong></span> <span class='ocrx_word' id='word_1_204' title='bbox 717 2242 818 2296; x_wconf 76' lang='lat' dir='ltr'><strong><em>vita</em></strong></span> <span class='ocrx_word' id='word_1_205' title='bbox 846 2257 865 2295; x_wconf 91' lang='lat'><em>:</em></span> <span class='ocrx_word' id='word_1_206' title='bbox 896 2242 1016 2312; x_wconf 83' lang='lat' dir='ltr'><strong><em>quia</em></strong></span> <span class='ocrx_word' id='word_1_207' title='bbox 1047 2244 1160 2312; x_wconf 85' lang='lat' dir='ltr'><strong><em>ipsa</em></strong></span> <span class='ocrx_word' id='word_1_208' title='bbox 1210 2254 1371 2298; x_wconf 86' lang='lat' dir='ltr'><strong><em>mater</em></strong></span> <span class='ocrx_word' id='word_1_209' title='bbox 1419 2254 1491 2299; x_wconf 85' lang='lat' dir='ltr'><strong><em>est</em></strong></span> <span class='ocrx_word' id='word_1_210' title='bbox 1534 2246 1756 2299; x_wconf 88' lang='lat' dir='ltr'><strong><em>omnium</em></strong></span> <span class='ocrx_word' id='word_1_211' title='bbox 1794 2248 1875 2301; x_wconf 58' lang='lat' dir='ltr'><strong><em>sic</em></strong></span> 
     </span>
    </p>
   </div>
   <div class='ocr_carea' id='block_1_26' title="bbox 292 2331 1875 2407">
    <p class='ocr_par' dir='ltr' id='par_1_26' title="bbox 292 2331 1875 2407">
     <span class='ocr_line' id='line_1_26' title="bbox 292 2331 1875 2407; baseline 0.008 -25"><span class='ocrx_word' id='word_1_212' title='bbox 292 2331 511 2385; x_wconf 68' lang='lat' dir='ltr'><strong><em>centium</em></strong></span> <span class='ocrx_word' id='word_1_213' title='bbox 535 2347 555 2384; x_wconf 89' lang='lat'><strong><em>:</em></strong></span> <span class='ocrx_word' id='word_1_214' title='bbox 589 2334 688 2387; x_wconf 93' lang='lat' dir='ltr'><strong><em>hoc</em></strong></span> <span class='ocrx_word' id='word_1_215' title='bbox 724 2340 807 2387; x_wconf 87' lang='lat' dir='ltr'><strong><em>est</em></strong></span> <span class='ocrx_word' id='word_1_216' title='bbox 828 2371 847 2399; x_wconf 95' lang='lat'><strong><em>,</em></strong></span> <span class='ocrx_word' id='word_1_217' title='bbox 889 2332 1004 2403; x_wconf 89' lang='lat' dir='ltr'><strong><em>ipsa</em></strong></span> <span class='ocrx_word' id='word_1_218' title='bbox 1039 2343 1122 2388; x_wconf 91' lang='lat' dir='ltr'><strong><em>est</em></strong></span> <span class='ocrx_word' id='word_1_219' title='bbox 1144 2335 1294 2405; x_wconf 92' lang='lat' dir='ltr'><strong><em>origo</em></strong></span> <span class='ocrx_word' id='word_1_220' title='bbox 1318 2349 1504 2391; x_wconf 87' lang='lat' dir='ltr'><strong><em>eorum</em></strong></span> <span class='ocrx_word' id='word_1_221' title='bbox 1551 2336 1642 2407; x_wconf 88' lang='lat' dir='ltr'><strong><em>qui</em></strong></span> <span class='ocrx_word' id='word_1_222' title='bbox 1677 2351 1743 2393; x_wconf 82' lang='lat' dir='ltr'><strong><em>ex</em></strong></span> <span class='ocrx_word' id='word_1_223' title='bbox 1784 2337 1875 2394; x_wconf 89' lang='lat' dir='ltr'><strong><em>illa</em></strong></span> 
     </span>
    </p>
   </div>
   <div class='ocr_carea' id='block_1_27' title="bbox 290 2420 1871 2498">
    <p class='ocr_par' dir='ltr' id='par_1_27' title="bbox 290 2420 1871 2498">
     <span class='ocr_line' id='line_1_27' title="bbox 290 2420 1871 2498; baseline 0.006 -23"><span class='ocrx_word' id='word_1_224' title='bbox 290 2430 414 2475; x_wconf 85' lang='lat' dir='ltr'><strong><em>sunt</em></strong></span> <span class='ocrx_word' id='word_1_225' title='bbox 455 2420 615 2477; x_wconf 90' lang='lat' dir='ltr'><strong><em>futuri</em></strong></span> <span class='ocrx_word' id='word_1_226' title='bbox 634 2463 648 2487; x_wconf 93' lang='lat'><strong><em>,</em></strong></span> <span class='ocrx_word' id='word_1_227' title='bbox 677 2422 933 2494; x_wconf 84' lang='lat' dir='ltr'><strong><em>radixque</em></strong></span> <span class='ocrx_word' id='word_1_228' title='bbox 968 2432 1023 2480; x_wconf 91' lang='lat' dir='ltr'><strong><em>et</em></strong></span> <span class='ocrx_word' id='word_1_229' title='bbox 1048 2423 1448 2482; x_wconf 85' lang='lat' dir='ltr'><strong><em>fundamentum</em></strong></span> <span class='ocrx_word' id='word_1_230' title='bbox 1476 2427 1751 2497; x_wconf 83' lang='lat' dir='ltr'><strong><em>sequentis</em></strong></span> <span class='ocrx_word' id='word_1_231' title='bbox 1774 2442 1871 2498; x_wconf 87' lang='lat' dir='ltr'><strong><em>ge-</em></strong></span> 
     </span>
    </p>
   </div>
   <div class='ocr_carea' id='block_1_28' title="bbox 292 2511 1873 2587">
    <p class='ocr_par' dir='ltr' id='par_1_28' title="bbox 292 2511 1873 2587">
     <span class='ocr_line' id='line_1_28' title="bbox 292 2511 1873 2587; baseline 0.004 -22"><span class='ocrx_word' id='word_1_232' title='bbox 292 2511 601 2567; x_wconf 78' lang='lat' dir='ltr'><strong><em>nerationis.</em></strong></span> <span class='ocrx_word' id='word_1_233' title='bbox 636 2513 766 2568; x_wconf 84' lang='lat' dir='ltr'><strong><em>Dein</em></strong></span> <span class='ocrx_word' id='word_1_234' title='bbox 799 2523 1077 2585; x_wconf 83' lang='lat' dir='ltr'><strong><em>postquam</em></strong></span> <span class='ocrx_word' id='word_1_235' title='bbox 1112 2516 1292 2572; x_wconf 92' lang='lat' dir='ltr'><strong><em>docuit</em></strong></span> <span class='ocrx_word' id='word_1_236' title='bbox 1331 2532 1429 2572; x_wconf 91' lang='lat' dir='ltr'><strong><em>nos</em></strong></span> <span class='ocrx_word' id='word_1_237' title='bbox 1456 2516 1727 2587; x_wconf 87' lang='lat' dir='ltr'><strong><em>quomodo</em></strong></span> <span class='ocrx_word' id='word_1_238' title='bbox 1756 2532 1873 2572; x_wconf 89' lang='lat' dir='ltr'><strong><em>mu-</em></strong></span> 
     </span>
    </p>
   </div>
   <div class='ocr_carea' id='block_1_29' title="bbox 290 2600 1872 2674">
    <p class='ocr_par' dir='ltr' id='par_1_29' title="bbox 290 2600 1872 2674">
     <span class='ocr_line' id='line_1_29' title="bbox 290 2600 1872 2674; baseline 0.004 -18"><span class='ocrx_word' id='word_1_239' title='bbox 290 2600 404 2656; x_wconf 76' lang='lat' dir='ltr'><strong><em>lieri</em></strong></span> <span class='ocrx_word' id='word_1_240' title='bbox 422 2602 723 2673; x_wconf 89' lang='lat' dir='ltr'><strong><em>impositum</em></strong></span> <span class='ocrx_word' id='word_1_241' title='bbox 738 2620 930 2661; x_wconf 89' lang='lat' dir='ltr'><strong><em>nomen</em></strong></span> <span class='ocrx_word' id='word_1_242' title='bbox 947 2604 1128 2674; x_wconf 89' lang='lat' dir='ltr'><strong><em>fuerit,</em></strong></span> <span class='ocrx_word' id='word_1_243' title='bbox 1144 2608 1334 2663; x_wconf 87' lang='lat' dir='ltr'><strong><em>iterum</em></strong></span> <span class='ocrx_word' id='word_1_244' title='bbox 1346 2608 1580 2664; x_wconf 89' lang='lat' dir='ltr'><strong><em>ostendit</em></strong></span> <span class='ocrx_word' id='word_1_245' title='bbox 1601 2609 1756 2664; x_wconf 90' lang='lat' dir='ltr'><strong><em>nobis</em></strong></span> <span class='ocrx_word' id='word_1_246' title='bbox 1777 2608 1872 2665; x_wconf 89' lang='lat' dir='ltr'><strong><em>Dei</em></strong></span> 
     </span>
    </p>
   </div>
   <div class='ocr_carea' id='block_1_30' title="bbox 292 2686 1867 2770">
    <p class='ocr_par' dir='ltr' id='par_1_30' title="bbox 292 2686 1867 2770">
     <span class='ocr_line' id='line_1_30' title="bbox 292 2686 1867 2770; baseline 0.006 -24"><span class='ocrx_word' id='word_1_247' title='bbox 292 2692 609 2760; x_wconf 80' lang='lat' dir='ltr'><strong><em>bonitatem,</em></strong></span> <span class='ocrx_word' id='word_1_248' title='bbox 632 2710 752 2765; x_wconf 75' lang='lat' dir='ltr'><strong><em>qua:</em></strong></span> <span class='ocrx_word' id='word_1_249' title='bbox 776 2710 882 2751; x_wconf 91' lang='lat' dir='ltr'><strong><em>non</em></strong></span> <span class='ocrx_word' id='word_1_250' title='bbox 899 2696 1142 2768; x_wconf 78' lang='lat' dir='ltr'><strong><em>despexit</em></strong></span> <span class='ocrx_word' id='word_1_251' title='bbox 1157 2713 1251 2754; x_wconf 88' lang='lat' dir='ltr'><strong><em>eos</em></strong></span> <span class='ocrx_word' id='word_1_252' title='bbox 1266 2699 1358 2770; x_wconf 91' lang='lat' dir='ltr'><strong><em>qui</em></strong></span> <span class='ocrx_word' id='word_1_253' title='bbox 1379 2714 1410 2753; x_wconf 89' lang='lat' dir='ltr'><strong><em>a</em></strong></span> <span class='ocrx_word' id='word_1_254' title='bbox 1431 2714 1495 2756; x_wconf 87' lang='lat' dir='ltr'><strong><em>se</em></strong></span> <span class='ocrx_word' id='word_1_255' title='bbox 1511 2686 1676 2756; x_wconf 79' lang='lat' dir='ltr'><strong>creati</strong></span> <span class='ocrx_word' id='word_1_256' title='bbox 1696 2709 1867 2767; x_wconf 86' lang='lat' dir='ltr'><strong><em>erant,</em></strong></span> 
     </span>
    </p>
   </div>
   <div class='ocr_carea' id='block_1_31' title="bbox 289 2783 1868 2863">
    <p class='ocr_par' dir='ltr' id='par_1_31' title="bbox 289 2783 1868 2863">
     <span class='ocr_line' id='line_1_31' title="bbox 289 2783 1868 2863; baseline 0.006 -27"><span class='ocrx_word' id='word_1_257' title='bbox 289 2783 345 2836; x_wconf 94' lang='lat' dir='ltr'><strong><em>in</em></strong></span> <span class='ocrx_word' id='word_1_258' title='bbox 371 2792 512 2838; x_wconf 84' lang='lat' dir='ltr'><strong><em>tanta</em></strong></span> <span class='ocrx_word' id='word_1_259' title='bbox 540 2784 780 2841; x_wconf 83' lang='lat' dir='ltr'><strong><em>nuditate</em></strong></span> <span class='ocrx_word' id='word_1_260' title='bbox 807 2794 864 2841; x_wconf 89' lang='lat' dir='ltr'><strong><em>et</em></strong></span> <span class='ocrx_word' id='word_1_261' title='bbox 887 2787 1174 2857; x_wconf 84' lang='lat' dir='ltr'><strong><em>ignominia</em></strong></span> <span class='ocrx_word' id='word_1_262' title='bbox 1195 2799 1490 2846; x_wconf 86' lang='lat' dir='ltr'><strong><em>versantes.</em></strong></span> <span class='ocrx_word' id='word_1_263' title='bbox 1516 2791 1608 2847; x_wconf 76' lang='lat' dir='ltr'><strong><em>2i.</em></strong></span> <span class='ocrx_word' id='word_1_264' title='bbox 1633 2791 1701 2846; x_wconf 87' lang='lat' dir='ltr'><strong><em>Et</em></strong></span> <span class='ocrx_word' id='word_1_265' title='bbox 1729 2792 1868 2863; x_wconf 82' lang='lat' dir='ltr'><strong><em>fecit,</em></strong></span> 
     </span>
    </p>
   </div>
   <div class='ocr_carea' id='block_1_32' title="bbox 289 2873 1873 2955">
    <p class='ocr_par' dir='ltr' id='par_1_32' title="bbox 289 2873 1873 2955">
     <span class='ocr_line' id='line_1_32' title="bbox 289 2873 1873 2955; baseline 0.007 -29"><span class='ocrx_word' id='word_1_266' title='bbox 289 2873 461 2945; x_wconf 89' lang='lat' dir='ltr'><strong><em>inquit</em></strong></span> <span class='ocrx_word' id='word_1_267' title='bbox 484 2916 500 2943; x_wconf 94' lang='lat'><strong><em>,</em></strong></span> <span class='ocrx_word' id='word_1_268' title='bbox 530 2874 783 2931; x_wconf 88' lang='lat' dir='ltr'><strong><em>Dominus</em></strong></span> <span class='ocrx_word' id='word_1_269' title='bbox 808 2876 949 2931; x_wconf 89' lang='lat' dir='ltr'><strong><em>Deus</em></strong></span> <span class='ocrx_word' id='word_1_270' title='bbox 985 2880 1110 2934; x_wconf 73' lang='lat' dir='ltr'><strong><em>Adae</em></strong></span> <span class='ocrx_word' id='word_1_271' title='bbox 1133 2890 1178 2934; x_wconf 91' lang='lat' dir='ltr'><strong><em>et</em></strong></span> <span class='ocrx_word' id='word_1_272' title='bbox 1198 2882 1346 2936; x_wconf 72' lang='lat' dir='ltr'><strong><em>uxori</em></strong></span> <span class='ocrx_word' id='word_1_273' title='bbox 1368 2882 1508 2937; x_wconf 85' lang='lat' dir='ltr'><strong><em>illius</em></strong></span> <span class='ocrx_word' id='word_1_274' title='bbox 1536 2893 1691 2940; x_wconf 78' lang='lat' dir='ltr'><strong><em>vestes</em></strong></span> <span class='ocrx_word' id='word_1_275' title='bbox 1720 2884 1873 2955; x_wconf 84' lang='lat' dir='ltr'><strong><em>pelli-</em></strong></span> 
     </span>
    </p>
   </div>
   <div class='ocr_carea' id='block_1_33' title="bbox 287 2956 1872 3043">
    <p class='ocr_par' dir='ltr' id='par_1_33' title="bbox 287 2956 1872 3043">
     <span class='ocr_line' id='line_1_33' title="bbox 287 2956 1872 3043; baseline 0.008 -26"><span class='ocrx_word' id='word_1_276' title='bbox 287 2979 401 3018; x_wconf 87' lang='lat' dir='ltr'><strong><em>ceas</em></strong></span> <span class='ocrx_word' id='word_1_277' title='bbox 431 3004 448 3031; x_wconf 89' lang='lat'><strong><em>,</em></strong></span> <span class='ocrx_word' id='word_1_278' title='bbox 482 2975 527 3019; x_wconf 89' lang='lat' dir='ltr'><strong><em>et</em></strong></span> <span class='ocrx_word' id='word_1_279' title='bbox 552 2967 715 3021; x_wconf 83' lang='lat' dir='ltr'><strong><em>induit</em></strong></span> <span class='ocrx_word' id='word_1_280' title='bbox 739 2967 874 3023; x_wconf 86' lang='lat' dir='ltr'><strong><em>illos.</em></strong></span> <span class='ocrx_word' id='word_1_281' title='bbox 908 2968 1056 3024; x_wconf 91' lang='lat' dir='ltr'><strong><em>Sicut</em></strong></span> <span class='ocrx_word' id='word_1_282' title='bbox 1082 2970 1385 3028; x_wconf 87' lang='lat' dir='ltr'><strong><em>misericors</em></strong></span> <span class='ocrx_word' id='word_1_283' title='bbox 1413 2980 1563 3043; x_wconf 89' lang='lat' dir='ltr'><strong><em>pater</em></strong></span> <span class='ocrx_word' id='word_1_284' title='bbox 1581 2973 1745 3029; x_wconf 89' lang='lat' dir='ltr'><strong><em>filium</em></strong></span> <span class='ocrx_word' id='word_1_285' title='bbox 1775 2956 1872 3029; x_wconf 87' lang='lat' dir='ltr'><strong><em>ha-</em></strong></span> 
     </span>
    </p>
   </div>
   <div class='ocr_carea' id='block_1_34' title="bbox 290 3054 1867 3134">
    <p class='ocr_par' dir='ltr' id='par_1_34' title="bbox 290 3054 1867 3134">
     <span class='ocr_line' id='line_1_34' title="bbox 290 3054 1867 3134; baseline 0.006 -25"><span class='ocrx_word' id='word_1_286' title='bbox 290 3054 421 3113; x_wconf 87' lang='lat' dir='ltr'><strong><em>bens</em></strong></span> <span class='ocrx_word' id='word_1_287' title='bbox 448 3056 583 3112; x_wconf 89' lang='lat' dir='ltr'><strong><em>bona</em></strong></span> <span class='ocrx_word' id='word_1_288' title='bbox 606 3058 814 3115; x_wconf 80' lang='lat' dir='ltr'><strong><em>indole&#39;</em></strong></span> <span class='ocrx_word' id='word_1_289' title='bbox 839 3061 1138 3131; x_wconf 64' lang='lat' dir='ltr'><strong><em>praeditum,</em></strong></span> <span class='ocrx_word' id='word_1_290' title='bbox 1166 3070 1221 3118; x_wconf 90' lang='lat' dir='ltr'><strong><em>et</em></strong></span> <span class='ocrx_word' id='word_1_291' title='bbox 1245 3064 1389 3120; x_wconf 89' lang='lat' dir='ltr'><strong><em>omni</em></strong></span> <span class='ocrx_word' id='word_1_292' title='bbox 1408 3079 1537 3120; x_wconf 89' lang='lat' dir='ltr'><strong><em>cura</em></strong></span> <span class='ocrx_word' id='word_1_293' title='bbox 1563 3066 1867 3134; x_wconf 87' lang='lat' dir='ltr'><strong><em>educatum,</em></strong></span> 
     </span>
    </p>
   </div>
   <div class='ocr_carea' id='block_1_35' title="bbox 289 3145 1870 3220">
    <p class='ocr_par' dir='ltr' id='par_1_35' title="bbox 289 3145 1870 3220">
     <span class='ocr_line' id='line_1_35' title="bbox 289 3145 1870 3220; baseline 0.009 -21"><span class='ocrx_word' id='word_1_294' title='bbox 289 3154 343 3200; x_wconf 93' lang='lat' dir='ltr'><strong><em>ct</em></strong></span> <span class='ocrx_word' id='word_1_295' title='bbox 371 3145 634 3203; x_wconf 88' lang='lat' dir='ltr'><strong><em>fruentem</em></strong></span> <span class='ocrx_word' id='word_1_296' title='bbox 659 3150 907 3206; x_wconf 80' lang='lat' dir='ltr'><strong><em>omnibus</em></strong></span> <span class='ocrx_word' id='word_1_297' title='bbox 935 3150 1138 3208; x_wconf 88' lang='lat' dir='ltr'><strong><em>deliciis</em></strong></span> <span class='ocrx_word' id='word_1_298' title='bbox 1161 3194 1178 3220; x_wconf 94' lang='lat'><strong><em>,</em></strong></span> <span class='ocrx_word' id='word_1_299' title='bbox 1229 3164 1379 3211; x_wconf 80' lang='lat' dir='ltr'><strong><em>veste</em></strong></span> <span class='ocrx_word' id='word_1_300' title='bbox 1408 3156 1569 3211; x_wconf 91' lang='lat' dir='ltr'><strong><em>nitida</em></strong></span> <span class='ocrx_word' id='word_1_301' title='bbox 1594 3173 1658 3213; x_wconf 88' lang='lat' dir='ltr'><strong><em>ac</em></strong></span> <span class='ocrx_word' id='word_1_302' title='bbox 1680 3159 1870 3214; x_wconf 89' lang='lat' dir='ltr'><strong><em>sericis</em></strong></span> 
     </span>
    </p>
   </div>
   <div class='ocr_carea' id='block_1_36' title="bbox 287 3236 1867 3315">
    <p class='ocr_par' dir='ltr' id='par_1_36' title="bbox 287 3236 1867 3315">
     <span class='ocr_line' id='line_1_36' title="bbox 287 3236 1867 3315; baseline 0.009 -25"><span class='ocrx_word' id='word_1_303' title='bbox 287 3236 538 3293; x_wconf 86' lang='lat' dir='ltr'><strong><em>amictum</em></strong></span> <span class='ocrx_word' id='word_1_304' title='bbox 563 3280 579 3305; x_wconf 92' lang='lat'><strong><em>,</em></strong></span> <span class='ocrx_word' id='word_1_305' title='bbox 612 3244 955 3314; x_wconf 86' lang='lat' dir='ltr'><strong><em>paternisque</em></strong></span> <span class='ocrx_word' id='word_1_306' title='bbox 991 3245 1180 3315; x_wconf 87' lang='lat' dir='ltr'><strong><em>opibus</em></strong></span> <span class='ocrx_word' id='word_1_307' title='bbox 1207 3260 1395 3303; x_wconf 88' lang='lat' dir='ltr'><strong><em>secure</em></strong></span> <span class='ocrx_word' id='word_1_308' title='bbox 1435 3257 1672 3305; x_wconf 88' lang='lat' dir='ltr'><strong><em>utentem</em></strong></span> <span class='ocrx_word' id='word_1_309' title='bbox 1700 3290 1716 3315; x_wconf 91' lang='lat'><strong><em>,</em></strong></span> <span class='ocrx_word' id='word_1_310' title='bbox 1744 3265 1867 3305; x_wconf 88' lang='lat' dir='ltr'><strong><em>cum</em></strong></span> 
     </span>
    </p>
   </div>
   <div class='ocr_carea' id='block_1_37' title="bbox 288 3329 1866 3412">
    <p class='ocr_par' dir='ltr' id='par_1_37' title="bbox 288 3329 1866 3412">
     <span class='ocr_line' id='line_1_37' title="bbox 288 3329 1866 3412; baseline 0.009 -28"><span class='ocrx_word' id='word_1_311' title='bbox 288 3329 479 3386; x_wconf 91' lang='lat' dir='ltr'><strong><em>viderit</em></strong></span> <span class='ocrx_word' id='word_1_312' title='bbox 503 3346 625 3388; x_wconf 90' lang='lat' dir='ltr'><strong><em>cum</em></strong></span> <span class='ocrx_word' id='word_1_313' title='bbox 652 3334 812 3390; x_wconf 90' lang='lat' dir='ltr'><strong><em>nimia</em></strong></span> <span class='ocrx_word' id='word_1_314' title='bbox 837 3338 1188 3406; x_wconf 85' lang='lat' dir='ltr'><strong><em>prosperitate</em></strong></span> <span class='ocrx_word' id='word_1_315' title='bbox 1208 3339 1260 3395; x_wconf 91' lang='lat' dir='ltr'><strong><em>in</em></strong></span> <span class='ocrx_word' id='word_1_316' title='bbox 1282 3340 1497 3396; x_wconf 81' lang='lat' dir='ltr'><strong><em>malitia:</em></strong></span> <span class='ocrx_word' id='word_1_317' title='bbox 1513 3343 1866 3412; x_wconf 63' lang='lat' dir='ltr'><strong><em>praecipitium</em></strong></span> 
     </span>
    </p>
   </div>
   <div class='ocr_carea' id='block_1_38' title="bbox 287 3426 1870 3502">
    <p class='ocr_par' dir='ltr' id='par_1_38' title="bbox 287 3426 1870 3502">
     <span class='ocr_line' id='line_1_38' title="bbox 287 3426 1870 3502; baseline 0.008 -25"><span class='ocrx_word' id='word_1_318' title='bbox 287 3426 612 3496; x_wconf 88' lang='lat' dir='ltr'><strong><em>prolapsum,</em></strong></span> <span class='ocrx_word' id='word_1_319' title='bbox 635 3429 809 3497; x_wconf 80' lang='lat' dir='ltr'><strong><em>privat</em></strong></span> <span class='ocrx_word' id='word_1_320' title='bbox 832 3430 935 3484; x_wconf 90' lang='lat' dir='ltr'><strong><em>illis</em></strong></span> <span class='ocrx_word' id='word_1_321' title='bbox 959 3432 1225 3496; x_wconf 90' lang='lat' dir='ltr'><strong><em>omnibus,</em></strong></span> <span class='ocrx_word' id='word_1_322' title='bbox 1245 3442 1299 3486; x_wconf 90' lang='lat' dir='ltr'><strong><em>et</em></strong></span> <span class='ocrx_word' id='word_1_323' title='bbox 1325 3448 1435 3488; x_wconf 75' lang='lat' dir='ltr'><strong><em>sua:</em></strong></span> <span class='ocrx_word' id='word_1_324' title='bbox 1461 3434 1711 3502; x_wconf 78' lang='lat' dir='ltr'><strong><em>potestati</em></strong></span> <span class='ocrx_word' id='word_1_325' title='bbox 1738 3435 1870 3490; x_wconf 91' lang='lat' dir='ltr'><strong><em>sub-</em></strong></span> 
     </span>
    </p>
   </div>
   <div class='ocr_carea' id='block_1_39' title="bbox 284 3515 1863 3596">
    <p class='ocr_par' dir='ltr' id='par_1_39' title="bbox 284 3515 1863 3596">
     <span class='ocr_line' id='line_1_39' title="bbox 284 3515 1863 3596; baseline 0.006 -28"><span class='ocrx_word' id='word_1_326' title='bbox 284 3515 421 3596; x_wconf 62' lang='lat' dir='ltr'><strong><em>iicit,</em></strong></span> <span class='ocrx_word' id='word_1_327' title='bbox 453 3524 603 3570; x_wconf 81' lang='lat' dir='ltr'><strong><em>veste</em></strong></span> <span class='ocrx_word' id='word_1_328' title='bbox 622 3518 846 3587; x_wconf 90' lang='lat' dir='ltr'><strong><em>spoliat,</em></strong></span> <span class='ocrx_word' id='word_1_329' title='bbox 874 3532 938 3573; x_wconf 91' lang='lat' dir='ltr'><strong><em>ac</em></strong></span> <span class='ocrx_word' id='word_1_330' title='bbox 956 3519 1046 3573; x_wconf 92' lang='lat' dir='ltr'><strong><em>vili</em></strong></span> <span class='ocrx_word' id='word_1_331' title='bbox 1075 3521 1362 3590; x_wconf 81' lang='lat' dir='ltr'><strong><em>servilique</em></strong></span> <span class='ocrx_word' id='word_1_332' title='bbox 1379 3522 1575 3579; x_wconf 89' lang='lat' dir='ltr'><strong><em>amictu</em></strong></span> <span class='ocrx_word' id='word_1_333' title='bbox 1602 3523 1751 3577; x_wconf 91' lang='lat' dir='ltr'><strong><em>illum</em></strong></span> <span class='ocrx_word' id='word_1_334' title='bbox 1781 3523 1863 3577; x_wconf 91' lang='lat' dir='ltr'><strong><em>in-</em></strong></span> 
     </span>
    </p>
   </div>
   <div class='ocr_carea' id='block_1_40' title="bbox 287 3605 1870 3681">
    <p class='ocr_par' dir='ltr' id='par_1_40' title="bbox 287 3605 1870 3681">
     <span class='ocr_line' id='line_1_40' title="bbox 287 3605 1870 3681; baseline 0.004 -21"><span class='ocrx_word' id='word_1_335' title='bbox 287 3605 422 3671; x_wconf 89' lang='lat' dir='ltr'><strong><em>duit,</em></strong></span> <span class='ocrx_word' id='word_1_336' title='bbox 451 3620 519 3660; x_wconf 89' lang='lat' dir='ltr'><strong><em>ne</em></strong></span> <span class='ocrx_word' id='word_1_337' title='bbox 545 3606 761 3662; x_wconf 87' lang='lat' dir='ltr'><strong><em>omnino</em></strong></span> <span class='ocrx_word' id='word_1_338' title='bbox 790 3607 962 3663; x_wconf 87' lang='lat' dir='ltr'><strong><em>nudus</em></strong></span> <span class='ocrx_word' id='word_1_339' title='bbox 993 3609 1062 3664; x_wconf 89' lang='lat' dir='ltr'><strong><em>sit</em></strong></span> <span class='ocrx_word' id='word_1_340' title='bbox 1100 3619 1156 3665; x_wconf 90' lang='lat' dir='ltr'><strong><em>et</em></strong></span> <span class='ocrx_word' id='word_1_341' title='bbox 1188 3612 1356 3680; x_wconf 90' lang='lat' dir='ltr'><strong><em>turpis</em></strong></span> <span class='ocrx_word' id='word_1_342' title='bbox 1387 3630 1401 3666; x_wconf 91' lang='lat'><strong>:</strong></span> <span class='ocrx_word' id='word_1_343' title='bbox 1433 3612 1505 3665; x_wconf 87' lang='lat' dir='ltr'><strong><em>ita</em></strong></span> <span class='ocrx_word' id='word_1_344' title='bbox 1535 3620 1588 3666; x_wconf 91' lang='lat' dir='ltr'><strong><em>et</em></strong></span> <span class='ocrx_word' id='word_1_345' title='bbox 1611 3611 1870 3681; x_wconf 81' lang='lat' dir='ltr'><strong><em>benignus</em></strong></span> 
     </span>
    </p>
   </div>
   <div class='ocr_carea' id='block_1_41' title="bbox 290 3697 1871 3771">
    <p class='ocr_par' dir='ltr' id='par_1_41' title="bbox 290 3697 1871 3771">
     <span class='ocr_line' id='line_1_41' title="bbox 290 3697 1871 3771; baseline 0.003 -18"><span class='ocrx_word' id='word_1_346' title='bbox 290 3697 462 3764; x_wconf 89' lang='lat' dir='ltr'><strong><em>Deus,</em></strong></span> <span class='ocrx_word' id='word_1_347' title='bbox 491 3697 739 3768; x_wconf 89' lang='lat' dir='ltr'><strong><em>quoniam</em></strong></span> <span class='ocrx_word' id='word_1_348' title='bbox 769 3698 941 3753; x_wconf 83' lang='lat' dir='ltr'><strong><em>Adam</em></strong></span> <span class='ocrx_word' id='word_1_349' title='bbox 968 3709 1023 3754; x_wconf 85' lang='lat' dir='ltr'><strong><em>et</em></strong></span> <span class='ocrx_word' id='word_1_350' title='bbox 1052 3700 1159 3754; x_wconf 87' lang='lat' dir='ltr'><strong><em>Eva</em></strong></span> <span class='ocrx_word' id='word_1_351' title='bbox 1187 3701 1435 3771; x_wconf 87' lang='lat' dir='ltr'><strong><em>indignos</em></strong></span> <span class='ocrx_word' id='word_1_352' title='bbox 1461 3716 1581 3758; x_wconf 91' lang='lat' dir='ltr'><strong><em>sese</em></strong></span> <span class='ocrx_word' id='word_1_353' title='bbox 1608 3702 1871 3758; x_wconf 76' lang='lat' dir='ltr'><strong><em>exhibue-</em></strong></span> 
     </span>
    </p>
   </div>
   <div class='ocr_carea' id='block_1_42' title="bbox 286 3788 1872 3864">
    <p class='ocr_par' dir='ltr' id='par_1_42' title="bbox 286 3788 1872 3864">
     <span class='ocr_line' id='line_1_42' title="bbox 286 3788 1872 3864; baseline 0.004 -20"><span class='ocrx_word' id='word_1_354' title='bbox 286 3798 413 3844; x_wconf 82' lang='lat' dir='ltr'><strong><em>runt</em></strong></span> <span class='ocrx_word' id='word_1_355' title='bbox 434 3788 746 3844; x_wconf 88' lang='lat' dir='ltr'><strong><em>indumento</em></strong></span> <span class='ocrx_word' id='word_1_356' title='bbox 770 3790 1001 3860; x_wconf 88' lang='lat' dir='ltr'><strong><em>glorioso</em></strong></span> <span class='ocrx_word' id='word_1_357' title='bbox 1025 3790 1117 3845; x_wconf 88' lang='lat' dir='ltr'><strong><em>illo</em></strong></span> <span class='ocrx_word' id='word_1_358' title='bbox 1132 3799 1187 3846; x_wconf 88' lang='lat' dir='ltr'><strong><em>et</em></strong></span> <span class='ocrx_word' id='word_1_359' title='bbox 1207 3791 1395 3858; x_wconf 89' lang='lat' dir='ltr'><strong><em>nitido,</em></strong></span> <span class='ocrx_word' id='word_1_360' title='bbox 1417 3808 1525 3864; x_wconf 90' lang='lat' dir='ltr'><strong><em>quo</em></strong></span> <span class='ocrx_word' id='word_1_361' title='bbox 1548 3794 1872 3850; x_wconf 85' lang='lat' dir='ltr'><strong><em>amicieban-</em></strong></span> 
     </span>
    </p>
   </div>
   <div class='ocr_carea' id='block_1_43' title="bbox 288 3878 1870 3950">
    <p class='ocr_par' dir='ltr' id='par_1_43' title="bbox 288 3878 1870 3950">
     <span class='ocr_line' id='line_1_43' title="bbox 288 3878 1870 3950; baseline 0.005 -17"><span class='ocrx_word' id='word_1_362' title='bbox 288 3888 376 3933; x_wconf 93' lang='lat' dir='ltr'><strong><em>tur</em></strong></span> <span class='ocrx_word' id='word_1_363' title='bbox 404 3920 421 3945; x_wconf 95' lang='lat'><strong><em>,</em></strong></span> <span class='ocrx_word' id='word_1_364' title='bbox 468 3888 524 3935; x_wconf 90' lang='lat' dir='ltr'><strong><em>et</em></strong></span> <span class='ocrx_word' id='word_1_365' title='bbox 569 3878 713 3949; x_wconf 90' lang='lat' dir='ltr'><strong><em>quod</em></strong></span> <span class='ocrx_word' id='word_1_366' title='bbox 743 3881 904 3936; x_wconf 89' lang='lat' dir='ltr'><strong><em>nullis</em></strong></span> <span class='ocrx_word' id='word_1_367' title='bbox 944 3882 1313 3950; x_wconf 85' lang='lat' dir='ltr'><strong><em>corporalibus</em></strong></span> <span class='ocrx_word' id='word_1_368' title='bbox 1336 3898 1433 3940; x_wconf 88' lang='lat' dir='ltr'><strong><em>eos</em></strong></span> <span class='ocrx_word' id='word_1_369' title='bbox 1457 3884 1870 3941; x_wconf 83' lang='lat' dir='ltr'><strong><em>necessitatibus</em></strong></span> 
     </span>
    </p>
   </div>
   <div class='ocr_carea' id='block_1_44' title="bbox 288 3969 1867 4047">
    <p class='ocr_par' dir='ltr' id='par_1_44' title="bbox 288 3969 1867 4047">
     <span class='ocr_line' id='line_1_44' title="bbox 288 3969 1867 4047; baseline 0.004 -22"><span class='ocrx_word' id='word_1_370' title='bbox 288 3969 548 4027; x_wconf 77' lang='lat' dir='ltr'><strong><em>obnoxios</em></strong></span> <span class='ocrx_word' id='word_1_371' title='bbox 591 3984 713 4027; x_wconf 86' lang='lat' dir='ltr'><strong><em>esse</em></strong></span> <span class='ocrx_word' id='word_1_372' title='bbox 740 3972 945 4028; x_wconf 75' lang='lat' dir='ltr'><strong><em>sinebat</em></strong></span> <span class='ocrx_word' id='word_1_373' title='bbox 974 4013 990 4037; x_wconf 91' lang='lat'><strong><em>,</em></strong></span> <span class='ocrx_word' id='word_1_374' title='bbox 1025 3974 1242 4028; x_wconf 91' lang='lat' dir='ltr'><strong><em>nudavit</em></strong></span> <span class='ocrx_word' id='word_1_375' title='bbox 1272 3975 1391 4030; x_wconf 88' lang='lat' dir='ltr'><strong><em>illos</em></strong></span> <span class='ocrx_word' id='word_1_376' title='bbox 1410 3977 1553 4031; x_wconf 89' lang='lat' dir='ltr'><strong><em>omni</em></strong></span> <span class='ocrx_word' id='word_1_377' title='bbox 1585 3977 1673 4033; x_wconf 91' lang='lat' dir='ltr'><strong><em>illa</em></strong></span> <span class='ocrx_word' id='word_1_378' title='bbox 1698 3978 1867 4047; x_wconf 79' lang='lat' dir='ltr'><strong><em>gloria</em></strong></span> 
     </span>
    </p>
   </div>
   <div class='ocr_carea' id='block_1_45' title="bbox 288 4061 1864 4138">
    <p class='ocr_par' dir='ltr' id='par_1_45' title="bbox 288 4061 1864 4138">
     <span class='ocr_line' id='line_1_45' title="bbox 288 4061 1864 4138; baseline 0.004 -22"><span class='ocrx_word' id='word_1_379' title='bbox 288 4072 343 4116; x_wconf 89' lang='lat' dir='ltr'><strong><em>et</em></strong></span> <span class='ocrx_word' id='word_1_380' title='bbox 365 4061 634 4129; x_wconf 78' lang='lat' dir='ltr'><strong><em>fruitione,</em></strong></span> <span class='ocrx_word' id='word_1_381' title='bbox 657 4079 760 4134; x_wconf 89' lang='lat' dir='ltr'><strong><em>qua</em></strong></span> <span class='ocrx_word' id='word_1_382' title='bbox 780 4075 903 4120; x_wconf 83' lang='lat' dir='ltr'><strong><em>ante</em></strong></span> <span class='ocrx_word' id='word_1_383' title='bbox 919 4080 1132 4134; x_wconf 78' lang='lat' dir='ltr'><strong><em>gravem</em></strong></span> <span class='ocrx_word' id='word_1_384' title='bbox 1160 4065 1299 4122; x_wconf 88' lang='lat' dir='ltr'><strong><em>hanc</em></strong></span> <span class='ocrx_word' id='word_1_385' title='bbox 1320 4068 1525 4125; x_wconf 91' lang='lat' dir='ltr'><strong><em>ruinam</em></strong></span> <span class='ocrx_word' id='word_1_386' title='bbox 1543 4068 1864 4138; x_wconf 78' lang='lat' dir='ltr'><strong><em>gaudebant:</em></strong></span> 
     </span>
    </p>
   </div>
   <div class='ocr_carea' id='block_1_46' title="bbox 288 4156 1869 4231">
    <p class='ocr_par' dir='ltr' id='par_1_46' title="bbox 288 4156 1869 4231">
     <span class='ocr_line' id='line_1_46' title="bbox 288 4156 1869 4231; baseline 0.006 -24"><span class='ocrx_word' id='word_1_387' title='bbox 288 4157 614 4224; x_wconf 84' lang='lat' dir='ltr'><strong><em>multamque</em></strong></span> <span class='ocrx_word' id='word_1_388' title='bbox 634 4170 756 4225; x_wconf 89' lang='lat' dir='ltr'><strong><em>erga</em></strong></span> <span class='ocrx_word' id='word_1_389' title='bbox 783 4156 901 4217; x_wconf 90' lang='lat' dir='ltr'><strong><em>illos</em></strong></span> <span class='ocrx_word' id='word_1_390' title='bbox 930 4157 979 4210; x_wconf 88' lang='lat' dir='ltr'><strong><em>itt</em></strong></span> <span class='ocrx_word' id='word_1_391' title='bbox 1011 4164 1208 4213; x_wconf 85' lang='lat' dir='ltr'><strong><em>tantam</em></strong></span> <span class='ocrx_word' id='word_1_392' title='bbox 1242 4159 1530 4229; x_wconf 84' lang='lat' dir='ltr'><strong><em>perniciem</em></strong></span> <span class='ocrx_word' id='word_1_393' title='bbox 1567 4160 1746 4231; x_wconf 91' lang='lat' dir='ltr'><strong><em>lapsos</em></strong></span> <span class='ocrx_word' id='word_1_394' title='bbox 1774 4178 1869 4217; x_wconf 82' lang='lat' dir='ltr'><strong><em>ex-</em></strong></span> 
     </span>
    </p>
   </div>
   <div class='ocr_carea' id='block_1_47' title="bbox 289 4242 1869 4323">
    <p class='ocr_par' dir='ltr' id='par_1_47' title="bbox 289 4242 1869 4323">
     <span class='ocr_line' id='line_1_47' title="bbox 289 4242 1869 4323; baseline 0.008 -27"><span class='ocrx_word' id='word_1_395' title='bbox 289 4242 476 4303; x_wconf 88' lang='lat' dir='ltr'><strong><em>hibens</em></strong></span> <span class='ocrx_word' id='word_1_396' title='bbox 516 4246 910 4303; x_wconf 86' lang='lat' dir='ltr'><strong><em>miserationem</em></strong></span> <span class='ocrx_word' id='word_1_397' title='bbox 942 4288 959 4313; x_wconf 91' lang='lat'><strong><em>,</em></strong></span> <span class='ocrx_word' id='word_1_398' title='bbox 1002 4248 1292 4319; x_wconf 88' lang='lat' dir='ltr'><strong><em>vidensque</em></strong></span> <span class='ocrx_word' id='word_1_399' title='bbox 1323 4265 1513 4320; x_wconf 87' lang='lat' dir='ltr'><strong><em>magno</em></strong></span> <span class='ocrx_word' id='word_1_400' title='bbox 1542 4251 1742 4323; x_wconf 89' lang='lat' dir='ltr'><strong><em>pudore</em></strong></span> <span class='ocrx_word' id='word_1_401' title='bbox 1766 4254 1869 4308; x_wconf 88' lang='lat' dir='ltr'><strong><em>cir-</em></strong></span> 
     </span>
    </p>
   </div>
   <div class='ocr_carea' id='block_1_48' title="bbox 289 4338 1869 4412">
    <p class='ocr_par' dir='ltr' id='par_1_48' title="bbox 289 4338 1869 4412">
     <span class='ocr_line' id='line_1_48' title="bbox 289 4338 1869 4412; baseline 0.006 -22"><span class='ocrx_word' id='word_1_402' title='bbox 289 4338 558 4391; x_wconf 89' lang='lat' dir='ltr'><strong><em>cumfusos</em></strong></span> <span class='ocrx_word' id='word_1_403' title='bbox 589 4377 607 4405; x_wconf 97' lang='lat'><strong><em>,</em></strong></span> <span class='ocrx_word' id='word_1_404' title='bbox 638 4338 954 4409; x_wconf 89' lang='lat' dir='ltr'><strong><em>consiliique</em></strong></span> <span class='ocrx_word' id='word_1_405' title='bbox 1000 4340 1188 4410; x_wconf 85' lang='lat' dir='ltr'><strong><em>inopes</em></strong></span> <span class='ocrx_word' id='word_1_406' title='bbox 1217 4382 1233 4408; x_wconf 95' lang='lat'><strong><em>,</em></strong></span> <span class='ocrx_word' id='word_1_407' title='bbox 1267 4356 1335 4396; x_wconf 87' lang='lat' dir='ltr'><strong><em>ne</em></strong></span> <span class='ocrx_word' id='word_1_408' title='bbox 1383 4342 1511 4401; x_wconf 85' lang='lat' dir='ltr'><strong><em>nudi</em></strong></span> <span class='ocrx_word' id='word_1_409' title='bbox 1564 4354 1744 4399; x_wconf 83' lang='lat' dir='ltr'><strong><em>essent</em></strong></span> <span class='ocrx_word' id='word_1_410' title='bbox 1769 4385 1785 4412; x_wconf 97' lang='lat'><strong><em>,</em></strong></span> <span class='ocrx_word' id='word_1_411' title='bbox 1815 4352 1869 4400; x_wconf 90' lang='lat' dir='ltr'><strong><em>et</em></strong></span> 
     </span>
    </p>
   </div>
   <div class='ocr_carea' id='block_1_49' title="bbox 292 4425 1867 4501">
    <p class='ocr_par' dir='ltr' id='par_1_49' title="bbox 292 4425 1867 4501">
     <span class='ocr_line' id='line_1_49' title="bbox 292 4425 1867 4501; baseline 0.006 -21"><span class='ocrx_word' id='word_1_412' title='bbox 292 4425 541 4482; x_wconf 85' lang='lat' dir='ltr'><strong><em>indecore</em></strong></span> <span class='ocrx_word' id='word_1_413' title='bbox 568 4442 628 4482; x_wconf 88' lang='lat' dir='ltr'><strong><em>se</em></strong></span> <span class='ocrx_word' id='word_1_414' title='bbox 650 4440 920 4499; x_wconf 87' lang='lat' dir='ltr'><strong><em>gererent,</em></strong></span> <span class='ocrx_word' id='word_1_415' title='bbox 947 4441 1126 4485; x_wconf 88' lang='lat' dir='ltr'><strong><em>vestes</em></strong></span> <span class='ocrx_word' id='word_1_416' title='bbox 1153 4431 1281 4499; x_wconf 91' lang='lat' dir='ltr'><strong><em>ipsis</em></strong></span> <span class='ocrx_word' id='word_1_417' title='bbox 1310 4434 1559 4501; x_wconf 88' lang='lat' dir='ltr'><strong><em>pelliceas</em></strong></span> <span class='ocrx_word' id='word_1_418' title='bbox 1580 4434 1725 4501; x_wconf 81' lang='lat' dir='ltr'><strong><em>facit,</em></strong></span> <span class='ocrx_word' id='word_1_419' title='bbox 1754 4450 1867 4490; x_wconf 83' lang='lat' dir='ltr'><strong><em>eos-</em></strong></span> 
     </span>
    </p>
   </div>
   <div class='ocr_carea' id='block_1_50' title="bbox 285 4518 1862 4588">
    <p class='ocr_par' dir='ltr' id='par_1_50' title="bbox 285 4518 1862 4588">
     <span class='ocr_line' id='line_1_50' title="bbox 285 4518 1862 4588; baseline 0.01 -18"><span class='ocrx_word' id='word_1_420' title='bbox 285 4531 391 4588; x_wconf 88' lang='lat' dir='ltr'><strong><em>que</em></strong></span> <span class='ocrx_word' id='word_1_421' title='bbox 412 4518 666 4588; x_wconf 88' lang='lat' dir='ltr'><strong><em>contegit.</em></strong></span> <span class='ocrx_word' id='word_1_422' title='bbox 689 4519 847 4575; x_wconf 83' lang='lat' dir='ltr'><strong><em>Tales</em></strong></span> <span class='ocrx_word' id='word_1_423' title='bbox 866 4520 1008 4575; x_wconf 87' lang='lat' dir='ltr'><strong><em>enim</em></strong></span> <span class='ocrx_word' id='word_1_424' title='bbox 1030 4523 1177 4576; x_wconf 71' lang='lat' dir='ltr'><strong><em>sunt!</em></strong></span> <span class='ocrx_word' id='word_1_425' title='bbox 1192 4521 1389 4586; x_wconf 83' lang='lat' dir='ltr'><strong><em>diaboli</em></strong></span> <span class='ocrx_word' id='word_1_426' title='bbox 1412 4525 1862 4585; x_wconf 84' lang='lat' dir='ltr'><strong><em>machinatiOnes:</em></strong></span> 
     </span>
    </p>
   </div>
   <div class='ocr_carea' id='block_1_51' title="bbox 285 4610 1867 4686">
    <p class='ocr_par' dir='ltr' id='par_1_51' title="bbox 285 4610 1867 4686">
     <span class='ocr_line' id='line_1_51' title="bbox 285 4610 1867 4686; baseline 0.008 -23"><span class='ocrx_word' id='word_1_427' title='bbox 285 4611 332 4664; x_wconf 87' lang='lat' dir='ltr'><strong><em>si</em></strong></span> <span class='ocrx_word' id='word_1_428' title='bbox 361 4610 572 4679; x_wconf 88' lang='lat' dir='ltr'><strong><em>quando</em></strong></span> <span class='ocrx_word' id='word_1_429' title='bbox 591 4612 733 4666; x_wconf 91' lang='lat' dir='ltr'><strong><em>enim</em></strong></span> <span class='ocrx_word' id='word_1_430' title='bbox 755 4611 962 4682; x_wconf 85' lang='lat' dir='ltr'><strong><em>aliquos</em></strong></span> <span class='ocrx_word' id='word_1_431' title='bbox 985 4613 1246 4668; x_wconf 88' lang='lat' dir='ltr'><strong><em>invenerit</em></strong></span> <span class='ocrx_word' id='word_1_432' title='bbox 1268 4614 1358 4686; x_wconf 91' lang='lat' dir='ltr'><strong><em>qui</em></strong></span> <span class='ocrx_word' id='word_1_433' title='bbox 1379 4614 1480 4670; x_wconf 88' lang='lat' dir='ltr'><strong><em>sibi</em></strong></span> <span class='ocrx_word' id='word_1_434' title='bbox 1504 4627 1744 4685; x_wconf 87' lang='lat' dir='ltr'><strong><em>pareant,</em></strong></span> <span class='ocrx_word' id='word_1_435' title='bbox 1772 4634 1867 4675; x_wconf 85' lang='lat' dir='ltr'><strong><em>eos</em></strong></span> 
     </span>
    </p>
   </div>
   <div class='ocr_carea' id='block_1_52' title="bbox 288 4700 1865 4778">
    <p class='ocr_par' dir='ltr' id='par_1_52' title="bbox 288 4700 1865 4778">
     <span class='ocr_line' id='line_1_52' title="bbox 288 4700 1865 4778; baseline 0.006 -25"><span class='ocrx_word' id='word_1_436' title='bbox 288 4700 557 4769; x_wconf 88' lang='lat' dir='ltr'><strong><em>voluptate</em></strong></span> <span class='ocrx_word' id='word_1_437' title='bbox 572 4702 797 4771; x_wconf 86' lang='lat' dir='ltr'><strong><em>quadam</em></strong></span> <span class='ocrx_word' id='word_1_438' title='bbox 821 4703 1028 4759; x_wconf 89' lang='lat' dir='ltr'><strong><em>modica</em></strong></span> <span class='ocrx_word' id='word_1_439' title='bbox 1056 4705 1447 4773; x_wconf 87' lang='lat' dir='ltr'><strong><em>supplantatos,</em></strong></span> <span class='ocrx_word' id='word_1_440' title='bbox 1476 4716 1533 4763; x_wconf 89' lang='lat' dir='ltr'><strong><em>et</em></strong></span> <span class='ocrx_word' id='word_1_441' title='bbox 1560 4708 1613 4762; x_wconf 84' lang='lat' dir='ltr'><strong><em>in</em></strong></span> <span class='ocrx_word' id='word_1_442' title='bbox 1643 4710 1865 4778; x_wconf 88' lang='lat' dir='ltr'><strong><em>profun-</em></strong></span> 
     </span>
    </p>
   </div>
   <div class='ocr_carea' id='block_1_53' title="bbox 286 4791 1867 4871">
    <p class='ocr_par' dir='ltr' id='par_1_53' title="bbox 286 4791 1867 4871">
     <span class='ocr_line' id='line_1_53' title="bbox 286 4791 1867 4871; baseline 0.004 -24"><span class='ocrx_word' id='word_1_443' title='bbox 286 4791 412 4847; x_wconf 79' lang='lat' dir='ltr'><strong><em>dum</em></strong></span> <span class='ocrx_word' id='word_1_444' title='bbox 436 4792 654 4847; x_wconf 77' lang='lat' dir='ltr'><strong><em>malitia:</em></strong></span> <span class='ocrx_word' id='word_1_445' title='bbox 684 4794 948 4865; x_wconf 90' lang='lat' dir='ltr'><strong><em>projectos</em></strong></span> <span class='ocrx_word' id='word_1_446' title='bbox 972 4835 987 4859; x_wconf 85' lang='lat'><strong><em>,</em></strong></span> <span class='ocrx_word' id='word_1_447' title='bbox 1022 4797 1270 4867; x_wconf 90' lang='lat' dir='ltr'><strong><em>omnique</em></strong></span> <span class='ocrx_word' id='word_1_448' title='bbox 1298 4798 1612 4856; x_wconf 81' lang='lat' dir='ltr'><strong><em>confusione</em></strong></span> <span class='ocrx_word' id='word_1_449' title='bbox 1640 4809 1694 4854; x_wconf 91' lang='lat' dir='ltr'><strong>et</strong></span> <span class='ocrx_word' id='word_1_450' title='bbox 1719 4801 1867 4871; x_wconf 45' lang='lat' dir='ltr'><strong><em>ignee</em></strong></span> 
     </span>
    </p>
   </div>
   <div class='ocr_carea' id='block_1_54' title="bbox 289 4882 1866 4958">
    <p class='ocr_par' dir='ltr' id='par_1_54' title="bbox 289 4882 1866 4958">
     <span class='ocr_line' id='line_1_54' title="bbox 289 4882 1866 4958; baseline 0.008 -23"><span class='ocrx_word' id='word_1_451' title='bbox 289 4882 450 4936; x_wconf 89' lang='lat' dir='ltr'><strong><em>minia</em></strong></span> <span class='ocrx_word' id='word_1_452' title='bbox 479 4883 686 4953; x_wconf 89' lang='lat' dir='ltr'><strong><em>plenos,</em></strong></span> <span class='ocrx_word' id='word_1_453' title='bbox 709 4885 888 4955; x_wconf 84' lang='lat' dir='ltr'><strong><em>jacere</em></strong></span> <span class='ocrx_word' id='word_1_454' title='bbox 928 4887 1218 4958; x_wconf 90' lang='lat' dir='ltr'><strong><em>relinquit,</em></strong></span> <span class='ocrx_word' id='word_1_455' title='bbox 1268 4889 1571 4945; x_wconf 80' lang='lat' dir='ltr'><strong><em>miserabile</em></strong></span> <span class='ocrx_word' id='word_1_456' title='bbox 1617 4892 1866 4948; x_wconf 86' lang='lat' dir='ltr'><strong><em>omnibus</em></strong></span> 
     </span>
    </p>
   </div>
   <div class='ocr_carea' id='block_1_55' title="bbox 288 4971 1864 5049">
    <p class='ocr_par' dir='ltr' id='par_1_55' title="bbox 288 4971 1864 5049">
     <span class='ocr_line' id='line_1_55' title="bbox 288 4971 1864 5049; baseline 0.009 -26"><span class='ocrx_word' id='word_1_457' title='bbox 288 4971 379 5043; x_wconf 86' lang='lat' dir='ltr'><strong><em>qui</em></strong></span> <span class='ocrx_word' id='word_1_458' title='bbox 408 4972 555 5049; x_wconf 87' lang='lat' dir='ltr'><strong><em>illum</em></strong></span> <span class='ocrx_word' id='word_1_459' title='bbox 585 4974 768 5029; x_wconf 90' lang='lat' dir='ltr'><strong><em>vident</em></strong></span> <span class='ocrx_word' id='word_1_460' title='bbox 812 4978 1197 5046; x_wconf 88' lang='lat' dir='ltr'><strong><em>spectaculum.</em></strong></span> <span class='ocrx_word' id='word_1_461' title='bbox 1228 4980 1296 5033; x_wconf 83' lang='lat' dir='ltr'><strong>At</strong></span> <span class='ocrx_word' id='word_1_462' title='bbox 1323 4981 1619 5036; x_wconf 81' lang='lat' dir='ltr'><strong><em>animarum</em></strong></span> <span class='ocrx_word' id='word_1_463' title='bbox 1652 4993 1864 5037; x_wconf 87' lang='lat' dir='ltr'><strong><em>nostra-</em></strong></span> 
     </span>
    </p>
   </div>
   <div class='ocr_carea' id='block_1_56' title="bbox 288 5063 1864 5138">
    <p class='ocr_par' dir='ltr' id='par_1_56' title="bbox 288 5063 1864 5138">
     <span class='ocr_line' id='line_1_56' title="bbox 288 5063 1864 5138; baseline 0.008 -21"><span class='ocrx_word' id='word_1_464' title='bbox 288 5079 404 5117; x_wconf 88' lang='lat' dir='ltr'><strong><em>rutu</em></strong></span> <span class='ocrx_word' id='word_1_465' title='bbox 427 5063 653 5119; x_wconf 74' lang='lat' dir='ltr'><strong><em>Clll&#39;ﬂlOl‘</em></strong></span> <span class='ocrx_word' id='word_1_466' title='bbox 688 5107 704 5132; x_wconf 92' lang='lat'><strong><em>,</em></strong></span> <span class='ocrx_word' id='word_1_467' title='bbox 732 5066 919 5123; x_wconf 85' lang='lat' dir='ltr'><strong><em>videns</em></strong></span> <span class='ocrx_word' id='word_1_468' title='bbox 944 5070 1063 5123; x_wconf 88' lang='lat' dir='ltr'><strong><em>illos</em></strong></span> <span class='ocrx_word' id='word_1_469' title='bbox 1090 5070 1141 5124; x_wconf 90' lang='lat' dir='ltr'><strong><em>itt</em></strong></span> <span class='ocrx_word' id='word_1_470' title='bbox 1171 5071 1331 5125; x_wconf 89' lang='lat' dir='ltr'><strong><em>tantis</em></strong></span> <span class='ocrx_word' id='word_1_471' title='bbox 1353 5070 1777 5138; x_wconf 79' lang='lat' dir='ltr'><strong><em>difficuluttibtts,</em></strong></span> <span class='ocrx_word' id='word_1_472' title='bbox 1811 5074 1864 5129; x_wconf 90' lang='lat' dir='ltr'><strong><em>in</em></strong></span> 
     </span>
    </p>
   </div>
   <div class='ocr_carea' id='block_1_57' title="bbox 290 5156 1866 5232">
    <p class='ocr_par' dir='ltr' id='par_1_57' title="bbox 290 5156 1866 5232">
     <span class='ocr_line' id='line_1_57' title="bbox 290 5156 1866 5232; baseline 0.006 -21"><span class='ocrx_word' id='word_1_473' title='bbox 290 5156 393 5211; x_wconf 89' lang='lat' dir='ltr'><strong><em>hoc</em></strong></span> <span class='ocrx_word' id='word_1_474' title='bbox 417 5166 555 5212; x_wconf 91' lang='lat' dir='ltr'><strong><em>statu</em></strong></span> <span class='ocrx_word' id='word_1_475' title='bbox 586 5160 786 5229; x_wconf 92' lang='lat' dir='ltr'><strong><em>positos</em></strong></span> <span class='ocrx_word' id='word_1_476' title='bbox 808 5176 911 5216; x_wconf 92' lang='lat' dir='ltr'><strong><em>non</em></strong></span> <span class='ocrx_word' id='word_1_477' title='bbox 943 5162 1167 5232; x_wconf 86' lang='lat' dir='ltr'><strong><em>despicit</em></strong></span> <span class='ocrx_word' id='word_1_478' title='bbox 1199 5204 1213 5228; x_wconf 93' lang='lat'><strong><em>,</em></strong></span> <span class='ocrx_word' id='word_1_479' title='bbox 1247 5163 1340 5218; x_wconf 88' lang='lat' dir='ltr'><strong><em>sed</em></strong></span> <span class='ocrx_word' id='word_1_480' title='bbox 1378 5164 1733 5219; x_wconf 86' lang='lat' dir='ltr'><strong><em>vclamentum</em></strong></span> <span class='ocrx_word' id='word_1_481' title='bbox 1764 5166 1866 5220; x_wconf 89' lang='lat' dir='ltr'><strong><em>illis</em></strong></span> 
     </span>
    </p>
   </div>
   <div class='ocr_carea' id='block_1_58' title="bbox 286 5248 1865 5326">
    <p class='ocr_par' dir='ltr' id='par_1_58' title="bbox 286 5248 1865 5326">
     <span class='ocr_line' id='line_1_58' title="bbox 286 5248 1865 5326; baseline 0.007 -23"><span class='ocrx_word' id='word_1_482' title='bbox 286 5248 552 5318; x_wconf 77' lang='lat' dir='ltr'><strong><em>excogitat</em></strong></span> <span class='ocrx_word' id='word_1_483' title='bbox 584 5289 599 5314; x_wconf 87' lang='lat'><strong><em>,</em></strong></span> <span class='ocrx_word' id='word_1_484' title='bbox 631 5265 727 5319; x_wconf 90' lang='lat' dir='ltr'><strong>per</strong></span> <span class='ocrx_word' id='word_1_485' title='bbox 751 5262 951 5307; x_wconf 86' lang='lat' dir='ltr'><strong><em>vestem</em></strong></span> <span class='ocrx_word' id='word_1_486' title='bbox 994 5252 1154 5309; x_wconf 90' lang='lat' dir='ltr'><strong><em>vilent</em></strong></span> <span class='ocrx_word' id='word_1_487' title='bbox 1199 5254 1490 5311; x_wconf 86' lang='lat' dir='ltr'><strong><em>ostendens</em></strong></span> <span class='ocrx_word' id='word_1_488' title='bbox 1518 5257 1764 5326; x_wconf 88' lang='lat' dir='ltr'><strong><em>qualibus</em></strong></span> <span class='ocrx_word' id='word_1_489' title='bbox 1806 5273 1865 5314; x_wconf 90' lang='lat' dir='ltr'><strong><em>se</em></strong></span> 
     </span>
    </p>
   </div>
   <div class='ocr_carea' id='block_1_59' title="bbox 289 5336 1098 5411">
    <p class='ocr_par' dir='ltr' id='par_1_59' title="bbox 289 5336 1098 5411">
     <span class='ocr_line' id='line_1_59' title="bbox 289 5336 1098 5411; baseline 0.01 -21"><span class='ocrx_word' id='word_1_490' title='bbox 289 5336 617 5395; x_wconf 84' lang='lat' dir='ltr'><strong><em>vestimentis</em></strong></span> <span class='ocrx_word' id='word_1_491' title='bbox 645 5340 832 5411; x_wconf 85' lang='lat' dir='ltr'><strong><em>dignos</em></strong></span> <span class='ocrx_word' id='word_1_492' title='bbox 858 5341 1098 5398; x_wconf 90' lang='lat' dir='ltr'><strong><em>fecerint.</em></strong></span> 
     </span>
    </p>
   </div>
   <div class='ocr_carea' id='block_1_60' title="bbox 352 5540 1453 5605">
    <p class='ocr_par' dir='ltr' id='par_1_60' title="bbox 352 5540 1453 5605">
     <span class='ocr_line' id='line_1_60' title="bbox 352 5540 1453 5605; baseline 0.005 -18"><span class='ocrx_word' id='word_1_493' title='bbox 352 5542 367 5605; x_wconf 56' lang='grc' dir='ltr'>ξ</span> <span class='ocrx_word' id='word_1_494' title='bbox 400 5546 611 5605; x_wconf 76' lang='lat' dir='ltr'><strong><em>Quatuor</em></strong></span> <span class='ocrx_word' id='word_1_495' title='bbox 633 5545 761 5605; x_wconf 62' lang='lat' dir='ltr'><strong><em>uss,</em></strong></span> <span class='ocrx_word' id='word_1_496' title='bbox 789 5540 980 5600; x_wconf 84' lang='lat' dir='ltr'><strong><em>decore.</em></strong></span> <span class='ocrx_word' id='word_1_497' title='bbox 1006 5556 1108 5605; x_wconf 84' lang='lat' dir='ltr'><strong><em>pro,</em></strong></span> <span class='ocrx_word' id='word_1_498' title='bbox 1133 5542 1254 5594; x_wconf 85' lang='lat' dir='ltr'><strong><em>bona</em></strong></span> <span class='ocrx_word' id='word_1_499' title='bbox 1276 5543 1453 5597; x_wconf 80' lang='lat' dir='ltr'><strong><em>indole.</em></strong></span> 
     </span>
    </p>
   </div>
   <div class='ocr_carea' id='block_1_61' title="bbox 349 5600 1866 5669">
    <p class='ocr_par' dir='ltr' id='par_1_61' title="bbox 349 5600 1866 5669">
     <span class='ocr_line' id='line_1_61' title="bbox 349 5600 1866 5669; baseline 0.007 -21"><span class='ocrx_word' id='word_1_500' title='bbox 349 5604 371 5634; x_wconf 66' lang='grc' dir='ltr'><strong>ε</strong></span> <span class='ocrx_word' id='word_1_501' title='bbox 400 5600 563 5663; x_wconf 74' lang='lat' dir='ltr'><strong><em>Savil.,</em></strong></span> <span class='ocrx_word' id='word_1_502' title='bbox 588 5600 877 5669; x_wconf 69' lang='lat' dir='ltr'><strong><em>multumque</em></strong></span> <span class='ocrx_word' id='word_1_503' title='bbox 899 5600 1018 5669; x_wconf 53' lang='grc' dir='ltr'><strong><em>είς]ίὶ</em></strong></span> <span class='ocrx_word' id='word_1_504' title='bbox 1038 5600 1142 5653; x_wconf 74' lang='lat' dir='ltr'><strong><em>illas</em></strong></span> <span class='ocrx_word' id='word_1_505' title='bbox 1164 5606 1377 5669; x_wconf 61' lang='lat' dir='ltr'><strong><em>exhibuit</em></strong></span> <span class='ocrx_word' id='word_1_506' title='bbox 1400 5608 1767 5669; x_wconf 76' lang='lat' dir='ltr'><strong><em>miserationem,</em></strong></span> <span class='ocrx_word' id='word_1_507' title='bbox 1804 5607 1866 5659; x_wconf 82' lang='lat' dir='ltr'><strong><em>ri-</em></strong></span> 
     </span>
    </p>
   </div>
   <div class='ocr_carea' id='block_1_62' title="bbox 288 5663 1863 5735">
    <p class='ocr_par' dir='ltr' id='par_1_62' title="bbox 288 5663 1863 5735">
     <span class='ocr_line' id='line_1_62' title="bbox 288 5663 1863 5735; baseline 0.007 -24"><span class='ocrx_word' id='word_1_508' title='bbox 288 5663 402 5735; x_wconf 74' lang='lat' dir='ltr'><strong><em>dens</em></strong></span> <span class='ocrx_word' id='word_1_509' title='bbox 427 5676 598 5735; x_wconf 60' lang='lat' dir='ltr'><strong><em>magno</em></strong></span> <span class='ocrx_word' id='word_1_510' title='bbox 634 5663 820 5735; x_wconf 71' lang='lat' dir='ltr'><strong><em>pudore</em></strong></span> <span class='ocrx_word' id='word_1_511' title='bbox 840 5663 1065 5735; x_wconf 33' lang='lat' dir='ltr'><strong><em>sationes!</em></strong></span> <span class='ocrx_word' id='word_1_512' title='bbox 1084 5666 1362 5731; x_wconf 79' lang='lat' dir='ltr'><strong><em>consiliique</em></strong></span> <span class='ocrx_word' id='word_1_513' title='bbox 1384 5681 1562 5734; x_wconf 82' lang='lat' dir='ltr'><strong><em>mopes.</em></strong></span> <span class='ocrx_word' id='word_1_514' title='bbox 1587 5672 1717 5720; x_wconf 81' lang='lat' dir='ltr'><strong><em>Tales</em></strong></span> <span class='ocrx_word' id='word_1_515' title='bbox 1738 5663 1863 5722; x_wconf 70' lang='lat' dir='ltr'><strong><em>enim</em></strong></span> 
     </span>
    </p>
   </div>
   <div class='ocr_carea' id='block_1_63' title="bbox 287 5729 1111 5790">
    <p class='ocr_par' dir='ltr' id='par_1_63' title="bbox 287 5729 1111 5790">
     <span class='ocr_line' id='line_1_63' title="bbox 287 5729 1111 5790; baseline 0.006 -19"><span class='ocrx_word' id='word_1_516' title='bbox 287 5730 409 5778; x_wconf 72' lang='lat' dir='ltr'><strong><em>situt.</em></strong></span> <span class='ocrx_word' id='word_1_517' title='bbox 437 5734 554 5786; x_wconf 87' lang='lat' dir='ltr'><strong><em>etc.,</em></strong></span> <span class='ocrx_word' id='word_1_518' title='bbox 578 5732 769 5780; x_wconf 77' lang='lat' dir='ltr'><strong><em>omissis</em></strong></span> <span class='ocrx_word' id='word_1_519' title='bbox 792 5729 1111 5790; x_wconf 82' lang='lat' dir='ltr'><strong><em>interpositis.</em></strong></span> 
     </span>
    </p>
   </div>
   <div class='ocr_carea' id='block_1_64' title="bbox 1990 593 3599 669">
    <p class='ocr_par' dir='ltr' id='par_1_64' title="bbox 1990 593 3599 669">
     <span class='ocr_line' id='line_1_64' title="bbox 1990 593 3599 669; baseline 0.005 -22"><span class='ocrx_word' id='word_1_520' title='bbox 1990 594 2110 659; x_wconf 81' lang='lat' dir='ltr'><strong><em>fecit</em></strong></span> <span class='ocrx_word' id='word_1_521' title='bbox 2137 594 2386 649; x_wconf 85' lang='lat' dir='ltr'><strong><em>Dominus</em></strong></span> <span class='ocrx_word' id='word_1_522' title='bbox 2412 593 2550 649; x_wconf 87' lang='lat' dir='ltr'><strong><em>Deus</em></strong></span> <span class='ocrx_word' id='word_1_523' title='bbox 2571 594 2696 651; x_wconf 72' lang='lat' dir='ltr'><strong><em>Ade:</em></strong></span> <span class='ocrx_word' id='word_1_524' title='bbox 2727 605 2773 652; x_wconf 89' lang='lat' dir='ltr'><strong><em>et</em></strong></span> <span class='ocrx_word' id='word_1_525' title='bbox 2804 597 2951 650; x_wconf 72' lang='lat' dir='ltr'><strong><em>uxori</em></strong></span> <span class='ocrx_word' id='word_1_526' title='bbox 2968 596 3105 652; x_wconf 89' lang='lat' dir='ltr'><strong><em>illius</em></strong></span> <span class='ocrx_word' id='word_1_527' title='bbox 3125 607 3282 654; x_wconf 78' lang='lat' dir='ltr'><strong><em>uestes</em></strong></span> <span class='ocrx_word' id='word_1_528' title='bbox 3306 599 3565 669; x_wconf 83' lang='lat' dir='ltr'><strong><em>pelliceas,</em></strong></span> <span class='ocrx_word' id='word_1_529' title='bbox 3598 652 3599 655; x_wconf 44' lang='grc' dir='ltr'><strong>η</strong></span> 
     </span>
    </p>
   </div>
   <div class='ocr_carea' id='block_1_65' title="bbox 1987 684 3573 759">
    <p class='ocr_par' dir='ltr' id='par_1_65' title="bbox 1987 684 3573 759">
     <span class='ocr_line' id='line_1_65' title="bbox 1987 684 3573 759; baseline 0.004 -20"><span class='ocrx_word' id='word_1_530' title='bbox 1987 694 2035 739; x_wconf 91' lang='lat' dir='ltr'><strong><em>et</em></strong></span> <span class='ocrx_word' id='word_1_531' title='bbox 2075 685 2240 739; x_wconf 85' lang='lat' dir='ltr'><strong><em>induit</em></strong></span> <span class='ocrx_word' id='word_1_532' title='bbox 2288 684 2423 740; x_wconf 89' lang='lat' dir='ltr'><strong><em>illos.</em></strong></span> <span class='ocrx_word' id='word_1_533' title='bbox 2477 686 2631 754; x_wconf 90' lang='lat' dir='ltr'><strong><em>Vide,</em></strong></span> <span class='ocrx_word' id='word_1_534' title='bbox 2653 703 2853 757; x_wconf 72' lang='lat' dir='ltr'><strong><em>quaeso,</em></strong></span> <span class='ocrx_word' id='word_1_535' title='bbox 2894 698 3145 759; x_wconf 89' lang='lat' dir='ltr'><strong><em>quantam</em></strong></span> <span class='ocrx_word' id='word_1_536' title='bbox 3176 692 3441 746; x_wconf 87' lang='lat' dir='ltr'><strong><em>sermonis</em></strong></span> <span class='ocrx_word' id='word_1_537' title='bbox 3471 694 3573 747; x_wconf 83' lang='lat' dir='ltr'><strong><em>hu-</em></strong></span> 
     </span>
    </p>
   </div>
   <div class='ocr_carea' id='block_1_66' title="bbox 1988 777 3571 852">
    <p class='ocr_par' dir='ltr' id='par_1_66' title="bbox 1988 777 3571 852">
     <span class='ocr_line' id='line_1_66' title="bbox 1988 777 3571 852; baseline 0.008 -24"><span class='ocrx_word' id='word_1_538' title='bbox 1988 777 2264 833; x_wconf 77' lang='lat' dir='ltr'><strong><em>nzilitatem</em></strong></span> <span class='ocrx_word' id='word_1_539' title='bbox 2327 778 2483 834; x_wconf 88' lang='lat' dir='ltr'><strong><em>nobis</em></strong></span> <span class='ocrx_word' id='word_1_540' title='bbox 2531 789 2850 851; x_wconf 86' lang='lat' dir='ltr'><strong><em>attemperat</em></strong></span> <span class='ocrx_word' id='word_1_541' title='bbox 2897 780 3074 837; x_wconf 90' lang='lat' dir='ltr'><strong><em>divina</em></strong></span> <span class='ocrx_word' id='word_1_542' title='bbox 3130 783 3424 852; x_wconf 86' lang='lat' dir='ltr'><strong><em>Scriptura.</em></strong></span> <span class='ocrx_word' id='word_1_543' title='bbox 3465 784 3571 842; x_wconf 88' lang='lat' dir='ltr'><strong><em>Sed</em></strong></span> 
     </span>
    </p>
   </div>
   <div class='ocr_carea' id='block_1_67' title="bbox 1983 866 3568 947">
    <p class='ocr_par' dir='ltr' id='par_1_67' title="bbox 1983 866 3568 947">
     <span class='ocr_line' id='line_1_67' title="bbox 1983 866 3568 947; baseline 0.007 -25"><span class='ocrx_word' id='word_1_544' title='bbox 1983 866 2126 938; x_wconf 85' lang='lat' dir='ltr'><strong><em>quod</em></strong></span> <span class='ocrx_word' id='word_1_545' title='bbox 2149 884 2292 938; x_wconf 70' lang='lat' dir='ltr'><strong><em>sarpe</em></strong></span> <span class='ocrx_word' id='word_1_546' title='bbox 2322 869 2453 936; x_wconf 79' lang='lat' dir='ltr'><strong><em>dixi,</em></strong></span> <span class='ocrx_word' id='word_1_547' title='bbox 2488 870 2539 925; x_wconf 93' lang='lat' dir='ltr'><strong><em>id</em></strong></span> <span class='ocrx_word' id='word_1_548' title='bbox 2568 881 2623 926; x_wconf 91' lang='lat' dir='ltr'><strong><em>et</em></strong></span> <span class='ocrx_word' id='word_1_549' title='bbox 2649 887 2791 927; x_wconf 89' lang='lat' dir='ltr'><strong><em>nunc</em></strong></span> <span class='ocrx_word' id='word_1_550' title='bbox 2810 872 2931 929; x_wconf 88' lang='lat' dir='ltr'><strong><em>dico</em></strong></span> <span class='ocrx_word' id='word_1_551' title='bbox 2960 890 2972 925; x_wconf 93' lang='lat'><strong>:</strong></span> <span class='ocrx_word' id='word_1_552' title='bbox 2996 876 3176 929; x_wconf 90' lang='lat' dir='ltr'><strong><em>omnia</em></strong></span> <span class='ocrx_word' id='word_1_553' title='bbox 3204 877 3274 930; x_wconf 82' lang='lat' dir='ltr'><strong><em>ita</em></strong></span> <span class='ocrx_word' id='word_1_554' title='bbox 3302 877 3568 947; x_wconf 83' lang='lat' dir='ltr'><strong><em>intelliga-</em></strong></span> 
     </span>
    </p>
   </div>
   <div class='ocr_carea' id='block_1_68' title="bbox 1986 960 3569 1037">
    <p class='ocr_par' dir='ltr' id='par_1_68' title="bbox 1986 960 3569 1037">
     <span class='ocr_line' id='line_1_68' title="bbox 1986 960 3569 1037; baseline 0.007 -23"><span class='ocrx_word' id='word_1_555' title='bbox 1986 976 2105 1015; x_wconf 90' lang='lat' dir='ltr'><strong><em>mus</em></strong></span> <span class='ocrx_word' id='word_1_556' title='bbox 2136 1001 2150 1024; x_wconf 88' lang='lat'><strong><em>.</em></strong></span> <span class='ocrx_word' id='word_1_557' title='bbox 2179 960 2317 1016; x_wconf 89' lang='lat' dir='ltr'><strong><em>sicut</em></strong></span> <span class='ocrx_word' id='word_1_558' title='bbox 2357 978 2454 1031; x_wconf 87' lang='lat' dir='ltr'><strong><em>par</em></strong></span> <span class='ocrx_word' id='word_1_559' title='bbox 2495 972 2578 1019; x_wconf 91' lang='lat' dir='ltr'><strong><em>cst</em></strong></span> <span class='ocrx_word' id='word_1_560' title='bbox 2605 963 2672 1018; x_wconf 89' lang='lat' dir='ltr'><strong><em>de</em></strong></span> <span class='ocrx_word' id='word_1_561' title='bbox 2717 964 2828 1026; x_wconf 81' lang='lat' dir='ltr'><strong><em>Deo</em></strong></span> <span class='ocrx_word' id='word_1_562' title='bbox 2862 965 3106 1037; x_wconf 89' lang='lat' dir='ltr'><strong><em>intelligi.</em></strong></span> <span class='ocrx_word' id='word_1_563' title='bbox 3152 966 3385 1024; x_wconf 83' lang='lat' dir='ltr'><strong><em>Verbum</em></strong></span> <span class='ocrx_word' id='word_1_564' title='bbox 3425 968 3569 1025; x_wconf 78' lang='lat' dir='ltr'><strong><em>Fecit</em></strong></span> 
     </span>
    </p>
   </div>
   <div class='ocr_carea' id='block_1_69' title="bbox 1979 1051 3571 1125">
    <p class='ocr_par' dir='ltr' id='par_1_69' title="bbox 1979 1051 3571 1125">
     <span class='ocr_line' id='line_1_69' title="bbox 1979 1051 3571 1125; baseline 0.004 -17"><span class='ocrx_word' id='word_1_565' title='bbox 1979 1051 2165 1120; x_wconf 63' lang='lat' dir='ltr'><strong><em>Accipe</em></strong></span> <span class='ocrx_word' id='word_1_566' title='bbox 2210 1066 2307 1121; x_wconf 91' lang='lat' dir='ltr'><strong>pro</strong></span> <span class='ocrx_word' id='word_1_567' title='bbox 2352 1067 2418 1107; x_wconf 91' lang='lat' dir='ltr'><strong><em>eo</em></strong></span> <span class='ocrx_word' id='word_1_568' title='bbox 2442 1052 2583 1120; x_wconf 89' lang='lat' dir='ltr'><strong><em>quod</em></strong></span> <span class='ocrx_word' id='word_1_569' title='bbox 2610 1063 2696 1109; x_wconf 92' lang='lat' dir='ltr'><strong><em>est</em></strong></span> <span class='ocrx_word' id='word_1_570' title='bbox 2728 1095 2744 1118; x_wconf 90' lang='lat'><strong><em>,</em></strong></span> <span class='ocrx_word' id='word_1_571' title='bbox 2786 1056 3069 1125; x_wconf 86' lang='lat' dir='ltr'><strong><em>imperavit</em></strong></span> <span class='ocrx_word' id='word_1_572' title='bbox 3096 1066 3156 1112; x_wconf 92' lang='lat' dir='ltr'><strong><em>ut</em></strong></span> <span class='ocrx_word' id='word_1_573' title='bbox 3178 1066 3380 1113; x_wconf 88' lang='lat' dir='ltr'><strong><em>essent.</em></strong></span> <span class='ocrx_word' id='word_1_574' title='bbox 3403 1058 3571 1114; x_wconf 86' lang='lat' dir='ltr'><strong><em>Jussit</em></strong></span> 
     </span>
    </p>
   </div>
   <div class='ocr_carea' id='block_1_70' title="bbox 1977 1142 3567 1220">
    <p class='ocr_par' dir='ltr' id='par_1_70' title="bbox 1977 1142 3567 1220">
     <span class='ocr_line' id='line_1_70' title="bbox 1977 1142 3567 1220; baseline 0.007 -23"><span class='ocrx_word' id='word_1_575' title='bbox 1977 1142 2121 1197; x_wconf 84' lang='lat' dir='ltr'><strong><em>enim</em></strong></span> <span class='ocrx_word' id='word_1_576' title='bbox 2166 1144 2355 1200; x_wconf 85' lang='lat' dir='ltr'><strong><em>tunicis</em></strong></span> <span class='ocrx_word' id='word_1_577' title='bbox 2396 1144 2634 1214; x_wconf 83' lang='lat' dir='ltr'><strong><em>pelliceis</em></strong></span> <span class='ocrx_word' id='word_1_578' title='bbox 2675 1147 2858 1203; x_wconf 85' lang='lat' dir='ltr'><strong><em>vestiri</em></strong></span> <span class='ocrx_word' id='word_1_579' title='bbox 2898 1148 2951 1203; x_wconf 91' lang='lat' dir='ltr'><strong><em>itt</em></strong></span> <span class='ocrx_word' id='word_1_580' title='bbox 3000 1156 3309 1220; x_wconf 84' lang='lat' dir='ltr'><strong><em>perpetuam</em></strong></span> <span class='ocrx_word' id='word_1_581' title='bbox 3350 1151 3567 1207; x_wconf 78' lang='lat' dir='ltr'><strong><em>inobse-</em></strong></span> 
     </span>
    </p>
   </div>
   <div class='ocr_carea' id='block_1_71' title="bbox 1980 1233 2573 1303">
    <p class='ocr_par' dir='ltr' id='par_1_71' title="bbox 1980 1233 2573 1303">
     <span class='ocr_line' id='line_1_71' title="bbox 1980 1233 2573 1303; baseline 0.003 -17"><span class='ocrx_word' id='word_1_582' title='bbox 1980 1233 2211 1303; x_wconf 63' lang='lat' dir='ltr'><strong><em>quentiae</em></strong></span> <span class='ocrx_word' id='word_1_583' title='bbox 2238 1235 2573 1290; x_wconf 87' lang='lat' dir='ltr'><strong><em>memoriam.</em></strong></span> 
     </span>
    </p>
   </div>
   <div class='ocr_carea' id='block_1_72' title="bbox 2047 1325 3568 1400">
    <p class='ocr_par' dir='ltr' id='par_1_72' title="bbox 2047 1325 3568 1400">
     <span class='ocr_line' id='line_1_72' title="bbox 2047 1325 3568 1400; baseline 0.007 -22"><span class='ocrx_word' id='word_1_584' title='bbox 2047 1325 2099 1379; x_wconf 92' lang='lat'><strong><em>2.</em></strong></span> <span class='ocrx_word' id='word_1_585' title='bbox 2116 1327 2612 1398; x_wconf 77' lang='lat' dir='ltr'><strong><em>Audiantopulenti,</em></strong></span> <span class='ocrx_word' id='word_1_586' title='bbox 2628 1340 2683 1385; x_wconf 90' lang='lat' dir='ltr'><strong><em>et</em></strong></span> <span class='ocrx_word' id='word_1_587' title='bbox 2698 1330 2787 1400; x_wconf 91' lang='lat' dir='ltr'><strong><em>qui</em></strong></span> <span class='ocrx_word' id='word_1_588' title='bbox 2807 1330 3072 1386; x_wconf 79' lang='lat' dir='ltr'><strong><em>luxuriant</em></strong></span> <span class='ocrx_word' id='word_1_589' title='bbox 3095 1332 3147 1387; x_wconf 90' lang='lat' dir='ltr'><strong><em>itt</em></strong></span> <span class='ocrx_word' id='word_1_590' title='bbox 3166 1333 3424 1389; x_wconf 89' lang='lat' dir='ltr'><strong><em>vermium</em></strong></span> <span class='ocrx_word' id='word_1_591' title='bbox 3450 1344 3568 1389; x_wconf 71' lang='lat' dir='ltr'><strong><em>tex-</em></strong></span> 
     </span>
    </p>
   </div>
   <div class='ocr_carea' id='block_1_73' title="bbox 1981 1415 3566 1494">
    <p class='ocr_par' dir='ltr' id='par_1_73' title="bbox 1981 1415 3566 1494">
     <span class='ocr_line' id='line_1_73' title="bbox 1981 1415 3566 1494; baseline 0.006 -24"><span class='ocrx_word' id='word_1_592' title='bbox 1981 1415 2179 1485; x_wconf 87' lang='lat' dir='ltr'><strong><em>tilibus,</em></strong></span> <span class='ocrx_word' id='word_1_593' title='bbox 2200 1432 2263 1472; x_wconf 90' lang='lat' dir='ltr'><strong><em>ac</em></strong></span> <span class='ocrx_word' id='word_1_594' title='bbox 2290 1420 2587 1475; x_wconf 90' lang='lat' dir='ltr'><strong><em>vestiuntur</em></strong></span> <span class='ocrx_word' id='word_1_595' title='bbox 2614 1421 2798 1477; x_wconf 89' lang='lat' dir='ltr'><strong><em>sericis</em></strong></span> <span class='ocrx_word' id='word_1_596' title='bbox 2821 1462 2840 1489; x_wconf 92' lang='lat'><strong><em>,</em></strong></span> <span class='ocrx_word' id='word_1_597' title='bbox 2860 1421 3176 1493; x_wconf 88' lang='lat' dir='ltr'><strong><em>discantque</em></strong></span> <span class='ocrx_word' id='word_1_598' title='bbox 3201 1424 3472 1494; x_wconf 87' lang='lat' dir='ltr'><strong><em>quomodo</em></strong></span> <span class='ocrx_word' id='word_1_599' title='bbox 3495 1425 3566 1479; x_wconf 83' lang='lat' dir='ltr'><strong><em>ab</em></strong></span> 
     </span>
    </p>
   </div>
   <div class='ocr_carea' id='block_1_74' title="bbox 1981 1509 3564 1585">
    <p class='ocr_par' dir='ltr' id='par_1_74' title="bbox 1981 1509 3564 1585">
     <span class='ocr_line' id='line_1_74' title="bbox 1981 1509 3564 1585; baseline 0.004 -21"><span class='ocrx_word' id='word_1_600' title='bbox 1981 1509 2132 1566; x_wconf 88' lang='lat' dir='ltr'><strong><em>initio</em></strong></span> <span class='ocrx_word' id='word_1_601' title='bbox 2164 1510 2447 1567; x_wconf 87' lang='lat' dir='ltr'><strong><em>humanam</em></strong></span> <span class='ocrx_word' id='word_1_602' title='bbox 2473 1512 2674 1569; x_wconf 90' lang='lat' dir='ltr'><strong><em>docens</em></strong></span> <span class='ocrx_word' id='word_1_603' title='bbox 2693 1519 2939 1569; x_wconf 85' lang='lat' dir='ltr'><strong><em>naturam</em></strong></span> <span class='ocrx_word' id='word_1_604' title='bbox 2964 1513 3224 1585; x_wconf 89' lang='lat' dir='ltr'><strong><em>benignus</em></strong></span> <span class='ocrx_word' id='word_1_605' title='bbox 3267 1515 3525 1571; x_wconf 89' lang='lat' dir='ltr'><strong><em>Dominus</em></strong></span> <span class='ocrx_word' id='word_1_606' title='bbox 3550 1556 3564 1580; x_wconf 91' lang='lat'><strong><em>,</em></strong></span> 
     </span>
    </p>
   </div>
   <div class='ocr_carea' id='block_1_75' title="bbox 1978 1601 3563 1675">
    <p class='ocr_par' dir='ltr' id='par_1_75' title="bbox 1978 1601 3563 1675">
     <span class='ocr_line' id='line_1_75' title="bbox 1978 1601 3563 1675; baseline 0.004 -21"><span class='ocrx_word' id='word_1_607' title='bbox 1978 1601 2099 1671; x_wconf 89' lang='lat' dir='ltr'><strong><em>quia</em></strong></span> <span class='ocrx_word' id='word_1_608' title='bbox 2136 1610 2354 1672; x_wconf 89' lang='lat' dir='ltr'><strong><em>propter</em></strong></span> <span class='ocrx_word' id='word_1_609' title='bbox 2375 1604 2855 1675; x_wconf 87' lang='lat' dir='ltr'><strong><em>transgressionem</em></strong></span> <span class='ocrx_word' id='word_1_610' title='bbox 2884 1619 3056 1675; x_wconf 65' lang='lat' dir='ltr'><strong><em>paena:</em></strong></span> <span class='ocrx_word' id='word_1_611' title='bbox 3084 1605 3272 1660; x_wconf 89' lang='lat' dir='ltr'><strong><em>mortis</em></strong></span> <span class='ocrx_word' id='word_1_612' title='bbox 3298 1621 3420 1660; x_wconf 90' lang='lat' dir='ltr'><strong><em>reus</em></strong></span> <span class='ocrx_word' id='word_1_613' title='bbox 3449 1614 3563 1661; x_wconf 87' lang='lat' dir='ltr'><strong><em>erat</em></strong></span> 
     </span>
    </p>
   </div>
   <div class='ocr_carea' id='block_1_76' title="bbox 1980 1694 3569 1767">
    <p class='ocr_par' dir='ltr' id='par_1_76' title="bbox 1980 1694 3569 1767">
     <span class='ocr_line' id='line_1_76' title="bbox 1980 1694 3569 1767; baseline 0.002 -18"><span class='ocrx_word' id='word_1_614' title='bbox 1980 1694 2181 1765; x_wconf 90' lang='lat' dir='ltr'><strong><em>primus</em></strong></span> <span class='ocrx_word' id='word_1_615' title='bbox 2210 1695 2372 1750; x_wconf 91' lang='lat' dir='ltr'><strong><em>homo</em></strong></span> <span class='ocrx_word' id='word_1_616' title='bbox 2394 1736 2410 1763; x_wconf 94' lang='lat'><strong><em>,</em></strong></span> <span class='ocrx_word' id='word_1_617' title='bbox 2436 1710 2678 1767; x_wconf 90' lang='lat' dir='ltr'><strong><em>opusque</em></strong></span> <span class='ocrx_word' id='word_1_618' title='bbox 2705 1696 2934 1752; x_wconf 87' lang='lat' dir='ltr'><strong><em>habebat</em></strong></span> <span class='ocrx_word' id='word_1_619' title='bbox 2962 1704 3112 1752; x_wconf 87' lang='lat' dir='ltr'><strong><em>veste</em></strong></span> <span class='ocrx_word' id='word_1_620' title='bbox 3137 1712 3255 1767; x_wconf 72' lang='lat' dir='ltr'><strong><em>qua:</em></strong></span> <span class='ocrx_word' id='word_1_621' title='bbox 3298 1697 3569 1767; x_wconf 45' lang='lat' dir='ltr'><strong><em>pudorem.</em></strong></span> 
     </span>
    </p>
   </div>
   <div class='ocr_carea' id='block_1_77' title="bbox 1979 1785 3552 1857">
    <p class='ocr_par' dir='ltr' id='par_1_77' title="bbox 1979 1785 3552 1857">
     <span class='ocr_line' id='line_1_77' title="bbox 1979 1785 3552 1857; baseline 0.001 -17"><span class='ocrx_word' id='word_1_622' title='bbox 1979 1792 2214 1856; x_wconf 87' lang='lat' dir='ltr'><strong><em>tegeret,</em></strong></span> <span class='ocrx_word' id='word_1_623' title='bbox 2243 1786 2493 1856; x_wconf 89' lang='lat' dir='ltr'><strong><em>pelliceas</em></strong></span> <span class='ocrx_word' id='word_1_624' title='bbox 2536 1787 2633 1857; x_wconf 86' lang='lat' dir='ltr'><strong><em>ipsi</em></strong></span> <span class='ocrx_word' id='word_1_625' title='bbox 2657 1785 2789 1844; x_wconf 78' lang='lat' dir='ltr'><strong><em>fecit</em></strong></span> <span class='ocrx_word' id='word_1_626' title='bbox 2809 1795 2985 1843; x_wconf 84' lang='lat' dir='ltr'><strong><em>vestes</em></strong></span> <span class='ocrx_word' id='word_1_627' title='bbox 3016 1804 3030 1839; x_wconf 88' lang='lat'><strong>:</strong></span> <span class='ocrx_word' id='word_1_628' title='bbox 3063 1802 3170 1857; x_wconf 90' lang='lat' dir='ltr'><strong><em>quo</em></strong></span> <span class='ocrx_word' id='word_1_629' title='bbox 3206 1787 3388 1842; x_wconf 91' lang='lat' dir='ltr'><strong><em>docuit</em></strong></span> <span class='ocrx_word' id='word_1_630' title='bbox 3414 1803 3513 1843; x_wconf 89' lang='lat' dir='ltr'><strong><em>nos</em></strong></span> <span class='ocrx_word' id='word_1_631' title='bbox 3533 1827 3552 1854; x_wconf 90' lang='lat'><strong><em>,</em></strong></span> 
     </span>
    </p>
   </div>
   <div class='ocr_carea' id='block_1_78' title="bbox 1976 1877 3560 1951">
    <p class='ocr_par' dir='ltr' id='par_1_78' title="bbox 1976 1877 3560 1951">
     <span class='ocr_line' id='line_1_78' title="bbox 1976 1877 3560 1951; baseline 0.002 -20"><span class='ocrx_word' id='word_1_632' title='bbox 1976 1886 2036 1932; x_wconf 88' lang='lat' dir='ltr'><strong><em>ttt</em></strong></span> <span class='ocrx_word' id='word_1_633' title='bbox 2063 1877 2281 1934; x_wconf 87' lang='lat' dir='ltr'><strong><em>mollem</em></strong></span> <span class='ocrx_word' id='word_1_634' title='bbox 2303 1888 2357 1934; x_wconf 88' lang='lat' dir='ltr'><strong><em>et</em></strong></span> <span class='ocrx_word' id='word_1_635' title='bbox 2384 1878 2694 1935; x_wconf 70' lang='lat' dir='ltr'><strong><em>dissolutam</em></strong></span> <span class='ocrx_word' id='word_1_636' title='bbox 2713 1880 2874 1934; x_wconf 88' lang='lat' dir='ltr'><strong><em>vitam</em></strong></span> <span class='ocrx_word' id='word_1_637' title='bbox 2905 1877 3192 1951; x_wconf 81' lang='lat' dir='ltr'><strong><em>fugiamus,</em></strong></span> <span class='ocrx_word' id='word_1_638' title='bbox 3217 1894 3388 1950; x_wconf 89' lang='lat' dir='ltr'><strong><em>neque</em></strong></span> <span class='ocrx_word' id='word_1_639' title='bbox 3414 1880 3560 1935; x_wconf 85' lang='lat' dir='ltr'><strong><em>iner-</em></strong></span> 
     </span>
    </p>
   </div>
   <div class='ocr_carea' id='block_1_79' title="bbox 1979 1967 3564 2039">
    <p class='ocr_par' dir='ltr' id='par_1_79' title="bbox 1979 1967 3564 2039">
     <span class='ocr_line' id='line_1_79' title="bbox 1979 1967 3564 2039; baseline 0.002 -18"><span class='ocrx_word' id='word_1_640' title='bbox 1979 1976 2083 2022; x_wconf 88' lang='lat' dir='ltr'><strong><em>tem</em></strong></span> <span class='ocrx_word' id='word_1_641' title='bbox 2111 1975 2166 2022; x_wconf 89' lang='lat' dir='ltr'><strong><em>et</em></strong></span> <span class='ocrx_word' id='word_1_642' title='bbox 2189 1967 2467 2023; x_wconf 89' lang='lat' dir='ltr'><strong><em>remissam</em></strong></span> <span class='ocrx_word' id='word_1_643' title='bbox 2499 1978 2768 2025; x_wconf 90' lang='lat' dir='ltr'><strong><em>sectentur</em></strong></span> <span class='ocrx_word' id='word_1_644' title='bbox 2786 2011 2802 2034; x_wconf 85' lang='lat'><strong><em>,</em></strong></span> <span class='ocrx_word' id='word_1_645' title='bbox 2834 1969 2928 2024; x_wconf 90' lang='lat' dir='ltr'><strong><em>sed</em></strong></span> <span class='ocrx_word' id='word_1_646' title='bbox 2957 1970 3126 2039; x_wconf 86' lang='lat' dir='ltr'><strong><em>magis</em></strong></span> <span class='ocrx_word' id='word_1_647' title='bbox 3152 1978 3423 2027; x_wconf 83' lang='lat' dir='ltr'><strong><em>austeram</em></strong></span> <span class='ocrx_word' id='word_1_648' title='bbox 3446 1984 3564 2024; x_wconf 84' lang='lat' dir='ltr'><strong><em>am-</em></strong></span> 
     </span>
    </p>
   </div>
   <div class='ocr_carea' id='block_1_80' title="bbox 1976 2057 3566 2128">
    <p class='ocr_par' dir='ltr' id='par_1_80' title="bbox 1976 2057 3566 2128">
     <span class='ocr_line' id='line_1_80' title="bbox 1976 2057 3566 2128; baseline 0.001 -17"><span class='ocrx_word' id='word_1_649' title='bbox 1976 2057 2269 2127; x_wconf 77' lang='lat' dir='ltr'><strong><em>plexemur.</em></strong></span> <span class='ocrx_word' id='word_1_650' title='bbox 2301 2057 2407 2114; x_wconf 86' lang='lat' dir='ltr'><strong><em>Sed</em></strong></span> <span class='ocrx_word' id='word_1_651' title='bbox 2429 2057 2565 2113; x_wconf 89' lang='lat' dir='ltr'><strong><em>forte</em></strong></span> <span class='ocrx_word' id='word_1_652' title='bbox 2588 2060 2847 2128; x_wconf 86' lang='lat' dir='ltr'><strong><em>gravatim</em></strong></span> <span class='ocrx_word' id='word_1_653' title='bbox 2880 2057 3111 2114; x_wconf 85' lang='lat' dir='ltr'><strong><em>ferentes</em></strong></span> <span class='ocrx_word' id='word_1_654' title='bbox 3129 2059 3243 2113; x_wconf 64' lang='lat' dir='ltr'><strong><em>haec</em></strong></span> <span class='ocrx_word' id='word_1_655' title='bbox 3260 2059 3469 2126; x_wconf 88' lang='lat' dir='ltr'><strong><em>divites,</em></strong></span> <span class='ocrx_word' id='word_1_656' title='bbox 3485 2059 3566 2113; x_wconf 89' lang='lat' dir='ltr'><strong><em>di-</em></strong></span> 
     </span>
    </p>
   </div>
   <div class='ocr_carea' id='block_1_81' title="bbox 1975 2147 3555 2218">
    <p class='ocr_par' dir='ltr' id='par_1_81' title="bbox 1975 2147 3555 2218">
     <span class='ocr_line' id='line_1_81' title="bbox 1975 2147 3555 2218; baseline -0.001 -15"><span class='ocrx_word' id='word_1_657' title='bbox 1975 2159 2096 2205; x_wconf 88' lang='lat' dir='ltr'><strong><em>cent</em></strong></span> <span class='ocrx_word' id='word_1_658' title='bbox 2125 2166 2140 2202; x_wconf 90' lang='lat'><strong>:</strong></span> <span class='ocrx_word' id='word_1_659' title='bbox 2170 2149 2305 2216; x_wconf 86' lang='lat' dir='ltr'><strong><em>Quid</em></strong></span> <span class='ocrx_word' id='word_1_660' title='bbox 2331 2149 2522 2218; x_wconf 77' lang='lat' dir='ltr'><strong><em>igitur?</em></strong></span> <span class='ocrx_word' id='word_1_661' title='bbox 2545 2164 2615 2203; x_wconf 91' lang='lat' dir='ltr'><strong><em>an</em></strong></span> <span class='ocrx_word' id='word_1_662' title='bbox 2642 2149 2866 2217; x_wconf 86' lang='lat' dir='ltr'><strong><em>pellibus</em></strong></span> <span class='ocrx_word' id='word_1_663' title='bbox 2891 2149 3073 2204; x_wconf 88' lang='lat' dir='ltr'><strong><em>vestiri</em></strong></span> <span class='ocrx_word' id='word_1_664' title='bbox 3102 2163 3200 2202; x_wconf 90' lang='lat' dir='ltr'><strong><em>nos</em></strong></span> <span class='ocrx_word' id='word_1_665' title='bbox 3218 2148 3374 2218; x_wconf 89' lang='lat' dir='ltr'><strong><em>jubes</em></strong></span> <span class='ocrx_word' id='word_1_666' title='bbox 3392 2148 3417 2201; x_wconf 67' lang='grc' dir='ltr'><strong><em>’ἒ</em></strong></span> <span class='ocrx_word' id='word_1_667' title='bbox 3435 2147 3555 2203; x_wconf 83' lang='lat' dir='ltr'><strong><em>Non</em></strong></span> 
     </span>
    </p>
   </div>
   <div class='ocr_carea' id='block_1_82' title="bbox 1978 2238 3562 2309">
    <p class='ocr_par' dir='ltr' id='par_1_82' title="bbox 1978 2238 3562 2309">
     <span class='ocr_line' id='line_1_82' title="bbox 1978 2238 3562 2309; baseline 0 -16"><span class='ocrx_word' id='word_1_668' title='bbox 1978 2238 2082 2294; x_wconf 88' lang='lat' dir='ltr'><strong><em>hoc</em></strong></span> <span class='ocrx_word' id='word_1_669' title='bbox 2103 2238 2226 2294; x_wconf 90' lang='lat' dir='ltr'><strong><em>dico</em></strong></span> <span class='ocrx_word' id='word_1_670' title='bbox 2257 2256 2272 2294; x_wconf 87' lang='lat'><strong>:</strong></span> <span class='ocrx_word' id='word_1_671' title='bbox 2304 2254 2428 2294; x_wconf 89' lang='lat' dir='ltr'><strong><em>nam</em></strong></span> <span class='ocrx_word' id='word_1_672' title='bbox 2457 2254 2633 2309; x_wconf 88' lang='lat' dir='ltr'><strong><em>neque</em></strong></span> <span class='ocrx_word' id='word_1_673' title='bbox 2676 2238 2750 2293; x_wconf 91' lang='lat' dir='ltr'><strong><em>illi</em></strong></span> <span class='ocrx_word' id='word_1_674' title='bbox 2798 2248 3058 2309; x_wconf 89' lang='lat' dir='ltr'><strong><em>perpetuo</em></strong></span> <span class='ocrx_word' id='word_1_675' title='bbox 3100 2238 3183 2293; x_wconf 91' lang='lat' dir='ltr'><strong><em>usi</em></strong></span> <span class='ocrx_word' id='word_1_676' title='bbox 3227 2238 3440 2294; x_wconf 87' lang='lat' dir='ltr'><strong><em>fuerunt</em></strong></span> <span class='ocrx_word' id='word_1_677' title='bbox 3480 2238 3562 2293; x_wconf 91' lang='lat' dir='ltr'><strong><em>his</em></strong></span> 
     </span>
    </p>
   </div>
   <div class='ocr_carea' id='block_1_83' title="bbox 1977 2330 3569 2403">
    <p class='ocr_par' dir='ltr' id='par_1_83' title="bbox 1977 2330 3569 2403">
     <span class='ocr_line' id='line_1_83' title="bbox 1977 2330 3569 2403; baseline -0.003 -14"><span class='ocrx_word' id='word_1_678' title='bbox 1977 2330 2249 2397; x_wconf 85' lang='lat' dir='ltr'><strong><em>vestibus;</em></strong></span> <span class='ocrx_word' id='word_1_679' title='bbox 2275 2331 2540 2402; x_wconf 86' lang='lat' dir='ltr'><strong><em>benignus</em></strong></span> <span class='ocrx_word' id='word_1_680' title='bbox 2569 2333 2713 2388; x_wconf 89' lang='lat' dir='ltr'><strong><em>enim</em></strong></span> <span class='ocrx_word' id='word_1_681' title='bbox 2761 2332 3018 2389; x_wconf 86' lang='lat' dir='ltr'><strong><em>Dominus</em></strong></span> <span class='ocrx_word' id='word_1_682' title='bbox 3058 2333 3326 2403; x_wconf 88' lang='lat' dir='ltr'><strong><em>prioribus</em></strong></span> <span class='ocrx_word' id='word_1_683' title='bbox 3349 2347 3569 2403; x_wconf 83' lang='lat' dir='ltr'><strong><em>semper</em></strong></span> 
     </span>
    </p>
   </div>
   <div class='ocr_carea' id='block_1_84' title="bbox 1977 2423 3562 2495">
    <p class='ocr_par' dir='ltr' id='par_1_84' title="bbox 1977 2423 3562 2495">
     <span class='ocr_line' id='line_1_84' title="bbox 1977 2423 3562 2495; baseline -0.001 -16"><span class='ocrx_word' id='word_1_684' title='bbox 1977 2423 2252 2480; x_wconf 87' lang='lat' dir='ltr'><strong><em>beneficiis</em></strong></span> <span class='ocrx_word' id='word_1_685' title='bbox 2279 2427 2579 2481; x_wconf 89' lang='lat' dir='ltr'><strong><em>recentiora</em></strong></span> <span class='ocrx_word' id='word_1_686' title='bbox 2600 2424 2845 2495; x_wconf 62' lang='lat' dir='ltr'><strong><em>quaedam</em></strong></span> <span class='ocrx_word' id='word_1_687' title='bbox 2879 2426 3207 2495; x_wconf 84' lang='lat' dir='ltr'><strong><em>superaddit.</em></strong></span> <span class='ocrx_word' id='word_1_688' title='bbox 3238 2425 3370 2480; x_wconf 84' lang='lat' dir='ltr'><strong><em>Nam</em></strong></span> <span class='ocrx_word' id='word_1_689' title='bbox 3412 2434 3562 2495; x_wconf 83' lang='lat' dir='ltr'><strong><em>post-</em></strong></span> 
     </span>
    </p>
   </div>
   <div class='ocr_carea' id='block_1_85' title="bbox 1976 2514 3559 2586">
    <p class='ocr_par' dir='ltr' id='par_1_85' title="bbox 1976 2514 3559 2586">
     <span class='ocr_line' id='line_1_85' title="bbox 1976 2514 3559 2586; baseline 0 -18"><span class='ocrx_word' id='word_1_690' title='bbox 1976 2528 2133 2584; x_wconf 86' lang='lat' dir='ltr'><strong><em>quam</em></strong></span> <span class='ocrx_word' id='word_1_691' title='bbox 2150 2528 2271 2571; x_wconf 82' lang='lat' dir='ltr'><strong><em>sese</em></strong></span> <span class='ocrx_word' id='word_1_692' title='bbox 2286 2516 2655 2586; x_wconf 88' lang='lat' dir='ltr'><strong><em>corporalibus</em></strong></span> <span class='ocrx_word' id='word_1_693' title='bbox 2668 2516 3070 2572; x_wconf 85' lang='lat' dir='ltr'><strong><em>necessitatibus</em></strong></span> <span class='ocrx_word' id='word_1_694' title='bbox 3086 2516 3346 2571; x_wconf 81' lang='lat' dir='ltr'><strong><em>obnoxios</em></strong></span> <span class='ocrx_word' id='word_1_695' title='bbox 3362 2514 3559 2581; x_wconf 87' lang='lat' dir='ltr'><strong><em>fecere,</em></strong></span> 
     </span>
    </p>
   </div>
   <div class='ocr_carea' id='block_1_86' title="bbox 1976 2605 3558 2676">
    <p class='ocr_par' dir='ltr' id='par_1_86' title="bbox 1976 2605 3558 2676">
     <span class='ocr_line' id='line_1_86' title="bbox 1976 2605 3558 2676; baseline 0 -17"><span class='ocrx_word' id='word_1_696' title='bbox 1976 2614 2032 2660; x_wconf 89' lang='lat' dir='ltr'><strong><em>et</em></strong></span> <span class='ocrx_word' id='word_1_697' title='bbox 2057 2620 2088 2659; x_wconf 89' lang='lat' dir='ltr'><strong><em>a</em></strong></span> <span class='ocrx_word' id='word_1_698' title='bbox 2112 2605 2297 2662; x_wconf 85' lang='lat' dir='ltr'><strong><em>dolore</em></strong></span> <span class='ocrx_word' id='word_1_699' title='bbox 2326 2621 2489 2663; x_wconf 86' lang='lat' dir='ltr'><strong><em>vacua</em></strong></span> <span class='ocrx_word' id='word_1_700' title='bbox 2516 2614 2573 2662; x_wconf 91' lang='lat' dir='ltr'><strong><em>et</em></strong></span> <span class='ocrx_word' id='word_1_701' title='bbox 2590 2607 2828 2676; x_wconf 88' lang='lat' dir='ltr'><strong><em>angelica</em></strong></span> <span class='ocrx_word' id='word_1_702' title='bbox 2852 2607 2958 2662; x_wconf 88' lang='lat' dir='ltr'><strong><em>vita</em></strong></span> <span class='ocrx_word' id='word_1_703' title='bbox 2979 2606 3312 2670; x_wconf 75' lang='lat' dir='ltr'><strong><em>exciderunt,</em></strong></span> <span class='ocrx_word' id='word_1_704' title='bbox 3338 2605 3558 2675; x_wconf 86' lang='lat' dir='ltr'><strong><em>dispen-</em></strong></span> 
     </span>
    </p>
   </div>
   <div class='ocr_carea' id='block_1_87' title="bbox 1976 2684 3565 2763">
    <p class='ocr_par' dir='ltr' id='par_1_87' title="bbox 1976 2684 3565 2763">
     <span class='ocr_line' id='line_1_87' title="bbox 1976 2684 3565 2763; baseline -0.001 -10"><span class='ocrx_word' id='word_1_705' title='bbox 1976 2698 2115 2753; x_wconf 78' lang='lat' dir='ltr'><strong><em>savit</em></strong></span> <span class='ocrx_word' id='word_1_706' title='bbox 2163 2684 2344 2763; x_wconf 64' lang='lat' dir='ltr'><strong><em>Deus&#39;;</em></strong></span> <span class='ocrx_word' id='word_1_707' title='bbox 2378 2707 2436 2753; x_wconf 90' lang='lat' dir='ltr'><strong><em>ut</em></strong></span> <span class='ocrx_word' id='word_1_708' title='bbox 2462 2714 2529 2754; x_wconf 82' lang='lat' dir='ltr'><strong><em>ex</em></strong></span> <span class='ocrx_word' id='word_1_709' title='bbox 2575 2698 2753 2754; x_wconf 89' lang='lat' dir='ltr'><strong><em>ovium</em></strong></span> <span class='ocrx_word' id='word_1_710' title='bbox 2796 2698 3084 2754; x_wconf 87' lang='lat' dir='ltr'><strong><em>velleribus</em></strong></span> <span class='ocrx_word' id='word_1_711' title='bbox 3124 2698 3371 2753; x_wconf 80' lang='lat' dir='ltr'><strong><em>homines</em></strong></span> <span class='ocrx_word' id='word_1_712' title='bbox 3415 2697 3565 2752; x_wconf 90' lang='lat' dir='ltr'><strong><em>indu-</em></strong></span> 
     </span>
    </p>
   </div>
   <div class='ocr_carea' id='block_1_88' title="bbox 1926 2773 3558 2859">
    <p class='ocr_par' dir='ltr' id='par_1_88' title="bbox 1926 2773 3558 2859">
     <span class='ocr_line' id='line_1_88' title="bbox 1926 2773 3558 2859; baseline 0.001 -18"><span class='ocrx_word' id='word_1_713' title='bbox 1926 2773 1936 2784; x_wconf 80' lang='grc'><em>’</em></span> <span class='ocrx_word' id='word_1_714' title='bbox 1977 2796 2155 2845; x_wconf 88' lang='lat' dir='ltr'><strong><em>menta</em></strong></span> <span class='ocrx_word' id='word_1_715' title='bbox 2182 2788 2283 2844; x_wconf 87' lang='lat' dir='ltr'><strong><em>sibi</em></strong></span> <span class='ocrx_word' id='word_1_716' title='bbox 2315 2796 2585 2858; x_wconf 87' lang='lat' dir='ltr'><strong><em>pararent,</em></strong></span> <span class='ocrx_word' id='word_1_717' title='bbox 2615 2804 2721 2845; x_wconf 89' lang='lat' dir='ltr'><strong><em>non</em></strong></span> <span class='ocrx_word' id='word_1_718' title='bbox 2747 2789 2852 2844; x_wconf 85' lang='lat' dir='ltr'><strong><em>alia</em></strong></span> <span class='ocrx_word' id='word_1_719' title='bbox 2892 2789 2961 2845; x_wconf 92' lang='lat' dir='ltr'><strong><em>de</em></strong></span> <span class='ocrx_word' id='word_1_720' title='bbox 2988 2803 3146 2845; x_wconf 88' lang='lat' dir='ltr'><strong><em>causa</em></strong></span> <span class='ocrx_word' id='word_1_721' title='bbox 3167 2829 3184 2856; x_wconf 96' lang='lat'><strong><em>,</em></strong></span> <span class='ocrx_word' id='word_1_722' title='bbox 3209 2804 3369 2859; x_wconf 84' lang='lat' dir='ltr'><strong><em>quam</em></strong></span> <span class='ocrx_word' id='word_1_723' title='bbox 3400 2798 3457 2843; x_wconf 88' lang='lat' dir='ltr'><strong><em>ut</em></strong></span> <span class='ocrx_word' id='word_1_724' title='bbox 3480 2797 3558 2844; x_wconf 84' lang='lat' dir='ltr'><strong><em>te-</em></strong></span> 
     </span>
    </p>
   </div>
   <div class='ocr_carea' id='block_1_89' title="bbox 1975 2882 3559 2952">
    <p class='ocr_par' dir='ltr' id='par_1_89' title="bbox 1975 2882 3559 2952">
     <span class='ocr_line' id='line_1_89' title="bbox 1975 2882 3559 2952; baseline 0.001 -18"><span class='ocrx_word' id='word_1_725' title='bbox 1975 2889 2282 2952; x_wconf 88' lang='lat' dir='ltr'><strong><em>gumentum</em></strong></span> <span class='ocrx_word' id='word_1_726' title='bbox 2314 2882 2546 2937; x_wconf 84' lang='lat' dir='ltr'><strong><em>habeant</em></strong></span> <span class='ocrx_word' id='word_1_727' title='bbox 2570 2922 2584 2945; x_wconf 90' lang='lat'><strong><em>,</em></strong></span> <span class='ocrx_word' id='word_1_728' title='bbox 2616 2890 2671 2937; x_wconf 91' lang='lat' dir='ltr'><strong><em>et</em></strong></span> <span class='ocrx_word' id='word_1_729' title='bbox 2697 2898 2765 2938; x_wconf 92' lang='lat' dir='ltr'><strong><em>ne</em></strong></span> <span class='ocrx_word' id='word_1_730' title='bbox 2794 2882 3053 2937; x_wconf 89' lang='lat' dir='ltr'><strong><em>rationale</em></strong></span> <span class='ocrx_word' id='word_1_731' title='bbox 3080 2882 3278 2937; x_wconf 88' lang='lat' dir='ltr'><strong><em>animal</em></strong></span> <span class='ocrx_word' id='word_1_732' title='bbox 3320 2882 3422 2937; x_wconf 91' lang='lat' dir='ltr'><strong><em>hoc</em></strong></span> <span class='ocrx_word' id='word_1_733' title='bbox 3449 2896 3559 2937; x_wconf 86' lang='lat' dir='ltr'><strong><em>non</em></strong></span> 
     </span>
    </p>
   </div>
   <div class='ocr_carea' id='block_1_90' title="bbox 1975 2973 3557 3044">
    <p class='ocr_par' dir='ltr' id='par_1_90' title="bbox 1975 2973 3557 3044">
     <span class='ocr_line' id='line_1_90' title="bbox 1975 2973 3557 3044; baseline 0 -17"><span class='ocrx_word' id='word_1_734' title='bbox 1975 2987 2131 3027; x_wconf 88' lang='lat' dir='ltr'><strong><em>secus</em></strong></span> <span class='ocrx_word' id='word_1_735' title='bbox 2157 2986 2223 3028; x_wconf 86' lang='lat' dir='ltr'><strong><em>ac</em></strong></span> <span class='ocrx_word' id='word_1_736' title='bbox 2246 2973 2400 3028; x_wconf 85' lang='lat' dir='ltr'><strong><em>bruta</em></strong></span> <span class='ocrx_word' id='word_1_737' title='bbox 2441 2973 2493 3027; x_wconf 92' lang='lat' dir='ltr'><strong><em>in</em></strong></span> <span class='ocrx_word' id='word_1_738' title='bbox 2523 2973 2766 3029; x_wconf 89' lang='lat' dir='ltr'><strong><em>nuditate</em></strong></span> <span class='ocrx_word' id='word_1_739' title='bbox 2789 2982 2845 3028; x_wconf 89' lang='lat' dir='ltr'><strong><em>et</em></strong></span> <span class='ocrx_word' id='word_1_740' title='bbox 2881 2973 3151 3029; x_wconf 86' lang='lat' dir='ltr'><strong><em>dedecore</em></strong></span> <span class='ocrx_word' id='word_1_741' title='bbox 3187 2974 3348 3029; x_wconf 86' lang='lat' dir='ltr'><strong><em>vitam</em></strong></span> <span class='ocrx_word' id='word_1_742' title='bbox 3379 2974 3557 3044; x_wconf 87' lang='lat' dir='ltr'><strong><em>degat.</em></strong></span> 
     </span>
    </p>
   </div>
   <div class='ocr_carea' id='block_1_91' title="bbox 1974 3061 3555 3133">
    <p class='ocr_par' dir='ltr' id='par_1_91' title="bbox 1974 3061 3555 3133">
     <span class='ocr_line' id='line_1_91' title="bbox 1974 3061 3555 3133; baseline -0.001 -14"><span class='ocrx_word' id='word_1_743' title='bbox 1974 3061 2156 3133; x_wconf 85' lang='lat' dir='ltr'><strong><em>Itaque</em></strong></span> <span class='ocrx_word' id='word_1_744' title='bbox 2192 3063 2420 3117; x_wconf 82' lang='lat' dir='ltr'><strong><em>vestium</em></strong></span> <span class='ocrx_word' id='word_1_745' title='bbox 2463 3062 2689 3133; x_wconf 85' lang='lat' dir='ltr'><strong><em>amictus</em></strong></span> <span class='ocrx_word' id='word_1_746' title='bbox 2716 3063 3027 3119; x_wconf 86' lang='lat' dir='ltr'><strong><em>continuum</em></strong></span> <span class='ocrx_word' id='word_1_747' title='bbox 3077 3063 3231 3119; x_wconf 89' lang='lat' dir='ltr'><strong><em>nobis</em></strong></span> <span class='ocrx_word' id='word_1_748' title='bbox 3277 3064 3347 3117; x_wconf 92' lang='lat' dir='ltr'><strong><em>sit</em></strong></span> <span class='ocrx_word' id='word_1_749' title='bbox 3388 3064 3555 3119; x_wconf 83' lang='lat' dir='ltr'><strong><em>moni-</em></strong></span> 
     </span>
    </p>
   </div>
   <div class='ocr_carea' id='block_1_92' title="bbox 1975 3153 3561 3224">
    <p class='ocr_par' dir='ltr' id='par_1_92' title="bbox 1975 3153 3561 3224">
     <span class='ocr_line' id='line_1_92' title="bbox 1975 3153 3561 3224; baseline 0.001 -16"><span class='ocrx_word' id='word_1_750' title='bbox 1975 3162 2212 3209; x_wconf 87' lang='lat' dir='ltr'><strong><em>mentum</em></strong></span> <span class='ocrx_word' id='word_1_751' title='bbox 2236 3194 2252 3219; x_wconf 91' lang='lat'><strong><em>,</em></strong></span> <span class='ocrx_word' id='word_1_752' title='bbox 2280 3167 2387 3223; x_wconf 93' lang='lat' dir='ltr'><strong><em>quo</em></strong></span> <span class='ocrx_word' id='word_1_753' title='bbox 2416 3168 2683 3209; x_wconf 89' lang='lat' dir='ltr'><strong><em>memores</em></strong></span> <span class='ocrx_word' id='word_1_754' title='bbox 2726 3153 2894 3209; x_wconf 88' lang='lat' dir='ltr'><strong><em>simus</em></strong></span> <span class='ocrx_word' id='word_1_755' title='bbox 2917 3196 2934 3222; x_wconf 96' lang='lat'><strong><em>,</em></strong></span> <span class='ocrx_word' id='word_1_756' title='bbox 2963 3154 3178 3224; x_wconf 90' lang='lat' dir='ltr'><strong><em>quantis</em></strong></span> <span class='ocrx_word' id='word_1_757' title='bbox 3224 3154 3380 3210; x_wconf 89' lang='lat' dir='ltr'><strong><em>bonis</em></strong></span> <span class='ocrx_word' id='word_1_758' title='bbox 3403 3155 3561 3211; x_wconf 79' lang='lat' dir='ltr'><strong><em>exci-</em></strong></span> 
     </span>
    </p>
   </div>
   <div class='ocr_carea' id='block_1_93' title="bbox 1974 3244 3559 3317">
    <p class='ocr_par' dir='ltr' id='par_1_93' title="bbox 1974 3244 3559 3317">
     <span class='ocr_line' id='line_1_93' title="bbox 1974 3244 3559 3317; baseline 0.001 -18"><span class='ocrx_word' id='word_1_759' title='bbox 1974 3244 2233 3311; x_wconf 85' lang='lat' dir='ltr'><strong><em>derimus,</em></strong></span> <span class='ocrx_word' id='word_1_760' title='bbox 2258 3255 2310 3300; x_wconf 92' lang='lat' dir='ltr'><strong><em>et</em></strong></span> <span class='ocrx_word' id='word_1_761' title='bbox 2339 3244 2609 3300; x_wconf 87' lang='lat' dir='ltr'><strong><em>discamus</em></strong></span> <span class='ocrx_word' id='word_1_762' title='bbox 2633 3252 2833 3315; x_wconf 85' lang='lat' dir='ltr'><strong><em>quanto</em></strong></span> <span class='ocrx_word' id='word_1_763' title='bbox 2857 3246 3121 3317; x_wconf 90' lang='lat' dir='ltr'><strong><em>supplicio</em></strong></span> <span class='ocrx_word' id='word_1_764' title='bbox 3150 3245 3437 3301; x_wconf 90' lang='lat' dir='ltr'><strong><em>humanum</em></strong></span> <span class='ocrx_word' id='word_1_765' title='bbox 3461 3261 3559 3315; x_wconf 58' lang='lat' dir='ltr'><strong><em>go.</em></strong></span> 
     </span>
    </p>
   </div>
   <div class='ocr_carea' id='block_1_94' title="bbox 1974 3334 3560 3405">
    <p class='ocr_par' dir='ltr' id='par_1_94' title="bbox 1974 3334 3560 3405">
     <span class='ocr_line' id='line_1_94' title="bbox 1974 3334 3560 3405; baseline 0.003 -18"><span class='ocrx_word' id='word_1_766' title='bbox 1974 3349 2073 3389; x_wconf 90' lang='lat' dir='ltr'><strong><em>nus</em></strong></span> <span class='ocrx_word' id='word_1_767' title='bbox 2090 3334 2160 3390; x_wconf 87' lang='lat' dir='ltr'><strong><em>ob</em></strong></span> <span class='ocrx_word' id='word_1_768' title='bbox 2184 3334 2600 3390; x_wconf 88' lang='lat' dir='ltr'><strong><em>inobedientiam</em></strong></span> <span class='ocrx_word' id='word_1_769' title='bbox 2625 3335 2696 3390; x_wconf 90' lang='lat' dir='ltr'><strong><em>sit</em></strong></span> <span class='ocrx_word' id='word_1_770' title='bbox 2719 3334 2991 3390; x_wconf 69' lang='lat' dir='ltr'><strong><em>aﬂ’ectum.</em></strong></span> <span class='ocrx_word' id='word_1_771' title='bbox 3013 3335 3197 3389; x_wconf 89' lang='lat' dir='ltr'><strong><em>Dicant</em></strong></span> <span class='ocrx_word' id='word_1_772' title='bbox 3216 3335 3376 3405; x_wconf 88' lang='lat' dir='ltr'><strong><em>igitur</em></strong></span> <span class='ocrx_word' id='word_1_773' title='bbox 3401 3336 3560 3391; x_wconf 80' lang='lat' dir='ltr'><strong><em>nobis</em></strong></span> 
     </span>
    </p>
   </div>
   <div class='ocr_carea' id='block_1_95' title="bbox 1972 3424 3564 3494">
    <p class='ocr_par' dir='ltr' id='par_1_95' title="bbox 1972 3424 3564 3494">
     <span class='ocr_line' id='line_1_95' title="bbox 1972 3424 3564 3494; baseline 0.001 -16"><span class='ocrx_word' id='word_1_774' title='bbox 1972 3424 2062 3492; x_wconf 89' lang='lat' dir='ltr'><strong><em>qui</em></strong></span> <span class='ocrx_word' id='word_1_775' title='bbox 2096 3433 2242 3479; x_wconf 91' lang='lat' dir='ltr'><strong><em>tanto</em></strong></span> <span class='ocrx_word' id='word_1_776' title='bbox 2266 3431 2486 3479; x_wconf 88' lang='lat' dir='ltr'><strong><em>utuntur</em></strong></span> <span class='ocrx_word' id='word_1_777' title='bbox 2501 3433 2778 3492; x_wconf 87' lang='lat' dir='ltr'><strong><em>apparatu,</em></strong></span> <span class='ocrx_word' id='word_1_778' title='bbox 2796 3432 2855 3479; x_wconf 90' lang='lat' dir='ltr'><strong><em>ut</em></strong></span> <span class='ocrx_word' id='word_1_779' title='bbox 2871 3425 2982 3492; x_wconf 86' lang='lat' dir='ltr'><strong><em>jam</em></strong></span> <span class='ocrx_word' id='word_1_780' title='bbox 3006 3440 3160 3479; x_wconf 87' lang='lat' dir='ltr'><strong><em>usum</em></strong></span> <span class='ocrx_word' id='word_1_781' title='bbox 3176 3424 3310 3479; x_wconf 72' lang='lat' dir='ltr'><strong><em>lana:</em></strong></span> <span class='ocrx_word' id='word_1_782' title='bbox 3340 3440 3564 3494; x_wconf 77' lang='lat' dir='ltr'><strong><em>prorsus</em></strong></span> 
     </span>
    </p>
   </div>
   <div class='ocr_carea' id='block_1_96' title="bbox 1974 3513 3563 3583">
    <p class='ocr_par' dir='ltr' id='par_1_96' title="bbox 1974 3513 3563 3583">
     <span class='ocr_line' id='line_1_96' title="bbox 1974 3513 3563 3583; baseline 0.002 -16"><span class='ocrx_word' id='word_1_783' title='bbox 1974 3528 2133 3569; x_wconf 89' lang='lat' dir='ltr'><strong><em>nosse</em></strong></span> <span class='ocrx_word' id='word_1_784' title='bbox 2163 3514 2374 3577; x_wconf 85' lang='lat' dir='ltr'><strong><em>nolint,</em></strong></span> <span class='ocrx_word' id='word_1_785' title='bbox 2407 3513 2502 3567; x_wconf 87' lang='lat' dir='ltr'><strong><em>sed</em></strong></span> <span class='ocrx_word' id='word_1_786' title='bbox 2554 3513 2729 3568; x_wconf 91' lang='lat' dir='ltr'><strong><em>serico</em></strong></span> <span class='ocrx_word' id='word_1_787' title='bbox 2771 3515 3087 3580; x_wconf 88' lang='lat' dir='ltr'><strong><em>vestiantur,</em></strong></span> <span class='ocrx_word' id='word_1_788' title='bbox 3116 3528 3291 3583; x_wconf 88' lang='lat' dir='ltr'><strong><em>eoque</em></strong></span> <span class='ocrx_word' id='word_1_789' title='bbox 3338 3516 3563 3570; x_wconf 76' lang='lat' dir='ltr'><strong><em>insania:</em></strong></span> 
     </span>
    </p>
   </div>
   <div class='ocr_carea' id='block_1_97' title="bbox 1974 3601 3563 3673">
    <p class='ocr_par' dir='ltr' id='par_1_97' title="bbox 1974 3601 3563 3673">
     <span class='ocr_line' id='line_1_97' title="bbox 1974 3601 3563 3673; baseline 0.001 -16"><span class='ocrx_word' id='word_1_790' title='bbox 1974 3616 2302 3673; x_wconf 88' lang='lat' dir='ltr'><strong><em>pervenere,</em></strong></span> <span class='ocrx_word' id='word_1_791' title='bbox 2334 3611 2393 3656; x_wconf 93' lang='lat' dir='ltr'><strong><em>ut</em></strong></span> <span class='ocrx_word' id='word_1_792' title='bbox 2444 3616 2630 3657; x_wconf 87' lang='lat' dir='ltr'><strong><em>aurum</em></strong></span> <span class='ocrx_word' id='word_1_793' title='bbox 2676 3601 2912 3668; x_wconf 66' lang='lat' dir='ltr'><strong><em>vestibus</em></strong></span> <span class='ocrx_word' id='word_1_794' title='bbox 2958 3603 3199 3657; x_wconf 74' lang='lat' dir='ltr'><strong><em>intexunt</em></strong></span> <span class='ocrx_word' id='word_1_795' title='bbox 3227 3620 3241 3657; x_wconf 90' lang='lat'><strong>:</strong></span> <span class='ocrx_word' id='word_1_796' title='bbox 3273 3604 3325 3657; x_wconf 91' lang='lat' dir='ltr'><strong><em>in</em></strong></span> <span class='ocrx_word' id='word_1_797' title='bbox 3374 3604 3563 3672; x_wconf 80' lang='lat' dir='ltr'><strong><em>primis</em></strong></span> 
     </span>
    </p>
   </div>
   <div class='ocr_carea' id='block_1_98' title="bbox 1973 3694 3556 3764">
    <p class='ocr_par' dir='ltr' id='par_1_98' title="bbox 1973 3694 3556 3764">
     <span class='ocr_line' id='line_1_98' title="bbox 1973 3694 3556 3764; baseline 0.001 -14"><span class='ocrx_word' id='word_1_798' title='bbox 1973 3695 2114 3751; x_wconf 88' lang='lat' dir='ltr'><strong><em>enim</em></strong></span> <span class='ocrx_word' id='word_1_799' title='bbox 2162 3694 2414 3750; x_wconf 88' lang='lat' dir='ltr'><strong><em>mulieres</em></strong></span> <span class='ocrx_word' id='word_1_800' title='bbox 2458 3694 2581 3750; x_wconf 87' lang='lat' dir='ltr'><strong><em>ltuie</em></strong></span> <span class='ocrx_word' id='word_1_801' title='bbox 2619 3694 2858 3750; x_wconf 90' lang='lat' dir='ltr'><strong><em>mollitici</em></strong></span> <span class='ocrx_word' id='word_1_802' title='bbox 2907 3694 3102 3750; x_wconf 89' lang='lat' dir='ltr'><strong><em>deditae</em></strong></span> <span class='ocrx_word' id='word_1_803' title='bbox 3148 3697 3556 3764; x_wconf 72' lang='lat' dir='ltr'><strong><em>suntzQuare,</em></strong></span> 
     </span>
    </p>
   </div>
   <div class='ocr_carea' id='block_1_99' title="bbox 1973 3785 3557 3857">
    <p class='ocr_par' dir='ltr' id='par_1_99' title="bbox 1973 3785 3557 3857">
     <span class='ocr_line' id='line_1_99' title="bbox 1973 3785 3557 3857; baseline 0.001 -15"><span class='ocrx_word' id='word_1_804' title='bbox 1973 3785 2082 3850; x_wconf 80' lang='lat' dir='ltr'><strong><em>die,</em></strong></span> <span class='ocrx_word' id='word_1_805' title='bbox 2109 3787 2366 3851; x_wconf 89' lang='lat' dir='ltr'><strong><em>obsecro,</em></strong></span> <span class='ocrx_word' id='word_1_806' title='bbox 2400 3800 2593 3856; x_wconf 88' lang='lat' dir='ltr'><strong><em>corpus</em></strong></span> <span class='ocrx_word' id='word_1_807' title='bbox 2616 3786 2685 3841; x_wconf 89' lang='lat' dir='ltr'><strong><em>ita</em></strong></span> <span class='ocrx_word' id='word_1_808' title='bbox 2714 3801 2893 3849; x_wconf 86' lang='lat' dir='ltr'><strong><em>ornas,</em></strong></span> <span class='ocrx_word' id='word_1_809' title='bbox 2923 3794 2980 3841; x_wconf 91' lang='lat' dir='ltr'><strong>et</strong></span> <span class='ocrx_word' id='word_1_810' title='bbox 3001 3785 3200 3857; x_wconf 87' lang='lat' dir='ltr'><strong><em>gaudes</em></strong></span> <span class='ocrx_word' id='word_1_811' title='bbox 3227 3786 3557 3857; x_wconf 82' lang='lat' dir='ltr'><strong><em>ejnscetnodi</em></strong></span> 
     </span>
    </p>
   </div>
   <div class='ocr_carea' id='block_1_100' title="bbox 1974 3877 3589 3949">
    <p class='ocr_par' dir='ltr' id='par_1_100' title="bbox 1974 3877 3589 3949">
     <span class='ocr_line' id='line_1_100' title="bbox 1974 3877 3589 3949; baseline -0.002 -14"><span class='ocrx_word' id='word_1_812' title='bbox 1974 3878 2218 3935; x_wconf 87' lang='lat' dir='ltr'><strong><em>amictu?</em></strong></span> <span class='ocrx_word' id='word_1_813' title='bbox 2246 3893 2352 3935; x_wconf 90' lang='lat' dir='ltr'><strong><em>non</em></strong></span> <span class='ocrx_word' id='word_1_814' title='bbox 2386 3878 2589 3949; x_wconf 84' lang='lat' dir='ltr'><strong><em>cogitas</em></strong></span> <span class='ocrx_word' id='word_1_815' title='bbox 2635 3892 2732 3948; x_wconf 91' lang='lat' dir='ltr'><strong><em>pro</em></strong></span> <span class='ocrx_word' id='word_1_816' title='bbox 2774 3893 2966 3948; x_wconf 86' lang='lat' dir='ltr'><strong><em>magno</em></strong></span> <span class='ocrx_word' id='word_1_817' title='bbox 3004 3877 3297 3947; x_wconf 91' lang='lat' dir='ltr'><strong><em>supplicio,</em></strong></span> <span class='ocrx_word' id='word_1_818' title='bbox 3341 3882 3589 3949; x_wconf 66' lang='lat' dir='ltr'><strong><em>propter</em></strong></span> 
     </span>
    </p>
   </div>
   <div class='ocr_carea' id='block_1_101' title="bbox 1975 3968 3559 4041">
    <p class='ocr_par' dir='ltr' id='par_1_101' title="bbox 1975 3968 3559 4041">
     <span class='ocr_line' id='line_1_101' title="bbox 1975 3968 3559 4041; baseline -0.001 -14"><span class='ocrx_word' id='word_1_819' title='bbox 1975 3970 2452 4041; x_wconf 83' lang='lat' dir='ltr'><strong><em>transgressionem</em></strong></span> <span class='ocrx_word' id='word_1_820' title='bbox 2471 4010 2487 4035; x_wconf 96' lang='lat'><strong><em>,</em></strong></span> <span class='ocrx_word' id='word_1_821' title='bbox 2522 3979 2732 4040; x_wconf 83' lang='lat' dir='ltr'><strong><em>tegmen</em></strong></span> <span class='ocrx_word' id='word_1_822' title='bbox 2779 3968 2881 4024; x_wconf 92' lang='lat' dir='ltr'><strong><em>hoc</em></strong></span> <span class='ocrx_word' id='word_1_823' title='bbox 2926 3971 3281 4040; x_wconf 80' lang='lat' dir='ltr'><strong><em>excogitatum</em></strong></span> <span class='ocrx_word' id='word_1_824' title='bbox 3303 3970 3466 4025; x_wconf 87' lang='lat' dir='ltr'><strong><em>esse?</em></strong></span> <span class='ocrx_word' id='word_1_825' title='bbox 3494 3971 3559 4026; x_wconf 79' lang='lat' dir='ltr'><strong><em>Et</em></strong></span> 
     </span>
    </p>
   </div>
   <div class='ocr_carea' id='block_1_102' title="bbox 1973 4061 3557 4134">
    <p class='ocr_par' dir='ltr' id='par_1_102' title="bbox 1973 4061 3557 4134">
     <span class='ocr_line' id='line_1_102' title="bbox 1973 4061 3557 4134; baseline -0.001 -16"><span class='ocrx_word' id='word_1_826' title='bbox 1973 4078 2142 4134; x_wconf 80' lang='lat' dir='ltr'><strong><em>quare</em></strong></span> <span class='ocrx_word' id='word_1_827' title='bbox 2164 4077 2268 4118; x_wconf 92' lang='lat' dir='ltr'><strong><em>non</em></strong></span> <span class='ocrx_word' id='word_1_828' title='bbox 2308 4062 2460 4118; x_wconf 87' lang='lat' dir='ltr'><strong><em>audis</em></strong></span> <span class='ocrx_word' id='word_1_829' title='bbox 2486 4061 2705 4116; x_wconf 86' lang='lat' dir='ltr'><strong><em>Paulum</em></strong></span> <span class='ocrx_word' id='word_1_830' title='bbox 2734 4061 3040 4119; x_wconf 86' lang='lat' dir='ltr'><strong><em>dicentem:</em></strong></span> <span class='ocrx_word' id='word_1_831' title='bbox 3077 4061 3331 4118; x_wconf 77' lang='lat' dir='ltr'><strong><em>[labentes</em></strong></span> <span class='ocrx_word' id='word_1_832' title='bbox 3370 4064 3557 4117; x_wconf 82' lang='lat' dir='ltr'><strong><em>victum</em></strong></span> 
     </span>
    </p>
   </div>
   <div class='ocr_carea' id='block_1_103' title="bbox 1973 4152 3558 4225">
    <p class='ocr_par' dir='ltr' id='par_1_103' title="bbox 1973 4152 3558 4225">
     <span class='ocr_line' id='line_1_103' title="bbox 1973 4152 3558 4225; baseline 0.001 -14"><span class='ocrx_word' id='word_1_833' title='bbox 1973 4166 2019 4211; x_wconf 88' lang='lat' dir='ltr'><strong><em>et</em></strong></span> <span class='ocrx_word' id='word_1_834' title='bbox 2044 4156 2284 4212; x_wconf 86' lang='lat' dir='ltr'><strong><em>amictum</em></strong></span> <span class='ocrx_word' id='word_1_835' title='bbox 2308 4194 2324 4220; x_wconf 94' lang='lat'><strong><em>,</em></strong></span> <span class='ocrx_word' id='word_1_836' title='bbox 2347 4152 2452 4209; x_wconf 87' lang='lat' dir='ltr'><strong><em>illis</em></strong></span> <span class='ocrx_word' id='word_1_837' title='bbox 2480 4154 2699 4208; x_wconf 79' lang='lat' dir='ltr'><strong><em>contenti</em></strong></span> <span class='ocrx_word' id='word_1_838' title='bbox 2722 4154 2909 4209; x_wconf 86' lang='lat' dir='ltr'><strong><em>erimus</em></strong></span> <span class='ocrx_word' id='word_1_839' title='bbox 2937 4154 3012 4225; x_wconf 90' lang='lat' dir='ltr'><strong><em>(l.</em></strong></span> <span class='ocrx_word' id='word_1_840' title='bbox 3043 4153 3179 4207; x_wconf 83' lang='lat' dir='ltr'><strong><em>Tim.</em></strong></span> <span class='ocrx_word' id='word_1_841' title='bbox 3203 4155 3254 4209; x_wconf 87' lang='lat'><strong><em>6.</em></strong></span> <span class='ocrx_word' id='word_1_842' title='bbox 3283 4154 3361 4225; x_wconf 88' lang='lat'><strong><em>8).</em></strong></span> <span class='ocrx_word' id='word_1_843' title='bbox 3398 4155 3558 4212; x_wconf 85' lang='lat' dir='ltr'><strong><em>Vides</em></strong></span> 
     </span>
    </p>
   </div>
   <div class='ocr_carea' id='block_1_104' title="bbox 1974 4244 3559 4303">
    <p class='ocr_par' dir='ltr' id='par_1_104' title="bbox 1974 4244 3559 4303">
     <span class='ocr_line' id='line_1_104' title="bbox 1974 4244 3559 4303; baseline -0.003 0"><span class='ocrx_word' id='word_1_844' title='bbox 1974 4249 2130 4303; x_wconf 89' lang='lat' dir='ltr'><strong><em>unius</em></strong></span> <span class='ocrx_word' id='word_1_845' title='bbox 2156 4246 2435 4301; x_wconf 72' lang='lat' dir='ltr'><strong><em>dumtaxat</em></strong></span> <span class='ocrx_word' id='word_1_846' title='bbox 2473 4245 2552 4301; x_wconf 90' lang='lat' dir='ltr'><strong><em>rei</em></strong></span> <span class='ocrx_word' id='word_1_847' title='bbox 2603 4244 2903 4300; x_wconf 84' lang='lat' dir='ltr'><strong><em>habendam</em></strong></span> <span class='ocrx_word' id='word_1_848' title='bbox 2949 4259 3071 4301; x_wconf 86' lang='lat' dir='ltr'><strong><em>esse</em></strong></span> <span class='ocrx_word' id='word_1_849' title='bbox 3095 4259 3277 4300; x_wconf 89' lang='lat' dir='ltr'><strong><em>curam</em></strong></span> <span class='ocrx_word' id='word_1_850' title='bbox 3316 4262 3330 4299; x_wconf 88' lang='lat'><strong>:</strong></span> <span class='ocrx_word' id='word_1_851' title='bbox 3362 4245 3559 4300; x_wconf 83' lang='lat' dir='ltr'><strong><em>videli-</em></strong></span> 
     </span>
    </p>
   </div>
   <div class='ocr_carea' id='block_1_105' title="bbox 1974 4336 3558 4408">
    <p class='ocr_par' dir='ltr' id='par_1_105' title="bbox 1974 4336 3558 4408">
     <span class='ocr_line' id='line_1_105' title="bbox 1974 4336 3558 4408; baseline -0.002 -12"><span class='ocrx_word' id='word_1_852' title='bbox 1974 4349 2079 4407; x_wconf 90' lang='lat' dir='ltr'><strong><em>cet,</em></strong></span> <span class='ocrx_word' id='word_1_853' title='bbox 2102 4355 2170 4394; x_wconf 90' lang='lat' dir='ltr'><strong><em>ne</em></strong></span> <span class='ocrx_word' id='word_1_854' title='bbox 2192 4353 2389 4408; x_wconf 89' lang='lat' dir='ltr'><strong><em>corpus</em></strong></span> <span class='ocrx_word' id='word_1_855' title='bbox 2411 4337 2610 4393; x_wconf 89' lang='lat' dir='ltr'><strong><em>nudum</em></strong></span> <span class='ocrx_word' id='word_1_856' title='bbox 2637 4337 2726 4401; x_wconf 87' lang='lat' dir='ltr'><strong><em>sit,</em></strong></span> <span class='ocrx_word' id='word_1_857' title='bbox 2754 4336 2847 4391; x_wconf 87' lang='lat' dir='ltr'><strong><em>sed</em></strong></span> <span class='ocrx_word' id='word_1_858' title='bbox 2873 4345 2928 4391; x_wconf 86' lang='grc' dir='ltr'><strong><em>ιιι</em></strong></span> <span class='ocrx_word' id='word_1_859' title='bbox 2959 4345 3184 4407; x_wconf 86' lang='lat' dir='ltr'><strong><em>tegatur,</em></strong></span> <span class='ocrx_word' id='word_1_860' title='bbox 3205 4352 3305 4391; x_wconf 87' lang='lat' dir='ltr'><strong><em>nec</em></strong></span> <span class='ocrx_word' id='word_1_861' title='bbox 3327 4338 3558 4407; x_wconf 83' lang='lat' dir='ltr'><strong><em>amplius</em></strong></span> 
     </span>
    </p>
   </div>
   <div class='ocr_carea' id='block_1_106' title="bbox 1972 4428 3553 4499">
    <p class='ocr_par' dir='ltr' id='par_1_106' title="bbox 1972 4428 3553 4499">
     <span class='ocr_line' id='line_1_106' title="bbox 1972 4428 3553 4499; baseline -0.003 -10"><span class='ocrx_word' id='word_1_862' title='bbox 1972 4434 2042 4489; x_wconf 89' lang='lat' dir='ltr'><strong><em>de</em></strong></span> <span class='ocrx_word' id='word_1_863' title='bbox 2069 4433 2323 4488; x_wconf 88' lang='lat' dir='ltr'><strong><em>varietate</em></strong></span> <span class='ocrx_word' id='word_1_864' title='bbox 2348 4432 2578 4487; x_wconf 83' lang='lat' dir='ltr'><strong><em>vestium</em></strong></span> <span class='ocrx_word' id='word_1_865' title='bbox 2618 4445 2740 4486; x_wconf 90' lang='lat' dir='ltr'><strong><em>esse</em></strong></span> <span class='ocrx_word' id='word_1_866' title='bbox 2769 4445 2868 4484; x_wconf 87' lang='lat' dir='ltr'><strong><em>nos</em></strong></span> <span class='ocrx_word' id='word_1_867' title='bbox 2895 4429 3156 4484; x_wconf 89' lang='lat' dir='ltr'><strong><em>sollicitos</em></strong></span> <span class='ocrx_word' id='word_1_868' title='bbox 3181 4438 3413 4499; x_wconf 88' lang='lat' dir='ltr'><strong><em>oportet.</em></strong></span> <span class='ocrx_word' id='word_1_869' title='bbox 3442 4428 3553 4484; x_wconf 67' lang='grc' dir='ltr'><strong><em>(ἷξες</em></strong></span> 
     </span>
    </p>
   </div>
   <div class='ocr_carea' id='block_1_107' title="bbox 1973 4519 3556 4593">
    <p class='ocr_par' dir='ltr' id='par_1_107' title="bbox 1973 4519 3556 4593">
     <span class='ocr_line' id='line_1_107' title="bbox 1973 4519 3556 4593; baseline -0.004 -12"><span class='ocrx_word' id='word_1_870' title='bbox 1973 4535 2141 4581; x_wconf 84' lang='lat' dir='ltr'><strong><em>terum</em></strong></span> <span class='ocrx_word' id='word_1_871' title='bbox 2168 4523 2234 4578; x_wconf 90' lang='lat' dir='ltr'><strong><em>ad</em></strong></span> <span class='ocrx_word' id='word_1_872' title='bbox 2270 4522 2545 4593; x_wconf 87' lang='lat' dir='ltr'><strong><em>sequentia</em></strong></span> <span class='ocrx_word' id='word_1_873' title='bbox 2575 4522 2872 4577; x_wconf 88' lang='lat' dir='ltr'><strong><em>veniamus.</em></strong></span> <span class='ocrx_word' id='word_1_874' title='bbox 2913 4519 3006 4574; x_wconf 74' lang='lat'><strong><em>22.</em></strong></span> <span class='ocrx_word' id='word_1_875' title='bbox 3045 4519 3111 4572; x_wconf 79' lang='lat' dir='ltr'><strong><em>Et</em></strong></span> <span class='ocrx_word' id='word_1_876' title='bbox 3146 4520 3274 4573; x_wconf 61' lang='lat' dir='ltr'><strong><em>dixit</em></strong></span> <span class='ocrx_word' id='word_1_877' title='bbox 3303 4519 3556 4575; x_wconf 83' lang='lat' dir='ltr'><strong><em>Dominus</em></strong></span> 
     </span>
    </p>
   </div>
   <div class='ocr_carea' id='block_1_108' title="bbox 1971 4608 3563 4683">
    <p class='ocr_par' dir='ltr' id='par_1_108' title="bbox 1971 4608 3563 4683">
     <span class='ocr_line' id='line_1_108' title="bbox 1971 4608 3563 4683; baseline -0.006 -11"><span class='ocrx_word' id='word_1_878' title='bbox 1971 4616 2110 4672; x_wconf 78' lang='lat' dir='ltr'><strong><em>Deus</em></strong></span> <span class='ocrx_word' id='word_1_879' title='bbox 2140 4632 2160 4671; x_wconf 89' lang='lat'><strong><em>:</em></strong></span> <span class='ocrx_word' id='word_1_880' title='bbox 2186 4615 2319 4670; x_wconf 82' lang='lat' dir='ltr'><strong><em>Ecce</em></strong></span> <span class='ocrx_word' id='word_1_881' title='bbox 2346 4614 2511 4669; x_wconf 83' lang='lat' dir='ltr'><strong><em>Adam</em></strong></span> <span class='ocrx_word' id='word_1_882' title='bbox 2538 4615 2703 4683; x_wconf 82' lang='lat' dir='ltr'><strong><em>[actus</em></strong></span> <span class='ocrx_word' id='word_1_883' title='bbox 2742 4622 2814 4667; x_wconf 86' lang='lat' dir='ltr'><strong><em>est</em></strong></span> <span class='ocrx_word' id='word_1_884' title='bbox 2850 4612 2977 4666; x_wconf 84' lang='lat' dir='ltr'><strong><em>sicut</em></strong></span> <span class='ocrx_word' id='word_1_885' title='bbox 3017 4627 3147 4665; x_wconf 86' lang='lat' dir='ltr'><strong><em>unus</em></strong></span> <span class='ocrx_word' id='word_1_886' title='bbox 3185 4626 3249 4664; x_wconf 77' lang='lat' dir='ltr'><strong><em>ex</em></strong></span> <span class='ocrx_word' id='word_1_887' title='bbox 3284 4611 3461 4669; x_wconf 82' lang='lat' dir='ltr'><strong><em>nobis.</em></strong></span> <span class='ocrx_word' id='word_1_888' title='bbox 3488 4608 3563 4663; x_wconf 81' lang='lat' dir='ltr'><strong><em>ad</em></strong></span> 
     </span>
    </p>
   </div>
   <div class='ocr_carea' id='block_1_109' title="bbox 1969 4699 3560 4769">
    <p class='ocr_par' dir='ltr' id='par_1_109' title="bbox 1969 4699 3560 4769">
     <span class='ocr_line' id='line_1_109' title="bbox 1969 4699 3560 4769; baseline -0.007 -5"><span class='ocrx_word' id='word_1_889' title='bbox 1969 4708 2228 4764; x_wconf 78' lang='lat' dir='ltr'><strong><em>sciendum</em></strong></span> <span class='ocrx_word' id='word_1_890' title='bbox 2254 4707 2438 4761; x_wconf 82' lang='lat' dir='ltr'><strong><em>bonum</em></strong></span> <span class='ocrx_word' id='word_1_891' title='bbox 2484 4714 2530 4760; x_wconf 91' lang='lat' dir='ltr'><strong><em>et</em></strong></span> <span class='ocrx_word' id='word_1_892' title='bbox 2558 4704 2766 4758; x_wconf 85' lang='lat' dir='ltr'><strong><em>malum.</em></strong></span> <span class='ocrx_word' id='word_1_893' title='bbox 2798 4702 2868 4755; x_wconf 84' lang='lat' dir='ltr'><strong><em>Et</em></strong></span> <span class='ocrx_word' id='word_1_894' title='bbox 2895 4717 3028 4754; x_wconf 83' lang='lat' dir='ltr'><strong><em>nunc</em></strong></span> <span class='ocrx_word' id='word_1_895' title='bbox 3070 4716 3132 4754; x_wconf 84' lang='lat' dir='ltr'><strong><em>ne</em></strong></span> <span class='ocrx_word' id='word_1_896' title='bbox 3163 4702 3292 4769; x_wconf 74' lang='lat' dir='ltr'><strong><em>forte</em></strong></span> <span class='ocrx_word' id='word_1_897' title='bbox 3327 4699 3560 4753; x_wconf 72' lang='lat' dir='ltr'><strong><em>extendat</em></strong></span> 
     </span>
    </p>
   </div>
   <div class='ocr_carea' id='block_1_110' title="bbox 1969 4790 3557 4861">
    <p class='ocr_par' dir='ltr' id='par_1_110' title="bbox 1969 4790 3557 4861">
     <span class='ocr_line' id='line_1_110' title="bbox 1969 4790 3557 4861; baseline -0.008 -8"><span class='ocrx_word' id='word_1_898' title='bbox 1969 4814 2176 4853; x_wconf 73' lang='lat' dir='ltr'><strong><em>manuni</em></strong></span> <span class='ocrx_word' id='word_1_899' title='bbox 2202 4813 2348 4852; x_wconf 87' lang='lat' dir='ltr'><strong><em>suam</em></strong></span> <span class='ocrx_word' id='word_1_900' title='bbox 2366 4837 2382 4861; x_wconf 93' lang='lat'><strong><em>,</em></strong></span> <span class='ocrx_word' id='word_1_901' title='bbox 2405 4805 2452 4849; x_wconf 89' lang='lat' dir='ltr'><strong><em>et</em></strong></span> <span class='ocrx_word' id='word_1_902' title='bbox 2471 4794 2686 4861; x_wconf 82' lang='lat' dir='ltr'><strong><em>accipiat</em></strong></span> <span class='ocrx_word' id='word_1_903' title='bbox 2721 4792 2782 4844; x_wconf 86' lang='lat' dir='ltr'><strong><em>de</em></strong></span> <span class='ocrx_word' id='word_1_904' title='bbox 2809 4791 2945 4861; x_wconf 87' lang='lat' dir='ltr'><strong><em>ligno</em></strong></span> <span class='ocrx_word' id='word_1_905' title='bbox 2965 4790 3080 4844; x_wconf 72' lang='lat' dir='ltr'><strong><em>uiue</em></strong></span> <span class='ocrx_word' id='word_1_906' title='bbox 3100 4828 3115 4851; x_wconf 90' lang='lat'><strong><em>,</em></strong></span> <span class='ocrx_word' id='word_1_907' title='bbox 3141 4796 3190 4841; x_wconf 89' lang='lat' dir='ltr'><strong><em>et</em></strong></span> <span class='ocrx_word' id='word_1_908' title='bbox 3218 4794 3482 4851; x_wconf 82' lang='lat' dir='ltr'><strong><em>comedat,</em></strong></span> <span class='ocrx_word' id='word_1_909' title='bbox 3509 4795 3557 4840; x_wconf 84' lang='lat' dir='ltr'><strong><em>et</em></strong></span> 
     </span>
    </p>
   </div>
   <div class='ocr_carea' id='block_1_111' title="bbox 1968 4876 3558 4945">
    <p class='ocr_par' dir='ltr' id='par_1_111' title="bbox 1968 4876 3558 4945">
     <span class='ocr_line' id='line_1_111' title="bbox 1968 4876 3558 4945; baseline -0.009 0"><span class='ocrx_word' id='word_1_910' title='bbox 1968 4891 2103 4945; x_wconf 78' lang='lat' dir='ltr'><strong><em>uiuat</em></strong></span> <span class='ocrx_word' id='word_1_911' title='bbox 2126 4891 2179 4944; x_wconf 91' lang='lat' dir='ltr'><strong><em>in</em></strong></span> <span class='ocrx_word' id='word_1_912' title='bbox 2206 4888 2468 4943; x_wconf 78' lang='lat' dir='ltr'><strong><em>steculum.</em></strong></span> <span class='ocrx_word' id='word_1_913' title='bbox 2492 4884 2584 4939; x_wconf 70' lang='lat'><strong><em>23.</em></strong></span> <span class='ocrx_word' id='word_1_914' title='bbox 2614 4883 2680 4937; x_wconf 85' lang='lat' dir='ltr'><strong><em>Et</em></strong></span> <span class='ocrx_word' id='word_1_915' title='bbox 2701 4883 2867 4937; x_wconf 82' lang='lat' dir='ltr'><strong><em>emisit</em></strong></span> <span class='ocrx_word' id='word_1_916' title='bbox 2889 4880 3035 4934; x_wconf 87' lang='lat' dir='ltr'><strong><em>illum</em></strong></span> <span class='ocrx_word' id='word_1_917' title='bbox 3064 4878 3317 4932; x_wconf 85' lang='lat' dir='ltr'><strong><em>Dominus</em></strong></span> <span class='ocrx_word' id='word_1_918' title='bbox 3339 4876 3474 4932; x_wconf 82' lang='lat' dir='ltr'><strong><em>Deus</em></strong></span> <span class='ocrx_word' id='word_1_919' title='bbox 3494 4894 3558 4938; x_wconf 72' lang='lat' dir='ltr'><strong><em>ea;</em></strong></span> 
     </span>
    </p>
   </div>
   <div class='ocr_carea' id='block_1_112' title="bbox 1971 4967 3556 5051">
    <p class='ocr_par' dir='ltr' id='par_1_112' title="bbox 1971 4967 3556 5051">
     <span class='ocr_line' id='line_1_112' title="bbox 1971 4967 3556 5051; baseline -0.007 -19"><span class='ocrx_word' id='word_1_920' title='bbox 1971 4979 2211 5051; x_wconf 80' lang='lat' dir='ltr'><strong><em>paradiso</em></strong></span> <span class='ocrx_word' id='word_1_921' title='bbox 2235 4976 2538 5045; x_wconf 77' lang='lat' dir='ltr'><strong><em>voluptatis,</em></strong></span> <span class='ocrx_word' id='word_1_922' title='bbox 2567 4981 2623 5026; x_wconf 89' lang='lat' dir='ltr'><strong><em>ut</em></strong></span> <span class='ocrx_word' id='word_1_923' title='bbox 2641 4980 2936 5043; x_wconf 78' lang='lat' dir='ltr'><strong><em>apemretur</em></strong></span> <span class='ocrx_word' id='word_1_924' title='bbox 2961 4980 3179 5033; x_wconf 87' lang='lat' dir='ltr'><strong><em>terram,</em></strong></span> <span class='ocrx_word' id='word_1_925' title='bbox 3202 4967 3267 5023; x_wconf 90' lang='lat' dir='ltr'><strong><em>de</em></strong></span> <span class='ocrx_word' id='word_1_926' title='bbox 3286 4984 3387 5043; x_wconf 87' lang='lat' dir='ltr'><strong><em>qua</em></strong></span> <span class='ocrx_word' id='word_1_927' title='bbox 3414 4984 3556 5022; x_wconf 55' lang='lat' dir='ltr'><strong><em>sume</em></strong></span> 
     </span>
    </p>
   </div>
   <div class='ocr_carea' id='block_1_113' title="bbox 1970 5058 3550 5142">
    <p class='ocr_par' dir='ltr' id='par_1_113' title="bbox 1970 5058 3550 5142">
     <span class='ocr_line' id='line_1_113' title="bbox 1970 5058 3550 5142; baseline -0.007 -17"><span class='ocrx_word' id='word_1_928' title='bbox 1970 5080 2087 5142; x_wconf 78' lang='lat' dir='ltr'><strong><em>ptas</em></strong></span> <span class='ocrx_word' id='word_1_929' title='bbox 2125 5078 2256 5125; x_wconf 88' lang='lat' dir='ltr'><strong><em>erat.</em></strong></span> <span class='ocrx_word' id='word_1_930' title='bbox 2284 5066 2383 5122; x_wconf 83' lang='lat' dir='ltr'><strong><em>Hic</em></strong></span> <span class='ocrx_word' id='word_1_931' title='bbox 2403 5079 2615 5136; x_wconf 91' lang='lat' dir='ltr'><strong><em>quoque</em></strong></span> <span class='ocrx_word' id='word_1_932' title='bbox 2645 5063 2767 5119; x_wconf 88' lang='lat' dir='ltr'><strong><em>vide</em></strong></span> <span class='ocrx_word' id='word_1_933' title='bbox 2810 5078 2969 5133; x_wconf 88' lang='lat' dir='ltr'><strong><em>quam</em></strong></span> <span class='ocrx_word' id='word_1_934' title='bbox 3015 5060 3221 5117; x_wconf 88' lang='lat' dir='ltr'><strong><em>idoneis</em></strong></span> <span class='ocrx_word' id='word_1_935' title='bbox 3257 5058 3550 5114; x_wconf 85' lang='lat' dir='ltr'><strong><em>infirmitati</em></strong></span> 
     </span>
    </p>
   </div>
   <div class='ocr_carea' id='block_1_114' title="bbox 1968 5150 3554 5223">
    <p class='ocr_par' dir='ltr' id='par_1_114' title="bbox 1968 5150 3554 5223">
     <span class='ocr_line' id='line_1_114' title="bbox 1968 5150 3554 5223; baseline -0.011 -4"><span class='ocrx_word' id='word_1_936' title='bbox 1968 5172 2169 5219; x_wconf 73' lang='lat' dir='ltr'><strong><em>nostrm</em></strong></span> <span class='ocrx_word' id='word_1_937' title='bbox 2197 5160 2380 5217; x_wconf 89' lang='lat' dir='ltr'><strong><em>verbis</em></strong></span> <span class='ocrx_word' id='word_1_938' title='bbox 2403 5168 2582 5213; x_wconf 87' lang='lat' dir='ltr'><strong><em>utatur</em></strong></span> <span class='ocrx_word' id='word_1_939' title='bbox 2602 5157 2762 5212; x_wconf 88' lang='lat' dir='ltr'><strong><em>Deus.</em></strong></span> <span class='ocrx_word' id='word_1_940' title='bbox 2795 5155 2864 5209; x_wconf 77' lang='lat' dir='ltr'><strong><em>Et</em></strong></span> <span class='ocrx_word' id='word_1_941' title='bbox 2893 5154 3058 5221; x_wconf 75' lang='lat' dir='ltr'><strong><em>dixit,</em></strong></span> <span class='ocrx_word' id='word_1_942' title='bbox 3087 5153 3277 5223; x_wconf 90' lang='lat' dir='ltr'><strong><em>inquit,</em></strong></span> <span class='ocrx_word' id='word_1_943' title='bbox 3305 5150 3554 5209; x_wconf 75' lang='lat' dir='ltr'><strong><em>Dominus</em></strong></span> 
     </span>
    </p>
   </div>
   <div class='ocr_carea' id='block_1_115' title="bbox 1970 5239 3554 5320">
    <p class='ocr_par' dir='ltr' id='par_1_115' title="bbox 1970 5239 3554 5320">
     <span class='ocr_line' id='line_1_115' title="bbox 1970 5239 3554 5320; baseline -0.011 -9"><span class='ocrx_word' id='word_1_944' title='bbox 1970 5255 2112 5311; x_wconf 85' lang='lat' dir='ltr'><strong><em>Deus</em></strong></span> <span class='ocrx_word' id='word_1_945' title='bbox 2144 5268 2164 5308; x_wconf 91' lang='lat'><strong><em>:</em></strong></span> <span class='ocrx_word' id='word_1_946' title='bbox 2190 5252 2323 5308; x_wconf 84' lang='lat' dir='ltr'><strong><em>Ecce</em></strong></span> <span class='ocrx_word' id='word_1_947' title='bbox 2346 5250 2515 5305; x_wconf 83' lang='lat' dir='ltr'><strong><em>Adam</em></strong></span> <span class='ocrx_word' id='word_1_948' title='bbox 2543 5250 2712 5320; x_wconf 76' lang='lat' dir='ltr'><strong><em>factus</em></strong></span> <span class='ocrx_word' id='word_1_949' title='bbox 2759 5256 2831 5303; x_wconf 88' lang='lat' dir='ltr'><strong><em>est</em></strong></span> <span class='ocrx_word' id='word_1_950' title='bbox 2867 5246 3013 5315; x_wconf 86' lang='lat' dir='ltr'><strong><em>quasi</em></strong></span> <span class='ocrx_word' id='word_1_951' title='bbox 3045 5260 3178 5299; x_wconf 87' lang='lat' dir='ltr'><strong><em>unus</em></strong></span> <span class='ocrx_word' id='word_1_952' title='bbox 3204 5259 3265 5297; x_wconf 81' lang='lat' dir='ltr'><strong><em>ea:</em></strong></span> <span class='ocrx_word' id='word_1_953' title='bbox 3288 5241 3430 5295; x_wconf 78' lang='lat' dir='ltr'><strong><em>nobis</em></strong></span> <span class='ocrx_word' id='word_1_954' title='bbox 3449 5281 3465 5306; x_wconf 94' lang='lat'><strong><em>,</em></strong></span> <span class='ocrx_word' id='word_1_955' title='bbox 3488 5239 3554 5299; x_wconf 84' lang='lat' dir='ltr'><strong><em>ad</em></strong></span> 
     </span>
    </p>
   </div>
   <div class='ocr_carea' id='block_1_116' title="bbox 1968 5333 3551 5411">
    <p class='ocr_par' dir='ltr' id='par_1_116' title="bbox 1968 5333 3551 5411">
     <span class='ocr_line' id='line_1_116' title="bbox 1968 5333 3551 5411; baseline -0.009 -7"><span class='ocrx_word' id='word_1_956' title='bbox 1968 5344 2232 5404; x_wconf 82' lang='lat' dir='ltr'><strong><em>sciendum</em></strong></span> <span class='ocrx_word' id='word_1_957' title='bbox 2271 5347 2456 5400; x_wconf 87' lang='lat' dir='ltr'><strong><em>bonum</em></strong></span> <span class='ocrx_word' id='word_1_958' title='bbox 2503 5352 2550 5399; x_wconf 88' lang='lat' dir='ltr'><strong><em>et</em></strong></span> <span class='ocrx_word' id='word_1_959' title='bbox 2588 5342 2799 5397; x_wconf 87' lang='lat' dir='ltr'><strong><em>malum.</em></strong></span> <span class='ocrx_word' id='word_1_960' title='bbox 2830 5338 3019 5394; x_wconf 83' lang='lat' dir='ltr'><strong><em>Vidisti</em></strong></span> <span class='ocrx_word' id='word_1_961' title='bbox 3058 5344 3255 5411; x_wconf 84' lang='lat' dir='ltr'><strong><em>quanta</em></strong></span> <span class='ocrx_word' id='word_1_962' title='bbox 3301 5333 3551 5389; x_wconf 80' lang='lat' dir='ltr'><strong><em>dictionis</em></strong></span> 
     </span>
    </p>
   </div>
   <div class='ocr_carea' id='block_1_117' title="bbox 1970 5426 3551 5501">
    <p class='ocr_par' dir='ltr' id='par_1_117' title="bbox 1970 5426 3551 5501">
     <span class='ocr_line' id='line_1_117' title="bbox 1970 5426 3551 5501; baseline -0.01 -5"><span class='ocrx_word' id='word_1_963' title='bbox 1970 5438 2284 5496; x_wconf 87' lang='lat' dir='ltr'><strong><em>humilitas?</em></strong></span> <span class='ocrx_word' id='word_1_964' title='bbox 2312 5438 2437 5494; x_wconf 59' lang='lat' dir='ltr'><strong><em>ilice</em></strong></span> <span class='ocrx_word' id='word_1_965' title='bbox 2462 5447 2661 5501; x_wconf 87' lang='lat' dir='ltr'><strong><em>autem,</em></strong></span> <span class='ocrx_word' id='word_1_966' title='bbox 2693 5444 2749 5489; x_wconf 90' lang='lat' dir='ltr'><strong><em>ut</em></strong></span> <span class='ocrx_word' id='word_1_967' title='bbox 2776 5433 2949 5498; x_wconf 91' lang='lat' dir='ltr'><strong><em>decet,</em></strong></span> <span class='ocrx_word' id='word_1_968' title='bbox 2975 5430 3132 5499; x_wconf 89' lang='lat' dir='ltr'><strong><em>digne</em></strong></span> <span class='ocrx_word' id='word_1_969' title='bbox 3150 5428 3217 5484; x_wconf 90' lang='lat' dir='ltr'><strong><em>de</em></strong></span> <span class='ocrx_word' id='word_1_970' title='bbox 3248 5428 3359 5483; x_wconf 89' lang='lat' dir='ltr'><strong><em>Deo</em></strong></span> <span class='ocrx_word' id='word_1_971' title='bbox 3389 5426 3551 5481; x_wconf 87' lang='lat' dir='ltr'><strong><em>intel-</em></strong></span> 
     </span>
    </p>
   </div>
   <div class='ocr_carea' id='block_1_118' title="bbox 1970 5520 3548 5606">
    <p class='ocr_par' dir='ltr' id='par_1_118' title="bbox 1970 5520 3548 5606">
     <span class='ocr_line' id='line_1_118' title="bbox 1970 5520 3548 5606; baseline -0.012 -15"><span class='ocrx_word' id='word_1_972' title='bbox 1970 5536 2217 5606; x_wconf 85' lang='lat' dir='ltr'><strong><em>ligamus.</em></strong></span> <span class='ocrx_word' id='word_1_973' title='bbox 2254 5532 2376 5587; x_wconf 82' lang='lat' dir='ltr'><strong><em>Vult</em></strong></span> <span class='ocrx_word' id='word_1_974' title='bbox 2401 5531 2542 5585; x_wconf 91' lang='lat' dir='ltr'><strong><em>enim</em></strong></span> <span class='ocrx_word' id='word_1_975' title='bbox 2570 5544 2663 5598; x_wconf 89' lang='lat' dir='ltr'><strong>per</strong></span> <span class='ocrx_word' id='word_1_976' title='bbox 2690 5528 2803 5582; x_wconf 77' lang='lat' dir='ltr'><strong><em>inec</em></strong></span> <span class='ocrx_word' id='word_1_977' title='bbox 2827 5524 2985 5583; x_wconf 83' lang='lat' dir='ltr'><strong><em>verba</em></strong></span> <span class='ocrx_word' id='word_1_978' title='bbox 3007 5522 3060 5578; x_wconf 91' lang='lat' dir='ltr'><strong><em>in</em></strong></span> <span class='ocrx_word' id='word_1_979' title='bbox 3100 5520 3413 5577; x_wconf 88' lang='lat' dir='ltr'><strong><em>memoriam</em></strong></span> <span class='ocrx_word' id='word_1_980' title='bbox 3460 5533 3548 5572; x_wconf 60' lang='lat' dir='ltr'><strong><em>re.</em></strong></span> 
     </span>
    </p>
   </div>
   <div class='ocr_carea' id='block_1_119' title="bbox 1971 5612 3549 5695">
    <p class='ocr_par' dir='ltr' id='par_1_119' title="bbox 1971 5612 3549 5695">
     <span class='ocr_line' id='line_1_119' title="bbox 1971 5612 3549 5695; baseline -0.011 -14"><span class='ocrx_word' id='word_1_981' title='bbox 1971 5628 2131 5692; x_wconf 89' lang='lat' dir='ltr'><strong><em>ferre,</em></strong></span> <span class='ocrx_word' id='word_1_982' title='bbox 2155 5621 2424 5695; x_wconf 90' lang='lat' dir='ltr'><strong><em>quomodo</em></strong></span> <span class='ocrx_word' id='word_1_983' title='bbox 2458 5617 2666 5687; x_wconf 87' lang='lat' dir='ltr'><strong><em>decepti</em></strong></span> <span class='ocrx_word' id='word_1_984' title='bbox 2696 5616 2891 5671; x_wconf 87' lang='lat' dir='ltr'><strong><em>fuerint</em></strong></span> <span class='ocrx_word' id='word_1_985' title='bbox 2912 5630 2941 5668; x_wconf 93' lang='lat' dir='ltr'><strong><em>a</em></strong></span> <span class='ocrx_word' id='word_1_986' title='bbox 2971 5612 3185 5669; x_wconf 83' lang='lat' dir='ltr'><strong><em>diabolo</em></strong></span> <span class='ocrx_word' id='word_1_987' title='bbox 3211 5626 3305 5681; x_wconf 87' lang='lat' dir='ltr'><strong><em>per</em></strong></span> <span class='ocrx_word' id='word_1_988' title='bbox 3325 5624 3549 5679; x_wconf 88' lang='lat' dir='ltr'><strong><em>serpen-</em></strong></span> 
     </span>
    </p>
   </div>
   <div class='ocr_carea' id='block_1_120' title="bbox 1969 5703 3553 5784">
    <p class='ocr_par' dir='ltr' id='par_1_120' title="bbox 1969 5703 3553 5784">
     <span class='ocr_line' id='line_1_120' title="bbox 1969 5703 3553 5784; baseline -0.007 -10"><span class='ocrx_word' id='word_1_989' title='bbox 1969 5729 2097 5775; x_wconf 88' lang='lat' dir='ltr'><strong><em>tetn.</em></strong></span> <span class='ocrx_word' id='word_1_990' title='bbox 2120 5712 2558 5784; x_wconf 80' lang='lat' dir='ltr'><strong><em>Quandoquidem</em></strong></span> <span class='ocrx_word' id='word_1_991' title='bbox 2584 5706 2671 5766; x_wconf 87' lang='lat' dir='ltr'><strong><em>ille</em></strong></span> <span class='ocrx_word' id='word_1_992' title='bbox 2694 5709 2906 5765; x_wconf 85' lang='lat' dir='ltr'><strong><em>dicebat</em></strong></span> <span class='ocrx_word' id='word_1_993' title='bbox 2927 5748 2941 5776; x_wconf 93' lang='lat'><strong><em>,</em></strong></span> <span class='ocrx_word' id='word_1_994' title='bbox 2969 5706 3031 5763; x_wconf 84' lang='lat' dir='ltr'><strong><em>Si</em></strong></span> <span class='ocrx_word' id='word_1_995' title='bbox 3049 5704 3390 5773; x_wconf 81' lang='lat' dir='ltr'><strong><em>comederitis,</em></strong></span> <span class='ocrx_word' id='word_1_996' title='bbox 3405 5703 3553 5763; x_wconf 78' lang='lat' dir='ltr'><strong><em>eritis</em></strong></span> 
     </span>
    </p>
   </div>
  </div>
