4144 6200
514 237 604 293 151

513 365 565 407 ιιι
603 353 694 418 ait,
727 359 783 408 et
811 365 905 420 spe
953 348 1214 419 potienda:
1245 348 1564 420 teqttalitalis
1611 362 1733 402 cum
1779 347 1892 402 Deo
1920 347 2096 402 cibum

520 444 658 496 hunc
689 455 905 496 sumere
931 439 1046 494 ausi
1073 447 1216 494 sunt.
1249 440 1423 509 Atque
1444 438 1542 492 hac
1571 435 1640 493 de
1665 451 1822 492 causa
1855 437 1993 492 Deus
2013 437 2104 492 ite-

517 549 635 588 rum
667 533 784 587 illos
814 545 1036 586 monere
1056 531 1243 586 volens
1263 571 1278 592 ,
1309 539 1378 583 ut.
1395 529 1656 584 sentirent
1690 542 1848 598 quam
1873 527 2108 598 graviter

517 634 700 680 essent
746 625 881 694 lapsi
911 639 1012 694 per
1053 623 1471 678 inohedientiam
1513 629 1568 675 et
1591 619 1997 690 deceptionem,
2026 619 2109 674 in-

517 716 635 786 qttit
668 733 683 767 :
716 714 846 768 Ecce
881 714 1046 768 Adam
1075 717 1240 785 factas
1286 720 1357 768 est
1384 712 1531 780 quasi
1577 727 1709 764 unus
1734 726 1799 764 ca:
1835 710 1997 763 nobis.
2053 708 2110 764 In

522 819 730 864 tantum
760 806 1011 862 ruborem
1041 805 1144 861 hoc
1181 805 1401 860 verbum
1435 803 1636 872 injicit,
1667 811 1726 857 ut
1755 812 2115 872 transgresso-

525 915 638 954 rem
687 897 920 968 graviter
947 905 1164 967 tangere
1211 895 1408 951 valeat.
1454 894 1612 961 Ideo,
1643 892 1847 964 inquit,
1875 901 2117 948 contem-

527 989 680 1059 psisti
723 986 1030 1042 mandatum
1079 1002 1256 1042 meum
1283 985 1425 1056 quod
1465 984 1721 1054 aequalem
1767 992 1820 1038 te
1850 983 1960 1038 Deo
2004 981 2118 1038 fore

535 1091 748 1152 putares
781 1082 837 1134 ‘?
867 1079 1007 1136 Ecce
1033 1079 1203 1135 factus
1229 1094 1289 1134 es
1315 1079 1455 1146 quod
1481 1077 1799 1147 exspectasti
1828 1095 1841 1130 :
1872 1076 1980 1129 imo
2009 1090 2115 1129 non

531 1171 673 1240 quod
699 1170 1056 1240 exspectasti,
1088 1169 1182 1225 sed
1225 1168 1435 1238 qualem
1477 1176 1530 1222 te
1582 1167 1695 1221 ﬁeri
1723 1167 1942 1236 dignum
1979 1156 2127 1220 erat.

533 1261 687 1327 Ecce,
721 1261 910 1330 inquit,
945 1260 1109 1313 Adam
1144 1259 1304 1329 {actus
1326 1267 1398 1312 est
1433 1257 1578 1327 quasi
1601 1274 1730 1310 unus
1761 1273 1824 1311 ea;
1848 1256 1990 1310 nobis
2010 1297 2025 1318 ,
2051 1255 2120 1308 ad

530 1353 789 1407 sciendum
812 1352 998 1405 bonum
1024 1361 1069 1405 et
1093 1351 1299 1404 malum.
1331 1351 1444 1405 [loc
1482 1350 1626 1404 enim
1675 1348 1831 1404 fallax
1879 1347 2122 1403 diabolus

534 1444 744 1499 diccbat
772 1459 864 1514 per
889 1453 1211 1514 serpentem,
1242 1442 1546 1511 Aperiantur
1579 1442 1713 1496 oculi
1756 1441 1906 1495 vestri
1923 1480 1938 1505 ,
1963 1441 2127 1494 eritis-

535 1551 633 1604 qne
667 1535 794 1588 sicut
822 1534 929 1600 dii,
977 1535 1188 1588 scientes
1223 1532 1411 1586 bonum
1441 1541 1486 1585 et
1531 1533 1741 1585 malum.
1788 1529 1854 1583 Et
1888 1547 2022 1584 nunc
2064 1545 2128 1583 ne

545 1630 674 1695 forte
697 1626 932 1679 extendat
987 1640 1194 1678 manuni
1237 1632 1286 1678 et
1315 1631 1488 1691 tangat
1515 1623 1706 1692 lignum
1740 1622 1886 1686 vitae,
1919 1630 1965 1674 et
1991 1636 2130 1673 com-

539 1715 677 1780 edat,
703 1725 749 1769 et
778 1716 906 1768 vivat
923 1715 974 1767 in
995 1710 1428 1775 wternumNide,
1449 1726 1567 1777 oro,
1598 1711 1683 1765 hic
1707 1709 2128 1780 misericordiam

543 1808 770 1861 Domini.
827 1806 1050 1876 Oportet
1097 1807 1238 1860 enim
1282 1803 1424 1874 quod
1468 1804 1669 1857 dictum
1717 1812 1800 1857 est
1849 1802 2132 1871 diligenter

542 1899 806 1964 scrutari,
833 1905 897 1952 ut
932 1897 1064 1952 nihil
1090 1911 1274 1952 eorum
1304 1911 1424 1965 qua:
1469 1895 1524 1948 in
1565 1893 1725 1948 fundo
1757 1902 1882 1948 sunt
1906 1893 2136 1948 abscon-

542 1988 676 2056 dita,
701 1989 868 2044 latere
895 2004 994 2043 nos
1031 1996 1212 2058 queat.
1237 1987 1373 2042 Cum
1421 1986 1564 2042 Deus
1594 1985 1799 2041 Adamo
1825 1986 2133 2040 mandatum

545 2081 698 2136 daret
721 2122 736 2148 ,
764 2097 793 2135 a
821 2082 966 2136 nullo
989 2080 1094 2135 alio
1113 2081 1383 2135 abstinere
1406 2079 1680 2150 praecepit,
1707 2093 1866 2149 quam
1889 2078 1956 2132 ab
1977 2077 2136 2132 unico

549 2173 713 2243 ligno,
741 2172 809 2228 de
839 2187 946 2242 quo
977 2172 1098 2242 quia
1119 2170 1281 2226 edere
1309 2170 1408 2225 fuit
1432 2184 1616 2237 ausus,
1641 2185 1796 2239 pmna
1821 2167 2010 2223 mortis
2038 2168 2138 2237 ipsi

546 2263 788 2334 irrogata“
824 2273 907 2318 est
937 2261 1115 2333 :quod
1145 2276 1264 2316 cum
1318 2261 1634 2331 praeciperet
1678 2260 1748 2329 illi
1781 2259 2021 2314 delinivit
2043 2300 2058 2323 ,
2090 2257 2136 2312 si

550 2355 1027 2424 pra3varicaretur,
1093 2353 1162 2408 de
1219 2352 1362 2422 ligno
1420 2352 1544 2406 vita:
1614 2350 1746 2405 nihil
1802 2349 2136 2420 praecipiens.

548 2445 992 2516 Quandoquidem
1020 2445 1164 2499 enim
1185 2486 1200 2511 ,
1225 2453 1284 2498 ut
1304 2444 1555 2498 existimo
1578 2482 1594 2508 ,
1617 2451 1673 2496 et
1703 2441 1998 2510 intelligere
2022 2447 2136 2504 est,

553 2536 907 2590 immortalem
937 2535 1088 2589 illum
1117 2534 1319 2589 creavit
1337 2574 1353 2600 ,
1386 2533 1650 2603 potuisset
1693 2533 1835 2602 ipse.
1865 2532 1908 2585 si
1937 2530 2139 2586 voluis-

551 2635 652 2693 set,
676 2642 798 2682 cum
827 2626 945 2682 aliis
973 2627 1134 2681 etiam
1161 2625 1230 2680 de
1256 2625 1359 2680 hoc
1385 2624 1525 2680 vesci
1547 2622 1688 2695 quod
1720 2631 2031 2693 perpetuam
2060 2621 2138 2676 illi

551 2717 866 2774 contulisset
904 2719 1302 2787 vitamzquare
1341 2716 1547 2771 nullum
1591 2713 1902 2770 mandatum
1932 2712 2000 2768 de
2048 2712 2141 2768 illo

555 2810 781 2879 accepit.

631 2903 684 2957 5.
713 2902 770 2957 Si
806 2909 984 2956 autem
1015 2900 1262 2956 curiosus
1293 2898 1485 2970 aliquis
1512 2906 1701 2969 rogat,
1730 2911 1895 2967 quare
1945 2895 2145 2965 lignum

557 2992 681 3046 vita:
729 2992 800 3046 sit
850 2991 1212 3060 appellatum:
1241 2988 1409 3055 sciat,
1466 3002 1571 3042 non
1627 3001 1786 3057 posse
1835 2985 2146 3050 hominem,

557 3084 670 3138 suis
700 3083 940 3137 innixum
971 3081 1264 3135 ratiociniis
1285 3122 1299 3145 ,
1331 3078 1511 3134 omnia
1543 3079 1636 3133 Dei
1675 3091 1838 3148 opera
1880 3077 2145 3132 contueri.

561 3174 743 3228 Visum
770 3173 912 3228 enim
938 3171 1037 3226 fuit
1059 3171 1304 3238 Domino,
1323 3179 1380 3224 ut
1403 3169 1837 3225 exercitationem
1858 3167 2147 3238 quamdam

558 3265 880 3320 obedientim
909 3273 965 3318 et
989 3263 1362 3318 inobedientia:
1379 3262 1601 3317 haberet
1629 3261 1789 3316 homo
1817 3277 1848 3316 a
1875 3277 1935 3317 se
1957 3261 2148 3328 factus,

559 3368 617 3413 et
647 3358 699 3410 in
751 3355 1000 3426 paradiso
1028 3355 1262 3426 degens,
1294 3363 1353 3409 ut
1390 3354 1498 3409 duo
1527 3354 1625 3409 ista
1665 3354 1802 3423 ligna
1833 3353 1902 3409 ibi
1949 3356 2150 3409 consti-

560 3458 734 3504 tueret
757 3489 772 3515 ,
803 3449 1030 3502 alterum
1073 3445 1291 3516 quidem
1319 3446 1443 3500 vitae
1463 3486 1478 3513 ,
1515 3446 1743 3500 alterum
1771 3459 1900 3498 vero
1919 3484 1936 3505 .
1989 3455 2046 3498 ut
2075 3443 2152 3499 sic

561 3541 615 3594 Io
637 3555 765 3606 guar,
793 3539 1000 3594 mortis.
1027 3537 1156 3592 Nam
1177 3537 1296 3608 ejus
1327 3551 1456 3596 esus
1473 3544 1525 3592 et
1545 3537 1894 3606 transgressio
1919 3536 2150 3591 mandati

564 3641 795 3687 inertem
826 3629 900 3684 illi
961 3630 1157 3684 attulit.
1191 3629 1414 3697 Quando
1435 3629 1614 3700 igitur,
1647 3628 1734 3682 ubi
1781 3627 1849 3683 de
1875 3627 1976 3682 hoc
2001 3641 2155 3682 com-

563 3723 697 3784 edit,
726 3721 968 3775 mortalis
991 3719 1160 3774 factus
1203 3728 1318 3783 est,
1355 3719 1700 3788 corporisque
1747 3718 2154 3773 necessitatibus

563 3812 862 3878 obnoxius,
889 3820 942 3866 et
965 3810 1138 3880 primo
1163 3818 1437 3878 peccatum
1469 3809 1761 3877 ingressum
1788 3817 1869 3862 est
1893 3849 1909 3874 ,
1941 3818 2156 3878 propter

567 3905 712 3975 quod
751 3911 806 3959 et
830 3917 980 3958 mors
1008 3919 1038 3958 a
1080 3902 1309 3957 Domino
1333 3901 1533 3956 utiliter
1568 3900 1872 3970 dispensata
1903 3908 1986 3955 est
2008 3940 2023 3966 ,
2048 3915 2155 3954 non

568 3997 792 4066 posthac
819 3997 870 4051 in
903 3997 1148 4066 paradiso
1192 3994 1446 4065 relinquit
1491 3993 1694 4060 Adam,
1725 3991 1819 4048 sed
1846 3992 1994 4049 exire
2035 3991 2158 4049 inde

562 4089 737 4158 jubet,
769 4097 1075 4144 monstrans
1122 4103 1180 4143 se
1211 4095 1429 4157 propter
1462 4086 1591 4140 nihil
1618 4084 1761 4139 aliud
1808 4083 1910 4140 hoc
1939 4083 2115 4141 facere
2138 4126 2154 4152 ,

570 4196 730 4248 quam
757 4187 975 4248 prapter
1004 4178 1382 4249 benignitatem
1404 4193 1508 4248 qua
1539 4177 1687 4232 illum
1716 4176 2154 4246 prosequebatur.

569 4272 640 4325 Et
693 4280 749 4324 ιιι
796 4270 900 4324 hoc
925 4279 1170 4325 accurate
1193 4269 1462 4324 discamus
1483 4309 1497 4332 ,
1541 4283 1718 4338 operae
1745 4268 1970 4338 pretium
2000 4267 2158 4322 fuerit

575 4360 732 4414 verba
748 4358 942 4414 divina:
963 4359 1251 4429 Scriptura:
1275 4359 1452 4415 denuo
1479 4361 1672 4430 legere.
1698 4358 1764 4413 Et
1782 4377 1934 4427 nunc,
1964 4360 2153 4430 inquit,

573 4467 634 4504 ne
676 4451 878 4520 quando
903 4451 1136 4505 extendat
1164 4467 1374 4504 manum
1392 4491 1408 4518 ,
1441 4460 1489 4505 et
1509 4451 1724 4520 accipiat
1749 4452 1812 4505 de
1837 4450 1973 4520 ligno
2003 4452 2117 4505 vitae
2140 4491 2156 4518 ,

577 4553 628 4600 et
659 4543 909 4609 comedat,
933 4552 981 4597 et
1002 4543 1132 4597 vivat
1169 4545 1223 4597 in
1265 4551 1527 4598 (sternam.
1557 4542 1688 4597 Nam
1714 4543 1836 4613 quia
1862 4558 2050 4614 magna
2075 4544 2160 4598 in-

572 4635 962 4707 temperantiae,
995 4635 1182 4705 inquit,
1218 4634 1410 4690 indicia
1431 4635 1705 4701 exhibuit,
1730 4635 2159 4705 prmvaricando-

571 4741 674 4796 que
695 4725 1002 4780 mandatum
1030 4725 1270 4780 mortalis
1292 4724 1461 4780 factus
1479 4734 1583 4790 est,
1607 4739 1672 4778 ne
1691 4739 1830 4779 nunc
1851 4733 1904 4780 et
1935 4725 2157 4794 lignum,

568 4817 710 4887 quod
739 4817 899 4871 vitam
939 4816 1140 4886 przehet
1159 4816 1484 4882 continuam,
1515 4815 1776 4884 attingere
1799 4816 2011 4882 audeat,
2041 4829 2164 4885 pec-

570 4917 789 4962 caturus
817 4915 1081 4977 perpetuo
1101 4947 1116 4973 ,
1146 4908 1314 4962 satius
1359 4906 1520 4962 fuerit
1559 4906 1683 4962 hinc
1704 4907 1875 4977 ipsum
1904 4907 2058 4977 ejici;
2089 4909 2157 4966 ita

570 5009 629 5056 ut
656 5000 825 5070 magis
851 4999 1228 5068 providentiat,
1257 5015 1415 5070 quam
1447 4999 1824 5069 indignationis
1870 4999 2027 5056 fuerit
2071 5001 2158 5056 illa

569 5092 780 5161 cjectio.
815 5091 914 5146 Hic
934 5091 1078 5146 enim
1127 5105 1245 5145 mos
1271 5099 1353 5145 est
1381 5090 1589 5146 Domini
1619 5091 1817 5155 nostri.
1848 5101 1906 5146 ut
1934 5091 2162 5162 puniens

572 5201 676 5240 non
701 5185 874 5240 minus
901 5199 1058 5254 quam
1089 5181 1431 5238 benefaciens
1469 5198 1620 5238 suam
1647 5197 1774 5254 erga
1800 5199 1896 5239 nos
1922 5183 2163 5240 declaret

577 5279 964 5346 providentiam
986 5317 1002 5343 ,
1031 5277 1228 5347 quippe
1264 5285 1318 5332 et
1349 5278 1486 5332 hanc
1537 5291 1750 5347 pcenam
1781 5276 2160 5332 admonitionis

572 5368 739 5437 gratia
765 5369 919 5423 nobis
945 5368 1215 5436 irrogavit.
1246 5367 1380 5436 Quia
1408 5368 1588 5438 utique
1621 5368 1669 5422 si
1694 5368 1883 5423 scisset
1924 5382 2022 5422 nos
2051 5383 2155 5422 non
2215 5374 2222 5381 '

572 5457 785 5530 pejores
814 5458 930 5514 ﬁeri
974 5459 1192 5531 impune
1219 5458 1860 5530 peccando,-neutiquam
1889 5457 2026 5512 ultra
2059 5474 2158 5526 pu-

647 5554 661 5581 ‘
690 5553 782 5616 liae,
794 5564 957 5612 voces,
979 5549 1359 5616 quoda’gualem
1383 5554 1428 5616 te
1453 5550 1549 5616 _De_o
1569 5554 1765 5616 putares
1789 5550 2020 5616 (ξσοβειαν
2046 5568 2161 5616 patv-

584 5607 1018 5738 :lggtieiﬁgdesun't
1038 5615 1086 5664 in
1110 5607 1308 5674 Μαι-ειη
1335 5611 1424 5662 sed
1450 5607 1698 5663 habentur
1720 5612 1771 5661 in
1796 5607 1952 5662 'Savil.
1989 5607 2157 5663 et'allo

1236 235 1292 289 S.
1334 231 1610 290 JO.\NNIS
1650 231 2127 289 CHRYSOSTOMI
2160 232 2473 290 ARCIIIEP.
2514 232 3046 290 CONSTANTINOP.

3581 233 3799 291 .15!

2210 348 2396 404 niisset
2427 365 2440 404 :
2469 347 2564 404 sed
2595 357 2650 403 ut
2698 350 2953 418 reprimat
2994 356 3235 402 nostrum
3264 347 3330 402 ad
3375 345 3640 404 deteriora
3667 363 3806 418 pro—

2207 454 2448 510 gressum
2473 479 2489 505 ,
2535 449 2592 495 et
2648 439 2798 494 tollat
2837 433 3094 494 malitiam
3147 437 3371 492 ulterius
3411 446 3744 508 grassantem
3782 477 3805 506 ,

2211 546 2360 586 suam
2410 531 2674 589 servando
2721 529 3140 586 misericordiam
3169 569 3184 593 ,
3229 528 3424 598 punit:
3457 528 3509 582 id
3552 528 3694 599 quod
3743 537 3809 584 et

2215 639 2355 680 nunc
2395 624 2539 680 fecit.
2569 621 2764 679 Curam
2807 624 2950 678 enim
2993 636 3157 692 agens
3201 620 3499 691 primigenii
3529 620 3808 684 hominis,

2215 715 2334 785 ejici
2365 717 2535 786 ipsum
2583 731 2615 772 e
2639 714 2886 786 paradiso
2915 715 3184 785 praecepit.
3232 713 3322 768 25.
3352 712 3419 767 Et
3447 714 3608 767 emisit
3654 714 3813 788 illum

2219 806 2466 862 Dominus
2511 807 2647 861 Deus
2691 823 2754 861 ea:
2791 806 3029 876 paradiso
3065 805 3363 876 voluptatis,
3410 815 3464 859 ut
3509 815 3817 876 operaretur

2218 903 2403 949 terram
2429 897 2492 950 de
2515 913 2615 966 qua
2659 906 2888 967 sumptas
2917 904 3006 950 est.
3040 894 3232 950 lterum
3261 910 3379 960 oro,
3412 905 3470 949 ut
3498 895 3584 951 hic
3609 895 3817 950 divina:

2219 984 2508 1055 Scriptum
2531 986 2854 1056 diligentiam
2873 984 3072 1039 videas.
3099 984 3466 1051 Emisitillum,
3493 985 3684 1056 inquit,
3711 984 3820 1039 Do-

2223 1078 2392 1132 minus
2416 1077 2556 1133 Deus
2584 1094 2649 1132 ea:
2689 1077 2931 1147 paradiso
2973 1077 3247 1146 voluptatis
3266 1118 3280 1141 ,
3305 1086 3359 1130 ut
3386 1087 3682 1142 operaretur
3706 1087 3818 1130 ter-

2223 1186 2333 1223 ram
2359 1168 2537 1238 degua
2575 1179 2806 1240 sumptus
2827 1179 2918 1222 est.
2950 1168 3088 1222 Ecce
3119 1167 3435 1220 sententiam
3458 1181 3608 1221 suam
3637 1167 3818 1234 rcipsa

2226 1260 2569 1330 exsequitur;
2619 1268 2675 1315 et
2715 1275 2785 1315 ex
2816 1259 3064 1330 paradiso
3088 1259 3375 1329 voluptatis
3415 1259 3665 1329 ejectum,
3700 1269 3822 1315 ter-

2227 1366 2341 1405 ram
2369 1351 2435 1405 de
2459 1365 2562 1421 qua
2602 1358 2845 1420 sumptus
2867 1359 2983 1404 erat
3009 1349 3218 1419 operari
3261 1349 3432 1420 jubet.
3459 1348 3569 1404 Nec
3610 1357 3822 1404 temere

2228 1444 2394 1509 dixit,
2423 1443 2496 1498 De
2533 1460 2632 1514 qua
2653 1452 2881 1513 sumptus
2908 1452 2982 1496 est
3009 1457 3028 1495 :
3057 1441 3150 1496 sed
3194 1450 3252 1494 ut
3284 1449 3538 1510 perpetuo
3567 1454 3815 1494 commo-

2233 1537 2454 1591 nelicret
2497 1534 2811 1589 humilitatis
2855 1534 2994 1588 inter
3021 1531 3347 1602 operandum
3375 1585 3379 1587 ,
3408 1530 3656 1604 scireque
3695 1543 3828 1600 pos-

2232 1635 2316 1683 set
2337 1641 2396 1681 se
2422 1625 2544 1680 inde
2569 1639 2689 1680 esse
2714 1625 3086 1688 constitutum,
3115 1631 3172 1676 et
3193 1620 3544 1675 substantiam
3575 1620 3827 1690 corporis

2234 1735 2301 1775 ex
2347 1728 2488 1774 terra
2539 1717 2737 1772 habere
2779 1716 2846 1771 ab
2875 1716 3026 1770 initio
3057 1733 3070 1770 :
3103 1723 3162 1768 ut
3199 1713 3344 1766 illam
3385 1712 3585 1782 ipsam,
3612 1711 3823 1781 inquit,

2235 1820 2487 1884 Operetur
2516 1819 2736 1873 terram,
2765 1824 2831 1864 ex
2856 1824 2958 1879 qua
2986 1817 3039 1862 et
3059 1808 3173 1876 ipse
3206 1804 3526 1860 constitutus
3554 1813 3658 1860 est.
3687 1803 3826 1858 Nam

2238 1906 2340 1960 hoc
2365 1903 2504 1975 quod
2534 1905 2587 1958 in
2621 1901 2882 1957 sententia
2931 1899 3142 1955 dicebat
3163 1939 3181 1962 ,
3229 1896 3295 1951 ιη
3333 1897 3517 1950 sudore
3546 1895 3693 1966 [aciei
3725 1905 3834 1948 ture

2238 1997 2445 2051 vesceris
2494 2011 2624 2064 pane
2661 2003 2745 2048 tuo
2787 2008 2806 2047 :
2838 1991 3065 2061 idipsutn
3119 1997 3176 2044 et
3221 2003 3360 2042 nunc
3403 1987 3564 2051 dicit,
3613 1985 3829 2055 quando

2241 2088 2428 2158 inquit,
2458 2085 2526 2142 Ut
2551 2093 2844 2157 operaretur
2878 2093 3063 2137 terram
3091 2081 3152 2134 de
3169 2095 3270 2150 qua
3294 2087 3522 2146 sumptus
3550 2085 3643 2130 est.
3675 2075 3832 2129 Post-

2244 2181 2359 2245 hac,
2394 2188 2449 2234 ut
2470 2179 2739 2234 discamus
2767 2183 2966 2246 quanto
2986 2173 3346 2242 spatioipsum
3375 2183 3404 2222 a
3433 2166 3678 2237 paradiso
3706 2165 3829 2221 col-

2243 2269 2473 2335 locavit,
2517 2269 2675 2323 etiam
2718 2265 2845 2320 illud
2873 2265 3044 2334 ipsum
3071 2262 3347 2330 Scriptura
3390 2259 3570 2313 divina
3602 2272 3700 2312 nos
3724 2255 3830 2311 do-

2241 2368 2363 2416 cet:
2387 2359 2478 2415 24.
2509 2359 2768 2429 Ejecitqne
2811 2355 3057 2410 Dominus
3097 2352 3234 2406 Deus
3261 2350 3456 2416 Adam,
3481 2356 3528 2403 et
3565 2346 3835 2402 collocavit

2242 2469 2357 2507 eum
2384 2468 2410 2505 e
2428 2451 2628 2521 regione
2653 2448 2877 2520 paradisi
2905 2445 3196 2517 voluptatis.

2318 2541 2420 2595 Cur
2437 2555 2499 2594 ea:
2513 2540 2720 2593 adverso
2737 2537 2963 2608 paradisi
2987 2539 3180 2607 positus
3193 2532 3496 2588 Adam.—-A
3504 2530 3837 2586 nimadrertc

2243 2645 2583 2687 communem
2603 2629 2882 2683 Dominum
2899 2635 3139 2680 nostrum
3159 2625 3212 2678 in
3233 2621 3456 2694 singulis
3469 2621 3720 2692 cperibus
3743 2621 3836 2674 bc-

2247 2723 2517 2794 niguitatis
2534 2731 2901 2793 argumentum
2923 2718 3198 2780 exhibere,
3218 2725 3275 2771 et
3302 2715 3534 2785 singulas
3554 2728 3836 2783 plenarum

2247 2817 2454 2886 species
2484 2814 2720 2869 bonitate
2745 2813 2927 2884 plenas
2952 2824 3092 2866 esse.
3120 2808 3235 2862 Non
3263 2807 3405 2861 enim
3427 2806 3529 2860 hoc
3542 2805 3715 2860 solum
3734 2803 3838 2858 mi-

2249 2907 2555 2963 scricordizr.
2568 2914 2623 2961 et
2641 2902 2981 2974 benignitatis
2991 2907 3363 2970 argumentum
3381 2904 3516 2962 erat,
3533 2895 3674 2965 quod
3687 2894 3842 2949 emit-

2251 3007 2386 3053 teret
2409 3008 2462 3052 et
2489 2997 2738 3066 ejiceret;
2762 2995 2855 3048 sed
2878 3004 2930 3048 et
2969 2991 3108 3062 quod
3137 2990 3283 3044 illum
3322 2997 3506 3043 contra
3533 2985 3839 3057 paradisum

2250 3090 2554 3152 collocaret,
2575 3097 2631 3140 nt
2655 3087 2834 3157 jugem
2851 3084 3088 3139 dolorem
3110 3081 3325 3135 haberet
3342 3079 3577 3150 quotidie
3597 3077 3841 3147 cogitans

2254 3180 2396 3235 unde
2418 3179 2724 3246 exciderat,
2754 3187 2809 3232 et
2853 3177 2906 3231 in
2927 3190 3082 3246 quem
3114 3182 3310 3228 statum
3337 3187 3396 3227 se
3418 3172 3740 3242 conjccerat.
3774 3170 3842 3224 Et

2253 3270 2495 3341 quamvis
2540 3268 2838 3338 gravissimi
2883 3265 3086 3322 doloris
3138 3263 3502 3333 spectaculum
3545 3269 3725 3325 esset,
3756 3270 3839 3314 ta-

2255 3379 2375 3420 men
2403 3377 2607 3433 magna:
2629 3361 2868 3416 utilitatis
2891 3367 3007 3414 erat
3030 3357 3262 3424 occasio,
3287 3365 3344 3410 ut
3372 3355 3564 3411 dolens
3585 3355 3841 3408 continuo

2199 3519 2203 3522 _
2255 3463 2493 3527 aspectu,
2528 3453 2784 3509 munitior
2810 3461 2862 3507 et
2890 3452 3096 3506 eautior
3117 3457 3262 3504 esset
3292 3449 3342 3502 in
3373 3447 3491 3502 aliis
3511 3488 3526 3514 ,
3551 3461 3619 3501 ne
3648 3446 3843 3501 iterum

2256 3549 2308 3602 in
2335 3545 2519 3601 eadem
2545 3554 2756 3615 peccata
2786 3541 3068 3597 incideret.
3105 3539 3236 3594 Nam
3263 3537 3515 3608 quoniam
3552 3537 3639 3592 hic
3664 3535 3842 3591 homi-

2257 3641 2341 3695 nis
2368 3650 2422 3694 ut
2449 3639 2734 3711 plurimum
2760 3651 2876 3692 mos
2895 3644 2997 3702 est,
3031 3643 3088 3689 ut
3114 3634 3240 3688 dum
3261 3632 3417 3688 bonis
3445 3632 3691 3696 fruimur,
3715 3629 3844 3699 ipsis

2258 3740 2316 3786 ut
2351 3739 2561 3800 oportet
2597 3731 2671 3785 uti
2699 3729 3001 3784 nesciamus
3024 3767 3038 3790 ,
3069 3726 3278 3780 illorum
3320 3722 3616 3792 privatione
3655 3735 3844 3774 cmen-

2258 3821 2467 3886 damur,
2499 3831 2552 3876 et
2591 3830 2717 3874 tunc
2741 3819 3067 3889 experientia
3092 3815 3234 3870 docti
3259 3813 3462 3868 sentire
3489 3821 3725 3867 nostram
3749 3811 3845 3866 de-

2259 3913 2446 3968 sidiam
2476 3913 2791 3982 incipimus,
2822 3920 2981 3981 atque
3029 3910 3101 3964 ita
3150 3918 3293 3962 tanta
3344 3921 3526 3961 rerum
3549 3903 3846 3959 mutatione

2259 4006 2534 4069 docemur,
2560 4013 2615 4057 et
2639 4018 2668 4056 a
2694 4002 2888 4073 quibus
2907 3999 3202 4056 excidimus
3219 4041 3234 4067 ,
3259 4010 3312 4054 et
3341 3998 3534 4069 quibus
3576 4011 3674 4051 nos
3701 3997 3848 4064 ipsos

2261 4097 2415 4153 malis
2435 4095 2900 4152 circumdedimus.
2926 4093 3108 4162 Itaque
3134 4092 3276 4163 quod
3309 4107 3472 4162 prope
3496 4096 3553 4145 et
3574 4105 3608 4146 e
3626 4089 3849 4158 regione

2263 4189 2490 4260 paradisi
2529 4203 2653 4244 eum
2698 4186 2789 4256 qui
2835 4186 2978 4240 illinc
3031 4184 3302 4240 exciderat
3351 4182 3588 4237 habitare
3651 4179 3843 4251 jussit,

2263 4282 2507 4337 maxima:
2551 4279 2897 4350 providentia:
2923 4287 2978 4334 et
3013 4291 3156 4332 cura:
3201 4277 3410 4346 signum
3456 4274 3553 4328 fuit
3580 4315 3596 4338 ,
3623 4282 3681 4327 ιιι
3721 4287 3848 4341 spe-

2263 4375 2460 4429 ctando
2487 4388 2692 4427 memor
2712 4380 2856 4427 esset
2884 4380 2940 4426 et
2964 4369 3086 4424 inde
3112 4369 3315 4423 lucrum
3340 4367 3558 4431 faceret,
3585 4379 3651 4419 ac
3675 4377 3851 4433 neque

2265 4467 2547 4521 immodica
2567 4464 2777 4518 vivendi
2801 4461 3254 4532 concupiscentia,
3288 4459 3371 4513 vel
3401 4457 3529 4513 foris
3557 4455 3847 4521 exsistens,

2264 4557 2331 4612 de
2360 4557 2500 4627 ligno
2521 4554 2802 4610 comedere
2822 4560 3190 4624 przesumeret.
3211 4551 3393 4606 Divina
3415 4548 3555 4604 enim
3579 4546 3850 4615 Scriptura

2265 4651 2441 4706 omnia
2469 4649 2644 4714 nobis,
2664 4656 2819 4718 prout
2847 4655 3043 4702 nostrze
3071 4643 3362 4700 inﬁrmitati
3384 4648 3704 4711 congruunt,
3729 4651 3856 4691 nar-

2265 4753 2370 4797 rat.
2399 4741 2467 4795 Et
2492 4740 2751 4796 collocavit
2795 4739 3060 4794 Cherubim
3089 4749 3134 4792 et
3162 4738 3450 4808 ﬂammeum
3477 4732 3709 4805 gladium
3738 4745 3854 4784 ver-

2265 4835 2460 4890 satilcnt
2488 4833 2554 4887 ad
2591 4831 2971 4887 custodiendam
3005 4832 3137 4884 viam
3170 4830 3294 4900 ligni
3328 4829 3457 4882 vitta.
3489 4823 3854 4896 Negligentia,
3926 4822 3932 4828 ”

2267 4943 2424 4999 quam
2461 4926 2569 4998 jam
2614 4926 2756 4981 circa
2799 4923 3050 4980 traditum
3096 4930 3420 4993 prarceptum
3461 4917 3854 4980 exbibuerant,

2269 5023 2321 5076 in
2351 5037 2508 5076 causa
2539 5021 2636 5075 fuit
2658 5028 2714 5074 ut
2759 5028 2900 5074 tanta
2946 5017 3194 5072 cautione
3234 5015 3410 5071 aditus
3437 5014 3566 5084 ipsis
3595 5011 3854 5068 interclu-

2268 5115 2502 5172 deretur.
2521 5113 2901 5170 Animadverte
2914 5111 3000 5165 hic
3017 5111 3303 5181 benignum
3323 5110 3487 5162 Deum
3507 5121 3612 5161 non
3632 5114 3854 5160 conten-

2276 5216 2386 5260 tum
2421 5205 2582 5260 fuisse
2608 5204 2878 5258 hominem
2906 5216 2937 5257 e
2967 5199 3183 5270 regione
3212 5199 3444 5270 paradisi
3469 5197 3731 5262 habitare,
3759 5194 3855 5249 sed

2271 5298 2588 5371 praecepisse
2613 5299 2770 5353 etiam
2792 5336 2806 5359 ,
2836 5303 2894 5348 ut
2919 5293 3140 5347 virtutes
3170 5293 3274 5346 illa:
3302 5289 3589 5347 Cherubim
3619 5295 3674 5342 et
3699 5283 3856 5340 [lam-

2272 5407 2422 5448 meus
2450 5390 2656 5462 gladius
2687 5387 2778 5442 ille
2804 5385 3070 5441 versatilis
3098 5383 3433 5439 custodirent
3452 5382 3618 5443 viam,
3649 5392 3770 5449 quae
3796 5375 3857 5435 il-

2271 5484 2358 5538 Iuc
2388 5481 2688 5537 inducebat.
2723 5479 2831 5534 Nec
2857 5477 3060 5547 absque
3081 5491 3242 5531 causa
3272 5475 3493 5542 addidit,
3529 5468 3859 5530 l’ersatilem,

2270 5573 2363 5632 sed
2392 5572 2650 5627 utdoceat
2695 5584 2824 5634 nos,
2857 5583 3072 5624 omnem
3102 5568 3238 5622 viam
3272 5565 3364 5622 illo
3404 5565 3689 5620 ducentem
3717 5573 3856 5628 prae-

2273 5664 2476 5720 clusatu
2523 5661 2682 5718 fuisse
2707 5701 2721 5731 ,
2746 5676 2817 5719 eo
2838 5658 2977 5733 quod
3012 5658 3218 5733 gladius
3258 5654 3346 5715 ille
3370 5657 3497 5715 dum
3529 5659 3852 5711 versaretur.
