4122 6204
331 249 434 308 I53

328 365 606 420 obturaret
646 366 705 415 et
742 354 1091 428 prauuuniret
1127 365 1318 408 omnes
1350 351 1463 407 vias
1492 365 1609 420 qua!
1639 349 1731 404 illo
1758 348 1914 408 duoe-

331 466 454 513 rcnt
475 496 492 521 ,
523 463 581 509 et
609 461 669 508 ut
703 450 1012 506 continuam
1040 446 1355 503 memoriam
1394 453 1448 501 et
1474 445 1722 499 timorem
1773 442 1921 497 incu-

333 560 449 602 tere
476 545 550 600 illi
578 550 760 613 posset
791 542 832 593 ³.

405 636 459 691 4.
501 633 667 688 Adam
691 640 860 684 autem
886 627 1115 700 cognovit
1143 625 1306 681 Evam
1330 640 1541 680 uxorem
1556 639 1703 679 suam
1743 621 1762 695 (
1789 620 1919 692 Cap.

334 729 385 781 ι.
423 744 469 779 υ.
502 724 579 795 1).
607 721 901 778 Considera
948 718 1162 790 quando
1200 718 1303 772 hoc
1333 715 1526 771 factum
1565 717 1657 770 sit.
1685 715 1810 769 Post
1839 715 1924 767 in-

335 814 714 877 obedientiam,
736 818 857 880 post
886 807 1117 879 paradisi
1144 806 1509 870 amissionem,
1530 815 1659 860 tunc
1695 804 1924 874 primum

337 920 466 959 usus
497 904 571 958 rei
604 914 850 957 venerem
903 898 1086 968 coepit.
1133 898 1273 952 Ante
1317 895 1732 951 inobedientiam
1781 893 1924 949 enim

339 995 635 1065 angelicam
669 993 829 1047 vitam
863 990 1228 1055 imitabantur,
1258 997 1313 1044 et
1334 987 1511 1043 nullus
1534 986 1600 1042 de
1618 1002 1676 1042 re
1699 998 1924 1040 venerea

339 1102 519 1142 seruio
546 1094 662 1139 erat
709 1084 809 1149 Qui
831 1082 974 1137 enim
997 1081 1187 1151 potuit,
1209 1094 1331 1133 cum
1362 1093 1534 1149 neque
1560 1075 1928 1145 Cl)l‘§.0l'3iiblls

343 1174 744 1231 necessitatibus
767 1171 979 1226 obnoxii
1001 1169 1235 1225 fuerint?
1266 1169 1445 1239 Itaque
1470 1168 1537 1222 ab
1568 1168 1719 1221 initio
1766 1165 1930 1235 virgi—

347 1268 483 1322 nitas
507 1267 735 1335 palmam
762 1264 1085 1334 principatus
1115 1263 1317 1332 accepit
1352 1280 1365 1316 :
1395 1261 1486 1316 sed
1513 1269 1789 1331 postquam
1838 1274 1931 1328 per

347 1359 603 1415 desidiam
628 1358 843 1413 intravit
868 1355 1245 1419 inobedientia,
1299 1362 1355 1407 et
1404 1353 1579 1408 aditus
1635 1351 1931 1423 patefactus

344 1464 431 1511 est
460 1462 698 1524 peccato,
730 1451 817 1504 illa
845 1447 1058 1520 quidem
1080 1447 1333 1513 avolavit,
1383 1456 1569 1517 utpote
1624 1446 1693 1501 ab
1739 1444 1803 1499 iis
1844 1443 1934 1512 qui

350 1546 548 1615 indigni
580 1552 739 1598 tantm
765 1541 979 1596 virtuLis
1005 1539 1373 1610 magnitudine
1410 1538 1533 1593 facti
1580 1546 1733 1592 erant
1760 1550 1776 1589 :
1805 1535 1932 1589 sub-

352 1637 567 1693 intravit
591 1644 768 1688 autem
817 1633 901 1687 lex
942 1644 1279 1701 congressus.
1309 1630 1490 1700 Cogita
1516 1628 1692 1698 igitur,
1719 1626 1934 1692 dilecte,

351 1738 547 1799 quanta
568 1725 894 1797 virginitatis
915 1724 1164 1794 dignitas,
1199 1736 1357 1792 quam
1389 1718 1630 1776 sublimis
1661 1725 1716 1774 et
1743 1730 1937 1787 magna

349 1819 641 1890 possessio,
669 1833 788 1887 qua:
809 1817 880 1871 sit
908 1830 1068 1884 supra
1092 1814 1375 1868 Immanam
1407 1821 1649 1867 naturam
1674 1850 1691 1875 ,
1738 1818 1793 1865 et
1820 1823 1939 1879 qua:

355 1924 491 1979 opus
520 1909 714 1964 habeat
742 1923 902 1962 manu
922 1908 944 1938 ²
974 1921 1226 1975 superna.
1253 1904 1404 1973 Quod
1426 1903 1570 1959 enim
1595 1902 1628 1957 ii
1659 1902 1747 1972 qui
1773 1900 1936 1971 virgi-

359 2000 578 2054 nitatem
607 1999 851 2054 alacriter
875 1995 1157 2066 arripiunt,
1187 1996 1241 2050 in
1264 2009 1491 2063 corpore
1518 2007 1582 2049 ea
1624 2000 1784 2062 agant
1820 2004 1938 2061 quae

365 2089 796 2158 incorporearum
819 2096 946 2143 sunt
972 2086 1249 2153 virtutum,
1279 2086 1402 2140 audi
1428 2083 1701 2139 Christum
1729 2082 1940 2139 Saddu-

360 2186 492 2235 cans
518 2178 823 2235 dicentem:
857 2193 978 2233 nam
1030 2178 1099 2233 de
1148 2176 1542 2233 resurrectione
1592 2172 1941 2245 quaestionem

363 2278 666 2338 moventes,
689 2270 1023 2325 sciscitantes
1036 2269 1283 2324 dicebant
1306 2284 1322 2321 :
1347 2267 1608 2336 Magister,
1640 2274 1780 2319 erant
1800 2263 1941 2334 apud

363 2376 457 2416 nos
478 2348 667 2430 septem
685 2366 887 2433 fratres,
915 2371 962 2415 et
989 2363 1184 2432 primus
1206 2376 1362 2415 uxore
1385 2359 1537 2413 ducta
1556 2358 1823 2427 defunctus
1850 2364 1942 2423 est,

362 2470 464 2509 non
491 2453 676 2508 habens
704 2453 908 2521 liberos,
936 2463 984 2508 et
1009 2453 1199 2507 dimisit
1236 2468 1445 2506 uxorem
1483 2466 1630 2505 suam
1656 2449 1805 2520 fratri
1832 2464 1945 2502 suo.

367 2544 613 2599 Similiter
631 2554 680 2598 et
704 2544 979 2611 secundus,
1012 2554 1059 2599 et
1084 2545 1276 2610 tertius,
1310 2552 1355 2596 et
1383 2551 1612 2612 quartus,
1641 2550 1689 2593 et
1712 2539 1943 2611 quintus,

366 2643 413 2688 et
438 2644 631 2700 sextus,
652 2644 700 2688 et
726 2636 984 2705 septimus.
1018 2633 1081 2689 In
1111 2634 1478 2689 resurrectione
1521 2649 1639 2703 ergo
1656 2633 1802 2704 cujus
1825 2647 1852 2685 e
1872 2648 1953 2686 se-

368 2734 505 2793 ptem
529 2724 631 2779 illis
657 2725 751 2778 erit
771 2724 943 2779 uxor?
971 2724 1156 2795 Omnes
1179 2725 1311 2779 enim
1325 2724 1602 2778 habuerunt
1621 2722 1781 2776 illam.
1812 2720 1950 2788 Quid

370 2815 532 2886 igitur
569 2815 699 2871 dicit
725 2816 828 2871 illis
846 2814 1130 2873 Christus?
1156 2807 1379 2879 Erratis,
1408 2816 1684 2869 nescientes
1713 2812 1955 2881 Scripta-

371 2922 476 2969 ras,
501 2923 661 2976 neque
679 2909 907 2962 virtutem
936 2906 1052 2962 Dei.
1097 2908 1164 2963 In
1210 2906 1572 2961 resurrectione
1611 2906 1745 2958 enim
1796 2918 1955 2972 neque

373 3013 555 3053 uxores
573 2998 783 3063 ducunt,
838 3015 996 3069 neque
1039 2998 1257 3065 nubunt,
1310 2998 1398 3051 sed
1444 3006 1560 3051 sunt
1618 2996 1747 3050 sicut
1791 2995 1958 3063 angeli

375 3092 605 3161 (Matth.
660 3092 749 3147 22.
806 3093 998 3150 25-50.
1070 3093 1196 3148 Luc.
1259 3092 1351 3148 20.
1417 3092 1609 3148 28-36.
1680 3099 1727 3145 et
1787 3088 1954 3143 Marc.

377 3184 464 3239 l2.
498 3184 708 3256 19-25).
738 3185 925 3242 Vidisti
953 3185 1222 3256 quomodo
1271 3187 1323 3240 in
1349 3193 1487 3240 terra
1517 3183 1875 3247 ambulantes,
1903 3190 1958 3234 et

377 3291 599 3347 corpore
635 3278 947 3334 circumdati
976 3279 1269 3349 angelicam
1330 3278 1491 3332 vitam
1545 3275 1819 3330 imitantur
1870 3272 1956 3343 qui

376 3365 574 3422 Christi
611 3382 796 3423 antore
823 3367 1142 3437 virginitatis
1196 3376 1394 3422 sortem
1440 3365 1800 3435 acceperunt?
1827 3363 1959 3418 Nam

379 3467 579 3526 quanto
599 3458 712 3512 luce
736 3459 909 3528 major
949 3468 1033 3513 est
1084 3467 1139 3513 et
1184 3458 1484 3525 sublimior,
1534 3465 1683 3512 tanto
1730 3456 1963 3525 majores

378 3558 506 3604 sunt
544 3559 596 3604 et
624 3565 857 3616 cornuto,
886 3562 941 3606 et
970 3552 1364 3618 retributiones,
1414 3560 1470 3606 et
1498 3549 1821 3620 repromissa
1863 3550 1963 3605 bo-

384 3654 451 3693 na
478 3654 663 3693 eorum
680 3640 909 3708 quicum
939 3639 1039 3694 hac
1063 3641 1116 3694 in
1146 3639 1266 3694 aliis
1293 3640 1445 3694 bonis
1466 3640 1792 3709 operibusse
1811 3654 1966 3692 exer-

381 3741 527 3787 cent.
553 3730 715 3785 Adam
731 3742 916 3799 autem,
945 3732 1131 3802 inquit,
1155 3730 1558 3803 cognoritEvam
1580 3746 1964 3798 mremsuam,

378 3824 707 3890 «concepit,
739 3833 786 3877 et
816 3826 1007 3895 peperit
1033 3823 1181 3878 Cain.
1217 3822 1498 3892 Postquam
1529 3836 1625 3892 per
1649 3820 1961 3875 inobedien-

384 3917 513 3972 tiam
545 3916 764 3971 intravit
786 3926 1082 3986 peccatum,
1112 3926 1167 3971 et
1187 3914 1449 3970 sententia
1479 3913 1733 3969 mortales
1753 3912 1872 3967 illos
1894 3913 1968 3968 le-

383 4008 477 4073 cit,
506 4014 898 4075 consequenter
925 4006 1265 4074 omnipotens
1305 4004 1444 4059 Deus
1470 4001 1763 4058 secundum
1816 4017 1967 4061 suam

388 4096 703 4165 sapientiam
724 4095 943 4151 humani
987 4095 1199 4167 generis
1226 4093 1590 4165 propagationi
1630 4094 1916 4147 consulens
1949 4130 1966 4156 ,

382 4188 649 4243 concessit
692 4202 791 4258 per
814 4188 1011 4242 coitum
1040 4196 1252 4241 auctum
1282 4186 1347 4241 iri
1375 4194 1616 4240 nostrum
1660 4196 1849 4254 genus.
1900 4181 1968 4235 Et

384 4277 534 4340 dixit,
569 4275 778 4332 Possedi
806 4277 1056 4332 hominem
1083 4293 1172 4348 per
1200 4275 1385 4332 Deum.
1414 4274 1546 4331 Vide
1565 4273 1836 4345 quomodo
1853 4287 1969 4344 pm-

386 4369 681 4425 nminllicta
710 4371 989 4425 mulierem
1012 4368 1398 4435 emendaverit,
1430 4368 1816 4437 melioremque
1845 4366 1970 4422 red-

385 4463 607 4520 diderit.
632 4462 763 4519 Nam
793 4464 1026 4533 puellum
1071 4471 1253 4517 natum
1297 4477 1402 4515 non
1447 4469 1651 4515 natura:
1674 4499 1689 4522 .
1714 4457 1809 4516 sed
1861 4458 1972 4513 Deo

385 4563 662 4625 acceptum
685 4555 870 4622 refert,
900 4561 1215 4624 gratumque
1241 4552 1479 4606 animum
1502 4550 1758 4606 declarat.
1779 4548 1971 4605 Vidisti

387 4645 660 4715 quomodo
681 4661 838 4716 pcena
865 4645 1246 4700 admonitionis
1269 4643 1388 4698 loco
1409 4643 1514 4698 illis
1539 4640 1736 4696 fuerit?
1763 4638 1973 4696 Possedi

387 4737 556 4800 enim,
577 4738 767 4808 inquit,
791 4737 1044 4791 hominem
1073 4751 1161 4807 per
1184 4733 1371 4789 Deum.
1395 4733 1511 4789 Non
1542 4744 1755 4797 natura,
1778 4731 1970 4801 inquit,

391 4828 668 4897 puerulum
698 4828 827 4883 mihi
848 4826 1021 4894 dedit,
1052 4826 1145 4883 sed
1174 4826 1352 4881 divina
1374 4825 1561 4895 gratia.
1588 4821 1644 4876 ἓ.
1679 4822 1741 4876 Et
1787 4822 1974 4892 adjecit

390 4929 444 4973 ut
472 4928 669 4988 pareret
688 4923 896 4989 fratrem
924 4918 1063 4973 illius
1091 4916 1232 4972 Abel.
1261 4916 1392 4982 Quia
1423 4928 1523 4985 pro
1548 4922 1673 4968 nato
1701 4912 1969 4982 liliograta

389 5010 511 5076 luit,
542 5021 596 5066 et
622 5010 771 5081 prius
799 5010 1118 5065 beneﬁcium
1155 5007 1392 5079 agnovit,
1448 5013 1737 5075 assequuta
1779 5011 1862 5058 est
1920 5012 1976 5057 et

456 5145 474 5175 ι
510 5150 619 5193 Post
641 5143 730 5193 has
755 5155 917 5201 voces,
940 5141 1153 5204 incutere
1174 5135 1254 5191 illi
1267 5145 1439 5204 νομαί,
1479 5134 1800 5204 sic_claudunt

389 5202 503 5254 liatn
522 5206 622 5255 duo
644 5213 746 5254 stas.
775 5194 805 5253 εί
986 5202 1255 5274 gratiarum
1268 5194 1485 5274 actiones
1504 5194 1977 5274 offeranuts‘t‘ltristo

390 5279 459 5316 ac:
473 5280 504 5316 ο
523 5276 626 5328 Deo
648 5275 809 5318 nostro
823 5256 972 5328 {quia
986 5256 1151 5328 ipsum
1171 5265 1308 5314 decet
1344 5261 1516 5327 gloria.
1533 5256 1812 5328 "imperium,
1826 5256 1976 5328 {totum

389 5334 436 5377 et
465 5327 701 5391 adoratio,
726 5319 850 5378 mine
871 5319 917 5378 "et
941 5319 1148 5391 δρύψεν,
1174 5333 1268 5377 etc.
1294 5319 1537 5388 ﬁt'postea
1559 5319 1803 5371 heminam
1830 5319 1885 5369 l9
1906 5319 1977 5368 sic

388 5389 692 5440 Oﬁlium:

830 5447 1037 5499 Παντίκα
1069 5447 1146 5497 19.

456 5511 608 5561 Adam
623 5517 783 5561 autem
815 5511 1027 5571 cognorit
1053 5519 1197 5560 erant
1237 5520 1441 5559 uxorem
1464 5517 1685 5571 suam...
1710 5511 1761 5552 et
1783 5508 1977 5571 textum

391 5580 771 5638 mutuantur,
798 5562 1125 5638 da't'tdtmtque
1141 5575 1191 5621 in
1208 5571 1312 5619 haec
1336 5571 1566 5631 verba,et
1598 5564 1720 5619 Cain
1740 5562 1975 5628 agricola.

456 5634 478 5667 ³
511 5633 713 5694 Quidam
734 5643 862 5694 ωδε..
879 5633 1056 5698 gratia,
1085 5646 1190 5697 pro.
1214 5643 1377 5686 nm.

1518 237 1581 292 ΙΝ
1618 235 1771 292 CAP-
1811 231 1898 289 IV.
1942 232 2184 289 CENES.
2227 234 2454 291 IIOMIL
2500 234 2683 290 XVI".

3504 235 3607 292 liii

2025 350 2191 405 aliud.
2219 351 2362 407 'I‘alis
2386 353 2528 407 enim
2556 363 2640 408 est
2660 352 2914 409 Dominus
2944 368 3163 408 nomen
3192 351 3403 424 quando
3424 352 3477 407 in
3500 356 3607 425 pri-

2028 442 2129 496 mis
2171 452 2375 512 gratum
2418 443 2653 497 animum
2701 441 3067 507 declaramus,
3113 451 3167 498 ct
3207 439 3605 498 benefactorum

2026 536 2385 605 agnoscimus,
2430 536 2626 606 largius
2655 549 2751 590 sua
2780 535 2918 590 dona
2968 536 3118 589 nobis
3163 544 3368 605 erogat.
3429 534 3610 605 Itaque

2027 629 2147 697 quia
2170 639 2221 683 et
2250 629 2344 682 ista
2376 629 2482 684 Deo
2502 637 2718 698 partum
2748 627 3047 697 adscripsit,
3081 638 3356 699 propterea
3379 637 3431 682 et
3447 627 3608 683 alium

2028 718 2217 789 accipit
2235 720 2534 790 puerulum.
2567 719 2784 774 Summa
2812 718 2975 781 enim,
3032 728 3377 788 posteaquam
3422 718 3609 773 subin-

2034 811 2194 865 travit
2232 812 2548 876 mortalitas,
2578 810 2872 865 consolatio
2912 819 3026 864 erat
3067 808 3289 863 filiorum
3317 824 3609 863 successio.

2033 904 2099 958 Et
2130 902 2327 957 idcirco
2353 902 2612 973 benignus
2648 903 2787 956 Deus
2814 899 2994 955 statim
3041 898 3109 953 ab
3162 898 3312 953 initio
3359 896 3611 967 puniendi

2031 996 2371 1050 severitatem
2397 995 2737 1057 imminuens,
2769 1002 2821 1047 et
2849 991 3139 1047 terribilem
3172 991 3189 1022 ¹
3219 989 3408 1043 mortis
3428 1004 3613 1057 perso-

2032 1102 2154 1141 nam
2177 1086 2445 1152 auferens,
2488 1085 2779 1140 Iiberorum
2807 1084 3199 1137 successionem
3232 1080 3454 1151 largitus
3482 1090 3562 1135 est
3587 1120 3603 1143 ,

2034 1176 2429 1247 quodammodo
2456 1177 2742 1247 imaginem
2773 1173 3179 1229 resurrectionis
3211 1188 3305 1242 per
3347 1170 3447 1225 huc
3492 1168 3618 1224 sub-

2035 1268 2291 1333 indicans,
2326 1278 2379 1322 ct
2400 1268 2734 1338 diSpensans,
2765 1274 2821 1320 ut
2847 1281 2942 1336 pro
2963 1264 3276 1319 cadentibus
3318 1263 3407 1316 alii
3437 1277 3619 1316 resur-

2036 1370 2184 1432 gant.
2215 1359 2281 1413 Et
2309 1364 2475 1431 factus
2494 1369 2589 1426 est,
2622 1358 2815 1429 inquit,
2848 1356 2971 1411 Abel
2997 1365 3170 1425 pastor
3189 1354 3355 1408 ovium
3379 1370 3398 1419 ;
3420 1360 3466 1405 et
3489 1350 3615 1405 Cain

2037 1452 2341 1523 operabatur
2360 1461 2562 1505 terram.
2585 1451 2769 1505 Docuit
2791 1465 2887 1504 nos
2913 1448 3088 1503 divina
3116 1445 3414 1517 Scriptura,
3462 1459 3620 1515 quam

2047 1555 2270 1615 uterque
2296 1553 2541 1599 natorum
2566 1553 2733 1598 artem
2756 1540 3075 1606 exercuerit,
3115 1547 3172 1594 et
3214 1547 3273 1592 ut
3295 1538 3430 1592 alter
3460 1536 3620 1591 vitam

2040 1635 2382 1707 pastoralem,
2409 1636 2547 1691 alter
2574 1633 2950 1705 agriculturam
2978 1629 3195 1700 delegit.
3226 1629 3285 1688 ὃς,
3317 1627 3382 1682 Ει
3433 1626 3626 1696 factum

2041 1738 2112 1782 est
2134 1737 2244 1798 post
2273 1728 2400 1792 dies,
2425 1726 2602 1780 obtulit
2631 1724 2757 1779 Cain
2783 1723 2845 1777 de
2871 1721 3116 1795 fructibus
3141 1730 3289 1774 terra:
3323 1718 3629 1787 sacriﬁcium

2044 1819 2282 1875 Domino.
2314 1818 2603 1874 Considera
2635 1817 2903 1887 quomodo
2929 1824 3133 1869 naturze
3172 1811 3430 1867 Conditor
3457 1810 3630 1864 scien-

2047 1895 2172 1966 tiam
2197 1910 2543 1965 conscientia:
2572 1907 2781 1963 indidit.
2809 1906 2939 1973 Quis
2960 1906 3101 1960 enim
3128 1896 3298 1968 illuni,
3331 1901 3417 1955 dic
3445 1941 3460 1967 ,
3488 1914 3585 1954 oro
3613 1938 3627 1962 ,

2045 2002 2111 2057 ad
2138 2001 2276 2057 hanc
2304 1999 2664 2070 cognitionem
2698 1996 3072 2067 perduxisset?
3102 1993 3289 2048 Nullus
3316 1991 3451 2046 alius
3470 2005 3629 2061 quam

2045 2113 2162 2167 qua:
2190 2096 2241 2150 in
2271 2097 2451 2149 animo
2479 2092 2697 2149 conscio
2719 2092 2965 2147 scientia.
3000 2090 3192 2144 Obtulit
3221 2090 3264 2155 ’,
3303 2088 3472 2157 inquit
3496 2128 3511 2151 ,
3566 2085 3630 2138 de

2048 2187 2292 2261 fructibus
2315 2197 2462 2239 terra:
2486 2184 2791 2253 sacriﬁcium
2838 2181 3077 2236 Domino.
3132 2178 3346 2235 Sciebat
3389 2177 3534 2233 enim
3580 2183 3636 2228 et

2047 2276 2403 2348 cognoscebat
2417 2290 2707 2345 congruum
2735 2288 2854 2329 esse
2870 2288 2937 2327 ex
2959 2272 3067 2326 suis
3088 2269 3514 2341 possessionibus
3534 2267 3634 2321 ali-

2049 2370 2175 2441 quid
2209 2369 2473 2424 fructuum
2502 2368 2611 2423 Deo
2638 2364 2835 2441 oll'erre
2865 2383 2877 2418 :
2912 2379 3016 2418 non
3045 2362 3184 2433 quod
3222 2360 3287 2416 iis
3318 2361 3455 2415 Deus
3499 2357 3636 2413 indi-

2050 2472 2192 2534 geat,
2223 2458 2316 2517 sed
2346 2468 2400 2515 ut
2426 2469 2632 2530 gratum
2656 2452 2897 2511 anim'um
2929 2469 3083 2509 suum
3129 2452 3368 2509 declaret
3414 2451 3503 2521 qui
3547 2450 3639 2504 tali

2052 2552 2316 2608 beneﬁcio
2337 2551 2551 2606 fruitur.
2576 2548 2732 2605 Nulla
2753 2548 2895 2604 enim
2927 2563 2985 2602 re
3009 2546 3209 2616 indiget
3232 2545 3396 2611 Deus,
3448 2543 3640 2597 nullis-

2055 2660 2160 2715 que
2189 2643 2387 2698 nostris
2407 2657 2541 2711 Opus
2573 2640 2770 2704 habet;
2803 2647 3055 2693 eteterum
3085 2636 3154 2691 ob
3181 2633 3499 2689 ineffabilem
3548 2633 3644 2687 be-

2057 2735 2370 2806 nignitatem
2404 2733 2476 2787 ita
2522 2742 2720 2787 nosme
2766 2725 3061 2784 infirmitati
3104 2741 3163 2781 se
3206 2733 3544 2794 attemperat,
3590 2732 3646 2777 et

2057 2834 2278 2898 propter
2303 2824 2531 2880 salutem
2553 2830 2791 2877 nostram
2826 2816 2941 2874 lucc
2974 2816 3091 2874 ﬁeri
3122 2816 3269 2883 sinit,
3295 2826 3353 2869 ut
3377 2815 3470 2870 Dei
3498 2813 3649 2884 agni-

2064 2918 2137 2972 tio
2165 2917 2412 2970 bumana:
2437 2920 2640 2968 natura:
2658 2910 2867 2966 virtutis
2888 2909 2959 2963 sit
2980 2907 3182 2963 schola.
3202 2906 3257 2961 ι.
3276 2902 3340 2958 Et
3362 2904 3484 2959 Abel
3497 2905 3647 2958 ctiam

2060 3009 2169 3081 ipse
2185 3007 2362 3062 obtulit
2384 3005 2447 3059 de
2472 3003 2820 3076 primogenitis
2848 3017 3059 3056 suarum
3087 2999 3275 3054 ovium.
3304 2996 3420 3053 Non
3446 2996 3651 3067 absque

2060 3117 2220 3157 causa
2249 3101 2334 3155 vel
2361 3098 2554 3153 frustra
2582 3096 2634 3150 in
2657 3095 2823 3167 priori
2851 3107 3100 3148 sermone
3126 3099 3359 3147 vestram
3384 3087 3540 3144 docui
3561 3103 3651 3144 ca-

2061 3197 2295 3257 ritatem,
2330 3189 2612 3245 Dominum
2660 3196 2899 3242 nostrum
2954 3183 3266 3239 varietatem
3305 3195 3659 3251 personarum-

2066 3285 2345 3357 ignorare:
2370 3281 2468 3337 sed
2495 3280 2822 3335 voluntatem
2846 3276 3094 3341 scrutari,
3124 3288 3188 3328 ac
3213 3282 3448 3329 mentem
3474 3272 3655 3326 inten-

2066 3381 2374 3449 tioncmque
2402 3388 2686 3430 coronare.
2717 3370 2783 3426 Et
2828 3384 2970 3425 nunc
2997 3380 3215 3439 quoque
3263 3365 3405 3421 idem
3455 3363 3651 3420 factum

2065 3469 2452 3527 animadverte.

2140 3563 2407 3633 Scriptura
2430 3573 2577 3613 sacra
2597 3555 2724 3610 nihil
2750 3554 2943 3624 {rustra
2961 3550 3103 3605 dicit.
3118 3548 3358 3604 —Dictis
3372 3547 3655 3617 diligenter

2067 3654 2458 3716 auscultemus,
2491 3658 2545 3705 et
2572 3645 2843 3701 videamus
2867 3638 3085 3713 quiddc
3118 3639 3248 3695 Cain
3297 3648 3478 3694 narret
3503 3638 3653 3695 Scri-

2070 3757 2223 3818 ptura
2241 3784 2257 3810 ,
2288 3738 2490 3811 etquid
2523 3738 2592 3794 de
2612 3735 2776 3799 Abel,
2808 3742 2863 3789 et
2892 3748 2961 3788 ne
2987 3729 3446 3787 inconsideranter
3475 3739 3653 3784 trans-

2070 3851 2273 3893 eamus.
2306 3833 2444 3889 Nihil
2474 3830 2616 3886 enim
2648 3838 2850 3883 temere
2875 3824 2957 3881 vel
2984 3823 3201 3879 fortuito
3226 3822 3459 3892 loquitur
3477 3821 3656 3877 divina

2071 3928 2371 3998 Scriptura,
2405 3922 2499 3978 sed
2532 3930 2587 3977 et
2612 3917 2811 3991 syllaba
2831 3955 2846 3983 ,
2875 3924 2932 3972 et
2968 3915 3210 3987 apiculus
3240 3914 3427 3969 unicus
3461 3928 3655 3970 recon-

2072 4021 2241 4075 ditum
2291 4017 2450 4073 habet
2493 4013 2841 4068 thesaurum:
2890 4022 3013 4064 nam
3055 4007 3109 4062 in
3157 4005 3299 4061 hunc
3338 4006 3555 4063 modum
3599 4021 3661 4061 se

2076 4115 2270 4169 habent
2294 4106 2586 4180 spiritualia
2603 4102 2800 4157 omnia.
2816 4100 2953 4168 Quid
2980 4098 3136 4169 igitur
3153 4096 3347 4166 inquit?
3368 4094 3433 4149 Et
3460 4101 3651 4166 factum

2074 4216 2143 4259 est
2174 4212 2286 4276 post
2306 4202 2443 4265 dies,
2466 4195 2642 4253 obtulit
2663 4192 2791 4248 Cain
2813 4192 2875 4246 de
2909 4189 3151 4261 {motibus
3180 4199 3329 4243 terra!
3354 4188 3675 4258 sacriﬁcium:

2079 4296 2293 4350 Domino
2310 4336 2327 4362 ,
2358 4302 2405 4347 et
2421 4289 2544 4345 Abel
2562 4286 2737 4342 obtulit
2759 4285 2907 4339 etiam
2927 4284 3035 4354 ipse
3053 4282 3115 4336 de
3130 4281 3477 4354 primogenitis
3496 4282 3674 4337 ovium.

2075 4401 2303 4452 suarum,
2321 4395 2365 4437 et
2388 4382 2451 4436 de
2467 4380 2703 4450 adipibus
2719 4377 2945 4432 illarum.
3316 4442 3317 4447 η

2148 4480 2201 4536 5.
2246 4477 2313 4532 Its
2338 4475 2426 4544 qui
2470 4473 2676 4529 acutius
2724 4469 2903 4524 valent
2949 4466 3179 4533 intueri,
3205 4464 3317 4537 jam
3345 4479 3409 4519 es
3436 4462 3681 4519 lectione

2078 4573 2191 4643 ipsa
2221 4567 2480 4640 liquidum
2507 4573 2590 4620 est
2613 4560 2739 4633 quid
2765 4561 2971 4615 dicatur
3000 4576 3013 4612 :
3046 4572 3230 4611 verum
3274 4556 3397 4626 quia
3427 4555 3680 4609 omniutnz

2076 4662 2230 4717 simul
2260 4655 2499 4713 habenda
2529 4664 2612 4710 est
2639 4666 2762 4707 cura
2783 4692 2799 4717 ,
2822 4659 2877 4705 et
2916 4646 3271 4703 dill‘ereutiam
3316 4658 3682 4714 personarmw

2078 4756 2246 4813 nescit
2264 4748 2552 4822 spiritualis
2576 4743 2817 4799 doctrina
2848 4758 2862 4794 :
2888 4754 2984 4808 age
3003 4735 3333 4792 manifestius
3350 4732 3497 4786 vobis
3515 4731 3667 4786 dotes

2077 4860 2262 4919 gamus
2276 4821 2393 4912 qua-
2405 4830 2543 4893 dicta
2560 4832 2900 4898 suut,iterutn
2912 4843 2976 4883 ea
2990 4821 3680 4896 repetentes.Cain,inquit,

2078 4911 2256 4992 obtulit
2277 4911 2340 4987 de
2372 4928 2615 5000 fructibus
2652 4933 2798 4977 terra:
2820 4918 3127 4988 sacri/icium
3167 4914 3386 4969 Domino
3414 4929 3434 4967 :
3470 4911 3682 4969 deinder

2079 5030 2263 5086 volens
2285 5035 2339 5082 et
2369 5023 2437 5079 de
2480 5017 2612 5076 Abel
2639 5016 2834 5072 docere
2854 5025 2953 5068 nos
2985 5010 3258 5081 Scriptura
3287 5005 3466 5062 divina
3501 5003 3683 5066 dicit,

2143 5187 2167 5218 θ
2185 5183 2309 5239 \‘ox,
2330 5174 2597 5231 terribilem
2623 5171 2886 5239 (φοϐερδνὶι
2905 5166 2954 5217 in
2977 5165 3266 5239 ειυὶιφιξξάξὲι
3289 5163 3455 5239 de???
3472 5219 3490 5239 ι

2142 5249 2165 5280 .
2196 5218 3041 5301 saz's‘yoam-
3065 5218 3689 5301 95WJLEWI‘I'1‘3LL’5'

2078 5280 3031 5374 autumamus
3044 5280 3677 5374 «ascraeum

2101 5342 2572 5432 ςιδξειῖιῖῑςῖιλίεῖιίριῆ
2593 5342 3678 5432 signassesagrosegere-

2170 5403 3126 5483 §."ii.iiiit§'55ii§sis§'é'u‘5&'menenius
3153 5410 3314 5483 uidex
3341 5403 3415 5483 δἐι
3437 5403 3621 5483 obtulit
3634 5421 3668 5483 3

2411 5463 2844 5561 ifiic'iii'us'igiié
2851 5463 3171 5548 Egressum
3196 5467 3443 5556 .Domino;
3488 5472 3534 5517 et
3556 5463 3682 5516 Abel

2080 5555 2248 5606 obtutu
2266 5560 2411 5604 etuuu
2436 5562 2537 5613 ipse
2561 5546 2623 5597 de
2644 5547 2970 5607 prouogemtts
3000 5547 3158 5589 ortum
3182 5544 3396 5586 suarum.
3418 5536 3465 5583 et
3487 5527 3549 5580 de
3564 5526 3677 5581 adio

2081 5619 2221 5684 pibus
2242 5615 2457 5667 illarum.
