4122 6204
645 209 744 263 158

637 325 778 393 quod
806 335 860 380 et
905 327 1016 397 ipse
1055 327 1122 384 de
1169 342 1263 384 sua
1289 341 1435 398 arte,
1482 348 1676 402 nempe
1714 333 2027 403 pastor-ilia,
2067 348 2220 388 suum

640 419 874 474 attulerit
906 421 1242 476 sacrificium.
1275 422 1469 478 Obtulit
1493 425 1634 479 enim
1657 466 1674 493 ,
1717 425 1915 495 inquit,
1944 435 1992 478 et
2027 426 2132 494 ipse
2166 427 2229 479 de

640 509 988 580 primogenitis
1025 512 1192 566 ouium
1231 530 1443 569 suarum
1479 556 1494 581 ,
1547 527 1594 570 et
1635 517 1698 571 lle
1741 517 1974 587 adipibus
2001 518 2226 572 illarum.

638 598 872 654 Observa
903 604 1172 672 quomodo
1193 606 1346 661 nobis
1373 608 1699 676 plenliS>itlla
1730 609 1868 665 illius
1890 624 2040 663 mens
2068 610 2231 680 signi-

641 689 855 755 ficetur,
887 700 942 746 et
971 707 1076 748 non
1123 703 1327 749 tantum
1361 695 1430 752 de
1466 697 1651 752 ovibus
1681 697 1967 764 obtulerit,
1999 698 2122 764 sed,
2152 697 2231 752 De

643 781 992 852 primogenitis
1011 825 1027 850 ,
1071 783 1173 838 hoc
1197 793 1280 840 est
1299 828 1314 852 ,
1345 785 1413 842 de
1454 788 1850 856 pretiosissimis
1871 830 1886 854 ,
1919 797 1970 843 et
2001 789 2230 845 maxime

637 871 850 926 eximiis
883 890 897 926 :
925 871 1118 928 deinde
1145 884 1200 930 et
1227 891 1294 930 ex
1324 877 1428 932 illis
1467 878 1596 948 ipsis
1622 880 1988 950 priinogenitis
2028 881 2229 950 pretio-

635 960 850 1016 sissima
893 980 1154 1034 qumque:
1203 965 1266 1020 Et
1315 969 1379 1022 de
1426 969 1699 1039 adipibus,
1748 971 1948 1042 inquit,
1989 973 2228 1038 illarum,

646 1051 746 1107 hoc
774 1063 876 1119 est,
895 1054 962 1110 de
985 1058 1346 1127 pinguissimis
1366 1071 1419 1116 et
1445 1062 1680 1132 optimis.
1712 1063 1788 1118 De
1815 1064 1943 1119 Cain
1971 1065 2098 1118 nihil
2128 1067 2231 1120 tale

644 1142 952 1200 adnotatum
973 1156 1053 1202 est
1083 1165 1097 1206 :
1125 1150 1219 1205 sed
1247 1150 1500 1208 obtulisse
1524 1156 1536 1185 '
1557 1153 1639 1208 De
1663 1155 1894 1226 frugibus
1919 1166 2065 1209 terra!
2083 1156 2234 1209 sacri-

646 1235 864 1302 ficium:
905 1239 1057 1307 quasi
1119 1240 1352 1310 diceret,
1402 1245 1810 1316 qualiacumque
1833 1247 2230 1314 obveniebant,

649 1324 790 1380 nulla
837 1326 904 1381 ad
933 1328 1199 1385 delectum
1242 1333 1475 1390 adhibita
1504 1352 1666 1407 opera
1695 1337 1778 1392 vel
1806 1337 2100 1408 diligentia.
2131 1338 2232 1396 Ite-

649 1430 769 1470 rum
791 1416 928 1484 dieo,
953 1427 1007 1474 et
1027 1419 1204 1477 dicere
1225 1439 1329 1478 non
1357 1428 1578 1481 cessabo
1601 1446 1614 1483 :
1641 1444 1744 1483 non
1770 1430 1892 1499 quia
1918 1431 2054 1486 Deus
2075 1431 2236 1488 rebus

650 1509 844 1562 nostris
872 1509 1100 1580 indiget,
1144 1512 1316 1568 oblata
1347 1517 1600 1586 suscipit,
1651 1520 1742 1572 sed
1781 1520 1890 1573 vult
1914 1529 1970 1576 et
1991 1537 2084 1591 per
2122 1521 2236 1578 hare

647 1597 854 1651 ostendi
885 1607 1092 1668 gratum
1121 1611 1363 1658 nostrum
1393 1605 1650 1662 animum.
1681 1607 1811 1662 Nam
1853 1624 1974 1664 eum
1999 1612 2086 1681 qui
2127 1611 2237 1666 Deo

650 1687 935 1756 offerebat,
967 1700 1022 1746 et
1045 1693 1304 1750 offerebat
1337 1712 1405 1751 ex
1429 1697 1493 1752 iis
1526 1714 1645 1769 quae
1676 1699 1767 1755 Dei
1815 1709 1971 1767 sunt,
2003 1717 2122 1756 cum
2153 1702 2238 1757 in-

655 1778 915 1850 telligeret
961 1794 1216 1853 quantum
1242 1787 1480 1843 differret
1521 1799 1706 1845 natura
1730 1832 1746 1858 ,
1777 1801 1831 1847 et
1857 1809 1916 1848 se
1959 1794 2231 1849 hominem

657 1878 859 1925 tantum
909 1872 1128 1932 honoris
1169 1879 1415 1933 sortitum
1461 1894 1615 1947 esse,
1647 1883 1955 1952 Oportebat,
1985 1895 2238 1954 quantum

655 1961 767 2015 fieri
801 1971 1034 2032 poterat,
1066 1982 1218 2022 suum
1251 1970 1436 2024 testari
1465 1971 1697 2026 ofﬁcium
1718 2015 1734 2040 ,
1764 1984 1818 2030 et
1858 1976 2240 2046 pretiosissima

647 2051 864 2108 offerre.
893 2055 999 2110 Sed
1031 2057 1151 2115 vide
1171 2103 1185 2126 ,
1213 2060 1441 2118 obsecro
1464 2105 1480 2131 ,
1509 2064 1718 2122 dilecte.
1756 2067 1931 2123 Habes
1960 2068 2046 2124 hic
2085 2083 2241 2124 occa-

653 2142 832 2198 siones
858 2155 916 2198 nt
954 2147 1095 2216 quod
1127 2159 1338 2219 oportet
1376 2156 1783 2225 contempleris,
1830 2159 2022 2212 merito
2053 2174 2238 2228 pmnas

652 2231 798 2297 lucra
843 2249 964 2289 cum
1021 2237 1109 2306 qni
1155 2255 1304 2293 suam
1351 2241 1422 2296 ob
1464 2242 1724 2312 ignaviam
1774 2247 1952 2316 prodit
1992 2248 2236 2303 salutem.

649 2322 830 2394 Neque
859 2327 1000 2381 enim
1033 2329 1118 2384 ille
1147 2330 1421 2388 doctorem
1451 2335 1677 2406 aliquem
1705 2337 1917 2408 habuit,
1958 2356 2130 2411 neque
2157 2343 2240 2397 hic

650 2427 1022 2486 suggerentem
1051 2428 1107 2475 ct
1143 2423 1538 2493 consiliarium,
1585 2427 1679 2482 sed
1711 2437 1929 2500 uterque
1957 2433 2240 2488 conscien-

652 2507 740 2561 tia:
768 2523 879 2564 suae
909 2513 1244 2582 magisterio,
1289 2526 1344 2572 et
1394 2519 1652 2588 sapientia
1700 2521 1958 2579 divinitus
2002 2525 2236 2581 humano

654 2599 836 2666 generi
875 2603 1241 2672 suppeditata,
1287 2606 1353 2660 ad
1399 2606 1537 2664 hanc
1580 2609 1903 2668 oblationem
1948 2616 2238 2672 incitatur:

655 2691 747 2745 sed
778 2693 1091 2748 excellentia
1111 2699 1364 2766 propositi
1391 2708 1446 2755 et
1470 2702 1759 2761 voluntatis
1799 2706 2051 2777 segnities
2096 2705 2239 2762 illius

655 2779 867 2849 quidem
897 2785 1321 2856 acceptissimam
1352 2789 1474 2845 fecit
1496 2792 1820 2850 oblationem
1840 2836 1856 2863 ,
1886 2795 2043 2867 hujus
2061 2807 2240 2853 autem

661 2870 1010 2940 repudiatam.
1041 2875 1108 2930 Et
1134 2878 1712 2951 aspexitDeusadAbel,
1733 2894 1779 2938 et
1802 2886 1870 2938 ad
1893 2885 2027 2940 dona
2057 2889 2239 2959 ipsius.

666 2961 797 3018 Vide
837 2966 1106 3044 quomodo
1145 2969 1395 3039 impletur
1437 2970 1523 3026 hic
1562 2973 1702 3042 quod
1748 2974 1800 3029 in
1843 2977 2119 3047 evangelio
2161 2992 2243 3035 est

655 3051 854 3107 dictum
879 3072 892 3108 :
927 3055 1087 3111 Primi
1117 3069 1273 3113 erunt
1301 3061 1501 3127 ultimi,
1531 3072 1584 3118 et
1630 3063 1798 3118 ultimi
1845 3067 1997 3136 primi
2026 3067 2240 3140 (Matth.

659 3144 744 3199 t9.
776 3145 865 3200 50.
895 3145 1059 3201 Merc.
1096 3149 1182 3203 to.
1213 3150 1301 3204 5t.
1331 3149 1457 3205 Luc.
1495 3155 1580 3224 ιδ.
1614 3153 1743 3225 50).
1791 3155 1927 3211 Ecce
1971 3158 2112 3212 enim
2151 3162 2239 3230 qui

657 3235 726 3289 ob
769 3235 1236 3307 primogenituram
1279 3240 1610 3312 privilegium
1657 3241 1913 3311 habebat,
1943 3255 1997 3301 et
2022 3249 2242 3315 proTndc

657 3325 803 3393 prior
847 3327 1136 3394 offerebat,
1167 3330 1345 3385 minor
1390 3331 1538 3387 visus
1571 3341 1653 3388 est
1678 3332 1860 3401 fratre,
1893 3339 2062 3407 utqui
2088 3353 2242 3395 secus

655 3417 870 3474 offerret
889 3435 1045 3489 quam
1068 3422 1364 3490 oportebat.
1387 3422 1518 3478 Nam
1536 3438 1655 3479 cum
1682 3434 1905 3497 uterque
1927 3427 2236 3495 obtulisset,

655 3508 785 3562 dicit
810 3508 987 3564 divina
1008 3511 1276 3580 Scriptura
1306 3529 1319 3564 :
1352 3512 1418 3565 Et
1446 3515 1642 3584 aspexit
1672 3514 1808 3570 Deus
1827 3516 1897 3569 ad
1918 3516 2071 3585 Abel,
2103 3529 2150 3572 et
2173 3520 2242 3574 ad

653 3601 787 3653 (lana
822 3603 953 3670 ejus.
996 3601 1132 3670 Quid
1164 3611 1281 3669 est,
1312 3603 1381 3658 Et
1399 3607 1594 3676 aspexit
1617 3607 1642 3660 ?
1669 3606 1724 3660 Id
1749 3616 1864 3673 est,
1891 3611 2235 3680 approbavit,

656 3691 888 3747 laudavit
930 3704 1197 3761 mentem,
1251 3699 1526 3753 coronavit
1580 3699 1939 3767 voluntatem,
1987 3711 2041 3758 et
2091 3706 2240 3774 quasi

652 3783 772 3850 quis
812 3783 989 3851 dicat,
1031 3786 1168 3840 facto
1207 3798 1491 3842 contentus
1534 3789 1650 3843 fuit.
1693 3790 1824 3845 Nam
1854 3803 1910 3847 et
1952 3793 1996 3848 si
2036 3793 2105 3850 de
2133 3795 2242 3851 Deo

657 3870 953 3940 loquimur,
999 3881 1052 3927 et
1095 3873 1162 3929 de
1189 3875 1472 3930 immortali
1505 3886 1691 3933 natura
1721 3881 1931 3950 aperire
1974 3897 2036 3936 os
2077 3885 2241 3941 aude-

661 3977 811 4029 mus,
844 3964 969 4031 sed,
997 3979 1117 4020 cum
1160 3966 1406 4024 homines
1434 3969 1630 4034 simus,
1663 3985 1768 4025 non
1811 3986 2092 4042 possumus
2127 3973 2242 4031 hate

656 4052 808 4108 aliter
818 4069 973 4125 quam
992 4071 1087 4126 per
1101 4057 1326 4128 linguam
1343 4059 1637 4129 percipere.
1653 4061 1882 4117 Attende
1898 4077 2010 4118 rem
2029 4065 2235 4120 miram.

658 4142 895 4213 Aspexit,
916 4146 1104 4217 inquit,
1129 4146 1266 4202 Deus
1291 4150 1359 4203 ad
1383 4149 1528 4216 Abel,
1545 4159 1590 4205 et
1601 4151 1670 4205 ad
1688 4151 1822 4206 dona
1846 4153 2024 4222 ipsius.
2055 4153 2240 4210 Ovium

657 4235 980 4292 oblationem
1006 4239 1142 4293 dona
1175 4241 1419 4296 vocavit:
1461 4243 1583 4311 quia
1623 4245 1886 4312 pretiosa,
1931 4244 2123 4298 eximia
2143 4286 2158 4311 ,
2187 4254 2242 4301 et

661 4328 999 4383 immaculata
1027 4329 1313 4386 obtulerat.
1359 4333 1584 4402 Aspexit
1609 4332 1766 4404 igitur
1793 4334 1858 4389 ad
1884 4334 2089 4405 ipsum,
2121 4336 2242 4406 quia

661 4433 794 4474 sano
822 4429 876 4476 et
901 4421 1110 4476 sincero
1133 4424 1314 4479 animo
1343 4425 1644 4494 obtulerat;
1683 4436 1738 4483 et
1765 4428 1831 4483 ad
1860 4429 2000 4484 dona
2029 4430 2204 4486 oblata
2223 4472 2239 4498 ,

659 4527 765 4566 non
799 4513 940 4582 quod
968 4515 1129 4571 nullis
1167 4516 1390 4572 maculis
1433 4532 1650 4588 aspersa
1696 4527 1899 4575 tantum
1920 4561 1936 4588 ,
1979 4521 2074 4577 sed
2099 4522 2243 4593 quod

659 4606 805 4661 omni
835 4620 902 4661 ex
947 4615 1095 4677 parte
1137 4607 1370 4677 pretiosa
1401 4617 1586 4674 erant,
1620 4618 1730 4665 tum
1771 4612 1842 4667 ob
1871 4620 2105 4667 mentem
2128 4613 2244 4682 ejus

656 4699 745 4767 qni
791 4699 1087 4766 obtulerat,
1132 4709 1242 4755 tum
1281 4700 1421 4771 quod
1471 4701 1818 4772 primogenita
1867 4711 2054 4770 erant,
2082 4713 2136 4758 et
2177 4719 2242 4758 ex

661 4788 765 4843 illis
804 4788 1122 4844 electissima
1144 4775 1180 4854 ,i
1205 4799 1261 4846 et
1287 4807 1353 4846 ex
1400 4791 1646 4860 adipibus
1689 4793 1817 4862 ipsis
1837 4833 1852 4857 ,
1881 4793 1986 4850 hoc
2031 4803 2147 4859 est,
2175 4809 2243 4848 ex

659 4880 873 4948 optimis
900 4881 1119 4950 optima.
1148 4881 1215 4936 Et
1256 4883 1451 4952 aspexit
1476 4881 1615 4937 Deus
1655 4885 1724 4936 ad
1751 4883 1874 4938 Abel
1895 4925 1910 4949 ,
1949 4893 1996 4937 et
2019 4883 2088 4937 ad
2111 4885 2245 4938 (lana

660 4971 818 5038 ipsius
838 4986 858 5025 :
887 4971 939 5027 5.
967 4971 1036 5025 ad
1075 4972 1201 5027 Cain
1237 4983 1403 5028 autem
1431 5015 1446 5040 ,
1486 4985 1533 5028 et
1561 4977 1632 5028 ad
1654 4976 1908 5045 sacri/icio
1945 4977 2104 5046 ipsius
2143 4993 2244 5031 non

660 5063 890 5116 attendit.
915 5061 1052 5129 Quid
1079 5072 1219 5118 recta
1243 5064 1535 5119 intentione
1551 5107 1566 5130 ,
1592 5075 1646 5120 et
1674 5065 1879 5121 sincera
1903 5075 2079 5122 mente
2098 5067 2242 5122 obtu-

661 5155 797 5210 lerat
843 5155 1010 5224 Ahcl,
1043 5156 1283 5227 Aspexit,
1327 5157 1527 5226 inquit,
1555 5156 1728 5223 Deus,
1786 5158 1887 5213 hoc
1927 5169 2047 5224 est,
2083 5174 2242 5218 accc-

661 5247 770 5314 pit,
801 5254 1011 5316 gratum
1035 5245 1250 5313 habuit,
1280 5244 1513 5300 laudavit
1540 5262 1556 5312 ;
1583 5257 1836 5302 czeteruin
1878 5248 2054 5303 oblata
2081 5263 2242 5303 voca-

666 5337 739 5390 vit
785 5338 961 5406 dona,
1031 5348 1089 5393 ut
1140 5353 1235 5408 per
1281 5337 1386 5393 hoc
1444 5336 1718 5394 offerentis
1761 5338 1940 5393 animo
1988 5340 2240 5406 majorem

1351 214 1407 271 S.
1451 216 1731 272 JOANNIS
1763 215 2234 274 CIIRYSOSTUMI
2274 217 2592 276 ARCIIIEP.
2633 223 3169 284 CONSTANTINOP.
3787 236 3863 292 156

2340 339 2467 393 tiam
2495 342 2534 393 ‘.
2560 339 2694 395 Cum
2721 341 2872 404 dixit,
2907 341 3025 396 Non
3047 343 3278 408 attendit,
3311 345 3620 398 monstravit
3655 349 3867 415 reproba-

2335 431 2532 484 tionem
2559 431 2856 487 oblatorum
2881 450 2895 485 ε
2925 443 3121 488 etcum
3143 433 3440 489 oblationes
3469 433 3722 490 fructuum
3741 448 3870 494 teme

2333 523 2590 579 sacrificia
2639 534 2830 592 vocat,
2878 525 3021 580 aliud
3076 541 3174 580 nos
3226 525 3400 580 docet.
3455 525 3590 582 Vide
3639 531 3871 598 quonuulo

2337 630 2431 684 per
2473 613 2610 670 facta
2648 626 2704 672 et
2752 616 2914 672 verba
2943 617 3057 686 ipsa
3107 617 3299 672 doceat
3351 617 3644 682 Dominus,
3687 634 3742 673 se
3781 619 3871 677 hac

2342 706 2518 759 omnia
2563 720 2594 759 a
2643 707 2797 761 nobis
2829 707 2965 762 velle
2995 707 3230 777 prazstari
3256 747 3272 770 ,
3320 717 3379 760 ut
3417 708 3580 762 animi
3606 710 3760 764 uestri
3799 729 3874 780 per

2336 811 2397 851 ea
2439 811 2559 867 qua:
2595 811 2625 850 a
2671 797 2824 851 nobis
2868 798 3044 865 fiunt,
3086 797 3353 852 manifesti
3397 797 3715 864 reddantur,
3754 809 3801 854 et
3832 814 3875 856 ut

2335 888 2567 942 sciamus
2604 900 2702 942 nos
2748 887 3024 943 Dominum
3081 887 3280 943 habere
3309 897 3368 943 et
3407 886 3736 944 Conditorem
3775 908 3873 947 eum

2337 978 2426 1047 qui
2455 993 2519 1032 ex
2571 977 2737 1032 nihilo
2767 992 2864 1032 nos
2888 986 2947 1033 ut
2992 991 3232 1033 essemus
3280 978 3546 1047 produxit.
3591 979 3723 1035 Oves
3759 982 3874 1036 enim

2339 1083 2560 1122 munera
2609 1068 2932 1124 nominando
2977 1067 3155 1124 divina
3197 1067 3502 1138 Scriptura.
3537 1077 3685 1124 terra:
3731 1081 3875 1127 autem

2341 1156 2542 1214 fructus
2575 1158 2832 1214 sacrificia
2887 1157 3205 1228 appellando
3227 1199 3244 1225 ,
3297 1160 3453 1213 docet
3475 1174 3574 1213 nos
3636 1160 3874 1216 Dominam

2341 1264 2513 1318 neque
2541 1257 2597 1304 ιιι
2640 1249 2793 1304 bruta
2817 1249 3175 1312 adducantur,
3220 1265 3392 1318 neque
3433 1259 3491 1304 ut
3519 1259 3672 1304 terra:
3715 1251 3878 1306 fructus

2339 1341 2634 1396 offerantur
2655 1382 2670 1407 ,
2701 1342 2794 1396 sed
2826 1351 3030 1397 tantum
3074 1341 3266 1396 mentis
3301 1340 3634 1396 aﬂ'ectionem
3660 1357 3877 1411 qumrere.

2343 1432 2494 1489 Unde
2521 1442 2577 1487 et
2603 1447 2745 1488 nunc
2774 1442 2990 1502 propter
3017 1431 3212 1488 mentis
3232 1430 3568 1487 affectionem
3593 1432 3678 1488 ille
3699 1434 3875 1503 quidem

2341 1539 2462 1580 cum
2490 1524 2646 1578 donis
2691 1525 3014 1594 approbatus
3041 1532 3160 1590 est,
3187 1533 3241 1578 et
3279 1533 3464 1594 gratus
3496 1523 3594 1578 fuit
3619 1541 3637 1578 :
3665 1524 3756 1580 iste
3779 1541 3883 1580 vero

2340 1632 2460 1672 cnm
2487 1617 2750 1672 sacriﬁcio
2770 1632 2868 1672 suo
2888 1617 3118 1686 rejectus
3132 1623 3235 1671 est.
3255 1615 3385 1670 Illud
3407 1623 3584 1670 autem
3600 1658 3616 1684 ,
3635 1617 3812 1686 Aspexit
3829 1619 3882 1670 ad

2343 1709 2496 1774 Abel,
2523 1718 2568 1762 et
2590 1709 2658 1762 ad
2679 1723 2888 1761 munera
2909 1708 3066 1776 ipsius
3089 1747 3105 1774 ,
3129 1707 3196 1760 ad
3221 1704 3349 1761 Cain
3369 1716 3538 1759 autem
3556 1747 3571 1770 ,
3592 1715 3636 1760 et
3653 1707 3721 1759 ad
3760 1708 3883 1759 sacri-

2344 1802 2462 1870 ﬁcia
2506 1801 2643 1855 illius
2685 1817 2787 1854 non
2835 1799 3080 1866 attendit,
3131 1799 3202 1852 ita
3251 1799 3614 1869 intelligamus
3657 1807 3711 1853 ut
3750 1799 3881 1854 Deum

2344 1892 2518 1948 decet.
2551 1891 2678 1945 Vult
2707 1891 2849 1946 enim
2894 1891 3109 1957 dicere,
3142 1890 3310 1944 Deum
3341 1889 3446 1944 illis
3475 1900 3655 1945 notum
3698 1890 3881 1954 fecisse,

2342 2001 2403 2042 se
2425 1987 2565 2042 illius
2579 1986 2874 2058 approbare
2897 1985 3242 2051 voluntatem,
3273 1983 3429 2053 hujus
3463 1993 3638 2039 autem
3665 1983 3884 2053 repellere

2345 2077 2607 2148 ingratum
2637 2077 2892 2131 animum.
2923 2075 3235 2146 Hujusmodi
3255 2086 3382 2129 sunt
3401 2089 3465 2129 ea
3481 2089 3600 2144 qua
3625 2089 3653 2127 a
3671 2075 3770 2129 Deo
3789 2083 3882 2127 acta

2346 2168 2524 2224 fuere:
2556 2168 2832 2224 videamus
2858 2179 3036 2222 autem
3077 2167 3374 2237 sequentia.
3397 2167 3466 2220 Et
3509 2168 3705 2222 tristitia
3744 2165 3882 2232 aﬂ’eril

2345 2261 2470 2316 Cain
2493 2261 2640 2314 valde
2665 2260 2739 2331 (a)
2759 2302 2774 2328 ,
2803 2270 2848 2314 et
2877 2259 3095 2314 concidit
3111 2261 3273 2313 vultus
3296 2259 3425 2328 ejus.
3455 2258 3588 2325 Quid
3619 2268 3714 2321 est,
3741 2256 3796 2310 Et
3818 2258 3888 2309 tri-

2343 2355 2482 2409 stitia
2523 2353 2693 2421 a/I'ecit
2737 2353 2864 2408 Cain
2907 2353 3094 2407 ualde?
3120 2351 3328 2422 Duplex
3353 2351 3424 2405 illi
3461 2350 3661 2404 tristitia
3697 2347 3886 2411 accidit,

2345 2459 2450 2500 non
2478 2453 2684 2498 tantum
2731 2444 2873 2514 quod
2916 2443 3062 2498 solus
3106 2443 3221 2513 ipse
3266 2442 3596 2512 repudiatus,
3623 2439 3712 2495 sed
3765 2439 3891 2507 quod

2349 2534 2528 2589 fratris
2583 2533 2782 2589 donum
2844 2541 3121 2602 acceptum
3174 2531 3352 2587 fuerit.
3398 2529 3464 2583 Et
3508 2528 3702 2603 tristitia
3743 2527 3892 2593 affecit

2345 2623 2472 2680 Cain
2499 2625 2664 2690 ualde,
2691 2636 2739 2679 et
2764 2626 2982 2680 concidit
3007 2625 3173 2680 vultus
3213 2625 3372 2678 illius.
3401 2622 3535 2690 Quid
3575 2621 3742 2677 affecit
3765 2621 3889 2674 illum

2347 2717 2594 2773 tristitia?
2637 2717 2870 2789 Utraque
2911 2716 3025 2772 bzec
3048 2716 3203 2772 valde
3249 2716 3466 2781 tristitia
3511 2715 3808 2777 affecerunt,
3847 2722 3890 2764 et

2343 2807 2487 2880 quod
2527 2808 2784 2876 Dominus
2824 2823 2930 2862 non
2975 2806 3261 2863 attenderit
3305 2805 3620 2861 sacrificium
3663 2805 3825 2875 ipsius,
3847 2813 3889 2856 et

2343 2897 2486 2969 quod
2527 2897 2726 2953 donum
2770 2897 2948 2952 fratris
2987 2905 3264 2966 acceptum
3307 2895 3355 2950 ei
3397 2895 3579 2950 fuerit.
3607 2894 3727 2948 Cum
3763 2894 3889 2961 igitur

2344 3005 2479 3061 Opus
2505 2998 2649 3045 esset
2677 2999 2736 3045 ιιι
2762 2989 2826 3054 is,
2857 2990 2945 3059 qui
2991 2988 3244 3044 delictum
3274 2987 3585 3054 admiserat,
3615 2987 3730 3041 illud
3753 2987 3886 3040 corri-

2346 3091 2532 3152 geret:
2567 3079 2820 3136 Dominus
2865 3079 3007 3135 enim
3037 3078 3272 3134 clemens
3300 3093 3422 3132 cum
3446 3078 3544 3144 sit,
3575 3093 3674 3131 non
3699 3085 3789 3129 tam
3813 3089 3886 3127 nos

2344 3181 2620 3228 aversatur
2648 3172 2693 3226 si
2723 3170 3114 3240 delinquamus,
3148 3183 3306 3238 quam
3341 3167 3385 3223 si
3417 3167 3471 3222 in
3501 3167 3692 3223 delicto
3715 3178 3886 3236 perma-

2345 3279 2566 3321 neamus
2598 3280 2614 3316 :
2646 3262 2736 3318 ille
2763 3270 2946 3317 contra
2973 3260 3169 3314 nullam
3192 3259 3307 3328 ejus
3324 3259 3587 3314 rationem
3613 3257 3798 3311 habuit.

2417 3357 2472 3410 6.
2501 3354 2710 3409 Bonitas
2737 3351 2832 3406 Dei
2893 3367 3012 3422 erga
3054 3350 3287 3404 Cainum.
3335 3348 3403 3402 In
3447 3347 3768 3403 oblationibus
3795 3344 3887 3414 quid

2343 3447 2726 3504 obseruandum.
2753 3473 2825 3485 --
2865 3445 2930 3500 Et
2956 3451 3014 3499 nt
3038 3443 3140 3497 hoc
3178 3441 3450 3497 evidenter
3487 3438 3648 3505 scias,
3674 3448 3725 3494 et
3768 3436 3886 3492 beni-

2344 3538 2565 3610 gnitatis
2621 3536 2789 3607 ipsius
2845 3533 3260 3606 magnitudinem
3318 3531 3645 3588 ineﬂ‘abilem
3703 3529 3885 3591 videas,

2349 3628 2467 3684 vide
2530 3643 2596 3683 ex
2656 3626 2739 3682 his
2794 3641 2913 3696 qua:
2971 3638 3112 3679 nunc
3161 3623 3294 3677 fiunt
3340 3622 3600 3678 bonitatis
3648 3621 3772 3676 illius
3815 3632 3887 3671 cs-

2344 3719 2678 3784 cellentiam,
2723 3727 2779 3774 et
2815 3717 3080 3788 patientia:
3124 3713 3570 3783 magnitudinem.
3618 3713 3739 3769 Nam
3777 3719 3886 3781 post-

2344 3826 2502 3882 quam
2553 3810 2686 3866 vidit
2725 3809 2872 3864 illnm
2926 3820 3084 3876 supra
3137 3805 3351 3883 modum
3407 3815 3686 3870 incestum,
3725 3811 3796 3863 et,
3846 3806 3888 3850 ιιι

2347 3906 2417 3959 ita
2442 3903 2637 3969 dicam,
2662 3917 2692 3956 a
2720 3900 2947 3956 tristitia:
2970 3898 3217 3954 fluctibus
3244 3897 3585 3952 submersqu
3617 3897 3698 3963 iri,
3715 3891 3888 3949 nonde-

2345 3995 2539 4064 spexit,
2559 3993 2655 4050 sed
2679 4008 2837 4064 quam
2865 4007 2988 4063 erga
3013 3987 3215 4062 patrem
3239 3989 3403 4060 ipsius
3427 3989 3794 4055 benignitatem
3813 3983 3889 4037 de-

2344 4085 2640 4140 claraverat
2658 4125 2672 4149 ,
2691 4083 2826 4138 dans
2849 4082 2924 4136 illi
2943 4079 3304 4137 satisfaciendi
3323 4080 3637 4136 occasiones
3664 4084 3772 4149 post
3791 4086 3888 4144 gra-

2345 4191 2467 4232 vem
2504 4176 2650 4231 illum
2689 4177 2892 4246 lapsum
2914 4216 2930 4241 ,
2971 4189 3035 4229 ac
3076 4173 3284 4228 fiduciae
3321 4173 3543 4243 januam
3573 4172 3826 4242 aperiens,
3848 4171 3891 4216 ct

2343 4270 2564 4327 dicens:
2595 4269 2691 4325 Ubi
2716 4267 3065 4324 es?eamdem
3094 4277 3146 4322 et
3175 4281 3318 4322 nunc
3337 4281 3464 4337 erga
3491 4266 3748 4337 ingratum
3771 4259 3890 4314 illum

2345 4361 2616 4427 declarat,
2661 4375 2878 4416 manum
2925 4359 2998 4414 illi
3037 4357 3188 4430 quasi
3226 4358 3278 4412 in
3315 4371 3560 4428 praaceps
3587 4353 3725 4411 eunti
3751 4348 3891 4420 porri-

2350 4465 2522 4521 gens;
2568 4461 2625 4508 et
2659 4451 2994 4507 occasionem
3037 4449 3275 4520 prtebere
3317 4447 3540 4512 volens,
3585 4456 3641 4500 nt
3679 4442 3891 4498 delictum

2343 4542 2615 4614 corrigat,
2663 4542 2736 4596 illi
2784 4541 2913 4597 dicit
2959 4557 2973 4594 :
3023 4540 3077 4596 6.
3124 4539 3295 4604 Quare
3332 4547 3536 4592 ιιιωειιη
3575 4545 3733 4607 [actus
3757 4529 3896 4586 es?“

2344 4650 2502 4704 quare
2531 4635 2746 4688 concidit
2781 4633 2944 4686 uultus
2983 4641 3097 4687 tuus
3117 4631 3144 4684 .’
3181 4631 3235 4684 7.
3274 4628 3492 4694 Nonne,
3517 4629 3563 4681 si
3585 4634 3710 4680 recte
3729 4620 3894 4677 obtule-

2347 4726 2437 4790 ris,
2463 4733 2597 4779 recte
2627 4734 2794 4778 autem
2823 4740 2921 4778 non
2951 4723 3202 4786 diriseris,
3234 4720 3494 4791 peccasti?
3518 4721 3740 4788 Quiesce.
3770 4715 3839 4768 Ad
3860 4721 3896 4764 te

2345 4815 2596 4872 conversio
2619 4815 2756 4868 illius
2775 4856 2790 4879 ,
2817 4823 2864 4868 et
2886 4823 2938 4867 tu
2963 4814 3101 4867 illius
3125 4811 3482 4866 dominaberis.
3516 4806 3894 4865 Animadverte.

2345 4905 2561 4966 dilecte,
2589 4902 2906 4957 ineffabilem
2963 4901 3309 4972 providentia:
3348 4897 3747 4971 indulgentiam.
3789 4889 3894 4959 Quia

2347 4995 2490 5051 enim
2518 4991 2651 5047 vidit
2686 4991 2833 5046 illum
2859 4991 2929 5046 ab
2953 4991 3258 5047 invidentia:
3287 4991 3508 5056 morbo,
3538 4997 3598 5045 ut
3623 4989 3692 5042 ita
3717 4984 3891 5038 dicant.

2339 5073 2670 5144 oppugnari,
2699 5072 2821 5128 vide
2848 5073 3118 5142 quomodo
3142 5088 3239 5144 pro
3259 5089 3352 5128 sua
3370 5074 3606 5130 bonitate
3633 5086 3897 5144 coagmen-

2341 5174 2410 5220 tta
2437 5179 2540 5233 ψει
2565 5163 2797 5219 remedia
2820 5165 3038 5235 apponit
3062 5206 3078 5230 ,
3113 5173 3172 5220 ut
3195 5167 3375 5222 statim
3405 5166 3681 5233 educatur,
3702 5176 3753 5220 et
3769 5163 3895 5233 aquis

2339 5272 2445 5312 non
2476 5257 2751 5314 obruatur.
2783 5258 2954 5326 Quare
2975 5267 3178 5313 mstus
3203 5259 3367 5328 factus
3391 5275 3443 5313 es
3459 5260 3486 5312 .’
3510 5269 3554 5313 et
3574 5275 3730 5329 quare
3751 5255 3894 5312 couri-

2338 5349 2411 5402 ἀει
2434 5350 2598 5404 bubus
2642 5359 2754 5403 tuus
2775 5350 2800 5405 2
2822 5349 2997 5417 Quare
3025 5359 3167 5405 tanta
3189 5351 3446 5406 detineris
3468 5351 3700 5416 tristitia,
3718 5361 3767 5403 ut
3788 5357 3835 5402 et
3851 5348 3890 5397 in

662 5427 924 5481 honorem
965 5427 1244 5497 prxeberet.
1288 5427 1371 5481 Ad
1407 5427 1533 5483 Cain
1577 5439 1776 5492 au'em,
1823 5438 1868 5480 et
1905 5428 1972 5480 ad
1995 5428 2237 5497 sacriﬁcia

2343 5443 2468 5500 facie
2495 5442 2744 5498 maeroris
2760 5442 3175 5512 magnitudinem
3193 5443 3482 5500 ostendas?
3510 5445 3682 5513 Quare
3702 5435 3890 5496 concidit

663 5515 800 5569 illius
847 5534 947 5571 non
985 5519 1216 5572 attendit.
1264 5519 1641 5575 Animadverte
1683 5518 1973 5589 Scriptura:
2023 5517 2243 5588 diligen-

729 5649 745 5678 ⁶
781 5649 917 5698 savii.
945 5658 994 5701 et
1016 5653 1231 5713 quinque
1251 5661 1380 5715 Mss,
1415 5655 1500 5706 sed
1532 5650 1649 5717 quid
1673 5652 1699 5705 .’

2419 5591 2436 5623 ι
2469 5586 2660 5638 Ocislin.
2675 5619 2689 5641 ,
2719 5583 2973 5636 veritatem.

2418 5651 2494 5712 (ιι)
2512 5636 2642 5698 ιιύο
2666 5636 2802 5695 ιῖιιι-ι.
2827 5643 2966 5706 hujus
2986 5639 3122 5700 tomi,
3143 5636 3168 5699 §
3192 5636 3270 5687 IV.
