4122 6204
425 233 526 289 157

421 346 588 399 melius
625 353 740 397 tuus
760 343 786 396 Ρ
815 355 912 396 cur
941 355 1008 396 ex
1042 339 1141 394 hac
1168 353 1226 394 re
1255 339 1626 394 conturbaris?
1653 355 1816 410 quare
1844 356 1947 394 non
1973 355 2002 394 a

424 449 475 489 te
501 437 616 504 ipso
643 433 784 503 quod
809 431 1089 501 oportebat
1119 429 1233 485 fieri
1256 470 1270 495 ,
1311 429 1702 485 considerasti?
1728 429 1864 484 Num
1906 430 2003 483 ho-

425 526 555 578 tnini
600 523 919 579 sacrificium
961 519 1216 585 obtulisti,
1245 521 1334 590 qui
1371 520 1481 574 falli
1527 521 1734 590 possit?
1770 522 1999 590 ignoras,

421 617 551 672 mihi
592 632 696 671 non
738 631 859 670 esse
897 630 1032 685 opus
1057 621 1118 668 ut
1145 613 1340 684 aliquid
1369 613 1653 681 offeratur,
1687 615 1779 670 sed
1810 631 1895 670 me
1919 629 2007 668 sa-

421 725 542 762 nam
585 707 918 762 offerentium
949 714 1182 760 mentem
1213 704 1388 759 velle?
1420 704 1587 770 Quare
1611 716 1812 759 maestus
1841 707 2004 775 factus

419 817 470 853 es
493 801 519 853 ?
545 809 592 854 et
616 814 771 867 quare
795 797 1012 850 concidit
1043 795 1208 849 vultus
1236 795 1393 850 tuus?
1420 794 1604 849 Nonne
1631 797 1675 850 si
1699 807 1829 850 recte
1857 797 2004 851 obtu-

421 887 567 951 leris,
608 904 707 940 non
741 896 905 939 autem
936 893 1066 938 recte
1090 885 1320 951 dividas,
1348 887 1600 955 peccasti?
1623 886 1773 951 Quod
1802 886 1856 940 in
1887 887 2005 940 ani-

424 995 567 1032 mmn
603 978 854 1031 induxisti
874 1018 890 1043 ,
916 990 1037 1030 esse
1067 974 1394 1030 offerendum
1414 1016 1430 1036 .
1463 975 1615 1030 laude
1639 976 1852 1046 dignum
1882 989 2004 1044 est;

419 1071 558 1140 quod
591 1085 716 1124 vero
739 1085 843 1124 non
885 1077 1030 1123 recte
1058 1067 1300 1135 dividas,
1331 1069 1381 1122 id
1410 1077 1469 1124 ut
1490 1068 1724 1125 oblatum
1757 1069 2004 1143 repudia-

421 1171 569 1216 retur
591 1162 784 1216 efl‘ecit.
825 1159 1117 1230 Oportebat
1139 1161 1279 1214 enim
1311 1160 1621 1216 offerentem
1650 1161 1788 1229 Deo,
1820 1162 1871 1215 in
1897 1161 2005 1216 dis-

418 1253 683 1308 cerneudo
714 1267 954 1321 magnam
996 1251 1249 1306 adhibere
1287 1250 1611 1322 diligentiam
1641 1259 1730 1306 :et
1753 1264 2005 1322 quantum

425 1344 676 1398 differunt
705 1343 792 1413 qui
821 1341 977 1396 offert
1013 1351 1067 1396 et
1101 1343 1187 1411 qui
1216 1342 1404 1422 accipit
1430 1383 1443 1407 ,
1479 1351 1619 1395 tanta
1645 1350 1698 1396 et
1728 1343 1778 1396 in
1806 1342 2006 1399 discre-

421 1436 562 1488 tione
585 1432 819 1487 facieuda
858 1431 1156 1486 diversitas.
1186 1431 1255 1484 At
1282 1431 1468 1495 horum
1498 1431 1625 1484 nihil
1654 1441 1710 1486 tu
1732 1433 2003 1501 cogitasti,

419 1525 512 1577 sed
563 1533 620 1578 nt
676 1523 888 1576 fortuito
913 1521 1166 1591 contigit,
1191 1520 1446 1580 obtulisti.
1481 1522 1651 1590 Atque
1677 1522 1873 1577 idcirco
1900 1541 2003 1578 non

423 1624 708 1684 potuerunt
745 1628 868 1668 esse
893 1622 1128 1682 accepta.
1159 1612 1292 1666 Nam
1322 1613 1457 1666 sicut
1483 1613 1691 1668 animus
1723 1623 1874 1680 tuus,
1899 1631 2006 1686 quo

421 1705 745 1760 oblationem
793 1702 983 1765 fecisti,
1016 1703 1144 1756 nihil
1171 1702 1472 1757 intermedii
1515 1718 1636 1758 esse
1662 1705 2003 1772 existimans,

420 1798 592 1852 effecit
640 1805 696 1850 ut
739 1795 1086 1864 rejicerentur
1126 1809 1189 1848 ea
1225 1809 1343 1864 qua:
1386 1809 1418 1847 a
1459 1801 1509 1848 te
1536 1804 1657 1848 sunt
1683 1794 1855 1849 oblata
1887 1815 1899 1850 :
1928 1798 2007 1852 sic

423 1888 602 1942 fratris
632 1887 704 1941 tui
736 1886 975 1950 animus,
1008 1884 1096 1954 qui
1124 1893 1299 1939 rectus
1327 1883 1454 1947 fuit,
1486 1893 1539 1938 et
1568 1885 1790 1938 multum
1821 1887 1872 1939 in
1899 1887 2006 1940 dis-

420 1977 688 2031 cernenda
730 1976 959 2030 studium
1001 1975 1212 2040 habuit,
1253 1986 1468 2044 accepta
1513 1974 1655 2029 illius
1693 1975 1830 2030 dona
1860 1976 2003 2034 fecit.

426 2071 798 2124 Verumtamen
847 2082 1016 2137 neque
1059 2069 1137 2121 sic
1182 2082 1391 2135 poenam
1433 2066 1612 2122 delicti
1660 2079 1877 2138 repeto,
1907 2071 2000 2124 sed

421 2163 651 2216 ostendo
707 2161 982 2214 dumtaxat
1030 2159 1324 2225 delictum,
1368 2168 1424 2213 et
1472 2160 1749 2214 consilium
1795 2160 1957 2216 affero
1985 2205 2000 2230 ,

420 2253 562 2322 quod
605 2253 648 2306 si
693 2250 932 2319 accipere
971 2250 1231 2314 volueris,
1267 2258 1322 2304 et
1351 2259 1623 2318 peccatum
1653 2251 1962 2306 emendabis
1987 2293 2000 2317 ,

419 2355 476 2398 et
514 2346 738 2414 tcipsum
775 2343 1108 2413 gravioribus
1137 2343 1289 2397 malis
1318 2359 1422 2397 non
1456 2343 1711 2398 involves.
1740 2344 1874 2412 Quid
1903 2346 2002 2414 igi-

421 2437 543 2490 tur?
568 2435 827 2501 Peccasti,
854 2443 908 2489 et
926 2435 1158 2504 graviter
1177 2434 1426 2504 peccasti,
1453 2435 1545 2490 sed
1568 2451 1672 2490 non
1697 2437 1854 2504 punio
1879 2452 2002 2507 pro~

419 2536 534 2596 pter
561 2527 808 2581 delictum
840 2545 852 2578 :
883 2526 1140 2594 benignus
1169 2527 1311 2580 enim
1342 2541 1459 2580 sum
1481 2567 1496 2592 ,
1530 2535 1584 2580 ct
1615 2525 1752 2581 Nolo
1797 2539 2003 2582 mortem

418 2619 694 2686 peccatoris
713 2659 726 2683 ,
763 2617 852 2671 sed
877 2628 928 2670 ut
955 2626 1269 2670 convertatur
1296 2626 1340 2671 et
1369 2618 1498 2670 vivat
1526 2616 1733 2687 (Ezec/t.
1767 2619 1854 2673 18.
1881 2619 1996 2689 25).

415 2709 578 2779 Igitur
596 2709 718 2780 quia
747 2708 993 2779 peccasti,
1024 2707 1252 2773 Quiesce,
1283 2707 1716 2778 tranquillitatem
1746 2724 1875 2780 para
1905 2725 2000 2764 co-

413 2801 757 2870 gitationibus
790 2800 924 2864 tuis,
967 2811 1023 2854 et
1058 2799 1222 2853 libera
1265 2807 1496 2852 mentem
1537 2813 1568 2853 a
1612 2799 1860 2869 procellis
1896 2799 1999 2854 fla-

413 2901 594 2946 ctuum
641 2890 1042 2954 inundantium,
1089 2889 1280 2944 cohibe
1329 2889 1779 2959 perturbationem
1820 2891 1994 2957 illam,

414 2999 482 3038 ne
529 2983 693 3037 addas
739 2982 900 3052 priori
931 2992 1150 3053 peccato
1175 2981 1386 3052 gravius
1416 2981 1586 3046 aliud,
1627 2997 1798 3052 neque
1824 2983 1999 3037 consi-

413 3076 539 3128 lium
567 3073 779 3145 aliquod
807 3073 1196 3129 immedicabile
1221 3073 1464 3143 arripias.
1490 3073 1566 3128 Ne
1595 3075 1819 3143 tcipsum
1847 3075 1996 3128 mali-

410 3182 516 3236 gno
541 3166 768 3220 dmntoni
796 3167 1059 3234 captivum
1090 3165 1287 3220 tradas.
1321 3163 1566 3231 Peccasti,
1597 3168 1811 3236 quiesce.
1846 3166 1994 3221 Scie-

414 3260 504 3311 bat
539 3259 604 3311 ab
647 3259 798 3311 initio
835 3257 975 3327 quod
1022 3256 1239 3310 fratrem
1285 3256 1371 3310 hic
1407 3256 1711 3310 adoriturus
1739 3265 1914 3320 esset,
1943 3266 1998 3312 ct

411 3350 529 3403 ideo
554 3359 708 3404 antea
741 3349 916 3403 verbis
947 3348 1203 3417 reprimit.
1235 3346 1366 3401 Nam
1389 3347 1509 3416 quia
1540 3356 1806 3417 tamquam
1834 3347 1992 3412 Deus,

409 3441 492 3494 cui
532 3441 690 3494 ctiam
735 3453 926 3492 arcana
965 3447 1090 3491 sunt
1136 3437 1376 3505 cognita,
1416 3436 1617 3490 sciebat
1651 3437 1827 3491 cordis
1855 3437 1995 3493 illius

410 3538 618 3594 mutus,
662 3529 886 3582 multum
931 3526 1295 3591 admonendo,
1335 3534 1389 3579 et
1417 3527 1574 3581 verba
1603 3527 1741 3580 illius
1768 3529 1994 3582 inlirmi-

413 3619 504 3671 tati
542 3619 882 3674 accommoda
905 3616 1224 3687 proferendo
1250 3625 1626 3686 congruentem
1654 3617 1751 3687 ipsi
1775 3620 1994 3674 medici-

414 3725 534 3763 nam
574 3710 826 3778 protulit,
859 3723 977 3777 qua:
1020 3707 1072 3760 in
1113 3721 1172 3761 se
1200 3714 1354 3760 erant
1382 3705 1559 3759 omnia
1587 3705 1783 3761 faciens
1807 3749 1821 3775 ,
1856 3717 1991 3762 tam-

409 3801 510 3854 etsi
555 3801 645 3854 ille
687 3798 900 3867 repulso
941 3797 1358 3863 medicamento,
1397 3796 1449 3850 in
1476 3795 1749 3852 fratricidii
1778 3801 1994 3868 profun-

409 3892 535 3945 dmn
577 3905 637 3945 se
669 3888 1026 3959 praecipitarit.
1056 3886 1283 3940 Peccain
1305 3924 1319 3949 ,
1346 3887 1558 3956 quiesce.
1587 3885 1662 3941 Ne
1694 3897 1842 3956 putes
1866 3929 1881 3952 ,
1914 3891 1992 3942 in-

409 3983 556 4052 quit,
589 3982 710 4035 licet
743 3991 886 4034 tuum
915 3989 1192 4034 aversatus
1216 3978 1314 4032 sim
1336 3977 1652 4033 sacrificium
1674 3977 1743 4032 ob
1771 3994 1986 4049 pravam

411 4084 672 4136 mentem,
720 4071 999 4142 fratrisque
1038 4071 1356 4126 oblationem
1402 4079 1670 4140 acceptam
1711 4069 1986 4126 habuerim

405 4167 476 4222 ob
503 4181 685 4220 sanam
715 4165 1082 4229 intentionem,
1109 4177 1194 4216 me
1215 4161 1334 4217 ideo
1357 4162 1582 4231 primatu
1605 4170 1656 4216 te
1674 4160 1984 4229 destituere,

403 4268 458 4312 et
501 4256 932 4326 pritnogeniturae
973 4254 1284 4324 dignitatem
1324 4266 1354 4305 a
1386 4262 1437 4308 te
1477 4251 1708 4307 auferre.
1736 4250 1984 4317 Quiesce;

406 4363 526 4402 nam
572 4347 694 4402 licet
723 4346 923 4400 honore
947 4360 1046 4415 ego
1076 4345 1223 4398 illum
1255 4352 1606 4414 proseqnutus
1631 4343 1820 4399 fuerim
1844 4387 1857 4411 ,
1889 4359 1984 4399 ae—

404 4450 659 4508 ceptaqne
687 4437 879 4492 fuerint
907 4437 1046 4490 illius
1070 4436 1207 4489 dona
1241 4453 1254 4490 :
1285 4444 1651 4490 verumtamen
1678 4437 1758 4488 Ad
1787 4446 1834 4490 te
1863 4453 1983 4490 con-

404 4533 560 4585 versio
581 4531 738 4596 illius,
779 4540 824 4583 et
854 4540 907 4582 tu
937 4529 1096 4598 ipsius
1125 4527 1484 4581 dominabcris.
1507 4527 1687 4596 Itaque
1714 4538 1830 4598 post
1861 4545 1982 4599 pec-

407 4633 579 4676 catum
627 4623 727 4676 hoc
771 4620 1018 4690 permitto
1047 4661 1062 4686 ,
1109 4627 1168 4672 ut
1213 4618 1647 4688 primogeniturze
1693 4620 1980 4689 pritilegiis

398 4715 632 4783 gaudeas
651 4756 666 4779 ,
700 4715 951 4783 illumque
977 4713 1077 4766 sub
1108 4721 1191 4766 tua
1227 4719 1487 4780 potestate
1515 4721 1569 4766 et
1595 4710 1832 4766 dominio
1859 4727 1980 4768 esse

396 4806 576 4875 jubco.
607 4806 738 4860 Vide
779 4806 1156 4875 benignitatem
1188 4804 1428 4871 Domini,-
1455 4805 1722 4874 quomodo
1747 4805 1977 4860 furorem

401 4908 453 4953 et
497 4900 749 4952 insaniam
795 4899 930 4954 illius
968 4898 1306 4963 demulcere,
1335 4907 1388 4952 et
1416 4897 1590 4952 verbis
1620 4897 1702 4952 his
1725 4899 1976 4967 impetum

395 4987 608 5044 auferre
649 4989 852 5043 nititur.
884 4988 1090 5057 Quippe
1119 4996 1294 5041 motus
1319 4988 1512 5042 mentis
1537 4987 1673 5040 illius
1700 4987 1901 5052 videns,
1925 4999 1978 5042 ct

395 5078 662 5134 crudelem
701 5093 766 5132 ac
801 5079 1188 5148 sanguinariam
1234 5077 1374 5131 illius
1398 5078 1722 5132 voluntatem
1764 5077 1976 5149 sciens,

397 5183 536 5222 nunc
583 5169 936 5239 prtemitigare
973 5169 1088 5238 ejus
1130 5169 1386 5222 rationem
1415 5167 1524 5220 vult
1553 5177 1605 5220 et
1630 5167 1972 5222 serenitatem

396 5261 563 5331 tuenti
589 5259 838 5314 inducere
861 5301 877 5326 ,
905 5258 1234 5339 subjicienda
1261 5258 1358 5328 ipsi
1388 5259 1600 5312 fratrem
1627 5298 1642 5321 ,
1668 5269 1723 5310 et
1752 5267 1971 5326 pozesta-

397 5360 501 5404 tem
552 5350 714 5419 ipsius
741 5350 870 5405 nihil
895 5350 1197 5404 minuendo.
1228 5348 1599 5403 Verumtamen
1634 5357 1750 5416 post
1774 5355 1970 5402 tantum

393 5457 576 5498 curam
616 5450 669 5497 et
697 5452 834 5496 tanta
862 5443 1094 5499 remedia
1122 5442 1252 5497 nihil
1279 5440 1545 5497 commodi
1573 5440 1698 5495 Cain
1731 5440 1851 5496 inde
1882 5456 1970 5495 re-

394 5533 531 5588 tulit.
577 5533 803 5590 'l‘antum
849 5535 984 5591 valet
1027 5532 1222 5590 mentis
1247 5532 1525 5590 diversitas
1551 5541 1603 5589 et
1629 5533 1843 5589 malitia:
1878 5546 1971 5589 ex-

391 5642 594 5682 CPSSIIS.

1453 227 1514 283 IN
1549 227 1701 283 CA’P.
1746 227 1834 282 IV.
1876 222 2111 283 GENES.
2154 227 2377 282 IIOMIL.
2422 228 2564 285 XIX.

3589 235 3685 294 153

2187 343 2237 395 7.
2285 343 2498 399 Marciis
2539 345 2784 414 epilogus.
2811 377 2881 386 —
2922 345 3024 402 Sed
3069 362 3137 403 ne
3176 348 3380 419 longius
3426 360 3692 417 protracta

2109 435 2281 486 oratio
2324 444 2500 488 nostra
2547 437 2751 490 caritati
2788 447 2980 492 vestrm
3007 439 3304 494 molestiam
3333 438 3588 496 exhibere
3614 447 3686 495 vi-

2108 521 2296 577 deatur
2317 564 2332 589 ,
2379 540 2512 580 neve
2560 526 2773 580 taedium
2802 527 2951 582 vobis
2972 527 3161 584 afferre
3187 529 3272 584 hic
3299 545 3477 585 sermo
3506 542 3687 586 llOSlt-I’

2109 624 2421 682 censeatur,
2471 626 2525 670 ct
2561 631 2718 672 aures
2762 629 2968 674 vestras
2997 621 3272 687 obtundat,
3308 623 3393 677 hic
3421 621 3578 677 fiuezn
3609 623 3688 677 di-

2109 706 2262 760 cendi
2291 705 2544 763 facientes
2570 750 2584 773 ,
2615 720 2848 764 vestrum
2891 711 3139 766 audiendi
3177 713 3404 768 studium
3437 713 3684 769 cohorte-

2112 815 2267 865 nmr,
2317 810 2373 854 ut
2414 803 2642 857 caveatis
2685 819 2752 858 ne
2799 803 2957 857 istum
3003 804 3312 868 imitemini,
3344 815 3478 861 etut
3506 807 3684 862 relicta

2110 891 2253 944 onmi
2301 893 2494 946 malitia
2518 934 2532 959 ,
2580 895 2826 949 mandata
2862 896 3067 950 Domini
3096 906 3294 951 attente
3319 912 3381 952 ac
3404 897 3687 968 diligenter

2111 981 2431 1049 perficiatis,
2466 987 2756 1054 prmscrtim
2802 996 2920 1055 post
2964 995 3105 1040 tanta
3155 988 3382 1056 taliaque
3422 990 3684 1058 exempla.

2109 1070 2288 1142 Neque
2331 1073 2472 1126 enim
2516 1074 2581 1128 ad
2626 1075 2970 1144 ignorantiam
3003 1076 3255 1146 deinceps
3284 1077 3562 1147 quisquam
3593 1094 3688 1133 no-

2109 1173 2276 1218 strum
2318 1165 2604 1236 confugere
2643 1170 2851 1237 poterit.
2896 1167 3025 1222 Nam
3067 1169 3110 1222 si
3141 1169 3258 1233 hic,
3282 1168 3410 1222 Cain
3437 1169 3684 1239 inquam,

2111 1257 2310 1311 nullum
2327 1269 2449 1314 ante
2470 1274 2528 1315 se
2545 1261 2763 1324 invenit,
2784 1262 2869 1330 qui
2897 1261 2996 1316 tale
3013 1260 3261 1331 quiddam
3283 1263 3471 1331 egerit,
3498 1261 3690 1316 nihilo-

2112 1348 2285 1404 minus
2337 1359 2509 1405 tamcn
2551 1351 2933 1407 intolerabilem
2972 1361 3025 1407 et
3062 1367 3274 1422 gravem
3330 1353 3468 1407 illam
3526 1354 3690 1407 susu-

2111 1440 2223 1493 nuit
2252 1457 2486 1511 pteuam,
2515 1457 2672 1512 quam
2701 1452 2754 1497 et
2777 1457 2867 1497 vos
2892 1453 3074 1512 postea
3101 1444 3279 1498 scietis
3303 1486 3316 1510 ,
3344 1444 3470 1514 quid
3501 1445 3689 1499 verisi-

2112 1534 2234 1587 mile
2257 1543 2337 1589 est
2367 1548 2464 1588 nos
2487 1548 2738 1604 passuros
2757 1576 2770 1600 ,
2799 1534 2886 1604 qui
2909 1533 3092 1589 eadem
3113 1575 3128 1602 ,
3153 1537 3232 1589 vel
3263 1535 3422 1590 etiam
3449 1536 3687 1605 gravium

2112 1630 2412 1696 peccamus,
2432 1626 2588 1698 idque
2608 1637 2728 1697 post
2746 1638 2940 1682 tantam
2963 1629 3145 1697 gratia:
3167 1628 3493 1698 largitatem?
3516 1645 3690 1682 nonne

2111 1719 2284 1788 ignem
2313 1729 2594 1787 aeternum,
2617 1733 2849 1774 vermem
2873 1720 2962 1790 qui
2990 1735 3095 1775 non
3128 1719 3381 1784 interibit,
3405 1719 3687 1774 stridorem

2110 1814 2367 1878 dentium,
2393 1813 2637 1868 tenebras
2658 1814 2968 1878 exteriores,
2993 1813 3289 1883 gehennam
3309 1814 3462 1883 ignis,
3484 1822 3535 1867 et
3556 1813 3689 1866 alias

2112 1904 2440 1958 inevitabiles
2479 1917 2665 1972 poenas
2701 1919 2820 1974 qua:
2860 1919 2956 1958 nos
2997 1914 3297 1973 exceptura:
3334 1905 3495 1958 sunt?
3534 1904 3686 1959 Nulla

2109 1997 2249 2051 enim
2298 1995 2536 2050 defensio
2575 1995 2728 2050 nobis
2756 1996 2938 2050 relicta
2969 2005 3084 2061 est,
3115 1995 3160 2050 si
3189 1995 3258 2050 ita
3284 1996 3613 2066 negligentes
3639 2007 3692 2050 et

2111 2089 2281 2158 ignavi
2323 2087 2593 2141 fuerimus.
2641 2087 2828 2143 Nonne
2871 2088 3073 2142 scimus
3115 2101 3302 2142 omnes
3332 2103 3449 2158 quae
3475 2087 3582 2141 sint
3611 2087 3690 2140 fa-

2109 2179 2294 2234 cienda
2315 2220 2328 2245 ,
2363 2195 2480 2249 qua:
2509 2195 2613 2233 non
2645 2178 2878 2235 facienda
2901 2179 2995 2233 let
3019 2194 3112 2234 eos
3133 2178 3219 2248 qui
3254 2179 3427 2248 priora
3453 2179 3688 2243 faciunt,

2110 2270 2427 2340 princip-des
2475 2285 2701 2325 coronas
2747 2279 3124 2340 assequuturus
3166 2285 3318 2336 esse,
3365 2284 3460 2324 eos
3511 2279 3687 2324 autem

2107 2363 2195 2432 qui
2234 2362 2284 2415 in
2317 2371 2560 2416 extrema
2586 2361 2845 2425 incidunt,
2873 2362 3128 2416 extremis
3156 2361 3428 2430 suppliciis
3449 2375 3569 2417 esse
3595 2377 3689 2430 pu-

2108 2453 2364 2509 niendos?
2389 2455 2513 2509 Ideo
2544 2469 2730 2523 precor
2747 2462 2906 2524 atque
2925 2454 3167 2518 obsecro,
3192 2469 3258 2509 ne
3275 2464 3568 2511 conventus
3591 2459 3690 2511 iste

2109 2557 2289 2600 noster
2331 2545 2529 2599 inutilis
2565 2544 2672 2609 sit,
2701 2545 2795 2600 sed
2836 2553 2892 2599 ut
2920 2560 3039 2615 qua:
3063 2545 3277 2600 auribus
3306 2545 3490 2601 hausta
3521 2557 3684 2612 sunt,

2106 2637 2290 2690 eadem
2336 2645 2390 2690 et
2423 2634 2575 2688 factis
2598 2643 3012 2704 expromantur,
3044 2643 3100 2689 ut
3127 2635 3280 2689 nobis
3305 2635 3441 2690 bene
3465 2637 3686 2701 conscii,

2106 2739 2264 2798 atque
2299 2725 2510 2781 interim
2553 2727 2689 2780 bona
2727 2741 2822 2798 spe
2862 2726 3017 2793 freti,
3050 2727 3264 2783 difficile
3290 2727 3390 2783 hoc
3413 2731 3687 2799 praesentis

2106 2820 2230 2873 vitae
2261 2819 2476 2889 pelagus
2509 2817 2663 2874 facile
2694 2818 3039 2888 trajicientes,
3069 2819 3120 2873 in
3152 2828 3360 2889 portum
3390 2820 3689 2892 benignita-

2107 2910 2173 2964 tis
2202 2909 2292 2963 Dei
2323 2909 2624 2978 pervenire,
2656 2919 2710 2964 et
2735 2908 3018 2963 ineffabilia
3042 2910 3175 2965 bona
3209 2911 3293 2964 illa
3323 2912 3577 2981 consequi
3606 2927 3688 2964 va-

2103 3004 2326 3068 leamus,
2361 3018 2479 3073 qua-3
2505 3002 2746 3073 promisit
2776 3003 3032 3058 Dominus
3052 3003 3392 3074 diligentibus
3417 3021 3494 3069 se,
3522 3006 3686 3075 gratia

2104 3105 2158 3150 et
2176 3094 2538 3149 misericordia
2569 3094 2821 3165 unigeniti
2851 3094 2966 3165 ejus
2990 3095 3128 3164 Filii,
3160 3111 3282 3151 cum
3305 3113 3409 3168 quo
3431 3108 3615 3152 sancto
3637 3110 3690 3153 ct

2103 3185 2374 3240 adorando
2416 3188 2532 3260 ejus
2566 3185 2784 3258 Spiritui
2811 3186 2976 3256 gloria
3000 3227 3014 3254 ,
3041 3185 3214 3242 honor
3237 3227 3252 3254 ,
3283 3196 3337 3242 et
3365 3188 3644 3258 imperium
3671 3231 3684 3254 ,

2103 3293 2244 3333 nunc
2268 3287 2322 3333 et
2347 3293 2580 3349 semper,
2603 3289 2657 3335 et
2682 3279 2736 3335 in
2758 3280 2947 3334 szecula
2973 3280 3308 3336 saeculorum.
3338 3283 3526 3335 Amen.

2672 3415 2944 3470 IIOMILIA
2977 3416 3116 3470 XIX.

2103 3526 2167 3580 Et
2201 3527 2326 3581 dixit
2371 3527 2494 3581 Cain
2529 3526 2597 3578 ad
2640 3526 2761 3580 Abel
2800 3529 3008 3598 fratrem
3043 3543 3188 3580 suum
3225 3543 3244 3580 :
3274 3527 3608 3597 Egrediamttr
3631 3529 3681 3582 in

2600 3632 2831 3684 campum
2853 3615 3002 3688 (Gen.
3027 3619 3079 3671 4.
3104 3616 3182 3687 8).

2173 3733 2227 3786 l.
2266 3729 2451 3785 Misera
2501 3730 2686 3802 peccati
2730 3730 2958 3784 servitus.
3008 3729 3176 3785 llomo
3217 3731 3442 3786 libertate
3486 3732 3682 3788 arbitrii

2099 3825 2330 3878 donatus.
2376 3805 2524 3876 Deus}
2565 3823 2902 3877 necessitatem
2939 3838 3038 3876 non
3078 3823 3307 3893 imponit.
3360 3853 3430 3864 -—
3477 3823 3682 3893 Quem-

2098 3914 2384 3970 admodum
2440 3914 2749 3969 incurabilia
2797 3914 3013 3970 vulnera
3070 3929 3242 3984 neque
3289 3917 3516 3971 austeris
3567 3932 3684 3972 me-

2097 4006 2410 4061 dicamentis
2435 4007 2668 4073 cedunt,
2710 4021 2881 4076 neque
2909 4006 3230 4062 lenientibus
3264 4024 3275 4059 :
3310 4007 3378 4061 ita
3409 4017 3464 4062 ct
3501 4009 3675 4062 anima

2096 4099 2262 4154 semel
2286 4099 2513 4168 captiva,
2539 4099 2583 4153 si
2607 4113 2664 4154 se
2704 4109 2924 4169 peccato
2962 4098 3190 4168 cuipiam
3223 4098 3506 4154 obnoxiam
3538 4099 3675 4156 fece-

2095 4191 2196 4256 rit,
2243 4199 2298 4245 et
2337 4189 2674 4244 considerare
2733 4189 2963 4244 noluerit
3003 4203 3122 4258 qua:
3163 4188 3263 4243 sibi
3307 4198 3434 4242 sunt
3477 4191 3624 4244 utilia
3655 4232 3671 4257 ,

2093 4286 2252 4339 etiam
2291 4283 2335 4337 si
2371 4282 2491 4354 quis
2528 4285 2804 4337 innumera
2841 4281 3064 4337 inculcet
3099 4280 3239 4334 illius
3272 4281 3508 4346 auribus,
3541 4282 3673 4337 nihil

2093 4376 2361 4446 proficiet:
2381 4374 2474 4431 sed
2487 4375 2637 4446 quasi
2651 4383 2872 4429 mortua:
2887 4381 3064 4428 essent
3082 4387 3260 4438 aures,
3282 4372 3478 4427 nullam
3500 4387 3569 4427 ex
3587 4373 3678 4426 ad-

2092 4467 2383 4521 monitione
2405 4466 2626 4536 suscipit
2647 4466 2929 4521 utilitatcm
2954 4482 2966 4517 :
2992 4479 3098 4518 non
3121 4464 3240 4534 quia
3259 4479 3362 4518 non
3375 4465 3672 4536 potest,sed

2090 4560 2209 4630 quia
2239 4574 2342 4614 non
2364 4560 2475 4614 vult
2503 4559 2541 4612 ί.
2567 4558 2681 4613 Νοη
2711 4558 2853 4614 enim
2875 4556 3143 4611 sicutetin:
3160 4555 3527 4626 corporalibus
3553 4557 3672 4610 vul—

2091 4649 2306 4705 neribus
2340 4649 2508 4704 videri
2548 4649 2718 4715 solet,
2766 4648 2834 4701 ita
2865 4656 2918 4702 et
2947 4648 2998 4700 in
3028 4646 3300 4700 voluntate
3329 4654 3431 4700 est.
3461 4644 3592 4699 Nam
3622 4647 3673 4699 in

2089 4741 2460 4812 corporalibus
2483 4747 2686 4793 natura:
2709 4737 3016 4792 affectiones
3041 4750 3182 4803 szrpc
3203 4735 3501 4790 immobiles
3521 4751 3666 4799 sunt,

2089 4834 2140 4887 in
2168 4833 2435 4887 voluntate
2464 4839 2641 4883 autem
2672 4842 2776 4882 non
2819 4827 2887 4879 ita
2917 4840 2974 4879 se
3003 4839 3090 4878 res
3120 4824 3279 4878 habet
3309 4841 3323 4878 :
3353 4838 3496 4893 saepe
3525 4827 3665 4880 enim

2087 4926 2131 4979 si
2162 4923 2384 4977 voluerit
2413 4921 2569 4974 etiam
2597 4918 2683 4987 qui
2711 4918 2880 4970 malus
2904 4923 3005 4980 est,
3031 4924 3284 4980 mutatur,
3307 4925 3357 4968 et
3381 4915 3437 4967 fit
3457 4914 3627 4970 bonus
3653 4935 3663 4968 :

2087 5027 2140 5073 et
2168 5017 2256 5088 qui
2286 5015 2476 5077 bonus,
2507 5027 2602 5082 per
2626 5010 2882 5080 ignaviam
2910 5007 3124 5071 excidit,
3152 5016 3204 5062 et
3234 5008 3290 5061 lit
3312 5007 3498 5060 malus.
3534 5006 3666 5072 Quia

2085 5124 2211 5178 ergo
2235 5105 2384 5160 liberi
2407 5102 2607 5157 arbitrii
2631 5115 2750 5155 esse
2768 5109 3000 5154 nostram
3020 5105 3261 5151 naturam
3283 5097 3405 5151 fecit
3423 5095 3662 5150 omnium

2086 5198 2338 5255 Dominus
2360 5196 2402 5261 ³,
2441 5196 2554 5264 ipse
2583 5192 2794 5264 quidem
2826 5207 2944 5262 qua:
2971 5205 3063 5245 sua
3093 5201 3218 5244 sunt
3243 5189 3419 5244 omnia
3448 5201 3545 5258 pro
3569 5202 3660 5242 sua

2082 5288 2444 5345 misericordia
2471 5301 2683 5356 semper
2711 5284 2926 5340 exhibet
2955 5299 2968 5338 :
2997 5292 3051 5337 et
3075 5281 3248 5336 sciens
3275 5279 3580 5335 abscondita
3610 5279 3662 5333 in

2146 5451 2161 5481 ι
2200 5455 2316 5509 neg.
2351 5458 2496 5506 unus,
2542 5456 2634 5493 non
2672 5438 2802 5504 quod
2833 5436 3070 5494 evidentia
3107 5435 3250 5496 absit,
3279 5434 3367 5488 sed
3389 5435 3518 5498 quod
3537 5432 3658 5486 absit

2079 5510 2304 5574 potentia.

2145 5560 2172 5606 si
2192 5560 2288 5624 llas
2309 5587 2468 5630 meos,
2490 5566 2702 5630 enini!!!"
2728 5561 2960 5630 Domile
2982 5563 3028 5630 (3⁵
3059 5561 3154 5607 τῶν
3186 5560 3505 5630 δλων--βεός)⁹
3541 5571 3652 5620 tum

2084 5623 2258 5686 desunt
2283 5639 2333 5684 in
2358 5623 2525 5682 Morel.
2550 5639 2600 5676 et
2622 5628 2840 5687 Illonlef.,
2872 5623 3142 5672 addidimus
3163 5635 3191 5671 c
3210 5623 3408 5672 Savillo.
