4122 6204
523 158 543 205 1
554 154 621 202 ῗιῐ)

519 260 778 333 profundo
807 253 996 310 mentis
1023 258 1073 301 et
1101 259 1310 309 arcana,
1342 243 1600 302 hortatur,
1622 236 1878 333 consul-it.
1913 250 2075 289 cona-

517 323 704 420 insque
729 355 940 400 nostros
966 338 1128 392 malos
1148 332 1486 404 ,prtevenicns
1512 323 1867 420 reprimit.uEt
1892 339 2081 378 neces-

517 417 722 495 sitatem
751 434 929 501 utique
954 442 1057 482 non
1074 424 1327 494 imponit,
1353 421 1445 478 sed
1472 417 1881 516 congruentibus
1905 429 2083 516 reme-

517 530 617 583 diis
663 522 954 593 appositis,
983 526 1148 577 totum
1198 516 1354 569 situm
1399 512 1451 566 in
1494 509 1798 580 aegrotantis
1826 509 2086 560 sententia

519 617 749 673 dimittit.
799 612 910 673 Hoc
936 611 1094 680 igitur
1120 618 1171 663 et
1198 608 1249 662 in
1275 606 1401 663 Cain
1433 618 1573 658 nunc
1600 601 1793 699 factum
1822 608 1923 653 est.
1956 597 2087 699 Vide

516 708 658 764 enim
704 712 823 774 post
871 710 1067 757 tantam
1117 695 1499 768 providentiam
1545 701 1598 788 et
1641 691 1735 788 sui.
1762 703 1988 788 curam,
2034 691 2085 741 in

518 804 766 864 quantam
780 790 1031 846 inciderit
1050 786 1327 842 insaniam.
1351 781 1639 853 Oportebat
1653 780 1792 834 enim
1813 780 2087 832 conscium

556 883 721 943 cccati
752 883 836 938 sui
866 881 919 935 in
948 875 1279 935 emendando
1309 882 1489 944 postca
1514 878 1824 938 occupatum
1851 881 2006 930 esse;
2036 873 2087 921 at

514 976 608 1032 ille
650 972 799 1043 quasi
855 971 1071 1033 ebrius,
1121 966 1328 1022 aliectui
1378 972 1432 1019 et
1475 960 1681 1017 vulneri
1736 959 1898 1029 priori
1951 957 2090 1012 aliud

523 1068 671 1121 ult-us
710 1063 1034 1133 conjungeus
1055 1100 1072 1125 ,
1100 1068 1151 1113 et
1182 1056 1494 1112 medicinam
1526 1061 1670 1107 tanta
1696 1048 1960 1120 diligentia
1989 1047 2088 1103 ad-

524 1157 741 1213 hibitam
785 1170 891 1209 non
934 1152 1248 1215 admittens,
1285 1147 1385 1202 sed
1433 1144 1747 1199 destinatam
1792 1139 1989 1194 ctedem
2038 1140 2090 1194 in

525 1263 659 1317 opus
682 1245 969 1316 perducere
990 1241 1261 1302 festinans,
1285 1253 1313 1291 a
1335 1236 1456 1291 dolo
1477 1244 1529 1289 et
1548 1232 1776 1287 versutia
1798 1229 2088 1294 exorditur,

523 1347 578 1392 et
616 1334 889 1392 fallacibus
914 1334 1089 1389 verbis
1118 1331 1332 1385 fratrem
1359 1326 1571 1397 decipit.
1620 1323 1748 1379 Tam
1779 1321 1972 1377 etferus
2015 1330 2096 1375 est

527 1428 705 1491 homo,
728 1426 815 1496 qui
841 1425 891 1479 in
912 1423 1200 1494 nequitiam
1221 1415 1520 1474 declinavit.
1543 1413 1673 1510 Nam
1694 1413 1831 1510 sicut
1850 1425 2095 1510 maguum

524 1525 578 1572 et
609 1515 964 1571 venerandum
990 1519 1074 1567 est
1108 1507 1366 1567 rationale
1397 1505 1498 1560 hoc
1533 1501 1726 1557 animal
1750 1542 1765 1567 ,
1791 1509 1842 1554 et
1870 1501 2097 1553 maxime

526 1606 738 1677 quando
784 1604 836 1658 in
878 1601 1088 1658 virtutis
1129 1599 1263 1652 viam
1308 1593 1580 1651 contendit
1622 1609 1636 1646 :
1681 1590 1752 1646 ita
1795 1587 2004 1659 quando
2043 1588 2095 1642 in

529 1698 724 1753 malum
772 1695 1035 1759 declinat,
1083 1690 1495 1746 truculentarum
1539 1683 1824 1741 bestiarum
1864 1680 2100 1735 imitatur

529 1786 914 1843 crudelitatem.
974 1783 1109 1849 Quin
1154 1790 1207 1835 et
1246 1793 1366 1833 cum
1414 1775 1614 1831 feroces
1658 1771 1864 1826 illarum
1916 1783 2095 1824 mores

532 1875 898 1947 assumpserit,
923 1873 1160 1945 quamvis
1185 1867 1441 1925 rationale
1465 1876 1519 1922 et
1550 1872 1878 1919 mansuetum
1905 1860 2102 1914 animal

530 1969 618 2029 sit.
640 1967 821 2022 multis
842 1974 1014 2019 tamen
1039 1961 1340 2017 nominibus
1366 1958 1573 2014 illarum
1598 1962 1810 2024 supcrat
1834 1952 2099 2007 ferociam.

533 2060 814 2115 Videamus
856 2056 1011 2126 igitur
1050 2063 1106 2108 et
1142 2053 1258 2109 istic
1297 2050 1420 2121 quid
1460 2046 1730 2103 acciderit.
1773 2043 1825 2098 8.
1869 2041 1934 2096 Et
1975 2042 2105 2096 dixit

532 2150 656 2205 Cain
683 2190 698 2215 ,
730 2148 932 2217 inquit,
961 2145 1027 2198 ad
1056 2143 1178 2198 Abel
1218 2145 1424 2213 fratrem
1461 2153 1608 2193 suum
1636 2150 1655 2190 .'
1688 2133 2025 2235 Egrediamur
2052 2133 2107 2235 in

540 2256 793 2311 rumpunt.
828 2236 998 2291 Verba
1026 2234 1237 2305 quidem
1264 2230 1463 2296 fratris,
1496 2241 1646 2283 mens
1675 2233 1850 2279 autem
1879 2223 2105 2279 homici-

533 2333 635 2391 dae.
668 2329 803 2399 Quid
831 2329 976 2393 facis,
1007 2342 1039 2380 ο
1064 2325 1229 2380 Cain?
1258 2323 1429 2379 nescis
1454 2320 1539 2375 cui
1566 2317 1835 2388 loqueris?
1880 2331 1983 2369 non
2012 2332 2101 2371 co-

533 2426 669 2497 gitas
710 2422 800 2477 tibi
832 2436 952 2479 cum
994 2417 1155 2474 fratre
1183 2413 1502 2487 colloquium
1532 2408 1691 2465 esse?
1715 2422 1823 2511 non
1851 2415 2106 2511 reputas,

535 2516 721 2573 eodem
752 2528 858 2585 quo
884 2520 938 2567 tu
967 2520 1118 2571 utero
1147 2518 1327 2567 natum
1357 2503 1510 2561 esse?
1537 2517 1640 2557 non
1670 2500 1850 2555 animo
1875 2500 2112 2568 concipis

535 2604 918 2664 abominabiles
963 2599 1225 2657 conatus?
1268 2612 1373 2652 non
1416 2595 1569 2650 times
1601 2590 1832 2662 iudicem
1870 2590 1959 2659 qui
2006 2590 2111 2644 falli

538 2698 761 2771 nequit?
793 2711 895 2753 non
923 2694 1106 2749 horret
1128 2704 1280 2747 mens
1306 2699 1388 2745 tua
1410 2684 1648 2742 facinus?
1668 2682 1774 2738 Cur
1794 2681 1845 2736 iu
1864 2696 2112 2751 campum

537 2770 696 2849 vocas
728 2789 960 2854 fratrem,
984 2795 1037 2843 et
1064 2783 1208 2839 foras
1228 2797 1256 2839 a
1280 2778 1513 2851 paternis
1538 2775 1676 2829 ulnis
1699 2770 1954 2826 abducis?
1981 2786 2114 2841 qua-

537 2901 596 2941 re
623 2885 794 2954 ipsum
822 2891 1042 2950 paterno
1067 2874 1262 2930 auxilio
1289 2868 1569 2926 destituis?
1593 2864 1738 2965 Quid.
1755 2863 1872 2965 novi
1900 2863 2111 2965 accidit,

537 2952 678 3049 quod
708 2986 845 3027 nunc
865 2970 1077 3025 fratrem
1101 2966 1154 3020 in
1175 2975 1417 3031 campum
1442 2956 1625 3024 trahis,
1648 2963 1704 3049 et
1726 2952 1939 3023 idquod
1968 2954 2114 3049 prius

539 3047 645 3125 non
675 3065 862 3130 fecisti,
893 3075 1032 3117 nunc
1058 3059 1229 3114 facere
1254 3063 1506 3118 attentas,
1531 3058 1582 3106 et
1603 3047 1847 3102 amicitiae
1873 3047 2113 3101 Occasio-

539 3177 607 3218 ne
668 3158 955 3214 fraternam
1005 3145 1427 3205 benevolentiam
1478 3136 1857 3209 prtetexendo,
1904 3134 2113 3190 hostilia

538 3264 760 3323 quaeque
786 3251 1089 3317 perpetrare
1120 3233 1422 3293 deliberas?
1446 3232 1573 3299 Qua:
1608 3224 1847 3282 insania?
1856 3241 1999 3327 “qua?
2027 3243 2115 3327 ra-

540 3314 693 3399 bies?
740 3314 905 3402 Esto,
948 3338 1241 3388 excmcatus
1284 3331 1462 3380 mente
1522 3318 1770 3374 fraterna:
1818 3314 2115 3371 affectionis

542 3434 743 3493 nullam
788 3430 1045 3486 rationem
1072 3422 1301 3483 habeas,
1335 3429 1508 3486 neque
1535 3421 1775 3468 naturam
1816 3425 2071 3480 agnoscas
2100 3428 2113 3464 :

539 3543 635 3582 cur
662 3524 917 3579 adversus
945 3518 1091 3573 illum
1121 3512 1186 3569 ad
1215 3511 1413 3567 bellum
1444 3515 1495 3563 te
1520 3503 1758 3568 instruis,
1785 3502 1872 3571 qui
1899 3501 2041 3555 nulla
2068 3512 2119 3556 te

542 3617 731 3689 injuria
763 3610 975 3670 affecit?
1019 3605 1146 3679 quid
1176 3605 1299 3660 item
1330 3599 1494 3656 habes
1522 3594 1661 3689 quod
1680 3592 1996 3689 parentibus
2018 3592 2119 3647 cb-

537 3686 690 3782 jicias
710 3750 724 3776 ,
748 3720 883 3776 quos
909 3711 1051 3758 tanta
1079 3696 1325 3754 maestitia
1348 3691 1581 3761 aﬂligcre
1608 3686 1875 3743 deliberas
1898 3726 1912 3750 ,
1940 3692 1997 3739 et
2021 3699 2120 3738 au-

542 3817 661 3862 ctor
686 3817 806 3858 csse
829 3797 1082 3855 terribilis
1110 3790 1401 3864 tragcedim,
1431 3798 1486 3844 ut
1512 3786 1712 3858 primus
1737 3785 1813 3839 eis
1835 3782 2117 3838 violentam

544 3896 682 3952 hanc
726 3898 949 3945 mortem
992 3883 1283 3942 ostendas?
1331 3880 1442 3937 llas
1484 3878 1586 3934 illis
1624 3873 1896 3933 mercedes
1941 3873 2122 3928 reddis

545 3997 650 4042 tute
678 3978 1047 4039 educationis?
1076 3977 1206 4046 Quae
1239 3972 1432 4028 diaboli
1459 3984 1545 4027 ars
1574 3969 1624 4023 in
1657 3968 1756 4023 hoc
1786 3975 1837 4020 te
1866 3964 2120 4037 ﬂagitium

544 4076 789 4153 impulit?
815 4077 896 4137 An
922 4072 1099 4128 dicere
1126 4076 1275 4139 potes
1302 4061 1727 4121 benevolentiam
1758 4058 2120 4159 erga

545 4148 692 4227 illum
716 4209 730 4234 ,
765 4168 934 4238 ipsum
983 4161 1262 4219 adversum
1312 4165 1364 4212 te
1405 4162 1739 4222 arrogantem
1780 4148 2122 4204 reddidisse?

546 4261 734 4317 Nonne
755 4266 1057 4329 praecavens
1076 4250 1144 4305 ob
1167 4249 1300 4303 hanc
1320 4243 1704 4342 sanguinariam
1723 4249 1867 4342 tuam
1889 4247 2122 4342 merrtem

545 4348 772 4418 subiecit
802 4346 949 4401 illum
976 4342 1088 4405 tibi,
1116 4349 1171 4396 et
1203 4348 1305 4394 tua:
1332 4335 1576 4431 potestati
1603 4330 2119 4431 summittet-dixit,

550 4440 684 4512 Quia
723 4436 789 4491 ad
832 4445 877 4489 te
915 4431 1168 4489 conversio
1192 4430 1329 4484 illius
1352 4468 1367 4494 ,
1396 4436 1444 4482 rt
1473 4436 1525 4480 tu
1555 4425 1713 4495 ipsius
1740 4418 2072 4476 dontiuaberis
2099 4422 2125 4474 ?

547 4535 682 4593 Nam
706 4531 807 4585 hoc
825 4528 891 4585 de
914 4526 1089 4583 fratris
1113 4522 1439 4594 subiectione
1466 4515 1826 4587 accipiendum
1856 4522 1956 4567 est.
1990 4514 2122 4568 Sunt

550 4628 694 4685 enim
721 4623 879 4697 aliqui
908 4621 1163 4686 dicentes,
1191 4617 1257 4673 de
1281 4612 1547 4709 sacrificio
1574 4609 1730 4709 abeo
1756 4607 1932 4709 oblato

551 4719 676 4778 talia
717 4696 914 4773 dixisse
944 4731 956 4767 :
986 4711 1065 4766 Ad
1098 4719 1145 4764 te
1184 4705 1438 4763 conversio
1462 4745 1478 4772 ,
1520 4701 1688 4772 inquit
1711 4740 1725 4763 ,
1770 4699 1969 4753 scilicet
1998 4696 2123 4751 doni

544 4814 686 4869 illius
710 4853 723 4875 ,
753 4820 799 4867 et
827 4817 878 4862 tu
906 4806 1064 4876 ipsius
1095 4798 1427 4859 dominaberis
1458 4792 1549 4850 :id
1577 4802 1657 4850 est
1680 4833 1695 4859 ,
1724 4805 1789 4847 eo
1818 4788 2025 4844 frueris.
2060 4787 2125 4843 Et

547 4905 669 4962 ideo
686 4911 966 4970 utrumque
985 4909 1198 4952 sensum
1215 4890 1343 4958 dixi,
1363 4887 1665 4957 relinquens
1687 4891 1874 4982 vestrm
1896 4879 2125 4982 pruden-

549 4998 635 5053 tia:
659 5035 674 5062 ,
704 4994 756 5055 id
787 4989 928 5063 quod
954 4988 1110 5045 dictis
1139 4984 1306 5055 magis
1330 4993 1622 5050 congruum
1651 4975 1858 5030 videtnr
1881 5014 1895 5038 ,
1924 4972 2124 5063 (διὶερηο

549 5061 697 5145 dunt.
747 5061 870 5141 Mihi
917 5081 1058 5137 enim
1100 5074 1310 5131 videtur
1352 5070 1418 5126 de
1465 5070 1625 5123 fratre
1662 5081 1783 5122 esse
1810 5065 2026 5120 dictum.
2061 5061 2128 5116 Et

548 5182 740 5249 factum
781 5183 852 5230 est
881 5214 894 5240 ,
935 5186 1051 5227 cum
1088 5174 1244 5223 essent
1281 5159 1379 5234 ipsi
1415 5161 1467 5215 in
1502 5174 1710 5249 campo,
1747 5155 1964 5249 surrexit
2004 5151 2128 5249 (-Iain

548 5242 725 5322 contra
750 5264 872 5318 Abel
900 5266 1106 5333 fratrem
1132 5270 1297 5318 suum,
1326 5260 1371 5306 ct
1396 5248 1575 5304 occidit
1599 5246 1764 5301 illum.
1794 5242 2126 5333 llorrcndum

553 5357 776 5421 facinus,
807 5332 1087 5426 periculosi
1116 5360 1296 5411 ausus,
1319 5338 1675 5399 abominabile
1701 5350 1862 5405 opus,
1889 5332 2127 5426 irremis-

552 5449 706 5504 sibile
731 5425 1002 5517 peccatum
1028 5485 1043 5509 ,
1072 5438 1306 5501 clleraue
1330 5434 1524 5493 anitum
1553 5428 1902 5502 protiositum.
1942 5425 2130 5481 Surre-

545 5540 646 5605 xit,
674 5539 764 5610 ittq
778 5531 873 5599 uit,
898 5546 1072 5591 contra
1103 5532 1225 5589 Abel
1250 5533 1458 5603 fratrem
1489 5542 1655 5593 situm,
1689 5540 1733 5580 et
1762 5521 1937 5575 οεσὶιίἕι
1962 5519 2126 5574 illum.

1240 134 1296 187 S.
1338 125 1610 186 JO.\N.\'IS
1649 120 2118 179 CllR\SOSTO.\II
2158 120 2472 175 A‘RCIIIEP.
2515 117 3059 176 CONSTANTINOP.

3680 125 3785 183 ιδ’)

2188 234 2237 289 ηΟ
2270 234 2674 291 abominabilem
2709 238 2960 291 manum!
3003 253 3037 292 ο
3065 239 3339 297 dexteram
3374 242 3747 299 miserabilem
3782 255 3793 303 ξ

2188 326 2299 379 imo
2328 341 2432 379 non
2466 342 2679 381 manum
2700 337 2925 394 .nportet
2944 344 3140 387 vocare
3161 332 3581 389 abominabilcm
3610 347 3671 391 et
3695 337 3787 391 mi-

2192 418 2475 473 serabilem
2493 461 2508 486 ,
2532 420 2627 476 scd
2650 430 2894 477 mentem
2924 424 3011 479 cui
3028 425 3338 480 .membrum
3366 429 3610 483 servivit.
3643 430 3799 483 Diea-

2194 522 2313 562 mus
2340 508 2497 576 igitur
2521 511 2619 570 sic.
2646 526 2681 564 ο
2704 511 2961 568 audacem
2988 525 3225 569 mentem
3255 555 3270 581 ,
3297 524 3354 571 ct
3374 517 3799 576 abominabilem

2192 609 2248 653 et
2294 600 2695 656 miserabilem!
2742 612 2797 656 et
2834 603 3093 674 quidquid
3133 605 3236 659 dici
3267 614 3442 675 potest
3467 649 3482 671 ,
3506 625 3623 664 .non
3670 612 3804 665 satis

2186 690 2421 748 dicetur.
2467 693 2747 761 Quomodo
2784 713 2889 751 non
2934 700 3206 769 obtorpuit
3232 702 3348 770 ejus
3379 708 3609 760 manus?
3662 722 3805 778 que-

2189 783 2359 838 .modo
2380 786 2559 853 potuit
2600 795 2790 841 tenere
2830 788 3064 858 gladium
3092 792 3109 823 ¹
3134 833 3149 859 ,
3181 801 3236 847 et
3254 792 3504 864 inﬂigere
3540 798 3809 869 plagam?

2190 876 2465 944 quomodo
2512 892 2618 932 non
2653 879 2888 934 awolavit
2927 896 2961 936 a
3004 897 3232 952 corpore
3261 885 3484 941 anima?
3529 890 3810 957 quomodo

2195 965 2358 1020 valuit
2387 966 2600 1035 operari
2638 976 2746 1023 tam
2775 969 3067 1026 nefandum
3095 972 3344 1030 facinus?
3390 979 3669 1046 quomodo
3701 996 3811 1036 non

2194 1053 2390 1109 inﬂexa
2420 1065 2524 1119 est,
2554 1067 2608 1112 et
2628 1056 2761 1112 Cain
2795 1074 2900 1114 non
2924 1065 3153 1116 mutavit
3180 1068 3499 1120 sententiam
3523 1067 3548 1120 ?
3575 1084 3814 1138 quomo-

2190 1143 2269 1199 do
2288 1160 2394 1203 non
2410 1148 2667 1215 cogitavit
2688 1161 2935 1205 naturam
2950 1153 2975 1205 ?
2997 1153 3267 1222 quomodo
3288 1170 3393 1210 non
3415 1158 3809 1226 consideravit,

2198 1245 2483 1305 antequam
2521 1237 2825 1294 adoriretur
2855 1241 3005 1296 nefas
3031 1284 3045 1306 .
3081 1244 3258 1312 operis
3286 1244 3491 1300 finem?
3532 1250 3816 1318 quomodo

2201 1325 2451 1380 sustinuit
2480 1337 2600 1397 post
2630 1328 2839 1385 facinus
2864 1373 2879 1397 ,
2910 1333 3096 1389 videre
3130 1349 3325 1405 corpus
3350 1337 3528 1394 fratris
3557 1340 3816 1409 spiritum

2202 1415 2436 1473 elllantis
2463 1428 2516 1474 et
2543 1421 2848 1489 palpitantis
2873 1437 3037 1493 super
3065 1427 3308 1481 terram?
3334 1430 3607 1498 quomodo
3638 1433 3819 1500 potuit

2201 1506 2385 1564 videre
2414 1519 2683 1566 mortuum
2725 1522 2780 1567 et
2809 1513 2956 1569 humi
2987 1518 3281 1585 projectum
3306 1560 3322 1587 ,
3352 1528 3405 1574 et
3440 1536 3470 1575 η
3498 1523 3821 1592 spectaculo

2202 1613 2309 1653 non
2340 1601 2519 1655 statim
2547 1602 2839 1659 dissolutus
2858 1608 2986 1661 est?
3008 1607 3143 1661 Nam
3173 1624 3293 1663 cum
3325 1624 3425 1665 nos
3455 1620 3577 1681 post
3603 1624 3694 1668 tot
3722 1630 3824 1669 an-

2203 1705 2393 1746 norum
2424 1709 2705 1750 numerum
2730 1738 2746 1764 ,
2778 1712 2899 1752 cum
2924 1699 3166 1768 quotidie
3199 1703 3492 1758 morientes
3514 1705 3782 1760 videmus
3806 1747 3824 1771 ,

2202 1785 2445 1852 quamvis
2468 1786 2697 1840 naturali
2725 1796 2895 1843 morte
2920 1829 2935 1853 ,
2971 1798 3027 1844 et
3055 1792 3313 1861 sanguine
3338 1792 3468 1847 nihil
3497 1795 3661 1849 nobis
3684 1795 3825 1865 jun—

2203 1881 2338 1938 ctos,
2371 1876 2573 1932 viribus
2598 1877 2938 1935 destituimur
2956 1921 2971 1946 ,
3001 1890 3057 1936 et
3081 1881 3129 1935 si
3157 1883 3404 1938 inimicus
3431 1886 3541 1950 sit,
3568 1886 3820 1943 inimici-

2207 1964 2398 2021 tiarum
2435 1967 2595 2023 finem
2635 1968 2858 2024 facimus
2891 1990 2905 2024 :
2934 1982 3136 2040 quanto
3172 1976 3343 2044 magis
3373 1975 3516 2031 hunc
3541 1977 3821 2048 disperire

2207 2069 2303 2125 par
2338 2066 2461 2111 erat
2484 2099 2500 2124 ,
2526 2068 2583 2114 et
2620 2064 2803 2115 statim
2846 2063 3094 2117 emittere
3134 2065 3366 2120 animam
3388 2107 3403 2131 ,
3446 2082 3568 2122 cum
3607 2070 3820 2125 videret

2209 2142 2429 2199 fratrem
2454 2187 2470 2212 ,
2505 2148 2596 2218 qui
2639 2149 2797 2218 paulo
2833 2159 2991 2205 antea
3024 2152 3340 2223 loquebatur
3365 2195 3380 2219 ,
3414 2156 3602 2211 eadem
3636 2170 3816 2215 matre

2208 2245 2391 2290 natum
2421 2276 2433 2300 ,
2462 2238 2653 2294 eodem
2699 2250 2850 2309 patre
2889 2244 3129 2312 genitum
3153 2285 3169 2311 ,
3201 2245 3443 2315 ejusdem
3487 2252 3624 2305 uteri
3658 2262 3817 2320 partu

2211 2325 2435 2394 editum,
2467 2328 2579 2383 Deo
2608 2330 2861 2401 singulari
2890 2332 3262 2390 benevolentia
3288 2348 3563 2407 acceptum
3586 2382 3601 2407 ,
3632 2342 3814 2396 subito

2211 2418 2411 2489 absque
2432 2420 2622 2491 spiritu
2644 2431 2694 2476 et
2716 2424 3027 2493 operatione
3042 2426 3331 2496 jacentem,
3356 2440 3409 2484 et
3424 2445 3589 2502 super
3610 2441 3814 2488 terram

2214 2510 2557 2578 palpitantem
2578 2512 2603 2565 ?

2281 2598 2338 2654 2.
2370 2602 2439 2657 At
2465 2602 2739 2658 videamus
2762 2613 2881 2673 post
2911 2605 3170 2662 nefarium
3196 2607 3326 2663 illud
3354 2609 3580 2676 facinus,
3605 2623 3665 2667 et
3690 2625 3811 2683 post

2214 2688 2474 2761 ﬂagitium
2497 2694 2645 2748 nulla
2672 2696 2827 2749 venia
2847 2695 3065 2765 dignum
3092 2708 3290 2767 quanta
3312 2700 3505 2755 iterum
3527 2703 3812 2773 indulgen-

2217 2781 2287 2835 tia
2332 2794 2637 2853 quantaque
2680 2787 3003 2856 benignitate
3044 2788 3283 2843 omnium
3335 2791 3474 2847 Deus
3518 2793 3711 2848 utitur.
3758 2795 3812 2850 9.

2218 2868 2285 2923 Et
2314 2870 2442 2925 dixit
2472 2871 2612 2926 Dens
2637 2875 2705 2927 ad
2729 2875 2871 2929 Cain.
2903 2875 3134 2946 ldipsum
3166 2878 3248 2932 vel
3276 2881 3447 2935 solum
3476 2893 3694 2951 quanta:
3722 2884 3814 2937 lto-

2216 2961 2397 3016 nitatis
2418 2962 2595 3029 fuerit,
2615 2965 2757 3033 quod
2777 2981 2897 3019 eum
2919 2968 3007 3036 qui
3031 2978 3175 3023 tanta
3198 2969 3431 3026 facinora
3452 2975 3810 3042 commiserit,

2217 3051 2483 3122 colloquio
2529 3054 2819 3123 dignetur?
2864 3055 2995 3111 Nam
3055 3074 3176 3113 cum
3226 3077 3325 3117 nos
3366 3079 3511 3134 saepe
3552 3078 3814 3137 cognatos

2218 3153 2432 3199 nostros
2475 3146 2844 3203 abominemur
2867 3191 2881 3214 ,
2924 3150 2967 3203 si
3008 3153 3221 3221 quando
3251 3156 3537 3214 viderimus
3572 3176 3674 3215 eos
3711 3162 3813 3217 tale

2219 3233 2484 3303 quoddam
2522 3234 2727 3292 facinus
2771 3248 3145 3307 perpetrasse:
3180 3245 3347 3299 multo
3393 3247 3561 3316 magis
3607 3250 3809 3306 bonum

2220 3323 2388 3379 Deum
2436 3325 2619 3383 mirari
2665 3342 2762 3397 par
2805 3338 2883 3383 est
2931 3338 3077 3384 tanta
3124 3342 3358 3388 utentem
3401 3337 3684 3394 tolerantia
3719 3352 3811 3398 :et

2216 3415 2338 3484 jure
2366 3419 2577 3473 merizo.
2609 3419 2845 3476 Medicus
2867 3423 3008 3477 enim
3033 3433 3135 3491 est,
3163 3436 3220 3480 et
3245 3427 3702 3488 clementissimus
3726 3452 3809 3503 pa-

2222 3515 2304 3562 ter
2345 3524 2361 3562 :
2403 3518 2458 3563 et
2500 3510 2640 3567 sicut
2688 3512 2924 3568 medicus
2974 3514 3106 3568 nihil
3152 3532 3254 3571 non
3307 3521 3428 3574 facit
3464 3524 3633 3592 utqui
3663 3526 3809 3595 gravi

2223 3599 2413 3654 morbo
2438 3602 2678 3658 laborant
2704 3646 2719 3671 ,
2747 3605 2814 3660 ad
2853 3608 3133 3663 sanitatem
3178 3611 3498 3667 reducantur
3530 3632 3543 3668 :
3577 3626 3631 3670 et
3673 3619 3811 3672 sicut

2222 3689 2671 3750 clementissimus
2699 3707 2847 3765 pater
2877 3697 3032 3765 ﬁlios,
3062 3701 3150 3767 qui
3177 3701 3503 3759 nobilitatem
3531 3721 3686 3762 suam
3716 3725 3809 3778 per

2225 3781 2488 3851 ignaviam
2517 3785 2747 3840 amisere
2772 3826 2786 3851 ,
2819 3796 3039 3855 paterna
3074 3789 3394 3861 indulgentia
3423 3795 3490 3848 ad
3529 3796 3806 3865 pristinam

2225 3871 2531 3928 felicitatem
2576 3876 2858 3933 restituere
2902 3880 3065 3948 cupit.
3113 3880 3343 3937 Proinde
3366 3885 3490 3953 quia
3530 3887 3806 3943 immensa:

2228 3961 2480 4018 bonitatis
2501 3974 2603 4029 est,
2629 3966 2816 4022 iterum
2849 3967 3225 4038 benignitatem
3253 3987 3403 4026 suam
3431 3976 3505 4029 illi
3528 4018 3540 4038 ,
3565 3978 3654 4047 qui
3683 3980 3804 4033 talia

2228 4052 2398 4108 fuerat
2425 4068 2606 4120 armis,
2637 4058 2923 4114 ostendere
2950 4062 3081 4114 vult.
3118 4062 3254 4117 Dicit
3280 4064 3422 4118 enim
3454 4065 3530 4120 illi
3561 4084 3574 4121 :
3605 4067 3704 4122 Ubi
3734 4079 3804 4123 est

2230 4145 2349 4201 Abel
2374 4145 2533 4215 frater
2563 4158 2676 4203 tuus
2694 4150 2720 4202 ?
2744 4150 2900 4204 Multa
2930 4161 2983 4205 et
3013 4154 3268 4209 immensa
3295 4154 3391 4210 Dei
3420 4158 3671 4225 patientia
3700 4170 3800 4215 est.

2227 4236 2341 4291 Non
2367 4240 2508 4293 enim
2536 4240 2828 4311 interrogat
2850 4243 3000 4312 quasi
3027 4243 3253 4313 ignoret,
3287 4247 3378 4300 sed
3406 4248 3630 4317 idipsum
3656 4254 3800 4320 agit,

2227 4326 2367 4396 quod
2397 4336 2452 4384 et
2476 4332 2612 4398 patri
2641 4332 2784 4386 illius
2812 4331 3012 4388 fecerat
3044 4349 3058 4385 :
3090 4335 3217 4388 nihil
3260 4337 3402 4390 enim
3436 4339 3645 4404 obstat,
3676 4342 3801 4411 quin

2229 4420 2369 4475 idem
2399 4420 2572 4475 denuo
2590 4422 2821 4478 dicatur.
2852 4424 2982 4480 Nam
3011 4425 3454 4495 quemadmodum
3480 4429 3649 4496 illum,
3682 4446 3800 4486 cum

2228 4525 2289 4565 se
2336 4525 2446 4579 prae
2489 4512 2691 4579 pudore
2733 4516 2986 4571 nuditatis
3032 4526 3265 4587 tegeret,
3312 4520 3572 4585 rogabat:
3609 4520 3704 4575 Ubi
3751 4538 3801 4574 cs

2230 4600 2384 4672 (Gen.
2414 4603 2465 4657 ὃ.
2495 4602 2594 4672 9)?
2624 4620 2727 4659 non
2752 4606 3021 4676 ignorans.
3050 4611 3141 4663 scd
3169 4609 3373 4665 fiducia:
3398 4615 3703 4668 occasiones
3729 4613 3799 4667 i|.i

2232 4693 2493 4762 praebens,
2522 4702 2577 4748 ttt
2602 4710 2695 4763 per
2718 4696 3107 4752 confessionem
3133 4702 3330 4767 peccati
3353 4701 3599 4756 delictum
3622 4704 3801 4758 ablue—

2230 4792 2312 4840 rct
2348 4784 2531 4852 (httnc
2570 4788 2710 4842 enim
2760 4802 2961 4845 morem
2990 4791 3181 4855 habet,
3215 4801 3272 4846 ut
3313 4792 3381 4847 ab
3420 4793 3568 4849 initio
3593 4810 3621 4847 a
3652 4797 3804 4851 nobis

2232 4885 2565 4947 peccatorum
2588 4880 2760 4949 exigat
2778 4879 3188 4943 confessionem,
3212 4892 3267 4937 et
3285 4885 3490 4939 veniam
3510 4885 3760 4958 praebeat)
3781 4926 3797 4952 ,

2234 4967 2303 5021 ita
2328 4975 2381 5021 et
2406 4983 2546 5023 nunc
2575 4979 2722 5039 rcgat
2748 4967 2876 5024 Cain
2904 5012 2918 5034 ,
2951 4980 2999 5025 ct
3035 4972 3201 5041 inquit
3229 4989 3240 5024 :
3279 4972 3371 5031 ι’ὐί
3403 4985 3473 5029 est
3502 4975 3623 5031 Abel
3648 4980 3803 5045 frater

2234 5060 2394 5113 tuus?
2443 5058 2797 5127 Ignorantiam
2843 5060 3059 5116 simulat
3096 5062 3354 5132 benignus
3384 5065 3631 5120 Dominus
3659 5108 3674 5129 ,
3709 5067 3804 5119 hac

2234 5150 2645 5220 interrogatione
2665 5166 2807 5215 eum,
2834 5151 2923 5221 qui
2948 5153 3067 5207 talia
3093 5156 3453 5219 commiserat,
3480 5170 3801 5225 pnt‘pttraus,

2236 5250 2293 5298 ut
2332 5240 2398 5297 ad
2437 5244 2639 5311 peccati
2677 5241 3063 5298 confessionem
3092 5243 3481 5310 adduceretur,
3527 5257 3802 5314 possetque

2234 5334 2443 5391 veniam
2485 5333 2623 5391 forte
2648 5345 2704 5390 ct
2737 5334 3153 5391 miscricordiam
3191 5337 3422 5406 assequi.
3466 5335 3563 5391 Ubi
3590 5347 3659 5390 est
3688 5331 3805 5392 Abel

2312 5520 2330 5552 ⁸
2365 5518 2539 5584 Regius
2558 5528 2698 5579 unus,
2723 5513 2956 5582 quattde
2975 5517 3119 5578 p:tuit
3136 5515 3331 5584 adigere
3350 5513 3580 5581 gladium.
