4144 6200
317 398 421 453 15⁸)

318 515 471 587 βάθει
513 513 611 582 τῆς
656 511 892 574 διανοίας
947 507 1238 578 κινούμενα
1289 504 1646 575 ἐπιστάμενος
1695 505 1971 575 παραινεῖ,

319 600 692 671 συμϐουλεύει,
737 595 1153 670 προαναστέλλει
1181 593 1282 662 τῆς
1331 591 1506 661 κακῆς
1559 591 1968 661 ἐπιχειρήσεως.

315 689 378 742 ού
403 688 510 759 μὴν
543 687 787 756 ἀνάγκην
825 681 1148 749 ἐπιτίθησιν,
1198 677 1334 732 ἀλλά
1365 677 1432 732 τά
1480 677 1742 746 φάρμακα
1773 673 1974 728 κατά).-

315 772 451 841 ληλα
483 769 708 833 ἐπιθεὶς,
742 767 964 839 ἀφίησιν
991 770 1044 821 ἐν
1076 765 1140 833 τῇ
1163 762 1355 834 γνώμῃ
1387 759 1481 814 τοῦ
1531 760 1828 829 κάμνοντος
1859 759 1972 809 κεῖ-

318 859 442 912 σθαι
482 857 542 911 τὸ
558 854 860 910 πᾶν.Το’ύτο
880 854 1054 908 τοίνυν
1077 852 1173 907 καὶ
1199 851 1290 905 ἐπὶ
1310 848 1404 902 τοῦ
1437 847 1576 900 Κάῖν
1599 845 1694 900 νῦν
1725 844 1971 914 γέγονεν.

320 947 458 1018 Ὅρα
490 945 594 1016 γάρ
632 943 768 1013 μετά
793 940 1056 1008 τοσαύτην
1088 937 1408 1010 κηδεμονίαν
1437 929 1584 1008 ξίϐπὲ]
1615 935 1694 996 είς
1715 933 1846 1002 ὅσην
1872 930 1972 1018 ἤδη

319 1017 516 1104 μανίαν
537 1031 806 1096 ἐξώκειλε.
837 1028 961 1081 Δέον
988 1027 1096 1098 γὰρ
1126 1024 1398 1079 συνειδότα
1428 1023 1526 1092 τὴν
1551 1019 1823 1090 ἁμαρτίαν
1846 1017 1974 1088 περὶ

313 1119 412 1189 τὴν
437 1117 637 1188 ταύτης
665 1115 946 1187 διόρθωσιν
975 1113 1158 1168 λοιπὸν
1185 1109 1564 1181 ἀσχοληθῆναι·
1589 1109 1618 1161 ὁ
1645 1108 1700 1161 δέ
1721 1105 1972 1174 καθάπερ

317 1206 552 1275 μεθύων,
611 1204 687 1274 τῷ
738 1203 896 1257 πάθει
935 1200 1131 1272 καὶτῷ
1180 1197 1452 1270 τραύματι
1496 1195 1573 1266 τῷ
1601 1193 1970 1266 προλαϐόντιι

313 1297 469 1358 ἕλκος
495 1297 680 1367 ἕτερον
711 1294 992 1348 συνάπτων
1022 1291 1114 1344 καὶ
1135 1289 1232 1360 τὴν
1265 1286 1504 1358 ἰατρείαν
1525 1286 1584 1339 οὑ
1619 1284 1972 1356 προσιέμενος

312 1385 410 1454 τὴν
441 1383 577 1454 μετά
596 1381 860 1452 τοσαύτης
885 1377 1197 1449 ἐπιμελείας
1219 1374 1614 1445 προσαχθεῖσαν
1635 1370 1802 1442 αὑτῷ,
1836 1368 1970 1424 ἀλλά

312 1471 402 1524 τὸν
427 1471 624 1524 οίκείον
675 1469 830 1537 φόνον
867 1468 946 1530 εἰς
989 1465 1146 1536 ἔργον
1193 1463 1419 1532 ἀγαγεῖν
1449 1459 1816 1528 ἐπειγόμενος,
1863 1457 1970 1509 ἀπὸ

309 1560 463 1612 δόλου
494 1559 590 1610 καὶ
635 1552 968 1626 πανουργίας
994 1551 1092 1623 τὴν
1123 1549 1296 1620 ἀρχὴν
1326 1549 1576 1610 ποιεῖται,
1619 1545 1711 1599 καὶ
1743 1547 1854 1608 τοῖς
1883 1561 1972 1597 πε-

311 1645 670 1714 πλανημένοις
699 1643 938 1712 ῥήμασιν
964 1639 1148 1708 ἀπατᾷ
1170 1637 1260 1690 τὸν
1287 1635 1538 1702 ἀδελφόν.
1563 1634 1822 1687 Τοσοῦτον
1870 1632 1968 1702 θη-

309 1731 506 1802 ριώδης
550 1731 698 1785 ἐστὶν
733 1727 1018 1798 ἄνθρωπος
1067 1726 1147 1786 είς
1184 1724 1380 1778 κακίαν
1419 1720 1730 1783 ἀποκλίνας.
1763 1719 1969 1788 Ὥσπερ

307 1820 416 1890 γάρ
446 1819 586 1888 μέγα
612 1817 706 1870 καὶ
731 1814 909 1885 τίμιον
932 1814 992 1866 τὸ
1019 1813 1233 1882 λογικὸν
1258 1811 1414 1864 τοῦτο
1446 1810 1602 1876 ζῶον,
1625 1809 1718 1863 καὶ
1735 1807 1969 1879 μάλιστα

306 1905 526 1958 ἐπειδὰν
548 1905 640 1958 ἐπὶ
689 1902 787 1974 τὴν
819 1902 917 1972 τῆς
954 1900 1155 1972 ἀρετῆς
1183 1899 1445 1970 ἐργασίαν
1499 1898 1734 1968 ὁρμήσῃ,
1797 1896 1965 1960 οὕτως

305 1993 433 2046 ὃταν
458 1990 592 2062 πρὸς
617 1990 814 2042 κακίαν
843 1987 1127 2058 ἀποκλίνῃ,
1189 1985 1296 2038 τῶν
1342 1983 1628 2052 ἀνημέρων
1654 1983 1856 2054 θηρίων
1880 2002 1968 2052 μι-

311 2081 490 2149 μεῖται
517 2077 616 2145 τὴν
641 2075 918 2146 ὠμότητα.
987 2071 1146 2125 Ἀλλά
1181 2072 1276 2124 καὶ
1307 2072 1386 2132 είς
1422 2070 1518 2139 τὴν
1551 2069 1773 2122 ἐκείνων
1807 2067 1966 2124 πάλιν

313 2157 632 2230 μεταπεσὼν
689 2156 983 2226 ἀγριότητα
1007 2193 1022 2218 ,
1073 2154 1136 2206 τὺ
1187 2153 1392 2222 ἥμερον
1425 2151 1582 2204 τοῦτο
1616 2149 1708 2204 καὶ
1752 2150 1966 2217 λογικὸν

311 2247 450 2310 ζῶον
473 2248 536 2297 ἐκ
565 2242 759 2297 πολλοῦ
795 2241 888 2295 τοῦ
910 2240 1187 2311 περιόντος
1213 2240 1341 2309 νικᾷ
1365 2237 1464 2308 τὴν
1496 2237 1716 2291 ἐκείνων
1768 2235 1968 2307 θηριω-

307 2333 444 2387 δίαν.
478 2331 706 2402 Ἰδωμεν
757 2324 850 2382 οὖν
898 2327 990 2380 καὶ
1031 2325 1262 2380 ἐνταῦθα
1312 2325 1366 2377 τί
1405 2323 1631 2392 γίνεται.
1665 2323 1774 2378 Kal
1815 2320 1961 2386 εἷπε,

307 2423 458 2494 φησὶ,
492 2420 638 2474 Κὰτν
663 2419 810 2488 πρὸς
846 2418 1012 2470 Ἅϐελ
1041 2415 1149 2469 τὸν
1184 2413 1451 2484 ἀδελφὸν
1473 2413 1678 2477 αὑτοῦ,
1729 2413 1965 2469 διέλθω-

305 2527 415 2579 μεν
441 2509 516 2578 δὴ
550 2511 631 2574 εἰς
675 2509 735 2560 τὸ
769 2505 996 2559 πεδίον.
1025 2503 1106 2557 Τά
1150 2504 1246 2574 μέν
1294 2505 1513 2574 ῥήματα
1557 2501 1805 2570 ἀδελφοῦ,
1841 2503 1873 2570 ἡ
1909 2501 1965 2554 δέ

303 2597 497 2668 γνώμη
523 2597 736 2666 φονικὴ.
767 2595 832 2647 Τί
859 2595 1050 2656 ποιεῖς,
1069 2589 1114 2644 ὦ
1139 2591 1277 2645 Κάῖν
1300 2607 1314 2655 ;
1339 2591 1438 2644 οὑκ
1484 2585 1629 2651 οἶδας
1653 2588 1788 2659 πρὸς
1843 2590 1966 2642 τίνα

303 2684 525 2754 διαλέγῃ
549 2701 564 2749 ;
594 2683 694 2736 οὑκ
713 2683 911 2740 ἐννοεῖς
940 2681 1020 2732 ὃτι
1044 2680 1178 2750 πρὸς
1202 2677 1426 2746 ἀδελφόν
1457 2694 1537 2730 σοι
1567 2676 1818 2747 γίνεταιὴ
1847 2676 1964 2730 διά-

306 2771 481 2835 λεξιςς
511 2773 572 2823 οὑ
593 2768 779 2839 λογίζῃ
831 2768 913 2821 ὅτι
944 2765 1040 2830 τάς
1073 2765 1240 2827 αὑτάς
1277 2781 1358 2817 σοι
1397 2762 1585 2816 ἔλυσεν
1615 2762 1808 2826 ὠδῖνας
1837 2779 1852 2828 ;
1901 2763 1962 2816 οὑ

304 2857 600 2926 λαμϐάνεις
631 2857 708 2919 είς
737 2855 943 2908 ἔννοιαν
967 2853 1028 2906 τὸ
1056 2851 1294 2923 μυσαρὸν
1318 2851 1417 2920 τῆς
1446 2851 1868 2921 ἐπιχειρήσεως;
1901 2851 1960 2903 οὑ

305 2945 442 3015 φοϐῇ
466 2944 553 2997 τὸν
578 2941 1010 3014 ἀπαραλόγιστον
1045 2939 1302 3009 δικαστήν
1329 2954 1343 3003 ;
1397 2938 1456 2990 οὑ
1505 2937 1743 3007 φρίττεις
1770 2938 1866 3008 τὴν
1887 2937 1964 2990 ἕν-

303 3048 447 3084 νοιαν
474 3029 567 3083 τοῦ
598 3029 974 3100 τολμήματος;
1023 3025 1178 3090 Τίνος
1227 3023 1334 3095 γάρ
1363 3024 1544 3076 ἕνεκεν
1575 3024 1653 3086 είς
1693 3023 1753 3076 τὸ
1786 3023 1962 3077 πεδίον

303 3119 477 3181 ἐλκεις
502 3117 590 3170 τὸν
620 3115 868 3186 ἀδελφὸν,
898 3115 992 3168 καὶ
1025 3113 1128 3180 ἔξω
1142 3112 1249 3166 τῶν
1276 3111 1527 3180 ἀγκαλῶν
1544 3109 1650 3163 τῶν
1680 3109 1960 3180 πατρικῶν

302 3203 547 3271 ἐξάγεις;
579 3204 720 3266 τίνος
744 3203 926 3254 ἕνεκεν
953 3200 1157 3272 ἔρημον
1179 3202 1350 3262 ποιεῖς
1375 3197 1468 3267 τῆς
1495 3201 1762 3268 πατρικῆς
1798 3197 1959 3250 αὑτὸν

303 3290 580 3360 βοηθείας;
611 3290 675 3342 Τί
700 3289 766 3342 τὸ
788 3288 956 3354 ξένον,
984 3289 1064 3341 ὅτι
1107 3286 1202 3340 νῦν
1239 3287 1316 3348 είς
1339 3283 1400 3338 τὸ
1449 3285 1629 3338 πεδίον
1663 3283 1841 3345 ἕλκεις
1869 3285 1959 3337 τὸν

301 3378 544 3446 ἀδελφὸν,
596 3377 687 3430 καὶ
715 3377 848 3447 ὅπερ
891 3375 1151 3445 πρότερον
1203 3373 1302 3426 οὑκ
1335 3371 1614 3442 ἐποίησας,
1665 3369 1757 3422 νῦν
1790 3372 1961 3423 ποιεῖν

301 3465 612 3534 ἐπιχειρεῖς,
666 3461 758 3514 καὶ
799 3461 1064 3531 προφάσει
1097 3457 1490 3528 φιλοφροσύνης
1509 3458 1724 3511 εὔνοιαν
1750 3455 1962 3522 ἀδελφι-

301 3552 404 3621 κὴν
433 3549 889 3620 προϐαλλόμενος,
926 3546 997 3600 τά
1030 3545 1137 3599 τῶν
1181 3544 1453 3614 πολεμίων
1505 3543 1654 3612 αὑτῷ
1698 3541 1959 3594 διαθεῖναι

303 3637 528 3708 βουλεύῃ
549 3635 578 3674 δ
599 3652 613 3700 ;
637 3635 733 3697 Τίς
762 3636 795 3703 ἠ
827 3631 1023 3702 μανίας
1057 3631 1142 3694 τίς
1175 3633 1202 3698 ἡ
1229 3629 1428 3694 λύσσας
1455 3629 1656 3688 Ἔστω,
1687 3627 1960 3696 πηρωθεὶς

299 3727 391 3778 τὸν
435 3721 692 3791 λογισμὸν
709 3720 911 3772 οὐδένα
938 3719 1092 3785 λόγον
1137 3717 1263 3786 ποιῇ
1293 3715 1391 3783 τῆς
1440 3712 1731 3782 ἀδελφικῆς
1784 3711 1961 3764 διαθέ-

302 3826 460 3872 σεως.
491 3806 613 3861 οὑτε
639 3806 738 3875 τὴν
765 3805 924 3872 φύσιν
947 3801 1115 3872 αὐτὴν
1158 3798 1536 3868 ἐπιγνώσκεις·
1581 3797 1717 3851 ἀλλά
1747 3799 1800 3851 τί
1825 3797 1961 3868 πρὸς

298 3897 389 3949 τὸν
421 3893 572 3947 οὐδὲν
594 3891 890 3962 ἠδικηκότα
909 3887 1082 3952 οὕτως
1126 3884 1568 3956 ἐξεπολεμώθηςς
1627 3885 1680 3937 τί
1711 3885 1806 3939 καὶ
1848 3887 1960 3948 τοῖς

299 3981 544 4052 γονεῦσιν
576 3980 710 4049 ἔχων
737 3975 985 4046 ἐγκαλεῖν
1008 3973 1272 4044 τοσαύτην
1291 3973 1475 4034 αὐτοῖς
1499 3972 1801 4042 κατήφειαν
1823 3982 1846 4010 ο
1873 3988 1962 4024 πε-

299 4067 540 4133 ριϐαλεῖν
593 4065 838 4137 βουλεύῃ,
885 4063 978 4116 καὶ
1020 4060 1258 4132 ἀρχηγὸς
1309 4057 1557 4127 γενέσθαι
1603 4057 1697 4112 τοῦ
1728 4057 1958 4130 φοϐεροῦ

298 4155 488 4209 τούτου
518 4153 810 4224 δράματος,
849 4150 945 4203 καὶ
1006 4148 1218 4218 πρῶτος
1249 4145 1339 4199 τὸν
1373 4145 1545 4214 βίαιον
1573 4143 1761 4198 τοῦτον
1796 4145 1959 4200 θάνα-

296 4259 386 4296 τον
409 4241 590 4304 αὑτοῖς
619 4237 890 4302 ὑποδεῖξαι
909 4254 923 4300 ;
978 4235 1191 4298 Ταύτας
1211 4233 1393 4293 αὐτοῖς
1423 4231 1668 4296 ἀποδίδος
1689 4233 1786 4296 τάς
1807 4233 1961 4302 ἀμοι-

296 4330 394 4392 ϐἀς
419 4328 516 4398 τῆς
537 4325 845 4396 ἀνατροφῆς
866 4339 881 4389 ;
911 4323 1046 4376 Ποία
1071 4319 1166 4375 τοῦ
1209 4319 1454 4374 διαϐόλου
1489 4318 1703 4389 μηχανὴ
1727 4320 1807 4382 είς
1835 4317 1961 4372 ταύ-

293 4435 392 4487 την
423 4433 479 4470 σε
509 4417 607 4485 τὴν
632 4413 830 4484 πρᾶξιν
880 4409 1246 4481 παρώρμησες
1281 4406 1372 4478 Μὴ
1407 4407 1514 4476 γὰρ
1561 4405 1704 4475 ἐχεις
1748 4407 1954 4472 είπεῖν,

295 4506 376 4558 ὅτι
401 4505 432 4574 ἠ
459 4502 642 4556 εὔνοια
666 4499 758 4554 τοῦ
793 4495 971 4552 κοινοῦ
994 4498 1208 4550 πάντων
1237 4493 1525 4559 Δεσπότου,
1565 4495 1598 4563 ἠ
1623 4492 1750 4563 περὶ
1771 4493 1953 4556 αὑτὸν,

296 4590 595 4662 ἐπαρθῆναι
620 4585 780 4642 αὑτὸν
803 4585 1025 4657 ἐποίησε
1051 4582 1192 4637 κατά
1229 4579 1353 4647 σοῦ;
1389 4580 1523 4650 Οὐχὶ
1547 4579 1830 4651 προλαϐὼν
1868 4579 1957 4633 διά

295 4675 496 4747 ταύτην
542 4693 634 4729 σου
660 4675 756 4745 τὴν
805 4673 1030 4743 φονικὴν
1063 4671 1288 4740 γνώμην
1333 4666 1597 4734 ὑπέταξεν
1649 4667 1828 4731 α’ὺτδν,
1864 4669 1956 4720 καὶ

296 4765 402 4816 ὑπὸ
419 4765 516 4834 τὴν
533 4764 628 4835 σὴν
647 4761 893 4827 ἐξουσίαν
913 4754 1052 4814 εἶναι
1074 4757 1359 4828 πεποίηκε,
1393 4755 1486 4808 καὶ
1512 4749 1681 4820 εἶπεν,
1698 4754 1778 4807 ὅτι
1800 4753 1954 4821 Πρὸς

294 4850 370 4904 σὲ
401 4850 439 4916 νὴ
460 4847 832 4917 ,ἀποστροφὴ
865 4846 1077 4912 αὐτοῦ,
1114 4843 1215 4898 καί
1246 4844 1328 4897 σὺ
1364 4841 1550 4896 αὑτοῦ
1582 4839 1817 4910 ἅρξεις;
1845 4840 1955 4894 Καὶ

295 4937 404 5007 γάρ
442 4936 564 5006 περὶ
590 4935 687 5005 τῆς
719 4933 812 4988 τοῦ
839 4933 1065 5002 ἀδελφοῦ
1111 4932 1384 5002 ὑποταγῆς
1409 4931 1563 4984 τοῦτο
1595 4928 1954 4999 ἐκλαμϐάνειν

295 5026 394 5079 δεῖ.
431 5023 548 5076 Εἰσὶ
575 5024 680 5094 γάρ
706 5039 849 5084 τινες
885 5021 1155 5090 λέγοντες,
1206 5021 1288 5073 δτι
1341 5018 1592 5092 περὶτῆς
1616 5015 1807 5077 θυσίας
1855 5015 1953 5085 τῆς

299 5111 747 5182 προσενεχθείσης
780 5111 908 5181 παρ’
940 5109 1106 5164 αὑτοῦ
1130 5111 1158 5162 ό
1183 5107 1314 5172 Θεὸς
1341 5107 1475 5178 πρὸς
1521 5103 1681 5160 αὑτὸν
1708 5100 1952 5172 διελέχθη

295 5199 364 5252 τὰ
385 5199 628 5261 τοιαῦτα,
657 5199 738 5252 ὅτι
761 5197 916 5266 Πρὸς
942 5199 1038 5262 σὲ,
1101 5197 1254 5268 φησὶ,
1290 5195 1328 5262 ἠ
1360 5190 1709 5261 ἀποστροφὴ
1741 5189 1950 5254 αὐτοῦ,

294 5287 388 5340 τοῦ
413 5284 607 5356 δώρου,
637 5286 734 5338 καί
767 5285 848 5340 σὺ
895 5283 1094 5352 ἄρξεις
1122 5281 1328 5346 αὐτοῦ,
1361 5280 1484 5334 ἀντὶ
1536 5277 1656 5339 τοῦ,
1685 5278 1750 5331 σὺ
1787 5275 1952 5331 αὑτοὺ

295 5372 449 5446 [165]
483 5371 829 5434 ἀπολαύσεις.
866 5371 964 5424 Διά
991 5371 1148 5424 τοῦτο
1172 5366 1266 5422 οὗν
1292 5368 1574 5438 ἀμφότερα
1603 5363 1769 5418 εἰπὼν
1793 5379 1953 5416 κατα-

293 5461 548 5532 λιμπάνω
577 5462 644 5531 τῇ
675 5458 915 5528 ὑμετέρᾳ
949 5458 1178 5520 συνέσει,
1215 5457 1280 5511 ἵν’
1314 5459 1452 5527 ὅπερ
1481 5453 1547 5508 ἂν
1575 5454 1703 5522 ὑμῖν
1729 5449 1953 5504 ἀκολου-

294 5547 514 5618 θάτερον
553 5548 718 5616 φανῇ.
773 5543 995 5614 δέξησθε
1041 5545 1131 5596 καὶ
1174 5543 1325 5596 αὑτοὶ
1371 5541 1547 5594 τοῦτο.
1589 5537 1741 5608 Ἐμοὶ
1773 5535 1799 5575 ά
1845 5535 1952 5606 γὰρ

291 5635 438 5688 δοκεῖ
466 5631 715 5703 περὶτοῦ
763 5627 989 5698 ἀδελφοῦ
1033 5627 1280 5698 είρῆσθαι
1320 5626 1496 5680 τοῦτο.
1547 5623 1654 5679 Kal
1694 5621 1948 5692 ἐγένετο,
1989 5697 1996 5704 .

355 5812 378 5838 ι’
402 5809 630 5868 Quinque
653 5818 767 5868 mss.
793 5808 842 5850 el
868 5800 1020 5850 Savil.
1037 5798 1266 5868 προτέρῳ.
1335 5798 1363 5838 b
1385 5799 1609 5868 Quinqge
1627 5808 1753 5868 _mss.
1781 5798 1832 5842 et
1859 5794 1948 5868 Sa-

295 5871 376 5921 Vll.
401 5855 574 5931 βοὺλεῖ.
645 5872 665 5897 ε
693 5867 815 5931 Reg;
841 5877 966 5931 qnus
989 5855 1258 5931 (aII-191.1356.
1285 5855 1491 5931 τοσαύτῃ
1514 5855 1671 5931 αὐτοῖς
1696 5855 1944 5928 κατηφείᾳ.

292 5919 322 5972 δ
342 5919 548 5988 Συνεσει,
576 5931 690 5991 ὅπερ
711 5919 898 5987 ἆννὺμῐν
929 5921 1250 5978 καταλλήληυς
1288 5919 1385 5974 τοῖς
1421 5919 1698 5988 εἰρημένοις,
1719 5919 1944 6026 ἶνανεῖταν

293 5996 408 6026 --.ι
427 5991 566 6026 ...πτη
583 5995 657 6026 νηῖ
675 5990 808 6026 η-’,τηὶ
829 5988 882 6026 τὸ
900 5984 1114 6026 τοιοῦτον
1138 5982 1344 6026 δέξασθε.
1359 5978 1506 6026 Ἰ-ῐιιοί.
1525 5981 1600 6026 εις·
1617 5991 1720 6026 uult
1737 5991 1809 6026 am
1831 5990 1944 6026 mss.

293 5978 411 6043 κατᾶ
427 5978 566 6041 τοῦτο
583 5978 808 6042 καὶάὐτοὶ
823 5978 882 6036 ’τὸ
900 5984 1114 6035 τοιοῦτον
1138 5982 1344 6038 δέξασθε.
1359 5978 1506 6042 Ἐμοί.
1525 5978 1600 6030 Sic
1617 5978 1809 6040 quidam
1831 5990 1944 6026 mss.

1520 387 1586 443 ΙΝ
1625 388 1774 444 CA'P.
1807 387 1870 442 IV
1909 385 2150 444 GENES.
2185 385 2416 442 HOMIL.
2457 388 2598 442 XIX.

3629 393 3740 450 ια)

2079 503 2263 570 φησὶν,
2293 503 2364 556 ἐν
2393 502 2472 568 τῷ
2497 499 2646 557 εἶναι
2673 502 2894 567 αὐτοὺς
2914 503 2984 556 ἐν
3005 504 3082 568 τῷ
3106 505 3288 572 πεδίῳ
3307 547 3320 569 ,
3345 505 3566 574 ἀνέστη
3584 506 3730 564 Κάὶεν

2077 591 2171 644 ἐπὶ
2207 592 2386 644 Ἅϐελ
2400 593 2505 644 τὸν
2535 589 2798 659 ἀδελφὸν
2817 590 3022 653 αὐτοῦ,
3046 593 3141 646 καί
3159 591 3506 648 ἀπέκτεινεν
3523 597 3725 651 αὐτόν.

2073 677 2343 749 Φοϐεράἠ
2378 679 2594 750 πρᾶξις,
2647 679 2981 733 ἐπικίνδυνον
3020 681 3080 732 τὸ
3129 681 3401 752 τόλμημα,
3451 683 3669 754 μυσαρὰ
3694 687 3729 752 ἡ

2073 765 2434 837 ἐπιχείρησις,
2473 765 2852 834 ἀσύγγνωστον
2879 765 2939 818 τὺ
2974 766 3294 839 ἀμάρτημα;
3325 767 3729 842 τεθηριωμένης

2071 847 2247 920 ψυχῆς
2263 851 2296 920 ὴ
2313 850 2525 921 γνώμη.
2542 850 2804 918 Ἀνέστη,
2825 868 2896 922 φη
2905 851 3007 913 σίν,
3025 851 3123 903 ἐπὶ
3151 853 3320 906 Ἅϐελ
3337 853 3445 905 τὸν
3462 854 3731 923 ἀδελφὸν

2073 937 2280 1002 αὐτοῦ,
2304 938 2400 991 καί
2424 937 2776 992 ἀπέκτεινεν
2802 941 3006 993 αὐτόν.
3035 940 3098 991 Ὦ
3130 941 3329 1009 μιαρᾶς
3350 941 3549 1010 χειρός·
3576 941 3622 994 ὣ
3638 941 3728 995 δε·-

2074 1023 2192 1090 ξιᾶς
2213 1024 2472 1094 ἐλεεινῆς·
2527 1024 2730 1095 μᾶλλον
2757 1026 2812 1079 δέ
2840 1026 2899 1078 ού
2924 1025 3021 1095 τὴν
3079 1027 3236 1095 χεῖρα
3267 1024 3504 1095 ἐλεεινὴν
3533 1025 3612 1079 δεῖ
3640 1043 3730 1080 κα-

2072 1111 2184 1165 λεῖν
2209 1113 2302 1166 καὶ
2332 1112 2552 1183 μιαρὰν,
2583 1112 2716 1166 ἀλλά
2737 1114 2834 1183 τὴν
2853 1113 3096 1184 γνώμην,
3176 1112 3268 1165 καὶ
3291 1111 3349 1165 τδ
3377 1111 3535 1181 μέλος
3563 1113 3732 1184 ὑπηρ-

2073 1199 2320 1268 ετήσατο.
2367 1200 2624 1269 Είπωμεν
2666 1200 2842 1252 τοίνυν
2883 1197 3074 1263 οὕτως·
3107 1198 3151 1250 ὢ
3179 1197 3400 1269 γνώμης
3431 1199 3726 1270 τολμηρᾶς,

2073 1285 2167 1338 καὶ
2204 1288 2426 1357 μιαρᾶς,
2460 1285 2552 1340 καὶ
2579 1285 2837 1357 ἐλεεινῆς,
2872 1285 2966 1338 καὶ
2993 1289 3128 1356 ὅπερ
3165 1285 3230 1340 ἂν
3260 1287 3401 1338 εἴποι
3430 1303 3537 1350 τις,
3578 1285 3728 1340 οὐδὲν

2071 1371 2218 1438 ἄξιον
2241 1373 2370 1443 ἐρεῖ.
2391 1373 2516 1436 Πῶς
2545 1374 2645 1426 οὐκ
2669 1373 2964 1444 ἐνάρκησεν
2988 1373 3150 1426 αὑτοῦ
3183 1375 3217 1444 ἠ
3244 1372 3396 1443 χείρ;
3451 1372 3568 1437 πῶς
3603 1373 3732 1442 ἠδυ-

2072 1456 2209 1528 νήθη·
2239 1462 2528 1528 κατασχεῖν
2561 1469 2585 1497 ο
2615 1458 2674 1511 τὸ
2701 1459 2871 1526 ξίφος,
2904 1461 2996 1513 καὶ
3023 1459 3120 1530 τὴν
3159 1459 3370 1530 πληγὴν
3398 1461 3727 1529 ἐπαγαγεῖνς

2072 1544 2188 1608 πῶς
2207 1546 2307 1598 οὑκ
2333 1547 2547 1616 ἀπέπτη
2573 1546 2666 1599 τοῦ
2699 1545 2954 1616 σώματος
2989 1546 3232 1616 ἡψυχής
3257 1546 3374 1610 πῶς
3407 1547 3626 1618 ίσχυσεν
3649 1551 3728 1612 είς

2070 1631 2228 1702 ἔργον
2247 1633 2474 1702 ἀγαγεῖν
2491 1633 2552 1686 τὸ
2597 1633 2808 1687 ἀνόσιον
2823 1631 2981 1685 τοῦτο
3015 1633 3184 1704 τόλμη
3195 1649 3299 1704 μας
3331 1633 3447 1697 πῶς
3471 1635 3570 1690 οὑκ
3599 1635 3728 1687 ἐπε-

2070 1720 2316 1791 κάμφθη,
2349 1721 2442 1774 καὶ
2484 1719 2744 1791 μετέϐαλε
2801 1719 2899 1790 τὴν
2948 1720 3211 1791 γνὼμην;
3268 1721 3386 1785 πῶς
3417 1723 3516 1776 οὑκ
3539 1721 3730 1776 ἐλαϐεν

2068 1807 2273 1860 ἔννοιαν
2298 1807 2396 1877 τῆς
2418 1806 2660 1875 φύσεως;
2693 1806 2811 1869 πῶς
2829 1807 2927 1860 οὑκ
2949 1806 3228 1875 ἐλογίσατο
3267 1807 3370 1879 πρὸ
3399 1807 3500 1878 τῆς
3525 1809 3727 1880 ἐπιχει-

2072 1896 2278 1966 ρήσεως
2297 1896 2357 1948 τὸ
2397 1894 2547 1958 τέλος
2567 1893 2659 1948 τοῦ
2693 1894 3018 1964 γινομένου;
3069 1893 3185 1958 πῶς
3224 1893 3420 1965 ῆνεγκε
3453 1894 3589 1966 μετά
3630 1895 3727 1967 τὴν

2068 1981 2342 2052 ἀναίρεσιν
2383 1979 2509 2040 ἰδεῖν
2551 1981 2622 2033 τὺ’
2637 1981 2797 2050 σῶμα
2826 1980 2921 2034 τοῦ
2951 1979 3179 2050 ἀδελφοῦ
3225 1983 3454 2050 σπαῖρον
3496 1981 3592 2034 ἐπὶ
3630 1982 3728 2050 τῆς

2067 2069 2199 2139 γῆςς
2240 2066 2353 2130 πῶς
2383 2066 2568 2136 ἴσχυσε
2597 2066 2896 2120 θεάσασθαι
2939 2066 3096 2136 σῶμα
3139 2069 3330 2136 νεκρὸν
3370 2067 3462 2120 ἐπὶ
3482 2067 3579 2137 τῆς
3623 2067 3726 2138 γῆς

2069 2155 2418 2225 ἐρριμμένον,
2448 2154 2543 2206 καὶ
2575 2153 2635 2205 οὑ
2663 2152 2876 2222 διελύθη
2921 2153 3081 2216 εὐθὺς
3137 2153 3244 2206 ἀπὸ
3290 2153 3386 2223 τῆς
3437 2152 3596 2216 θέας;
3661 2152 3726 2207 El

2069 2241 2176 2311 γάρ
2225 2242 2384 2310 ἡμεῖς
2433 2239 2572 2310 μετά
2601 2239 2866 2292 τοσούτων
2902 2239 3038 2292 ἐτῶν
3067 2238 3317 2310 ἀριθμὸν,
3343 2239 3462 2292 καθ’
3490 2240 3724 2312 ἑκάστην

2069 2327 2284 2398 ἡμέραν
2309 2327 2542 2399 ὁρῶντες
2584 2327 2708 2390 τοὺς
2755 2326 3136 2391 τελευτῶντας,
3187 2327 3281 2380 καὶ
3329 2326 3502 2383 ταῦτα
3552 2328 3727 2398 οἰκείᾳ

2065 2413 2291 2484 τελευτῇ
2325 2413 2425 2485 τῆς
2457 2411 2602 2484 ζωῆς
2641 2413 3094 2484 μεθισταμένους,
3149 2415 3242 2468 καὶ
3272 2414 3564 2486 οὐδαμόθεν
3595 2417 3724 2487 ἡμῖν

2067 2500 2460 2571 προσήκοντας,
2489 2499 2907 2570 κατακλώμεθα·
2941 2499 3043 2553 κᾶν
3070 2499 3260 2572 ἐχθρὸς
3290 2495 3346 2575 ᾗ,
3385 2501 3724 2572 καταλύομεν

2066 2589 2165 2658 τὴν
2191 2587 2409 2660 ἔχθραν·
2446 2587 2624 2658 πολλῷ
2675 2587 2739 2658 δὴ
2765 2588 2962 2658 μᾶλλον
2992 2587 3176 2642 τοῦτον
3214 2589 3358 2652 εἰκὸς
3385 2585 3452 2661 ἦν
3476 2590 3724 2662 διαλυθῆ-

2065 2692 2174 2740 ναι,
2227 2677 2322 2729 καὶ
2368 2675 2561 2747 ἀθρόον
2597 2675 2811 2743 ἀφεῖναι
2858 2675 2956 2746 τὴν
3011 2674 3208 2746 ψυχὴν,
3255 2675 3466 2747 ὁρῶντα
3495 2678 3584 2731 τὸν
3619 2677 3724 2749 πρὸ

2068 2760 2262 2832 μικροῦ
2292 2761 2688 2832 διαλεγόμενον,
2738 2759 2962 2829 ἀδελφὸν
2989 2759 3077 2813 τὸν
3102 2760 3452 2832 ὁμομήτριον,
3474 2763 3564 2816 τὸν
3591 2765 3727 2832 ὁμο-

2066 2847 2310 2919 πάτριον,
2338 2847 2431 2902 τὸν
2451 2848 2549 2911 τάς
2579 2847 2766 2910 αὑτάς.
2794 2845 2941 2917 αὑτῷ
2977 2847 3214 2902 λύσαντα
3243 2849 3454 2914 ὠδίνας,
3491 2849 3582 2903 τὸν
3624 2850 3723 2920 τὴν

2065 2927 2214 2997 παρά
2247 2927 2380 2981 Θεοῦ
2409 2925 2619 2981 εὔνοιαν
2641 2926 3102 2996 ἐπισπασάμενον,
3133 2926 3385 2998 ἐξαίφνης
3409 2929 3611 2983 ἄπνουν
3630 2929 3723 2982 καὶ

2063 3015 2420 3086 ἀνενέργητον
2448 3014 2716 3085 κείμενον,
2758 3014 2850 3067 καὶ
2883 3013 2976 3068 ἐπὶ
2999 3013 3098 3085 τῆς
3129 3013 3232 3084 γῆς
3261 3014 3580 3086 σπαίρονται

2136 3119 2201 3189 β’.
2251 3117 2386 3171 Ἀλλ’
2415 3117 2612 3188 ίδωμεν
2647 3117 2808 3171 πάλιν
2838 3118 2930 3171 καὶ
2963 3117 3101 3188 μετά
3124 3117 3222 3188 τὴν
3269 3119 3490 3173 ἀνοσίαν
3513 3118 3721 3191 ταύτην

2065 3205 2284 3276 πρᾶξιν,
2297 3206 2389 3258 καὶ
2419 3205 2555 3274 μετά
2577 3205 2636 3257 τὸ
2650 3205 2916 3276 τολμῆσαι
2937 3205 3092 3258 τοῦτο
3109 3206 3167 3258 τὸ
3201 3205 3378 3275 πάσης
3395 3205 3721 3278 συγγνώμης

2061 3291 2520 3364 ἀπεστερημένον,
2560 3291 2700 3364 πόσῃ
2728 3293 2989 3362 κέχρηται
3037 3292 3440 3358 συγκαταϐἀσει
3470 3293 3563 3346 καὶ
3593 3294 3717 3363 φιλ-

2062 3377 2344 3450 ανθρωπίςν⁸
2367 3381 2395 3432 ό
2425 3379 2532 3430 τῶν
2567 3379 2818 3432 ἁπάντων
2837 3379 2988 3442 Θεός.
3023 3377 3134 3432 Kal
3164 3375 3333 3431 εἶπεν
3359 3381 3391 3432 ὁ
3411 3378 3552 3444 Θεὸς
3567 3381 3721 3449 πρὸς

2060 3463 2225 3518 Κάιν.
2253 3464 2396 3517 Αὑτδ
2417 3463 2575 3516 τοῦτο
2601 3463 2758 3533 μόνον
2781 3463 2952 3533 πόσης
2977 3465 3124 3516 ἐστὶν
3151 3463 3484 3534 ἀγαθότητος
3503 3504 3516 3528 ,
3542 3464 3632 3516 τὸν
3656 3465 3720 3519 τά

2061 3551 2282 3604 τοιαῦτα
2303 3549 2676 3620 ἐργασάμενον
2698 3549 3038 3618 ἀποκρίσεως
3057 3548 3287 3611 ἀξιῶσαι
3306 3565 3322 3612 ;
3353 3550 3414 3602 El
3436 3549 3542 3618 γὰρ
3563 3551 3719 3620 ἡμεῖς

2065 3635 2323 3698 πολλάκις
2363 3635 2488 3696 τοὺς
2511 3634 2789 3702 ὁμογενεῖς
2821 3633 3236 3703 βδελυττόμεθα,
3268 3635 3486 3688 ἐπειδὰν
3521 3635 3721 3704 ίδωμεν

2065 3721 2300 3775 τοιοῦτόν
2325 3738 2378 3774 τι
2405 3720 2659 3790 τόλμημα
2689 3719 3098 3790 ἐργασαμένους
3120 3737 3131 3748 ·
3169 3720 3346 3792 πολλῷ
3380 3721 3579 3792 μᾶλλον
3627 3721 3720 3776 τὸν

2063 3807 2265 3877 ἀγαθὸν
2292 3807 2422 3860 Θεὸν
2453 3805 2848 3878 ἐκπλήττεσθαι
2889 3806 2969 3860 δεῖ
2993 3806 3226 3878 τοσαύτῃ
3281 3811 3348 3880 τῇ
3403 3808 3719 3880 ἀνεξικακίᾳ

2062 3895 2418 3968 κεχρημένον,
2448 3894 2540 3946 καὶ
2590 3893 2735 3964 μάλα
2769 3893 3010 3957 εἰκότως.
3059 3894 3266 3966 Ἰατρὸς
3307 3895 3414 3966 γάρ
3455 3896 3590 3958 ἐστι,
3625 3898 3718 3948 καὶ

2062 3981 2246 4052 πατὴρ
2277 3979 2624 4052 φιλόστοργος
2647 3997 2660 4010 ·
2703 3979 2796 4033 καὶ
2819 3979 2894 4043 ὼς
2923 3980 3020 4050 μὲν
3048 3981 3229 4052 ίατρδς
3251 3981 3426 4034 πάντα
3459 3985 3602 4034 ποιεῖ
3626 3984 3718 4036 καὶ

2063 4069 2527 4140 πραγματεύεται,
2544 4067 2685 4120 ὥστε
2713 4067 2838 4130 τοὺς
2867 4068 2924 4120 ἐν
2948 4066 3208 4138 χαλεπαῖς
3230 4069 3560 4140 ἀρρωστίαις
3585 4086 3716 4138 τυγ-

2060 4157 2319 4226 χάνοντας
2347 4155 2480 4228 πρὸς
2507 4153 2714 4224 ὑγίειαν
2744 4155 3110 4222 ἐπαναγαγεῖν
3131 4170 3143 4185 ·
3177 4153 3253 4216 ὡς
3277 4155 3332 4207 δέ
3365 4155 3548 4226 πατὴρ
3577 4155 3715 4224 (ριλό⁴

2061 4259 2287 4314 στοργος
2304 4243 2427 4306 τοὺς
2447 4241 2542 4312 τὴν
2573 4241 2775 4294 οίκείαν
2795 4241 3078 4308 εὐγένειαν
3111 4240 3198 4294 διὰ
3223 4239 3494 4312 ρᾳθυμίαν
3526 4241 3716 4313 προδε-

2042 4329 2296 4398 ,δωκότας
2315 4327 2561 4398 βούλεται
2582 4326 2670 4380 διὰ
2691 4325 2791 4396 τῆς
2821 4326 3090 4398 πατρικῆς
3113 4325 3493 4398 φιλοστοργίας
3510 4328 3590 4388 είς
3617 4329 3716 4398 τὴν

2061 4415 2328 4487 προτέραν
2351 4416 2574 4484 ἀγαγεῖν
2599 4413 2918 4485 εὐημερίαν.
2949 4414 3102 4468 Ἐπεὶ
3126 4409 3219 4468 οὖν
3249 4413 3380 4468 πολὺ
3401 4416 3500 4485 τῆς
3519 4415 3716 4484 ἀγαθό·

2057 4503 2214 4574 τητός
2235 4503 2382 4555 ἐστιν
2407 4500 2570 4555 αὑτοῦ
2595 4502 2657 4556 τὸ
2681 4499 2930 4571 μέγεθος,
2967 4501 3212 4571 βούλεται
3241 4501 3336 4556 καὶ
3362 4502 3498 4572 πρὸς
3527 4501 3620 4555 τὸν
3645 4502 3716 4556 τά

2055 4588 2280 4644 τοιαῦτα
2307 4587 2672 4658 τετολμηκότα
2705 4587 2905 4658 πολλὴν
2938 4591 3038 4659 τὴν
3076 4588 3270 4642 ἐαυτοῦ
3306 4588 3712 4660 φιλανθρωπίαν

2057 4677 2442 4742 ἐπιδείξασθαι.
2477 4677 2614 4746 Φησὶ
2642 4675 2750 4746 γάρ
2777 4677 2914 4746 πρὸς
2956 4677 3148 4729 αὐτόν’
3182 4674 3335 4746 [164]
3379 4675 3506 4729 Ποῦ
3541 4675 3714 4729 ἐστιν

2061 4766 2229 4818 Ἅϐελ
2253 4767 2286 4818 ὁ
2312 4764 2570 4832 ἁδελφός
2591 4777 2743 4826 a'ov;
2771 4762 2944 4830 Πολλὴ
2975 4763 3066 4815 καὶ
3097 4762 3320 4832 ἄπειρος
3341 4764 3374 4831 ἡ
3396 4761 3714 4826 ἀνεξικακία

2056 4851 2147 4906 τοῦ
2179 4851 2333 4904 Θεοῦ.
2371 4851 2444 4904 Οὑ
2466 4849 2572 4920 γὰρ
2601 4847 2786 4918 ἐπειδὴ
2820 4847 3004 4916 ἠγνόει
3027 4847 3212 4918 ἠρώτα
3233 4886 3248 4910 ,
3291 4847 3406 4900 ἀλλ’
3439 4849 3576 4918 ὅπερ
3619 4847 3714 4900 ἐπὶ

2055 4939 2147 4992 τοῦ
2174 4944 2378 5009 πατρὸς
2401 4936 2563 4991 αὑτοῦ
2587 4934 2905 5004 πεποίηκενο
2933 4935 3082 4988 οὑδέν
3107 4934 3214 5006 γάρ
3239 4933 3436 4989 κωλύει
3466 4935 3624 4988 πάλιν
3652 4934 3714 4987 τὸ

2054 5027 2186 5080 αὐτὸ
2209 5026 2400 5078 εἰπεῖν.
2431 5023 2696 5094 Καθάπερ
2719 5021 2827 5092 γάρ
2851 5022 3056 5076 ἐκεῖνον
3081 5021 3222 5093 ὁρῶν
3267 5022 3354 5075 διὰ
3393 5021 3489 5092 τὴν
3522 5019 3713 5091 αἰσχύ-

2054 5134 2152 5188 νην
2181 5114 2281 5184 τῆς
2313 5112 2648 5182 γυμνότητος
2702 5110 3076 5182 κρυπτόμενον
3110 5108 3316 5181 ἠρώτα,
3350 5109 3471 5163 Ποῦ
3491 5105 3584 5172 εἷς
3613 5109 3713 5161 οὑκ

2054 5203 2284 5272 ἀγνοῶν,
2317 5200 2452 5254 ἀλλά
2483 5199 2792 5271 παρρησίας
2849 5199 2998 5268 αύτῷ
3047 5197 3300 5268 ἀφορμάς
3347 5196 3543 5262 διδοὺς,
3572 5195 3712 5249 ὣστε

2052 5291 2141 5344 διὰ
2165 5290 2264 5358 τῆς
2285 5286 2572 5358 ὁμολογίας
2589 5287 2681 5340 τοῦ
2702 5286 3035 5356 πταίσματος
3062 5283 3427 5348 ἀπονίψασθαι
3456 5283 3517 5336 τὸ
3539 5283 3646 5352 πλη
3655 5301 3714 5352 μ-

2058 5375 2273 5446 μέλημα
2300 5373 2485 5443 (τοῦτο
2535 5373 2643 5444 γάρ
2698 5371 2818 5432 ἔθος
2872 5371 3042 5440 αὑτῷ,
3075 5369 3280 5424 ἀνωθεν
3318 5369 3407 5422 καί
3444 5369 3504 5434 ἐξ
3540 5372 3714 5440 ἀρχῆς

2053 5463 2151 5532 τὴν
2178 5459 2468 5531 ὁμολογίαν
2502 5460 2752 5514 ἀπαιτεῖν
2795 5457 2923 5528 παρ’
2955 5455 3111 5526 ἡμῶν
3142 5454 3248 5508 τῶν
3289 5454 3711 5526 ἡμαρτημένων,

2055 5548 2148 5600 καὶ
2184 5547 2530 5617 συγχώρησιν
2585 5544 2913 5615 παρέχειν)·
2955 5542 3135 5613 ἐρωτᾷ
3163 5542 3256 5594 καὶ
3287 5541 3381 5593 νῦν
3410 5541 3500 5593 τὸν
3551 5541 3709 5602 Κάῖν,

2053 5636 2146 5690 καί
2178 5651 2345 5704 φησι,
2372 5631 2496 5686 Ποῦ
2529 5629 2700 5684 ἐστιν
2731 5631 2949 5684 ’Λϐελό
2977 5627 3239 5698 ἀδελφός
3269 5644 3424 5690 σου;
3460 5629 3714 5696 ’Λγνοιαν

2006 5703 2026 5725 ‘
2057 5703 2428 5795 προσποιεῖται
2461 5721 2490 5771 ό
2519 5716 2895 5786 φιλάνθρωπος
2915 5715 3214 5786 Δεσπότης,
3241 5715 3328 5768 ἵνα
3348 5713 3432 5767 διά
3463 5715 3559 5784 τῆς
3581 5716 3714 5786 ἐρω-

2055 5811 2265 5879 τήσεως
2284 5804 2677 5877 παρασκευάσῃ
2706 5803 2795 5856 τὸν
2824 5803 2890 5856 τά
2920 5801 3144 5856 τοιαῦτα
3173 5801 3526 5872 εἰργασμένον
3561 5802 3711 5853 ἐπει-

2121 5983 2145 6012 ο
2169 5969 2351 6030 Regius
2371 5978 2498 6015 unus
2536 5961 2836 6024 καταγαγεῖν.
