4144 6200
471 383 566 440 181
1519 370 1585 426 ΙΝ
1625 369 1776 428 CAP.
1818 368 1905 424 IV.
1951 368 2193 432 GENES.
2229 365 2461 425 llOMlL.
2503 367 2644 425 XIX.

470 499 622 566 frater
638 505 751 549 tuus
763 494 790 547 .’
803 483 934 559 Quid
955 489 1111 561 igitur
1122 488 1187 544 ad
1207 488 1317 542 lucc
1331 487 1584 557 ingratus,
1601 484 1860 554 stupidus,
1883 491 2053 538 teme-

471 588 642 642 rarius
660 593 713 640 et
737 583 1048 654 impudens?
1073 582 1202 637 Cum
1227 577 1563 649 cogitandum
1587 585 1729 631 esset
1754 575 1918 630 Deum
1945 589 2051 628 non

471 680 708 747 ignarum
761 676 835 730 rei
885 675 1210 744 interrogare
1234 710 1250 737 ,
1289 669 1380 724 sed
1409 669 1475 724 ab
1507 669 1622 738 ipso
1660 665 2050 722 confessionem

469 768 706 824 criminis
737 767 968 835 exigere,
995 773 1048 818 et
1075 777 1173 817 nos
1199 761 1412 824 docere,
1445 773 1731 828 numquam
1757 771 1914 811 causa
1946 771 2052 810 non

469 859 768 913 examinata
809 856 1125 911 sententiam
1157 861 1337 908 contra
1381 851 1568 904 fratres
1594 860 1806 903 nostros
1829 863 1947 903 esse
1973 847 2050 902 fe-

469 951 688 1006 rendam
715 991 728 1012 ,
757 959 811 1004 et
851 951 900 1002 in
932 957 1161 1002 mentem
1201 959 1452 1000 revocare
1491 942 1769 996 consilium
1799 939 2006 994 Domini
2034 979 2048 1003 ,

468 1043 554 1111 qui
590 1042 729 1095 hunc
761 1040 898 1094 illius
923 1048 1169 1093 conatum
1196 1035 1511 1106 reprimens,
1542 1041 1595 1087 et
1621 1031 1867 1087 conscius
1892 1029 2048 1082 etiam

468 1142 749 1200 antequam
795 1146 880 1185 res
913 1131 1184 1193 eveniret,
1215 1126 1339 1196 quid
1371 1126 1459 1179 ille
1499 1123 1717 1177 haberet
1746 1121 1796 1174 in
1827 1121 2006 1173 animo
2034 1159 2047 1183 ,

470 1223 720 1277 remediis
749 1221 811 1275 ad
841 1219 1269 1290 praeveniendum
1299 1232 1424 1272 usus
1445 1223 1528 1270 est
1551 1232 1562 1266 :
1585 1229 1702 1268 cum
1731 1213 2051 1282 oportuisset

472 1316 552 1368 his
593 1315 838 1369 onmibus
879 1313 1121 1384 cogitatis
1147 1354 1161 1377 ,
1192 1313 1348 1365 finem
1380 1309 1554 1362 facere
1587 1307 1804 1361 insaniae
1827 1347 1840 1370 ,
1872 1305 2050 1360 dicere

470 1405 593 1474 quid
625 1405 836 1468 factum,
869 1402 1150 1458 ostendere
1180 1400 1386 1455 medico
1416 1398 1566 1453 ulcus
1589 1439 1602 1462 ,
1636 1405 1689 1453 et
1713 1396 1955 1465 accipere
1984 1395 2050 1449 ab

471 1497 563 1548 illo
590 1494 871 1566 pharmaca
898 1493 1022 1547 :ille
1050 1493 1240 1546 iterum
1267 1497 1422 1559 auget
1450 1488 1652 1551 vulnus,
1680 1496 1734 1540 et
1759 1486 1906 1540 ulcus
1933 1501 2053 1554 gra-

469 1586 584 1638 vius
630 1583 818 1638 reddit.
870 1583 935 1636 Et
961 1583 1126 1648 dixit,
1157 1582 1363 1651 inquit,
1398 1579 1608 1634 Nescio.
1643 1577 1774 1631 Vide
1810 1577 2048 1659 responsi

467 1673 867 1743 impudentiam.
896 1671 1029 1726 Num
1060 1671 1260 1725 homini
1293 1669 1544 1739 loqueris,
1570 1683 1726 1738 quem
1755 1667 1887 1722 forte
1908 1666 2050 1720 deci-

467 1781 592 1835 pere
619 1763 840 1834 posses?
865 1763 1068 1830 Nescis,
1099 1761 1275 1816 infelix
1299 1770 1350 1817 et
1377 1762 1560 1825 miser,
1589 1760 1707 1829 quis
1732 1768 1813 1814 est
1838 1757 2049 1828 qui-tibi

464 1854 734 1924 loquitur?
773 1868 876 1908 non
919 1854 1120 1923 cogitas
1145 1894 1158 1919 ,
1187 1853 1359 1923 ipsum
1387 1852 1456 1906 ob
1485 1851 1772 1905 bonitatem
1803 1863 2046 1919 magnam

465 1945 814 2013 interrogare,
855 1945 1187 1997 occasionem
1228 1941 1510 2013 quamdam
1552 1941 1790 1995 invenire
1826 1940 2048 2008 cupien-

467 2044 595 2098 tem,
624 2049 719 2102 per
745 2048 902 2102 quam
924 2049 1074 2087 suam
1106 2033 1197 2086 tibi
1225 2033 1459 2087 declaret
1487 2031 1890 2096 humanitatem,
1915 2039 1968 2084 et
1992 2038 2049 2084 ut

470 2132 649 2192 postea
675 2125 889 2176 tentatis
910 2138 940 2177 a
961 2138 1018 2176 se
1041 2122 1310 2185 omnibus,
1340 2123 1534 2175 nullam
1558 2121 1756 2174 habeas
1776 2121 2015 2175 defensio
2030 2152 2046 2163 -

468 2232 612 2281 nem,
633 2224 814 2285 utpote
835 2215 924 2284 qui
944 2229 1115 2284 poenae
1141 2213 1367 2283 teipsum
1396 2213 1682 2267 obnoxium
1705 2213 1999 2267 constituas
2025 2213 2049 2266 ?

560 2308 828 2361 Accusatio
881 2305 1196 2360 conscientia
1235 2322 1387 2376 quam
1430 2305 1612 2374 gravis.
1648 2333 1720 2343 —
1766 2303 1834 2357 Et
1874 2305 2046 2370 dixit,

464 2401 652 2470 inquit,
690 2399 893 2454 Nescio.
931 2398 1070 2452 Nunt
1095 2407 1261 2452 custos
1286 2399 1457 2468 fratris
1485 2397 1581 2450 mei
1627 2413 1739 2450 sum
1782 2399 1910 2467 ego?
1947 2395 2049 2452 Co-

461 2493 567 2561 gita
611 2491 696 2545 hic
737 2491 1076 2544 conscientia:
1119 2491 1512 2544 accusationem
1551 2498 1606 2544 et
1649 2489 1914 2558 quomodo
1955 2490 2045 2558 qui

463 2583 787 2638 Conscientia
811 2582 1182 2651 impellebatur
1201 2624 1216 2648 ,
1245 2592 1300 2636 ut
1327 2583 1393 2636 ita
1417 2582 1586 2636 dicam
1609 2623 1624 2647 ,
1655 2597 1752 2636 nec
1769 2592 2044 2651 postquam

462 2675 615 2739 dixit,
647 2673 850 2738 Nescio,
885 2674 1046 2728 finem
1073 2674 1282 2728 dicendi
1311 2674 1452 2740 fecit,
1482 2673 1572 2728 sed
1599 2672 1834 2727 subdidit
1863 2689 1876 2724 :
1904 2671 2047 2726 Nunt

463 2776 626 2819 custos
651 2766 822 2834 fratris
847 2765 942 2818 mei
968 2782 1080 2819 sum
1118 2782 1207 2836 ego
1225 2766 1250 2818 ?
1301 2774 1500 2820 tantum
1527 2780 1632 2819 non
1659 2766 1889 2836 seipsum
1921 2765 2044 2820 red-

462 2870 706 2926 arguens.
749 2856 959 2910 Atenim
991 2856 1034 2908 si
1064 2872 1129 2910 ex
1152 2855 1496 2926 consequenti
1523 2857 1618 2911 abs
1665 2865 1714 2910 te
1755 2865 2039 2926 ageretur,

460 2946 747 3002 secundum
789 2957 992 3001 naturae
1024 2947 1164 3017 leges
1192 2946 1466 3002 custodem
1507 2947 1755 3002 fraterna:
1780 2948 1964 3002 salutis
1993 2957 2045 3004 te

461 3054 579 3094 esse
601 3040 899 3109 oportebat.
931 3039 1040 3095 lloc
1067 3039 1208 3094 enim
1249 3048 1432 3093 natura
1460 3039 1694 3095 decrevit
1713 3081 1726 3105 ,
1755 3049 1808 3096 et
1833 3047 2043 3110 oportet

457 3145 550 3184 eos
571 3131 657 3200 qui
683 3147 745 3185 ex
768 3130 955 3185 eodem
979 3139 1130 3186 utero
1153 3131 1262 3184 nati
1284 3140 1407 3185 sunt
1428 3139 1610 3186 mutuo
1630 3146 1749 3186 esse
1769 3132 2038 3187 custodes.

456 3221 606 3290 Quod
635 3222 678 3276 si
719 3221 820 3276 huc
846 3222 1063 3277 nolebas
1085 3263 1100 3287 ,
1131 3231 1183 3277 et
1212 3221 1428 3276 noluisti
1455 3231 1636 3277 custos
1665 3237 1785 3278 esse
1814 3223 1992 3278 fratris
2022 3241 2037 3278 :

455 3327 618 3382 quare
646 3328 772 3383 ergo
803 3314 940 3368 illius
969 3314 1279 3369 interfector
1305 3328 1366 3369 es
1400 3313 1569 3369 factus
1593 3356 1607 3380 ,
1637 3325 1691 3370 et
1716 3330 1836 3370 eum
1869 3317 1956 3386 qui
1989 3323 2042 3372 te

456 3404 599 3458 nulla
636 3404 811 3460 aifecit
853 3405 1041 3474 injuria
1071 3406 1352 3472 occidisti,
1381 3415 1435 3460 et
1465 3407 1657 3476 putasti
1695 3406 1892 3460 nulium
1925 3407 2040 3461 fore

453 3495 542 3565 qui
577 3505 626 3549 te
664 3495 732 3549 de
765 3495 865 3548 hoe
895 3497 1319 3564 reprehensurus
1343 3497 1522 3550 esset?
1547 3496 1650 3550 Sed
1678 3506 1923 3565 exspecta
1945 3537 1958 3560 ,
1987 3507 2042 3552 et

455 3585 662 3639 videbis
687 3594 1050 3640 accusatorem
1079 3595 1227 3640 tuum
1255 3585 1368 3640 fore
1393 3602 1513 3641 eum
1541 3588 1630 3656 qui
1658 3587 1961 3641 interfectus
1987 3598 2042 3643 et

452 3685 752 3748 prostratus
774 3677 936 3746 jacet,
959 3686 1012 3730 et
1039 3685 1091 3731 te
1116 3679 1380 3732 viventem
1408 3686 1464 3732 et
1490 3677 1868 3742 ambulantem,
1897 3679 2038 3733 clara

454 3782 590 3821 voce
611 3776 998 3821 accusaturum.
1028 3767 1113 3821 10.
1138 3765 1207 3819 Et
1232 3766 1350 3819 dicit
1375 3766 1514 3822 Deus
1537 3783 1554 3820 :
1579 3767 1714 3833 Quid
1727 3767 1890 3839 fecisti
1911 3768 2042 3823 hoc?

452 3857 640 3926 Magna
685 3856 843 3927 hujus
890 3858 1033 3912 verbi
1081 3857 1350 3912 rec0udita
1397 3859 1476 3913 vis
1519 3867 1634 3924 est,
1666 3868 1720 3913 et
1746 3859 2036 3929 emphasis.

371 3947 376 3953 '
451 3947 627 4014 Quare
647 3987 660 4011 ,
696 3947 896 4016 inquit,
931 3946 1031 4002 hoc
1059 3957 1308 4017 Operatus
1331 3949 1428 4003 es?
1455 3965 1618 4020 quare
1644 3951 1904 4006 admisisti
1935 3967 2028 4008 ne-

451 4038 642 4093 farium
677 4039 776 4092 hoc
806 4038 1008 4094 facinus
1033 4081 1046 4104 ,
1074 4039 1428 4095 abominabile
1457 4055 1591 4109 Opus
1616 4081 1632 4107 ,
1660 4040 1854 4096 factum
1884 4043 2036 4099 inex-

451 4129 642 4198 piabile
671 4169 686 4195 ,
734 4129 991 4183 insaniam
1042 4130 1426 4185 intolerabilem
1454 4171 1469 4197 ,
1512 4131 1714 4186 eaedem
1753 4148 1943 4188 novam
1982 4145 2036 4190 et

446 4221 762 4290 stupendam
783 4261 798 4284 ,
825 4223 933 4291 jatn
966 4223 1192 4291 primum
1221 4222 1271 4276 in
1303 4221 1574 4277 hominum
1608 4225 1766 4277 vitam
1795 4233 1880 4278 tua
1907 4224 2037 4280 dex-

448 4322 561 4367 tera
610 4313 914 4367 invectam?
959 4329 1053 4368 cur
1098 4313 1265 4368 fecisti
1311 4313 1412 4370 hoc
1456 4323 1562 4368 tam
1604 4331 1884 4385 magnum,
1927 4326 2033 4372 tam

449 4403 686 4457 terribile
707 4443 721 4466 ,
755 4418 859 4472 quo
890 4418 993 4457 non
1038 4415 1119 4458 est
1158 4414 1430 4474 peccatum
1461 4405 1601 4458 aliud
1633 4406 1883 4475 gravius?
1927 4407 2036 4462 Vox

445 4495 706 4565 sanguinis
731 4495 904 4565 fratris
929 4496 1003 4547 tui
1029 4496 1213 4548 clamat
1242 4496 1312 4548 ad
1335 4512 1413 4550 me
1436 4496 1499 4551 de
1526 4506 1677 4551 terra.
1712 4497 1845 4551 Nunt
1874 4497 2034 4554 homo

446 4601 586 4652 sum,
615 4588 806 4657 inquit,
833 4588 921 4656 qui
949 4588 1115 4640 solam
1145 4587 1284 4642 illam
1316 4604 1498 4645 vocem
1528 4589 1761 4655 audiam,
1794 4605 1912 4661 qua:
1940 4605 2034 4660 per

448 4678 677 4747 linguam
718 4677 1026 4748 profertur?
1075 4677 1213 4737 Deus
1253 4693 1368 4734 sum
1394 4722 1410 4747 ,
1450 4681 1538 4750 qui
1587 4696 1800 4752 possum
1841 4691 1897 4737 et
1938 4697 2034 4750 per

445 4770 755 4838 sanguinem
795 4769 980 4824 audire
1017 4771 1334 4825 clamantem
1359 4813 1373 4837 ,
1407 4780 1462 4827 et
1499 4772 1644 4828 humi
1685 4783 2028 4843 prostratum.

449 4859 586 4912 Ecce
615 4875 891 4930 quousque
930 4861 1071 4914 volat
1112 4876 1209 4915 vox
1239 4864 1511 4932 sanguinis
1553 4864 1708 4933 hujus
1731 4906 1745 4930 ,
1773 4880 1940 4934 usque
1976 4865 2031 4919 in

446 4949 632 5002 etclum
659 4965 688 5002 a
713 4961 850 5004 terra
877 4953 1138 5020 ascendit,
1169 4961 1221 5007 et
1248 4963 1664 5023 prmtercurrens
1693 4955 1904 5018 caelum,
1927 4971 2031 5011 cte-

447 5039 603 5109 leque
623 5043 930 5110 superiores
954 5044 1022 5097 vi:
1040 5053 1200 5108 tutes,
1233 5045 1380 5114 regio
1405 5045 1540 5098 solio
1564 5046 1782 5110 assistit,
1806 5055 1857 5100 et
1883 5055 2027 5101 tuum

447 5132 1073 5202 deplorathomicidium,
1102 5152 1164 5190 ac
1187 5137 1444 5192 nefarium
1473 5137 1572 5192 hoc
1593 5139 1766 5192 scelus
1789 5149 2022 5195 accusat.

460 5223 570 5278 Vox
595 5228 856 5297 sanguinis
885 5229 1058 5298 fratris
1087 5229 1155 5282 tui
1182 5230 1366 5283 clamat
1391 5229 1459 5282 ad
1484 5247 1563 5284 me
1587 5231 1650 5284 de
1677 5242 1829 5284 terra.
1861 5231 1991 5285 Num
2010 5273 2024 5296 ,

447 5315 636 5386 inquit,
665 5317 717 5370 in
740 5318 970 5373 alienum
992 5330 1044 5374 ct
1064 5321 1323 5390 hospitem
1348 5322 1674 5392 iniquitatem
1695 5323 1830 5376 hanc
1854 5335 2027 5392 patra-

449 5407 556 5462 sti?
587 5408 641 5461 lu
670 5407 886 5464 fratrem
919 5421 1063 5466 tuum
1086 5454 1101 5478 ,
1135 5413 1282 5468 illum
1309 5415 1396 5484 qui
1424 5415 1564 5470 nulla
1597 5425 1646 5471 te
1678 5416 1864 5485 injuria
1895 5417 2024 5473 all‘e-

445 5507 623 5565 cerat,
655 5500 871 5554 sazvisti.
908 5501 1012 5556 Sed
1045 5503 1178 5557 forte
1218 5505 1584 5560 benevolentia
1615 5522 1730 5561 mea
1772 5507 1908 5562 hanc
1953 5509 2023 5564 illi

443 5591 643 5644 caedem
677 5591 911 5660 peperit.
944 5602 996 5647 et
1027 5610 1143 5647 cum
1175 5611 1276 5650 non
1307 5612 1492 5666 posses
1519 5613 1722 5653 mecum
1753 5615 2019 5669 pugnare,

446 5681 496 5735 in
531 5679 678 5736 illum
710 5681 939 5736 effudisti
984 5682 1217 5738 furorem
1250 5696 1394 5742 tuum
1438 5688 1768 5743 indomitum.
1818 5689 2023 5760 Eapro-

449 5784 562 5842 pter
587 5770 748 5829 talem
772 5772 861 5828 tibi
889 5788 1099 5842 pcenam
1125 5774 1364 5848 inferam,
1391 5787 1447 5834 ut
1469 5780 1636 5836 audax
1661 5781 1798 5837 istud
1823 5782 2024 5839 facinus

3641 358 3746 414 ili-2

2161 478 2408 534 oblivioni
2433 479 2567 535 tradi
2596 496 2700 535 non
2731 481 2916 551 possit,
2941 491 2992 537 et
3018 498 3134 552 qua:
3160 483 3210 538 in
3244 492 3294 540 te
3322 485 3472 554 fiunt,
3493 488 3744 548 omnibus

2159 571 2380 640 posthac
2424 573 2726 642 sequuturis
2769 573 3044 644 castigatio
3079 585 3132 630 et
3174 576 3466 634 admonitio
3509 581 3635 637 sint.
3675 583 3742 638 Et

2158 677 2288 712 nunc
2308 702 2320 723 ,
2353 663 2472 731 quia
2504 661 2602 717 hoc
2632 661 2836 728 fecisti,
2863 673 2916 718 ct
2943 664 3133 718 malam
3160 667 3483 723 voluntatem
3512 669 3577 725 ad
3607 671 3738 728 επε-

2157 761 2299 806 ctum
2331 754 2589 809 deduxisti
2617 794 2630 820 ,
2662 765 2713 810 et
2743 771 2834 824 per
2863 755 3109 811 invidiam
3146 758 3348 815 caedem
3382 763 3698 820 commisisti
3724 806 3740 830 ,

2159 843 2458 900 Maledictus
2485 857 2536 899 tu
2567 849 2630 902 de
2655 859 2806 901 terra.

2227 935 2277 988 5.
2304 935 2459 991 Vides
2490 937 2878 992 maledictionis
2904 939 3274 1008 differentiam,
3299 943 3530 998 dilecte?
3552 946 3628 1002 Ne
3655 947 3754 1018 igi-

2157 1035 2241 1080 tur
2280 1027 2736 1082 inconsideranter
2767 1028 2888 1083 hinc
2930 1039 3189 1096 transeas,
3232 1033 3325 1087 sed
3363 1050 3427 1089 ex
3473 1037 3740 1092 maledicti

2155 1119 2516 1188 magnitudine
2588 1121 2768 1190 ﬂagitii
2846 1122 3226 1178 immanitatem
3299 1127 3563 1195 expende.
3607 1128 3738 1184 Nam

2154 1222 2352 1281 quanto
2381 1213 2548 1281 majus
2578 1214 2643 1266 sit
2677 1224 2947 1282 peccatum
2987 1216 3089 1269 hoc
3118 1219 3554 1284 prarvaricatione
3587 1221 3738 1290 primi

2156 1302 2403 1367 hominis,
2427 1319 2489 1356 ex
2517 1305 2905 1358 maledictionis
2925 1308 3180 1362 varietate
3209 1309 3346 1370 scire
3375 1311 3566 1364 volenti
3594 1312 3739 1368 licet.

2157 1391 2266 1446 [llic
2319 1396 2457 1448 enim
2504 1385 2665 1464 inquit
2706 1414 2717 1449 :
2758 1396 3034 1452 Maledicta
3091 1409 3222 1453 terra
3275 1401 3326 1454 in
3365 1403 3596 1472 operibus
3645 1407 3743 1460 tuis

2155 1483 2324 1553 (Gen.
2357 1485 2408 1538 5.
2444 1487 2528 1554 l7)
2557 1504 2570 1540 :
2599 1495 2651 1540 et
2695 1487 2745 1540 in
2799 1499 2993 1542 terram
3047 1489 3210 1544 effusa
3258 1501 3338 1546 est
3395 1495 3694 1550 maledictio
3724 1538 3740 1563 ,

2154 1583 2365 1628 ostensa
2409 1592 2502 1630 sua
2543 1579 2590 1631 in
2639 1578 2907 1634 hominem
2943 1596 3114 1636 cura:
3149 1581 3235 1637 hic
3273 1599 3402 1638 vero
3443 1588 3562 1655 quia
3607 1603 3742 1657 Opus

2155 1665 2506 1735 perniciosum
2535 1710 2549 1735 ,
2590 1669 2796 1724 facinus
2841 1673 3106 1742 iniquum,
3134 1685 3185 1729 et
3231 1675 3550 1746 inexpiabile
3589 1679 3742 1750 flagi-

2155 1757 2304 1821 tium,
2326 1757 2439 1827 ipse
2460 1759 2794 1814 maledictum
2814 1762 3009 1831 excipit
3031 1783 3042 1818 :
3070 1764 3156 1817 11.
3181 1762 3246 1817 Et
3268 1782 3401 1820 nunc
3421 1768 3738 1835 maledictus,

2153 1847 2339 1918 inquit,
2375 1858 2426 1902 tu
2453 1850 2516 1904 de
2543 1861 2693 1905 terra.
2723 1851 2852 1907 Nam
2884 1855 3004 1923 quia
3044 1853 3210 1910 ferme
3241 1856 3425 1912 eadem
3471 1861 3578 1929 egit
3620 1877 3740 1930 qua:

2151 1951 2392 2008 serpens,
2421 1950 2476 1994 et
2499 1943 2648 2009 quasi
2672 1957 2927 2012 organum
2953 1945 3168 1999 servivit
3206 1946 3401 2002 diaboli
3437 1951 3738 2018 sementim,

2154 2036 2207 2082 et
2237 2030 2374 2084 sicut
2425 2031 2515 2086 ille
2553 2031 2738 2087 fraude
2782 2035 3155 2088 mortalitatem
3193 2035 3529 2092 introduxit:
3562 2041 3638 2095 sic
3685 2051 3753 2096 et-

2153 2117 2237 2172 hic
2265 2118 2545 2189 deceptum
2579 2120 2794 2175 fratrem
2822 2132 2875 2177 et
2905 2123 2956 2176 in
2981 2137 3225 2192 campum
3257 2127 3503 2182 eductum
3534 2141 3750 2186 armata.

2152 2211 2205 2264 in
2239 2210 2384 2265 illum
2411 2227 2570 2266 manu
2609 2213 2821 2267 occidit.
2849 2214 3136 2284 Propterea
3161 2217 3298 2272 sicut
3328 2219 3401 2272 illi
3433 2219 3585 2287 dixit,
3618 2221 3738 2275 bla-

2151 2300 2362 2354 ledictus
2405 2310 2458 2354 tu
2492 2303 2620 2356 inter
2661 2319 2832 2358 omnes
2859 2306 3036 2359 bestias
3057 2316 3202 2361 terra:
3224 2307 3383 2381 (Ibid.
3422 2327 3467 2363 v.
3499 2311 3623 2380 M):
3657 2313 3734 2368 sic

2151 2401 2204 2445 et
2230 2391 2373 2456 huic,
2406 2393 2492 2462 qui
2520 2394 2704 2448 eadem
2735 2411 2852 2464 qua:
2889 2397 2980 2452 ille
3016 2407 3265 2467 operatus
3294 2399 3406 2453 fuit.
3437 2399 3569 2456 Nam
3602 2403 3740 2460 sicut

2151 2483 2416 2551 diabolus,
2444 2487 2566 2541 odio
2587 2496 2641 2542 et
2671 2487 2865 2542 invidia
2893 2498 3087 2555 motus,
3118 2505 3222 2544 non
3247 2491 3423 2548 ferens
3454 2505 3528 2548 tot
3551 2494 3738 2551 ineffa-

2149 2576 2273 2630 bilia
2322 2578 2576 2634 beneficia
2607 2621 2620 2644 ,
2649 2596 2767 2650 quae
2818 2581 2870 2635 in
2918 2581 3188 2637 hominem
3234 2587 3302 2639 ab
3350 2586 3500 2639 initio
3545 2589 3736 2642 collata

2149 2675 2292 2733 sunt,
2327 2667 2520 2722 invidia
2549 2669 2614 2723 ad
2645 2670 3012 2737 deceptionem
3054 2672 3426 2728 exstimulatus
3454 2685 3536 2729 est
3558 2717 3574 2738 ,
3619 2692 3737 2746 qua:

2149 2767 2374 2812 mortem
2405 2760 2673 2815 induceret
2708 2778 2722 2814 τ
2755 2763 2823 2815 ita
2867 2771 2922 2816 et
2959 2761 3042 2816 hic
3075 2762 3168 2818 Dei
3197 2778 3318 2833 erga
3347 2763 3562 2820 fratrem
3584 2781 3736 2821 suum

2147 2849 2573 2905 benevolentiam
2599 2869 2841 2922 magnam
2875 2854 3080 2918 videns,
3106 2871 3169 2909 ex
3198 2856 3390 2910 invidia
3420 2856 3484 2911 ad
3517 2859 3736 2914 homici-

2146 2940 2292 2995 dium
2325 2944 2568 3012 prosiliit.
2614 2945 2812 3000 ldcirco
2853 2945 2978 3000 dicit
3011 2947 3080 3000 illi
3114 2964 3126 2999 :
3163 2946 3227 3000 Et
3267 2965 3400 3000 nunc
3443 2949 3738 3005 maledictus

2146 3042 2200 3088 tu
2227 3033 2289 3086 de
2317 3044 2470 3088 terra.
2499 3035 2827 3104 Maledictus,
2857 3038 3044 3108 inquit,
3068 3038 3194 3102 eris,
3220 3048 3274 3094 et
3305 3048 3460 3095 terra:
3489 3042 3583 3106 illi,
3611 3043 3737 3107 Qua:

2144 3124 2340 3193 aperuit
2361 3139 2416 3179 0s
2439 3141 2605 3192 suum,
2636 3135 2691 3178 ut
2715 3116 3008 3199 sanguinem
3035 3129 3208 3198 fratris
3255 3131 3326 3183 tui
3366 3131 3428 3184 de
3459 3149 3611 3186 manu
3649 3144 3736 3187 tua

2145 3213 2412 3280 exciperet.
2445 3214 2510 3268 Et
2537 3224 2690 3270 terra:
2732 3217 2842 3281 illi,
2875 3219 3072 3288 inquit,
3106 3220 3208 3273 erit
3235 3221 3584 3288 maledictus,
3616 3240 3735 3294 qua:

2144 3305 2393 3359 sustinuit
2424 3306 2510 3360 tali
2541 3309 2796 3377 sanguine
2823 3309 3062 3379 irrigari,
3085 3311 3171 3380 qui
3203 3325 3323 3365 cum
3357 3321 3501 3368 tanta
3531 3315 3736 3370 abomi-

2146 3399 2356 3451 natione
2383 3412 2412 3450 a
2438 3407 2542 3450 tam
2571 3399 2730 3468 impia
2758 3416 2915 3454 manu
2941 3400 3139 3456 effusus
3169 3411 3270 3456 est.
3303 3403 3430 3458 Dein
3461 3404 3732 3475 Scriptura

2145 3487 2319 3541 divina
2364 3488 2788 3543 maledictionem
2839 3491 3234 3560 interpretans,
3281 3495 3612 3553 manifestius
3649 3500 3733 3554 di-

2145 3577 2217 3629 cit
2243 3593 2254 3627 :
2281 3575 2366 3628 12.
2395 3577 2610 3640 Quando
2635 3588 2868 3645 operatus
2897 3581 3052 3648 fueris
3083 3591 3284 3647 terram,
3321 3601 3420 3638 non
3446 3587 3650 3656 adjiciet
3678 3600 3731 3644 ut

2144 3666 2225 3718 det
2265 3666 2352 3718 tibi
2393 3666 2544 3719 robur
2568 3684 2734 3721 suum.
2766 3668 2951 3738 Magna
2984 3686 3156 3739 penna:
3199 3675 3440 3742 species,
3472 3687 3524 3731 et
3567 3695 3734 3749 grave

2146 3755 2521 3825 indignationis
2552 3757 2774 3826 pondus.
2808 3758 3066 3816 Laborem
3089 3763 3324 3832 quidem,
3354 3766 3542 3837 inquit,
3572 3771 3732 3826 susti-

2145 3848 2314 3915 nebis,
2341 3857 2395 3904 et
2420 3865 2536 3919 qua:
2566 3860 2620 3904 tu
2643 3849 2819 3906 facere
2851 3863 3023 3922 potes,
3053 3855 3230 3908 omnia
3253 3855 3435 3924 facies,
3463 3868 3516 3914 et
3541 3875 3736 3930 opera-

2143 3938 2282 3992 beris
2320 3947 2512 3994 terram
2554 3941 2642 3994 tali
2691 3943 2946 4012 sanguine
2992 3943 3318 4014 inquinatam
3351 3966 3365 4000 :
3398 3949 3596 4005 nullum
3635 3968 3734 4006 au-

2143 4037 2251 4086 tem
2307 4042 2474 4085 metes
2527 4031 2752 4088 fructum
2809 4043 2913 4088 tam
2967 4037 3251 4092 multorum
3304 4039 3542 4096 laborum
3573 4086 3586 4109 ,
3639 4047 3738 4101 sed

2143 4124 2339 4178 inutilis
2378 4125 2480 4180 erit
2507 4126 2596 4180 tibi
2625 4128 2798 4182 omnis
2831 4129 2980 4183 labor
3003 4146 3160 4199 quem
3191 4131 3400 4188 feceris.
3433 4134 3616 4208 Neque
3642 4137 3729 4194 hic

2143 4214 2262 4269 finis
2287 4216 2384 4270 erit
2424 4231 2614 4286 petente,
2643 4219 2738 4273 sed
2782 4227 2835 4272 et
2877 4219 3089 4275 Gemens
3121 4232 3167 4275 et
3211 4231 3426 4278 tremens
3461 4227 3559 4280 eris
3585 4244 3734 4295 super

2140 4317 2344 4361 terram.
2374 4308 2577 4364 Rursus
2605 4319 2656 4365 et
2692 4309 2794 4366 hoc
2828 4312 3114 4368 maximum
3140 4324 3218 4369 est
3255 4317 3497 4386 supplicii
3534 4335 3725 4390 genus,

2140 4408 2393 4468 perpetuo
2415 4415 2625 4468 gemere
2653 4416 2714 4456 ac
2743 4411 2990 4459 tremere.
3019 4405 3150 4472 Quia
3179 4407 3342 4473 enim,
3377 4407 3563 4478 inquit.
3597 4410 3728 4465 abu-

2138 4501 2230 4542 sus
2256 4502 2314 4543 es
2343 4488 2534 4544 robore
2538 4493 2833 4570 ‘orporis,
2869 4503 2921 4546 et
2951 4494 3308 4550 membrorum
3341 4498 3571 4566 viribus,
3603 4515 3730 4570 pro-

2140 4505 2230 4542 sus
2256 4505 2314 4543 es
2343 4505 2534 4544 ronore
2608 4505 2833 4560 orports,
2869 4505 2921 4546 et
2951 4505 3308 4550 membrorum
3341 4505 3571 4566 viribus,
3603 4515 3728 4570 pro-

2140 4590 2256 4646 pter
2299 4579 2400 4634 hoc
2438 4505 2744 4638 cantuum
2797 4584 2933 4638 hunc
2975 4593 3259 4640 tremorem
3299 4596 3351 4642 et
3392 4599 3593 4645 motum
3638 4593 3728 4646 tibi

2139 4670 2331 4736 infero,
2364 4681 2418 4726 ut
2466 4688 2571 4727 non
2619 4673 2789 4727 solum
2833 4674 2944 4742 ipse
2983 4674 3181 4729 habeas
3202 4677 3384 4746 jugem
3411 4679 3730 4737 admonitio-

2137 4781 2260 4819 nem
2291 4773 2345 4819 et
2391 4767 2702 4819 memoriam
2745 4764 2902 4833 hujus
2941 4765 3130 4820 nefasti
3171 4769 3388 4823 sceleris
3412 4787 3435 4824 .:
3469 4771 3562 4825 sed
3593 4781 3647 4826 ut
3676 4783 3729 4828 et

2139 4873 2326 4912 onmes
2352 4858 2438 4927 qui
2485 4866 2536 4912 te
2563 4857 2811 4924 viderint,
2845 4859 2959 4910 viso
2992 4868 3072 4923 te,
3101 4859 3250 4928 quasi
3291 4860 3434 4914 clara
3468 4863 3572 4917 illis
3594 4879 3728 4921 voce

2136 4958 2484 5021 personante,
2522 4948 2729 5003 discant
2773 4963 2841 5003 ne
2881 4949 3002 5002 talia
3030 4949 3288 5019 audeant,
3324 4962 3380 5005 ut
3419 4969 3486 5008 ne
3533 4955 3725 5010 similia

2139 5043 2407 5112 patiantur
2437 5059 2450 5096 :
2483 5051 2534 5096 et
2563 5056 2719 5111 [uena
2747 5049 2834 5096 tua
2865 5042 2997 5096 alios
3026 5041 3217 5098 doceat
3243 5059 3429 5100 omnes
3450 5088 3464 5106 .
3495 5065 3561 5101 ne
3590 5047 3726 5103 ultra

2138 5133 2226 5186 tali
2252 5132 2505 5202 sanguine
2531 5141 2727 5188 terram
2755 5132 3016 5203 polluant.
3040 5133 3328 5204 Propterea
3360 5151 3464 5190 non
3499 5137 3644 5193 brevi
3673 5149 3724 5196 te

2137 5236 2308 5280 morte
2333 5225 2562 5296 plectam
2583 5267 2596 5290 ,
2631 5235 2688 5279 ut
2725 5241 2793 5280 ne
2822 5225 3014 5281 factum
3045 5227 3296 5282 oblivioni
3323 5228 3598 5285 tradatur:
3627 5232 3721 5287 sed

2134 5320 2294 5372 vitam
2338 5327 2508 5373 morte
2544 5319 2841 5390 graviorem
2883 5320 3146 5374 sustinere
3183 5329 3234 5374 te
3271 5320 3498 5386 curabo,
3532 5331 3590 5376 ut
3635 5339 3727 5392 per

2139 5409 2253 5464 hmo
2277 5409 2452 5464 discas
2475 5411 2647 5480 qualia
2678 5411 3083 5480 perpetravcris.
3110 5412 3196 5466 15.
3231 5410 3292 5464 Et
3321 5412 3448 5466 dixit
3478 5412 3602 5468 Cain
3632 5413 3727 5468 Do-

2136 5503 2270 5555 mino
2292 5518 2312 5554 :
2342 5501 2514 5572 Major
2541 5511 2614 5556 est
2641 5517 2794 5554 causa
2822 5517 2950 5567 mea,
2975 5516 3124 5568 quam
3156 5511 3208 5554 ut
3238 5503 3466 5556 dimittar
3486 5520 3595 5576 ego.
3620 5505 3727 5559 Ma-

2134 5611 2293 5666 gnum
2322 5595 2540 5665 aliquid,
2571 5603 2624 5648 et
2652 5593 2806 5648 saluti
2837 5603 3032 5648 nostra:
3063 5595 3348 5664 plurimum
3377 5597 3506 5652 uti'e
3539 5596 3645 5664 hic,
3679 5599 3723 5652 si

2132 5689 2319 5744 attenti
2365 5688 2658 5754 fuerimus,
2694 5686 2873 5742 licebit
2911 5686 3204 5742 addiscere.
3263 5687 3328 5742 Et
3372 5688 3501 5743 dixit
3550 5688 3675 5744 Cain
3704 5705 3724 5744 :

2134 5785 2308 5860 Major
2339 5793 2410 5840 est
2440 5800 2592 5838 causa
2633 5800 2760 5848 mea,
2801 5798 2949 5852 quam
2986 5791 3036 5836 ut
3075 5782 3301 5836 dimittar
3318 5799 3430 5853 ego.
3466 5782 3602 5842 Ecce
3631 5782 3721 5839 ab~
