4144 6200
320 308 420 370 163

315 424 562 496 τισμένη.
593 427 845 481 Τοιοῦτον
872 427 980 500 γάρ
1001 428 1136 492 ἐστι,
1167 430 1320 504 φησι,
1348 431 1408 485 16
1434 433 1738 506 ἁμάρτημα
1757 435 1818 488 τὸ
1845 437 1974 506 παρ’

317 511 452 581 ἐμοῦ
477 515 717 582 γεγονὸς,
763 515 840 579 ὡς
888 516 1248 588 μὴδύνασθαι
1303 519 1650 592 συγχώρησιν
1700 521 1974 588 δέξασθαι.

329 599 482 676 Ἰδοὺ,
507 602 692 672 φησὶν,
723 601 1193 676 ἐξωμολογήσατο,
1234 607 1326 660 καὶ
1359 606 1808 678 ἐξωμολογήσατο
1841 607 1982 678 μετά

320 687 520 759 πολλῆς
548 689 647 760 τῆς
674 691 958 763 ἀκριδείας
976 709 990 722 ·
1045 692 1158 748 ἀλλ’
1189 693 1340 747 οὐδὲν
1363 694 1422 748 16
1451 695 1661 766 κέρδος,
1693 695 1944 766 ἀγαπητέ
1964 709 1976 725 ·

320 773 547 845 ἄκαιρος
572 776 681 846 γάρ
717 779 750 848 ή
795 777 1196 852 ἐξομολόγησις.
1227 779 1396 834 Τοῦτο
1425 779 1532 852 γὰρ
1565 782 1729 852 ἐχρῆν
1755 782 1979 853 ποιῆσαι

322 859 380 912 ἐν
401 859 478 930 τῷ
509 863 687 936 καιρῷ
718 865 797 934 τῷ
843 865 1034 931 δέοντι,
1081 867 1170 920 ὅτε
1201 867 1424 921 δυνατὸν
1473 864 1542 938 ἧν
1575 869 1668 922 καὶ
1696 868 1795 938 τῆς
1829 868 1980 938 παρά

322 947 415 1000 τοῦ
449 947 701 1006 δικαστοῦ
729 955 910 1024 τυχεῖν
949 953 1376 1026 φιλανθρωπίας.
1425 955 1853 1026 Μνημονεύσατέ
1889 972 1980 1026 μοι

323 1032 418 1087 νῦν
439 1027 514 1089 ὧν
541 1035 644 1112 πρὸ
671 1037 868 1110 μικροῦ
897 1037 1100 1110 ἔλεγον,
1131 1041 1214 1094 ὅτι
1238 1041 1378 1104 κατά
1401 1041 1499 1112 τήν
1524 1041 1738 1112 ἡμέραν
1766 1041 1980 1111 ἐκείνην

322 1120 421 1188 τὴν
449 1110 704 1194 φοϐερὰν,
737 1125 830 1182 καὶ
858 1125 918 1182 τὸ
944 1128 1226 1198 κριτήριον
1257 1129 1432 1181 ἐκεῖνο
1455 1110 1518 1180 16
1545 1110 1860 1190 ἀδέκαστον,
1889 1110 1982 1180 καὶ

321 1207 479 1276 ήμῶν
512 1209 740 1274 ἕκαστος
785 1211 1190 1282 μεταγνώσεται
1248 1214 1341 1266 ἐπὶ
1385 1217 1498 1274 τοῖς
1551 1214 1978 1286 ἡμαρτημένοις.

324 1291 466 1362 δρῶν
497 1295 603 1364 πρὸ
630 1296 737 1350 τῶν
756 1297 1048 1374 ὀφθαλμῶν
1076 1299 1146 1352 τά
1170 1300 1376 1372 φοϐερά
1405 1301 1586 1354 ἐκεῖνα
1628 1301 1980 1370 κολαστήρια,

327 1379 418 1432 καὶ
436 1379 532 1444 τάς
560 1383 787 1447 εὐθύνας
832 1385 931 1448 τὰς
967 1387 1370 1458 ἀπαραιτήτους
1397 1403 1412 1418 ·
1436 1387 1550 1439 ἀλλ’
1585 1387 1838 1458 οὐδεμίαν
1871 1386 1982 1451 ἕξει

325 1464 424 1534 τήν
452 1465 658 1536 ὄνησιν,
684 1469 1070 1540 προδεδομένος
1101 1471 1204 1524 ὑπὸ
1223 1471 1316 1524 τοῦ
1347 1470 1556 1542 καιροῦ.

410 1551 473 1604 Ἡ
499 1553 608 1624 γὰρ
641 1556 898 1624 μετάνοια
927 1558 1057 1628 πρὶν
1086 1556 1184 1629 τὴν
1211 1558 1480 1629 τιμωρίαν
1531 1559 1831 1630 ἐπαχθῆναι
1865 1577 1984 1612 και-

327 1637 418 1708 ρὸν
446 1637 578 1708 ἔχει,
607 1641 698 1693 καὶ
728 1642 880 1717 ἰσχὺν
908 1642 1129 1712 ἄφατον.
1160 1644 1250 1716 Διὸ
1280 1645 1578 1717 παρακαλῶ
1603 1686 1618 1710 ,
1647 1648 1734 1700 ὅτε
1763 1647 1984 1700 δυνατὸν

323 1722 612 1794 ἐνεργῆσαι
653 1713 816 1798 [16η
853 1727 913 1780 τὸ
963 1713 1274 1800 θαυμαστὸν
1324 1713 1483 1784 τοῦτο
1522 1732 1830 1804 φάρμακον,
1863 1731 1984 1786 τότε

322 1808 420 1879 τὴν
437 1811 565 1881 παρ’
583 1811 746 1865 αὐτοῦ
763 1813 1026 1890 ὠφέλειαν
1047 1815 1491 1890 καρπωσώμεθα,
1513 1820 1606 1874 καὶ
1620 1819 1695 1886 ώς
1716 1819 1796 1872 ἔτι
1820 1819 1984 1889 ἐσμὲν

325 1898 382 1950 ἐν
407 1896 486 1968 τῷ
511 1899 733 1969 παρόντι
758 1901 876 1973 βίῳ,
901 1901 998 1973 τὴν
1017 1903 1125 1955 ἀπὸ
1154 1904 1250 1976 τῆς
1276 1905 1560 1974 μετανοίας
1587 1905 1828 1977 ἰατρείαν
1858 1908 1985 1959 ἐαυ-

328 1987 438 2048 τοῖς
467 1987 776 2056 ἐπάγωμεν,
810 1987 1070 2058 μαθόντες
1094 1991 1334 2062 ἀκριϐῶς
1354 1992 1429 2053 ὡς
1459 1992 1611 2046 οὐδὲν
1639 1995 1769 2062 ήμῖν
1796 1992 1988 2060 δφελος

329 2070 483 2124 ἔσται
511 2071 632 2126 τότε
651 2073 1134 2150 μεταγινώσκουσι,
1155 2076 1293 2145 μετὰ
1318 2077 1378 2128 16
1402 2077 1624 2148 λυθῆναι
1650 2073 1710 2130 16
1738 2078 1985 2150 θέατρον,

325 2161 420 2214 καὶ
450 2159 541 2213 τὸν
573 2147 680 2214 τῶν
718 2160 1106 2234 παλαισμάτων
1148 2166 1339 2237 καιρόν
1360 2147 1734 2237 ἀναιρεθῆναι.

395 2264 456 2318 δ’.
493 2265 631 2318 Ἀλλ’
661 2266 753 2319 ἐπὶ
804 2266 866 2320 τὸ
904 2267 1259 2339 προκείμενον
1295 2269 1697 2341 ἐπανέλθωμεν.
1727 2269 1854 2325 Δέον
1879 2270 1987 2342 γὰρ

327 2351 757 2424 ήνίκαιήρωτᾶτο
781 2353 926 2425 παρά
951 2354 1044 2407 τοῦ
1071 2355 1362 2424 Δεσπότου,
1394 2357 1518 2411 Ποῦ
1553 2358 1722 2412 Ἅϐελ
1753 2361 1786 2412 ὁ
1811 2359 1988 2413 ἀδελ-

324 2438 436 2506 φός
459 2453 608 2502 σου;
654 2440 773 2492 τότε
805 2440 1136 2511 ὁμολογῆσαι
1174 2442 1234 2495 16
1261 2443 1658 2515 πλημμέλημα,
1701 2445 1792 2498 καὶ
1822 2462 1989 2518 προσ-

325 2527 527 2590 πεσεῖν,
558 2529 648 2578 καὶ
675 2526 952 2598 δεηθῆναι,
981 2529 1074 2582 καὶ
1092 2528 1424 2600 συγγνώμην
1451 2531 1671 2600 αἰτῆσαι
1693 2549 1708 2562 ·
1736 2533 1764 2584 6
1784 2532 1840 2585 δὲ
1864 2532 1986 2586 τότε

329 2609 426 2678 μὲν
458 2609 554 2678 τὴν
591 2611 832 2679 ἰατρείαν
861 2611 1244 2682 ἀπεπέμψατο,
1285 2615 1402 2668 νυνὶ
1434 2615 1510 2679 δὲ,
1546 2615 1684 2686 μετά
1719 2617 1819 2686 τὴν
1853 2616 1988 2670 ἀπό-

328 2710 510 2762 φασιν,
541 2695 676 2765 μετά
698 2695 762 2748 τὸ
788 2696 972 2750 λαϐεῖν
1008 2697 1160 2762 τέλος
1202 2699 1438 2764 ἅπαντα,
1483 2702 1622 2772 μετά
1671 2702 1732 2756 τὸ
1759 2703 1986 2774 λαμπρᾷ

325 2783 391 2852 τῇ
419 2785 568 2852 φωνῇ
597 2782 694 2854 τὴν
726 2784 1058 2857 κατηγορίαν
1087 2785 1188 2838 ὑπὸ
1219 2786 1312 2840 τοῦ
1343 2788 1576 2860 αἵματος
1603 2791 1854 2858 γενέσθαι
1893 2792 1986 2844 τοῦ

327 2870 598 2938 κειμένου,
649 2871 1070 2943 ἐξομολογεῖται,
1101 2873 1194 2927 καί
1221 2875 1374 2929 οὐδὲν
1424 2875 1670 2930 ἐντεῦθεν
1697 2877 1982 2948 κερδαίνει.

323 2955 416 3008 Διὸ
445 2957 536 3012 καὶ
560 2959 589 3010 6
619 2962 900 3030 προφήτης
926 2960 1077 3029 ἔλεγε
1099 2975 1115 2992 ·
1145 2962 1378 3027 Δίκαιος
1410 2962 1629 3016 ἑαυτοῦ
1657 2962 1986 3032 κατήγορος

323 3043 394 3098 ἐν
417 3047 806 3116 πρωτολογίᾳ.
837 3047 944 3101 Καὶ
965 3039 1120 3112 οὗτος
1144 3048 1344 3113 τοίνυν,
1383 3050 1432 3102 εἰ
1465 3050 1732 3122 προέλαϐε
1766 3051 1856 3106 τὸν
1889 3052 1983 3106 τοῦ

326 3133 593 3186 Δεσπότου
625 3133 864 3204 ἔλεγχον,
893 3134 1020 3198 ίσως
1065 3133 1132 3189 ἂν
1159 3135 1362 3208 ἠξιώθη
1403 3137 1544 3201 τινὸς
1577 3137 1986 3210 φιλανθρωπίας

324 3220 412 3273 διὰ
462 3221 558 3293 τὴν
584 3221 808 3294 ἄπειρον
856 3223 948 3276 τοῦ
975 3224 1247 3280 Δεσπότω
1285 3225 1613 3297 ἀγαθότητα.
1677 3228 1842 3282 Οὐδὲν
1875 3230 1984 3301 γάρ

326 3309 472 3361 ἐστιν
493 3309 711 3381 ἀμάρτη
721 3328 816 3380 μα,
848 3311 952 3364 κᾶν
979 3311 1182 3383 σφόδρα
1225 3313 1368 3382 μέγα
1399 3310 1470 3386 ᾖ,
1503 3313 1669 3368 νικῶν
1693 3315 1857 3370 αὐτοῦ
1886 3318 1986 3388 τὴν

327 3395 750 3466 φιλανθρωπίαν,
779 3397 872 3450 ἐὰν
892 3399 1052 3467 ἡμεῖς
1080 3399 1137 3449 ἐν
1176 3397 1354 3469 καιρῷ
1381 3399 1458 3470 τῷ
1485 3400 1657 3452 δέοντι
1687 3401 1785 3469 μὲν
1823 3404 1988 3471 μετά-

326 3500 473 3536 νοιαν
494 3482 908 3553 ὲπιδειξώμεθα,
942 3484 1032 3538 καὶ¹
1064 3485 1163 3556 τὴν
1197 3487 1524 3558 συγγνώμην
1562 3487 1822 3556 αἰτῶμεν.
1877 3491 1987 3542 Kal

324 3565 464 3650 sine.
490 3569 637 3624 Κὰτν
661 3586 676 3602 ·
717 3569 936 3630 Μείζων
970 3573 1009 3639 ἡ
1042 3573 1198 3624 αιτιά
1230 3591 1348 3640 μου
1400 3573 1505 3627 τοῦ
1557 3572 1848 3641 ἀφεθῆναί
1887 3591 1984 3643 με.

339 3656 519 3728 Ἰκανὴ
548 3656 950 3727 ἐξομολόγησις,
987 3657 1101 3710 ἀλλ’
1132 3659 1377 3730 ἄκαιρος.
1414 3660 1523 3711 Καὶ
1562 3655 1735 3725 εἶπεν,
1779 3663 1846 3714 El
1896 3659 1990 3714 ἐκ·

329 3745 569 3809 ϐάλλεις
621 3760 697 3812 με
754 3742 1018 3811 σήμερον
1061 3745 1178 3798 ἀπὸ
1225 3744 1549 3812 προσώπου
1583 3745 1693 3814 τῆς
1730 3745 1860 3816 γῆς,
1891 3748 1990 3802 καὶ

278 3856 285 3863 ·
328 3831 444 3884 ἀπὸ
469 3830 574 3884 τοῦ
600 3829 922 3898 προσώπου
939 3846 1054 3884 σου
1080 3830 1472 3900 προϐήσομαι,
1493 3832 1588 3884 καί
1617 3832 1828 3902 ἔσομαι
1855 3833 1990 3888 στέ-

331 3934 451 3971 νων
481 3917 578 3972 καί
611 3916 834 3986 τρέμων
861 3917 1086 3985 ἐπὶ-τῆς
1116 3917 1254 3987 γῆς·
1285 3918 1381 3972 καί
1406 3918 1740 3996 Eata“:th
1775 3923 1808 3974 ὁ
1831 3922 1992 3988 εὑρί-

327 4021 496 4059 σκων
521 4021 619 4073 με,
648 4003 965 4058 ἀπολτενεῖ
981 4021 1075 4072 με.
1117 4005 1256 4075 Ὅρα
1279 4005 1394 4068 πῶς
1423 4005 1628 4058 ἐλεεινὰ
1651 4005 1717 4060 τὰ
1745 4009 1984 4078 ῥήματα,

328 4093 424 4146 καὶ
453 4092 541 4146 διά
565 4091 662 4164 τήν
690 4091 964 4162 ἀκαιρίαν,
995 4095 1088 4144 καί
1128 4091 1216 4144 διά
1265 4092 1327 4144 τὸ
1377 4092 1730 4162 προδεδόσθαι
1756 4095 1860 4148 ὑπὸ
1892 4095 1988 4149 τοῦ

329 4178 522 4249 καιροῦ
549 4177 802 4249 οὐδεμίαν
833 4177 931 4249 τὴν
982 4179 1134 4248 ἰσχὺν
1173 4178 1507 4250 κεκτημένα.
1567 4180 1678 4234 Καὶ
1711 4177 1883 4249 εἶπεν,
1922 4187 1990 4238 El

327 4264 638 4332 ἐκϐάλλεις
672 4280 748 4334 με
805 4264 1070 4334 σήμερον
1099 4266 1215 4319 ἀπὸ
1245 4265 1567 4334 προσώπου
1588 4266 1700 4336 τῆς
1722 4267 1854 4338 γῆς,
1889 4272 1987 4325 καί

326 4353 444 4408 ἀπὸ
469 4353 574 4408 τοῦ
595 4351 916 4422 προσώπου
937 4367 1052 4406 σου
1078 4351 1468 4421 κρυϐήσομίιι,
1499 4353 1595 4407 καί
1615 4356 1828 4423 ἔσομαι
1855 4357 1991 4412 στέ-

325 4461 446 4498 νων
473 4441 570 4496 καί
594 4441 818 4510 τρέμων
839 4439 936 4494 ἐπί
964 4439 1072 4509 τῆς
1101 4438 1216 4508 τῆς
1235 4456 1250 4472 ·
1271 4440 1368 4494 καὶ
1390 4441 1582 4506 ἔσται,
1621 4440 1739 4508 πᾶς
1770 4445 1803 4496 ὁ
1834 4446 1990 4513 8(sz-

325 4546 490 4583 σκων
511 4545 606 4598 με,
631 4525 952 4582 ἀποκτενεῖ
964 4542 1059 4595 με.
1092 4527 1153 4579 Εἰ
1173 4527 1237 4597 τῇ
1253 4529 1345 4598 γῇ,
1373 4529 1555 4598 φησὶν,
1585 4531 1989 4602 ἐπικατὰρατόν

329 4633 395 4687 με
427 4616 686 4686 ἐποίησας
711 4653 727 4677 ,
767 4611 863 4666 καὶ
895 4611 1056 4675 αύτός
1091 4629 1158 4683 με
1207 4615 1584 4685 ἀπεστράφης,
1621 4617 1714 4670 καὶ
1751 4617 1988 4692 τοσαύτῃ

323 4705 564 4774 τιμωρία
621 4701 966 4774 παρέδωκας,
1015 4699 1155 4752 ὥστε
1193 4699 1399 4753 στένειν
1433 4703 1526 4754 καὶ
1569 4703 1812 4775 τρέμειν,
1836 4706 1988 4762 οὐδὲν

324 4795 385 4847 16
413 4793 618 4846 κωλύον
655 4791 840 4845 λοιπὸν
867 4791 956 4844 τὸν
988 4792 1046 4844 ἐν
1089 4789 1296 4855 τούτοις
1321 4791 1468 4857 ὄντα,
1499 4794 1592 4846 καὶ
1633 4795 1989 4864 γυμνωθέντα

325 4881 425 4949 τῆς
470 4879 622 4950 παρά
673 4878 766 4932 σοῦ
811 4879 985 4950 ῥοπῆς
1024 4877 1129 4932 ὑπὸ
1173 4877 1267 4931 τοῦ
1317 4879 1574 4948 τυχόντος
1613 4881 1984 4953 ἀναιρεθῆναι.

325 4966 769 5037 Εύεπιχείρητος,
807 4965 992 5034 φησὶν,
1034 4965 1228 5035 ἔσομαι
1263 4965 1425 5018 παντὶ
1450 4965 1528 5035 τῷ
1561 4965 1868 5039 βουλομένῳ
1921 4987 1988 5039 με

328 5051 555 5107 ἀνελεῖν.
577 5050 714 5105 Οῦτε
744 5051 853 5122 γὰρ
881 5052 1044 5116 αὐτὸς
1080 5051 1250 5122 ἰσχύω
1271 5052 1586 5124 ἀντιστῆναι
1631 5053 1989 5126 διαλελυμένα

328 5141 397 5192 τά
427 5139 562 5209 μέλη
591 5140 920 5212 περιφέρων,
963 5140 1058 5194 καὶ
1089 5139 1422 5209 πανταχόθεν
1470 5140 1828 5210 σαλευόμενος
1849 5158 1866 5174 ·
1896 5146 1990 5198 καί¹

329 5228 390 5280 16
417 5226 612 5280 εἰδέναι
639 5227 900 5292 ἅπαντας,
923 5229 1005 5281 δτι
1033 5230 1132 5300 τῆς
1165 5227 1264 5299 σῆς
1291 5226 1614 5298 ἐγυμνώθην
1660 5228 1850 5298 ῥοπῆς,
1885 5247 1986 5282 πα-

332 5313 655 5386 ρασκευάσει
684 5315 775 5367 τὸν
811 5314 1126 5386 βουλόμενον
1154 5316 1247 5369 ἐπὶ
1282 5314 1380 5387 τὴν
1416 5314 1694 5384 ἀναίρεσιν
1721 5314 1819 5386 τὴν
1851 5317 1990 5388 ἐμὴν

327 5401 587 5474 ὁρμῆσαι.
615 5401 680 5455 Τί
725 5397 816 5456 οῦν
843 5403 872 5454 6
900 5403 1278 5474 φιλάνθρωπος
1320 5403 1414 5456 καὶ
1448 5401 1650 5471 ἀγαθὸς
1679 5403 1987 5476 Δεσπότης;

326 5489 436 5544 Kal
465 5484 633 5542 εἶπεν
659 5486 818 5552 αὑτῷ
846 5487 1060 5558 Κύριος
1095 5493 1127 5544 ὀ
1157 5490 1300 5556 Θεός
1319 5507 1333 5520 ·
1363 5491 1486 5557 Οὐχ
1513 5489 1686 5543 οὕτω.
1730 5489 1822 5560 Μὴ
1845 5491 1992 5560 νομί-

328 5593 447 5647 σῃς.
482 5576 636 5646 φησὶ,
676 5574 852 5630 ταῦτα
903 5574 1045 5629 οὕτω
1075 5575 1339 5643 γίνεσθαι.
1389 5577 1522 5630 Οὐδὲ
1569 5577 1676 5647 γὰρ
1707 5574 1881 5640 ἔξεστι
1913 5577 1990 5647 τῷ

327 5665 633 5736 βουλομένῳ
662 5680 722 5717 σε
749 5662 978 5725 ἀνελεῖν,
1007 5662 1142 5716 ἀλλά
1165 5666 1228 5734 τῇ
1259 5664 1560 5735 παρατάσει
1601 5662 1700 5732 τῆς
1725 5663 1867 5733 ζωῆς
1888 5666 1987 5734 τῆς

327 5753 427 5824 σῆς
457 5753 554 5806 καὶ
581 5752 664 5804 σοὶ
687 5751 905 5804 πλείονα
926 5749 1024 5820 τήν
1052 5749 1244 5819 ὀδύνην
1276 5751 1598 5820 ἐργάσομαι,
1617 5750 1710 5803 καὶ
1734 5749 1986 5822 διδάσκα-

326 5838 416 5893 λον
445 5837 753 5907 καταλείψω
784 5838 901 5902 ταῖς
930 5838 1008 5900 είς
1035 5835 1096 5890 16
1131 5835 1256 5907 ἑξῆς
1306 5840 1536 5904 γενεαῖς,
1590 5838 1674 5890 ἵνα
1705 5837 1736 5907 ἡ
1772 5836 1836 5907 σὴ
1889 5837 1984 5892 θέα

1470 319 1537 374 1N
1573 320 1728 377 CAP.
1765 320 1832 376 ιγ
1873 321 2118 377 GENES.
2159 323 2392 382 NOMIL.
2426 327 2569 382 XIX.

3635 320 3738 376 1θί

2085 439 2462 510 σωφρονισμδς
2507 439 2689 501 αὐτοῖς
2732 437 2976 508 γένηται,
3009 436 3105 492 καὶ
3141 437 3328 508 μηδεὶς
3347 438 3412 508 τῇ
3441 439 3506 508 σῇ
3543 435 3740 512 γνώμῃ

2079 519 2546 592 κατακολουθήσῃ.
2587 520 2695 574 Kal
2722 515 2852 573 εἷπε
2882 520 3096 590 Κύριος
3121 523 3158 574 ὁ
3199 520 3344 584 Θεός
3363 535 3376 548 ·
3411 521 3532 588 Οὐκ
3560 521 3736 576 οὕτω.

2077 601 2199 667 Πᾶς
2234 605 2268 656 ὁ
2296 604 2654 672 ἀποκτείνας
2695 604 2844 658 Κάϊν
2862 604 3012 658 ἐπτά
3043 605 3440 672 ἐκδικούμενα
3470 610 3739 672 παρα.ίὺ-

2075 700 2191 736 σει.
2225 685 2376 755 Τάχα
2409 687 2578 740 πολλά
2621 688 2692 741 τά
2728 689 3013 760 εἰρημένα,
3066 689 3159 750 καὶ
3215 688 3381 740 πολὺν
3409 688 3486 758 τῷ
3526 688 3740 760 σώματι

2075 763 2166 816 τὸν
2228 767 2472 836 κάματον
2514 769 2970 840 προεξενήσαμεν.
3034 768 3196 822 ’Δλλά
3254 770 3307 822 τί
3343 770 3526 833 πάθω;
3587 769 3736 844 [ἰθϊ]

2087 845 2262 918 ὐρῶν
2290 851 2398 921 γὰρ
2419 851 2573 921 ὑμῶν
2599 851 2696 922 τὴν
2723 853 3007 922 φιληκοΐαν
3039 852 3134 905 καὶ
3162 852 3480 922 ἀκμάζοντα
3520 854 3610 907 τὸν
3649 855 3739 908 πό-

2078 929 2168 980 θον
2195 931 2662 1004 ἐπιδεικνυμένην,
2690 933 3058 1004 βούλομαικαί
3087 937 3200 996 τοῖς
3221 933 3490 1002 λειψάνοις
3521 935 3740 1000 ἐπεξελ-

2079 1008 2212 1073 θεῖν,
2262 1013 2356 1066 καὶ
2411 1015 2553 1068 κατὰ
2579 1015 2806 1086 δύναμιν
2835 1016 2934 1087 τὴν
2962 1015 3097 1086 ἐμὴν
3139 1016 3490 1086 ἑρμηνεῦσαι.
3527 1015 3591 1068 Τί
3622 1017 3742 1070 ἐστι

2077 1091 2158 1153 τὸ,
2201 1091 2386 1148 Ἑπτὰ
2411 1095 2801 1166 ἑκδικούμενα
2827 1099 3199 1166 παραλύσει;
3239 1095 3411 1162 Ἀλλά,
3446 1096 3604 1149 πάλιν
3650 1096 3740 1149 δέ-

2079 1170 2232 1228 δοικα
2262 1175 2336 1247 μὴ
2357 1177 2434 1248 τῷ
2454 1178 2644 1250 πλήθει
2678 1179 2788 1236 τῶν
2812 1179 3117 1250 λεγομένων
3147 1179 3240 1247 καὶ
3265 1179 3362 1251 τὴν
3396 1179 3614 1250 μνήμην
3643 1196 3742 1232 κα·-

2079 1257 2415 1330 ταχώσωμεν
2449 1261 2556 1313 τῶν
2593 1263 2920 1333 εἰρημένων,
2951 1263 3042 1316 καὶ
3071 1264 3396 1333 προσκορεῖς
3430 1263 3556 1333 ὑμῖν
3585 1279 3741 1332 νομι-

2082 1337 2231 1408 σθείη
2241 1357 2340 1409 μεν
2372 1353 2419 1397 ι.
2468 1342 2605 1395 Ἀλλ’
2636 1345 2684 1396 εἰ
2710 1343 2784 1414 μὴ
2809 1343 3143 1414 ἀπεκάμετε,
3165 1343 3484 1412 ἀνάσχεσθε,
3512 1342 3603 1398 καὶ
3630 1341 3743 1396 δια-

2079 1419 2337 1486 λύσαντες
2367 1423 2428 1476 τδ
2445 1424 2800 1496 προκείμενον
2821 1425 2963 1478 οὕτω
2987 1425 3424 1494 καταπαύσωμεν
3455 1423 3738 1492 τὸνλόγον.

2081 1502 2190 1568 Kal
2228 1503 2396 1568 εἶπεν
2439 1505 2598 1570 αὐτῷ
2626 1508 2839 1576 Κύριος
2866 1510 2899 1560 ό
2927 1507 3070 1572 Θεός
3092 1521 3108 1536 ·
3159 1508 3279 1575 Οὐχ
3308 1506 3479 1560 οὕτω.
3530 1505 3656 1571 Πᾶς
3709 1510 3744 1560 ό

2081 1585 2436 1663 ἀποκτείνας
2472 1591 2623 1643 Κάϊν
2651 1590 2802 1645 ἐπτά
2825 1590 3216 1660 ὲκδικούμενα
3249 1591 3604 1658 παραλύσει.
3631 1591 3741 1648 Kal

2081 1669 2246 1724 ἔθετο
2270 1673 2484 1740 Κύριος
2504 1677 2536 1727 ὁ
2563 1673 2706 1740 Θεὸς
2742 1673 2994 1742 σημεῖον⁴
3029 1671 3110 1738 τῷ
3146 1671 3316 1735 Κάτν,
3356 1673 3462 1726 τοῦ
3495 1672 3581 1742 μὴ
3611 1674 3745 1727 ἀνε-

2081 1751 2214 1806 λεῖν
2233 1737 2421 1808 αὐτδν
2454 1737 2650 1814 πάντα
2693 1757 2800 1820 τὸν
2826 1737 3187 1824 εὐρῖσκοντα
3227 1757 3432 1822 αὐτόν.
3455 1755 3623 1808 Τοῦτο
3659 1755 3745 1808 δέ-

2081 1833 2283 1900 δοικας,
2303 1837 2452 1908 φησί,
2483 1837 2577 1890 τοῦ
2603 1837 2676 1910 μὴ
2706 1837 3084 1911 ἀναιρεθῆναις
3117 1838 3337 1910 Θάρσει,
3368 1839 3448 1892 δτι
3475 1838 3574 1890 οὐκ
3592 1837 3745 1891 ἔσται

2081 1915 2256 1970 τοῦτο.
2285 1919 2392 1971 Καὶ
2423 1919 2531 1990 γάρ
2563 1920 2591 1971 6
2619 1920 2775 1988 τοῦτο
2797 1919 3114 1990 πεποιηκὼς
3141 1920 3280 1973 ἐπτά
3313 1919 3598 1990 τιμωρίαις
3623 1921 3746 1972 ἐαυ-

2081 1998 2172 2051 τὸν
2203 1999 2500 2052 ὑπεύθυνον
2556 2002 2916 2071 καταστήσει·
2949 2001 3036 2055 διά
3067 2019 3145 2054 τοι
3179 2000 3338 2054 τοῦτο
3387 2002 3480 2054 καὶ
3519 2003 3744 2069 σημεῖον

2083 2080 2365 2150 ἐπιτίθημι
2401 2098 2500 2145 σοι,
2531 2081 2672 2134 ὥστε
2705 2083 2909 2152 μηδένα
2940 2083 3302 2150 ἀγνοήσαντα,
3347 2083 3443 2134 καὶ⁹
3491 2081 3753 2146 ἀνελόντα,

2086 2176 2167 2220 σε,
2215 2161 2512 2230 ὑπεύθυνον
2561 2162 2753 2215 ἐαυτὸν
2790 2165 2910 2225 ταῖς
2931 2163 3203 2226 τοιαύταις
3228 2161 3518 2234 τιμωρίαις
3571 2177 3745 2216 κατα·-

2086 2257 2298 2312 στησαι.

2159 2399 2222 2444 ε’.
2241 2391 2416 2452 Ἀλλά,
2429 2394 2757 2466 σαφέστερον
2773 2396 2916 2466 ὑμᾶς
2941 2397 3207 2467 προσήκει
3231 2393 3458 2460 διδάξαι,
3479 2394 3594 2458 πῶς
3609 2392 3751 2448 ἐπτά

2085 2475 2374 2546 τιμωρίαις
2403 2478 2700 2541 ὑπεύθυνος
2725 2477 2931 2546 γίνεται
2966 2481 2995 2532 6
3039 2479 3133 2533 τὸν
3161 2477 3302 2531 Κάῖν
3329 2475 3552 2531 ἀνελών.
3589 2475 3752 2530 Ἀλλὰ

2085 2558 2400 2628 προσέχετε,
2434 2559 2754 2630 παρακαλῶ.
2787 2559 2849 2616 Εἰ
2878 2561 2986 2632 γὰρ
3018 2560 3092 2632 μὴ
3125 2559 3240 2620 νῦν,
3270 2559 3524 2630 καθάπερ
3554 2561 3612 2614 ἐν
3630 2562 3748 2624 ταῖς

2085 2639 2485 2712 προλαβοῦσαις
2538 2642 2776 2716 ἡμέραις
2809 2644 3110 2714 εἰρήκαμεν
3167 2643 3426 2706 πολλάκις
3475 2643 3614 2714 πρὸς
3649 2643 3749 2712 τὴν

2085 2723 2352 2794 ὑμετέραν
2377 2725 2619 2792 ἀγάπην,
2644 2727 2731 2778 ὅτε
2759 2725 3013 2796 νηστείας
3055 2725 3246 2796 καιρὸς
3266 2765 3280 2790 ,
3332 2726 3446 2792 καὶ,
3482 2724 3750 2794 τοσαύτης

2084 2805 2324 2876 γαλήνης
2356 2807 2721 2877 ἀπολαύομεν,
2758 2808 2852 2862 καὶ
2891 2807 3300 2878 ἀπηλλαγμένοι
3332 2807 3442 2864 τῶν
3473 2807 3754 2876 λογισμῶν

2085 2885 2191 2940 τῶν
2217 2888 2591 2958 ταραττόντων
2621 2889 2776 2960 ήμῶν
2810 2889 2909 2962 τὴν
2941 2891 3211 2954 διάνοιαν,
3242 2891 3311 2946 τά
3342 2893 3408 2962 ἐν⁸
3427 2894 3548 2954 ταῖς
3576 2891 3750 2954 θεία-ις

2086 2967 2332 3040 Γραφαίς
2355 2970 2648 3040 ἐγκείμενα
2671 2973 3106 3043 κατανοήσωμεν,
3126 2973 3278 3042 μετὰ,
3294 2973 3601 3045 ἀκριϐείας,
3620 2973 3749 3026 πότε

2083 3047 2436 3121 δυνησόμεθα,
2474 3051 2646 3107 ταῦτα
2681 3053 2871 3124 μαθεῖν
2909 3055 2964 3106 ἐν
2997 3054 3168 3126 ἑτέρῳ
3204 3053 3410 3125 καιρῷς
3445 3055 3536 3123 Διὸ
3573 3071 3752 3126 παρα-

2087 3132 2256 3196 καλῶ,
2281 3135 2376 3186 καὶ
2407 3133 2616 3204 δέομαι,
2655 3135 2748 3188 καὶ
2779 3135 3065 3202 ἀντιϐολῶ,
3098 3137 3378 3213 μονονουχὶ
3405 3136 3628 3191 καὶτῶν
3659 3155 3752 3206 γο-

2083 3214 2258 3268 νάτων
2289 3215 2442 3284 ὑμῶν
2465 3217 2834 3288 καθάπτομαι,
2890 3219 3025 3288 μετά
3073 3220 3474 3291 συντεταμένης
3513 3221 3758 3285 διανοίας,

2082 3299 2194 3360 τοῖς
2219 3297 2531 3368 λεγομένοις
2569 3300 2942 3372 προσέχωμεν,
2981 3301 3066 3353 ἵνα
3099 3301 3524 3372 καρπωσάμενοί
3551 3319 3603 3354 τι
3628 3317 3750 3368 γεν-

2084 3383 2230 3432 ναῖον
2264 3380 2358 3432 καὶ
2389 3379 2613 3450 ὑψηλὸν,
2647 3379 2817 3443 οὕτως
2871 3381 3053 3433 οἴκαδε
3104 3381 3505 3451 ἐπανέλθωμεν.
3565 3382 3630 3434 Τί
3655 3379 3750 3435 οὖν

2084 3462 2202 3514 ἐστι
2229 3461 2310 3524 16,
2358 3461 2542 3513 Ἑπτὰ
2566 3461 2956 3530 ἐκδικούμενα
2986 3464 3362 3528 παρα.1ὐσει;
3394 3463 3614 3534 Πρῶτον
3651 3461 3750 3528 μὲν

2085 3546 2114 3596 6
2137 3544 2245 3596 τῶν
2273 3543 2412 3596 ἐπτά
2433 3543 2662 3612 ἀριθμὸς
2691 3543 2784 3594 ἐπὶ
2816 3543 3053 3612 πλήθους
3076 3543 3409 3614 λαμϐάνεται
3447 3547 3504 3597 ἐν
3529 3548 3595 3616 τῇ
3630 3545 3751 3616 θείᾳ

2087 3627 2201 3694 Γρα
2219 3669 2226 3690 ,
2245 3627 2301 3694 ᾗ,
2321 3623 2591 3676 καὶτοῦτο
2613 3623 2878 3693 πολλαχοῦ
2899 3623 3048 3694 εῦροι
3064 3641 3145 3686 τις
3165 3625 3231 3678 ἂν
3253 3626 3392 3680 οὕτω
3423 3628 3669 3696 κείμενον
3696 3629 3748 3691 ιι,

2087 3706 2163 3770 ὡς
2193 3705 2275 3768 τὸ,
2308 3705 2516 3772 Era/pa
2547 3705 2753 3758 ἔτεκεν
2783 3705 2952 3768 ἔπτὰ,
2989 3705 3084 3758 καὶ
3110 3705 3210 3760 ὅσα
3237 3707 3476 3760 τοιαῦτα.
3512 3708 3753 3761 Αίνίττε-

2086 3805 2176 3842 ται
2207 3789 2263 3842 δέ
2291 3790 2423 3858 ἡμῖν
2446 3786 2678 3840 ἐνταῦθα
2702 3787 2795 3840 τοῦ
2819 3787 3261 3864 τολμήματοςτὸ-
3276 3789 3522 3859 μέγεθος,
3553 3791 3646 3844 καὶ
3668 3792 3751 3844 ὃτι

2087 3873 2184 3940 οὐχ
2209 3871 2267 3926 ἓν
2299 3874 2414 3924 ἐστι
2441 3871 2502 3924 τὸ
2539 3872 2840 3940 ἁμάρτημα
2879 3871 2940 3923 τὸ
2974 3873 3103 3942 παρ’
3131 3873 3336 3924 ἐκείνου
3363 3873 3603 3941 γεγονὸς,
3633 3874 3752 3926 ἀλλ’

2088 3955 2228 4009 ἐπτὰ
2262 3956 2635 4025 ἁμαρτήματα
2661 3993 2678 4016 ,
2735 3955 2828 4006 καὶ
2864 3955 3106 4024 μεγάλην
3143 3955 3227 4022 ἐφ’
3263 3956 3477 4026 ἑκάστῳ
3507 3957 3753 4026 ἁμαρτή-

2091 4056 2221 4110 ματι
2273 4037 2372 4110 τὴν
2403 4036 2670 4107 τιμωρίαν
2729 4035 2960 4107 ὠφειλεν
2991 4038 3266 4108 ὑποσχεῖν.
3327 4037 3446 4100 Πῶς
3475 4036 3568 4092 οὖν
3613 4037 3752 4092 αὐτὰ

2089 4121 2617 4195 ἀπαριξμησόμεθας
2671 4122 2734 4174 Εί
2782 4119 2940 4174 τοῦτο
2990 4119 3339 4190 λογισόμεθα·
3389 4121 3622 4192 πρῶτον,
3668 4121 3751 4173 δτι

2089 4204 2356 4273 ἐϐάσκηνε
2379 4202 2456 4274 τῷ
2485 4201 2696 4272 ἀδελφῷ
2719 4201 2808 4254 διά
2831 4201 2927 4272 τὴν
2949 4199 3162 4254 εὔνοιαν
3185 4201 3280 4271 τὴν
3302 4201 3452 4271 παρά
3473 4199 3566 4253 τοῦ
3589 4199 3748 4253 Θεοῦ·

2087 4287 2224 4356 ὅπερ
2272 4285 2364 4338 καὶ
2425 4285 2582 4355 μόνον
2632 4283 2830 4355 προσὸν
2882 4283 3064 4337 ἰκανὸν
3111 4278 3178 4352 ἦν
3211 4282 3359 4353 αύτῷ
3391 4283 3482 4335 τὸν
3531 4281 3753 4352 ὄλεθρον

2089 4369 2418 4440 ἐπαγαγεῖν·
2453 4367 2726 4439 δεύτερον,
2749 4365 2831 4421 ὅτι
2865 4367 2957 4420 τὸν
2993 4367 3122 4420 ἴδιον
3156 4365 3416 4435 ἀδελφόν·
3447 4365 3646 4435 τρίτον,
3669 4365 3754 4418 ὅτι

2087 4450 2236 4504 δόλον
2265 4449 2468 4521 ἐρῥαψε
2486 4465 2498 4479 ”
2521 4449 2800 4520 τέταρτον,
2819 4449 2901 4502 δτι
2920 4448 3008 4501 τὸν
3036 4448 3194 4518 φόνον
3223 4447 3426 4518 ἔπραξε
3444 4447 3755 4518 ’.πέμπτοη

2089 4535 2171 4586 δτι
2207 4534 2298 4586 τὸν
2329 4531 2556 4602 ἀδελφὸν
2588 4533 2876 4600 ἐφόνευσεν
2897 4549 2909 4562 ·
2943 4531 3120 4594 ἕκτον,
3155 4533 3256 4600 δτι,
3285 4531 3499 4601 πρῶτος
3529 4531 3620 4582 16v
3655 4529 3753 4598 φό-

2088 4631 2178 4670 νον
2212 4625 2234 4652 ο
2263 4613 2585 4686 εἰργάσατο·
2611 4613 2858 4682 ἕϐδομον,
2879 4613 2958 4665 δτι
2982 4611 3072 4664 τὸν
3100 4611 3231 4663 Θεὸν
3252 4611 3536 4678 ἐψεύσατο.
3566 4613 3754 4680 Παρη-

2090 4696 2451 4766 κολουθήσατε
2486 4698 2600 4758 τοῖς
2654 4696 2918 4766 ῥηθεῖσιν,
2973 4692 3005 4761 ἦ
3061 4691 3312 4759 βούλεσθε
3351 4690 3558 4744 ἄνωθεν
3611 4691 3754 4745 αύτά

2091 4779 2250 4832 πάλιν
2283 4775 2812 4848 ἀπαριθμησώμεθα,
2835 4774 2920 4825 ἵνα
2949 4774 3123 4843 εἰδῆτε
3151 4771 3268 4834 πῶς
3295 4771 3520 4824 ἕκαστον
3549 4771 3752 4823 τούτων

2091 4863 2184 4916 καὶ
2221 4861 2380 4932 μόνον
2419 4859 2600 4911 ἱκανὸν
2628 4853 2694 4927 ἦν
2721 4856 2820 4925 τῆς
2849 4855 3110 4924 μεγίστης
3143 4854 3302 4906 αὑτὸν
3327 4853 3556 4916 ἀξιῶσαι
3583 4871 3754 4922 τιμω-

2094 4945 2250 5016 ρίας;
2279 4942 2374 5004 Τίς
2407 4941 2514 5010 γὰρ
2547 4940 2610 4992 ἂν
2643 4937 2892 5002 ἀξιώσειε
2927 4933 3253 5006 συγγνώμης
3289 4937 3380 4988 16v
3408 4935 3752 5006 βασκήναντα

2089 5028 2168 5098 τῷ
2197 5023 2518 5078 ἀπολαύοντι
2549 5021 2648 5091 τῆς
2683 5019 2834 5092 παρά
2865 5019 2958 5072 τοῦ
2991 5018 3124 5072 Θεοῦ
3167 5019 3411 5083 εὐνοίας;
3466 5019 3596 5071 Ἰδοὺ
3653 5018 3753 5087 μία

2091 5095 2184 5164 καὶ
2203 5095 2430 5179 μεγίστη
2447 5105 2547 5158 καὶ
2573 5104 2949 5172 ἁσύγγνωστος
2981 5102 3241 5173 ἁμαρτία.
3273 5101 3439 5153 Πάλιν
3465 5099 3602 5167 αῦτη
3636 5102 3754 5170 μεί-

2091 5195 2199 5258 ζων
2233 5191 2545 5254 δείκνυται,
2580 5189 2706 5242 ὅταν
2761 5187 2986 5255 ἀδελφὸς
3037 5181 3128 5259 ᾖό
3181 5184 3622 5254 βασκαινόμενος,
3661 5185 3753 5238 καὶ

2095 5275 2262 5346 μηδὲν
2315 5271 2606 5342 ἠδικηκώς.
2650 5270 2779 5324 Ἰδοὺ
2813 5270 2906 5322 καὶ
2962 5268 3098 5338 αῦτη
3132 5267 3290 5318 πάλιν
3326 5266 3424 5334 ούχ
3446 5268 3478 5333 ἡ
3515 5265 3751 5335 τυχοῦσα

2093 5355 2356 5426 ἁμαρτία.
2385 5353 2551 5424 Τρίτη
2570 5353 2846 5414 πάλιν,ὄτι
2868 5351 3016 5404 δόλον
3038 5349 3272 5420 έρῥαψεν
3299 5348 3748 5420 ἀπατήσαέμϐθ]

2090 5444 2183 5498 τὸν
2216 5441 2462 5509 ἀδελφὸν,
2484 5441 2577 5494 καὶ
2604 5438 2833 5501 ἑλκύσας
2866 5440 2943 5500 εἰς
2969 5437 3030 5490 16
3059 5436 3256 5499 πεδίον,
3283 5436 3376 5488 καὶ
3425 5435 3545 5488 οὐδὲ
3575 5436 3745 5507 αύτὴν

2091 5533 2188 5604 τὴν
2212 5531 2372 5600 φύσιν
2397 5527 2678 5589 αἰδεσθείς.
2709 5527 2974 5597 Τέταρτον
2993 5524 3294 5596 ἁμάρτημα
3327 5523 3487 5594 αὐτὸς
3506 5524 3536 5575 6
3566 5523 3741 5593 φόνος,

2161 5724 2183 5752 ³
2211 5719 2345 5768 l'nus
2364 5714 2734 5782 galquoqxopﬁ;
2753 5711 2862 5782 ξιμῖν
2881 5711 3108 5782 γένωμαι.
3174 5710 3204 5750 ι’
3228 5713 3348 5782 βεδε.
3373 5726 3515 5782 fmus,
3535 5712 3748 5782 Cplhert.

2095 5795 2221 5830 unus
2262 5788 2316 5828 el
2351 5775 2516 5833 Savili
2545 5775 2706 5837 05103:
2731 5775 2984 5836 εἰρημένον.
3015 5775 3155 5824 Alius
3194 5775 3342 5830 οὕτως
3368 5775 3749 5837 ἑρμηνευόμενον.

2095 5849 2116 5873 ε
2144 5844 2250 5892 Duo
2284 5854 2396 5890 mss.
2420 5848 2473 5888 et
2495 5837 2644 5889 Savil.
2667 5836 2748 5884 τὸν
2779 5837 2988 5882 θάνατον.
