4144 6200
380 338 485 396 165

374 451 437 505 δν
466 454 758 525 εἰργάσατο
785 469 829 507 ι.
866 456 1140 530 Πέμπτον,
1167 462 1251 516 ὅτι
1278 464 1505 534 ἀδελφὸν
1529 468 1785 538 ἐφόνευσε
1817 470 1906 523 τὸν
1943 472 2042 536 τὰς

382 543 553 605 αὐτὰς
571 544 720 614 αὐτῷ
754 545 992 603 λύσαντα
1037 549 1253 619 ὠδῖνας.
1307 554 1528 620 Ἕκτον,
1553 557 1635 611 ὃτι
1683 559 1897 630 πρῶτος
1951 563 2043 614 τοῦ

377 628 538 697 φόνου
573 631 643 718 16
683 628 821 697 εἶδος
854 636 1190 707 εἰσήνεγκεν.
1221 640 1507 712 Ἕϐδομον,
1562 645 1643 697 ὅτι
1692 628 2045 718 ἐρωτώμενος

376 714 526 784 παρά
561 717 655 771 τοῦ
686 719 1165 790 Θεοῦ,ψεύσασθαι
1199 726 1517 799 ἐτόλμησεν.
1550 731 1609 784 '0
1642 714 1839 798 τοίνυν,
1856 714 2041 804 φησὶν,

375 802 585 857 ἀνελεῖν
617 822 675 858 σε
702 808 1077 881 ἐπιχειρήσας,
1106 813 1244 866 ἑπτὰ
1269 816 1559 886 τιμωρίαις
1588 819 1777 871 ἑαυτὸν
1811 821 2045 874 ὑπεύθυ-

374 905 464 942 νον
496 895 851 964 καταστήσει.
884 896 976 968 Μὴ
1009 898 1189 952 τοίνυν
1222 899 1410 954 δείδιθι
1441 903 1616 958 τοῦτο.
1652 906 1782 960 Ἰδοὺ
1812 908 1917 980 γὰρ
1951 909 2045 961 καὶ

376 979 602 1047 σημεῖον
634 979 919 1052 ἐπιτίθημί
944 1001 1045 1048 σοι,
1069 984 1209 1038 ὥστε
1235 987 1434 1057 μηδένα
1453 990 1561 1043 τῶν
1591 979 1950 1063 εὑρισκόντων
1986 1012 2044 1048 σε

375 1062 661 1134 ἀγνοῆσαι.
701 1068 764 1120 Ἠ
798 1069 908 1140 γάρ
944 1071 1123 1142 πάσης
1152 1076 1251 1144 τῆς
1295 1072 1441 1146 ζωῆς
1474 1095 1564 1131 σου
1601 1062 1852 1151 πάρεσις,
1890 1083 2042 1136 λυσι·

373 1150 536 1222 τελὴς
580 1152 732 1207 ἔσται
782 1159 902 1219 ταῖς
935 1159 1074 1227 μετά
1111 1160 1281 1214 ταῦτα
1311 1168 1544 1230 γενεαῖς,
1594 1150 1689 1220 καῖ
1719 1169 1854 1240 ὅπερ
1886 1171 2046 1240 μόνος

379 1236 604 1324 μηδενὸς
653 1242 920 1313 παρόντος
975 1244 1237 1317 ἔπραξας,
1282 1249 1440 1304 τοῦτο
1465 1252 1793 1324 μαθήσονται
1825 1236 2044 1321 πάντες

374 1321 609 1413 δρῶντές
638 1343 697 1379 σε
725 1329 977 1384 στένοντα
994 1332 1088 1385 καὶ
1110 1335 1400 1405 τρέμοντα.
1420 1321 1513 1392 καὶ
1536 1321 1817 1413 μονονούχὶ
1841 1342 2045 1413 βοῶντα

375 1408 464 1463 διά
498 1411 593 1465 τοῦ
619 1414 827 1485 τρόμου
856 1416 949 1470 τοῦ
974 1422 1309 1489 σωματικοῦ,
1341 1426 1434 1478 καί
1464 1427 1600 1480 πᾶσι
1640 1428 2043 1500 διαλεγόμενον,

376 1495 473 1587 καί
495 1496 722 1587 λέγοντα
751 1501 779 1541 ι)
805 1517 817 1530 ·
854 1503 1039 1574 μηδεὶς
1065 1506 1248 1576 ἕτερος
1272 1511 1496 1566 τοιαῦτα
1522 1514 1766 1587 τολμήσῃ
1786 1495 1813 1578 ,Ἴ
1846 1495 2043 1587 οἷάπερ

382 1582 515 1651 ἐγὼ,
556 1586 645 1640 ἵνα
676 1586 750 1659 μὴ
778 1589 1036 1662 τοιαύτην
1067 1591 1283 1663 δέξηται
1308 1600 1577 1671 τιμωρίαν
1609 1582 1656 1655 έ.

450 1710 526 1768 ς’.
546 1705 731 1794 Ταῦτα
754 1709 1061 1777 ἀκούοντες,
1098 1714 1388 1788 ἀγαπητοὶ,
1408 1719 1481 1791 μὴ
1498 1721 1680 1786 ἁπλῶς
1700 1740 1774 1775 πα
1781 1739 1879 1794 ρατ
1889 1724 2049 1794 ρέχωο

379 1805 481 1880 μεν
506 1791 574 1845 τά
620 1794 904 1865 εἰρημένα,
939 1799 1073 1869 μηδέ
1103 1801 1258 1856 τοῦτο
1313 1805 1471 1874 μόνον
1508 1791 1815 1880 σκοπῶμεν,
1844 1791 1899 1863 εί.
1925 1791 2045 1863 καθ’

375 1875 610 1967 ἐκάετπν
653 1881 883 1936 ἐνταῦθα
936 1888 1317 1958 συνερχόμενοι
1362 1875 1737 1965 πνευματικῆς
1771 1895 2048 1967 τραπέζης

374 1960 722 2052 ἀπολαύομεν
744 1983 759 2000 ⁸
801 1969 952 2023 οὐδὲν
1003 1973 1111 2044 γὰρ
1167 1974 1356 2044 ὄφελος
1384 1960 1844 2051 τῆςνάκροάσεως
1879 1960 2047 2052 μόνης

376 2046 506 2100 ἄνευ
536 2050 633 2121 τῆς
651 2051 736 2105 διὰ
763 2055 871 2108 τῶν
898 2056 1074 2128 ἔργων
1102 2060 1364 2133 ὑπακοῆς.
1407 2046 1545 2118 Ἀλλ’
1564 2046 1867 2131 ἐννοοῦντες
1880 2046 2046 2122 πόθεν

376 2136 458 2197 εἰς
484 2138 689 2208 ταύτην
707 2140 805 2213 τὴν
834 2142 1217 2213 ἀσύγγνωστον
1245 2151 1341 2202 καὶ
1369 2151 1607 2224 χαλεπὴν
1632 2154 1907 2226 ἁμαρτίαν
1930 2172 2049 2209 συνο

377 2222 599 2312 ήλασεν)
627 2228 815 2283 ἑαυτὸν
870 2234 898 2285 6
948 2234 1106 2297 ἰιὶάῐν,
1154 2238 1247 2290 καὶ
1280 2239 1359 2291 ὅτι
1395 2240 1502 2292 ἀπὸ
1530 2222 1622 2293 τοῦ
1662 2222 1928 2312 φθονῆσαι
1956 2245 2045 2297 τὸν

379 2309 501 2400 μηδ’
535 2311 669 2376 ὅλως
695 2317 859 2370 αὐτὸν
892 2319 1147 2390 ἀδικῆσαί
1179 2340 1308 2376 ποτε
1336 2309 1775 2398 ἐπιχειρήσαντα,
1811 2309 1909 2400 τὴν
1932 2347 2045 2383 τοι-

380 2394 549 2469 αύτην
604 2400 909 2471 εἴσπραξιν,
970 2406 1170 2476 μᾶλλον
1221 2409 1276 2462 δὲ
1329 2394 1608 2483 ἀναίρεσιν
1651 2415 1731 2478 εἰς
1773 2394 1877 2467 τὸν
1917 2415 2045 2467 ἴδιον

376 2482 605 2571 ἀδελφὸν
633 2489 954 2562 τετόλμηκε,
1001 2494 1075 2565 μὴ
1108 2494 1169 2548 τὸ
1202 2495 1386 2560 κακῶς
1412 2482 1722 2569 φεύγωμεν,
1750 2501 1886 2554 ἀλλὰ
1920 2502 2049 2571 μᾶλ-

376 2568 468 2623 λον
512 2573 572 2626 τὸ
620 2576 806 2640 κακῶς
859 2580 1065 2651 ἑτέροις
1110 2582 1439 2654 διατεθῆναι.
1479 2568 1714 2649 Ἐκεῖνος
1745 2586 1853 2658 γάρ
1898 2568 2045 2640 ἐστιν

376 2656 546 2722 ὅντως
575 2661 604 2714 6
636 2662 821 2726 κακῶς
850 2666 1151 2732 πεπονθὼς,
1186 2669 1214 2720 6
1243 2670 1335 2723 τὸν
1368 2669 1593 2742 πλησίον
1628 2656 1830 2727 ἑαυτοῦ
1852 2692 2047 2746 κατερ-

376 2745 638 2812 γάζεσθαι
684 2748 1021 2821 βουλόμενος.
1062 2756 1186 2808 Καὶ
1240 2756 1325 2809 ἴνα
1369 2757 1546 2829 μάθῃς
1580 2759 1662 2812 ὅτι
1711 2760 1868 2813 τοῦτό
1900 2745 2045 2815 ἐστιν

376 2832 595 2901 ἀληθὲς,
626 2835 728 2906 ὅρα
777 2854 866 2908 μοι
898 2839 1148 2907 ἐνταῦθα,
1181 2842 1267 2905 τίς
1299 2846 1444 2897 ἐστιν
1469 2848 1496 2898 6
1526 2846 1712 2910 κακῶς
1739 2848 2043 2914 πεπονθὼς,

374 2920 405 3002 6
435 2919 660 2985 ἀνελὼν,
702 2924 734 2993 ἢ
770 2925 800 2977 6
846 2925 1183 2997 ἀναιρεθείς;
1218 2930 1386 3001 Δῆλον
1416 2933 1496 2985 δτι
1534 2934 1562 2985 6
1586 2934 1810 2988 ἀνελών.
1837 2935 1934 2989 Διά
1954 2937 2004 2989 τί
2030 2953 2044 3002 ;

377 3001 500 3058 Ὅτι
544 3007 574 3059 6
615 3007 714 3078 μὲν
765 3010 1070 3082 ἀναιρεθεὶς
1108 3016 1392 3089 καὶμέχρι
1430 3019 1522 3073 τοῦ
1557 3021 1651 3075 νῦν
1680 3021 1864 3092 ᾅδεται
1895 3001 2046 3094 παρά

373 3095 484 3155 τοῖ,
508 3094 763 3150 ἁπάντων
785 3099 1033 3169 στόμασι,
1057 3103 1150 3155 καὶ
1166 3105 1618 3177 ἀνακηρύττεται,
1638 3109 1732 3163 καὶ
1761 3110 2048 3178 στεφανοῦο

373 3195 485 3241 ται,
514 3181 591 3244 ὡς
619 3182 715 3254 τῆς
765 3184 1019 3255 ἀληθείας
1051 3191 1467 3262 πρωτόμαρτυς,
1501 3193 1750 3266 καθάπερ
1784 3198 1916 3268 φησί
1953 3199 2047 3252 καὶ

373 3265 406 3319 6
447 3268 713 3338 μακάριος
754 3269 996 3337 Παῦλος·
1041 3274 1377 3331 Ἆποθανὼν
1417 3281 1586 3335 Ἅϐελ
1627 3265 1943 3338 ἕτιλαλεῖ.
1987 3285 2046 3338 'O

374 3351 433 3443 δέ
460 3353 662 3409 ἀνελὼν
692 3358 786 3410 καὶ
820 3358 939 3412 τότε
976 3361 1075 3431 μὲν
1113 3363 1468 3439 ἐλεεινότερον
1498 3368 1713 3423 πάντων
1745 3370 2046 3443 ἀνθρώπων

376 3437 493 3509 βίον
524 3441 639 3513 ἔζη,
674 3445 811 3514 μετά
833 3446 888 3500 δὲ
917 3448 1089 3502 ταῦτα
1122 3452 1271 3521 παρὰ
1298 3437 1514 3508 πάντων
1541 3458 1659 3519 ταῖς
1690 3437 2046 3529 κατηγορίαις

377 3527 650 3597 βάλλεται,
683 3532 776 3585 καὶ
812 3533 887 3596 ὡς
922 3534 1204 3604 βδελυκτὸς
1242 3540 1393 3609 παρά
1424 3541 1499 3611 τῷ
1530 3542 1648 3614 Θεῷ
1677 3545 1770 3597 καὶ
1800 3527 2045 3616 κατηρα-

379 3616 537 3685 μένος
569 3617 672 3671 ὑπὸ
714 3618 816 3689 τῆς
853 3620 1002 3685 θείας
1061 3623 1283 3695 Γραφῆς
1324 3627 1915 3700 παραδειγματίζεται·
1951 3634 2045 3686 καὶ

373 3705 543 3758 ταῦτα
578 3706 677 3776 μὲν
706 3707 764 3760 ἐν
793 3707 868 3779 τῷ
920 3711 1146 3781 παρόντι
1174 3712 1266 3765 καὶ
1306 3717 1796 3789 συγκαταλυομένῳ
1821 3720 1919 3791 βίῳ
1938 3737 1953 3751 ·
1976 3722 2043 3775 τά

372 3790 431 3844 δὲ
459 3793 515 3845 ἐν
535 3791 613 3862 τῷ
637 3794 882 3864 μέλλοντι
902 3796 1057 3851 αἰῶνι
1075 3799 1381 3869 ἀπαντῆσαι
1403 3803 1729 3875 ἀμφοτέροις
1741 3790 2042 3874 ὀφείλοντα,

376 3879 472 3932 καί⁸
497 3880 846 3951 καταλλήλως
866 3881 1080 3955 ἑκάστῳ
1107 3886 1206 3955 τῆς
1238 3886 1434 3940 ἐαυτοῦ
1468 3889 1720 3959 πράξεως
1747 3893 2044 3947 ἀπολαϐεῖν

375 3966 533 4035 παρὰ.
555 3965 649 4019 τοῦ
676 3966 884 4021 δικαίου
915 3970 1124 4038 κριτοῦ,
1150 3972 1234 4036 τίς
1265 3972 1421 4042 λόγος
1450 3976 1797 4048 παραστῆσαι
1826 3980 2047 4051 δυνήσει-

372 4068 490 4117 ται,
521 4052 555 4125 ἢ
585 4054 654 4108 τά
690 4055 888 4125 ἀγαθά,
923 4057 956 4129 ἢ
995 4059 1064 4113 τά
1096 4061 1347 4127 ἐναντίας
1383 4062 1496 4115 Οὐκ
1522 4063 1668 4117 ἐστιν
1690 4066 1884 4131 οὐδεὶς,
1920 4067 2043 4123 οὒτε

373 4140 444 4193 τά
469 4143 699 4213 χρηστὰ,
724 4143 847 4198 οὕτε
883 4147 950 4200 τὰ
975 4146 1213 4220 λυπηρά.
1244 4149 1352 4203 Καὶ
1390 4151 1497 4223 γὰρ
1529 4154 1734 4208 ἐκεῖνον
1762 4156 1860 4226 μὲν
1889 4159 1921 4227 ή
1953 4157 2047 4228 βα-

377 4228 549 4281 σιλεία
601 4230 708 4284 τῶν
749 4233 1010 4303 οὐρανῶν,
1045 4235 1139 4289 καὶ
1190 4235 1397 4291 αἰώνιοι
1430 4240 1647 4309 σκηναὶ,
1694 4243 1787 4294 καὶ
1817 4245 1864 4296 οί
1894 4246 2045 4315 χοροὶ

376 4317 749 4387 πατριάρχῶν,
782 4321 1077 4390 προφητῶν
1122 4339 1181 4375 τε
1216 4324 1310 4377 καὶ
1336 4325 1667 4397 ἀποστόλων,
1704 4328 1798 4382 καὶ
1828 4331 2042 4385 πάντων

373 4400 482 4453 τῶν
525 4402 695 4469 ἁγίων
749 4402 778 4442 ά
830 4405 1016 4475 ὅμιλος
1046 4407 1390 4471 ὑποδέξονται
1435 4412 1929 4479 συμϐασιλεύσοντα
1964 4420 2043 4481 εἰς

373 4486 576 4550 αἰῶνας
606 4487 993 4559 ἀτελευτήτους
1019 4492 1098 4562 τῷ
1138 4493 1348 4563 βασιλεῖ
1376 4498 1593 4570 Χριστῷ
1627 4501 1821 4572 Ἰησοῦ,
1850 4502 1927 4574 τῷ
1946 4504 2040 4557 τοῦ

373 4570 525 4646 [170]
560 4574 694 4629 Θεοῦ
728 4582 1007 4648 μονογενεῖ
1039 4580 1151 4652 Υίῷ
1188 4581 1280 4635 καὶ
1313 4583 1431 4655 Θεῷ
1456 4602 1470 4616 ο
1494 4570 1823 4660 τοῦτοντδὲή
1851 4570 2042 4658 γέεννα

371 4665 467 4720 τοῦ
506 4667 675 4739 πυρὸς
708 4671 800 4724 καὶ
843 4671 912 4724 τά
951 4672 1084 4727 ἄλλα
1125 4674 1337 4729 ἅπαντα
1378 4677 1617 4731 ἀθάνατα
1649 4678 2042 4753 βασανιστήρια

370 4752 700 4821 διαδέξονται
722 4759 800 4823 εἰς
830 4758 1033 4826 αἰῶνας
1081 4762 1416 4834 ἀπεράντους
1440 4766 1869 4836 τιμωρούμενον,
1901 4752 2039 4838 μετά

372 4842 467 4894 καὶ
493 4843 707 4898 πάντων
730 4846 834 4899 τῶν
863 4847 931 4901 τὰ
964 4850 1319 4921 παραπλήσια
1351 4851 1498 4921 αὐτῷ
1543 4854 1917 4924 πεπραχότων,
1947 4857 2041 4910 καὶ

376 4930 608 4999 μάλιστα
630 4934 752 4998 τοὺς
790 4936 929 5005 μετά
962 4937 1133 4991 ταῦτα
1155 4942 1269 5002 τοῖς
1298 4938 1593 5009 αἰσχίστοις
1625 4939 1851 4995 πάθεσιν
1888 4943 2039 4996 ἁλόν-

371 5034 491 5082 τας,
553 5019 663 5090 ὅσῳ
711 5022 805 5073 καί
839 5023 1042 5091 μείζων
1082 5026 1114 5093 ή
1153 5026 1392 5096 τιμωρία
1421 5027 1571 5098 παρά
1602 5027 1694 5080 τοῦ
1727 5028 1904 5081 κοινοῦ
1943 5031 2037 5083 Δε-

374 5104 572 5159 σπότου
633 5107 943 5177 ἐκφέρεται.
981 5110 1177 5162 Ἀκουε
1226 5112 1332 5182 γὰρ
1374 5112 1467 5165 τοῦ
1523 5114 1790 5186 μακαρίου
1826 5116 2037 5171 Παύλου

370 5191 652 5260 λέγοντος·
701 5194 872 5248 Ὅσοι
894 5196 1004 5264 γὰρ
1064 5198 1299 5266 ἀνόμως
1343 5199 1627 5269 ἥμαρτον,
1677 5203 1911 5272 ἀνόμως
1939 5204 2039 5259 καί

369 5279 743 5334 ἀπολοῦνται
763 5297 776 5311 ·
800 5284 1097 5348 τουτέστιν,
1128 5284 1494 5358 ἐλαφροτέραν
1522 5290 1915 5363 ὑποστήσονται
1938 5291 2036 5363 τὴν

432 5444 682 5519 ἦςοὶεἰξη.
708 5449 734 5497 6
758 5450 1028 5519 είργάσατο,
1057 5454 1138 5519 καί
1159 5457 1190 5512 ἡ
1215 5455 1357 5519 μανία
1376 5457 1441 5519 εἰς
1464 5455 1546 5504 τὸν
1565 5458 1684 5505 ἰδιον
1706 5455 1921 5519 ἀδελφόν.
1955 5457 2035 5505 ln-

369 5505 449 5580 ξιξ
459 5509 587 5556 idem
604 5505 886 5580 611110616:
911 5505 1157 5580 τὸν-φόνον
1180 5505 1263 5565 καὶ
1279 5518 1360 5565 τὸν
1380 5505 1530 5580 βίαιον
1552 5520 1745 5580 θάνατον
1763 5505 2028 5579 εἰσήγαγεν,

367 5567 584 5640 εεδρμηγο
602 5568 629 5607 ιι
642 5567 844 5640 δεξειίεω
857 5567 973 5640 εοεις.
989 5567 1317 5640 διαλεγομένου
1335 5567 1656 5639 κάἱλέγοντος.
1671 5582 1695 5612 ο
1709 5567 2033 5640 (ῖοίεῖιὶὲιεὶιμὲ

367 5630 522 5712 οοξίηκ
548 5632 623 5703 [va
651 5630 972 5712 Effugémv‘
995 5630 1189 5712 δέξηται
1204 5640 1469 5712 τιμωρίαν..
1488 5630 2031 5712 ἰξύχαριστησωμενβοῦν

468 5693 604 5763 ἡμεῖς
618 5691 687 5756 τῷ
713 5695 873 5763 ἀγαθῷ
895 5691 975 5763 κξοιὶ
997 5691 1303 5763 φιλανθρὼπῷ
1322 5691 1429 5763 εξεῷ
1445 5691 1601 5763 ἡμῶν,
1623 5691 1694 5749 ὅτι
1714 5691 2027 5763 αύτῷ’πρέπει

366 5749 496 5821 δόξα,
521 5749 937 5834 κράτος,τὶμῆκῇ
961 5749 1295 5834 προσκύνησις,
1318 5749 1501 5834 νῦιο’κάἰ
1521 5749 1609 5834 ἀεί,
1635 5764 1715 5834 καὶ
1741 5749 1933 5834 είς-’τοῦς
1951 5764 2031 5812 αἰ·-

367 5814 490 5881 ὧνμς
520 5814 618 5881 τῶν
648 5814 847 5881 αίώνων
890 5814 1054 5881 Ἀμήν.
1092 5814 1386 5871 lulémiédia
1412 5814 1607 5871 desunt;
1673 5821 1701 5861 (ι
1739 5814 1872 5872 (ζόη).
1901 5814 2024 5874 tinus

367 5874 448 5921 καὶ
476 5880 567 5931 πᾶς
597 5878 624 5923 6
646 5878 739 5924 τῶν
769 5879 931 5938 ἁγίων.

1157 347 1213 402 S.
1245 348 1531 405 JOANNIS
1564 349 2056 412 CHRYSOSTOMI
2098 359 2414 418 ARCHIEP.
2446 362 2991 426 CONSTANTINOP.

3711 373 3814 430 i66

2146 478 2433 550 τιμωρίαν,
2488 480 2574 536 διὰ
2609 484 2671 537 16
2707 485 2781 558 μὴ
2823 486 2966 557 ἐχειν
3010 486 3231 556 ἔλεγχον
3263 487 3360 558 τὴν
3389 498 3414 527 ο
3441 488 3503 542 ἐκ
3530 488 3622 542 τοῦ
3648 490 3819 560 νόμου

2148 562 2369 635 ἀπειλήν
2405 583 2465 619 τε
2504 569 2596 622 καί
2620 570 2931 640 διόρθωσιν·
2964 572 3069 626 Καὶ
3098 572 3230 626 ὅσοι
3246 573 3317 627 ἐν
3341 575 3503 645 νόμῳ
3526 575 3817 645 ἥμαρτον,

2140 648 2238 701 διὰ
2264 654 2448 720 νόμου
2492 657 2896 723 κριθήσονται.
2941 652 3099 712 Οὗτοι
3143 658 3222 727 δὲ,
3254 660 3437 729 φησὶν,
3474 662 3524 714 οἱ
3553 663 3647 716 καὶ
3677 664 3817 733 μετά

2140 735 2238 807 τὴν
2259 740 2323 791 ἐκ
2342 738 2435 793 τοῦ
2464 741 2625 812 νόμου
2649 742 2897 816 βοήθειαν
2922 744 2989 799 τά
3014 746 3154 799 αύτά
3184 747 3414 811 ἐκείνοις
3447 750 3815 823 πεπραχότες,

2146 824 2448 898 βαρυτέρας
2478 829 2570 881 καὶ
2604 832 3008 904 ἀφορητοτέρας
3042 832 3373 903 ὑπομένουσι
3407 836 3501 888 καὶ
3530 835 3627 899 τάς
3654 838 3817 893 κολά-

2144 928 2277 975 σεις.
2317 915 2427 967 Καὶ
2466 916 2610 985 μάλα
2648 919 2871 982 εἰκότως
2893 933 2907 949 ⁸
2944 921 3025 974 ὅτι
3060 919 3182 973 οὔτε
3207 922 3235 972 6
3255 920 3438 992 νόμος,
3460 920 3583 975 οὔτε
3613 924 3676 976 τὸ
3701 925 3815 977 ἐτέ-

2147 1015 2271 1068 ρους
2304 1001 2431 1055 ἰδεῖν
2477 1003 2752 1069 τοσούτοις
2787 1008 2976 1070 κακοῖς
3005 1007 3407 1080 ὑποϐληθέντας
3442 1012 3816 1081 σωφρονεστέ-

2145 1103 2272 1156 ρους
2302 1092 2496 1154 αὐτοὺς
2529 1092 2560 1162 ἢ
2616 1094 3053 1164 ἐπιεικεστέρους
3084 1096 3474 1167 ἀπειργάσατο.
3508 1097 3598 1151 Διὸ
3636 1115 3815 1170 παρα-

2144 1174 2311 1236 καλῶ,
2336 1176 2438 1230 κᾶν
2471 1178 2597 1247 γοῦν
2629 1180 2736 1234 ἀπὸ
2780 1179 2873 1234 τοῦ
2926 1181 3020 1234 νῦν
3078 1185 3192 1246 τοῖς
3235 1183 3435 1253 ἐτέρων
3481 1184 3813 1256 παιδεύμασι

2146 1264 2566 1335 σωφρονίσωμεν
2625 1267 2869 1331 ἑαυτοὺς,
2898 1268 2993 1322 καί
3021 1269 3108 1322 τὸν
3138 1269 3252 1340 βίον
3275 1270 3365 1323 τὸν
3389 1272 3597 1325 ἑαυτῶν
3623 1271 3816 1326 ἰθύνω·

2148 1365 2246 1418 μεν
2269 1349 2405 1420 πρὸς
2430 1351 2528 1422 τὴν
2555 1352 2649 1406 τοῦ
2682 1352 2880 1426 Κυρίου
2903 1355 3203 1427 ὑποταγὴν,
3236 1359 3347 1420 τοῖς
3373 1356 3537 1412 αὑτοῦ
3564 1359 3815 1413 ὑπείκον-

2143 1453 2235 1498 τες
2268 1438 2483 1507 νόμοις·
2522 1441 2615 1494 καὶ
2657 1444 2795 1514 μήτε
2857 1443 3070 1513 φθόνος,
3114 1447 3248 1517 μήτε
3293 1445 3580 1516 βασκανία,
3618 1449 3755 1519 μήτε
3784 1450 3814 1502 6

2142 1521 2251 1576 τῶν
2304 1525 2570 1594 σωμάτων
2603 1527 2762 1598 ἔρως,
2812 1531 2949 1601 μήτε
2984 1533 3016 1601 ή
3043 1532 3136 1585 τοῦ
3167 1532 3431 1603 παρόντος
3455 1535 3570 1604 βίου
3603 1533 3727 1601 δόξα
3752 1552 3813 1588 τε

2146 1610 2238 1662 καὶ
2262 1609 2566 1677 δυναστεία,
2615 1616 2750 1685 μήτε
2807 1619 2839 1689 ἡ
2873 1617 2971 1687 τῆς
3017 1618 3252 1690 γαστρὸς
3286 1620 3467 1691 ήδονὴ,
3501 1622 3640 1690 μήτε
3675 1622 3811 1693 άλλη

2144 1715 2227 1763 τις
2274 1699 2476 1766 ἄτοπος
2512 1702 2773 1775 ἐπιθυμία
2828 1706 3269 1777 κατακυριευέτω
3312 1708 3468 1778 ἡμῶν
3505 1708 3613 1761 τῶν
3654 1711 3712 1761 ἐν
3743 1713 3811 1781 τῇ

2143 1784 2289 1857 ψυχῇ
2312 1786 2584 1858 λογισμῶν
2609 1805 2622 1819 ⁸
2653 1791 2767 1844 ἀλλ’
2794 1792 3199 1865 ἐκκαθάραντες
3231 1794 3455 1858 ἑαυτοὺς
3499 1794 3606 1849 ἀπὸ
3634 1797 3813 1867 πάσης

2149 1872 2292 1937 ἰλύος
2317 1875 2410 1928 καὶ
2445 1875 2652 1948 τύρϐης
2686 1877 2965 1949 βιωτικῆς,
2992 1881 3086 1935 καί⁵
3130 1879 3298 1934 πολλὰ
3324 1882 3533 1952 χαίρειν
3568 1883 3813 1947 εἰπόντες

2144 1963 2256 2025 τοῖς
2293 1962 2592 2033 αἰσχίστοις
2619 1966 2713 2018 καὶ
2738 1965 3104 2030 ἀτοπωτάτοις
3127 1967 3322 2023 πάθεσι
3351 1969 3485 2039 πρὸς
3514 1968 3613 2040 τὴν
3637 1988 3813 2040 μακα-

2148 2047 2269 2118 ρίαν
2286 2048 2499 2120 ἐκείνην
2520 2049 2663 2121 ζωὴν
2684 2052 3044 2123 ἐπειχθῶμεν,
3070 2054 3198 2108 καὶῐ
3229 2054 3296 2108 τὰ
3319 2056 3606 2128 ἀπόρρητα
3631 2059 3812 2127 ἁγαθά

2144 2134 2179 2189 ἂ
2214 2137 2509 2208 ἡτοίμασεν
2552 2138 2581 2191 6
2639 2139 2770 2203 Θεὸς
2802 2143 2912 2205 τοῖς
2946 2142 3231 2211 ἀγαπῶσιν
3265 2143 3426 2198 αὐτόν
3450 2160 3463 2175 ’
3500 2137 3575 2197 ὧν
3603 2145 3812 2214 γένοιτο

2145 2224 2352 2290 πάντας
2386 2227 2535 2297 ἡμᾶς
2584 2226 2902 2298 ἀξιωθῆναι,
2952 2231 3133 2301 χάριτι
3188 2231 3281 2283 καὶ
3311 2230 3689 2303 φιλανθρωπίᾳ
3716 2233 3811 2287 τοῦ

2144 2312 2350 2383 Κυρίου
2395 2313 2551 2384 ήμῶν
2594 2314 2767 2384 Ἰησοῦ
2817 2317 3076 2387 Χριστοῦ,
3118 2318 3237 2389 μεθ’
3265 2311 3326 2371 οὗ
3363 2318 3441 2388 τῷ
3467 2320 3661 2391 Πατρί,
3692 2320 3811 2390 ἅμα

2142 2397 2221 2467 τῷ
2248 2399 2387 2469 ἁγίῳ
2426 2400 2702 2471 ΙΙνεύματι
2726 2401 2871 2466 δόξα,
2900 2403 3121 2472 κράτος,
3154 2404 3309 2476 τιμὴ,
3339 2404 3434 2457 νῦν
3471 2408 3562 2458 καὶ
3592 2406 3697 2473 ἀεὶ,
3716 2406 3815 2460 καὶ

2145 2486 2222 2549 εἰς
2248 2488 2372 2550 τοὺς
2394 2487 2595 2551 αἰῶνας
2625 2487 2735 2542 τῶν
2764 2488 2991 2544 αἰώνων.
3029 2491 3223 2561 Ἀμήν.

2795 2599 3035 2652 ΟΜΙΛΙΑ
3075 2602 3154 2653 Κ’.

2159 2698 2411 2771 Ἐξῆλθε
2480 2701 2548 2754 δὲ
2608 2700 2760 2771 Κάῑγ
2818 2703 2937 2757 ἀπὸ
2978 2705 3302 2766 προσώπου
3345 2708 3452 2762 τοῦ
3504 2707 3671 2771 Θεοῦ,
3711 2708 3811 2763 καί

2216 2768 2456 2838 ᾤκησεν
2481 2772 2550 2825 ἐν
2592 2770 2672 2840 γῇ
2701 2771 2851 2826 Nam
2879 2775 3190 2829 κατέναντι
3220 2777 3414 2847 Ἐδὲμ,
3437 2778 3531 2831 καὶ
3555 2778 3621 2833 τὰ
3658 2768 3808 2848 ἐξῆς.

2214 2881 2282 2927 α’.
2295 2874 2430 2944 Φέρε
2447 2875 2607 2930 πάλιν
2635 2876 2735 2947 τῆς
2762 2877 3080 2943 ἀκολουθίας
3097 2880 3335 2951 σήμερον
3352 2880 3460 2934 τῶν
3473 2881 3814 2951 ἀνεγνωσμέρ

2144 2981 2251 3017 νων
2294 2965 2576 3035 ἁψάμενοι,
2628 2966 2876 3019 ἐντεῦθεν
2906 2967 3032 3038 ὑμῖν
3063 2968 3162 3037 τῆν
3181 2968 3525 3023 διδασκαλίαν
3550 2968 3811 3039 παραθῶ.

2148 3068 2268 3121 μεν,
2318 3053 2411 3105 καὶ
2448 3054 2512 3105 ἐκ
2556 3053 2654 3123 τῆς
2704 3053 2886 3123 βίϐλου
2937 3053 3030 3107 τοῦ
3073 3056 3342 3127 μακαρίου
3391 3057 3667 3119 Μωῦσέως
3710 3058 3811 3128 τὴν

2147 3137 2348 3208 συνήθη
2378 3137 2607 3203 διάλεξιν
2648 3138 2784 3211 πρὸς
2829 3141 2970 3210 ὑμᾶς
3010 3141 3383 3212 ποιησώμεθα,
3426 3143 3626 3213 μᾶλλον
3655 3144 3710 3196 δέ
3745 3145 3811 3198 ἐκ

2142 3225 2251 3279 τῶν
2281 3225 2374 3279 τοῦ
2417 3226 2731 3297 Πνεύματος
2771 3226 2987 3296 λογίων,
3017 3227 3160 3299 ἆπερ
3188 3228 3276 3282 διὰ
3297 3232 3395 3300 τῆς
3427 3230 3614 3283 τούτου
3636 3230 3810 3299 γλώτ-

2143 3330 2242 3384 της
2273 3314 2418 3383 ήμᾶς
2466 3312 2764 3384 ἐδίδαξενή
2804 3313 2920 3366 θεία
2963 3314 3141 3385 χάρις.
3192 3314 3330 3369 Ἀλλ’
3355 3316 3442 3369 ἵνα
3482 3316 3812 3389 σαφέστερος

2144 3399 2271 3469 ὑμῖν
2296 3399 2518 3468 γένηται
2551 3401 2578 3451 6
2606 3399 2781 3467 λόγος,
2832 3400 3123 3468 ἀναγκαῖον
3154 3402 3463 3473 ὑπομνῆσαι
3496 3404 3592 3473 τὴν
3618 3404 3812 3474 ὑμετέ-

2148 3503 2245 3559 ραν
2275 3488 2498 3557 ἀγάπην
2525 3488 2634 3540 τῶν
2667 3487 2768 3558 ήδη
2811 3488 3105 3559 ῥηθέντων,
3141 3490 3238 3542 καὶ
3265 3490 3397 3544 ὅπου
3430 3490 3525 3561 τὴν
3551 3491 3808 3546 διδασκα-

2142 3573 2261 3628 λίαν
2317 3573 2711 3645 κατελύσαμεν,
2760 3575 2846 3627 ἵνα
2904 3575 3111 3628 ἐκεῖθεν
3144 3576 3314 3647 αὐτὴν
3340 3577 3578 3648 σήμερον
3609 3579 3809 3632 ἀναλα-

2143 3660 2346 3723 ϐόντες,
2369 3659 2511 3713 οὕτω
2543 3661 2640 3732 τῆς
2661 3661 2833 3733 ἀρχῆς
2865 3660 2973 3715 τῶν
3006 3662 3429 3733 ἀνεγνωσμένων
3459 3662 3726 3735 ἁψώμεθα
3758 3668 3806 3720 ε.

2146 3747 2288 3801 Ἰστε
2314 3747 2422 3819 γάρ
2447 3748 2528 3801 ὅτι
2579 3747 2677 3818 τὴν
2708 3748 2848 3801 κατὰ
2885 3748 2975 3802 τὸν
3006 3749 3171 3801 Ἀόελ
3206 3748 3456 3803 ὑπόθεσιν
3490 3754 3810 3822 κινήσαντες

2142 3834 2455 3905 ἐδείκνυμεν
2474 3833 2532 3899 ἐξ
2548 3833 2725 3887 αὐτῶν
2745 3835 2852 3886 τῶν
2872 3835 3272 3906 γεγενημένων,
3298 3837 3393 3891 καί
3413 3838 3469 3905 ἐξ
3495 3831 3569 3891 ἄν
3582 3839 3811 3903 ἕκαστος

2141 3923 2238 3985 τὰς
2262 3923 2450 3985 θυσίας
2485 3922 2668 3975 αὐτῶν
2699 3925 3044 3994 προσήνεγκε
3070 3922 3149 3993 τῷ
3184 3922 3334 3996 [ΙἨ]
3369 3926 3633 3998 Δεσπότῃ,
3663 3928 3809 3991 ὅπως

2143 4008 2383 4076 ἔγκειται
2407 4010 2474 4080 τῇ
2502 4009 2746 4079 ἡμετέρᾳ
2774 4009 2930 4076 φύσει
2968 4011 2997 4079 ή
3039 4009 3241 4078 γνῶσις
3261 4011 3370 4066 τῶν
3399 4014 3686 4082 πρακτέων
3715 4014 3810 4068 καί

2140 4095 2248 4147 τῶν
2283 4095 2356 4165 μὴ
2384 4095 2689 4166 πρακτέων,
2720 4096 2813 4147 καὶ
2839 4097 2921 4148 ὅτι
2947 4096 3327 4161 αὐτεξουσίους
3349 4100 3496 4168 ἡμᾶς
3518 4101 3810 4170 εἰργάσατο

2139 4183 2167 4234 6
2207 4181 2315 4235 τῶν
2335 4184 2588 4236 ἁπάντων
2607 4182 2957 4255 δημιουργὸς,
2993 4185 3087 4236 καὶ
3110 4186 3383 4256 πανταχοῦ
3411 4187 3517 4240 ἀπὸ
3545 4190 3642 4258 τῆς
3672 4187 3811 4257 γνώ-

2144 4287 2250 4340 μης
2300 4273 2399 4341 τῆς
2428 4269 2703 4341 ήμετέρας
2742 4269 2774 4341 ἢ
2814 4270 3151 4342 κατακρίνει,
3194 4272 3226 4342 ἢ
3273 4276 3524 4341 στεφανοί
3554 4275 3682 4343 (ἀπὸ
3699 4275 3809 4347 γὰρ

2138 4353 2341 4425 ταύτης
2373 4354 2467 4406 τοῦ
2520 4354 2618 4424 μὲν
2677 4353 2980 4425 ἀπόϐλητος
3005 4355 3225 4423 γέγονεν
3255 4358 3287 4427 ή
3316 4356 3498 4421 θυσία,
3525 4358 3620 4409 τοῦ
3651 4358 3708 4410 δέ
3740 4360 3810 4412 τὰ

2138 4440 2286 4512 δῶρα
2309 4440 2685 4512 προσεδέχθη),
2719 4439 2813 4493 καί
2832 4441 2914 4493 ὃτι
2936 4441 3184 4495 ἐντεῦθεν
3205 4442 3310 4495 ὑπὸ
3332 4443 3631 4513 βασκανίας
3658 4462 3810 4516 κινη-

2140 4526 2252 4590 θεὶς
2309 4529 2337 4580 6
2384 4527 2526 4580 Κάῖν
2580 4527 2673 4578 ἐπὶ
2718 4528 2810 4581 τὸν
2834 4526 2928 4581 τοῦ
2975 4527 3205 4598 ἀδελφοῦ
3236 4530 3393 4598 φόνον
3430 4529 3677 4601 ὥρμησε,
3711 4532 3808 4586 καὶ

2142 4613 2282 4685 μετά
2322 4612 2419 4683 τὴν
2461 4614 2678 4666 ἀνοσίαν
2708 4613 2912 4685 ταύτην
2946 4615 3163 4684 πρᾶξιν,
3207 4615 3526 4686 βουλομένου
3552 4617 3646 4671 τοῦ
3671 4617 3805 4670 Θεοῦ

2139 4699 2537 4754 ἐκκαλέσασθαι
2560 4699 2719 4754 αύτὸν
2741 4702 2819 4765 εἰς
2841 4701 3226 4773 ἐξομολόγησιν
3250 4702 3359 4755 τῶν
3379 4703 3803 4773 ἡμαρτημένων,

2137 4788 2257 4841 οὐδὲ
2299 4785 2441 4840 οὕτω
2472 4786 2535 4839 16
2584 4787 2871 4857 φάρμακον
2902 4788 3000 4857 τῆς
3032 4788 3271 4861 ἰατρείας
3301 4788 3536 4854 ἐδέξατο,
3564 4790 3699 4844 ἀλλά
3727 4791 3804 4862 τῷ

2141 4874 2371 4947 μυσαρῷ
2423 4874 2615 4946 ἐκείνῳ
2651 4875 2795 4945 φόνῳ
2832 4875 2892 4929 τὸ
2919 4875 3113 4946 ψεῦδος
3166 4877 3404 4947 συνάψας
3429 4878 3528 4948 τὴν
3561 4878 3805 4950 χαλεπὴν

2137 4963 2352 5033 ἐκείνην
2401 4961 2671 5033 τιμωρίαν
2720 4962 3088 5029 ἐπεσπάσατο,
3118 4966 3209 5017 καί⁵
3243 4964 3447 5033 γυμνὸν
3479 4965 3573 5018 καὶ
3600 4964 3804 5037 ἔρημον

2136 5050 2327 5104 ἑαυτὸν
2354 5049 2656 5120 κατέστησε
2686 5050 2783 5119 τῆς
2809 5048 3015 5103 ἀνωθεν
3038 5050 3232 5121 ῥοπῆς,
3253 5052 3558 5124 ὑπόδειγμα
3589 5070 3798 5126 σωφροο

2135 5136 2329 5208 νισμοῦ
2367 5139 2498 5190 πᾶσι
2545 5140 2658 5200 τοῖς
2684 5137 2824 5207 μετὰ
2856 5136 3028 5190 ταῦτα
3053 5138 3430 5209 προκείμενος,
3458 5140 3553 5193 καί
3590 5140 3678 5195 διὰ
3706 5142 3804 5211 τῆς

2137 5223 2485 5292 ἀποφάσεως,
2509 5217 2576 5294 ἦς
2604 5222 2844 5288 ἐδέξατο,
2894 5223 3056 5275 παντὶ
3091 5223 3169 5295 τῷ
3198 5225 3304 5280 τῶν
3331 5226 3633 5298 ἀνθρώπων
3656 5228 3804 5295 γένει

2134 5310 2530 5381 διαλεγόμενος,
2582 5311 2676 5362 καὶ
2725 5310 3006 5379 μονονουχὶ
3059 5309 3197 5378 βοῶν
3246 5313 3337 5365 καὶ⁵
3374 5312 3579 5382 λέγων·
3612 5316 3803 5386 μηδεὶς

2136 5398 2286 5469 ὑμῶν
2335 5397 2572 5451 τοιοῦτόν
2618 5414 2669 5450 τι
2701 5396 2947 5469 τολμήσῃ
2979 5398 3131 5461 ποτὲ,
3167 5399 3253 5452 ἵνα
3288 5400 3364 5471 μὴ
3399 5404 3507 5464 τοῖς
3540 5403 3803 5467 τοιούτοις

2134 5486 2425 5557 περιπέσῃ.
2461 5484 2639 5538 Εἵδετε
2661 5483 2929 5536 Δεσπότου
2962 5484 3390 5558 φιλανθρωπίαν,
3418 5490 3565 5553 ὅπως
3589 5490 3676 5543 διά
3704 5492 3803 5561 τῆς

2131 5578 2207 5633 εἰς
2234 5575 2440 5627 ἐκεῖνον
2457 5571 2727 5643 τιμωρίας
2748 5570 2847 5622 οὐκ
2874 5572 3080 5625 ἐκεῖνον
3103 5574 3262 5644 μόνον
3288 5578 3615 5649 σωφρονίσαι
3639 5578 3801 5649 ἡδου-

2191 5763 2334 5829 ῗξοι
2369 5775 2483 5811 mss.
2520 5766 2572 5811 el.
2601 5762 2748 5829 δεινῇ.
2777 5763 2899 5829 ἐχειν
2921 5763 3215 5829 ἐλεγχονλτήν
3239 5764 3407 5813 Morel.
3439 5767 3708 5829 ἐλέγχοντα.

2195 5825 2209 5860 ί
2249 5824 2375 5902 μσς.
2412 5836 2540 5902 um’ls
2572 5823 3078 5902 καίνάπολάϐωμενςτά
3100 5826 3377 5902 ἀπόρρητα..
3427 5829 3452 5869 ε
3500 5823 3624 5890 Ιξέἷε.
3671 5842 3798 5880 unus

2129 5888 2213 5944 τήν
2241 5885 2387 5947 ἀρχὴν
2414 5901 2456 5933 τ.
2482 5885 2554 5933 ἀν.
2580 5887 2873 5947 ποιήσωμεν,
2901 5885 2953 5935 ει
2973 5900 3081 5936 mox
3113 5885 3260 5936 Ἀϐελ
3290 5889 3569 5949 ὑπόμνησιν.
