4122 6204
419 384 519 444 Ιϐὅ

423 533 538 576 tum
559 518 576 550 ί
595 552 612 579 ,
636 509 777 581 quod
806 510 1022 566 fratrem
1048 508 1242 564 occidit
1269 506 1456 564 eodem
1502 522 1568 562 ex
1610 515 1760 560 utero
1787 518 2015 574 progna-

421 618 556 663 tum.
574 603 814 667 Sestum,
839 601 979 673 quod
1007 601 1208 671 primus
1234 597 1397 653 czedis
1421 597 1689 668 specimen
1712 592 2020 648 introduxit.

423 695 741 768 Septimum,
762 692 905 762 quod
933 700 1148 762 rogatus
1175 704 1204 742 a
1232 689 1362 752 Deo,
1388 686 1599 742 mentiri
1629 685 1702 739 illi
1731 697 1892 737 ausus
1917 690 2020 737 est.

428 784 564 842 Dicit
593 784 754 854 igitur
789 801 802 836 :
834 783 935 850 Qui
966 791 1017 837 te
1045 779 1291 836 occidere
1325 777 1636 842 tentaverit,
1669 787 1875 844 septem
1908 787 2022 825 ma-

432 877 588 938 ximis
616 877 786 946 poenis
815 877 1049 945 seipsum
1082 890 1232 928 reum
1264 871 1439 927 faciet.
1473 869 1550 925 Ne
1577 870 1735 940 igitur
1775 867 1876 921 hoc
1907 880 2022 918 me-

430 978 573 1022 tuas.
607 968 742 1021 Ecce
774 966 914 1020 enim
953 975 1008 1018 et
1049 965 1259 1034 signum
1286 963 1338 1016 in
1371 972 1420 1016 te
1450 975 1591 1032 pono
1615 1001 1630 1026 ,
1664 959 1734 1014 ita
1761 966 1818 1012 ut
1847 956 2023 1010 nullus

426 1059 516 1128 qui
552 1065 602 1112 te
631 1057 894 1111 invenerit
923 1056 1150 1126 ignoret.
1179 1053 1311 1108 Nam
1352 1056 1450 1107 ista
1496 1053 1548 1105 in
1596 1060 1706 1105 toto
1751 1049 1873 1101 vita:
1921 1055 2023 1100 ture

425 1149 652 1202 decursu
701 1162 984 1203 nervorum
1035 1145 1295 1200 resolutio
1358 1143 1548 1198 futuris
1593 1139 2023 1212 generationibus

428 1239 574 1294 utilis
601 1239 702 1294 erit
731 1255 744 1291 :
777 1247 830 1293 et
858 1238 907 1292 id
937 1236 1078 1307 quod
1119 1234 1264 1290 solus
1310 1235 1452 1288 tlltilo
1484 1239 1746 1302 praesente
1774 1237 2023 1298 Operatus

430 1346 486 1386 es
507 1373 520 1396 ,
566 1331 667 1386 hoc
713 1331 920 1386 discent
952 1344 1139 1384 omnes
1167 1329 1255 1398 qui
1289 1337 1340 1382 te
1377 1335 1674 1397 gementem
1703 1333 1757 1378 et
1787 1331 2022 1376 tremen—

432 1433 534 1477 tem
567 1423 853 1488 videbunt,
891 1430 945 1476 et
983 1421 1133 1492 quasi
1180 1437 1272 1490 per
1299 1418 1538 1489 corporis
1584 1426 1867 1470 tremorem
1913 1415 2024 1467 Cia-

430 1521 664 1568 :nantem
691 1554 706 1578 ,
738 1522 790 1569 ct
818 1514 1067 1568 omnibus
1107 1511 1369 1566 dicentem
1401 1526 1415 1563 :
1447 1508 1634 1563 Nullus
1665 1507 1787 1560 talia
1832 1505 2024 1559 audeat

428 1606 603 1676 qualia
634 1620 753 1674 ego,
785 1614 839 1658 ut
871 1620 936 1658 ne
967 1604 1019 1656 in
1046 1602 1290 1658 eamdem
1320 1615 1529 1670 poenam
1559 1597 1754 1652 incidat
1777 1597 1818 1649 ².

500 1697 553 1752 6.
587 1696 802 1751 Moralis
828 1697 1074 1766 epilogus.
1105 1725 1177 1734 ——
1223 1694 1347 1748 llaec
1374 1693 1669 1752 audientes,
1693 1687 2023 1756 dilecti,qu:e

429 1789 569 1842 dicta
609 1795 731 1842 sunt
777 1803 880 1841 non
913 1786 1376 1840 ineonsideranter
1406 1791 1898 1854 praetercurramus,
1928 1795 2023 1834 ne-

431 1895 535 1950 que
579 1879 679 1933 hoe
725 1879 896 1932 solum
949 1886 1276 1947 spectemus,
1328 1887 1386 1930 ut
1416 1876 1520 1929 huc
1545 1873 1784 1944 quotidie
1823 1887 2023 1927 conve-

435 1971 632 2026 niundo
662 1971 922 2040 Spirituali
969 1986 1152 2025 mensa
1181 1969 1420 2023 fruamur
1450 1986 1464 2022 :
1498 1967 1639 2021 nulla
1672 1966 1813 2020 enim
1857 1965 2024 2019 solius

434 2061 648 2114 auditus
690 2061 888 2114 utilitas
934 2060 1137 2126 fuerit,
1191 2061 1292 2115 nisi
1342 2059 1480 2114 adsit
1529 2057 1874 2126 obsequentia
1933 2071 2026 2124 per

438 2165 622 2219 opera.
671 2148 777 2204 Sed
830 2151 1124 2218 cogitantes
1164 2151 1304 2203 unde
1355 2150 1409 2204 in
1457 2149 1558 2204 hoc
1596 2147 1918 2216 inexpiabile
1973 2157 2024 2201 et

439 2257 602 2311 grave
630 2251 903 2311 peceatum
934 2241 1064 2296 Cain
1095 2243 1330 2312 seipsum
1360 2242 1649 2312 impulerit,
1685 2249 1742 2295 ut
1770 2256 1865 2310 per
1890 2239 2024 2294 invi-

439 2335 580 2389 diam
610 2336 660 2389 in
694 2336 964 2404 proprium
993 2337 1230 2400 fratrem,
1263 2337 1350 2407 qui
1378 2336 1508 2390 nihil
1538 2336 1635 2404 ipsi
1675 2323 1796 2388 mali
1829 2334 2024 2389 intule-

441 2437 542 2492 rat,
575 2429 644 2482 ita
688 2429 920 2495 smviret,
969 2429 1075 2483 imo
1121 2433 1293 2499 ipsum
1339 2429 1627 2494 occideret,
1661 2442 1726 2481 ne
1769 2425 2027 2497 fugiamus

438 2520 659 2574 adversa
711 2529 764 2575 et
813 2520 950 2574 mala
981 2521 1110 2590 pati,
1152 2521 1247 2577 sed
1271 2521 1445 2591 potius
1491 2533 1773 2575 caveamus
1799 2533 1865 2573 ne
1909 2517 2026 2572 aliis

440 2612 577 2666 mala
601 2628 696 2682 per
723 2628 820 2666 nos
849 2612 1158 2667 inferantur.
1186 2613 1277 2668 ille
1303 2613 1442 2668 enim
1465 2626 1590 2665 vere
1615 2611 1755 2666 malo
1774 2609 2024 2673 aflicitnr,

440 2705 528 2772 qui
556 2704 800 2773 proximo
827 2717 924 2758 suo
955 2717 1146 2757 nocere
1173 2712 1358 2757 tcutat.
1397 2703 1461 2756 Et
1487 2712 1544 2755 nt
1569 2717 1753 2757 verum
1780 2700 1880 2755 hoc
1908 2715 2027 2754 esse

440 2793 601 2860 scias,
629 2793 746 2848 vide
774 2793 882 2860 hic,
905 2793 1150 2857 obsecro,
1175 2794 1293 2862 quis
1317 2802 1400 2848 est
1427 2793 1515 2862 qui
1536 2793 1673 2847 mala
1715 2793 1932 2862 patitur,
1958 2806 2024 2844 an

441 2883 530 2952 qui
573 2883 786 2948 occidit,
815 2884 896 2937 vel
943 2883 1030 2951 qui
1057 2883 1361 2938 occiditur?
1406 2882 1740 2937 Manifestum
1765 2880 1907 2951 quod
1938 2881 2028 2950 qui

440 2973 656 3028 occidit.
693 2973 904 3028 Etenim
936 2975 1148 3028 occisus
1169 2974 1257 3029 ille
1286 2989 1453 3044 usque
1480 2973 1547 3028 ad
1580 2984 1760 3030 nostra
1788 2983 2026 3044 tempora

440 3079 535 3120 ore
581 3066 818 3120 omnium
865 3064 1198 3131 deeantatur,
1233 3067 1550 3136 praedicatur
1571 3075 1624 3121 et
1653 3075 1945 3121 coronatur
1973 3074 2030 3120 ut

441 3156 680 3210 veritatis
702 3156 904 3226 primus
929 3157 1080 3212 testis
1121 3175 1134 3210 :
1165 3157 1302 3212 sicut
1340 3158 1467 3213 dicit
1493 3167 1546 3213 et
1572 3157 1758 3212 beatus
1785 3157 1977 3212 Paulus
2006 3175 2021 3212 :

443 3245 680 3300 Mortuus
716 3247 840 3301 Abel
886 3249 1054 3302 adhuc
1105 3249 1327 3315 loquitur
1353 3249 1537 3320 (Hebr.
1568 3250 1652 3304 11.
1681 3249 1760 3318 τί).
1792 3248 1894 3304 Sed
1938 3249 2028 3318 qui

441 3338 656 3404 occidit,
685 3339 990 3394 etiamtunc
1010 3341 1170 3394 vitam
1194 3341 1382 3409 agebat
1407 3340 1850 3396 miserabiliorem
1869 3355 2028 3409 quam

443 3431 584 3484 ullus
637 3431 818 3497 homo,
861 3442 916 3487 et
970 3441 1151 3502 postea
1193 3434 1261 3487 ab
1301 3433 1546 3489 omnibus
1595 3433 1738 3488 male
1776 3433 1942 3499 audit,
1975 3441 2033 3486 ut

445 3522 820 3577 aboniinahilis
843 3524 971 3588 Deo,
1004 3535 1054 3580 el
1083 3535 1140 3579 nt
1165 3526 1478 3579 maledictns
1500 3541 1530 3580 a
1557 3527 1733 3579 divina
1756 3525 2028 3595 Scriptura

449 3611 742 3667 traducitur
769 3630 782 3679 ;
815 3623 868 3668 et
915 3614 1016 3670 hoc
1041 3600 1254 3686 quidem
1287 3617 1338 3669 in
1382 3618 1630 3684 przesenti
1653 3617 1778 3680 vita,
1808 3631 1924 3686 qure
1954 3617 2030 3670 si-

449 3705 560 3758 mul
583 3705 861 3760 intercidet
895 3723 907 3759 :
936 3723 1054 3776 qua:
1099 3717 1277 3762 autem
1307 3709 1356 3762 in
1387 3707 1563 3762 futuro
1587 3709 1785 3763 smculo
1825 3710 2033 3778 utrique

448 3811 732 3850 occurrere
760 3796 1006 3863 debeant,
1039 3813 1159 3852 cum
1187 3799 1468 3868 unicuique
1488 3815 1582 3868 pro
1604 3814 1702 3853 suo
1727 3814 1889 3869 opere
1906 3800 2030 3855 red-

448 3887 536 3941 det
573 3887 750 3957 justus
773 3887 941 3943 Judex
973 3888 1148 3958 (Rom.
1179 3890 1252 3957 9.;
1285 3891 1444 3961 Apoc.
1468 3891 1584 3960 20),
1615 3892 1733 3962 quis
1751 3891 2030 3948 sermodi-

449 3995 573 4034 cere
625 3989 823 4049 posset,
857 3982 939 4037 vel
969 3999 1087 4052 qua:
1130 3984 1289 4050 bona,
1333 3985 1415 4040 vel
1441 4001 1558 4054 qua:
1607 3987 1746 4040 mala
1773 3986 1797 4039 ?
1824 3985 2029 4050 Nullus,

450 4071 628 4124 nullus
649 4071 820 4140 plane,
850 4087 1022 4142 neque
1043 4072 1298 4142 jucunda,
1319 4089 1491 4145 neque
1518 4077 1687 4131 tristia
1714 4077 2025 4130 narraverit.

448 4159 736 4216 Enimvero
762 4163 982 4219 Abelcm
1013 4165 1223 4234 quidem
1251 4166 1304 4220 in
1335 4181 1498 4236 regno
1524 4167 1798 4235 c;elorum,
1828 4175 1882 4222 et
1907 4181 2031 4236 pcr-

447 4253 618 4320 petuis
663 4253 995 4318 habitaculis,
1041 4257 1459 4326 patriarcharum
1486 4297 1501 4322 ,
1544 4257 1921 4327 prophetarqu
1947 4266 2030 4310 at—

447 4358 551 4411 que
597 4345 960 4413 apostolorum
1009 4346 1156 4400 chori
1207 4356 1262 4402 et
1291 4349 1530 4402 omnium
1560 4356 1866 4402 sanctorum
1898 4361 2030 4400 con-

445 4435 683 4505 gregatio
710 4437 1000 4506 suscipient
1028 4440 1186 4492 simul
1231 4439 1282 4495 in
1315 4448 1628 4510 perpetuum
1661 4449 2028 4509 regnaturum,

447 4540 566 4579 cum
599 4526 744 4595 Rege
782 4526 996 4582 Christo
1020 4528 1170 4595 Jesu,
1202 4531 1474 4601 unigenito
1503 4531 1594 4586 Dei
1628 4530 1764 4586 Filio
1793 4541 1848 4586 et
1871 4532 1983 4586 Deo
2014 4545 2030 4582 :

449 4614 585 4669 hunc
607 4628 804 4680 autem,
833 4618 964 4673 Cain
991 4618 1228 4689 inquam,
1258 4622 1498 4690 gehenna
1528 4623 1664 4692 ignis
1689 4624 1896 4694 aliaque
1928 4626 2032 4680 im-

447 4707 689 4761 mortalia
719 4709 899 4762 omnia
934 4719 1193 4765 tormenta
1245 4714 1532 4782 excipient,
1577 4725 1632 4769 ut
1682 4717 1950 4773 crucietur
1978 4722 2028 4775 in

447 4795 653 4850 inﬁnita
684 4801 878 4854 saecula
907 4809 963 4855 et
981 4816 1102 4856 eum
1128 4803 1218 4856 illo
1245 4819 1434 4858 omnes
1460 4810 1546 4874 qui
1571 4807 1761 4861 similia
1785 4820 2028 4877 egerunt,

447 4895 502 4938 ct
532 4889 759 4944 maxime
789 4892 840 4944 in
873 4907 966 4947 eos
986 4894 1074 4963 qui
1104 4895 1339 4963 posthinc
1377 4898 1695 4966 turpissimis
1734 4901 2029 4958 allectioni-

449 4976 549 5032 bus
589 4981 726 5050 capti
774 4993 918 5051 sunt,
950 4996 1149 5055 quanto
1198 4989 1365 5056 major
1397 5004 1552 5058 pmua
1582 5006 1612 5044 a
1645 4991 1870 5046 Domino
1911 5011 2030 5048 om-

445 5071 590 5125 nium
645 5077 1034 5142 pronuntiatur.
1077 5081 1213 5134 Audi
1260 5083 1400 5136 enim
1456 5083 1666 5138 beatum
1699 5084 1918 5140 Paulum
1945 5087 2030 5142 di-

443 5174 694 5219 centem:
732 5167 1043 5240 Quicumque
1085 5173 1215 5225 enim
1255 5173 1365 5228 sine
1403 5175 1508 5245 lege
1549 5188 1894 5244 peccaverunt,
1923 5181 2032 5234 sine

448 5250 555 5323 lege
584 5255 811 5322 peribunt
856 5259 1032 5328 (lieni.
1070 5262 1126 5316 2.
1163 5264 1253 5338 l9.)
1283 5283 1293 5316 :
1321 5265 1420 5320 hoc
1450 5277 1550 5332 est,
1583 5268 1832 5324 leviorem
1861 5271 2032 5327 ferent

448 5457 490 5493 in
512 5409 1007 5493 (ﬂgiti-jggtipsa
1028 5428 1134 5493 erqt
1156 5422 1316 5493 credes
1339 5437 1482 5485 quam
1501 5425 1807 5488 perpetrat-it,
1832 5434 1878 5478 et
1890 5430 2031 5493 furor

441 5471 490 5507 m
512 5471 768 5546 prpprium
780 5471 1014 5546 fratrem.
1027 5471 1274 5542 Quintum,
1290 5471 1381 5535 etc.

512 5534 754 5612 :_§oi_slin.
778 5534 886 5587 Cod.
915 5542 962 5612 in
1004 5534 1108 5612 lucc
1131 5534 1277 5595 verba
1303 5534 1545 5596 honiiliam
1567 5547 1744 5612 (laudit
1772 5564 1784 5598 :
1819 5560 1874 5601 (it
1900 5565 1959 5604 ne
1984 5554 2037 5607 in

693 5611 900 5673 _pamar_n
939 5603 1140 5673 incidat.
1167 5615 1221 5673 ζξι
1239 5594 1333 5658 nos
1345 5594 1480 5673 sttch
1501 5594 2039 5672 gi-aiius‘iigiuiiid'iii};

443 5662 804 5737 ggslfgggmrno
823 5670 869 5712 et
897 5664 1218 5737 misericordi,
1245 5671 1467 5730 quoniam
1502 5662 1659 5735 ipsum
1699 5662 1834 5723 (lc'cct
1858 5662 2030 5737 glori—av,

441 5715 897 5802 2'f‘liﬁflgrtt.__l_tlouor
931 5735 976 5777 ct
999 5715 1236 5796 adoranti,
1259 5715 1467 5784 inuia}?
1494 5715 1681 5802 scrin—per
1851 5715 2034 5789 ἶῖξιῖιίἷίῖ

440 5780 600 5828 onch
621 5781 817 5834 desunt.

1535 389 1601 446 ΙΝ
1639 387 1792 444 CAP.
1837 384 1926 441 ιν.
1968 379 2210 439 GENES.
2256 382 2483 438 llOMlL.
2526 380 2646 438 XX.

3599 385 3700 442 iis

2129 513 2364 568 pennam,
2396 513 2460 554 eo
2487 497 2626 569 quod
2657 512 2760 552 non
2792 497 3072 555 habuerint
3116 499 3284 571 legem
3317 514 3435 570 quae
3480 499 3713 556 minare-

2130 599 2213 642 tur
2241 599 2291 643 et
2339 589 2630 658 corrigeret
2658 606 2671 642 :
2704 587 2769 642 Et
2795 590 3092 660 quicumque
3134 591 3183 644 in
3215 590 3322 661 lege
3360 605 3709 660 peccaverunt,

2129 697 2217 747 per
2255 681 2413 750 legent
2435 697 2632 750 quoque
2651 679 3039 750 jttdicabuntur.
3073 682 3134 736 lli
3166 692 3366 750 autem,
3405 683 3593 754 inquit,
3620 686 3709 755 qui

2128 770 2312 825 eadem
2342 772 2539 826 iaciunt
2561 787 2681 840 qua:
2704 771 2798 835 illi,
2816 779 2870 825 et
2898 771 3027 840 legis
3049 773 3426 830 adminiculum
3453 777 3708 844 habuere,

2127 865 2397 934 graviores
2421 873 2475 919 et
2505 864 2951 920 intolerabiliores
2975 865 3308 921 sustinebunt
3333 869 3617 924 cruciatus.
3643 869 3711 925 Et

2131 957 2321 1012 merito
2351 972 2367 1012 :
2399 958 2519 1027 quia
2553 973 2724 1028 neque
2778 957 2885 1024 lex,
2919 973 3092 1028 neque
3122 958 3262 1028 quod
3290 958 3422 1014 alios
3453 969 3528 1016 tot
3556 964 3711 1017 malis

2127 1047 2366 1117 objectos
2399 1049 2646 1116 viderint,
2675 1049 3024 1105 modestiores
3046 1058 3100 1105 et
3139 1050 3384 1106 meliores
3407 1067 3500 1108 eos
3530 1055 3710 1109 reddi-

2129 1140 2286 1196 derit.
2321 1141 2576 1208 Quoeirea
2603 1141 2847 1208 obsecro,
2891 1150 2948 1196 ut
2975 1143 3056 1197 vel
3083 1142 3272 1197 saltem
3303 1159 3442 1198 nunc
3483 1144 3708 1200 aliorum

2129 1233 2555 1303 corrcptionibus
2603 1234 2848 1303 uosipsos
2888 1234 3272 1301 cmendcmus,
3316 1245 3371 1290 et
3407 1236 3567 1291 vitam
3616 1216 3713 1293 rio-

2127 1333 2290 1378 stram
2321 1340 2650 1394 corrigamus
2687 1327 2754 1380 ad
2785 1327 2992 1381 Domini
3023 1327 3412 1396 obedientiam,
3448 1329 3588 1386 illius
3617 1331 3714 1386 ob-

2130 1425 2489 1485 temperantes
2536 1417 2741 1488 legibus
2771 1435 2784 1470 :
2816 1427 2872 1472 ut
2905 1434 3078 1488 neque
3109 1419 3266 1487 livor,
3291 1434 3465 1490 neque
3492 1420 3710 1488 invidia,

2129 1523 2302 1576 neque
2344 1508 2636 1577 corporalis
2663 1523 2834 1575 amor,
2873 1525 3044 1578 neque
3084 1509 3242 1580 hujus
3288 1511 3407 1566 vita:
3445 1511 3613 1582 gloria
3660 1523 3713 1568 et

2130 1600 2388 1668 potentia,
2420 1615 2590 1670 neque
2617 1601 2821 1655 ventris
2845 1603 3111 1669 voluptas,
3136 1617 3308 1672 neque
3335 1603 3436 1657 alia
3466 1603 3712 1672 qumdam

2129 1691 2358 1745 absurda
2388 1693 2820 1762 concupiscentia
2850 1693 3160 1758 dominetur
3203 1693 3398 1748 anima:
3439 1703 3494 1749 et
3523 1695 3712 1750 rationi

2131 1790 2328 1835 nostrae
2379 1800 2390 1834 :
2425 1781 2517 1836 sed
2547 1783 2823 1853 expurgati
2863 1783 2930 1837 ab
2956 1783 3101 1836 omni
3126 1798 3302 1848 emno,
3334 1785 3714 1856 voluptateque

2133 1872 2434 1940 temporali,
2459 1883 2508 1927 et
2528 1873 2646 1927 vale
2668 1872 2812 1928 dicto
2829 1873 3077 1928 onmihus
3108 1872 3414 1928 fmdissimis
3444 1874 3714 1930 absurdis-

2131 1965 2389 2035 simisque
2433 1965 2826 2035 affectionibus,
2881 1967 2946 2022 ad
2994 1968 3201 2023 beatam
3248 1967 3388 2021 illam
3430 1968 3612 2031 vitam,
3662 1977 3715 2022 et

2133 2056 2415 2111 iuell‘abilia
2469 2057 2557 2112 illa
2604 2057 2764 2126 bona,
2801 2073 2919 2128 qua:
2961 2059 3100 2112 Deus
3125 2072 3184 2112 se
3213 2057 3553 2128 diligentibus
3579 2073 3714 2128 pra:-

2133 2149 2358 2218 paravit,
2404 2148 2716 2205 festinemus
2756 2167 2771 2204 :
2822 2165 2940 2218 qure
2965 2149 3214 2203 omnilms
3238 2150 3394 2204 nobis
3426 2149 3714 2204 concedan-

2134 2250 2236 2306 tur,
2263 2241 2430 2310 gratia
2457 2250 2510 2294 et
2531 2240 2849 2311 benignitate
2882 2241 3088 2295 Domini
3126 2241 3292 2295 nostri
3317 2240 3444 2296 .lesu
3493 2239 3712 2307 Christi,

2130 2346 2383 2400 cumquo
2429 2331 2590 2399 Patri,
2637 2331 2795 2386 simul
2837 2341 2888 2385 et
2935 2331 3152 2401 Spiritui
3193 2341 3377 2385 sancto
3427 2332 3494 2386 sit
3526 2333 3713 2400 gloria,

2134 2422 2434 2490 imperium,
2469 2423 2656 2489 honor,
2688 2438 2825 2477 nunc
2855 2432 2910 2476 et
2935 2439 3164 2492 semper,
3195 2431 3249 2477 ct
3279 2422 3328 2476 in
3367 2423 3556 2477 szecula
3594 2438 3701 2477 sa:-

2132 2513 2394 2566 cnlorutn.
2425 2516 2612 2567 Anien.

2645 2627 2920 2681 llUMILlA
2972 2627 3064 2682 xx
3101 2627 3196 2698 (ιι).

2137 2737 2382 2811 Egressus
2404 2750 2472 2794 est
2498 2751 2666 2794 autem
2689 2739 2814 2793 Cain
2843 2759 2872 2793 ιι
2898 2741 3028 2810 {uric
3054 2739 3164 2809 Ijri,
3195 2751 3239 2793 rt
3257 2741 3492 2794 habituri!
3509 2741 3559 2794 iu
3583 2752 3716 2797 terra

2242 2830 2406 2897 Naid,
2433 2845 2460 2884 e
2479 2831 2680 2900 regione
2711 2828 2868 2884 fidem
2902 2829 3052 2899 (Gen.
3085 2831 3136 2884 4.
3175 2831 3283 2900 16),
3307 2841 3360 2885 et
3382 2833 3606 2902 reliqua.

2199 2965 2249 3019 1.
2303 2965 2415 3034 Age
2464 2965 2654 3020 iterum
2688 2963 2843 3020 hodie
2883 2965 2934 3018 in
2976 2979 3163 3019 manus
3205 2976 3477 3021 sumentes
3502 2982 3620 3036 qua:
3667 2969 3721 3023 in

2135 3057 2278 3112 serie
2307 3056 2442 3112 lecta
2469 3066 2614 3123 sunt,
2648 3057 2772 3112 inde
2793 3057 2944 3112 vobis
2969 3057 3266 3113 doctrinam
3288 3074 3637 3128 apponamus,
3663 3070 3717 3116 et

2133 3150 2350 3206 solitum
2389 3165 2456 3205 ex
2504 3150 2652 3206 libris
2682 3150 2820 3206 beati
2854 3150 3013 3205 Musis
3041 3151 3362 3220 colloquium
3408 3149 3716 3218 habeamus,

2136 3243 2245 3299 imo
2259 3257 2322 3298 cx
2351 3242 2519 3296 sancti
2545 3241 2774 3312 Spiritus
2803 3241 3030 3311 eloquiis
3055 3257 3173 3311 qum
3202 3255 3298 3310 per
3318 3243 3588 3312 prophctm
3617 3243 3719 3296 liii-

2135 3352 2290 3407 guam
2320 3335 2496 3389 divina
2533 3335 2700 3406 gratia
2746 3349 2844 3389 nos
2874 3333 3076 3388 docuit.
3107 3331 3212 3387 Sed
3243 3349 3348 3402 quo
3393 3334 3722 3390 manifestior

2136 3441 2314 3482 sermo
2342 3436 2524 3482 uoster
2547 3427 2636 3491 sit,
2668 3440 2844 3495 oper.e
2880 3424 3104 3494 pretium
3139 3424 3316 3489 fuerit,
3348 3435 3403 3477 ut
3436 3426 3485 3478 in
3516 3439 3721 3478 memo-

2138 3519 2268 3572 riam
2299 3517 2448 3570 vobis
2492 3517 2804 3578 referamus,
2837 3514 2922 3568 uhi
2945 3514 3240 3569 doctrinam
3272 3530 3440 3582 nuper
3469 3515 3717 3572 absolve-

2138 3609 2324 3674 rimus,
2354 3617 2408 3661 ut
2429 3605 2614 3662 eadem
2646 3605 2802 3660 hodie
2831 3605 3075 3674 repetita,
3105 3603 3169 3658 de
3201 3619 3340 3658 nunc
3366 3605 3515 3660 lectis
3540 3606 3720 3662 dicere

2139 3698 2472 3769 incipiamus.
2505 3697 2663 3752 Scitis
2704 3696 2844 3750 enim
2893 3709 2990 3748 nos
3017 3707 3384 3762 argumentum
3405 3695 3472 3751 de
3510 3697 3638 3751 Cain
3665 3709 3721 3753 ct
3809 3696 3824 3704 “

2137 3787 2954 3852 Abclnarravisse,ostendentes
2989 3796 3174 3840 tamex
3207 3787 3398 3857 iisqua:
3418 3787 3549 3842 facta
3571 3801 3716 3852 sunt,

2137 3895 2291 3950 quam
2306 3895 2369 3935 ex
2390 3880 2452 3934 iis
2467 3879 2534 3934 de
2545 3879 2735 3950 quibus
2746 3877 3050 3932 obtulerunt
3067 3876 3288 3930 Domino
3303 3877 3581 3944 sacrilicia,
3595 3895 3734 3949 quo.

2138 3972 2298 4026 modo
2321 3971 2679 4027 faciendorum
2699 3980 2752 4024 et
2777 3983 2881 4023 non
2907 3967 3265 4023 faciendorum
3295 3970 3493 4039 agnitio
3517 3980 3720 4025 natura:

2139 4075 2333 4119 nostrm
2351 4065 2504 4118 insita
2527 4063 2615 4127 sit,
2633 4073 2687 4117 et
2703 4062 2937 4116 omnium
2957 4061 3210 4131 Opificcm
3227 4076 3324 4116 nos
3342 4063 3490 4118 liberi
3517 4064 3720 4120 arbitrii

2139 4159 2350 4222 fecisse,
2369 4167 2527 4226 atque
2550 4155 2743 4224 ubique
2761 4153 2844 4209 vel
2863 4167 3141 4219 coronare,
3157 4152 3237 4208 vel
3259 4153 3620 4209 condemnare
3637 4170 3722 4209 se-

2138 4249 2371 4303 cundum
2390 4247 2551 4301 animi
2572 4245 2734 4300 nostri
2753 4245 3077 4315 prOposituin
3101 4244 3195 4312 (ob
3219 4242 3318 4298 hoc
3344 4244 3485 4298 enim
3513 4245 3719 4298 sacrili-

2137 4342 2275 4396 cium
2294 4340 2425 4394 Cain
2449 4339 2778 4409 repudiatum
2796 4336 2910 4403 fuit,
2925 4335 3061 4392 dona
3081 4351 3205 4392 vero
3219 4335 3347 4390 Abel
3365 4335 3626 4408 accepta),
3644 4346 3714 4391 at-

2137 4449 2240 4504 que
2259 4432 2380 4487 inde
2395 4431 2643 4486 invidiam
2661 4441 2829 4484 ortam
2843 4428 3063 4484 Caiuum
3083 4427 3132 4482 in
3151 4428 3348 4483 etedem
3364 4427 3540 4483 fratris
3556 4429 3724 4483 exsti-

2138 4528 2392 4592 mulassc,
2443 4526 2530 4595 qui
2584 4535 2637 4580 ct
2677 4535 2792 4594 post
2843 4524 3060 4594 impium
3099 4522 3322 4588 facinus,
3369 4523 3583 4578 volente
3612 4523 3722 4578 Deo

2141 4621 2310 4688 ipsum
2341 4632 2630 4688 provocare
2657 4616 2721 4670 ad
2747 4614 3139 4670 confessionem
3160 4623 3518 4683 peccatorum,
3548 4630 3722 4683 neque

2139 4712 2215 4764 sic
2245 4708 2546 4765 remedium
2577 4705 2819 4761 sanitatis
2849 4705 3071 4773 accepit,
3113 4704 3208 4758 sed
3239 4705 3467 4758 scelesto
3498 4704 3720 4759 homiei.

2137 4804 2226 4857 dio
2272 4801 2608 4857 mendacium
2656 4799 2930 4867 conjmnit
2955 4839 2969 4862 ,
3001 4807 3052 4851 et
3091 4812 3304 4865 gravem
3334 4796 3474 4850 illam
3509 4812 3720 4866 pmnam

2138 4895 2236 4947 sibi
2264 4891 2586 4952 conciliavit,
2617 4903 2948 4956 supernaque
2967 4888 3134 4956 gratia
3156 4901 3216 4941 se
3245 4886 3460 4942 nudavit
3492 4891 3723 4957 posteris

2140 4987 2190 5039 in
2230 4981 2577 5038 correctionis
2607 4977 2909 5047 exemplum
2943 4978 3264 5048 propositus,
3291 4989 3450 5049 atque
3503 4980 3572 5034 ob
3598 4993 3722 5034 scn-

2139 5076 2359 5130 teutiatu
2385 5074 2437 5127 in
2467 5088 2524 5128 se
2550 5080 2847 5141 acceptam,
2877 5069 3022 5124 omni
3047 5070 3319 5124 hominum
3344 5072 3524 5140 generi
3558 5071 3729 5141 loqui-

2139 5178 2239 5234 tur,
2274 5166 2424 5239 quasi
2454 5165 2690 5220 clamans
2711 5164 2966 5220 ctdicens
2995 5181 3008 5217 :
3039 5162 3114 5218 Ne
3141 5163 3242 5218 tale
3272 5163 3397 5235 quid
3438 5164 3576 5220 ullus
3625 5179 3721 5219 vc-

2137 5273 2306 5316 strum
2339 5274 2588 5331 umquam
2633 5256 2846 5320 audeat,
2880 5272 2947 5312 ne
2979 5257 3028 5310 in
3056 5256 3255 5310 similes
3283 5254 3478 5310 incidat
3515 5271 3720 5324 poenas.

2143 5354 2360 5410 Vidistis
2390 5352 2599 5409 Domini
2631 5349 3031 5420 benignitatem,
3064 5348 3331 5418 quomodo
3359 5363 3454 5402 sua
3486 5349 3536 5403 in
3569 5349 3718 5404 illum

2139 5465 2296 5520 pinna
2325 5464 2430 5504 non
2468 5447 2640 5518 ipsum
2667 5444 2840 5500 solum
2869 5441 3150 5512 castigare,
3193 5439 3285 5495 sed
3318 5455 3413 5511 per
3443 5441 3615 5512 ipsum
3645 5455 3722 5496 si-

2201 5607 2273 5669 (η)
2309 5613 2418 5669 tunc
2433 5604 2632 5654 Humilia
2653 5601 2929 5669 tota_d_eest_
2958 5597 3232 5669 ilicolbert.
3257 5598 3723 5669 Culiccnum.363.

2139 5656 2268 5718 Ibid:
2284 5668 2471 5730 aliquot
2492 5673 2600 5715 Mss.
2623 5672 2673 5714 et
2691 5663 2880 5730 coislin.
2918 5662 3045 5711 hunc
3067 5656 3330 5730 Scriptura:
3352 5667 3542 5711 textum
3566 5664 3726 5711 Iloml-

2140 5733 2216 5780 lize
2245 5737 2316 5780 ΣΧ
2346 5723 2596 5791 pra-tigrim
2622 5723 2878 5791 gcognovit
2901 5735 3058 5791 autem
3080 5723 3418 5791 (munerem
3439 5735 3594 5786 suam,
3614 5735 3724 5786 quw

2141 5781 2371 5854 conccpil,
2397 5798 2440 5841 et
2464 5781 2648 5856 peperit
2674 5781 2814 5852 Dios,
2830 5794 2874 5839 et
2890 5781 3146 5848 wdiﬁcarit
3171 5784 3426 5838 cititatem.
