4144 6200
584 244 696 273 "\

357 295 469 355 167·

354 411 466 473 rnul
494 414 747 479 posteros
764 414 955 457 omnes
991 396 1210 457 omnino
1242 392 1545 471 fugiendum
1574 405 1692 448 esse
1718 398 1837 446 tam.
1857 397 1934 447 te-

355 497 639 561 merarium
675 492 876 551 facinus
898 490 1093 546 docere
1119 486 1330 547 voluit?

429 590 531 647 Cur
557 585 742 643 habitet
781 581 908 637 Cain
951 596 980 635 e
1002 580 1205 655 regione
1226 575 1406 633 Edent.
1437 604 1509 615 —-
1539 573 1651 643 Age
1683 585 1825 627 nunc
1849 584 1939 624 se-

355 677 570 749 quentia
613 675 955 751 attingamus,
1000 677 1061 729 et
1100 668 1381 723 videamus
1419 661 1732 735 quid.bodie
1786 660 1939 715 nobis

355 777 536 833 narret
576 767 765 829 beatus
795 763 897 825 ille.
928 759 1208 831 propheta,
1253 756 1484 825 Spiritus
1536 752 1708 813 sancti
1758 751 1938 809 al‘llatu

357 858 616 923 eruditus.
649 855 780 910 Nam
810 862 1090 923 postquam
1121 864 1151 903 a
1189 846 1415 905 Domino
1443 843 1764 901 sententiam
1810 838 1937 895 Cain

357 945 708 1019 accepit,16.
739 942 986 1016 Egressus
1033 948 1126 1004 est,
1160 936 1351 1007 inquit,
1396 951 1427 987 α
1482 934 1614 1000 facie
1657 931 1774 986 Dei.
1804 930 1940 999 Quid

356 1050 463 1107 est,
495 1037 633 1093 Exiit
657 1052 689 1090 a
726 1034 857 1107 facie
893 1030 987 1085 Dei
1014 1030 1040 1084 ?
1060 1029 1173 1084 lloc
1201 1035 1303 1093 est,
1336 1024 1563 1079 nudatus
1589 1034 1669 1079 est
1694 1020 1943 1093 praesidio

364 1130 481 1195 Dei,
527 1136 746 1198 propter
769 1120 1126 1178 abominabile
1147 1128 1199 1174 et
1233 1114 1591 1187 perniciosum
1621 1114 1839 1167 facinus.
1874 1109 1942 1164 Et

361 1219 600 1274 habitarit
628 1217 682 1270 in
709 1224 843 1268 terra
869 1211 1034 1277 Naid,
1066 1226 1094 1264 e
1120 1208 1324 1279 regione
1354 1206 1530 1260 Edem.
1563 1204 1755 1258 Narrat
1786 1202 1939 1257 nobis

360 1309 538 1369 divina
564 1306 836 1374 Scriptura
867 1302 1044 1356 locum
1064 1300 1115 1353 in
1137 1314 1242 1379 quo
1265 1306 1448 1367 postea
1473 1293 1829 1361 habitavit,_et
1848 1292 1943 1346 do-

361 1409 447 1456 eet
470 1396 738 1471 quomodo
765 1403 822 1449 et
849 1392 936 1449 hic
978 1407 1083 1447 non
1119 1388 1362 1460 procula
1406 1386 1653 1458 paradiso
1702 1390 1942 1439 versatus

361 1493 452 1550 sit.
473 1499 531 1544 ut
548 1506 579 1546 e
600 1489 817 1559 regione
836 1484 975 1539 illius
996 1482 1279 1545 exsistens,
1301 1479 1554 1534 continuo
1576 1490 1781 1530 memor
1803 1481 1946 1528 esset

362 1591 474 1643 tum
519 1593 704 1634 eorum
746 1591 864 1647 qua:
891 1572 1027 1645 patri
1058 1586 1155 1626 suo
1194 1570 1263 1629 ob
1294 1567 1786 1639 praevaricationem
1816 1579 1942 1619 (ξοη-

365 1674 613 1745 tigerunt,
645 1676 752 1722 tum
782 1662 1158 1734 magnitudinis
1179 1675 1363 1716 eorum
1386 1674 1504 1729 qua:
1532 1658 1645 1726 ipse
1673 1664 1942 1726 perpetra-

361 1769 532 1828 verat,
585 1767 803 1835 propter
850 1769 969 1825 quin
1001 1760 1145 1807 tanta
1190 1748 1292 1805 sibi
1344 1763 1515 1818 neque
1555 1747 1722 1816 patris
1768 1759 1947 1800 corre-

367 1854 550 1933 ptione
599 1848 903 1912 emendato,
950 1859 1105 1915 poena
1137 1843 1367 1910 irrogata
1397 1847 1498 1895 est.
1542 1839 1756 1894 Etvero
1799 1837 1948 1890 locus

365 1927 457 1999 ille
484 1945 538 1997 in
581 1956 687 2012 quo
713 1937 994 2004 habitavit,
1028 1944 1280 2005 perpetua
1306 1931 1560 1986 memoria
1588 1929 1705 1994 fuit,
1735 1927 1946 1983 nonilli

363 2036 485 2101 soli,
504 2032 599 2089 sed
624 2040 679 2087 et
704 2029 914 2093 sareulis
939 2024 1342 2098 posterioribus,
1366 2024 1433 2078 ob
1460 2030 1743 2078 tremorem
1770 2030 1821 2076 et
1845 2034 1950 2074 mo-

365 2125 602 2186 tionem,
634 2120 841 2184 Nomen
890 2118 1033 2172 enim
1077 2114 1211 2171 Naid
1250 2114 1506 2169 llebraica
1538 2111 1701 2197 dictio
1747 2120 1850 2178 est,
1895 2118 1950 2163 (ι

363 2216 585 2270 vertitur
612 2209 919 2271 commotio.
951 2208 1134 2276 Itaque
1176 2214 1234 2260 ut
1278 2205 1480 2259 crimen
1518 2203 1659 2261 illius
1693 2208 1950 2271 perpetuo

366 2320 548 2362 nomm
601 2313 745 2360 esset
795 2303 954 2358 etiam
997 2315 1028 2355 a
1072 2301 1209 2364 loco,
1247 2299 1396 2368 quasi
1429 2296 1483 2349 in
1517 2296 1762 2349 columna
1810 2307 1947 2347 aerea

365 2398 646 2467 scriptum,
678 2394 786 2449 illic
807 2408 927 2448 cum
949 2390 1250 2445 collocavit.
1280 2386 1481 2443 Deinde
1513 2386 1683 2456 inquit
1717 2402 1728 2437 :
1765 2385 1851 2438 t7.
1884 2382 1951 2436 Et

376 2489 606 2559 cognovit
631 2485 755 2540 Cain
783 2499 993 2539 uxorem
1017 2498 1163 2536 suam
1191 2496 1208 2534 :
1241 2489 1420 2535 etcum
1445 2478 1773 2548 concepisset,
1799 2493 1949 2547 pepe-

366 2582 432 2635 rit
463 2579 662 2633 Enocli.
683 2575 933 2631 Mortales
959 2573 1210 2641 deinceps
1234 2569 1360 2625 facti
1386 2569 1646 2636 homines,
1673 2569 1863 2623 merito
1883 2567 1951 2621 de

369 2674 600 2729 filiorum
623 2666 968 2725 successione
992 2679 1175 2735 curam
1195 2661 1481 2718 habebant.
1508 2660 1613 2717 Sed
1644 2659 1783 2715 forte
1800 2660 1953 2714 dixe-

369 2765 438 2818 rit
459 2761 694 2831 aliquis:
740 2755 1041 2824 Quomodo,
1065 2752 1486 2821 cumScriptnra
1528 2765 1787 2818 nusquam
1816 2749 1952 2802 alte-

366 2852 482 2907 rius
531 2850 769 2904 mulieris
808 2845 1134 2908 meminerit,
1178 2842 1309 2898 dicit
1360 2841 1500 2912 quod
1539 2840 1670 2899 Cain
1711 2840 1954 2894 [tabuerit

369 2939 643 2996 uxorem?
684 2938 761 2993 Ne
791 2936 1019 3001 mireris,
1044 2934 1255 2990 dilecte.
1284 2932 1553 3009 Nusquam
1585 2930 1726 2986 enim
1758 2931 1955 2985 catalo-

367 3047 493 3104 gnm
523 3030 805 3084 mulierum
843 3027 1122 3097 diligenter
1153 3026 1312 3091 facit;
1344 3024 1437 3080 sed
1465 3024 1736 3093 Scriptura
1775 3022 1952 3077 divina

368 3134 566 3179 cavens
609 3136 676 3175 ne
717 3117 843 3190 quid
888 3118 1217 3187 superfluum
1260 3114 1513 3193 proferat,
1546 3115 1781 3184 singulos
1814 3114 1954 3168 viros

371 3218 777 3278 commemorat,
823 3223 930 3263 non
980 3223 1167 3263 omnes
1193 3217 1391 3273 tamen,
1422 3206 1535 3261 sed‘
1561 3206 1775 3261 brevius
1802 3206 1956 3261 nobis

372 3312 555 3359 narrat
592 3303 795 3365 dicens,
841 3300 981 3370 quod
1024 3298 1397 3371 generaverint
1446 3296 1586 3351 lilios
1624 3308 1678 3352 et
1705 3297 1855 3362 tilias,
1902 3306 1957 3352 et

374 3396 565 3452 mortui
583 3396 707 3459 sint.
734 3394 1030 3450 Verisimile
1049 3394 1303 3465 igi'ur.e:.t
1329 3393 1487 3447 Evam
1508 3393 1663 3446 tiliam
1689 3393 1957 3463 peperisse

376 3497 497 3558 post
534 3486 662 3541 Cain
688 3494 745 3541 et
767 3485 920 3551 Abel,
962 3500 1120 3555 quam
1167 3485 1218 3537 in
1256 3498 1478 3545 uxorem,
1509 3484 1773 3555 acceperit
1802 3483 1955 3538 Cain.

374 3577 504 3633 Nam
526 3576 663 3647 quia
695 3575 842 3630 initia
878 3558 1052 3642 erant,
1084 3573 1417 3645 debebatqne
1451 3575 1635 3644 augeri
1669 3575 1954 3628 humanum

372 3684 560 3741 genus,
609 3681 824 3722 sorores
866 3675 923 3721 ut
974 3664 1248 3732 ducerent,
1283 3663 1697 3720 concedebatur.
1729 3664 1796 3719 Et
1837 3664 1957 3719 ideo

375 3762 490 3816 haec
519 3759 672 3814 nobis
697 3755 1053 3831 conjectanda.
1073 3755 1640 3831 relinquitSeriptura,
1659 3763 1713 3809 et
1742 3755 1842 3810 hoc
1864 3770 1957 3810 so-

374 3851 482 3905 lum
515 3858 692 3903 narrat
717 3830 901 3902 dicens
933 3862 946 3899 :
983 3844 1046 3898 Et
1071 3845 1298 3914 cognouit
1323 3842 1447 3900 Cain
1477 3860 1686 3901 uxorem
1707 3860 1879 3909 suam,
1910 3852 1958 3897 et

374 3958 489 3996 cum
506 3939 841 4010 concepisset,
866 3937 1055 4015 peperit
1091 3922 1286 3992 Enoclt.
1314 3934 1378 3989 Et
1406 3945 1511 3990 erat
1543 3935 1803 4004 wdiﬁeans
1830 3934 1956 3987 civi-

374 4044 528 4088 tatem
553 4033 603 4085 in
626 4031 823 4095 nomine
850 4030 945 4099 ﬁlii
971 4032 1052 4083 sui
1081 4028 1275 4082 Knoell.
1308 4027 1438 4083 Vide
1481 4026 1747 4097 quomodo
1782 4026 1961 4096 paula-

380 4129 473 4181 tim
498 4125 863 4179 institnnntur.
891 4121 1024 4188 Quia
1055 4121 1194 4177 enim
1243 4120 1498 4175 mortales
1527 4126 1830 4184 evaserant,
1861 4119 1962 4172 itii-

380 4216 659 4283 mortalcm
690 4229 839 4281 suam
860 4212 1188 4277 memoriam
1212 4210 1389 4267 facere
1413 4211 1696 4265 voluerunt
1722 4251 1736 4274 ,
1766 4204 1958 4280 partim

378 4325 448 4363 ex
476 4308 596 4361 liliis
622 4320 756 4374 quos
798 4303 1155 4373 generabant,
1188 4303 1377 4370 partim
1409 4316 1475 4356 ex
1507 4300 1635 4354 locis
1665 4299 1859 4369 quibus
1906 4299 1965 4352 li-

379 4401 571 4454 liorutn
593 4396 807 4451 nomina
836 4393 1198 4462 imponebant.
1229 4393 1355 4447 Haec
1384 4393 1561 4447 omnia
1585 4393 1705 4463 jure
1731 4391 1850 4462 quis
1879 4390 1961 4444 ili-

378 4497 528 4545 ceret
560 4497 896 4556 peceatorqu
924 4485 1279 4551 monimenta,
1317 4498 1524 4541 necnon
1568 4484 1747 4553 lapsus
1789 4498 1817 4536 a
1852 4482 1962 4552 pri-

382 4592 520 4638 stma
534 4576 725 4650 gloria,
746 4577 919 4646 inqua
934 4590 1052 4637 cum
1071 4586 1269 4640 essent,
1292 4574 1438 4629 nullo
1452 4573 1641 4628 horum
1661 4573 1965 4644 indigebant

383 4671 552 4726 Adam
583 4676 639 4725 et
664 4668 793 4734 Eva,
835 4676 1021 4737 utpote
1067 4666 1319 4720 omnibus
1367 4665 1691 4735 superiores,
1741 4674 1793 4719 et
1835 4663 1964 4718 nilnl

382 4759 618 4814 obnoxii.
647 4757 736 4813 18.
772 4756 934 4812 Porro
966 4756 1143 4811 Enoclt
1182 4756 1282 4826 ipsi
1322 4766 1470 4809 natus
1494 4763 1585 4822 est,
1605 4755 1815 4825 inquit,
1838 4753 1964 4808 Gat-

385 4850 508 4915 dad,
538 4859 585 4902 et
611 4848 812 4903 Gnirlad
830 4848 1000 4917 genuit
1032 4847 1287 4914 Maleleel,
1316 4857 1363 4902 et
1392 4845 1628 4900 Maleleel
1654 4848 1823 4918 genuit
1852 4844 1966 4898 Ma-

385 4942 607 5008 tlrusula,
634 4951 680 4994 et
706 4939 996 4993 Malhusala
1018 4943 1188 5010 genuit
1216 4938 1452 4994 Lamech.
1480 4937 1642 4994 Vides
1666 4953 1821 5008 quam
1842 4952 1966 4991 cur-

386 5032 486 5088 sim
523 5032 711 5085 transit
731 5030 1103 5102 genealogias;
1134 5030 1368 5084 virorum
1398 5038 1603 5083 tantum
1641 5029 1967 5088 mentionem

388 5122 514 5176 t‘acit
544 5121 731 5175 beatus
766 5120 877 5185 ille,
929 5134 1189 5189 nusquam
1212 5134 1338 5174 vero
1376 5117 1657 5173 mulierum
1704 5120 1965 5174 meminit.

389 5210 494 5266 Sed
546 5210 992 5281 quemadmodum
1041 5210 1109 5265 de
1152 5208 1281 5264 Cain
1334 5209 1532 5264 dictum
1580 5219 1687 5277 est,
1727 5209 1970 5282 Cognovit

390 5316 596 5357 uxorem
624 5317 791 5369 suam,
819 5316 939 5356 cum
966 5315 1225 5370 nusquam
1254 5314 1353 5355 nos
1403 5300 1666 5365 docuerit,
1698 5317 1868 5371 neque
1888 5301 1968 5354 di-

387 5392 528 5447 xerit
556 5392 696 5448 unde
721 5392 963 5449 habuerit
982 5406 1203 5447 uxorem
1231 5392 1344 5446 :sic
1373 5406 1501 5446 sane
1525 5400 1580 5447 et
1606 5391 1689 5447 hic
1717 5392 1965 5463 loquitur:

391 5491 489 5549 i9.
515 5486 812 5561 Et‘nccept'l
843 5482 1200 5551 sibiLameclt
1247 5483 1374 5539 duas
1413 5500 1615 5551 uxores,
1659 5500 1840 5539 nomen
1881 5485 1969 5539 uni

404 5582 601 5646 Ada.et
619 5602 801 5640 nomen
826 5575 1062 5632 secunde
1088 5573 1250 5631 Sella.
1278 5574 1368 5631 20.
1397 5573 1461 5628 Et
1482 5575 1683 5645 peperit
1716 5575 1850 5642 Ade,
1882 5575 1967 5630 in-

405 5672 539 5740 quit,
560 5670 711 5727 Jobel
733 5687 751 5726 :
774 5673 855 5730 In'e
869 5674 971 5746 [uir
999 5677 1139 5739 pater
1162 5664 1492 5720 habitantium
1538 5666 1588 5720 in
1635 5667 1968 5722 tabernaculis

1169 5768 1209 5803 9

1081 284 1140 341 8.
1178 280 1453 339 JOANNIS
1488 273 1961 334 CHRYSOSTOMI
2000 270 2314 329 ARCHIEP.
2354 269 2881 326 CONSI‘ANTINUP.

3520 270 3624 326 ’168

2047 396 2324 455 pastorum.
2356 384 2448 440 21.
2489 384 2555 439 Ει
2582 402 2760 440 nomen
2786 385 2934 455 fratri
2960 383 3096 438 illius
3129 382 3284 438 Jubal
3314 397 3326 433 :
3356 383 3436 437 hic
3464 383 3557 452 [irit
3583 388 3627 439 is

2046 476 2131 546 qui
2158 475 2510 531 demonstrauit
2539 475 2896 545 psalteriumet
2922 475 3190 527 citharam.

2116 565 2170 621 ἓ,
2212 564 2346 621 Vide
2384 564 2673 633 Scriptura:
2692 563 3265 634 diligentiam..Doouit
3296 579 3394 619 nos
3438 573 3492 620 et
3533 582 3627 619 no-

2047 655 2187 711 mina
2221 669 2407 711 eorum
2438 655 2524 724 qni
2558 655 2810 711 natisunt
2846 670 2913 709 ex
2953 669 3119 708 uxore
3149 653 3402 718 Lamecli,
3431 664 3484 711 et
3508 672 3643 726 ψιωτ

2048 745 2223 801 studia
2252 744 2465 800 illorum
2488 744 2686 801 fuerint
2715 763 2728 799 :
2762 760 2952 814 nempe
2976 744 3116 815 quod
3147 760 3282 798 unus
3309 745 3511 801 alendis
3541 764 3632 816 pe-

2047 836 2259 890 coribus
2297 835 2455 891 fuerit
2494 835 2723 904 deditus,
2753 845 2808 891 et
2847 838 2984 891 alter
3007 837 3392 907 excogitaverit
3433 840 3631 907 psalte-

2048 926 2183 981 rium
2228 934 2282 980 et
2321 927 2600 983 citharam.
2630 927 2720 982 22.
2768 927 2911 981 Sella
2957 938 3144 995 autem,
3189 926 3380 999 inquit,
3425 940 3471 983 et
3519 930 3633 1001 ipsa

2051 1018 2239 1087 peperit
2267 1016 2546 1083 Tltobel,,et
2571 1028 2679 1072 erat
2706 1018 2991 1081 malleator,
3013 1026 3057 1071 et
3090 1018 3229 1089 faber
3262 1021 3379 1073 teris
3407 1030 3451 1073 et
3483 1022 3626 1091 ferri.

2051 1105 2246 1165 lterum
2281 1117 2335 1163 et
2370 1120 2536 1165 artem
2566 1108 2708 1163 illius
2734 1111 2823 1178 qui
2850 1124 2916 1162 ex
2935 1108 3074 1163 Sella
3101 1109 3629 1175 natuseratindieat,

2048 1198 2189 1268 quod
2238 1215 2428 1270 nempe
2473 1199 2714 1255 fabrilem
2754 1199 2877 1254 atris
2929 1209 3099 1254 artem
3154 1212 3449 1255 exerceret.
3501 1201 3633 1255 Vide

2050 1291 2319 1360 quomodo
2342 1306 2462 1360 qum
2489 1290 2552 1344 ad
2581 1306 2734 1346 usum
2753 1299 2807 1345 et
2824 1290 3164 1346 commodum
3189 1291 3399 1345 humani
3426 1295 3631 1361 generis

2051 1390 2292 1450 spectant
2341 1381 2593 1451 paulatim
2644 1381 2852 1451 provisa
2904 1381 3027 1435 sint.
3082 1381 3144 1435 Et
3175 1381 3401 1450 primum
3449 1381 3634 1436 (Laina

2056 1471 2164 1525 lilio
2186 1486 2282 1525 suo
2300 1471 2566 1526 civitatem
2589 1472 2657 1526 ab
2678 1488 2735 1526 se
2755 1471 3404 1527 tediticatamnominavit.
3431 1473 3626 1527 Deinde

2052 1575 2239 1615 eorum
2268 1561 2359 1631 qui
2384 1577 2449 1617 ex
2491 1562 2744 1617 uxoribus
2781 1561 3011 1617 Lamech
3043 1563 3149 1617 nati
3188 1574 3331 1629 sunt,
3373 1578 3509 1618 unus
3544 1580 3626 1633 pa-

2052 1652 2265 1708 scendis
2305 1652 2582 1723 pecoribus
2626 1667 2684 1707 se
2713 1652 2934 1719 dedidit,
2964 1653 3099 1707 alius
3142 1655 3386 1708 aerariam
3416 1668 3629 1709 exerce-

2054 1744 2139 1798 bat
2165 1785 2180 1809 ,
2228 1745 2364 1799 alius
2418 1745 2576 1801 etiam
2625 1746 2930 1814 psalterium
2963 1755 3015 1800 et
3044 1745 3301 1801 citharam
3343 1746 3631 1802 adinvenit.

2056 1835 2219 1890 Soror
2246 1845 2429 1902 autem,
2467 1836 2655 1906 inquit,
2694 1835 2882 1892 Thobel
2913 1835 3171 1891 Noenum.
3202 1836 3338 1904 Quid
3391 1837 3493 1892 hoc
3538 1854 3631 1892 L0-

2053 1942 2176 1981 vnm
2205 1935 2260 1982 et
2284 1926 2554 1981 insolitum
2576 1928 2599 1980 ?
2625 1927 2774 1982 Nunc
2799 1928 3367 1998 primumnominatim
3394 1929 3637 1985 nmlieris

2055 2022 2318 2079 meminit.
2365 2021 2629 2080 Nonsine
2658 2037 2839 2088 causa,
2870 2038 3039 2093 neque
3071 2032 3287 2089 temere,
3321 2024 3516 2079 sed'ut.
3543 2043 3635 2079 oc-

2056 2113 2258 2168 cultum
2305 2113 2430 2182 quid
2478 2114 2630 2168 nobis
2679 2113 2766 2168 hic
2813 2114 3084 2181 declaret,
3134 2115 3238 2171 hoc
3282 2114 3421 2171 fecit.
3451 2117 3637 2171 beatus

2057 2206 2350 2276 prepheta;
2397 2206 2447 2261 id
2469 2207 2690 2277 quodin
2722 2207 2860 2263 aliud
2892 2216 3111 2277 tempus
3124 2207 3271 2262 vobis
3295 2223 3635 2278 reponemus,

2058 2315 2199 2355 nunc
2231 2301 2503 2355 liistoriam
2553 2316 2841 2371 sequamur
2878 2318 2891 2353 :
2936 2316 3111 2371 neque
3155 2302 3299 2355 enim
3339 2303 3483 2370 parvi
3525 2318 3636 2354 mo—

2057 2392 2223 2447 menti
2252 2392 2503 2463 quiddam
2531 2401 2614 2447 cst
2641 2391 2784 2461 quod
2813 2393 3076 2458 subditur,
3103 2402 3159 2447 et
3196 2393 3425 2461 plurimo
3456 2394 3637 2447 labore

2060 2482 2218 2537 habet
2240 2496 2395 2553 opus,
2424 2496 2487 2539 ac
2511 2480 2847 2551 diligentiore
2879 2482 3242 2551 inquisitione,
3272 2490 3328 2535 nt
3349 2484 3634 2551 possimus,

2058 2572 2302 2627 omnibus
2322 2572 2520 2642 liquido
2537 2573 3087 2641 exploratis,mnltum
3116 2572 3241 2629 hinc
3268 2575 3509 2628 utilitatis
3543 2592 3637 2628 no-

2058 2662 2139 2718 bis
2154 2664 2168 2694 ¹
2191 2662 2402 2719 afferre.
2421 2662 2510 2718 2'5.
2527 2662 2692 2731 Dixit,
2708 2664 2894 2733 inquit,
2910 2663 3130 2719 Lamech
3148 2666 3385 2718 uxoribus
3401 2666 3504 2719 suis
3517 2666 3639 2719 Atla:

2057 2766 2105 2811 et
2137 2755 2329 2811 Sellw:
2361 2755 2542 2811 Audite
2556 2772 2732 2810 vocem
2768 2772 2950 2822 meam,
2969 2773 3150 2811 uxores
3169 2754 3412 2819 Lameclr,
3437 2757 3640 2811 auribus

2061 2847 2300 2918 percipite
2328 2864 2582 2901 sermones
2615 2864 2749 2901 meos
2780 2864 2798 2901 :
2828 2849 2950 2918 quia
2993 2849 3158 2902 virum
3183 2849 3345 2904 occidi
3382 2851 3434 2903 in
3459 2851 3642 2903 vulnus

2060 2939 2204 3004 milii,
2246 2948 2290 2991 et
2318 2939 2751 2997 adolescentulum
2772 2940 2824 2993 in
2871 2942 3175 2997 cicatricem,
3204 2941 3347 2994 milii.
3380 2940 3473 2996 24.
3507 2942 3641 3009 Quia

2060 3030 2239 3098 septies
2263 3031 2387 3084 ultio
2434 3040 2636 3100 sumpta
2684 3039 2754 3086 est
2782 3030 2844 3085 de
2872 3029 3018 3098 Cain,
3038 3030 3111 3097 ,de
3139 3029 3360 3087 Lautecli
3407 3048 3522 3086 vero
3564 3049 3643 3086 se-

2061 3119 2305 3190 ptungirs.
2333 3120 2531 3190 septies.
2577 3121 2838 3187 Obsecro,
2885 3130 3069 3177 mente
3107 3121 3308 3176 intenta
3356 3129 3546 3187 estote,
3588 3130 3643 3178 et

2061 3212 2238 3264 omnia
2281 3225 2399 3279 qua:
2450 3211 2516 3265 ad
2547 3211 2837 3271 saeculares
2858 3226 3013 3267 curas
3055 3213 3343 3285 pprtinent,
3373 3228 3641 3285 seponeih

2064 3309 2161 3362 tes,
2189 3315 2310 3353 cum
2337 3300 2612 3371 diligentia
2659 3317 2779 3371 qua:
2822 3301 3094 3368 dicuntur,
3142 3313 3558 3372 perscrutemur,
3589 3313 3669 3360 ut.

2064 3389 2193 3443 nihil
2220 3405 2405 3448 eorum
2458 3406 2555 3445 nos
2606 3392 2790 3457 lateat,
2823 3393 2919 3448 sed
2965 3402 3218 3463 quantum
3266 3409 3549 3465 possumus
3577 3395 3646 3449 ad

2064 3480 2380 3551 profundum
2413 3483 2660 3552 ingressi,
2688 3484 2955 3541 occultum
2984 3485 3292 3540 thesaurum
3319 3487 3500 3541 venari
3525 3502 3647 3556 pos-

2064 3574 2228 3628 simus
2261 3575 2311 3628 in
2342 3574 2520 3643 paucis
2547 3575 2650 3628 illis
2674 3574 2851 3629 verbis
2881 3575 3154 3631 latentem.
3188 3576 3331 3631 Dixit
3352 3588 3540 3641 autent,
3568 3578 3673 3632 in--

2064 3666 2198 3735 quit,
2228 3665 2449 3719 Lamech
2491 3666 2732 3720 uxoribus
2758 3667 2864 3721 suis
2893 3667 3017 3721 Atla:
3042 3676 3088 3725 et
3119 3667 3275 3723 Sella:
3296 3683 3315 3722 ι
3351 3668 3537 3722 Audite
3561 3685 3648 3724 oo-

2065 3772 2172 3809 cem
2202 3772 2383 3818 meum,
2408 3772 2589 3813 uxores
2618 3755 2859 3823 Lameclt,
2890 3757 3094 3813 auribus
3122 3759 3363 3829 percipite
3395 3775 3647 3814 sermones

2066 3861 2220 3901 meos.
2250 3846 2564 3910 Considera,
2602 3847 2846 3911 obsecro,
2875 3848 3054 3911 statim
3098 3849 3166 3903 ab
3193 3849 3361 3915 initio,
3390 3861 3646 3920 quantum

2069 3937 2141 3991 illi
2192 3937 2445 4007 profuerit
2495 3953 2648 4008 paena
2681 3938 2812 3993 Cain
2842 3940 3091 4011 irrogata.
3124 3938 3239 3997 Non
3285 3940 3459 3995 solum
3505 3942 3675 3996 enim.

2070 4042 2174 4080 non
2206 4036 2484 4096 exspectat
2526 4037 2583 4082 ut
2608 4029 2675 4082 ab
2703 4028 2809 4083 alio
2836 4038 3106 4100 arguatur,
3139 4031 3279 4103 quod
3307 4032 3360 4086 in
3407 4030 3551 4087 idem
3594 4040 3650 4086 ct

2068 4117 2282 4187 gravius
2311 4128 2585 4187 peceatum
2615 4119 2795 4189 lapsus
2837 4120 2925 4187 sit,
2956 4120 3049 4175 sed
3080 4121 3224 4175 nullo
3246 4121 3334 4177 vel
3364 4130 3648 4177 accusante

2071 4210 2153 4265 vel
2187 4210 2512 4280 increpante,
2544 4212 2657 4281 ipse
2690 4211 3032 4285 semetipsum
3059 4212 3397 4267 manifestum
3425 4212 3569 4281 facit,
3586 4222 3651 4269 .et

2068 4299 2354 4354 confitetur
2395 4314 2513 4370 quin
2556 4299 2695 4354 facta
2741 4301 2867 4365 sint,
2892 4300 3318 4372 mulieribusque
3348 4311 3528 4357 narrat
3553 4302 3649 4358 de-

2072 4392 2179 4446 licti
2214 4392 2650 4462 magnitudinem,
2682 4393 2832 4462 quasi
2864 4391 2995 4446 illud
3018 4391 3158 4463 quod
3202 4408 3232 4447 a
3279 4393 3536 4464 propheta
3564 4393 3649 4447 di-

2070 4492 2214 4538 ctum
2253 4489 2355 4548 est,
2384 4481 2611 4550 implens
2640 4498 2655 4536 :
2681 4480 2862 4536 Justus
2889 4484 2969 4536 sui
2994 4484 3152 4554 ipsius
3197 4496 3460 4539 accusator
3496 4485 3651 4539 estin

2073 4574 2320 4647 principio
2350 4574 2592 4628 sermonis
2623 4572 2803 4644 (Prov.
2836 4574 2921 4630 l8.
2957 4574 3070 4646 17).
3101 4576 3392 4631 Plurimum
3414 4577 3556 4632 enim
3583 4576 3649 4632 ad

2071 4661 2405 4720 emendanda
2435 4673 2647 4733 peccata
2673 4664 2814 4719 valet
2835 4665 3125 4722 confessio.
3141 4666 3335 4737 Utique
3364 4668 3505 4722 sicut
3524 4683 3652 4737 gra-

2074 4756 2193 4811 vius
2221 4765 2302 4811 est
2331 4757 2561 4825 peccatis
2605 4757 2753 4827 ipsis,
2787 4768 2905 4827 post
2928 4769 3162 4829 peccata
3188 4762 3501 4826 commissa,
3529 4776 3653 4831 pec-

2072 4855 2189 4902 cata
2235 4846 2458 4901 inficiari
2491 4865 2504 4901 :
2540 4847 2591 4902 id
2620 4848 2760 4918 quod
2808 4848 3075 4904 fratricida
3107 4851 3196 4906 ille
3228 4852 3441 4921 agebat,
3466 4862 3522 4906 et
3568 4867 3655 4907 ro-

2071 4948 2226 5010 gatus
2258 4955 2287 4994 a
2316 4940 2661 4996 misericortle
2702 4942 2833 5010 Deo,
2863 4958 2970 4997 non
3000 4943 3205 5001 solum’
3229 4960 3334 4999 non
3378 4943 3656 5001 confessus

2073 5039 2157 5087 est
2186 5031 2237 5086 id
2267 5031 2407 5102 quod
2432 5046 2595 5087 ausus
2634 5033 2803 5088 fuerat
2835 5042 3046 5103 patrare
3084 5035 3307 5101 facinus,
3345 5035 3438 5091 sed
3469 5043 3524 5090 et
3547 5036 3659 5090 Deo

2075 5123 2288 5178 mentiri
2315 5138 2478 5179 ausus
2502 5132 2586 5183 est
2617 5140 2632 5178 :
2662 5130 2717 5178 et
2742 5123 2862 5181 ideo
2889 5134 2945 5180 ut
2966 5125 3380 5195 .prolongaretur
3403 5126 3511 5179 vita
3535 5141 3661 5188 sua,

2077 5211 2221 5267 fecit.
2252 5214 2414 5285 Igitur
2440 5213 2671 5269 Lamech
2716 5215 2767 5269 in
2813 5215 2900 5269 illa
2947 5216 3059 5284 ipsa
3109 5224 3323 5285 peccata
3366 5217 3660 5272 inciderat:

2084 5299 2179 5353 sed
2210 5298 2393 5353 animo
2414 5305 2697 5367 reputans,
2722 5296 3071 5367 negationem
3091 5300 3313 5369 gravius
3331 5300 3417 5356 illi
3435 5312 3658 5369 parasse

2085 5386 2435 5458 supplicium,
2462 5386 2673 5441 vocatis
2695 5385 3020 5440 mulieribus
3036 5387 3174 5452 suis,
3193 5389 3345 5443 nullo
3363 5387 3660 5458 reprehen-

2150 5549 2165 5580 ι
2194 5548 2292 5595 Sex
2322 5546 2433 5595 Mss.
2462 5551 2515 5593 et.
2534 5543 2705 5600 Savil.,
2728 5541 2877 5595 vobis.

2148 5611 2168 5640 ²
2197 5608 2320 5667 Reg.
2346 5619 2471 5655 unus
2494 5612 2550 5667 et
2578 5605 2728 5655 Savil.
2758 5604 2831 5654 sic
2863 5605 3072 5666 habent,
3094 5611 3140 5657 et
3171 5612 3367 5667 rogatus
3394 5620 3437 5661 α,
3463 5602 3661 5656 miseri-

2086 5672 2231 5720 corde
2258 5666 2375 5729 Deo,
2406 5683 2424 5716 ι
2449 5666 2529 5717 ubi
2550 5666 2666 5717 Abel
2681 5667 2833 5731 frater
2854 5675 2979 5730 tuus,
3010 5684 3028 5718 ι
3055 5682 3149 5719 non
3172 5666 3346 5720 solum.
