4144 6200
393 217 493 273 169

387 347 406 381 ι
427 331 484 384 αἰ
505 332 582 394 εἰς
620 329 832 400 ἐκείνην
858 328 1025 382 ἐλθὼν
1047 328 1140 398 τὴν
1160 328 1386 394 ἔννοιαν,
1408 330 1490 382 ὅτι
1518 331 1723 383 ἐκεῖνον
1755 328 1789 397 ἠ
1817 326 2043 397 ἄρνησις

390 416 774 487 χαλεπωτέραν
796 413 1048 477 δέξασθαι
1095 414 1470 484 παρεσκεύασε
1497 416 1595 486 τὴν
1623 413 1912 484 τιμωρίαν,
1948 428 2046 464 κα-

390 500 552 564 λέσας
581 500 679 564 τὰς
736 500 929 553 ἐαυτοῦ
957 503 1239 569 γυναῖκας,
1278 500 1491 565 οὐδενὸς
1541 498 2047 567 καταναγκάζοντος

389 589 509 643 οὐδὲ
574 586 954 658 διελέγχοντος,
1013 588 1174 653 αὐτὸς
1210 589 1297 642 διὰ
1322 590 1421 660 τῆς
1446 588 1649 651 οἰκείας
1683 586 1930 656 γλώττης
1955 586 2047 638 καὶ⁵

388 675 487 746 τήν
514 674 802 743 ὁμολογίαν
839 673 947 727 τῶν
984 675 1387 746 ἡμαρτημένων
1422 677 1670 735 ποιεῖται,
1706 674 1799 727 καὶ
1821 671 2045 744 συγκρί-

389 777 494 815 νων
533 761 602 814 τά
629 761 719 814 ὐπ’
749 760 914 815 αὐτοῦ
963 762 1298 833 εἰργασμένα
1332 765 1441 824 τοῖς
1486 761 1636 832 παρά
1664 759 1756 813 τοῦ
1790 760 1928 813 Κάῖν
1950 776 2048 811 πε-

390 848 743 919 πραγμένοις,
784 849 959 920 ἐαυτῷ
985 850 1081 920 τήν
1105 850 1373 921 τιμωρίαν
1399 849 1586 922 ὁρίζει.

458 1021 610 1089 Εἶδες
660 1026 985 1096 κηδεμονίαν
1034 1024 1326 1090 Δεσπότου,
1363 1024 1480 1088 πῶς
1531 1024 1623 1077 καὶ
1674 1024 1730 1077 αἰ
1787 1023 2046 1096 τιμωρίαι

388 1114 553 1167 αὐτοῦ
587 1113 993 1183 φιλανθρωπίας
1016 1112 1297 1175 ὑποθέσεις
1317 1113 1442 1174 εἰσί,
1480 1111 1571 1165 καί
1598 1111 1759 1164 ὅτιού
1778 1111 1937 1182 μέχρι
1952 1111 2044 1164 τοῦ

385 1201 486 1270 τήν
511 1199 779 1272 τιμωρίαν
815 1199 1102 1270 δεχομένου
1134 1198 1201 1252 τά
1238 1197 1338 1266 τῆς
1374 1197 1779 1268 φιλανθρωπίας
1812 1198 2043 1263 ἵσταται,

386 1284 518 1338 ἀλλά
548 1285 639 1337 καὶ
665 1286 776 1348 τοῖς
801 1285 1002 1348 λοιποῖς
1030 1286 1296 1356 χρήσιμον
1323 1282 1714 1347 κατασκευάζει
1744 1283 1803 1336 τὸ
1831 1283 2045 1354 φάρμα-

385 1386 500 1435 κον,
528 1371 576 1423 εἰ
613 1369 919 1439 βουληθεῖεν
940 1370 1039 1441 τήν
1061 1368 1122 1433 ἐξ
1138 1369 1300 1423 αὐτοῦ
1324 1368 1587 1438 ὠφέλειαν
1615 1368 2042 1439 καρπώσασθαις

387 1456 557 1510 Πόθεν
577 1455 707 1527 7&9,
732 1456 855 1509 εἰπέ
887 1474 997 1526 μοι,
1038 1457 1066 1509 ὁ
1098 1456 1288 1526 Λάμεχ
1312 1455 1574 1526 ἑτέρωθεν
1607 1456 1699 1508 ἐπὶ
1730 1455 1825 1526 τήν
1850 1455 2047 1508 τοσαύ--

382 1559 484 1612 την
508 1540 891 1612 ἐξομολόγησιν
913 1541 1161 1613 ἐπείχθη,
1185 1545 1232 1595 εἰ
1254 1543 1327 1613 μή
1353 1542 1451 1613 τήν
1477 1542 1539 1595 ἐκ
1568 1542 1677 1596 τῶν
1696 1542 1888 1612 ἐκείνῳ
1910 1560 2046 1613 συμ-

385 1629 591 1685 ϐάντων
643 1630 944 1701 ὑπόμνησιν
984 1626 1098 1699 εἶχε
1154 1630 1413 1699 διηνεκῶς
1462 1629 1623 1683 αὐτοῦ
1675 1629 1770 1693 τὴν
1808 1628 2043 1682 διάνοιαν

382 1714 773 1770 κατασείουσαν
787 1732 802 1777 ;
816 1713 979 1781 Εἵπε,
995 1716 1177 1785 φησίν·
1206 1716 1530 1770 Ἀκούσείτέ
1544 1733 1664 1784 μου
1684 1714 1793 1785 τῆς
1812 1712 2038 1783 φωνῆς,

383 1802 479 1858 καί
502 1802 868 1856 ἐνωτίσασθέ
884 1820 1001 1871 μου
1038 1803 1180 1868 τοὺς
1200 1804 1440 1871 λόγους.
1480 1803 1620 1871 Ὅρα
1654 1801 1769 1865 πῶς
1788 1801 2043 1855 καθ’ὲαυ-

382 1890 472 1944 τὸν
493 1890 834 1960 δικαστήριον
868 1888 1118 1953 καθίσας,
1162 1888 1301 1943 οὕτω
1330 1890 1428 1959 τήν
1475 1891 1816 1961 παράκλησιν
1855 1891 2041 1955 αὐταῖς

383 1977 666 2044 προσάγει,
699 1975 837 2028 ὥστε
890 1976 964 2046 μή
1013 1976 1303 2046 παρέργως
1349 1976 1601 2040 δέξασθαι
1644 1976 1712 2030 τά
1752 1977 2037 2048 λεγόμενα.

382 2066 455 2120 Τὸ
483 2067 590 2136 7&9
619 2068 811 2133 εἰπεῖν,
865 2064 1182 2120 Ἀκούσατέ
1202 2081 1321 2133 μου
1344 2063 1454 2133 τῆς
1471 2064 1697 2135 φωνῆς,
1723 2066 1821 2119 καὶ
1838 2066 2013 2119 ἐνωτί
2021 2095 2040 2107 ο

380 2153 574 2208 σασθέ
610 2171 731 2224 μου
770 2152 912 2219 τοὺς
945 2154 1186 2223 λόγους,
1225 2152 1381 2206 τοῦτο
1410 2153 1694 2224 δηλοῦντός
1725 2156 1868 2207 ἐστι·
1905 2155 2037 2206 Συν-

379 2240 589 2293 τείνατε
646 2239 818 2310 ὑμῶν,
855 2241 1004 2309 φησὶ,
1032 2239 1128 2310 τήν
1158 2240 1411 2303 διάνοιαν,
1447 2240 1541 2293 καὶ
1579 2239 1716 2309 μετὰ
1759 2240 2040 2310 ἀκριϐείας

382 2326 673 2398 προσέχετε
687 2321 769 2390 οἷς
786 2325 932 2398 [174]
952 2328 1095 2397 ἐρεῖν
1114 2326 1308 2396 μέλλω.
1327 2326 1462 2379 Οὐδὲ
1476 2328 1584 2398 7&9
1607 2326 1852 2397 περὶτῶν
1863 2327 2041 2396 τυχόν·

378 2429 484 2466 των
520 2412 645 2483 ὑμῖν
673 2411 1003 2483 διαλέξομαι,
1030 2411 1174 2465 ’ἀλλά
1203 2412 1502 2484 πράγματα
1536 2414 1665 2482 ὑμῖν
1699 2413 2040 2484 ἐξαγορεύσω

378 2498 723 2564 λανθάνοντα,
749 2500 842 2552 καὶ
866 2498 903 2552 ἃ
930 2498 1114 2569 μηδεὶς
1139 2499 1320 2569 ἕτερος
1346 2494 1501 2562 οἶδεν,
1524 2499 1637 2553 ἀλλ’
1665 2499 1698 2569 ἢ
1731 2499 1888 2569 μόνος
1908 2499 2035 2567 ἐγὼ,

378 2587 472 2640 καὶ
501 2589 530 2639 ὁ
559 2587 854 2657 ἀκοίμητος
900 2588 1106 2650 ἐκεῖνος
1141 2585 1435 2657 ὀφθαλμὸς,
1461 2586 1519 2639 ὃν
1550 2586 1801 2650 δεδοικὼς
1827 2586 2039 2640 σπεύδω

378 2672 472 2726 καὶ
515 2673 804 2744 ἐπείγομαι
866 2672 1073 2743 φανερὰ
1130 2673 1258 2744 ὑμῖν
1294 2675 1632 2745 καταστῆσαι
1667 2674 1737 2727 τὰ
1784 2675 1873 2727 ὐπ’
1904 2672 2036 2744 ἐμοῦ

378 2758 757 2829 πεπραγμένα,
803 2760 900 2813 καὶ
948 2759 1098 2822 ὅσαις
1162 2760 1450 2830 τιμωρίαις
1503 2761 1693 2814 ἐαυτὸν
1741 2760 2038 2814 ὑπεύθυνον

379 2844 683 2915 κατέστησα
716 2844 802 2898 διὰ
826 2845 932 2897 τῶν
963 2845 1190 2899 ἀνοσίων
1223 2847 1489 2917 πράξεων.
1514 2847 1643 2899 ’Ότι
1669 2846 1856 2914 ἄνδρα
1892 2847 2036 2901 ἀπέ-

376 2946 600 2996 metra,
653 2931 838 3000 φησὶν,
896 2933 981 2995 εἰς
1018 2932 1247 3000 τραῦμα
1283 2931 1434 3000 ἐμοὶ,
1473 2933 1571 2987 καί
1607 2935 1933 2987 νεανίσκον
1952 2937 2033 3000 εἰς

375 3018 637 3087 μώλωπα
655 3019 802 3088 ἐμοί.
833 3018 962 3072 Ὀτι
988 3018 1234 3085 ἑπτάκις
1258 3017 1631 3086 ἐκδεδίκηται
1672 3020 1740 3072 ἐκ
1769 3018 1937 3084 Κάτν,
1971 3022 2038 3075 ἐκ

375 3106 446 3161 δὲ
465 3106 665 3178 Λάμεχ
711 3105 1214 3176 ἑϐδομηκοντάκις
1241 3105 1410 3160 ἑπτά.
1445 3108 1605 3176 Μέγα
1635 3108 1695 3161 τὸ
1728 3110 2035 3179 εἰρημένον,

378 3194 473 3247 καὶ
495 3193 698 3265 σφόδρα
731 3194 891 3264 μέγα,
926 3195 1018 3247 καὶ
1046 3193 1213 3264 πολλή
1238 3191 1329 3246 τοῦ
1349 3193 1541 3265 ἀνδρὸς
1570 3195 1603 3265 ή
1625 3196 2033 3266 εὐγνωμοσύνη.

376 3281 453 3334 οὐ
491 3279 648 3351 μόνον
675 3280 782 3353 γὰρ
809 3281 1059 3352 ὁμολογεῖ
1089 3280 1150 3333 τὸ
1177 3280 1416 3349 γεγονὸς,
1446 3282 1540 3334 καὶ
1587 3284 1710 3346 τοὺς
1744 3283 1937 3352 φόνους
1960 3288 2039 3349 εἰς

379 3366 542 3436 μέσον
569 3368 709 3436 ἀγει,
735 3366 828 3430 οὓς
860 3368 1170 3439 εἰργάσατο,
1201 3367 1336 3421 ἀλλὰ
1361 3368 1455 3421 καὶ
1468 3368 1555 3422 διὰ
1579 3370 1673 3440 τῆς
1701 3371 2038 3441 συγκρίσεως

375 3452 483 3505 τῶν
511 3453 601 3506 ὐπ’
630 3454 838 3507 ἐκείνου
892 3455 983 3508 καὶ
1014 3454 1103 3506 ὑπ’
1129 3452 1293 3506 αὐτοῦ
1326 3455 1624 3522 γεγονότων
1665 3455 1723 3508 τὸ
1766 3458 2038 3528 ἐπιτίμιον

376 3539 551 3611 ἐαυτῷ
603 3540 894 3611 ἐπιτίθησι.
949 3540 1113 3604 Ποίας
1143 3540 1250 3611 γὰρ
1294 3540 1360 3593 ἂν
1382 3540 1490 3613 εἴη,
1524 3544 1679 3612 φησί,
1709 3543 2038 3616 συγγνώμης

374 3624 522 3690 ἄξιος
548 3630 576 3681 6
608 3627 739 3697 μηδὲ
771 3630 835 3698 τῇ
874 3627 1060 3698 ἐτέρου
1089 3629 1326 3700 τιμωρίᾳ
1353 3631 1760 3701 σωφρονισθείς,
1784 3632 1919 3684 ἀλλὰ
1946 3633 2038 3685 καὶ

375 3713 594 3767 ἔναυλον
622 3713 759 3783 ἔχων
781 3715 878 3785 τὴν
902 3715 1138 3785 μνήμην,
1171 3716 1264 3767 καὶ
1298 3715 1434 3785 πρὸς
1465 3717 1557 3769 ἐπὶ
1593 3716 1798 3780 τούτοις
1818 3718 2037 3773 διπλοῦν

375 3800 745 3870 ἐργασάμενος
776 3802 932 3868 φόνον
952 3817 966 3864 ;
989 3801 1115 3853 Ὅτι
1142 3801 1350 3868 ἄνδρα,
1394 3804 1577 3871 φησὶν,
1608 3804 1929 3858 ἀπέκτεινα
1951 3808 2038 3870 εἰς

375 3884 605 3953 τραῦμα
633 3885 782 3955 ἐμοὶ,
834 3886 931 3940 καί
983 3888 1310 3940 νεανίσκον
1359 3889 1445 3952 εἰς
1471 3887 1734 3956 μώλωπα
1779 3890 1928 3958 ἐμοί.
1960 3892 2033 3944 Οὐ

374 3971 625 4025 τοσοῦτον
658 3972 911 4041 ἠδίκησα,
961 3974 1146 4044 φησὶν,
1207 3966 1465 4037 ἐκείνους,
1510 3973 1601 4037 οὒς
1650 3975 1878 4037 ἀνεῖλον,
1913 3978 2036 4031 ὅσον

374 4057 630 4128 ἐμαυτόν.
664 4058 757 4121 Εἰς
808 4060 1046 4126 ἄφυκτον
1086 4058 1194 4129 7&9
1218 4058 1485 4130 τιμωρίαν
1535 4060 1724 4112 ἑαυτὸν
1764 4061 2033 4126 ἐνέϐαλον,

374 4145 743 4217 ἁμαρτήματα
777 4146 1144 4215 ἐργασάμενος
1174 4145 1501 4215 συγγνώμης
1534 4146 1808 4201 ἐπέκεινα.
1839 4149 1900 4200 Εἰ
1926 4150 2035 4221 γὰρ

372 4231 579 4295 ἐκεῖνος
600 4231 741 4302 ὑπὲρ
767 4231 861 4285 τοῦ
915 4232 1033 4294 ἐνὸς
1065 4231 1225 4300 φόνου
1251 4232 1390 4285 ἑπτά
1422 4233 1713 4304 τιμωρίαις
1735 4234 2035 4301 ὑπεύθυνος

372 4316 613 4385 γέγονεν,
640 4317 748 4386 ἐγὼ
770 4318 976 4380 δίκαιος
1002 4316 1067 4371 ἂν
1089 4317 1205 4386 είην
1223 4318 1677 4389 ἑϐδομηκοντάκις
1700 4321 1840 4374 ἐπτά
1865 4339 2030 4393 τιμω-

376 4408 497 4474 ρίας
527 4404 802 4474 ὑποσχεῖν.
825 4405 980 4468 Τίνος
1008 4403 1193 4457 ἕνεκεν
1222 4406 1317 4457 καὶ
1344 4404 1433 4457 διά
1455 4406 1542 4471 τί;
1578 4405 1642 4460 Εἰ
1679 4407 1787 4478 7&9
1813 4410 1907 4462 καὶ
1945 4411 2035 4478 φό-

372 4505 463 4545 νον
508 4490 712 4553 ἐκεῖνος
761 4491 1073 4561 εἰργάσατο,
1110 4490 1206 4544 καὶ
1229 4491 1458 4559 ἀδελφοῦ
1482 4492 1658 4563 φόνον,
1697 4493 1810 4548 ἀλλ’
1845 4496 2031 4551 οὐδένα

369 4576 622 4632 οὐδέποτε
667 4578 928 4650 πρότερον
972 4578 1303 4649 θεασάμενος
1329 4579 1486 4634 τοῦτο
1531 4584 1886 4653 πεποιηκότα,
1910 4586 2031 4639 οὐδὲ

370 4663 599 4717 κατιδὼν
624 4664 807 4737 ἕτερον
828 4664 915 4718 διά
954 4666 1053 4737 τὴν
1077 4666 1272 4738 πρᾶξιν
1296 4666 1695 4737 τιμωρηθέντα,
1720 4671 1813 4723 καὶ
1841 4671 2032 4724 τοσαύ-

368 4766 469 4819 της
492 4749 818 4820 πειραθέντα
847 4751 943 4821 τῆς
972 4753 1408 4821 ἀγανακτήσεως,
1434 4753 1575 4824 ειπερ
1592 4754 1874 4826 ἀμφότερα
1907 4757 2029 4826 ἐμοὶ

369 4835 519 4901 αὔξει
545 4838 643 4901 τὰς
675 4840 942 4909 τιμωρίας
963 4857 976 4871 ⁸
1003 4841 1084 4893 ὅτι
1106 4841 1200 4893 καὶ
1226 4840 1332 4912 πρὸ
1359 4840 1467 4893 τῶν
1483 4840 1773 4912 ὀφθαλμῶν
1807 4842 1944 4913 ἔχων
1971 4843 2031 4895 τὸ

368 4922 460 4977 ὐπ’
496 4924 700 4979 ἐκείνου
752 4926 1039 4997 τολμηθὲν,
1083 4929 1177 4980 καί
1217 4927 1314 4997 τὴν
1362 4928 1633 5000 τιμωρίαν
1673 4930 1815 5000 ὁρῶν
1858 4929 2030 4995 οὕτως

367 5010 659 5082 ἀνήκεστον
706 5011 892 5078 οὖσαν,
915 5014 1035 5068 οὐδὲ⁹
1064 5013 1235 5078 οὕτως
1262 5016 1687 5088 ἐσωφρονίσθην.
1722 5018 1821 5074 Διά
1870 5019 2029 5073 τοῦτο

366 5096 468 5150 κᾶν
513 5098 966 5170 ἑϐδομηκοντάκις
993 5098 1131 5153 ἐπτά
1154 5100 1424 5169 τιμωρίας
1460 5103 1665 5157 ἐκείνου
1705 5106 2024 5179 ὑποσταίην,

365 5192 487 5246 οὐδὲ
506 5192 649 5246 οὕτω
676 5194 774 5264 τὴν
802 5193 958 5260 ἀξίαν
992 5192 1147 5247 δώσω
1176 5194 1355 5263 δίκην.

431 5373 501 5436 7'.
520 5366 703 5438 Ὁρᾷς,
721 5366 988 5438 ἀγαπητὲ,
1008 5366 1124 5431 πῶς
1156 5367 1497 5432 αὐτεξούσιον
1518 5370 1675 5441 ήμῶν
1691 5371 1786 5443 τήν
1804 5371 2024 5447 γνώμην

358 5450 391 5505 ὁ
424 5452 556 5515 Θεὸς
588 5451 1004 5524 ἐδημιούργησε,
1041 5453 1136 5507 καὶ
1173 5452 1358 5526 ὥσπερ
1390 5455 1757 5527 ῥᾳθυμοῦντες
1789 5461 2021 5515 ὑποσκεο

358 5536 635 5609 λιζόμεθα,
669 5538 810 5593 οὕτω
860 5542 954 5595 καὶ
999 5540 1162 5611 νῆψαι
1207 5541 1555 5616 βουληθέντες
1603 5548 1912 5619 συνορῶμεν
1960 5551 2021 5604 τὸ

357 5622 507 5688 ὁέον;
564 5626 660 5688 Τίς
715 5626 846 5696 γὰρ,
904 5628 1023 5682 εἰπέ
1064 5646 1174 5701 μοι,
1227 5629 1413 5685 τοῦτον
1466 5632 1567 5701 ἐπὶ,
1606 5635 1706 5706 τήν
1750 5637 2016 5709 τοσαύτην

357 5711 738 5784 ἐξομολόγησιν
770 5717 1133 5787 κατήπειγεν;
1164 5717 1350 5783 Οὐδεὶς
1376 5720 1578 5791 ἕτερος,
1607 5723 1719 5776 ἀλλ’
1744 5726 1775 5792 ἢ
1808 5726 1866 5779 τὸ
1896 5744 2016 5782 συν·-

1194 215 1252 270 S.
1293 213 1577 271 JOANNIS
1613 208 2099 269 CHRYSOSTOMI
2137 207 2456 266 ABCBIEP.
2496 206 3029 267 CONSTANTINOP.

3712 205 3813 261 I70

2156 322 2293 388 ειδδς
2331 325 2424 378 καὶ
2457 326 2485 378 ὁ
2523 325 2782 395 δικαστής
2826 325 3027 385 ἐκεῖνος
3053 323 3080 374 ὁ
3108 320 3417 383 ἀδέκαστος.
3456 318 3675 388 Ἐπειδὴ
3706 319 3809 388 γὰρ

2151 416 2229 476 εἰς
2288 412 2556 484 ρᾳθυμίαν
2600 413 2894 475 ἀποκλίνας
2939 413 3015 472 εἰς
3062 409 3218 480 ἔργον
3266 409 3441 478 ήγαγε
3492 407 3592 477 τὴν
3634 409 3810 475 γακὴν

2148 500 2509 572 ἐπιχείρησιν,
2538 499 2736 561 εὐθέως
2766 498 3127 565 κατεξανέστη
3149 496 3209 548 τὸ
3237 494 3472 556 συνειδὸς
3501 493 3806 554 καταϐοῶν,

2148 589 2241 641 καὶ
2270 587 2373 639 τῶν
2401 586 2823 657 ἁμαρτηθέντων
2850 585 2911 637 τὸ
2943 582 3187 655 μέγεθος,
3218 583 3313 635 καὶ
3342 581 3492 643 ὅσαις
3520 579 3807 650 τιμωρίαις

2147 675 2336 728 ἐαυτὸν
2368 676 2663 730 ὑπεύθυνον
2695 676 3004 747 εἰργάσατο.
3038 672 3289 726 Τοιοῦτον
3311 670 3421 742 γὰρ
3453 669 3486 736 ἠ
3528 670 3805 741 ἁμαρτία·

2147 764 2274 834 πρὶν
2307 763 2338 834 ἢ
2373 764 2470 833 μὲν
2493 762 2602 833 γὰρ
2630 761 2991 832 παραχθῆναι,
3028 760 3121 813 καὶ
3159 761 3236 822 εἰς
3274 758 3433 829 ἔργον
3455 756 3648 819 ἐλθεῖν,
3678 774 3807 811 σκο-

2146 854 2229 902 τοί
2249 849 2338 902 τὸν
2358 850 2636 920 λογισμὸν,
2672 850 2767 903 καὶ
2809 850 2993 919 ἀπατᾷ
3029 847 3125 918 τήν
3152 847 3388 901 διάνοιαν
3407 861 3421 876 ο
3461 844 3598 898 ἐπὰν
3634 843 3691 897 δὲ
3714 861 3806 896 τε-

2146 932 2363 1004 λειωθῇ,
2394 934 2513 987 τότε
2545 932 2709 1003 δήλην
2736 935 2865 1003 ἡμῖν
2900 930 2998 1002 τὴν
3038 929 3206 1000 αὐτῆς
3236 929 3463 983 ἀτοπίαν
3495 926 3805 996 καθίστησι.

2147 1020 2238 1072 καὶ
2274 1021 2307 1090 ή
2358 1018 2580 1090 βραχεῖα
2625 1019 2805 1089 ἐκείνη
2862 1018 2955 1072 καὶ
2998 1017 3193 1081 ἄτοπος
3236 1014 3395 1087 ἠδονή
3437 1012 3658 1084 διηνεκῆ
3708 1012 3807 1081 τήν

2145 1106 2335 1176 ὀδύνην
2376 1108 2505 1177 ἡμῖν
2551 1106 2817 1177 ἀντίθησι,
2867 1105 2963 1159 καὶ
3010 1103 3101 1157 τοῦ
3153 1101 3449 1164 συνειδότος
3492 1100 3804 1170 ἀφαιρεῖται

2145 1191 2241 1264 τήν
2282 1193 2611 1266 παρρησίαν,
2642 1195 2732 1246 καὶ
2768 1191 2993 1262 αἰσχύνῃ
3019 1188 3330 1261 περιϐάλλει
3370 1187 3461 1242 τὸν
3491 1186 3705 1241 ἁλόντα.
3746 1186 3804 1238 ’0

2145 1280 2252 1352 γὰρ
2280 1281 2651 1352 φιλάνθρωπος
2691 1279 2965 1349 Δεσπότης
2994 1276 3233 1330 τοιοῦτον
3262 1276 3392 1345 ἡμῖν
3436 1273 3526 1327 τὸν
3571 1279 3804 1344 κατήγο-

2147 1384 2239 1440 ρον
2268 1368 2453 1422 τοῦτον
2498 1368 2814 1436 ἐπέστησεν,
2835 1364 2911 1429 ώς
2945 1364 3207 1435 μηδέποτε
3239 1364 3482 1434 ἠρεμεῖν,
3511 1361 3624 1414 ἀλλ’
3653 1360 3804 1414 ἀδια-

2142 1454 2375 1518 λείπτως
2437 1454 2659 1508 συνόντα
2712 1452 3014 1524 καταϐοᾷν,
3055 1451 3147 1504 καὶ
3202 1449 3356 1520 δίκην
3403 1449 3650 1502 ἀπαιτεῖν
3692 1447 3801 1499 τῶν

2144 1543 2709 1615 πεπλημμελημένων.
2763 1543 2870 1598 Καὶ
2904 1543 3058 1599 τοῦτο
3113 1541 3177 1595 ἀν
3217 1558 3299 1604 τις
3356 1539 3453 1592 ἴδοι
3510 1538 3695 1609 σαφῶς
3739 1538 3801 1604 ἐξ

2141 1631 2319 1684 αὐτῶν
2351 1630 2459 1684 τῶν
2482 1631 2838 1702 πραγμάτων.
2886 1630 2944 1683 ὐ
2973 1628 3080 1699 γὰρ
3120 1629 3333 1700 πόρνος,
3382 1626 3414 1697 ἢ
3457 1626 3485 1678 ὁ
3532 1626 3737 1696 μοιχὸς,
3762 1624 3797 1696 ἢ

2140 1719 2168 1770 ὁ
2208 1717 2389 1789 ἕτερόν
2428 1736 2479 1771 τι
2518 1718 2752 1771 τοιοῦτον
2799 1715 3172 1787 εἰργασμένος,
3228 1712 3327 1767 κᾶν
3372 1713 3579 1775 πάντας
3619 1710 3800 1765 λαθεῖν

2140 1804 2361 1875 δυνηθῇ,
2389 1804 2507 1858 οὐδὲ
2538 1803 2708 1867 οὕτως
2744 1805 2801 1857 ἐν
2830 1802 3034 1873 ἠρεμίᾳ
3076 1800 3267 1869 διάγει,
3310 1798 3421 1852 ἀλλ’
3452 1798 3588 1869 ἔχων
3612 1796 3799 1851 τοῦτον

2139 1889 2230 1942 τὸν
2254 1889 2497 1961 σφοδρὸν,
2542 1890 2843 1959 κατήγορον
2869 1889 2967 1951 τὰς
2994 1885 3226 1954 ὑποψίας
3267 1884 3487 1947 δέδοικε,
3513 1883 3612 1947 τὰς
3639 1882 3797 1946 σκιάς

2138 1974 2350 2047 τρέμει,
2374 1978 2497 2039 τούς
2528 1976 2750 2041 εἰδότας,
2780 1976 2904 2040 τοὺς
2930 1975 3028 2028 οὐκ
3065 1974 3290 2039 εἰδότας,
3313 1972 3530 2042 διηνεκῆ
3554 1969 3797 2040 χειμῶνα

2139 2064 2276 2134 ἔχων
2309 2066 2366 2117 ἐν
2401 2065 2545 2135 ψυχῇ
2585 2064 2676 2118 καὶ
2718 2063 2934 2135 κύματα
2974 2061 3268 2131 ἐπάλληλα.
3317 2059 3428 2113 Καὶ
3472 2058 3593 2112 οὐτε
3628 2056 3796 2120 ὕπνος

2138 2153 2215 2222 τῷ
2249 2150 2472 2220 τοιούτῳ
2517 2151 2665 2221 ήδύς,
2710 2151 2843 2204 ἀλλά
2878 2151 3038 2220 φόϐου
3074 2152 3168 2203 καὶ
3205 2147 3473 2219 δειμάτων
3506 2146 3795 2217 πεπληρωα

2141 2238 2326 2308 μένοςο
2360 2236 2484 2290 οὐτε
2509 2236 2681 2309 τροφή
2707 2237 2896 2308 ήδονήν
2937 2237 3153 2308 ἔχουσα,
3190 2234 3313 2290 οὐτε
3351 2233 3584 2298 διάλεξις
3627 2232 3794 2302 φίλων

2136 2325 2227 2379 τὸν
2264 2323 2502 2379 τοιοῦτον
2545 2327 2871 2395 μεταγαγεῖν
2925 2325 3232 2394 δυνήσεται,
3272 2323 3305 2392 ἢ
3353 2320 3659 2386 ἀπαλλάξαι
3700 2318 3794 2372 τοῦ

2137 2412 2343 2478 ἀγῶνος
2370 2411 2462 2465 τοῦ
2511 2412 2886 2482 ἐπικειμένουο
2934 2411 3065 2465 ἀλλά
3112 2410 3358 2479 καθάπερ
3403 2409 3595 2479 δήμιον
3636 2423 3793 2476 περι-

2138 2500 2315 2571 φέρων
2359 2500 2746 2564 καταξαίνοντα
2794 2499 2954 2553 αὐτὸν
3000 2498 3096 2551 καὶ
3142 2497 3468 2568 μαστίζοντα
3512 2494 3792 2566 διηνεκῶς,

2136 2583 2277 2638 οὕτω
2320 2585 2458 2656 μετά
2511 2585 2609 2654 τήν
2655 2585 2852 2639 ἄτοπον
2910 2585 3106 2654 πρᾶξιν
3162 2583 3374 2652 ἐκείνην
3428 2582 3790 2652 περιέρχεται,

2137 2676 2345 2739 οὐδενὸς
2379 2675 2598 2741 εἰδότος,
2630 2673 2730 2737 τὰς
2775 2674 3078 2745 ἀφορήτους
3121 2672 3331 2735 ἐκείνας
3379 2668 3646 2741 τιμωρίας
3693 2669 3796 2722 ὐπ-

2137 2762 2293 2834 έχων,
2329 2764 2421 2817 καὶ
2448 2764 2704 2832 δικαστὴς
2732 2762 2923 2815 ἐαυτού
2951 2762 3232 2831 γινόμενος
3258 2759 3351 2814 καὶ
3376 2760 3696 2831 κατήγορος.

2218 2850 2356 2904 ’Λλλ’
2407 2854 2436 2904 ὁ
2489 2849 2657 2904 ταῦτα
2711 2849 3066 2920 εἰργασμένος
3112 2848 3206 2902 ἐάν
3261 2846 3492 2919 βουληθῇ
3547 2849 3626 2910 εἰς
3676 2846 3793 2899 δέον

2136 2938 2437 3008 χρήσασθαι
2464 2940 2528 3009 τῇ
2567 2937 2673 2992 ἀπὸ
2703 2935 2793 2990 τοῦ
2828 2935 3122 2997 συνειδότος
3158 2933 3397 3004 βοηθείᾳ,
3442 2932 3537 2987 καὶ
3570 2932 3663 2986 ἐπὶ
3697 2931 3793 3003 τὴν

2134 3023 2515 3095 ἐξομολόγησιν
2562 3025 2670 3077 τῶν
2720 3023 3115 3095 πεπραγμένων
3172 3020 3525 3091 ἐπειχθῆναι,
3572 3020 3666 3074 καὶ
3714 3019 3793 3089 τῷ

2138 3110 2302 3182 ἰατρῷ
2336 3111 2502 3178 δεῖξαι
2536 3112 2595 3165 τὸ
2619 3111 2795 3175 ἕλκος,
2827 3110 2905 3181 τῷ
2935 3108 3286 3180 θεραπεύοντι
3330 3109 3424 3161 καὶ
3477 3107 3551 3179 μή
3600 3106 3792 3160 ὀνειδί-

2135 3197 2299 3262 ζοντι,
2333 3200 2425 3251 καὶ
2456 3198 2523 3251 τὰ
2556 3198 2684 3270 παρ’
2711 3197 2917 3251 ἐκείνου
2951 3197 3215 3267 φάρμακα
3258 3194 3528 3260 δέξασθαι,
3564 3194 3659 3247 καὶ
3695 3192 3792 3263 μό-

2135 3300 2223 3348 νος
2247 3284 2393 3356 αὐτῷ
2424 3285 2785 3356 διαλεχθῆναι,
2814 3284 3038 3355 μηδενὸς
3058 3283 3275 3348 εἰδότος,
3308 3283 3399 3336 καὶ
3425 3280 3602 3334 πάντα
3623 3281 3792 3332 εἰπεῖν

2139 3371 2276 3442 μετά
2320 3372 2623 3444 ἀκριϐείας,
2658 3374 2875 3441 ταχεῖαν
2922 3372 3204 3440 ποιήσεται
3245 3369 3344 3440 τὴν
3379 3367 3660 3439 διόρθωσιν
3685 3365 3791 3418 τῶν

2135 3459 2532 3530 ἐπταισμένων.
2575 3459 2639 3512 Ἦ
2676 3457 2783 3527 7&9
2802 3456 3058 3527 ὁμολογία
3098 3456 3204 3510 τῶν
3251 3454 3651 3526 ἡμαρτημένων
3686 3453 3791 3521 ἀφ·

2134 3545 2358 3616 ανισμὸς
2384 3545 2590 3613 γίνεται
2611 3544 2718 3597 τῶν
2749 3543 3253 3614 πλημμελημάτων.
3271 3540 3422 3613 [175]
3452 3542 3514 3593 Εἰ
3543 3539 3651 3610 γὰρ
3671 3538 3735 3609 δή
3761 3540 3792 3591 ὁ

2136 3631 2325 3702 Λάμεχ
2351 3626 2505 3693 οὗτος
2529 3633 2648 3694 ταῖς
2671 3630 2863 3683 ἐαυτοῦ
2889 3628 3100 3699 γυναιξὶ
3132 3630 3257 3693 τοὺς
3289 3628 3417 3699 παρ’
3444 3626 3607 3681 αὐτοῦ
3636 3641 3791 3694 γενο-

2137 3718 2330 3789 μένους
2368 3719 2560 3788 φόνους
2603 3716 2956 3786 ἐξαγορεῦσαι
2998 3717 3060 3769 οὐ
3112 3716 3481 3788 παρῃτήσατο,
3535 3712 3691 3776 ποίας
3725 3710 3791 3765 ἄν

2135 3806 2324 3874 εῗημεν
2358 3805 2685 3874 συγγνώμης
2729 3804 2888 3868 ἄξιοι,
2925 3803 3001 3873 τῷ
3029 3803 3205 3856 πάντα
3240 3802 3375 3873 μετὰ
3404 3798 3687 3871 ἀκριϐείας
3718 3799 3793 3850 εἰ-

2132 3890 2243 3943 δότι
2286 3891 2352 3943 τὰ
2390 3892 2629 3963 ἡμέτερα
2676 3888 3116 3960 πλημμελήματα
3158 3888 3230 3958 μή
3266 3887 3571 3957 βουλόμενοι
3605 3884 3793 3951 ἐξαγοο

2135 3975 2312 4047 ρεύειν
2354 3977 2421 4030 τὰ
2450 3975 2845 4048 ήμαρτημένα;
2884 3977 2974 4044 Μὴ
3010 3975 3116 4045 7&9
3147 3974 3333 4044 ἐπειδὴ
3373 3974 3575 4042 ἀγνοεῖ,
3604 3972 3793 4043 μαθεῖν

2134 4062 2376 4132 βούλεται
2403 4079 2418 4128 ;
2450 4065 2563 4117 Οὐκ
2590 4062 2774 4134 ἐπειδὴ
2800 4063 3000 4131 ἀγνοεῖ,
3033 4062 3126 4131 τὴν
3168 4063 3295 4131 παρ’
3323 4060 3477 4130 ήμῶν
3504 4058 3793 4130 ὁμολογίαν

2132 4148 2376 4220 ἐπιζητεῖ
2395 4153 2424 4203 ὁ
2452 4150 2625 4203 πάντα
2651 4148 2805 4212 εἰδὼς
2829 4148 2956 4219 πρὶν
2986 4148 3248 4216 γενέσεως
3280 4144 3479 4208 αὐτῶν,
3509 4144 3644 4197 ἀλλὰ
3672 4145 3793 4213 βου-

2130 4235 2352 4306 λόμενος
2380 4238 2526 4308 ἠμᾶς
2553 4235 2686 4307 ὁμοῦ
2727 4236 2820 4289 καὶ
2858 4233 3106 4305 αἴσθησιν
3140 4232 3322 4286 λαϐεῖν
3352 4231 3460 4285 τῶν
3490 4229 3791 4300 ἐπταισμέ-

2130 4340 2237 4377 νων
2263 4321 2352 4377 διά
2385 4325 2483 4394 τῆς
2504 4322 2809 4393 ὁμολογίας,
2839 4322 2931 4376 καὶ
2962 4324 3058 4393 τήν
3094 4317 3509 4391 εὐγνωμοσύνην
3532 4317 3631 4388 τὴν
3663 4318 3791 4386 παρ’

2132 4411 2336 4465 ἑαυτῶν
2364 4408 2746 4474 ἐπιδείξασθαι.
2780 4408 2871 4479 Μή
2905 4408 3012 4480 7&9
3041 4409 3294 4479 χρήματα
3316 4406 3531 4460 ἔπεστιν
3556 4403 3787 4458 ἐνταῦθα

2129 4497 2472 4567 δαπανῆσαι;
2516 4497 2589 4567 μὴ
2620 4496 2728 4569 7&9
2753 4496 2869 4550 ὁδὸν
2901 4495 3115 4566 μακρὰν
3163 4492 3509 4557 στείλασθαις
3565 4491 3641 4562 μὴ
3680 4490 3789 4561 γὰρ

2127 4583 2319 4653 ὀδύνην
2365 4583 2458 4637 καὶ
2505 4583 2793 4654 ἀλγήματα
2843 4581 3071 4653 παρέχει
3109 4582 3143 4652 ἡ
3198 4580 3409 4652 ἰατρεία
3452 4578 3630 4650 αῦτη;
3682 4578 3790 4630 Καὶ

2128 4671 2398 4734 ἀδάπανός
2428 4671 2564 4733 ἐστι,
2602 4669 2695 4724 καὶ
2740 4668 3024 4733 ἀνώδυνος,
3075 4669 3167 4723 καὶ
3211 4670 3427 4738 ταχεῖαν
3475 4665 3790 4736 παρέχουσα

2126 4760 2224 4829 τὴν
2263 4758 2573 4828 θεραπείαν.
2607 4758 2749 4829 Πρὸς
2778 4758 2886 4828 γὰρ
2918 4758 3007 4811 τὸν
3048 4758 3198 4811 τόνον
3244 4757 3342 4826 τῆς
3372 4754 3664 4816 διαθέσεως
3694 4750 3787 4805 τοῦ

2129 4847 2460 4917 προσιόντος,
2494 4844 2635 4900 οὕτω
2675 4846 2767 4899 καὶ
2796 4846 2863 4899 τὰ
2888 4847 3148 4917 φάρμακα
3185 4843 3293 4897 τῶν
3332 4842 3659 4913 τραυμάτων
3687 4857 3789 4910 χα-

2129 4934 2336 5013 ρίζεται
2360 4932 2701 5003 ὁΔεσπότης.
2751 4933 2808 4985 '0
2850 4933 3025 4986 τοίνυν
3062 4932 3379 5002 βουλόμενος
3412 4930 3605 4983 θᾶττον
3654 4928 3788 4999 πρὸς

2127 5025 2334 5094 ὑγίειαν
2365 5024 2694 5087 ἐπανελθεῖν,
2728 5025 2820 5077 καὶ
2845 5023 2911 5076 τὰ
2940 5023 3040 5093 τῆς
3062 5022 3236 5092 ψυχῆς
3264 5021 3395 5091 ’ἐλκη
3430 5017 3786 5090 θεραπεῦσαι,

2128 5114 2264 5185 μετά
2294 5114 2503 5184 νήψεως
2535 5112 2821 5185 προσιέτω,
2853 5112 3067 5164 πάντων
3108 5109 3298 5164 ἐαυτὸν
3331 5110 3643 5179 ἀποστήσας
3680 5107 3789 5161 τῶν

2126 5201 2411 5270 βιωτικῶν,
2448 5199 2623 5271 θερμά
2669 5199 2877 5272 δάκρυα
2912 5198 3206 5269 προχεέτω,
3237 5197 3560 5269 προσεδρίαν
3589 5195 3787 5265 πολλὴν

2124 5288 2530 5354 ἐπιδεικνύσθω,
2561 5287 2738 5341 πίστιν
2788 5287 2987 5358 ἀκριϐῆ
3036 5287 3352 5357 εἰσφερέτω,
3385 5286 3478 5340 καί
3517 5284 3786 5357 θαρρείτω

2123 5375 2216 5429 τοῦ
2249 5374 2431 5446 ἰατροῦ
2463 5378 2527 5445 τῇ
2556 5374 2735 5445 τέχνῃ,
2766 5374 2856 5425 καὶ
2902 5374 3241 5444 παραχρῆμα
3272 5373 3371 5444 τῆς
3406 5372 3615 5441 ὐγιείας
3647 5371 3785 5424 ἀπο-

2122 5462 2394 5517 λαύσεται.
2422 5456 2572 5524 Εἶδες
2610 5458 2789 5532 ἰατροῦ
2827 5459 3131 5530 φιλοτιμίαν
3162 5460 3361 5523 παντὸς
3396 5458 3601 5529 πατρὸς
3636 5458 3785 5527 φιλο-

2126 5549 2379 5621 στοργίαν
2413 5545 2845 5617 ἀποκρύπτοντος
2870 5562 2885 5610 ;
2916 5545 3007 5616 Μὴ
3036 5545 3144 5617 7&9
3175 5545 3311 5618 βαρύ
3350 5564 3402 5600 τι
3431 5548 3523 5601 καὶ
3551 5544 3786 5615 ἐπαχθὲς

2126 5638 2255 5708 παρ’
2274 5634 2430 5709 ἡμῶν
2450 5633 2695 5704 ἐπιζητεῖ
2712 5650 2725 5694 ς
2757 5632 3049 5704 Συντριδὴν
3071 5633 3315 5705 καρδίας,
3337 5631 3595 5703 λογίσμθῦ
3627 5633 3790 5687 κατάτ

2122 5725 2290 5798 νυξιν,
2321 5721 2604 5794 ὁμολογίαν
2624 5718 2976 5790 πταίσματος,
3005 5721 3330 5792 προσεδρίαν
3360 5719 3781 5792 συντεταμένην·
