4144 6200
392 220 490 279 169

388 334 549 392 dente
576 334 655 389 vel
685 340 959 404 arguente,
991 331 1103 401 ipse
1131 344 1227 383 sua
1255 328 1431 399 lingua
1478 342 1526 385 ct
1576 328 1965 385 confessionem

391 438 726 499 peccatorum
758 424 886 489 edit,
916 432 971 478 et
995 421 1277 477 conferens
1319 435 1438 489 qua:
1467 434 1496 472 a
1540 433 1599 474 se
1630 418 1766 473 facta
1795 431 1965 485 erant,

389 534 510 574 cum
539 517 605 572 iis
624 530 742 586 qua:
771 530 799 568 a
829 512 981 578 Cain,
1011 527 1220 583 ptenam
1254 510 1458 580 sibiipsi
1485 509 1687 564 definit.

464 606 627 661 Pana
674 605 868 659 occasio
920 600 1300 658 misericordias.
1349 629 1421 640 —
1448 598 1634 653 Vidisti
1680 596 1969 668 provnden-

388 699 515 752 tiam
565 696 806 763 Domini,
867 692 1135 765 quomodo
1179 706 1353 763 poena:
1396 691 1538 746 illius
1582 691 1795 746 occasio
1845 698 1971 744 sunt

386 784 805 851 misericordia},
833 795 886 838 et
930 781 1293 837 misericordia
1343 796 1448 835 non
1481 779 1655 835 solum
1705 779 1772 834 ad
1821 779 1967 834 illum

389 879 638 948 pertingit
659 877 745 946 qni
781 889 934 946 pmna
971 874 1236 944 plectitur,
1267 872 1360 928 sed
1387 881 1442 927 et
1481 873 1662 927 multis
1691 872 1809 926 aliis
1843 872 1970 927 utile

386 968 551 1023 efﬁcit
595 966 723 1021 illud
780 966 1097 1029 remedium,
1140 964 1300 1019 modo
1355 964 1521 1019 velint
1566 964 1691 1020 inde
1739 962 1969 1019 fructum

387 1058 620 1129 capere?
667 1056 821 1114 Unde
867 1056 1032 1123 enim,
1064 1056 1172 1124 die,
1218 1069 1419 1125 quasso,
1451 1054 1678 1109 Lamcch
1722 1055 1788 1109 ad
1836 1055 1973 1111 hanc

387 1149 779 1206 confessionem
829 1148 1091 1203 adductus
1144 1156 1306 1211 esset,
1354 1146 1456 1200 nisi
1502 1161 1684 1201 eorum
1733 1161 1851 1216 quae
1893 1146 1970 1200 illi

388 1240 743 1310 contigerunt,
774 1238 1086 1293 memoriam
1131 1237 1427 1303 habuisset,
1460 1252 1581 1305 qua:
1625 1235 1767 1291 illius
1792 1236 1969 1291 conti-

391 1344 496 1383 nuo
525 1339 755 1383 mentem
796 1328 1172 1384 concutiebat?
1210 1327 1376 1391 Dixit,
1413 1328 1585 1397 inquit
1616 1346 1630 1380 :
1676 1327 1861 1382 Audite
1886 1343 1974 1381 vo-

390 1436 495 1474 cem
538 1435 719 1484 meam,
747 1428 791 1474 et
830 1420 1037 1473 auribus
1082 1419 1322 1490 percipite
1360 1434 1611 1472 sermones
1651 1435 1807 1473 meos.
1841 1418 1972 1475 Vide

391 1510 659 1580 quomodo
682 1521 869 1565 contra
896 1510 1131 1579 seipsum
1157 1508 1415 1578 judicium
1448 1508 1728 1564 considere
1757 1508 1897 1573 facit,
1919 1519 1974 1566 et

389 1617 480 1657 eas
525 1602 627 1657 hoc
657 1602 819 1658 modo
845 1603 1108 1669 hortatur,
1140 1617 1207 1656 ne
1234 1601 1375 1656 dicta
1414 1603 1743 1673 negligenter
1764 1604 1974 1673 accipe-

388 1702 527 1746 rent.
580 1692 812 1747 Dicendo
861 1691 1028 1757 enim,
1060 1691 1244 1746 Audite
1269 1708 1436 1746 vocem
1482 1709 1669 1759 meam,
1694 1702 1740 1747 et
1766 1693 1972 1748 atm'lms

388 1781 626 1850 percipite
645 1798 901 1835 sermones
927 1798 1082 1849 meos,
1111 1781 1342 1837 Mentem
1376 1790 1631 1849 vestram,
1661 1782 1850 1853 inquit,
1885 1783 1970 1839 in-

388 1882 585 1928 tentam
615 1874 867 1943 praebete,
889 1883 943 1929 et
972 1873 1254 1945 diligenter
1279 1877 1575 1931 auscultate
1594 1891 1712 1946 qua:
1731 1875 1971 1932 dicturus

386 1979 526 2018 sum.
569 1964 683 2019 Non
728 1966 870 2019 enim
908 1964 977 2020 de
1015 1966 1177 2021 rebus
1219 1966 1524 2037 vulgaribus
1567 1967 1719 2022 vobis
1762 1967 1969 2038 loquar,

386 2055 480 2108 sed
497 2056 731 2110 occultas
752 2056 1005 2126 quasdam
1031 2072 1119 2112 res
1140 2058 1292 2112 vobis
1316 2059 1575 2127 aperiam,
1599 2067 1653 2114 et
1677 2059 1974 2115 conﬁtebor

389 2160 449 2198 ea
472 2161 593 2215 quae
616 2146 791 2200 nullus
817 2146 952 2201 alius
982 2147 1102 2214 scit,
1133 2147 1227 2202 sed
1256 2148 1404 2203 solus
1428 2163 1549 2219 ego,
1578 2159 1633 2205 et
1658 2151 1847 2205 oculus
1882 2151 1973 2207 ille

387 2237 477 2306 qui
509 2236 673 2306 sopiri
699 2235 892 2301 nescit,
921 2253 1076 2306 quem
1122 2237 1316 2293 timens
1351 2237 1554 2294 festino
1584 2248 1639 2294 et
1675 2239 1890 2307 anhela,
1915 2250 1973 2296 ut

386 2326 537 2381 vobis
567 2327 742 2397 palam
767 2326 953 2382 faciam
976 2343 1037 2382 ea
1060 2344 1178 2398 qua:
1207 2344 1237 2384 a
1266 2345 1351 2385 me
1372 2339 1495 2385 sunt
1517 2339 1656 2400 acta,
1681 2340 1735 2386 et
1760 2333 1972 2401 quantis

386 2417 559 2486 penis
587 2432 686 2487 ego
732 2417 994 2487 meipsum
1040 2419 1255 2474 nefariis
1280 2420 1530 2489 operibus
1560 2421 1849 2477 obnoxium
1890 2422 1971 2479 fe-

382 2508 567 2561 cerim.
615 2506 749 2575 Quia
782 2507 942 2561 virum
986 2508 1148 2562 occidi
1196 2510 1248 2563 in
1296 2510 1478 2565 vulnus
1520 2511 1675 2575 mihi,
1718 2522 1765 2566 et
1794 2512 1971 2567 adole-

383 2609 599 2652 scentem
649 2599 702 2652 in
754 2600 1040 2653 cicatricem
1092 2601 1238 2655 mihi.
1306 2602 1560 2669 Quoniam
1610 2606 1792 2675 septies
1841 2607 1969 2661 ultio

382 2700 585 2761 sumpta
612 2701 687 2745 est
712 2692 774 2746 de
798 2690 944 2756 Cain,
972 2694 1036 2747 de
1083 2692 1302 2749 Lamech
1348 2707 1516 2751 autem
1558 2702 1843 2771 septuagics
1884 2719 1967 2756 se-

385 2781 532 2847 pties.
560 2780 803 2852 Magnum
830 2782 954 2852 quid
976 2783 1174 2838 dictum
1201 2794 1304 2852 est,
1333 2797 1386 2841 et
1416 2788 1569 2843 valde
1599 2805 1847 2859 magnum
1874 2811 1887 2845 :
1915 2793 1967 2846 in

384 2871 667 2942 multisque
709 2873 880 2928 bonus
927 2874 1024 2928 viri
1068 2875 1278 2931 animus
1317 2886 1605 2946 spectatur.
1650 2879 1767 2935 Non
1794 2882 1966 2936 solum

381 2962 522 3014 enim
564 2960 760 3017 factum
808 2963 1111 3031 conﬁtetur,
1137 2974 1192 3020 et
1234 2966 1410 3021 cmdes
1452 2968 1520 3024 ab
1563 2983 1622 3024 se
1652 2979 1887 3039 patratas
1912 2973 1964 3026 in

380 3053 611 3109 medium
643 3054 813 3118 affert,
845 3056 938 3111 sed
967 3066 1019 3112 et
1045 3073 1258 3128 ptenam
1298 3058 1397 3114 sibi
1438 3060 1615 3130 infert,
1648 3077 1966 3134 comparans

384 3155 657 3213 peccatum
702 3160 858 3201 suum
892 3156 1112 3216 peccato
1137 3148 1308 3202 Caini.
1349 3150 1463 3216 Qua
1493 3151 1634 3205 enim
1676 3155 1848 3220 venia,
1879 3155 1962 3209 in-

377 3236 508 3306 quit,
536 3235 694 3292 fuerit
715 3237 925 3309 dignus,
954 3239 1041 3309 qui
1067 3240 1285 3294 alterius
1312 3254 1467 3309 ptena
1493 3243 1828 3298 cmendatior
1854 3260 1959 3300 non

376 3326 453 3393 ﬁt,
486 3329 579 3389 sed
621 3340 890 3384 recentem
936 3340 990 3385 et
1020 3330 1226 3385 ﬁrmam
1260 3332 1461 3388 habens
1490 3335 1607 3402 ejus
1650 3339 1962 3392 memoriam

376 3420 594 3489 insuper
633 3421 830 3489 duplex
884 3422 1227 3476 homicidium
1284 3426 1551 3492 patravit?
1596 3427 1728 3492 Quia
1778 3430 1959 3493 uirum,

377 3511 573 3579 inquit,
602 3511 762 3563 occidi
785 3513 837 3564 in
864 3514 1042 3565 vulnus
1071 3513 1213 3576 mihi,
1246 3523 1291 3566 et
1319 3513 1687 3569 adolescentem
1731 3517 1782 3570 in
1827 3518 1961 3571 cica-

376 3611 550 3652 tricem
580 3601 724 3653 mihi.
755 3600 870 3654 Non
912 3609 1134 3668 tantum,
1166 3603 1355 3671 inquit,
1382 3605 1539 3657 nocui
1568 3605 1671 3659 illis
1706 3621 1839 3675 quos
1868 3622 1961 3662 oc-

374 3689 501 3753 citli,
530 3699 782 3758 quantum
827 3689 1077 3759 mihiipsi.
1127 3691 1182 3744 In
1222 3707 1431 3759 paruam
1463 3694 1606 3748 enim
1642 3710 1799 3765 quam
1830 3697 1961 3752 effu-

374 3794 500 3850 gere
528 3796 629 3833 non
659 3794 896 3849 possum,
928 3782 1188 3852 meipsum
1216 3784 1443 3853 conjeci,
1473 3796 1688 3854 peccata
1710 3798 1962 3859 operatus

376 3882 543 3935 tanta,
567 3887 685 3943 qua:
707 3872 915 3926 veniam
941 3887 1044 3927 non
1073 3884 1367 3930 merentur.
1390 3876 1523 3932 Nam
1549 3879 1593 3933 si
1623 3880 1709 3934 ille
1736 3895 1833 3950 pro
1854 3898 1959 3938 una

373 3965 519 4019 caede
548 3973 753 4035 septem
788 3968 959 4034 paruis
996 3965 1262 4022 obnoxius
1310 3967 1480 4025 factus
1507 3982 1611 4039 est,
1639 3988 1738 4044 ego
1768 3975 1959 4046 dignus

374 4054 563 4110 fuerim
595 4055 682 4124 qui
706 4069 783 4124 se;
806 4055 1007 4125 tuagies
1036 4055 1233 4126 septies
1258 4072 1467 4126 poenam
1498 4060 1661 4117 luam.
1687 4063 1850 4134 Cujus
1878 4067 1957 4121 rei

370 4147 560 4216 gratia,
597 4154 653 4200 et
689 4146 893 4216 quare?
936 4147 1066 4202 Nam
1114 4148 1237 4205 licet
1279 4150 1486 4208 caedem
1530 4153 1620 4209 ille
1646 4158 1953 4226 patraverit,

367 4252 594 4309 eamque
642 4237 841 4306 fratris,
881 4248 1114 4296 attamen
1160 4243 1307 4298 nullo
1353 4261 1603 4317 umquam
1644 4256 1799 4304 antea
1828 4265 1957 4306 con-

365 4338 549 4396 specto
576 4327 667 4398 qui
698 4328 800 4384 hoc
840 4330 1071 4399 fecisset,
1108 4347 1282 4404 neque
1323 4335 1430 4390 alio
1470 4337 1585 4393 viso
1610 4341 1698 4408 qui
1743 4355 1954 4411 poenam

366 4414 607 4473 dedisset
646 4418 910 4488 ejusmodi
960 4420 1229 4487 facinoris,
1263 4432 1318 4479 et
1363 4435 1561 4482 tantam
1591 4429 1723 4484 iram
1767 4431 1955 4489 fuisset

363 4518 637 4578 expertus,
666 4525 786 4581 qua:
810 4520 1037 4582 utraque
1066 4513 1194 4569 mihi
1217 4530 1405 4586 pmnas
1423 4529 1617 4590 augent
1642 4539 1656 4576 :
1682 4524 1803 4593 quia
1829 4534 1954 4580 ante

362 4600 545 4656 oculos
592 4600 794 4658 habens
836 4603 978 4674 quod
1024 4603 1093 4659 ab
1134 4605 1226 4661 illo
1273 4608 1635 4679 perpetratum
1681 4612 1870 4677 fuerat,
1900 4625 1955 4671 et

363 4710 577 4766 pennam
608 4698 795 4755 videns
827 4700 906 4755 sic
951 4700 1395 4759 immedicabilem
1424 4719 1575 4772 esse,
1617 4709 1823 4765 cautior
1868 4709 1946 4764 fa-

359 4798 478 4843 ctus
500 4803 606 4843 non
629 4805 767 4844 sum.
794 4790 1079 4860 PrOpterea
1102 4791 1228 4847 licet
1246 4797 1544 4866 septuagies
1567 4799 1762 4868 septies
1783 4800 1950 4869 magis

361 4894 521 4948 quam
554 4879 640 4934 ille
673 4881 908 4950 puuircr,
931 4891 1165 4939 attamen
1197 4898 1369 4955 neque
1397 4886 1475 4942 sic
1500 4886 1713 4958 dignam
1742 4889 1945 4945 lucrcm

364 4984 600 5040 prunam.

434 5062 487 5114 3.
518 5059 754 5114 Liberum
766 5063 1026 5119 arbitrium
1040 5065 1281 5120 hominis.
1303 5097 1375 5107 —
1393 5066 1572 5135 Vides,
1587 5067 1799 5135 dilecte,
1816 5085 1946 5140 quo-

362 5150 522 5206 modo
552 5161 787 5207 nostram
814 5153 955 5211 Deus
994 5165 1228 5213 mentem
1258 5157 1409 5214 liberi
1435 5159 1637 5215 arbitrii
1661 5160 1864 5228 fecerit,
1894 5173 1949 5218 ct

365 5242 504 5297 sicut
558 5243 605 5298 si
683 5243 896 5300 desides
964 5247 1131 5304 simus
1216 5250 1665 5321 supplantamur,
1740 5253 1813 5308 ita
1894 5264 1950 5310 et

361 5334 405 5388 si
433 5334 618 5404 vigiles
642 5348 760 5390 esse
794 5337 1141 5409 voluerimus,
1167 5350 1486 5397 contuemur
1524 5342 1577 5398 id
1626 5344 1766 5414 quod
1791 5359 1950 5415 opor-

364 5424 476 5479 tet?
501 5424 631 5492 Quis
650 5425 792 5480 enim
820 5426 998 5493 istum,
1039 5428 1145 5496 dic,
1185 5433 1428 5501 obsecro,
1457 5432 1524 5488 ad
1545 5433 1703 5489 talem
1740 5435 1947 5491 confes-

361 5516 567 5570 sionem
592 5514 805 5587 adegit?
830 5516 1015 5572 Nullus
1034 5518 1168 5575 alius
1194 5536 1352 5592 quam
1374 5523 1722 5592 conscientia,
1771 5525 1944 5581 incor-

359 5614 544 5678 ruptus
583 5607 672 5665 ille
697 5608 881 5680 judcx.
913 5610 1046 5676 Quia
1074 5611 1215 5667 enim
1244 5627 1309 5669 ex
1331 5613 1532 5672 desidia
1571 5613 1623 5671 in
1668 5625 1944 5687 peccatum

1487 214 1552 270 IN
1590 214 1741 270 CAP.
1778 213 1862 269 ιν.
1904 211 2141 270 GENES.
2172 211 2402 267 ilOMlL.
2443 209 2562 267 XX.

3564 224 3663 278 I70

2078 325 2452 390 declinaverat,
2497 334 2551 380 et
2588 325 2762 381 scelus
2794 341 2954 398 opere
2999 327 3291 399 perfecerat
3321 348 3336 386 :
3369 334 3548 389 statim
3582 336 3662 389 in-

2076 417 2308 473 surrexit
2332 417 2678 483 conscientia,
2712 418 3023 493 inclamans,
3054 430 3212 492 atque
3228 422 3514 481 ostendens
3539 441 3663 495 pec-

2077 519 2314 564 catorum
2338 507 2775 578 magnitudinem,
2807 519 2861 564 et
2886 512 3095 581 quantis
3115 513 3345 585 seipsum
3373 516 3544 585 poenis
3567 519 3664 575 ohe

2078 599 2293 653 noxium
2336 598 2681 654 reddidisset.
2706 599 2777 655 ita
2809 599 2949 656 enim
2978 616 3036 656 se
3075 600 3235 658 habet
3271 615 3564 673 peccatum,
3602 617 3664 664 ut

2076 689 2378 759 priusquam
2420 688 2530 754 fiat,
2562 697 2615 743 ct
2662 688 2730 743 ad
2755 704 2889 759 opus
2934 692 3227 761 perveniat,
3274 695 3587 752 obtencbret
3609 707 3664 753 ct

2075 778 2305 848 decipiat
2348 786 2581 833 mentem
2627 796 2640 831 :
2690 789 2966 850 postquam
3014 791 3191 836 autem
3235 796 3662 845 consummatum

2077 866 2255 931 fuerit,
2286 867 2565 925 manifeste
2616 884 2766 924 suam
2813 870 2968 925 nobis
2992 871 3374 929 absurditatem
3428 876 3664 945 proferat

2075 968 2128 1014 et
2155 958 2402 1014 ostendat
2430 976 2443 1012 :
2466 960 2546 1014 sic
2571 959 2746 1016 brevis
2773 961 2859 1016 illa
2885 969 2939 1017 et
2967 962 3197 1017 absurda
3222 963 3466 1034 voluptas
3487 969 3662 1022 conti-

2076 1066 2236 1104 nuum
2269 1051 2432 1106 menti
2453 1051 2691 1107 dolorem
2724 1053 2926 1119 inserit,
2953 1054 3397 1127 conscientiaque
3416 1055 3661 1112 fiduciam

2074 1140 2265 1205 aufert,
2298 1150 2455 1212 atque
2481 1141 2626 1197 illum
2658 1142 2748 1213 qui
2793 1142 3129 1199 succubuerit
3175 1144 3488 1202 confusione
3538 1162 3661 1217 per-

2075 1231 2264 1287 fundit.
2281 1233 2545 1304 Benignus
2560 1234 2701 1289 enim
2718 1235 2855 1289 Deus
2873 1234 3198 1305 ejuscemodi
3219 1237 3370 1292 nobis
3389 1248 3664 1294 accusato-

2077 1337 2189 1377 rem
2239 1324 2489 1379 assistere
2513 1325 2699 1391 voiuit,
2733 1325 2819 1395 qui
2851 1340 3137 1396 numquam
3163 1326 3424 1397 quiescat,
3456 1328 3548 1384 sed
3575 1329 3661 1385 in-

2075 1413 2382 1470 desinenter
2420 1416 2512 1471 ille
2539 1417 2893 1488 congrediens
2918 1418 3130 1484 clamet,
3155 1427 3208 1473 et
3233 1434 3444 1489 ptenam
3489 1424 3665 1494 exigat

2074 1505 2409 1564 delictorum.
2442 1510 2510 1565 Et
2558 1510 2662 1566 hoc
2707 1512 2826 1582 quis
2851 1511 3043 1568 viderit
3086 1511 3367 1570 manifeste
3403 1531 3471 1575 ex
3508 1514 3662 1573 factis

2076 1596 2223 1668 ipsis.
2269 1598 2545 1656 Scortator
2567 1603 2731 1670 enim,
2763 1602 2847 1658 vel
2875 1602 3108 1669 adulter,
3135 1604 3215 1658 vel
3245 1604 3337 1674 qui
3381 1606 3525 1662 aliud
3557 1608 3664 1665 tale

2074 1689 2324 1758 quiddam
2356 1691 2590 1761 admisit,
2621 1693 2779 1748 etiam
2807 1694 2851 1751 si
2882 1708 3070 1750 omnes
3095 1693 3265 1750 latere
3290 1705 3469 1765 queat,
3502 1714 3661 1754 num-

2074 1795 2230 1848 quam
2277 1789 2453 1836 tamen
2483 1782 2560 1837 sic
2603 1783 2654 1837 in
2700 1784 3079 1854 tranquillitate
3119 1785 3288 1853 vivit;
3336 1787 3429 1842 sed
3461 1788 3664 1845 habens

2074 1886 2252 1926 acrem
2282 1872 2430 1928 illum
2451 1883 2814 1930 accusatorem
2842 1916 2855 1941 ,
2891 1875 3223 1946 suspiciones
3246 1877 3415 1944 timet,
3443 1879 3664 1935 umbras

2076 1964 2352 2025 tremiscit.
2404 1973 2458 2019 et
2497 1979 2591 2019 eos
2619 1966 2705 2034 qui
2736 1965 2934 2020 conscii
2962 1974 3103 2030 sunt,
3137 1976 3191 2021 et
3232 1968 3322 2037 qui
3362 1983 3470 2024 non
3498 1981 3662 2035 sunt;

2073 2060 2435 2122 perpetuaque
2460 2053 2513 2106 in
2540 2054 2722 2107 animo
2754 2054 2870 2123 ejus
2910 2061 3197 2123 tempestas
3223 2064 3326 2123 cst,
3350 2066 3404 2112 et
3430 2058 3661 2129 recipro-

2074 2150 2256 2197 cantes
2282 2157 2345 2197 ac
2383 2143 2635 2197 contrarii
2662 2142 2872 2198 fluctus.
2897 2144 3118 2213 Insuper
3141 2161 3315 2217 neque
3354 2161 3573 2204 somnus
3611 2150 3661 2205 ei

2075 2229 2274 2297 suavis,
2333 2230 2430 2284 sed
2486 2240 2688 2287 terrore
2743 2241 2796 2287 et
2849 2233 3133 2291 formidine
3184 2236 3372 2306 plenus
3425 2257 3441 2294 :
3490 2255 3662 2311 neque

2072 2319 2223 2376 cibus
2246 2319 2569 2391 voluptatem
2616 2322 2836 2392 praebet,
2866 2338 3040 2395 neque
3083 2326 3375 2382 amicorum
3401 2330 3661 2401 colloquia

2077 2412 2237 2467 talem
2321 2411 2643 2478 refocillare,
2692 2414 2778 2469 vel
2826 2414 3054 2471 liberare
3098 2417 3167 2473 ab
3209 2429 3429 2489 urgente
3474 2424 3663 2477 anxie-

2074 2508 2180 2556 tate
2235 2510 2498 2572 possunt:
2546 2503 2641 2558 sed
2691 2505 2840 2574 quasi
2880 2504 3183 2563 carnificem
3232 2509 3659 2581 circumgestatet

2073 2608 2133 2649 se
2158 2593 2514 2650 lancinantem
2552 2604 2607 2650 et
2630 2594 2982 2666 flagellantem
3013 2600 3299 2669 continuo,
3327 2601 3398 2656 ita
3426 2613 3544 2672 post
3561 2603 3658 2659 ab-

2072 2684 2290 2739 surdum
2314 2684 2443 2740 illud
2472 2687 2673 2741 facinus
2692 2687 3021 2755 obambulat,
3054 2690 3204 2745 nullo
3244 2694 3483 2759 conscio,
3532 2709 3657 2751 sus-

2071 2776 2245 2831 tinens
2282 2777 2642 2834 iutolerabilcs
2665 2792 2852 2849 ptenas
2882 2780 3023 2850 illas,
3070 2790 3125 2837 et
3162 2781 3328 2853 judex
3369 2785 3452 2840 sui
3483 2785 3653 2856 ipsius

2071 2864 2241 2921 factus
2257 2875 2310 2922 et
2324 2876 2621 2923 accusator.

2141 2956 2402 3031 Confessio
2432 2970 2769 3029 peccatorum.
2797 2991 2870 3003 —
2894 2963 3144 3020 Attamen
3165 2963 3255 3032 qui
3284 2964 3402 3022 haec
3438 2965 3582 3035 fecit,
3611 2970 3654 3025 si

2067 3052 2314 3119 voluerit,
2344 3061 2401 3107 ut
2429 3052 2603 3122 decet,
2636 3055 2710 3109 uti
2739 3057 3079 3112 conscientia;
3106 3056 3433 3127 adjumento,
3489 3070 3543 3116 et
3586 3062 3653 3117 ad

2067 3142 2456 3200 confessionem
2483 3143 2779 3201 facinorum
2808 3146 3080 3213 festinare,
3110 3159 3163 3204 et
3192 3150 3340 3206 ulcus
3372 3152 3654 3209 ostendere

2066 3235 2294 3301 medico,
2328 3237 2416 3306 qui
2447 3246 2598 3293 curet
2638 3248 2693 3293 et
2744 3255 2850 3295 non
2895 3241 3198 3311 exprobret,
3242 3252 3402 3314 atque
3445 3246 3512 3302 ab
3559 3247 3652 3303 illo

2067 3328 2301 3383 remedia
2344 3331 2609 3399 accipere,
2647 3346 2709 3386 ac
2735 3333 2833 3387 soli
2851 3332 2900 3387 ei
2922 3333 3082 3403 loqui,
3114 3335 3260 3389 nullo
3284 3336 3393 3391 alio
3414 3328 3650 3402 conscio.

2066 3427 2120 3473 et
2148 3418 2331 3473 omnia
2361 3419 2543 3475 dicere
2568 3435 2689 3475 cum
2729 3422 3023 3491 diligentia,
3070 3423 3226 3481 facile
3281 3437 3501 3496 peccata
3554 3444 3648 3484 sua

2066 3507 2393 3561 emendabit.
2421 3505 2701 3562 Confessio
2721 3511 2862 3564 enim
2886 3521 3222 3577 peccatorum
3254 3515 3473 3570 abolitio
3494 3517 3652 3572 etiam

2066 3607 2149 3651 est
2170 3597 2506 3652 delictorum.
2539 3598 2691 3666 Quod
2720 3601 2762 3654 si
2796 3599 3027 3656 Lamecb
3064 3602 3150 3657 ille
3188 3592 3300 3657 suis
3345 3606 3654 3665 mulieribus

2066 3686 2241 3741 caedes
2268 3703 2296 3741 a
2324 3702 2383 3742 se
2404 3689 2718 3744 commissas
2744 3690 2989 3760 detegere
3014 3701 3068 3747 et
3091 3693 3332 3749 confiteri
3363 3710 3468 3750 non
3504 3697 3649 3753 refu-

2063 3778 2158 3847 git,
2181 3777 2325 3847 quali
2351 3779 2550 3835 erimus
2582 3782 2738 3835 venia
2761 3780 2924 3852 digni,
2957 3783 3002 3838 si
3030 3784 3081 3839 ei
3109 3785 3201 3856 qui
3238 3787 3418 3842 omnia
3471 3795 3649 3844 nostra

2064 3879 2310 3925 accurate
2350 3870 2498 3925 novit
2541 3872 2754 3937 delicta,
2807 3874 3048 3932 confiteri
3100 3888 3318 3948 peccata
3370 3880 3651 3937 nolumus?

2064 3958 2203 4015 Num
2242 3961 2364 4031 quia
2418 3962 2643 4032 ignorat,
2697 3964 2907 4021 discere
2936 3966 3090 4022 vult?
3129 3967 3472 4041 Nequaquam
3524 3973 3647 4043 quia

2063 4051 2289 4121 ignorat,
2313 4051 2707 4112 confessionem
2733 4071 2763 4111 a
2786 4056 2941 4113 nobis
2966 4059 3207 4129 requirit,
3235 4063 3325 4132 qui
3350 4063 3527 4117 omnia
3550 4065 3651 4120 scit

2061 4154 2345 4216 antequam
2371 4144 2535 4200 ﬁant:
2565 4147 2661 4203 sed
2715 4146 2901 4204 volens
2951 4164 3048 4218 per
3099 4150 3494 4208 confessionem
3549 4169 3649 4211 nos

2061 4251 2275 4307 quoque
2302 4246 2645 4307 peccatorum
2673 4238 2871 4296 habere
2887 4254 3126 4307 sensum,
3165 4249 3221 4297 et
3265 4252 3473 4313 gratum
3520 4259 3643 4317 erga

2059 4344 2120 4386 se
2145 4330 2429 4387 ostendere
2457 4331 2714 4387 animum.
2743 4331 2878 4387 Num
2910 4348 3040 4403 opes
3067 4333 3259 4405 aliqua:
3288 4335 3375 4391 hic
3394 4345 3519 4392 sunt
3551 4352 3643 4393 ex-

2059 4420 2386 4492 pendenda}?
2402 4437 2525 4477 num
2543 4421 2757 4492 longum
2776 4424 2877 4480 iter
2894 4424 3289 4496 suscipiendum
3301 4425 3327 4479 ?
3349 4442 3474 4482 num
3491 4427 3647 4483 dolo-

2058 4527 2173 4568 rem
2198 4520 2253 4569 et
2280 4515 2546 4570 cruciatus
2579 4513 2867 4571 afferthazc
2909 4515 3215 4573 medicina?
3256 4517 3473 4589 Absque
3500 4534 3646 4576 sum-

2057 4610 2153 4672 ptu
2179 4603 2484 4658 etcruciatu
2511 4612 2592 4659 est
2621 4618 2856 4674 praesens
2881 4604 3247 4674 pharmacum,
3279 4615 3332 4661 et
3356 4622 3515 4677 quam
3553 4623 3644 4663 ce-

2060 4691 2278 4747 lerrime
2303 4702 2473 4749 curat.
2503 4693 2717 4750 Etenim
2738 4693 3028 4749 secundum
3049 4694 3297 4749 affectum
3322 4705 3377 4751 et
3404 4697 3641 4753 animum

2057 4784 2382 4851 accedentis,
2413 4785 2491 4840 sic
2518 4793 2574 4840 et
2609 4784 2846 4840 remedia
2876 4786 3152 4840 vulnerum
3196 4785 3417 4858 largitur
3464 4788 3646 4845 Denti-

2056 4888 2175 4929 nus.
2201 4874 2365 4945 igitur
2385 4875 2475 4944 qui
2504 4874 2615 4929 vult
2658 4873 2835 4929 statim
2876 4874 2942 4929 ad
2977 4875 3257 4929 sanitatem
3294 4875 3494 4946 redire,
3531 4880 3645 4933 ani-

2058 4982 2266 5038 mmque
2291 4981 2477 5022 curare
2506 4967 2706 5033 ulcera,
2739 4966 2914 5023 sobria
2941 4976 3121 5023 mente
3148 4966 3415 5023 medicum
3464 4969 3643 5035 adeat,

2056 5061 2123 5116 ab
2164 5060 2414 5115 omnibus
2461 5059 2804 5114 surcularibus
2824 5060 2968 5116 curis
3006 5074 3066 5115 se
3111 5060 3385 5127 abdicans,
3443 5061 3646 5118 calidas

2056 5151 2322 5224 lacrymas
2348 5150 2658 5221 profundat,
2680 5151 3047 5208 assiduitatem
3096 5152 3377 5222 plurimam
3428 5167 3541 5224 pra:
3589 5169 3646 5208 se

2057 5242 2211 5307 ferat,
2245 5242 2405 5298 fidem
2432 5242 2640 5298 ﬁrmam
2663 5242 2870 5311 afferat,
2892 5257 2957 5299 ac
2981 5242 3171 5298 medici
3191 5241 3423 5297 confidat
3445 5243 3645 5307 arti,.et

2054 5336 2301 5408 protinus
2329 5336 2610 5391 saninttetn
2640 5343 3024 5406 consequetur.
3050 5333 3237 5389 Vidisti
3263 5332 3457 5389 medici
3486 5334 3641 5390 boni-

2053 5436 2239 5491 tatem,
2271 5426 2337 5482 ad
2376 5441 2534 5499 quam
2555 5426 2601 5481 si
2622 5426 2858 5493 omnium
2880 5435 3090 5496 patrum
3114 5439 3268 5480 amor
3311 5423 3637 5490 conferatur,

2051 5518 2443 5576 obs-curabitur.
2475 5516 2611 5571 Num
2630 5531 2793 5587 grave
2813 5515 3013 5587 aliquid
3038 5523 3094 5572 et
3118 5514 3404 5571 molestum
3433 5530 3464 5571 a
3487 5514 3642 5571 nobis

2056 5609 2321 5682 requirit?
2346 5607 2732 5666 Contritionem
2756 5606 2953 5677 cordis,
2991 5607 3455 5680 compunctioncm
3483 5621 3638 5665 men-
