4144 6200
562 275 658 332 ιτι
1267 266 1321 320 S.
1363 260 1640 319 JOANNIS
1669 255 2150 317 'CllRYSOSTOMI
2193 248 2507 310 AllClllEl‘.
2549 256 3082 316 CONSTANTINOP.
3728 264 3840 326 572

558 388 642 448 tis,
670 380 1057 438 confessionem
1085 377 1283 448 lapsus,
1323 375 1687 430 assiduitatem
1713 373 2016 430 continuam
2043 392 2056 427 :
2080 384 2134 429 et

556 488 662 530 non
705 473 876 528 solum
933 468 1149 539 la'rgitur
1186 467 1464 521 vulnerum
1507 481 1710 530 curam,
1758 473 1864 520 eta
1910 466 2143 535 peccatis

555 564 781 620 mundos
805 558 997 627 reddit,
1025 560 1115 615 sed
1144 562 1196 614 e't
1223 573 1368 624 eum,
1399 558 1486 629 qui
1516 566 1669 612 antea
1695 556 1987 612 innumeris
2018 571 2144 625 pec-

553 660 793 711 catorum
838 650 1065 707 sarcinis
1090 649 1426 720 gravabatur,
1448 648 1650 718 justum
1676 644 1855 703 efficit.
1912 640 1957 702 Ο
1985 650 2146 701 mise-

556 744 800 802 ricordiae
849 740 1264 815 magnitudinem
1299 742 1312 797 !
1345 754 1378 795 ο
1428 738 1678 795 bonitatis
1729 738 2093 794 excellentiam
2127 739 2141 793 ι

553 828 652 907 Qui
683 836 938 907 peccavit,
957 833 1166 904 quando
1191 832 1473 888 confitetur
1498 839 1735 901 peccata,
1761 831 1966 885 veniam
1988 830 2140 902 petit,

550 931 852 1001 etposthac
882 928 1219 984 securitatem
1271 942 1380 996 prae
1431 941 1488 980 se
1537 924 1660 992 fert,
1710 933 1930 995 repente
1973 925 2146 995 justus

559 1025 797 1080 redditur
828 1025 844 1079 ι
873 1024 937 1078 Et
973 1039 1080 1093 quo
1130 1022 1272 1077 clare
1299 1020 1402 1075 hoc
1440 1020 1637 1086 discas,
1659 1019 1781 1073 audi
1832 1017 2143 1089 prophetam

564 1115 827 1175 dicentem
857 1134 873 1171 :
905 1115 1001 1170 Dic
1024 1127 1075 1168 tu
1098 1116 1237 1186 prior
1282 1113 1570 1177 iniquitates
1590 1122 1724 1177 tuas,
1769 1122 1823 1165 ut
1851 1112 2147 1183 justi/iceris

562 1212 581 1280 (
610 1200 842 1264 IsaiJﬁ.
867 1209 937 1264 26
963 1209 1004 1281 ).
1035 1196 1149 1262 Non
1190 1206 1505 1276 simpliciter
1531 1205 1720 1275 inquit,
1755 1202 1852 1258 Dic
1872 1213 1926 1257 tu
1962 1204 2148 1276 iniqui-

559 1312 683 1358 tates
713 1312 846 1368 tuas,
878 1301 970 1357 sed
991 1298 1201 1370 adjecit,
1234 1297 1389 1352 Prior
1415 1312 1435 1352 :
1464 1297 1564 1352 hoc
1591 1306 1691 1362 est,
1747 1311 1816 1351 ne
1869 1306 2148 1366 exspectes

561 1405 614 1451 te
660 1402 992 1465 arguentem,
1047 1406 1116 1447 ne
1189 1388 1514 1460 prsestoleris
1575 1395 1987 1444 accusatorem:
2034 1386 2149 1456 ipse

556 1483 814 1553 praeveni,
846 1494 900 1538 et
928 1497 1054 1553 rape
1078 1481 1343 1537 sermonis
1369 1479 1707 1551 principium,
1738 1488 1797 1533 ut
1822 1478 2147 1533 accusatoris

555 1576 785 1647 linguam
816 1568 1081 1631 occludas.

623 1671 677 1725 4.
704 1670 896 1725 Vidisti
917 1668 1119 1724 Judicis
1141 1667 1557 1738 benignitatem?
1578 1668 1635 1723 in
1664 1665 1911 1721 humanis
1932 1664 2142 1736 quidem

551 1760 768 1836 iudiciis
817 1763 862 1816 si
893 1762 1013 1833 quis
1040 1762 1141 1817 hoc
1182 1750 1412 1827 faceret,
1459 1768 1513 1815 et
1540 1767 1664 1814 ante
1693 1759 1907 1812 allatam
1956 1757 2148 1827 proba-

556 1855 756 1909 tionem
784 1852 1018 1908 faeinora
1040 1853 1406 1917 confiteretur,
1429 1850 1673 1921 quamvis
1693 1849 1831 1918 apud
1858 1849 2146 1903 humanum

560 1944 790 1999 fortasse
811 1944 1045 2014 judicem
1077 1944 1339 1998 tormenta
1370 1952 1423 1997 et
1452 1941 1553 1997 sibi
1585 1939 1937 1995 succedentes
1965 1954 2149 2010 pmnas

562 2033 860 2105 effugeret,
906 2040 1081 2089 tamen
1133 2034 1451 2089 sententiam
1503 2032 1783 2102 capitalem
1835 2032 2053 2084 omnino
2094 2031 2147 2084 in

558 2138 711 2178 suum
754 2134 913 2193 caput
950 2133 1291 2179 accerseret:
1330 2134 1383 2177 at
1413 2120 1775 2178 misericordis
1820 2120 1919 2176 Dei
1949 2129 2001 2174 et
2038 2121 2151 2174 ani-

561 2229 769 2268 marum
801 2216 1105 2269 nostrarum
1135 2204 1323 2269 Medici
1351 2222 1494 2268 tanta
1516 2221 1600 2268 est
1625 2221 1839 2282 tamque
1867 2210 2150 2267 ineﬂ'abilis

557 2306 769 2362 bonitas
789 2315 843 2361 et
862 2306 1254 2385 cletnentia,_ut
1280 2321 1495 2363 onmem
1522 2306 1681 2361 etiam
1713 2320 2019 2361 sermonem
2053 2322 2149 2361 ex-

555 2395 732 2452 cedat.
762 2386 898 2453 Nam
940 2397 983 2452 si
1008 2397 1371 2453 adversarium
1404 2405 1649 2453 nostrum
1691 2397 2141 2467 praeverterimus,

556 2488 827 2544 diabolum
858 2489 1002 2554 dico,
1035 2489 1123 2558 qui
1152 2489 1203 2543 in
1233 2488 1321 2544 die
1342 2489 1434 2544 illo
1462 2487 1533 2544 ob
1561 2487 1747 2543 faciem
1771 2497 2007 2542 nostram
2036 2497 2147 2544 sta-

557 2581 655 2645 bit,
684 2590 739 2636 et
762 2580 871 2651 jam
904 2581 956 2635 in
979 2580 1230 2651 prtcsenti
1259 2580 1387 2648 vita,
1410 2590 1692 2650 antequam
1720 2578 1786 2633 ad
1810 2579 2035 2634 tribunal
2065 2580 2149 2634 in-

556 2671 894 2741 grediamur,
942 2671 1177 2727 facinora
1225 2671 1456 2727 confessi
1504 2670 1790 2739 fuerimus,
1834 2671 2150 2742 dicendique

556 2762 879 2831 principium
906 2762 1265 2832 rapuerimus,
1298 2771 1541 2817 nostrum
1566 2762 1803 2832 ipsorum
1838 2762 1959 2816 facti
1988 2776 2147 2817 accu-

557 2860 799 2918 satores,
827 2852 880 2907 in
906 2858 1105 2907 tantam
1137 2852 1560 2907 misericordiam
1594 2852 1998 2921 provocabimus
2038 2852 2145 2906 Do-

556 2944 784 3013 minum,
830 2954 887 3000 ut
927 2960 1034 3000 non
1079 2945 1253 3001 solum
1299 2944 1456 3000 nobis
1491 2957 1842 2998 concessurus
1886 2943 1974 3011 sit,
2020 2950 2080 2998 ut
2117 2959 2147 2997 a

556 3037 785 3107 peccatis
812 3037 1100 3095 liberemur
1119 3078 1134 3106 ,
1167 3036 1262 3092 sed
1302 3045 1360 3091 ut
1404 3037 1455 3091 in
1479 3036 1746 3105 justorum
1775 3034 2019 3105 catalogo
2048 3035 2147 3090 ad-

556 3126 873 3184 scribamur.
933 3128 1219 3183 Enimvero
1266 3128 1311 3182 si
1368 3125 1600 3182 Lamech
1654 3126 1781 3190 ille,
1839 3125 1929 3195 qui
1975 3140 2148 3195 neque

557 3220 730 3290 legem
764 3219 949 3275 habuit
986 3220 1129 3275 unde
1169 3219 1273 3275 hoc
1310 3218 1520 3275 discere
1564 3225 1775 3289 posset,
1807 3232 1981 3287 neque
2019 3233 2146 3288 pro-

559 3308 750 3380 phetas
780 3310 1004 3378 audivit,
1036 3327 1209 3383 neque
1228 3312 1387 3366 aliam
1416 3311 1577 3366 ullam
1604 3310 2048 3378 admonitionem,
2080 3327 2146 3366 ex

551 3390 758 3469 judicio
804 3402 858 3457 in
886 3410 1073 3457 natura
1118 3403 1279 3458 insito
1321 3404 1567 3458 conscius
1610 3416 1796 3456 eorum
1830 3417 1950 3472 quae
1988 3416 2148 3456 ausus

555 3484 750 3559 fuerat,
779 3492 832 3547 in
857 3490 1093 3549 medium
1120 3493 1299 3549 attulit
1328 3509 1391 3548 ea
1417 3508 1535 3563 qua:
1558 3494 1808 3562 patravit,
1837 3500 1892 3548 et
1910 3494 2145 3564 seipsum

555 3580 934 3639 condemnavit
974 3602 989 3640 :
1040 3583 1310 3656 quomodo
1363 3583 1593 3654 aliquam
1639 3582 2002 3638 defensionem
2050 3598 2149 3639 nos

556 3672 759 3732 habere
798 3677 1115 3746 poterimus,
1148 3678 1370 3733 vulnera
1399 3691 1505 3731 non
1550 3677 1693 3731 omni
1720 3675 1997 3748 diligentia
2047 3676 2149 3731 Do-

556 3765 706 3821 mino
731 3759 1078 3823 ostendentes
1097 3808 1113 3835 ,
1145 3782 1332 3823 eorum
1354 3768 1464 3837 jam
1497 3767 1816 3822 medicinam
1839 3768 1907 3822 ab
1932 3782 1997 3822 eo
2025 3782 2146 3822 sus-

555 3854 802 3926 cepturi?
843 3856 899 3912 id
935 3858 1078 3927 quod
1114 3857 1217 3912 nisi
1260 3872 1404 3912 nunc
1448 3857 1755 3924 fecerimus,
1798 3873 1918 3912 eum
1959 3857 2147 3928 jejuuii

558 3953 769 4016 tempus
785 3956 887 4015 est,
911 3963 1030 4002 cum
1057 3957 1199 4002 tanta
1218 3948 1599 4016 cogitationum
1626 3947 1997 4016 tranquillitas,
2026 3963 2146 4002 cum

558 4037 806 4110 voluptas
840 4039 1017 4095 omnis
1061 4040 1270 4095 sublata
1300 4054 1331 4095 e
1377 4038 1558 4095 medio
1588 4056 1603 4096 :
1635 4037 1972 4108 quandonam
2020 4036 2148 4093 faci-

558 4144 690 4184 nora
712 4139 894 4184 nostra
914 4130 1219 4201 expendere
1239 4129 1569 4201 poterimus?
1591 4128 1795 4183 Idcirco
1817 4142 2030 4197 semper
2053 4141 2149 4182 vos

556 4221 807 4286 obsecro,
831 4230 889 4275 ut
913 4221 1079 4277 sobrii
1105 4222 1222 4275 sitis
1250 4230 1304 4276 et
1325 4220 1532 4291 vigiles,
1558 4229 1611 4275 et
1638 4227 1957 4289 prmsentem
1985 4219 2145 4273 vitam

558 4323 774 4364 omnem
824 4310 879 4364 in
915 4309 1018 4365 hoc
1067 4311 1372 4378 iusumatis,
1412 4319 1469 4364 ut
1509 4309 1821 4364 assiduitate
1871 4308 1959 4363 illa
2010 4308 2152 4364 into-

561 4397 782 4453 lerabile
834 4398 965 4453 illud
1019 4400 1338 4469 supplicium
1387 4399 1728 4470 effugiemus,
1784 4409 1837 4453 et
1885 4399 2145 4470 gehenna:

563 4491 740 4563 ignem
767 4491 934 4547 vitare
963 4492 1250 4563 possimus.
1274 4491 1500 4547 Maxime
1525 4501 1700 4547 autem
1722 4506 1893 4559 nunc,
1926 4491 2145 4561 majori-

564 4596 669 4653 que
697 4581 872 4637 studio
893 4582 943 4638 id
983 4582 1299 4651 curandum,
1325 4583 1539 4654 quando
1561 4592 1778 4653 prepter
1796 4582 1980 4653 jejunii
2008 4592 2143 4637 tem-

560 4687 661 4742 pus
688 4671 952 4729 continuis
996 4673 1394 4745 majoribusque
1419 4672 1656 4728 fruimini
1674 4671 2145 4727 admonitionibus.

559 4758 649 4817 23.
674 4760 915 4835 Cognovit
933 4774 1122 4831 autem,
1152 4764 1341 4835 inquit,
1366 4764 1531 4819 Adam
1555 4761 1715 4816 Evam
1740 4778 1945 4816 uxorem
1965 4778 2107 4815 suam
2126 4778 2146 4816 :

558 4864 607 4908 ct
635 4871 749 4909 cum
776 4858 1108 4925 concepisset,
1142 4857 1335 4928 peperit
1378 4857 1561 4926 ﬁlium,
1588 4865 1634 4909 et
1661 4855 1935 4925 appellavit
1965 4870 2146 4910 nomen

563 4947 708 5002 illius
738 4948 862 5003 Sella
885 4990 901 5015 ,
930 4950 1102 5005 dicens
1123 4966 1143 5003 :
1174 4949 1427 5005 Excitavit
1477 4949 1611 5002 enim
1650 4948 1773 5000 mihi
1798 4945 1935 5001 Deus
1978 4963 2145 5002 semen

564 5038 706 5095 aliud
731 5056 822 5109 pro
846 5039 989 5108 Abel,
1011 5057 1156 5112 quem
1178 5041 1359 5096 occidit
1386 5038 1533 5095 Cain.
1559 5039 1843 5109 Postquam
1874 5038 2144 5109 Scriptura

563 5132 740 5188 divina
767 5134 1129 5205 genealogiam
1161 5148 1328 5204 usque
1353 5133 1418 5188 ad
1445 5130 1676 5188 Lamech
1696 5130 1932 5196 deduxit,
1953 5131 2145 5187 iterum

563 5225 631 5280 ad
651 5223 819 5280 Adam
842 5233 897 5281 et
911 5241 1128 5282 uxorem
1152 5226 1292 5282 illius
1317 5225 1638 5296 regreditur,
1665 5232 1720 5280 et
1738 5224 1863 5280 dicit
1879 5223 2146 5296 :Cognovit

560 5324 730 5369 autem
755 5312 922 5373 Atium
965 5315 1118 5370 Evam
1144 5332 1351 5370 uxorem
1378 5331 1559 5381 suam;
1585 5325 1630 5370 et
1653 5332 1767 5369 cum
1793 5316 2101 5385 concepisset
2124 5355 2141 5385 ,

560 5406 754 5475 peperit
777 5406 961 5474 filium.
991 5407 1361 5477 appellavitque
1386 5423 1566 5461 nomen
1593 5406 1731 5461 illius
1752 5405 1899 5473 Seth,
1923 5405 2094 5460 dicens
2124 5420 2146 5462 .‘

562 5490 816 5550 Excitavit
842 5497 973 5549 enim
1001 5497 1126 5551 milii
1154 5494 1291 5552 Deus
1318 5514 1484 5553 semen
1512 5497 1656 5552 aliud
1687 5512 1779 5567 pro
1808 5495 1966 5561 Abel,
1998 5512 2143 5568 quem

563 5584 743 5640 occidit
771 5587 918 5643 Cain.
947 5574 1187 5661 Peperit,
1221 5590 1423 5662 inquit,
1458 5591 1620 5661 ﬁlium
1663 5589 2031 5663 appellavitque
2055 5606 2148 5645 uo-

564 5691 678 5731 men
725 5676 865 5735 illius
902 5674 1067 5749 Seth,-
1116 5696 1216 5738 ncc
1262 5691 1509 5739 contenta
1562 5690 1733 5737 mater
1784 5679 1925 5751 quod
1975 5680 2144 5752 impo-

2249 371 2442 426 suisset
2467 371 2540 425 illi
2571 386 2785 436 nomen,
2814 372 2942 428 dicit
2968 392 2980 426 :
3005 372 3256 429 Excitavit
3279 376 3411 429 enim
3442 380 3564 433 mihi
3593 380 3730 439 Deus
3749 408 3831 445 δε.

2249 480 2359 516 men
2388 463 2530 518 aliud
2560 480 2654 535 pro
2679 465 2822 531 Abel,
2855 483 3001 537 quem
3030 467 3213 520 occidit
3240 467 3387 523 Cain.
3424 470 3555 527 Vide
3582 470 3670 529 hic
3697 491 3834 546 quo-

2250 553 2410 609 modo
2433 566 2485 609 et
2511 565 2681 610 mater
2703 572 2797 626 per
2818 557 3225 628 appellationem
3251 561 3363 615 nati
3393 561 3486 617 filii
3517 568 3833 624 memoriam

2247 646 2457 700 scelesti
2497 646 2655 716 hujus
2702 648 2881 718 operis
2921 651 3226 706 continuam
3272 655 3544 711 mentibus
3589 672 3834 725 renovat.

2247 744 2409 805 atque
2454 747 2509 790 ut
2561 737 2721 791 etiam
2765 740 2966 809 posteri
3014 742 3233 808 scirent,
3282 744 3408 814 quid
3454 746 3587 803 Cain
3625 761 3837 819 patrare

2250 841 2411 881 ausus
2438 827 2641 896 fuisset,
2671 829 2833 898 dicit,
2868 829 2976 887 Pro
2997 832 3139 900 Abel,
3171 852 3316 905 quem
3337 840 3519 892 occidit
3546 839 3694 898 Cain.
3724 844 3833 899 Do-

2249 916 2410 974 lentis
2435 919 2626 975 anima:
2656 921 2816 977 verba
2843 931 2968 976 sunt
2993 933 3047 979 et
3086 920 3313 981 turbata:
3349 927 3418 984 ob
3444 928 3697 988 facinoris
3724 951 3837 991 me-

2250 1010 2496 1079 moriam,
2518 1012 2824 1083 gratiasque
2847 1015 3053 1084 agentis
3077 1030 3175 1085 pro
3199 1026 3325 1073 nato
3354 1034 3541 1089 puero,
3571 1021 3837 1096 bujusqne

2251 1102 2466 1156 nomine
2510 1102 2650 1159 illius
2674 1105 2896 1161 alterius
2938 1106 3115 1162 scelus
3155 1109 3309 1179 quasi
3350 1111 3403 1165 in
3446 1114 3604 1185 cippo
3646 1117 3838 1174 inscri-

2251 1187 2447 1247 bentis.
2470 1192 2601 1248 Nam
2631 1210 2755 1250 vere
2785 1196 2984 1251 luctum
3023 1214 3129 1253 non
3162 1199 3486 1258 mediocrem
3529 1209 3838 1275 parentibus

2251 1282 2532 1349 attulerat,
2560 1286 2649 1353 qui
2675 1284 2918 1342 dextram
2945 1302 3100 1344 suam
3126 1289 3381 1348 adversus
3413 1292 3632 1352 fratrem
3662 1314 3840 1355 arma-

2254 1381 2427 1440 verat,
2454 1384 2507 1429 et
2528 1383 2635 1429 tam
2657 1391 2838 1432 carum
2861 1378 3008 1433 illum
3035 1389 3089 1435 et
3108 1382 3391 1440 amabilem
3410 1384 3515 1440 illis
3531 1389 3838 1446 ostenderat

2252 1465 2398 1520 lmmi
2434 1466 2723 1537 jacentem,
2754 1480 3041 1536 mortuum,
3085 1480 3140 1527 et
3160 1488 3322 1530 sensu
3366 1488 3663 1537 carentem.
3703 1482 3835 1538 Nam

2254 1556 2380 1611 licet
2405 1560 2724 1613 sententiam
2757 1561 3053 1632 accepisset
3079 1562 3275 1633 Adam,
3300 1565 3461 1622 Terra
3486 1586 3558 1636 es,
3587 1583 3632 1625 et
3654 1574 3707 1627 in
3734 1583 3836 1628 ter-

2251 1664 2362 1702 ram
2403 1642 2610 1706 abibis:
2653 1660 2746 1729 et,
2799 1652 3127 1723 Quocumque
3174 1656 3257 1710 die
3282 1662 3630 1729 comederitis,
3681 1678 3842 1724 morte

2252 1740 2534 1794 moriemini
2556 1741 2707 1813 (Gen.
2730 1728 2782 1798 3.
2814 1744 2902 1799 i9.
2947 1755 2993 1799 et
3021 1745 3076 1800 2.
3124 1746 3215 1821 17)
3246 1765 3259 1801 :
3296 1728 3622 1809 sententiam
3660 1767 3836 1814 tamen

2252 1831 2304 1886 in
2332 1833 2507 1890 verbis
2530 1833 2788 1892 hactenus
2812 1839 3224 1908 cognoscebant,
3251 1850 3304 1896 et
3326 1844 3557 1900 nondum
3581 1861 3841 1905 noverant

2253 1923 2424 1993 qualis
2464 1935 2607 1981 esset
2637 1928 2824 1982 mortis
2848 1929 2985 1984 ratio
3013 1946 3027 1983 :
3060 1930 3155 1985 sed
3199 1930 3286 1988 hic
3328 1934 3532 2002 primus
3560 1937 3628 1992 ob
3658 1939 3838 1995 odium

2255 2014 2305 2068 in
2333 2013 2580 2082 fratrem,
2610 2028 2665 2073 et
2691 2018 2913 2074 livorem
2943 2020 3033 2089 qui
3070 2021 3390 2080 intrinsecus
3418 2026 3567 2082 illum
3595 2031 3836 2099 rodebat,

2255 2106 2307 2160 in
2356 2102 2704 2163 fratricidium
2749 2110 2876 2176 ruit,
2917 2126 3080 2181 grave
3124 2116 3432 2182 parentibus
3475 2122 3837 2188 spectaculum

2253 2195 2535 2254 exhibens.
2558 2200 2789 2256 Proinde
2817 2210 3009 2268 mater,
3033 2220 3152 2273 qua:
3170 2207 3443 2276 paululum
3473 2216 3833 2282 caputerexit,

2253 2286 2307 2344 et
2336 2288 2420 2344 vix
2461 2290 2675 2346 tandem
2717 2293 3000 2362 aliquando
3034 2296 3163 2350 tanti
3202 2296 3376 2353 luctus
3419 2302 3838 2361 consolationem

2254 2380 2476 2445 invenit,
2521 2383 2720 2452 gratias
2747 2384 2858 2453 agit
2899 2385 3124 2440 Domino
3161 2387 3232 2443 ob
3274 2398 3456 2444 natum
3499 2407 3755 2462 puerum,
3786 2406 3840 2451 et

2253 2468 2543 2527 fratricida:
2583 2474 2759 2528 scelus
2791 2474 3046 2542 infamat,
3078 2476 3179 2532 hac
3220 2481 3451 2535 maxima
3486 2481 3633 2539 illum
3683 2500 3839 2554 paena

2253 2558 2493 2616 afficiens
2517 2604 2532 2629 ,
2556 2572 2616 2617 ut
2642 2564 2839 2618 factum
2878 2564 3021 2621 illius
3064 2577 3337 2637 perpetuae
3374 2574 3840 2632 commendaretur

2254 2665 2549 2707 memorum.

2327 2742 2600 2800 Peccatum
2645 2747 2969 2818 opprobrium
3019 2749 3196 2806 inurit.
3222 2782 3298 2793 —
3328 2753 3546 2811 Vidistis
3583 2768 3837 2827 quantum

2252 2834 2450 2889 malum
2488 2837 2557 2891 sit
2586 2840 2900 2907 peccatum?
2931 2848 2985 2895 et
3012 2843 3281 2911 quomodo
3317 2849 3658 2915 peccantibus
3683 2851 3837 2921 igno-

2252 2927 2470 2981 ntiniam
2493 2937 2545 2983 et
2566 2930 2908 2999 opprobrium
2947 2933 3161 2988 inurat?
3184 2935 3390 2992 vidistis
3424 2942 3692 3009 quomodo
3715 2958 3839 3012 pro-

2251 3026 2372 3086 pter
2410 3016 2513 3073 hoc
2540 3018 2717 3076 divina
2760 3024 2930 3092 gratia
2959 3025 3236 3094 spoliatus,
3264 3038 3318 3083 et
3343 3032 3589 3088 omnibus
3610 3034 3663 3088 in
3696 3035 3838 3091 ludi-

2252 3107 2424 3162 brium
2478 3108 2649 3166 factus
2705 3113 2809 3167 sit?
2856 3115 3065 3171 vidistis
3115 3120 3385 3188 quomodo
3433 3130 3489 3176 et
3532 3127 3838 3194 parentibus

2253 3208 2440 3254 natura
2462 3200 2527 3256 ad
2548 3203 2804 3259 amandos
2829 3204 2966 3261 filios
2987 3210 3284 3278 propensis,
3314 3223 3529 3283 propter
3549 3218 3836 3285 pessimum

2253 3287 2356 3343 hoc
2383 3285 2589 3346 facinus
2613 3293 2984 3351 abominabilis
3016 3298 3210 3354 fuerit?
3241 3299 3402 3371 Igitur
3432 3303 3716 3375 fugiamus,
3743 3310 3832 3365 ob-

2256 3397 2452 3451 secro,
2490 3395 2764 3454 peccatum
2827 3389 2968 3457 quod
3016 3393 3175 3446 tantis
3231 3408 3329 3449 nos
3377 3396 3533 3453 malis
3578 3398 3833 3464 involvit.

2253 3483 2307 3529 et
2346 3475 2598 3532 virtutem
2642 3478 2995 3548 arripiamus,
3030 3491 3088 3537 ut
3123 3492 3177 3537 et
3214 3500 3500 3555 supernam
3545 3489 3699 3545 nobis
3746 3492 3839 3548 be-

2251 3566 2604 3622 nevolentiam
2648 3570 3016 3638 conciliemus,
3054 3582 3107 3628 et
3146 3576 3464 3645 supplicium
3504 3578 3834 3651 elfugiamus.

2251 3655 2341 3710 26.
2374 3655 2442 3709 Et
2479 3656 2626 3726 Seth,
2656 3658 2847 3731 inquit,
2878 3671 3027 3717 natus
3051 3673 3123 3718 est
3151 3665 3288 3734 ﬁlius
3304 3682 3325 3732 ;
3354 3670 3629 3738 appellavit
3666 3683 3833 3726 autem

2253 3764 2431 3802 nomen
2461 3748 2600 3805 illius
2631 3749 2771 3805 Enos
2794 3768 2812 3806 :
2837 3754 2918 3807 ltic
2938 3756 3153 3824 speravit
3175 3756 3409 3813 invocare
3431 3777 3609 3814 nomen
3630 3761 3838 3817 Domini

2252 3837 2370 3893 Dei.
2397 3840 2529 3897 Vide
2559 3841 2646 3898 hic
2676 3846 2946 3914 quomodo
2971 3856 3157 3917 postea
3196 3850 3449 3919 paulatim
3493 3853 3839 3911 inStitnantur

2254 3930 2520 4000 homines,
2553 3943 2612 3989 ut
2652 3936 2707 3991 in
2743 3939 3192 4008 appellationibus
3227 3943 3457 4000 filiorum
3492 3948 3631 4017 grati
3671 3950 3834 4004 animi

2253 4021 2507 4077 indicium
2539 4038 2822 4095 reponant.
2858 4029 2952 4084 llic
2979 4045 3210 4102 quoque,
3245 4033 3434 4104 inquit,
3468 4052 3661 4107 nempe
3685 4038 3833 4105 Seth,

2252 4112 2319 4166 ab
2345 4127 2401 4167 se
2427 4114 2664 4185 genitum
2692 4117 2857 4172 filium
2887 4122 3094 4175 vocavit
3122 4123 3285 4178 Enos.
3328 4125 3528 4181 Deinde
3564 4128 3837 4198 Scriptura

2251 4203 2436 4258 volens
2466 4204 2620 4261 nobis
2648 4208 2879 4263 nominis
2900 4211 3311 4280 appellationem
3343 4214 3681 4285 interpretari
3701 4219 3834 4283 λίη-

2251 4293 2401 4365 quit:
2429 4290 2527 4349 llic
2550 4300 2768 4367 speravit
2796 4299 3029 4354 invocare
3053 4318 3231 4356 nomen
3253 4302 3457 4358 Domini
3480 4304 3595 4361 Dei.
3624 4308 3701 4361 Ex
3731 4306 3835 4363 hoc

2251 4388 2391 4443 enim
2415 4389 2637 4459 posthac
2651 4391 2837 4446 beatus
2862 4394 3116 4463 propheta
3138 4398 3501 4467 genealogiam
3528 4399 3836 4469 incepturus

2251 4487 2353 4546 est,
2384 4481 2582 4551 rejecta
2623 4486 2879 4539 memoria
2921 4486 3073 4557 Cain,
3113 4496 3171 4544 et
3211 4504 3395 4545 eorum
3440 4492 3529 4561 qui
3570 4507 3740 4563 usque
3767 4495 3834 4549 ad

2251 4570 2482 4626 Lamech
2507 4570 2574 4627 ab
2601 4588 2666 4629 eo
2693 4574 3103 4632 descenderunt.
3126 4578 3257 4634 Nam
3283 4582 3403 4651 quia
3428 4584 3710 4651 primatum
3736 4599 3835 4639 na-

2252 4671 2369 4719 tura
2397 4664 2500 4720 sibi
2527 4665 2707 4721 datum
2728 4709 2743 4735 ,
2776 4669 3207 4742 primogenitum
3232 4673 3562 4744 dignitatem,
3593 4675 3833 4745 inquam,

2252 4773 2363 4812 sua:
2385 4758 2671 4814 voluntatis
2696 4761 2895 4817 malitia
2922 4762 3321 4832 dehonestarat,
3343 4774 3399 4821 et
3418 4766 3550 4836 ipse,
3579 4778 3630 4822 et
3650 4768 3741 4838 qui
3763 4784 3834 4823 ex

2251 4862 2318 4903 co
2366 4849 2498 4916 nati,
2545 4850 2786 4922 catalogo
2830 4853 3115 4922 ejiciuntur
3153 4872 3166 4908 :
3200 4854 3329 4911 Seth
3375 4873 3503 4912 vero
3552 4857 3693 4927 quod
3734 4859 3834 4912 sibi

2253 4948 2441 4994 natura
2471 4951 2718 5012 negatum
2749 4952 2884 5011 erat,
2912 4945 2964 4999 id
2990 4960 3053 5000 ex
3084 4947 3252 5016 probo
3281 4948 3403 5002 vita:
3435 4950 3673 5004 instituto
3700 4964 3835 5005 eon-

2252 5033 2511 5103 sequitur,
2536 5049 2727 5104 nempe
2753 5035 2806 5090 in
2828 5051 2886 5091 se
2911 5036 3220 5093 translatum
3250 5039 3682 5110 primogenitum:
3704 5041 3790 5111 jus
3814 5058 3831 5098 :

2252 5134 2305 5180 et
2333 5127 2576 5196 quamvis
2602 5143 2709 5183 non
2746 5136 2956 5195 natura,
2985 5139 3219 5187 attamen
3248 5132 3319 5188 ob
3349 5133 3635 5188 voluntatis
3657 5134 3835 5190 inten~

2253 5216 2475 5284 tionem,
2508 5220 2668 5274 etiam
2699 5220 2787 5290 qui
2814 5236 2881 5275 ex
2910 5236 2975 5275 eo
3002 5222 3110 5278 nati
3133 5233 3288 5291 sunt,
3319 5225 3372 5280 in
3398 5226 3724 5297 genealogiis
3746 5243 3837 5284 re—

2251 5310 2556 5365 censentur".
2587 5311 2653 5365 Et
2678 5311 2816 5388 sicut
2842 5310 2929 5367 hic
2953 5312 3097 5369 Enos
3124 5325 3343 5370 vocatus
3364 5326 3465 5384 est,
3489 5332 3554 5373 eo
3579 5317 3719 5388 quod
3750 5318 3836 5372 in-

2252 5400 2461 5455 vocavit
2489 5412 2683 5456 nomen
2708 5386 2916 5456 Domini
2945 5402 3038 5458 Dei
3069 5421 3082 5458 :
3115 5403 3193 5459 sic
3218 5414 3274 5461 et
3291 5406 3382 5477 qui
3409 5421 3472 5461 ex
3496 5421 3561 5462 eo
3585 5386 3837 5475 deinceps

2252 5491 2454 5548 ducunt
2482 5492 2770 5564 originem,
2800 5494 3043 5549 eamdem
3077 5500 3375 5552 sortiuntur
3400 5498 3833 5568 appellationem.

2252 5583 2540 5655 Propterea
2578 5582 2758 5640 beatus
2815 5583 2900 5639 hic
2948 5585 3204 5657 propheta
3250 5587 3512 5644 narrando
3565 5587 3669 5646 hoc
3714 5588 3830 5645 loco

2254 5678 2569 5748 subsistens,
2601 5673 2742 5731 aliud
2775 5676 2964 5734 iterum
2988 5678 3309 5752 principium
3337 5676 3564 5735 orditur.
