4144 6200
344 345 440 404 171

343 463 437 515 καὶ
465 460 525 514 οὐ
557 460 713 532 μόνον
748 460 853 513 τῶν
893 459 1217 530 τραυμάτων
1250 458 1344 528 τὴν
1377 457 1665 528 θεραπείαν
1708 459 2008 530 χαρίζεται,

344 548 438 599 καὶ
458 547 565 600 τῶν
588 546 984 617 ἡμαρτημένων
1001 544 1271 614 καθαροὺς
1290 544 1683 608 ἀποδείκνυσιν,
1703 544 1853 615 [176]
1875 546 2009 600 ἀλλὰ

346 633 439 684 καὶ
464 633 555 686 τὸν
578 633 683 703 πρὸ
706 632 895 685 τούτου
923 632 1135 703 μυρίοις
1162 631 1519 702 βαρυνόμενον
1550 632 1789 701 φορτίοις
1821 633 2004 702 ἀμαρ-

342 718 599 786 τημάτων
614 718 820 771 δίκαιον
844 718 947 770 ἀπε
956 716 1303 788 ργάζεται.Ὢ
1323 716 1728 786 φιλανθρωπίας
1757 717 2002 786 μέγεθος·

343 801 390 853 ὣ
412 802 740 872 ἀγαθότητος
768 803 1056 874 ὑπερϐολή.
1088 803 1189 855 Τὸν
1219 803 1597 874 ἡμαρτηκότα,
1631 802 1847 855 ἐπειδὰν
1877 804 2006 872 ὁμο-

346 887 551 960 λογήσῃ
597 888 666 941 τὰ
713 890 1074 960 ἡμαρτημένα
1125 888 1451 960 συγγνώμην
1496 890 1743 961 αἰτήσας,
1778 890 1870 943 καὶ
1907 890 2005 961 τὴν

345 974 426 1035 εἰς
470 973 531 1025 τὸ
576 973 705 1041 ἑξῆς
746 974 1039 1042 ἀσφάλειαν
1086 975 1414 1046 ἐπιδείξηται
1460 989 1509 1039 ει,
1560 975 1752 1046 ἀθρόον
1801 975 2008 1028 δίκαιον

346 1059 654 1128 ἀποφαίνει.
684 1062 792 1114 Καὶ
817 1062 904 1114 ἵνα
936 1061 1111 1133 μάθῃς
1135 1062 1293 1115 τοῦτο
1325 1063 1529 1131 σαφῶς,
1558 1062 1721 1116 ἄκουε
1746 1061 1840 1115 τοῦ
1874 1079 2012 1133 πρῖ-

349 1145 518 1212 φήτου
572 1144 848 1213 λέγοντος·
886 1147 1035 1216 Λέγε
1075 1148 1156 1201 σὺ
1197 1149 1301 1212 τὰς
1340 1149 1590 1217 ἀνομίας
1616 1165 1730 1201 σου
1759 1147 2005 1215 πρῶτος.

348 1230 450 1283 ἵνα
485 1230 819 1300 δικαιωθῇς.
857 1235 966 1303 Οὐχ
1015 1234 1199 1297 ἁπλῶς
1247 1231 1388 1298 εἷπε,
1429 1234 1576 1304 Λέγε
1613 1234 1694 1287 σὺ
1730 1233 1838 1299 τὰς
1870 1234 2010 1287 ἀνο-

346 1317 489 1384 μίας
541 1334 676 1383 σου,
723 1320 856 1373 ἀλλά
906 1321 1241 1391 προσέθηκε,
1299 1320 1567 1388 Πρῶτος,
1616 1321 1880 1381 τουτέστι,
1932 1320 2006 1391 μὴ

350 1404 645 1475 ἀναμείνῃς
670 1404 760 1458 τὸν
782 1407 1091 1476 ἐλέγχοντα,
1127 1408 1261 1478 μηδέ
1307 1408 1495 1479 ὲκδέξῃ
1534 1409 1623 1462 τὸν
1665 1409 1966 1478 κατήγορον
1991 1423 2006 1440 ·

350 1489 510 1554 αὐτὸς
556 1492 840 1562 προλαϐὼν
890 1493 1136 1560 ἅρπασον
1170 1494 1269 1564 τὴν
1303 1494 1691 1564 πρωτολογίαν,
1735 1493 1821 1547 ἵνα
1870 1494 2007 1546 ἀπο-

350 1574 570 1647 κλείσῃς
601 1576 693 1629 τοῦ
729 1578 1030 1648 κατηγόρου
1059 1579 1157 1649 τὴν
1184 1579 1445 1647 γλῶτταν.

417 1661 478 1715 δ’.
512 1657 661 1725 Εἶδες
682 1663 937 1717 δικαστοῦ
996 1664 1437 1734 φιλανθρωπίαν;
1485 1663 1605 1716 Ἐπὶ
1630 1664 1727 1734 μὲν
1754 1663 1862 1733 γὰρ
1900 1661 2008 1716 τῶν

347 1745 647 1816 ἀνθρώπων
678 1748 1061 1819 δικαστηρίων,
1094 1751 1222 1804 ὅταν
1255 1768 1339 1813 τις
1380 1750 1537 1804 τοῦτο
1574 1750 1794 1820 ποιῆσαι
1840 1766 2010 1803 κατα-

345 1830 580 1903 δέξηται,
635 1834 729 1886 καὶ
777 1836 902 1898 τοὺς
938 1835 1191 1906 ἐλέγχους
1241 1835 1526 1907 προλαϐὼν
1580 1837 1888 1909 ὁμολογήσῃ
1942 1836 2010 1889 τά

347 1920 701 1989 εἰργασμένα,
724 1921 821 1984 τὰς
858 1921 955 1991 μὲν
987 1922 1247 1991 βασάνους
1278 1923 1372 1976 καὶ
1416 1922 1515 1985 τὰς
1556 1923 1887 1993 ἐπαλλήλους
1924 1941 2006 1976 τι-

351 2004 560 2074 μωρίας
592 2007 727 2068 ἷσως
755 2006 1032 2074 διαφυγεῖν
1068 2007 1372 2076 δυνήσεται,
1401 2009 1493 2059 καὶ
1528 2007 1699 2061 ταῦτα
1726 2012 1775 2062 εί
1802 2010 2006 2079 ἡμέρου

348 2089 490 2151 τινὸς
521 2090 749 2159 ἐπιτύχῃ
777 2091 1047 2154 δικαστοῦ,
1076 2092 1173 2161 τὴν
1213 2092 1396 2161 μέντοι
1441 2093 1712 2161 ἀπόφασιν
1738 2094 1836 2164 τὴν
1874 2096 2010 2165 πρὸς

348 2176 574 2231 Θάνατον
606 2177 923 2244 ἀπάγουσαν
960 2178 989 2217 δ
1032 2179 1247 2240 πάντως
1273 2178 1480 2247 δέχεται
1500 2195 1514 2209 ’
1555 2180 1646 2230 ἐπὶ
1688 2179 1745 2231 δὲ
1778 2180 1871 2232 τοῦ
1900 2182 2012 2248 φιλ-

347 2263 629 2333 ανθρώπου
672 2264 804 2316 Θεσῦ
854 2264 947 2316 καὶ
980 2262 1074 2315 τοῦ
1123 2264 1303 2335 ἰατροῦ
1356 2264 1463 2317 τῶν
1503 2264 1782 2335 ἡμετέρων
1822 2267 2008 2335 ψυχῶν

348 2351 552 2419 ἄφατος
590 2352 622 2421 ἡ
657 2351 942 2421 ἀγαθότης,
989 2351 1082 2403 καὶ
1129 2350 1304 2403 πάντα
1359 2349 1513 2418 λόγον
1549 2350 2007 2423 ὑπερϐαίνουσαὴ

349 2435 643 2506 φιλοτιμία.
679 2436 802 2488 Ἐὰν
830 2438 937 2507 γὰρ
968 2435 1326 2506 προλαϐόντες
1354 2438 1441 2491 τὸν
1467 2436 1733 2491 ἀντίδικον
1763 2437 1853 2492 τὸν
1876 2440 2011 2509 ήμέ⁸

347 2537 521 2592 τερον,
552 2522 642 2575 τὸν
672 2521 915 2576 διάϐολον
952 2522 1112 2591 λέγω,
1135 2524 1225 2576 τὸν
1258 2526 1316 2576 ὲν
1357 2525 1534 2596 ἐκείνῃ
1561 2527 1628 2595 τῇ
1654 2525 1838 2597 ἡμέρᾳ
1870 2527 2008 2580 κατά

348 2607 636 2676 πρόσωπον
662 2607 815 2678 ἡμῶν
847 2608 1148 2678 ἱστάμενον,
1176 2610 1270 2662 κα)⁸
1311 2610 1411 2680 ήδη
1442 2613 1499 2665 ὲν
1526 2611 1603 2681 τῷ
1634 2614 1858 2684 παρόντι
1887 2613 2006 2684 βίῳ,

349 2692 455 2761 πρὸ
486 2693 585 2762 τῆς
623 2696 702 2756 εἰς
738 2694 798 2747 τὸ
840 2695 1183 2766 δικαστήριον
1225 2697 1449 2759 εἰσόδου,
1492 2699 1910 2771 ὁμολογήσωμεν
1939 2701 2008 2754 τὰ

350 2779 745 2849 πεπραγμένα,
786 2780 880 2834 καὶ
937 2781 1035 2852 τὴν
1080 2781 1449 2852 πρωτολογίαν
1502 2784 1869 2855 ἀρπάσωμεν,
1914 2785 2008 2839 καὶ

349 2860 502 2913 αὐτοὶ
541 2861 749 2915 ἑαυτῶν
786 2863 1079 2933 κατήγοροι
1127 2864 1431 2934 γενώμεθα,
1481 2868 1560 2930 εἰς
1605 2868 1866 2939 τοσαύτην
1890 2868 2008 2937 φιλ-

347 2946 659 3018 ανθρωπίαν
702 2948 1104 3020 ἐκκαλεσόμεθα
1145 2951 1236 3003 τὸν
1288 2952 1581 3024 Δεσπότην,
1612 2954 1689 3018 ὡς
1739 2956 1811 3025 μὴ
1848 2956 2006 3025 μόνον

346 3035 447 3105 τὴν
489 3035 796 3107 ἐλευθερίαν
850 3037 958 3091 τῶν
1006 3039 1408 3110 ἡμαρτημένων
1446 3043 1579 3111 ἡμῖν
1625 3043 2003 3114 δωρήσασθαι,

346 3121 481 3175 ἀλλὰ
530 3123 623 3175 καὶ⁵
655 3123 735 3186 εἰς
768 3123 860 3177 τὸν
902 3124 1008 3178 τῶν
1033 3125 1254 3179 δικαίων
1280 3127 1575 3196 κατάλογον
1609 3130 1756 3200 ἡμᾶς
1787 3147 2009 3201 καταρι-

349 3206 574 3279 θμῆσαι.
622 3211 682 3264 Et
712 3209 820 3282 γάρ
855 3212 883 3263 ὁ
923 3211 1112 3282 Λάμεχ
1144 3207 1314 3277 οὗτος,
1369 3217 1505 3285 μήτε
1533 3216 1695 3286 νόμου
1724 3217 2004 3288 δεδομένου

345 3295 440 3346 τοῦ
485 3295 754 3350 διδάσκειν
800 3296 1101 3368 δυναμένου
1125 3337 1138 3358 ,
1209 3300 1342 3370 μήτε
1393 3301 1683 3372 προφητῶν
1733 3302 2003 3369 ἀκούσας,

349 3381 481 3450 μήτε
508 3382 696 3453 ἐτέρας
727 3383 870 3446 τινὸς
898 3385 1289 3453 παραινέσεως,
1312 3385 1421 3438 ἀπὸ
1466 3387 1556 3440 τοῦ
1600 3389 1917 3458 ἐγκειμένου
1937 3393 2004 3460 τῇ

347 3467 504 3534 φύσει
533 3468 814 3539 κριτηρίου
840 3469 1091 3532 συνειδὼς
1128 3470 1269 3540 ἆπερ
1301 3471 1585 3541 ἐτόλμησε,
1618 3476 1711 3526 καὶ
1739 3477 1815 3537 είς
1844 3477 2006 3542 μέσον

346 3553 522 3623 ῆγαγε
557 3553 625 3605 τὰ
660 3553 1012 3621 εἰργασμένα,
1050 3555 1143 3606 καὶ
1182 3554 1375 3607 ἑαυτοῦ
1416 3559 1850 3627 κατεξηφίσατο·
1890 3559 2008 3621 πῶς

349 3640 508 3710 ἡμεῖς
536 3637 871 3709 δυνησόμεθα
897 3639 1187 3707 ἀπολογίας
1232 3641 1374 3703 τινὸς
1408 3645 1587 3710 τυχεῖν
1618 3644 1692 3714 μὴ
1738 3644 1876 3698 κατά
1907 3645 2009 3697 πά·

350 3725 715 3797 σης’σπουδῆς
769 3724 838 3777 τὰ
880 3727 1121 3795 ἡμέτερα
1168 3725 1457 3796 τραύματα
1494 3729 1886 3793 ἐπιδεικνύντες
1931 3729 2009 3800 τῷ

348 3811 628 3882 Δεσπότῃ,
649 3813 742 3863 καὶ
776 3813 903 3880 παρ’
937 3809 1098 3863 αὐτοῦ
1145 3812 1244 3881 τὴν
1291 3813 1492 3868 τούτων
1527 3815 1765 3885 ἰατρείαν
1795 3816 2011 3887 δεχόμε-

348 3914 463 3963 νοι;
490 3898 670 3965 Ὅπερ
700 3897 747 3947 εί
779 3895 851 3965 μὴ
879 3894 974 3949 νῦν
1003 3897 1350 3967 ποιήσαιμεν,
1386 3900 1473 3952 ὅτε
1516 3901 1768 3971 νηστείας
1800 3903 2006 3972 καιρὸς,

348 3984 438 4036 ὅτε
462 3983 694 4052 τοσαύτη
735 3980 840 4033 τῶν
883 3980 1154 4051 λογισμῶν
1185 3983 1218 4053 ἡ
1249 3985 1478 4055 γαλήνη,
1514 3986 1601 4038 ὅτε
1641 3988 1788 4040 πᾶσα
1829 3989 2007 4059 τρυφὴ

351 4068 591 4121 ἐκποδών
615 4086 629 4098 ο
690 4068 818 4120 πότε
880 4068 1215 4137 δυνησόμεθα
1272 4072 1352 4134 είς
1405 4071 1609 4126 ἔννοιαν
1672 4072 1844 4126 ἐλθεῖν
1902 4072 2008 4127 τῶν

349 4154 477 4225 ἡμῖν
517 4154 954 4223 πεπραγμένων;
1002 4156 1092 4207 Διὸ
1141 4158 1442 4227 παρακαλῶ
1499 4159 1724 4213 πάντοτε
1779 4162 1875 4230 μὲν
1913 4168 2008 4231 νή-

349 4256 467 4308 φειν
519 4240 615 4293 καὶ
664 4240 1039 4309 ἐγρηγορέναι,
1076 4244 1170 4295 καὶ
1215 4244 1317 4315 τὴν
1363 4245 1640 4314 παροῦσαν
1685 4245 1826 4317 ζωὴν
1871 4247 2010 4301 ἆπα-

348 4342 445 4378 σαν
467 4328 543 4388 εἰς
572 4325 729 4379 τοῦτο
754 4327 1154 4398 καταδαπανᾷν,
1180 4329 1268 4382 ἴνα
1287 4332 1351 4399 τῇ
1376 4330 1670 4401 προσεδρίᾳ
1694 4332 2008 4404 δυνηθῶμεν

346 4412 443 4484 τὴν
466 4413 734 4484 ἀφόρητον
776 4414 988 4485 ἐκείνην
1035 4415 1252 4468 κόλασιν
1284 4416 1580 4485 διαφυγεῖν,
1611 4420 1706 4472 καὶ
1730 4421 1883 4484 ἐκτὸς
1917 4438 2011 4489 γε-

346 4499 529 4553 νέσθαι
574 4499 669 4553 τοῦ
703 4500 800 4571 τῆς
846 4500 1069 4571 γεέννης
1111 4503 1299 4573 πυρός.
1341 4504 1586 4558 Μάλιστα
1629 4506 1686 4558 δὲ
1731 4507 1827 4560 νῦν
1873 4508 2010 4578 μετὰ

347 4582 584 4649 πλείονος
615 4584 716 4654 τῆς
753 4584 989 4655 σπουδῆς
1020 4586 1176 4640 τοῦτο
1210 4588 1289 4640 δεῖ
1317 4591 1507 4650 ποιεῖν,
1539 4592 1626 4644 ὅτε
1654 4591 1740 4644 διά
1783 4594 1873 4646 τὸν
1915 4596 2009 4664 τῆς

344 4671 593 4739 νηστείας
632 4672 820 4743 καιρὸν
866 4673 959 4725 καὶ
1002 4674 1244 4737 πλείονος
1289 4674 1380 4727 καὶ¹
1422 4678 1673 4748 συνεχοῦς
1710 4679 2009 4733 ἀπολαύετε

344 4757 446 4826 τῆς
476 4757 1038 4829 διδασκαλίας.Ἔγνω
1053 4760 1141 4824 δὲ,
1178 4762 1358 4830 φησὶν,
1377 4762 1548 4832 Ἀδὰμ
1580 4765 1744 4818 Εὕαν
1772 4765 1885 4832 τὴν
1904 4784 2007 4834 γυ·

342 4843 525 4897 ναῒκα
544 4845 750 4910 αὑτοῦ,
781 4846 878 4899 καὶ
905 4849 1304 4901 συλλαϐοῦσα
1325 4850 1529 4903 ἔτεκεν
1554 4851 1704 4915 υἱὸν,
1738 4853 1835 4905 καὶ
1862 4853 2010 4905 ἐπω-

345 4928 573 4997 νόμασε
598 4929 664 4983 τὸ
696 4930 881 5001 ὄνομα
905 4933 1092 4986 αὐτοῦ
1121 4934 1266 5001 Σὴθ,
1297 4935 1584 5006 λέγουσα·
1614 4938 2011 5007 Ἐξανέστησε

346 5013 458 5082 γάρ
496 5032 598 5082 μοι
657 5019 689 5069 ό
738 5018 879 5082 Θεὸς
922 5019 1161 5088 σπέρμα
1198 5020 1402 5089 ἕτερον
1435 5021 1586 5094 [177]
1627 5024 1760 5076 ἀντὶ
1806 5026 2005 5090 Ἅϐελ,

347 5098 420 5152 ὃν
452 5100 762 5155 ἀπέκτεινε
797 5103 963 5157 Κάτν.
994 5105 1165 5176 Μέχρι
1202 5106 1297 5158 τοῦ
1328 5107 1514 5177 Λάμεχ
1539 5108 1637 5179 τὴν
1666 5109 2009 5177 γενεαλογίαν

349 5188 593 5257 στήσασα
625 5190 658 5257 ἡ
691 5188 808 5242 θεία
833 5191 1038 5262 Γραφὴ,
1078 5194 1349 5263 ἐπανῆλθε
1395 5195 1553 5249 πάλιν
1594 5197 1687 5249 ἐπὶ
1716 5196 1806 5249 τὸν
1841 5197 2009 5267 ’Λδάμ

345 5270 440 5322 καὶ
477 5267 575 5340 τὴν
618 5274 847 5338 γυναῖκα
898 5275 1083 5339 αὐτοῦ,
1113 5276 1205 5328 καί
1251 5294 1446 5347 φησιν’
1482 5278 1676 5347 Ἔγνω
1725 5277 1795 5330 δὲ
1839 5280 2010 5349 Ἀδὰμ

346 5353 459 5420 τὴν
495 5356 743 5424 γυναῖκα
786 5360 991 5424 αὐτοῦ,
1036 5361 1133 5413 καί
1182 5363 1579 5416 συλλαϐοῦσα
1615 5364 1820 5418 ἔτεκεν
1851 5367 2002 5431 υἱὸν,

342 5442 441 5496 καὶ
490 5443 844 5512 ἐπωνόμασε
897 5445 963 5498 τὸ
1017 5446 1204 5515 ὄνομα
1256 5449 1443 5502 αὑτοῦ
1494 5448 1651 5519 Σὴθ,
1701 5451 1968 5520 λέγουσα
1991 5469 2004 5482 ·

354 5528 753 5598 Ἐξανέστησε
806 5530 915 5601 γάρ
956 5549 1057 5602 μοι
1095 5536 1128 5587 ό
1176 5534 1317 5601 Θεὸς
1355 5535 1593 5606 σπέρμα
1640 5538 1845 5606 ἕτερον
1874 5541 2008 5594 ἀντὶ

344 5619 536 5681 Ἅϐελ,
564 5618 637 5672 ὃν
663 5619 975 5673 ἀπέκτεινε
1015 5620 1183 5674 Κάϊν.
1218 5623 1436 5687 Ἕτεκε,
1485 5627 1665 5696 φησὶν,
1705 5629 1858 5691 υἱὸν,
1907 5630 2003 5683 καὶ

341 5702 691 5776 ἐπωνόμασε
721 5704 788 5758 τὸ
817 5705 1002 5775 ὄνομα
1024 5705 1212 5761 αὐτοῦ
1240 5708 1391 5775 Σήθο
1424 5711 1516 5763 καὶ
1552 5713 1651 5767 οὐκ
1679 5713 2008 5786 ἀρκεσθεῖσα

352 5912 365 5923 .
408 5852 1015 5932 ‘gil'fg.nllniisLet‘gqisl‘in
1037 5856 1258 5932 ‘alrﬁ'au;
1297 5861 1379 5932 τήν
1420 5863 1483 5917 εἰς
1516 5864 1570 5912 τὸ
1604 5867 1705 5923 ἑξῆς
1742 5868 2001 5932 ἀσφάλειαν

346 5913 674 5968 ἐπιδείξασθαι.
744 5916 771 5955 b
800 5915 896 5964 Alii
919 5917 1003 5971 τήν
1031 5918 1105 5965 ἐπὶ
1132 5913 1325 5967 θάνατον
1344 5913 1569 5983 ἄγουσαν.

739 6004 1004 6066 ΡΑτιιοι..
1053 6001 1168 6062 Gn.
1222 6002 1375 6063 LIII.

1540 344 1609 399 ΙΝ
1650 344 1799 400 ΠΛΡ.
1843 344 1907 399 Ν
1942 344 2185 401 ΩΕΝΕΒ.
2221 345 2452 403 ιιολιιῐλ.
2505 344 2618 399 XX.

3678 342 3780 395 17%

2114 468 2146 535 ἠ
2180 468 2360 536 μήτηρ
2389 466 2452 534 τῇ
2483 463 2699 532 τεθείσῃ
2739 459 3095 531 προσηγορίᾳ,
3128 458 3320 526 φησίνο
3375 455 3782 523 ἐξανέστησε

2121 547 2219 614 γάρ
2244 564 2341 613 μοι
2382 552 2416 602 ό
2461 544 2604 609 Θεὸς
2656 542 2893 611 σπέρμα
2929 542 3132 609 ἕτερον
3164 541 3296 593 ἀντὶ
3334 541 3532 600 Ἅϐελ,
3568 538 3641 591 ὃν
3669 540 3781 593 ἁπ-

2109 622 2334 679 ἐκτεινε
2382 624 2550 679 Κάτν.
2583 627 2723 695 Ὅρα
2786 623 2880 677 καὶ
2928 624 3029 694 τὴν
3069 621 3296 692 μητέρα,
3349 622 3495 683 ὅπως
3543 619 3628 673 διὰ
3679 618 3780 689 τῆς

2109 708 2480 778 προσηγορίας
2528 706 2622 759 τοῦ
2668 705 2947 775 τεχθέντος
2998 704 3212 757 παιδίου
3256 705 3354 774 τὴν
3407 705 3625 773 μνήμην
3678 702 3780 771 τῆς

2110 791 2351 860 πονηρᾶς
2398 790 2609 859 ἐκείνης
2666 789 2913 858 πράξεως
2964 786 3188 855 διηνεκῆ
3232 785 3633 849 ἐναποτίθεται,
3684 784 3781 837 καὶ

2111 870 2198 922 ἴνα
2231 872 2324 924 καὶ
2358 872 2405 923 οἱ
2434 872 2513 933 είς
2538 871 2634 932 τὰς
2667 870 2792 939 ἑξῆς
2820 868 3011 936 γενεὰς
3043 878 3065 906 ο
3102 867 3300 919 εἰδέναι
3348 866 3511 934 ἔχωσι
3554 866 3615 919 τὸ
3660 867 3780 921 τολ-

2112 952 2282 1023 μηθὲν
2311 953 2415 1005 ὐπὸ
2446 951 2537 1005 τοῦ
2566 952 2717 1015 Κάῖν,
2741 952 2904 1022 φησίν
2923 966 2937 981 ⁸
2970 949 3126 1004 Ἀντί
3148 951 3340 1012 Ἅϐελ,
3367 949 3439 1001 ὃν
3466 949 3780 1004 ἀπέκτεινε

2109 1034 2281 1091 Κάτν.
2329 1034 2695 1104 Ὀδυνωμένης
2726 1033 2902 1103 ψυχῆς
2951 1032 3011 1085 τὸ
3060 1031 3231 1101 ῥῆμα,
3272 1030 3639 1100 συγχεομένης
3677 1031 3783 1085 ὑπὸ

2108 1116 2208 1185 τῆς
2243 1117 2460 1185 μνήμης
2488 1115 2580 1168 τοῦ
2609 1116 2910 1184 γεγονότος,
2934 1114 3027 1166 καὶ
3059 1110 3483 1182 εὐχαριστούσης
3516 1112 3611 1181 μὲν
3640 1111 3779 1179 ὑπὲρ

2107 1197 2201 1249 τοῦ
2230 1198 2525 1266 τεχθέντος,
2563 1196 2840 1266 μονονουχὶ
2885 1195 2940 1247 δὲ
2992 1192 3405 1263 στηλιτευούσης
3447 1195 3651 1246 ἐκεῖνον
3692 1196 3779 1253 διὰ

2107 1280 2208 1350 τῆς
2239 1280 2332 1332 τοῦ
2368 1279 2559 1341 παιδὸς
2592 1276 2980 1349 προσηγορίας.
3039 1276 3149 1329 Καὶ
3195 1273 3304 1343 γὰρ
3353 1274 3567 1343 ἀληθῶς
3614 1278 3673 1328 οὐ
3718 1278 3779 1331 τὸ

2106 1363 2268 1432 τυχὸν
2296 1361 2488 1425 πένθος
2518 1361 2808 1432 εἰργάσατο
2840 1361 2949 1421 τοῖς
2975 1357 3212 1426 γονεῦσι,
3242 1358 3340 1428 τὴν
3371 1357 3565 1409 ἑαυτοῦ
3598 1358 3777 1423 δεξιὰν

2106 1445 2332 1507 ὁπλίσας
2383 1443 2522 1497 κατᾶ
2561 1443 2653 1496 τοῦ
2705 1440 2952 1510 ἀδελφοῦ,
2988 1440 3208 1494 καὶτὸν
3252 1439 3499 1493 ποθεινὸν
3544 1441 3636 1493 καὶ
3682 1443 3775 1494 ἐπ-

2111 1528 2335 1596 έραστον
2380 1525 2556 1590 δείξας
2608 1526 2787 1588 αὐτοῖς
2834 1524 3006 1593 χαμαὶ
3051 1521 3396 1592 ἐρριμμένον,
3448 1523 3637 1592 νεκρὸν
3683 1524 3778 1576 καὶ

2106 1609 2450 1680 ἀναίσθητον.
2481 1610 2543 1660 Εἰ
2571 1608 2679 1678 γὰρ
2712 1606 2807 1659 καὶ
2847 1605 2907 1656 τὸ
2954 1605 3223 1673 ἐπιτίμιον
3269 1603 3484 1669 ἐδέξατο
3519 1605 3548 1656 ὁ
3585 1604 3774 1671 Ἀδὰμ,

2109 1691 2228 1743 Ὅτι
2261 1690 2338 1759 γῆ
2384 1687 2456 1752 εἴ,
2510 1691 2608 1743 καὶ
2665 1691 2753 1754 είς
2800 1686 2918 1757 γῆν
2968 1685 3313 1752 ἀπελεύσῃο
3345 1685 3457 1746 καὶ,
3500 1686 3601 1738 Ἑν
3633 1683 3670 1752 ᾖ
3702 1683 3779 1739 ἂν

2109 1772 2297 1843 ἡμέρᾳ
2347 1773 2594 1841 φάγητε,
2640 1770 2871 1835 θανάτῳ
2915 1768 3311 1822 ἀποθανεῖσθε
3332 1785 3344 1799 ε
3387 1767 3499 1820 ἀλλ’
3532 1768 3679 1837 ὅμως
3718 1768 3777 1821 ὲν

2112 1862 2348 1931 ῥήμασιν
2375 1854 2439 1929 ἦν
2470 1858 2605 1921 τέως
2635 1856 2703 1909 τὰ
2745 1856 2846 1924 τῆς
2875 1853 3219 1931 ἀποφάσεως,
3252 1853 3367 1931 καὶ-
3385 1853 3593 1906 οὐδέπω
3631 1853 3776 1923 ᾔδει-

2108 1927 2228 2005 σαν,
2264 1939 2313 1992 τί
2343 1927 2412 2009 ῆν
2446 1937 2540 1993 τοῦ
2574 1939 2803 1991 θανάτου
2853 1936 2915 1988 τὸ
2963 1930 3133 2001 εἶδος,
3168 1933 3281 1986 ἀλλ’
3312 1927 3465 1996 οὗτος
3496 1935 3778 2004 προλαϐὼν

2106 2021 2194 2074 διὰ
2217 2021 2277 2074 τὸ
2317 2025 2469 2091 μῖσος
2495 2021 2585 2072 τὸν
2616 2019 2872 2086 ἀδελφὸν,
2930 2018 3023 2068 καὶ
3066 2016 3155 2068 τὸν
3207 2015 3399 2082 φθόνον
3443 2017 3534 2069 τὸν
3570 2016 3777 2069 ἔνδοθεν

2108 2103 2268 2155 αὐτὸν
2297 2104 2551 2171 τήκοντα,
2582 2101 2673 2151 ἐπὶ
2709 2099 2924 2166 σφαγὴν
2952 2096 3181 2166 ὥρμησε
3206 2096 3298 2148 τοῦ
3330 2096 3513 2161 Ἅϐελ,
3546 2097 3641 2148 καὶ
3667 2096 3776 2149 δει-

2107 2184 2196 2236 νὺν
2235 2183 2413 2252 θέαμα
2443 2182 2683 2252 παρέσχε
2712 2183 2823 2242 τοῖς
2861 2179 3105 2247 γονεῦσιν
3135 2179 3278 2230 ἰδεῖν.
3310 2178 3409 2230 Διά
3439 2195 3519 2231 τοι
3558 2177 3715 2231 τοῦτο
3740 2181 3774 2249 ἡ

2112 2266 2293 2335 μήτηρ
2348 2264 2540 2333 μικρὸν
2600 2259 2959 2324 ἁνανεύσασα,
3002 2260 3097 2312 καὶ
3152 2259 3302 2328 μόλις
3359 2259 3455 2327 ὁψέ
3509 2278 3638 2313 ποτε
3682 2262 3775 2315 τοῦ

2108 2347 2377 2416 ἀφορήτου
2412 2344 2635 2408 πένθους
2670 2343 2875 2396 ἐκείνου
2904 2341 3256 2411 παραμυθίαν
3280 2342 3458 2410 εὐρεῖν
3492 2342 3777 2408 δυνηθεῖσα

2107 2428 2195 2482 διὰ
2220 2428 2312 2480 τοῦ
2341 2427 2618 2497 τεχθέντος
2642 2426 2844 2488 παιδὸς,
2878 2424 2970 2477 καὶ
3002 2422 3098 2492 τὴν
3133 2423 3483 2493 εὐχαριστίαν
3517 2425 3777 2494 ἀναφέρει

2106 2509 2184 2579 τῷ
2217 2510 2479 2581 Δεσπότῃ,
2515 2507 2726 2560 καὶτοῦ
2758 2506 3142 2574 άδελφοκτὸνου
3176 2505 3479 2576 στηλιτεύει
3504 2506 3601 2576 τὴν
3638 2508 3779 2576 πρᾶ·

2108 2590 2211 2656 ξιν,
2242 2590 2440 2658 ταύτην
2473 2589 2620 2659 αὐτῷ
2654 2589 2745 2641 καὶ
2780 2588 2915 2658 αὐτὴ
2945 2588 3206 2659 μεγίστην
3238 2587 3508 2656 τιμωρίαν
3545 2589 3780 2655 ἐπάγου-

2111 2688 2199 2737 σα,
2227 2673 2287 2725 τὸ
2322 2672 2539 2742 διηνεκῆ
2574 2671 2671 2742 τὴν
2702 2672 2921 2742 μνήμην
2958 2668 3314 2723 ὲναποθέσθαι
3339 2668 3418 2739 τῷ
3455 2669 3583 2741 παρ’
3612 2668 3778 2723 αὐτοῦ

2108 2754 2454 2826 γεγενημένῳ
2481 2753 2531 2805 d.

2179 2838 2358 2893 Εῖδετε
2387 2839 2508 2891 ὅσον
2535 2837 2702 2890 κακόν
2748 2837 2894 2889 ἐστιν
2934 2834 3215 2905 ἁμαρτίας
3262 2832 3377 2896 πῶς
3412 2835 3491 2897 εἰς
3519 2832 3779 2903 αἰσχύνην

2107 2921 2198 2975 καὶ
2229 2921 2427 2983 ὄνειδος
2461 2920 2744 2991 προτίθησι
2775 2920 2899 2981 τούς
2927 2919 3130 2988 ταύτην
3159 2915 3577 2987 είργασμένους;
3612 2915 3778 2969 εἰδετε

2108 3003 2223 3067 πῶς
2251 3003 2348 3073 τῆς
2378 3003 2582 3056 ἄνωθεν
2608 3002 2827 3073 χάριτος
2864 3001 2951 3054 διὰ
2977 2999 3180 3069 ταύτην
3210 2998 3413 3067 γυμνὸς
3448 2998 3659 3066 γέγονε,
3685 2998 3780 3050 καὶ

2105 3085 2276 3138 ἆπασι
2305 3085 2659 3155 προκείμενος
2686 3086 2763 3146 εἰς
2794 3081 3177 3150 καταγέλωτα;
3205 3080 3371 3133 εἴδετε
3405 3080 3521 3143 πῶς
3549 3082 3641 3133 καὶ
3668 3083 3780 3143 τοῖς

2104 3167 2318 3235 γονεῦσι
2347 3169 2457 3230 τοῖς
2497 3166 2601 3219 ὑπὸ
2644 3167 2742 3235 τῆς
2772 3166 2983 3233 φύσεως
3022 3164 3191 3233 αὐτῆς
3221 3163 3548 3232 ὠθουμένοις
3581 3164 3660 3226 είς
3688 3180 3747 3230 φι
3767 3193 3778 3204 -

2104 3248 2423 3321 λοστοργίαν
2454 3248 2737 3318 βδελυκτὸς
2771 3249 3003 3318 κατέστη
3044 3247 3131 3299 διὰ
3164 3246 3261 3318 τὴν
3302 3246 3477 3318 κακὴν
3504 3245 3783 3316 ἐπιχείρη⁴

2108 3349 2229 3395 σιν;
2262 3331 2553 3400 Φεύγωμεν
2612 3330 2811 3393 τοίνυν,
2856 3327 3179 3399 παρακαλῶ,
3224 3328 3322 3397 τὴν
3371 3328 3643 3397 ἁμαρτίαν
3680 3328 3781 3396 τὴν

2105 3413 2376 3474 τοσούτοις
2408 3413 2555 3480 ἡμᾶς
2585 3410 3011 3480 περιϐάλλουσαν
3048 3409 3257 3471 κακοῖς,
3303 3407 3396 3459 καὶ
3435 3408 3533 3476 τὴν
3578 3405 3782 3477 ἀρετὴν

2107 3494 2374 3561 ἑλώμεθα,
2409 3494 2496 3543 ἵνα
2523 3492 2616 3544 καὶ
2647 3492 2744 3560 τὴν
2774 3490 2977 3543 ἄνωθεν
3020 3488 3232 3541 εὔνοιαν
3269 3500 3293 3526 θ
3323 3488 3778 3558 ἐπισπασώμεθα,

2108 3575 2199 3626 καὶ
2228 3573 2326 3642 τὴν
2360 3572 2577 3624 κόλασιν
2606 3569 2970 3637 διαφύγωμεν.
3012 3568 3124 3621 Καὶ
3150 3568 3230 3633 τῷ
3262 3568 3407 3635 Σὴθ,
3434 3570 3619 3637 φησὶν,
3652 3568 3780 3637 ἐγέ-

2106 3672 2243 3707 νετο
2263 3655 2420 3718 υἱός·
2455 3652 2805 3719 ἐπωνόμασε
2854 3650 2923 3702 δὲ
2977 3650 3043 3703 τὸ
3094 3650 3279 3718 ὄνομα
3330 3650 3516 3703 αὑτοῦ
3558 3650 3767 3713 Ἐνώς*

2107 3729 2285 3799 οὗτος
2314 3733 2579 3801 ἤλπισεν
2605 3731 3015 3785 ἐπικαλεῖσθαι
3076 3730 3139 3785 τὸ
3195 3731 3379 3800 ὄνομα
3421 3732 3641 3800 Κυρίου
3673 3732 3780 3786 τοῦ

2110 3816 2275 3872 Θεοῦ.
2309 3818 2449 3886 Ὅρα
2484 3817 2599 3879 πῶς
2645 3814 2786 3869 κατὰ
2835 3815 3025 3886 μικρὸν
3072 3814 3254 3869 λοιπὸν
3296 3815 3634 3869 παιδεύονται
3664 3819 3781 3879 ταῖς

2109 3899 2499 3970 προσηγορίαις
2546 3899 2653 3952 τῶν
2707 3898 3040 3968 τικτομένων
3098 3898 3507 3951 ἐναποτίθεσθαι
3554 3899 3655 3969 τῆς
3702 3901 3780 3952 οἰ-

2108 3980 2260 4042 κείας
2314 3978 2733 4049 εὐγνωμοσύνης
2784 3979 2880 4047 τὴν
2931 3978 3222 4043 ἀπόδειξιν.
3284 3980 3402 4043 ΚαὶΔ
3443 3975 3597 4041 οὗτος
3647 3980 3775 4049 γὰρ,

2108 4063 2293 4133 φησὶν,
2325 4066 2353 4117 ὁ
2390 4064 2522 4133 Σὴθ,
2556 4066 2823 4133 γεννήσας
2859 4062 2991 4124 υἱὸν,
3029 4060 3350 4129 ἐπωνόμασε
3385 4061 3446 4112 τὸ
3480 4061 3650 4130 ὄνομα
3681 4064 3778 4113 αὐο

2106 4145 2203 4198 τοῦ
2247 4145 2430 4208 Ἐνώς.
2496 4142 2623 4197 Εἶτα
2672 4143 3005 4214 ἑρμηνεῦσαι
3057 4144 3191 4211 ἡμῖν
3239 4142 3530 4212 βουλομένη
3577 4146 3609 4215 ἡ
3661 4145 3779 4196 θεία

2109 4224 2298 4294 Γραφὴ
2320 4224 2412 4275 τοῦ
2434 4225 2691 4293 ὀνόματος
2715 4222 2811 4291 τὴν
2838 4222 3226 4291 προσηγορίαν,
3254 4222 3434 4290 φησίν’
3456 4218 3647 4287 Οὗτος
3672 4221 3778 4289 ἥλ-

2108 4320 2290 4359 πισεν
2302 4306 2711 4359 ἐπικαλεῖσθαι
2733 4305 2800 4357 τό
2832 4305 3018 4372 ὄνομα
3049 4304 3268 4370 Κυρίου
3297 4304 3444 4376 [178]
3468 4305 3575 4359 τοῦ
3609 4307 3772 4358 Θεοῦ.

2110 4389 2219 4442 Καὶ
2247 4388 2354 4458 γὰρ
2379 4389 2441 4440 ἐκ
2467 4386 2653 4438 τούτου
2680 4385 2866 4438 λοιπὸν
2894 4385 2993 4455 τὴν
3018 4384 3192 4455 ἀρχὴν
3228 4386 3407 4456 μέλλει
3449 4386 3717 4439 ποιεῖσθαι
3749 4388 3777 4438 ὁ

2113 4471 2375 4540 μακάριος
2435 4470 2716 4539 προφήτης
2761 4469 2859 4537 τῆς
2904 4468 3286 4536 γενεαλογίας,
3344 4470 3437 4519 τοῦ
3498 4468 3636 4521 Κάῐν
3678 4470 3777 4540 τὴν

2113 4554 2331 4623 μνήμην
2362 4550 2845 4620 ἀποπεμψάμενος,
2879 4551 2972 4603 καὶ
3015 4549 3122 4601 τῶν
3178 4549 3236 4611 ἐξ
3288 4548 3449 4601 αὐτοῦ
3492 4550 3651 4619 μέχρι
3680 4551 3774 4601 τοῦ

2110 4637 2301 4705 Λάμεχ
2321 4634 2638 4703 γεγονότων,
2671 4635 2764 4687 καὶ
2790 4633 2977 4703 ἐπειδὴ
3005 4631 3103 4702 τὴν
3135 4632 3242 4683 ὰπὸ
3264 4630 3361 4699 τῆς
3388 4630 3600 4696 φύσεως
3628 4632 3776 4699 αὐτῷ

2110 4717 2399 4787 προεδρίαν
2445 4717 2792 4787 χαρισθεῖσαν
2844 4714 2889 4778 ί,
2931 4716 3030 4784 τὴν
3068 4712 3174 4764 τῶν
3227 4711 3579 4780 πρωτοτόκων
3611 4712 3773 4779 λέγω,

2109 4801 2173 4868 τῇ
2214 4800 2381 4870 κακία
2420 4802 2517 4868 τῆς
2564 4798 2934 4869 προαιρέσεως
2965 4796 3289 4864 ἐλυμήνατο,
3325 4792 3643 4847 ἐκϐάλλεται
3677 4794 3775 4864 μὲν

2109 4884 2289 4947 αὐτὸς,
2321 4887 2414 4936 καὶ
2441 4887 2489 4937 οἱ
2515 4884 2572 4950 ἐξ
2600 4882 2787 4947 αὐτοῦ,
2814 4880 2906 4933 τοῦ
2946 4879 3271 4946 καταλόγοψ
3300 4879 3328 4929 ὁ
3355 4876 3411 4931 δὲ
3453 4876 3560 4948 Σὴθ
3592 4878 3776 4930 λοιπὸν

2108 4967 2245 5038 ὅπερ
2287 4968 2385 5019 οὐκ
2430 4964 2573 5036 εἶχεν
2606 4965 2713 5019 ἀπὸ
2764 4965 2864 5033 τῆς
2903 4962 3135 5031 φύσεως,
3182 4961 3369 5015 τούτου
3416 4962 3503 5016 διὰ
3545 4962 3643 5033 τὴν
3677 4964 3773 5032 τῆς

2110 5049 2480 5121 προαιρέσεως
2526 5047 2942 5117 εὐγνωμοσύνην
2997 5043 3260 5111 ἀξιοῦται,
3314 5045 3409 5098 καὶ
3454 5044 3533 5107 εἰς
3587 5042 3774 5096 τοῦτον

2113 5130 2426 5200 μεθίσταται
2463 5130 2644 5181 λοιπὸν
2683 5130 2750 5181 τὰ
2791 5128 2889 5197 τῆς
2923 5128 3309 5200 πρωτοτοκίας,
3345 5128 3392 5179 εἰ
3438 5128 3531 5179 καὶ
3576 5126 3652 5197 μὴ
3687 5123 3774 5178 διὰ

2108 5214 2206 5284 τὴν
2235 5212 2415 5283 φύσιν,
2442 5213 2575 5265 ἀλλά
2600 5212 2686 5264 διὰ
2732 5212 2830 5280 τὴν
2872 5212 2969 5281 τῆς
3000 5210 3363 5281 προαιρέσεως
3391 5209 3635 5280 γνώμην,
3682 5210 3774 5261 καὶ

2108 5297 2156 5349 οἰ
2189 5298 2253 5349 ἐκ
2281 5296 2471 5349 τούτου
2508 5294 2813 5365 τικτόμενοι
2839 5294 2939 5362 τῆς
2970 5291 3317 5360 γενεαλογίας
3348 5290 3640 5355 ἀξιοῦνται.
3664 5293 3773 5345 Καὶ

2108 5382 2296 5450 ὠσπερ
2322 5370 2476 5439 οὗτος
2511 5377 2673 5440 Ἑνὼς
2695 5375 2897 5447 ἐκλήθη
2923 5374 3011 5428 διὰ
3036 5375 3097 5426 τὸ
3121 5373 3492 5426 ἐπικαλεῖσθαι
3514 5373 3575 5427 τὸ
3601 5373 3773 5442 ὄνομα

2108 5461 2312 5531 Κυρίου
2334 5461 2427 5515 τοῦ
2459 5459 2615 5524 Θεοῦ,
2636 5460 2778 5513 οὐτω
2812 5461 2905 5512 καὶ
2940 5459 2988 5509 οί
3023 5459 3088 5508 ἐκ
3110 5455 3297 5508 τούτου
3326 5454 3507 5509 λοιπὸν
3531 5457 3591 5509 τὸ
3615 5456 3771 5526 γένος

2109 5544 2468 5613 καταγόμενοι
2522 5542 2621 5611 τῆς
2680 5540 2852 5610 αὐτῆς
2902 5538 3175 5603 ἀξιοῦνται
3232 5537 3621 5608 προσηγορίας.
3672 5538 3773 5593 Διὰ

2106 5624 2264 5678 τοῦτο
2297 5627 2389 5678 καὶ
2419 5627 2448 5677 ὁ
2492 5624 2758 5694 μακάριος
2799 5615 2952 5684 οὗτος
2993 5622 3276 5691 προφήτης
3310 5620 3539 5674 ἐνταῦθα
3570 5623 3769 5693 στήσας

2106 5708 2205 5779 τὴν
2228 5708 2478 5778 διήγησιν
2504 5706 2665 5758 πάλιν
2693 5705 2865 5776 ἀρχὴν
2899 5703 3088 5774 ἑτέραν
3114 5704 3361 5756 ποιεῖται.

2171 5866 2193 5893 ⁸
2235 5860 2330 5911 Alii
2359 5865 2403 5909 οἱ
2441 5869 2524 5936 τῆς
2562 5867 2733 5938 γενεᾶς.
2761 5860 2949 5938 ..(188)
2974 5832 3574 5938 [ηδε.ετὸ.1....γεγενηιξνόν.
3613 5855 3763 5907 Sull.

2107 5928 2258 5973 τῶν...
2283 5921 2618 5986 γεγενημένων.
2690 5930 2712 5954 υ
2747 5924 2842 5974 Alii
2868 5924 3019 5986 χάριν.
3091 5921 3111 5960 ί
3138 5924 3235 5973 Alii
3261 5921 3609 5984 ὰφορισθεῐσαν.

3270 6006 3340 6068 11
