4144 6200
346 308 367 319 ’⁷
378 300 476 354 175

442 415 504 465 ε’.
541 411 675 464 Ἀλλ’
701 413 785 465 ἵνα
822 411 895 482 μὴ
931 411 1221 483 ἀρξάμενοι
1243 414 1337 468 τοῦ
1387 416 1721 488 διηγήματος
1744 432 1770 460 ε
1795 421 1875 484 είς
1898 420 2032 474 πολὺ

338 546 347 553 ,
373 496 548 566 μῆκος
585 496 912 566 ἐκτείνωμεν
950 497 1047 568 τὴν
1079 498 1445 564 διδασκαλίαν,
1477 503 1709 557 ἐνταῦθα
1750 506 1843 558 καὶ
1878 507 2038 575 ἡμεῖς

371 583 618 654 καθάπερ
670 584 701 636 6
751 587 1014 655 μακάριος
1057 580 1213 649 οὗτος
1262 591 1546 661 προφήτης
1593 590 2036 660 καταπαύσωμεν

364 668 461 722 τὸν
485 669 658 739 λόγον,
682 671 761 733 είς
789 668 887 740 τὴν
921 669 1067 740 ἐξῆς,
1096 673 1189 726 ἐάν
1220 673 1249 726 6
1282 673 1413 738 Θεὸς
1452 675 1739 748 ἐπιτρέπῃ,
1772 675 1881 729 τῶν
1914 676 2039 729 ἐπο-

372 754 548 824 μένων
571 755 669 826 τὴν
697 756 990 827 ἑρμηνείαν
1027 764 1473 829 ταμιευσάμενοι.
1512 761 1661 825 Τέως
1710 762 1767 814 δέ
1812 762 1902 814 ἐπὶ
1940 761 2032 814 τοῦ

350 841 632 913 παρόντος
672 842 845 895 ἐκεῖνο
899 843 1277 912 παρακαλέσαι
1342 844 1441 915 τὴν
1499 846 1766 916 ὑμετέραν
1817 847 2035 915 ἀγάπην

372 925 650 995 βούλομαι,
674 926 813 979 ὥστε
842 928 1181 997 καρποῦσθαί
1211 946 1263 982 τι
1298 929 1457 984 πλέον
1484 932 1549 983 ἐκ
1575 931 1684 984 τῶν
1713 934 1839 1002 παρ’
1878 931 2033 1000 ήμῶν

372 1009 701 1083 λεγομένων,
743 1013 835 1065 καὶ
886 1012 1006 1065 καθ’
1047 1014 1281 1085 ἐκάστην
1320 1016 1529 1087 ἡμέραν
1574 1018 1800 1080 ἑαυτοὺς
1838 1018 2036 1087 διερευ-

369 1103 585 1166 νᾶσθαι,
614 1104 666 1156 τί
698 1104 796 1174 μὲν
828 1106 892 1157 ἐκ
942 1104 1142 1175 ταύτης
1179 1108 1277 1177 τῆς
1306 1107 1647 1171 διδασκαλίας
1685 1108 2030 1178 ἐκερδάνατε,

369 1190 423 1243 τί
452 1189 509 1242 δὲ
545 1191 610 1243 ἐκ
631 1189 726 1260 τῆς
754 1190 962 1261 ἐτέρας,
1000 1191 1095 1244 καὶ
1135 1191 1210 1263 μὴ
1245 1192 1402 1264 μόνον
1428 1194 1589 1264 μέχρι
1616 1194 1715 1263 τῆς
1751 1195 1919 1264 ἀκοῆς
1952 1194 2035 1246 δέ·

369 1275 557 1346 χεσθαι
590 1274 656 1328 τά
703 1277 830 1346 παρ’
862 1275 1020 1345 ήμῶν
1064 1276 1350 1347 λεγόμενα,
1383 1280 1518 1333 ἀλλά
1545 1280 1640 1333 καὶ
1686 1282 1765 1343 είς
1796 1280 1893 1350 τὴν
1928 1280 2035 1333 διά-

354 1380 519 1417 »νοιαν
550 1363 703 1434 ὐμῶν
731 1364 871 1417 αὐτά
899 1365 1332 1433 ἐναποτίθεσθαι,
1365 1369 1458 1421 καὶ
1492 1371 1558 1440 τῇ
1595 1373 1808 1439 συνεχεῖ
1836 1368 2033 1441 μελέτῃ

372 1451 578 1519 παγίαν
625 1451 804 1505 αὐτῶν
862 1452 959 1523 τὴν
1004 1454 1225 1523 μνήμην
1272 1455 1562 1509 ποιεῖσθαι,
1615 1456 1881 1525 Βούλομαι
1925 1456 2033 1525 γάρ

372 1538 515 1607 ὑμᾶς
554 1538 630 1609 μὴ
664 1538 822 1607 μόνον
852 1540 1060 1602 ἑαυτοῖς
1106 1540 1315 1610 ἀρκεῖν,
1342 1541 1476 1594 ἀλλά
1524 1544 1617 1596 καὶ
1662 1544 1865 1613 ἐτέροις
1897 1541 2033 1594 διδα-

371 1621 890 1691 σκάλουςγίνεσθαι,
918 1623 1058 1677 ὥστε
1088 1624 1346 1680 δύνασθαι
1374 1628 1465 1680 καὶ
1489 1628 1710 1699 ἐτέρους
1743 1628 2028 1692 νουθετεῖν,

370 1708 466 1761 καὶ
496 1708 570 1780 μὴ
602 1708 690 1761 διά
720 1708 891 1776 λόγων
932 1710 1092 1779 μόνον
1119 1711 1277 1764 τοῦτο
1304 1715 1494 1776 ποιεῖν,
1518 1714 1654 1767 ἀλλά
1683 1715 1776 1769 καὶ
1805 1714 1893 1767 διὰ
1924 1713 2032 1766 τῶν

370 1792 544 1865 ἔργων
595 1796 865 1848 παιδεύειν
916 1796 1043 1860 τοὺς
1094 1796 1313 1868 πλησίον
1369 1799 1505 1870 πρὸς
1547 1800 1644 1871 τὴν
1693 1803 1791 1871 τῆς
1832 1800 2031 1871 ἀρετῆς

362 1880 721 1952 κατόρθωσιν.
771 1882 1050 1951 Ἐννόησον
1102 1885 1210 1955 γάρ
1263 1902 1375 1955 μοι,
1439 1886 1522 1939 ὅτι
1580 1889 1629 1939 εἰ
1685 1887 2030 1957 βουληθείητε

365 1965 488 2019 καθ’
516 1966 750 2036 ἑκάστην
784 1966 996 2037 ἡμέραν
1029 1968 1258 2022 ἐνταῦθα
1288 1971 1718 2042 παραγενόμενοι
1749 1972 1941 2042 μικρόν
1979 1990 2030 2024 τι

367 2052 530 2122 μέρος
564 2053 927 2124 καρποῦσθαι.
981 2054 1074 2107 καὶ
1114 2055 1221 2109 τῶν
1269 2056 1629 2125 ἐνοχλούντων
1670 2059 1796 2127 ὑμῖν
1844 2056 2030 2110 παθῶν

362 2136 643 2207 διόρθωσιν
685 2137 1029 2207 ποιήσασθαι,
1079 2138 1192 2201 πῶς
1234 2140 1354 2192 κατ’
1382 2140 1558 2209 ὀλίγον
1597 2142 1676 2203 είς
1724 2141 1891 2212 αὐτὴν
1932 2141 2031 2210 τῆς

361 2224 560 2294 ἀρετῆς
591 2224 689 2295 τὴν
716 2225 890 2294 άκραν
926 2227 1168 2297 κορυφὴν
1200 2226 1503 2281 ἐλεύσεσθε.
1540 2229 1672 2282 Οὐδὲ
1721 2229 1829 2298 γάρ
1865 2229 2030 2281 παυό-

366 2310 503 2378 μεθα
533 2312 618 2379 ἐφ’
646 2310 883 2381 ἑκάστης
922 2311 1308 2382 διαλεγόμενοι,
1354 2314 1448 2366 καὶ
1502 2316 1628 2385 περὶ
1674 2316 1772 2386 τῆς
1803 2314 2030 2386 ἀρίστης

364 2394 639 2460 πολιτείας
686 2399 814 2467 ὐμῖν
876 2399 1233 2469 ἐνηχοῦντες,
1284 2399 1423 2454 ὥστε
1473 2402 1541 2455 τά
1586 2403 1805 2472 ὀλέθρια
1857 2401 2029 2455 ταῦτα

362 2484 508 2554 πάθη
536 2484 845 2549 ἐκκόπτειν,
893 2486 985 2538 τὸν
1027 2486 1195 2557 θυμὸν
1242 2488 1405 2556 λέγω,
1444 2489 1543 2559 τὴν
1576 2489 1892 2558 βασκανίαν,
1937 2493 2028 2545 τὸν

360 2569 575 2638 φθόνον.
608 2571 823 2624 Τούτων
863 2571 972 2643 γὰρ
1010 2575 1426 2644 ἀναιρεθέντων,
1458 2578 1817 2649 εὐκολώτερον
1861 2580 1953 2632 καὶ
1993 2581 2026 2651 ή

360 2658 490 2727 περὶ
513 2656 581 2709 τά
609 2659 866 2727 χρήματα
901 2659 1066 2728 μανία
1087 2660 1369 2730 διόρθωσιν
1396 2661 1625 2731 λήψεται
1655 2665 1748 2718 καὶ
1777 2665 1873 2734 τῆς
1903 2668 2029 2736 περὶ

358 2744 429 2795 τά
454 2745 709 2813 χρήματα
741 2744 935 2812 μανίας
960 2745 1118 2799 πάλιν
1148 2746 1462 2820 παυθείσης,
1499 2750 1636 2818 μετά
1664 2750 1904 2813 πλείονος
1930 2752 2028 2821 τῆς

358 2829 543 2891 ἀδείας
577 2830 626 2880 οί
670 2828 860 2882 ἄτοποι
902 2829 1149 2901 λογισμοὶ
1198 2834 1292 2885 καὶ
1329 2835 1384 2886 αί
1429 2836 1651 2905 αἰσχραὶ
1703 2836 2027 2907 ἐνθυμήσεις

359 2916 886 2987 κατασταλήσονται·
938 2916 1091 2982 Ῥίζα
1123 2919 1230 2989 γὰρ
1263 2919 1479 2972 πάντων
1525 2920 1633 2973 τῶν
1665 2921 1849 2975 κακῶν
1877 2925 2026 2976 ἐστιν

353 3004 391 3071 ⁸ή
423 3002 769 3074 φιλαργυρία.
811 3002 912 3057 ’Ἂν
938 3004 1114 3057 τοίνυν
1145 3005 1244 3075 τὴν
1276 3006 1428 3076 ῥίζαν
1469 3008 1807 3077 ἐκτέμωμεν,
1848 3011 1940 3063 καὶ
1967 3011 2026 3076 ἐξ

342 3089 522 3143 θαύτοῦ
544 3090 637 3143 τοῦ
666 3090 861 3159 βάθους
884 3091 1051 3161 αὐτὴν
1081 3092 1503 3163 ἀνασπάσωμεν,
1531 3094 1893 3166 εὐκολώτερον
1917 3098 2025 3151 τῶν

362 3175 572 3230 κλάδων
601 3178 987 3248 περιεσόμεθα.
1027 3179 1092 3231 Ἥ
1131 3178 1239 3249 γάρ
1260 3180 1551 3249 ἀκρόπολις
1576 3182 1684 3235 τῶν
1708 3184 1911 3245 κακῶν.
1932 3186 2024 3239 καὶ

362 3268 392 3319 6
421 3262 680 3333 κολοφὼν,
720 3264 797 3328 ὠς
830 3266 1025 3327 εἰπεῖν,
1048 3265 1156 3318 τῶν
1195 3267 1623 3337 ἁμαρτημάτων,
1657 3271 1689 3340 ἡ
1720 3270 1890 3324 λύσσα
1916 3272 2023 3326 τῶν

350 3349 651 3418 ,χρημάτων
683 3350 849 3414 ἐστὶν,
878 3345 946 3421 ἦς
979 3353 1027 3404 εί
1055 3350 1444 3423 βουληθείημεν
1459 3352 1505 3425 [ί
1519 3354 1604 3426 79]
1622 3357 2021 3427 περιγενέσθαι,

354 3434 506 3486 οὐδὲν
540 3434 600 3488 τὸ
630 3434 836 3488 κωλύον
861 3435 954 3489 καὶ
996 3436 1197 3506 ταύτην
1225 3439 1324 3509 τήν
1375 3441 1571 3509 μανίαν
1615 3443 1895 3510 ἐκφυγεῖν,
1932 3447 2023 3498 καὶ

358 3521 496 3589 μετά
523 3521 727 3593 ταύτης
758 3524 1166 3578 συνανασπάσαι
1202 3527 1295 3577 καὶ
1324 3527 1576 3596 ἐκτεμεῖν
1607 3528 1783 3583 πάντα
1808 3530 1875 3584 τά
1898 3531 2013 3584 ὀλέ-

354 3607 479 3677 θρια
504 3609 668 3678 πάθη.
710 3609 818 3663 Kal
857 3610 931 3680 μὴ
957 3610 1213 3679 νομίσητε
1240 3612 1381 3681 μέγα
1403 3630 1453 3666 τι
1481 3614 1575 3667 καὶ
1605 3616 1857 3685 φορτικὸν
1886 3614 2021 3672 εἶναι

346 3695 412 3746 .16
429 3694 724 3765 χρημάτων
756 3695 1048 3765 ὑπεριδεῖν
1084 3697 1250 3748 Ὀταν
1291 3698 1397 3768 γὰρ
1424 3700 1680 3769 ἐννοήσω,
1717 3703 1800 3756 ὅτι
1840 3704 2021 3757 πολλοὶ

345 3780 458 3834 τῶν
487 3780 788 3852 ἀνθρώπων
811 3780 898 3833 διά
925 3781 1086 3852 κενὴν
1113 3782 1206 3835 καὶ
1235 3783 1489 3854 ἀνόνητον
1517 3786 1826 3855 φιλοτιμίαν
1853 3790 2020 3844 πολλά

351 3867 574 3938 χρυσίου
606 3866 842 3920 τάλαντα
887 3865 1099 3937 ἐξέχεον
1145 3870 1223 3931 είς
1272 3868 1423 3923 οὐδὲν
1456 3870 1602 3934 δέον,
1649 3873 1763 3925 ἀλλ’
1799 3875 1885 3929 ἵνα
1921 3876 2019 3947 τὴν

351 3955 504 4027 παρὰ
526 3955 634 4008 τῶν
661 3954 936 4026 ἀγοραίων
956 3955 1045 4008 καὶ
1075 3955 1491 4027 τριοῖολιμαίων
1518 3958 1776 4023 πολλάκις
1805 3962 2015 4033 ἀνθρὼ-

350 4058 469 4096 πων
496 4042 770 4112 εὐφημῗαν
802 4041 1222 4112 καρπὼσωνται,
1244 4042 1342 4113 τὴν
1363 4043 1469 4114 πρὸ
1488 4044 1585 4114 τῆς
1609 4047 1845 4119 ἑσπέρας
1867 4049 2017 4113 τέλος

348 4128 748 4199 λαμϐάνουσαν,
785 4128 1039 4191 πολλάκις
1065 4128 1122 4181 δέ
1167 4130 1288 4181 οὐδὲ
1319 4131 1478 4200 μέχρι
1510 4133 1609 4201 τῆς
1634 4135 1870 4205 ἑσπέρας
1900 4125 2017 4189 δια-

351 4216 632 4285 μείνασαν,
660 4216 797 4270 ἀλλά
829 4215 922 4269 καὶ
944 4215 1072 4283 πρὶν
1098 4215 1129 4284 ἢ
1163 4215 1516 4286 πληρωθῆναι
1549 4217 1648 4289 τὴν
1673 4221 1885 4292 ἡμέραν
1916 4239 2017 4292 μυ-

350 4302 486 4372 ρίοις
514 4303 710 4365 αὐτοὺς
740 4300 1171 4369 περιϐάλλουσαν
1205 4304 1394 4365 κακοῖς
1416 4318 1429 4331 ’
1459 4303 1659 4375 [ἕτεροι
1686 4306 1740 4359 δὲ
1784 4310 1889 4363 τῶν
1922 4312 2015 4365 ἐπὶ

344 4388 412 4457 τῇ
435 4386 608 4455 πλάνῃ
631 4389 695 4455 τῇ
736 4386 1021 4457 Ἑλληνικῇ
1055 4387 1635 4460 προκατειλημμένων,
1660 4395 1822 4449 πάλιν
1847 4396 1934 4451 διά
1954 4398 2015 4451 16

347 4474 485 4543 πρὸς
514 4473 611 4543 τὴν
641 4472 749 4524 τῶν
777 4472 1078 4543 ἀνθρώπων
1121 4474 1417 4544 ἐπτοῆσθαι
1462 4477 1639 4542 δόξαν,
1674 4482 1769 4533 καὶ
1809 4484 2013 4556 ταύτην

346 4560 473 4628 περὶ
499 4556 693 4612 πολλοῦ
723 4558 1010 4622 ποιεῖσθαι,
1042 4559 1220 4619 πάντα
1242 4560 1309 4612 τά
1336 4560 1464 4615 ὄντα
1498 4563 1770 4634 ῥίψαντες,
1818 4571 1911 4623 καὶ
1956 4572 2014 4624 ἓν

347 4648 507 4717 μόνον
544 4646 828 4719 τριϐώνιον
860 4647 1070 4710 ἑαυτοῖς
1092 4647 1482 4715 καταλιπόντες
1506 4651 1533 4690 b
1554 4652 1647 4705 καὶ
1676 4653 2008 4727 βακτηρίαν,

341 4732 484 4787 οὓτω
510 4733 601 4786 τὸν
636 4734 848 4788 ἅπαντα
869 4733 983 4804 βίον
1010 4735 1277 4802 διάγουσι,
1303 4737 1480 4791 πάντα
1501 4739 1592 4792 τὸν
1619 4742 1780 4795 πόνον
1804 4745 2009 4801 ἐκεῖνον

342 4821 436 4874 καὶ
455 4820 553 4893 τὴν
581 4821 951 4893 ταλαιπωρίαν
970 4822 1058 4876 διά
1092 4822 1189 4894 τὴν
1214 4824 1364 4894 παρά
1386 4825 1494 4878 τῶν
1515 4825 1814 4897 ἀνθρώπων
1840 4832 2009 4904 εὐφη.

348 4907 475 4979 μίαν
502 4908 788 4979 ὑπομένειν
811 4907 1169 4980 αἱρούμενον]
1203 4910 1330 4963 ὅταν
1362 4912 1541 4966 τοίνυν
1573 4914 1745 4969 ταῦτα
1778 4916 2005 4986 λογίσω-

343 4986 588 5065 μαι,“οὐκ
617 4990 734 5049 οἶδα
768 4995 926 5049 ποίαν
969 4995 1161 5065 ἕξομεν
1208 4996 1505 5071 ἀπολογίαν
1556 5000 1586 5070 ἢ
1642 5006 2004 5076 συγγνώμην,

338 5082 459 5136 οὐδέ
482 5081 544 5135 τὸ
573 5081 860 5137 πολλοστὸν
895 5081 1119 5135 ἐκείνων
1148 5081 1235 5136 διά
1274 5083 1374 5153 τὴν
1416 5087 1564 5155 παρά
1607 5088 1699 5142 τοῦ
1744 5091 1878 5145 Θεοῦ
1917 5094 2004 5147 δο-

339 5170 524 5225 θεῖσαν
553 5169 771 5241 ἐντολὴν
806 5168 1067 5241 προέσθαι
1108 5169 1444 5239 ἀνεχόμενοι,
1487 5176 1581 5229 καὶ
1610 5175 1697 5230 διά
1724 5179 1823 5249 τὴν
1850 5180 2006 5247 δόξαν

340 5257 555 5329 ἐκείνην
594 5257 693 5330 τὴν
723 5257 988 5313 ἀθάνατον
1029 5257 1125 5311 καὶ⁸
1166 5256 1339 5329 πέρας
1384 5259 1484 5313 οὐκ
1521 5261 1783 5332 ἔχουσαν,
1815 5268 1950 5323 ἀλλά
1979 5282 2001 5309 c

338 5345 434 5399 καὶ
459 5346 680 5400 ἐκείνων
707 5345 921 5417 χείρους
950 5345 1246 5415 γινόμενοι,
1292 5346 1385 5397 καὶ
1415 5347 1548 5417 μηδὲ
1581 5350 1705 5404 ὅσον
1736 5354 1796 5405 16
1841 5356 2004 5425 μέσον

339 5432 660 5496 ἐννοοῦντεςο
691 5434 774 5486 ὅτι
800 5434 995 5485 ἐκεῖνοι
1029 5432 1127 5502 μὲν
1155 5431 1244 5486 διὰ
1269 5433 1368 5502 τὴν
1394 5434 1544 5506 παρά
1572 5436 1679 5492 τῶν
1702 5441 2005 5513 ἀνθρώπων

340 5519 447 5571 τῶν
480 5518 753 5589 ὁμογενῶν
793 5518 1046 5590 ἀνόνητον
1091 5518 1366 5588 εὐφημίαν
1409 5522 1643 5577 τοσαῦτα
1686 5530 2002 5597 προΐενται·

407 5710 429 5737 ³
457 5711 543 5779 Sig
557 5711 913 5787 quinqu'emss.
942 5718 1096 5787 τρεῖς.
1125 5712 1221 5784 Alii
1259 5711 1756 5787 106_&vayvéqp.aro;.
1829 5723 1856 5762 ι›
1878 5725 2002 5787 nos,

344 5771 666 5847 {im’OFNTEQ
709 5775 757 5847 ἐ
790 5774 919 5847 Haec,
953 5774 1255 5847 καῖέκξίνων
1290 5771 1745 5842 χείρουξγινόμενοιξ
1772 5771 1926 5847 ιιςψξρ

357 5831 625 5897 Ἐκχέωμεν
647 5832 818 5896 τοίνυν,
842 5834 1019 5884 desunt
1039 5834 1088 5884 in
1107 5831 1303 5887 Coislin:

1193 298 1249 354 S.
1288 299 1574 357 JOANNIS
1609 301 2094 359 CHRYSOSTOMI
2132 303 2447 363 ARCIIIEP.
2489 306 3039 364 CONSTANTINOP.

3706 297 3801 352 176

2140 423 2296 491 ἡμεῖς
2327 423 2382 477 δέ
2413 425 2500 480 διά
2526 427 2615 479 τὸν
2644 424 2918 492 Δεσπότην
2963 421 3056 474 τον
3094 417 3381 489 ἡμέτερον,
3426 413 3513 467 16»
3554 411 3647 465 καὶ
3689 411 3799 464 τῶν

2136 504 2499 575 ὑπηργμένων
2525 507 2779 577 χορηγὸν,
2806 506 2901 559 καὶ
2941 501 3154 564 ἐκείνας
3193 498 3293 561 τὰς
3331 496 3673 568 ἀπορρήτους
3698 494 3799 546 δω-

2137 590 2266 659 ρεάς
2310 591 2795 662 ἐπαγγελλόμενον,
2844 591 2965 645 οὐδὲ
2991 587 3019 627 ἀ
3053 588 3115 642 16
3150 584 3309 656 τυχὸν
3342 583 3599 644 πολλάκις
3630 597 3797 649 μετα-

2133 674 2330 731 διδόναι
2350 680 2461 739 τοτς
2489 677 2798 747 πενομένοις
2826 673 3141 746 αἱρούμεθα.
3166 672 3276 725 Kal
3301 669 3473 732 ποίοις
3497 666 3798 736 ὀφθαλμοῖς

2135 760 2374 831 ὀψόμεθα
2407 762 2498 817 τὸν
2539 762 2731 834 κριτήν
2763 762 2863 833 τῆς
2896 760 3070 823 οὕτως
3099 757 3319 812 εὐκόλου
3369 754 3586 824 ἐντολῆς
3629 766 3799 806 κατα-

2140 847 2454 917 μελοῦντες;
2500 850 2589 920 Μή
2624 850 2732 919 γὰρ
2764 849 2939 903 πάντα
2982 846 3053 901 τά
3095 846 3224 901 ὅντα
3268 844 3421 914 ῥῖψαι
3466 839 3796 913 προτρέπως

2149 933 2407 987 Ἀπόλαυε
2437 936 2616 1004 πάσης
2657 934 2913 997 ἀνέσεως.
2942 932 3037 987 καὶ
3071 932 3170 1001 τὴν
3215 928 3409 984 ἐαυτοῦ
3442 926 3630 998 χρείαν
3658 925 3796 996 πλη·

2137 1017 2317 1090 ρὼσας
2355 1021 2423 1075 τά
2466 1019 2697 1090 περιττά
2740 1020 2835 1074 καὶ
2881 1019 3002 1087 εἰκῆ
3046 1018 3273 1087 κείμενα
3314 1012 3490 1068 ταῦτα
3522 1013 3793 1078 ἀναγκαῖα

2138 1105 2380 1174 ποίησον,
2403 1108 2495 1160 καὶ
2522 1110 2636 1169 τοῖς
2664 1105 2808 1176 λιμῷ
2837 1103 3178 1174 πιεζομένοις
3205 1101 3299 1156 καὶ
3328 1100 3432 1153 ὑπὸ
3458 1098 3550 1152 τοῦ
3581 1094 3793 1168 κρυμοῦ

2132 1191 2502 1262 πηγνυμένοις
2553 1192 2760 1256 τούτοις
2796 1192 3067 1260 διάνειμαι
3092 1198 3138 1249 ο.
3188 1189 3281 1242 καὶ
3314 1186 3403 1255 διά
3440 1185 3540 1256 τῆς
3588 1184 3796 1238 τούτων

2135 1277 2315 1348 χειρὸς
2352 1279 2431 1342 είς
2474 1279 2571 1348 τὴν
2605 1278 2801 1334 ἑαυτοῦ
2839 1278 3071 1349 πατρίδα
3112 1276 3439 1345 διαπέμπου,
3480 1274 3548 1344 ἥν
3589 1270 3704 1342 μετ’
3732 1269 3793 1322 οὐ

2136 1362 2270 1415 πολὺ
2298 1362 2460 1434 λήψῃ.
2508 1360 2667 1419 Οὗτοι
2707 1365 2816 1434 γὰρ
2850 1364 3079 1434 μάλιστα
3123 1359 3439 1431 δυνήσονται
3475 1375 3558 1411 σοι
3597 1372 3793 1427 χρησι-

2140 1446 2334 1515 μεῦσαι
2380 1449 2517 1518 πρὸς
2553 1449 2653 1519 τὴν
2694 1451 2812 1502 ἐκεῖ
2850 1446 3241 1519 μετακομιδὴν,
3279 1446 3345 1497 ἶν’
3382 1444 3512 1498 ὅταν
3552 1440 3794 1513 ἀπέλθῃς

2135 1532 2269 1596 ἐκεῖ,
2308 1533 2524 1588 ἅπαντα
2561 1535 2727 1607 εὐρῃς
2767 1534 3199 1605 εὐτρεπισμένα,
3242 1532 3337 1584 καὶ
3382 1529 3622 1591 πλείονος

2133 1618 2338 1689 λαύσῃς
2363 1621 2479 1673 ἐκεῖ
2501 1621 2598 1689 τῆς
2624 1619 2903 1691 εὐπορίας,
2937 1620 3079 1690 όρῶν
3100 1618 3273 1673 ταῦτα
3303 1616 3407 1670 ὑπὸ
3430 1615 3537 1668 τῶν
3565 1630 3794 1684 μετακο-

2138 1705 2427 1775 μισάντων,
2466 1705 2664 1777 μᾶλλον
2695 1706 2750 1760 δὲ
2786 1705 2890 1759 ὑπὸ
2932 1706 3031 1777 τῆς
3080 1704 3174 1759 τοῦ
3218 1702 3353 1757 Θεοῦ
3386 1700 3795 1771 φιλανθρωπίας

2135 1792 2687 1849 πολυπλασιασθέντα.
2727 1793 2820 1865 Μὴ
2861 1793 2969 1864 γὰρ
3011 1794 3254 1863 κάματον
3283 1790 3393 1861 ἕχει
3427 1788 3488 1844 16
3522 1791 3792 1857 πρᾶγμα;

2136 1880 2212 1949 μὴ
2237 1880 2345 1951 γάρ
2365 1881 2619 1951 φροντίδα
2642 1880 2761 1935 τινὰ
2788 1882 2880 1935 καὶ
2909 1880 3205 1951 μέριμναν;
3234 1878 3345 1947 Οὐχ
3373 1876 3679 1944 ὑποζυγίων
3707 1891 3791 1928 σοι

2133 1966 2285 2034 χρεία
2318 1967 2452 2036 πρὸς
2484 1967 2582 2038 τὴν
2622 1966 3004 2037 μετακομιδὴν,
3036 1966 3097 2018 οὐ
3127 1963 3222 2019 τοῦ
3270 1962 3647 2033 φυλάττοντος,
3690 1960 3793 2013 οὐκ

2132 2051 2289 2104 ἄλλου
2308 2052 2519 2115 οὐδενὸς
2551 2053 2812 2108 τοιούτου.
2844 2053 2979 2107 Οὔτε
3009 2052 3118 2122 γὰρ
3163 2050 3385 2124 λῃστὴς,
3432 2048 3558 2104 οὐτε
3594 2064 3790 2117 τοιχω-

2134 2136 2293 2206 ρύχος
2347 2138 2561 2209 ἐκείνην
2599 2138 2798 2208 βαδίζει
2849 2137 2946 2206 τὴν
2996 2137 3133 2202 ὁδὸν,
3188 2137 3276 2192 ἵνα
3317 2133 3641 2205 λυμαίνηται
3677 2134 3790 2197 101;

2132 2222 2283 2293 napi
2312 2224 2403 2277 σοῦ
2448 2224 2849 2295 πεμπομένοις·
2899 2210 3013 2276 ἀλλ’
3048 2224 3191 2293 ἆπερ
3241 2223 3308 2293 ἢν
3342 2221 3514 2291 ἁποθῇ
3565 2220 3644 2283 είς
3689 2218 3789 2280 τὰς

2130 2308 2235 2362 τῶν
2267 2312 2507 2381 πενήτων
2539 2314 2724 2381 χεῖρας
2748 2350 2761 2373 ,
2792 2309 2964 2363 ταῦτα
2997 2312 3074 2373 είς
3105 2309 3345 2377 ἀσφαλὲς
3382 2309 3627 2376 ταμιεῖον
3659 2306 3791 2358 ἀπε-

2132 2396 2271 2469 θήεῃ
2305 2395 2401 2466 τὴν
2426 2396 2518 2450 τοῦ
2547 2396 2679 2450 Θεοῦ
2716 2399 2893 2466 χεῖρα.
2925 2395 3073 2467 Δῦτη
3103 2396 3212 2466 γάρ
3242 2395 3499 2464 ἀκέραιον
3550 2393 3646 2446 καὶ
3689 2393 3788 2462 τὴν

2129 2484 2331 2537 τούτων
2370 2484 2609 2555 φυλακην
2637 2484 2880 2557 παρέξει,
2908 2484 3001 2537 καὶ
3027 2483 3247 2537 ἐπειδάν
3271 2481 3568 2554 ἐπανέλθῃς
3592 2485 3671 2544 είς
3692 2482 3789 2552 τὴν

2129 2570 2325 2623 οίκείον
2355 2572 2611 2640 πατρίδα,
2650 2573 2787 2641 μετά
2816 2572 2912 2641 τῆς
2944 2571 3168 2625 ἐκείνων
3202 2570 3509 2631 ἀποδόσεως
3538 2568 3631 2622 καὶ
3654 2570 3787 2620 ἁνα-

2128 2655 2374 2727 κηρύξει,
2406 2658 2500 2711 καὶ
2533 2655 2885 2725 στεφανώσει,
2912 2657 3007 2710 xal
3036 2659 3093 2711 ἐν
3124 2657 3272 2729 πάσῃ
3302 2654 3452 2726 [180]
3476 2654 3790 2724 εὐρυχωρίᾳ⁵

2129 2744 2220 2795 καὶ
2266 2744 2446 2796 ἀνέσει
2478 2744 2831 2814 καταστήσει.
2879 2742 3186 2813 Ἐκχέωμεν
3224 2742 3419 2806 τοίνυν,
3461 2740 3786 2811 παρακαλῶ,

2128 2829 2196 2881 τὰ
2230 2828 2566 2899 ἀποκείμενα
2613 2831 2691 2892 είς
2742 2831 2840 2892 τὰς
2888 2829 2994 2882 τῶν
3045 2830 3289 2898 πενήτων
3335 2827 3788 2897 γαστέραςνκαὶ

2130 2916 2437 2986 σπείρωμεν
2471 2916 2546 2980 ὡς
2588 2916 2668 2969 ἔτι
2715 2917 2923 2987 καιρὸς,
2975 2917 3061 2969 ἵνα
3102 2918 3181 2980 είς
3221 2917 3314 2970 τὸν
3366 2916 3550 2969 δέοντα
3598 2914 3790 2985 καιρὸν

2128 3001 2450 3073 θερίσωμεν,
2486 3002 2503 3039 τ
2529 3004 2623 3055 κα)⁴
2647 3004 2721 3073 μή
2743 3002 3056 3072 προϊέμενοι
3075 3001 3173 3072 τὴν
3200 3001 3482 3073 παροῦσαν
3502 3002 3788 3073 εὐκαιρίαν

2128 3088 2353 3158 ὕστερον
2405 3089 2638 3158 ἀνόνητα
2694 3089 3142 3159 μεταμελώμεθα.
3199 3089 3290 3159 Μὴ
3334 3088 3441 3161 γάρ
3491 3088 3579 3142 διὰ
3629 3087 3789 3142 τοῦτο

2128 3173 2347 3227 πλείονά
2366 3192 2445 3227 σοι
2469 3175 2784 3246 κεχάρισται
2813 3179 2840 3228 ὁ
2867 3176 3243 3247 φιλάνθρωπος
3269 3177 3568 3244 Δεσπότης,
3596 3176 3681 3230 ἵνα
3706 3178 3787 3237 είς

2124 3259 2222 3330 τὴν
2254 3260 2444 3315 ἐαυτοῦ
2476 3261 2635 3331 μόνον
2668 3262 2855 3332 χρείαν
2888 3261 3274 3334 καταναλώσῃς
3308 3262 3376 3315 τά
3407 3262 3656 3327 δοθέντα,
3688 3262 3786 3317 καὶ

2123 3348 2191 3399 τὰ
2228 3345 2386 3398 λοιπά
2415 3346 2677 3416 ταμιείοις
2711 3349 2805 3401 καὶ
2825 3348 3096 3411 κιὸωτίοις
3127 3347 3549 3421 ἐναποκλείσῃς;
3586 3349 3660 3401 Οὐ
3695 3348 3786 3403 διὰ

2123 3430 2301 3497 τοῦτο,
2332 3430 2447 3484 ἀλλ’
2473 3431 2578 3496 ἵνα,
2616 3432 2757 3486 κατά
2786 3433 2885 3502 τὴν
2925 3434 3241 3503 παραίνεσιν
3278 3434 3375 3505 τὴν
3403 3434 3782 3505 ἀποστολικὴν,

2122 3518 2182 3571 16
2216 3518 2303 3571 σὸν
2336 3519 2676 3590 περίσσευμα
2714 3520 2936 3592 γένηται
2988 3522 3066 3584 είς
3106 3521 3213 3574 τῶν
3258 3520 3431 3575 ἄλλων
3476 3522 3781 3592 ὑστέρημα.

2124 3604 2230 3657 Kal
2259 3605 2323 3659 σὺ
2365 3605 2462 3674 μὲν
2496 3604 2626 3669 ἴσως
2668 3607 2761 3660 καὶ
2796 3608 2933 3676 ὐπέρ
2964 3609 3061 3678 τὴν
3088 3607 3274 3678 χρείαν
3314 3607 3643 3675 ἀπολαύεις,
3687 3609 3783 3662 καὶ

2122 3692 2179 3743 ἐν
2201 3693 2266 3762 τῇ
2291 3694 2469 3762 τρυφῇ
2492 3693 2583 3746 καὶ
2611 3693 2670 3746 ἐν
2692 3696 2803 3757 τοῖς
2826 3694 3095 3766 ἐσθήμασι
3116 3694 3210 3748 καὶΙ
3227 3696 3283 3748 ἐν
3306 3695 3441 3767 άλλῃ
3462 3695 3781 3766 πολυτελείᾳ

2122 3777 2297 3848 πολλῷ
2337 3779 2414 3847 τῷ
2446 3780 2671 3851 ἀργύρῳ
2704 3782 3063 3851 κεχρημένος,
3105 3783 3199 3837 καὶ
3228 3782 3389 3853 μέχρι
3418 3783 3528 3836 τῶν
3559 3783 3784 3837 οἰκετῶν

2122 3866 2215 3917 καὶ
2251 3866 2357 3920 τῶν
2393 3867 2601 3935 ἀλόγων
2629 3869 2815 3921 τοῦτον
2856 3869 3219 3940 κερματίξωψ
3255 3874 3283 3923 6
3324 3871 3380 3924 δὲ
3430 3870 3598 3940 πένης
3633 3870 3782 3927 οὐδὲν

2120 3951 2320 4005 τούτων
2346 3951 2498 4023 ζητεῖ
2518 3954 2666 4024 παρᾶ
2686 3955 2801 4017 σοῦ,
2836 3956 2867 4027 ἢ
2895 3957 3052 4025 μόνον
3076 3956 3234 4026 λιμὸν
3262 3955 3782 4027 παραμυθήσασθαι,

2120 4035 2212 4088 καὶ
2236 4036 2331 4107 τὴν
2369 4038 2676 4105 ἀναγκαίαν
2704 4040 2891 4109 χρείαν
2929 4041 3021 4095 καὶ
3052 4042 3149 4112 τὴν
3175 4044 3453 4112 ἐφήμερον
3484 4041 3633 4112 αὐτῷ
3657 4058 3785 4112 τρο-

2120 4122 2224 4193 φὴν
2255 4128 2571 4195 παρασχεῖν,
2605 4124 2744 4179 ὥστε
2769 4127 3028 4197 συστῆναι
3055 4131 3149 4182 καὶ
3181 4131 3255 4199 μὴ
3278 4129 3658 4200 διαφθαρῆναιο
3687 4130 3783 4183 καὶ

2116 4211 2236 4263 οὐδὲ
2272 4212 2429 4267 τοῦτο
2464 4212 2633 4287 ἀνέχῃ
2677 4216 2936 4284 ποιῆσαι,
2982 4216 3102 4270 οὐδέ
3145 4216 3363 4289 λογίζῃ,
3407 4218 3488 4271 ὅτι
3521 4217 3781 4280 πολλάκις

2116 4298 2309 4369 ἀθρόον
2337 4300 2705 4370 ἀναρπασθεὶς
2738 4301 2805 4354 τά
2840 4302 2938 4371 μὲν
2969 4302 3292 4371 συλλεγέντα
3334 4304 3549 4358 ἅπαντα
3592 4302 3778 4357 ἐντεῦ-

2117 4385 2207 4438 θεν
2241 4386 2692 4457 καταλιμπάνεις,
2746 4389 2837 4441 καὶ
2876 4388 3044 4442 ἐνίοτε
3087 4391 3168 4455 είς
3212 4390 3440 4461 ἐχθροῖς
3478 4393 3572 4445 καὶ
3622 4391 3782 4445 πολε-

2118 4471 2272 4541 μίους
2316 4472 2487 4526 ταῦτα
2528 4464 2925 4544 μεταστήσεται
2952 4492 2967 4507 υ
2998 4476 3159 4539 αὐτὸς
3203 4476 3260 4529 δὲ
3301 4477 3370 4530 τὰ
3408 4478 3778 4547 ἁμαρτήματα

2115 4560 2344 4622 ἅπαντα,
2365 4562 2422 4625 ἐξ
2441 4553 2515 4613 ὧν
2529 4560 2701 4614 ταῦτα
2721 4561 3020 4629 συλλέγεις,
3039 4564 3155 4633 μεθ’
3173 4565 3366 4618 ἑαυτοῦ
3384 4564 3563 4619 λαϐὼν
3580 4566 3708 4619 ἄπει
3728 4568 3775 4621 ε.

2114 4646 2224 4700 Kal
2242 4646 2294 4698 τί
2319 4662 2445 4699 ποτε
2471 4648 2615 4717 ἐρεῖς
2636 4647 2777 4701 κατά
2795 4648 2893 4719 τὴν
2914 4650 3125 4722 ἡμέραν
3151 4650 3364 4721 ἐκείνην
3385 4650 3482 4722 τὴν
3502 4651 3773 4723 φοϐερῶς

2110 4734 2164 4787 τί
2191 4734 2246 4787 δὲ
2269 4733 2581 4805 ἀπολογήσῃ
2610 4735 2753 4789 οὕτω
2783 4736 3042 4808 ῥᾳθύμως
3068 4738 3135 4791 15:
3160 4738 3302 4792 κατά
3323 4740 3421 4810 τὴν
3444 4740 3639 4793 ἑαυτοῦ
3670 4757 3777 4794 σω-

2108 4820 2304 4891 τηρίαν
2332 4821 2727 4891 οἱκονομήσαςς
2755 4823 2853 4875 Διά
2879 4823 3037 4878 τοῦτο
3064 4825 3187 4894 ἐμοὶ
3216 4825 3443 4890 πείθοιο,
3468 4829 3561 4880 καὶ⁵
3594 4827 3669 4890 ὼς
3693 4825 3776 4881 ἔτι

2110 4908 2299 4977 καιρὸν
2333 4908 2495 4976 ἔχεις,
2530 4909 2802 4979 διάνειμαι
2835 4909 2904 4963 τά
2933 4910 3162 4981 περιττά
3187 4911 3295 4964 τῶν
3328 4914 3645 4984 χρημάτων,
3686 4913 3773 4966 ἵνα

2107 4994 2205 5063 τὴν
2240 4996 2356 5048 ἐκεῖ
2386 4994 2569 5065 σαυτῷ
2604 4997 2888 5067 προαποοῇ
2926 4997 3218 5069 σωτηρίαν,
3251 5001 3344 5052 καὶ
3387 5000 3495 5052 τῶν
3538 5000 3774 5053 αἰωνίων

2107 5082 2327 5149 ἀγαθῶν
2357 5084 2596 5156 εὐρήσῃς
2635 5086 2734 5155 τὴν
2782 5085 3163 5138 ἀνταπόδοσιν·
3205 5083 3274 5158 ἦς
3319 5088 3530 5155 γένοιτο
3567 5088 3774 5152 πάντας

2107 5172 2253 5241 ἡμᾶς
2291 5174 2583 5239 ἐπιτυχεῖν,
2638 5172 2819 5240 χάριτι
2866 5173 2959 5224 καὶ
3009 5173 3388 5244 φιλανθρωπία
3434 5174 3527 5227 τοῦ
3563 5176 3772 5244 Κυρίου

2106 5257 2261 5326 ήμῶν
2300 5256 2470 5327 Ἰησοῦ
2517 5257 2771 5327 Χριστοῦ,
2806 5256 2924 5326 μεθ’
2964 5251 3023 5310 οῦ
3046 5257 3122 5327 τῷ
3170 5259 3344 5330 Πατρλ⁸
3371 5260 3486 5330 ἅμα
3517 5259 3595 5330 τῷ
3630 5261 3771 5331 ἁγίῳ

2108 5343 2381 5414 Πνεύματι
2411 5343 2557 5409 δόξα,
2591 5344 2808 5413 κράτος,
2841 5342 2994 5414 τιμή,
3026 5344 3120 5398 νῦν
3151 5347 3244 5399 καὶ
3272 5349 3377 5415 ἀεὶ,
3412 5351 3505 5401 καὶ
3540 5349 3618 5412 είς
3644 5350 3770 5412 τοὺς

2106 5430 2311 5496 αἰῶνας
2349 5431 2457 5484 τῶν
2488 5430 2716 5485 αἰώνωνι
2763 5431 2954 5501 Ἀμήν.

2167 5608 2194 5648 τι
2217 5608 2367 5657 Savil.
2487 5613 2590 5656 tres
2605 5620 2736 5679 ἐπες.
2771 5608 2874 5666 ταῖς
2895 5611 3176 5679 ἀπορῤήτοις
3196 5613 3611 5679 έκείναιςὸωρεαῖς
3635 5616 3771 5679 ἐφελ-

2107 5669 2472 5738 κόμενονζούδέ.
2544 5679 2568 5706 θ
2583 5669 2726 5738 .Reg.
2748 5683 2873 5738 ullqs
2892 5669 3199 5738 πηγνυμένοις
3216 5674 3365 5738 ταῦτα
3382 5669 3612 5738 γδιάνειμεξ
3644 5669 3770 5729 lhfra

2121 5730 2595 5799 Morvl.-60vv’}00y1ai
2628 5746 2706 5778 σοι
2735 5730 3057 5799 συλλαϐέσθαζ
3079 5738 3208 5797 πρός.
3274 5736 3303 5799 ,ί
3329 5730 3596 5799 Sequqnina
3620 5774 3634 5795 ,
3678 5751 3771 5799 per

2112 5794 2233 5864 d_uas
2257 5792 2505 5864 cl’ﬂginll
2530 5794 2708 5864 ιὶιιιιῆξι,
2736 5806 2892 5864 gsqug
2921 5795 2978 5864 9d
3005 5796 3065 5843 τὰ
3086 5792 3208 5864 κατὰ
3229 5792 3508 5864 τήν-ἐαυτοῦ
3529 5792 3768 5864 σωτηρίαν

2114 5852 2449 5915 οἱκονομήσας,
2467 5853 2645 5905 desunt
2667 5857 2716 5903 iu
2739 5852 3031 5905 Coisliniano
3048 5858 3230 5906 codice.
3286 5859 3424 5907 ευυο
3446 5872 3559 5907 mss.
3584 5852 3761 5909 ἄπεισι.
