4122 6204
447 287 555 343 1'73

521 399 575 453 5.
609 396 828 454 Moralis
849 395 1133 452 exhortatio
1159 403 1336 450 contra
1364 395 1647 448 avaritiam.
1679 423 1748 435 —-
1777 393 2040 449 Caeterum

455 505 519 546 ne
567 489 778 558 incepta
828 488 1057 543 lectione
1099 486 1370 557 aliquanto
1409 485 1754 556 prolixiorem
1801 493 2044 539 texamus

451 595 791 645 sermonem,
823 578 909 633 hic
938 583 1098 632 etiam
1148 593 1246 633 nos
1284 592 1406 632 cum
1449 576 1607 631 beato
1658 574 1918 644 pr0pheta
1965 573 2046 627 di-

453 673 611 728 cendi
657 671 814 726 finem
856 669 1149 737 faciamus,
1180 678 1491 740 sequentem
1528 666 2044 737 interpretationem,

452 764 496 818 si
530 765 671 818 Deus
716 761 1042 833 permiserit,
1087 762 1138 816 in
1173 763 1336 817 alium
1363 775 1665 816 sermonem
1703 767 2043 828 reponentcs.

455 855 570 910 iam
593 864 772 910 autem
793 853 1120 908 admonitam
1141 855 1420 908 caritatem
1446 861 1677 908 vestram
1705 851 1919 915 vellem,
1941 864 2048 920 quo

457 945 774 1014 ampliorem
816 943 1100 1013 quemdam
1131 959 1195 998 ex
1226 943 1384 998 dictis
1412 943 1610 996 nostris
1655 939 1887 996 fructum
1927 955 2050 1010 per-

459 1033 690 1106 cipiatis,
722 1034 1041 1105 utquotidie
1068 1049 1161 1089 vos
1185 1033 1525 1096 examinetis,
1557 1032 1681 1102 quid
1711 1047 1775 1086 ex
1808 1030 1909 1085 hoc
1935 1045 2050 1084 ser-

461 1143 640 1187 mone.
670 1136 726 1181 et
769 1125 895 1196 quid
939 1142 1003 1180 ex
1054 1125 1158 1178 alio
1207 1125 1595 1184 lucrifeccritis,
1629 1131 1684 1176 et
1725 1136 1829 1175 non
1875 1120 2048 1174 solum

459 1215 682 1272 auribus
711 1215 1018 1285 percipiatis
1057 1223 1236 1269 nostra
1261 1213 1433 1278 dicza,
1463 1211 1556 1267 sed
1587 1222 1638 1266 et
1669 1211 1831 1265 menti
1863 1217 2052 1264 vestra:

462 1306 597 1360 bene
616 1303 1026 1370 Commendctis,
1053 1312 1107 1358 et
1133 1301 1441 1372 qumidiana
1472 1301 1819 1357 meditatione
1845 1300 2050 1353 firmam

467 1396 541 1450 rei
574 1395 886 1449 memoriam
917 1395 1160 1449 teneatis.
1209 1393 1410 1449 Vellem
1441 1392 1585 1446 enim
1625 1406 1719 1446 vos
1759 1407 1865 1444 non
1897 1389 2050 1443 vobis

459 1494 670 1538 «mttun
693 1484 969 1555 prolicere,
988 1484 1080 1538 sed
1109 1493 1163 1539 et
1183 1484 1407 1537 aliorum
1434 1481 1548 1536 fieri
1579 1481 1884 1551 magistros,
1913 1481 1984 1534 ita
2000 1489 2056 1534 ut

468 1578 686 1648 possitis
702 1577 860 1634 etiam
888 1576 1024 1631 alios
1049 1576 1360 1641 admonere,
1387 1589 1560 1644 neque
1580 1573 1681 1628 hoc
1711 1573 1888 1627 verbis
1904 1572 2058 1626 dum-

459 1677 612 1724 taxat
655 1684 848 1740 agere,
897 1668 991 1724 scd
1027 1677 1084 1724 ct
1126 1667 1378 1738 operibus
1420 1665 1633 1721 erudire
1682 1665 1952 1734 proximos
1989 1663 2055 1719 ad

462 1759 783 1828 pra-clarum
811 1759 1021 1813 virtutis
1040 1757 1298 1812 officium.
1318 1757 1582 1828 Cogitate,
1607 1770 1725 1820 oro,
1746 1755 1789 1810 si
1822 1769 1934 1817 vos,
1964 1755 2056 1824 qui

470 1851 554 1904 hic
581 1849 837 1915 affuistis,
865 1849 1100 1920 quotidie
1147 1848 1534 1918 portiunculam
1577 1855 1780 1901 tantum
1825 1847 2058 1915 accepis-

468 1941 600 1994 setis
627 1941 702 1994 ad'
718 1939 1081 1995 emendandas
1111 1939 1448 1995 all‘ectionum
1474 1939 1923 2010 perturbationes,
1948 1939 2058 2007 jam

471 2030 538 2084 ad
589 2046 852 2085 summum
898 2032 1112 2101 aliquod
1157 2032 1426 2103 fastigium
1472 2041 1824 2102 perventuros
1873 2033 2057 2086 fuisse.

479 2121 612 2175 Nam
646 2138 748 2176 non
781 2137 1054 2177 cessamus
1079 2123 1400 2192 quotidianis
1425 2123 1763 2179 sermonibus
1791 2123 2062 2180 inculcare

473 2211 694 2268 auribus
722 2214 935 2278 vestris,
965 2230 1085 2284 qua:
1111 2215 1177 2269 ad
1206 2215 1578 2271 instituendam
1607 2217 1866 2286 Optimam
1899 2215 2058 2270 vitam

475 2306 727 2372 attinent,
757 2315 811 2360 ut
843 2305 1181 2362 cradiccntur
1205 2306 1330 2362 mali
1358 2309 1443 2363 isti
1471 2308 1715 2374 affectus,
1743 2307 1876 2362 iram
1901 2305 2057 2373 dico;

476 2398 726 2453 invidiam
765 2408 818 2454 et
848 2399 1069 2455 livorem
1105 2417 1117 2454 :
1147 2401 1340 2471 quibus
1364 2400 1589 2456 sublatis
1609 2443 1622 2466 ,
1658 2400 1864 2456 facilius
1891 2409 1946 2455 et
1983 2400 2064 2455 in-

473 2487 624 2541 sania
669 2488 754 2542 illa
788 2489 840 2544 in
880 2490 1194 2560 colligendis
1236 2491 1474 2561 pecuniis
1503 2491 1928 2547 emendationem
1965 2489 2063 2546 ad-

475 2577 708 2633 mitteret
754 2579 877 2652 :(o)
907 2589 960 2635 et
1001 2589 1246 2636 cessante
1295 2581 1501 2636 insania
1546 2581 1820 2648 avaritize,
1874 2580 2061 2651 majorl

477 2674 762 2729 securitate
815 2675 1010 2730 illicitae
1053 2675 1314 2747 ftedarque
1353 2677 1706 2749 cogitationes
1742 2677 2063 2748 comprime-

478 2773 708 2818 rentur:
763 2765 929 2821 Radix
973 2769 1105 2821 enim
1155 2769 1386 2823 outnium
1440 2770 1691 2823 malarum
1730 2777 1802 2824 est
1849 2769 2064 2822 avaritia

475 2857 554 2924 (ί.
583 2856 713 2910 Tim.
744 2858 798 2912 6.
838 2857 944 2928 10).
978 2858 1132 2926 Quod
1172 2860 1217 2914 si
1262 2860 1498 2914 radicem
1546 2860 1971 2926 resct-uerimus,
2011 2867 2066 2914 ct

477 2948 711 3003 funditus
739 2951 1239 3020 t-xstirpaverimns,
1273 2951 1481 3008 facilius
1512 2967 1692 3007 ramos
1727 2951 1909 3008 licebit
1947 2967 2062 3006 am-

476 3049 682 3109 putare.
715 3042 822 3095 Arx
867 3042 1008 3096 enim
1054 3042 1348 3109 malorum,
1379 3053 1432 3099 et
1457 3042 1723 3112 colophon
1745 3084 1760 3109 ,
1794 3052 1852 3097 ut
1886 3041 1958 3096 ita
1983 3041 2065 3096 di-

476 3147 613 3196 cam,
645 3143 1022 3202 peccatorum,
1065 3144 1144 3190 est
1172 3136 1348 3192 rabies
1375 3137 1462 3190 illa
1491 3135 1906 3207 colligendarum
1933 3135 2066 3190 divi-

475 3224 693 3290 tiarum,
724 3241 882 3293 quam
907 3226 950 3280 si
974 3226 1192 3280 domare
1216 3226 1567 3293 voluerimus,
1593 3227 1721 3280 nihil
1750 3235 1914 3292 vetat,
1938 3227 2065 3297 quin

472 3317 632 3371 simul
659 3327 713 3372 et
739 3317 836 3373 hac
866 3318 1066 3374 insania
1096 3320 1401 3385 liberemur,
1428 3328 1622 3374 etcum
1646 3317 1745 3374 hac
1774 3318 2068 3374 evellamus

479 3409 894 3465 etcradicetnus
938 3427 1126 3467 onmes
1172 3412 1501 3482 perniciosos
1540 3411 1782 3467 allectus.
1833 3411 1950 3467 Jam
2001 3425 2067 3467 ne

475 3502 796 3556 existimetis
827 3518 1073 3573 magnum
1103 3503 1301 3572 aliquid
1330 3512 1383 3558 et
1413 3518 1575 3572 grave
1605 3517 1725 3558 esse
1745 3518 1904 3572 opum
1935 3517 2066 3558 con-

485 3601 766 3659 templum.
809 3593 942 3658 Quia
974 3609 1094 3647 cum
1127 3608 1333 3647 mecum
1378 3603 1590 3662 reputo,
1620 3603 1725 3646 tam
1774 3594 1970 3648 multos
1997 3593 2069 3649 ob

479 3681 694 3736 inanem
728 3690 782 3735 ct
809 3682 1046 3737 inutilem
1085 3683 1308 3751 gloriam
1352 3683 1516 3736 multa
1555 3683 1668 3736 auri
1715 3682 1910 3737 talenta
1937 3683 2072 3738 cffu-

477 3771 630 3826 dissc
656 3772 707 3826 in
735 3773 937 3827 nullam
969 3773 1274 3838 utilitatem,
1299 3772 1391 3828 sed
1420 3782 1475 3826 ut
1501 3787 1530 3827 a
1552 3772 1986 3828 circumforaneis
2014 3782 2068 3829 et

485 3861 781 3915 triviahbus
823 3862 1156 3917 hnmnnculis
1193 3877 1523 3932 aucupentur
1569 3863 1798 3917 nominis
1839 3865 2034 3919 celebri

482 3960 671 4016 utrm,
703 3969 820 4022 qum
847 3953 910 4008 ad
943 3969 1220 4020 vesperam
1244 3953 1464 4017 desinit,
1510 3964 1564 4008 et
1593 3969 1734 4024 δευρί)
1765 3971 1869 4009 non
1901 3971 2067 4024 usque

483 4042 550 4095 ad
589 4059 862 4112 vesperam
885 4043 1064 4108 durat,
1093 4045 1185 4098 seel
1219 4053 1268 4098 ct
1302 4044 1608 4115 priusquam
1655 4045 1769 4099 dies
1797 4045 2067 4114 complea-

481 4143 590 4196 tur,
617 4133 908 4188 inumncris
925 4134 1077 4188 malis
1093 4136 1453 4190 circumdatur
1473 4153 1488 4200 ;
1508 4134 1581 4207 (ιι)
1606 4135 1714 4208 [alii
1738 4147 1913 4190 autem
1939 4152 2067 4205 gen-

479 4225 649 4279 tilium
678 4242 861 4282 errorc
907 4229 1292 4296 praeoccupati,
1323 4229 1484 4284 etiam
1526 4229 1624 4296 ipsi
1665 4228 1730 4282 ad
1781 4227 2065 4284 humanam

485 4316 834 4385 respicientes
862 4317 1124 4387 gloriam,
1153 4333 1311 4386 quam
1340 4319 1556 4372 maximi
1585 4317 1814 4383 faciunt,
1845 4319 2066 4388 abjectis

473 4406 639 4460 simul
671 4408 939 4472 erunibus,
986 4419 1038 4463 et
1067 4409 1230 4478 pallio
1274 4419 1476 4464 tantum
1526 4419 1683 4479 atque
1723 4411 1909 4465 baculo
1948 4425 2065 4466 ser-

480 4499 637 4562 vatis,
669 4513 887 4554 omnem
914 4500 1076 4554 vitam
1103 4501 1180 4555 sic
1205 4500 1422 4570 exigunt
1443 4541 1457 4563 ,
1489 4514 1701 4554 omnem
1731 4500 1967 4556 laborem
1999 4501 2066 4555 il-

481 4587 588 4642 lum
620 4599 674 4644 ct
701 4590 973 4645 miseriam
1001 4591 1071 4646 ob
1100 4591 1222 4644 vani
1248 4591 1479 4646 nominis
1517 4592 1882 4646 celebritatem
1909 4607 2066 4646 assuo

481 4677 709 4750 tuentes]
736 4697 749 4733 :
777 4694 897 4734 cum
921 4680 1080 4750 igitur
1102 4682 1214 4735 lucc
1238 4696 1444 4736 mecum
1466 4693 1676 4752 reputo,
1705 4683 2063 4752 nescioquam

481 4768 710 4825 habituri
759 4771 929 4826 simus
973 4771 1054 4825 vel
1098 4773 1522 4837 excusationem,
1567 4773 1649 4828 vel
1696 4775 1925 4835 veniam,
1975 4774 2064 4842 qui

482 4875 656 4929 neque
681 4861 750 4915 ob
790 4863 1101 4918 mandatum
1131 4879 1161 4919 a
1192 4863 1417 4918 Domino
1454 4864 1703 4920 traditum
1725 4905 1740 4929 ,
1790 4879 1963 4934 neque
1996 4865 2067 4917 oh

481 4949 703 5017 gloriam
743 4953 884 5007 illam
930 4955 1286 5010 immortalem
1315 4966 1366 5010 et
1397 4957 1823 5021 interminatam,
1854 4956 1934 5009 vel
1968 4956 2062 5010 mi.

480 5041 678 5096 nimam
708 5059 887 5098 rerum
919 5056 1219 5099 nostrarum
1255 5048 1554 5115 portionem
1582 5045 1883 5114 relinquere
1909 5048 2068 5099 susti-

481 5147 690 5200 nemus,
717 5134 788 5205 (ι’)
814 5137 941 5206 quin
971 5147 1024 5190 ct
1072 5137 1369 5194 deteriores
1405 5138 1507 5192 illis
1550 5136 1846 5204 rcddimur,
1893 5152 2069 5207 neque

480 5235 740 5292 quantum
783 5227 852 5281 sit
885 5228 1169 5284 discrimen:
1214 5230 1527 5300 cogitamus.
1570 5228 1701 5285 Nam
1739 5229 1812 5284 illi
1857 5230 1927 5285 ob
1975 5231 2056 5282 ho

542 5314 745 5378 (9)018
763 5326 1054 5376 sequuntur,
1076 5321 1138 5369 ah
1157 5320 1233 5370 his
1255 5319 1436 5378 verbis,
1453 5325 1500 5369 et
1524 5325 1736 5369 cessante
1749 5316 1936 5368 insania
1959 5329 2072 5366 ava-

485 5371 619 5423 ηαιέ
638 5371 740 5443 ςιαί
756 5371 962 5440 τῆξπερί
984 5371 1052 5426 τά
1063 5381 1282 5441 χρήματα
1303 5371 1509 5441 μανίᾶς),
1531 5382 1762 5443 usquead
1784 5382 1867 5430 illa
1888 5383 2055 5440 verba,

485 5443 598 5496 post
619 5435 792 5507 decem
821 5435 1023 5507 c:rciter
1047 5435 1236 5507 versus,
1255 5435 1482 5507 magnum
1500 5435 1690 5507 aliquid
1708 5448 1756 5491 et
1787 5454 1936 5507 grave
1954 5435 2058 5507 esse

483 5507 628 5554 apum
651 5502 968 5570 carueritptttm
996 5502 1237 5564 (φορτικὸν
1259 5502 1375 5551 εῐνὰι
1398 5505 1453 5552 τὸ
1480 5502 1736 5566 χρημάτων
1761 5502 2054 5569 {iteratam},

488 5555 676 5604 desunt
701 5571 748 5604 ιιι
776 5561 979 5609 (.orsltn.

547 5616 624 5739 Et);
645 5626 757 5676 Quae
782 5623 967 5671 uncinis
987 5623 1291 5686 clauduntur,
1313 5628 1492 5678 desunt
1515 5631 1560 5678 in
1581 5628 1866 5681 Coislioiano
1882 5631 2070 5682 Codice.

571 5692 597 5725 ί·
651 5689 763 5735 Qum
785 5690 1058 5739 sequuntur
1081 5701 1237 5739 usnue
1255 5691 1332 5739 ad.
1359 5693 1659 5739 etiionlanms
1681 5706 1812 5739 emo.
1833 5699 2006 5739 desunt
2027 5696 2070 5739 in

557 5689 626 5754 μ’),
651 5689 763 5754 0050
785 5690 1058 5754 sequuntur
1081 5701 1237 5751 usque
1255 5691 1332 5754 ad.
1359 5693 1659 5752 eifmnlrmms
1681 5706 1812 5752 ergo,
1833 5699 2006 5745 desunt
2027 5696 2075 5744 in

482 5740 659 5794 Coislin
687 5742 773 5805 ,it2
799 5740 984 5809 ut'plus
999 5761 1144 5812 quam
1158 5740 1358 5800 'dnuidia
1385 5740 1555 5813 fagina
1573 5740 1779 5806 deficiat.

1527 283 1597 340 ἸΝ
1635 283 1786 340 CAP.
1830 282 1916 339 Ν.
1956 281 2199 341 GENES.
2243 283 2470 342 llOMlL.
2513 285 2634 343 XX.

3636 287 3736 345 Hi

2153 395 2378 460 minum,
2403 397 2496 468 qui
2523 397 2764 468 ejusdem
2790 406 2994 454 naturas
3018 405 3141 452 sunt
3160 440 3174 465 ,
3205 397 3441 453 inutilem
3470 396 3732 469 gloriam,

2149 502 2386 558 eousque
2408 499 2770 558 pervenerunt
2816 498 2874 544 ut
2919 499 3025 545 tam
3069 490 3232 546 multa
3277 490 3560 560 projieiant
3589 507 3604 544 :
3635 506 3732 546 nos

2151 586 2328 632 autem
2356 587 2578 649 propter
2607 578 2887 633 Dominum
2920 589 3160 634 nostrum
3180 622 3194 645 ,
3224 581 3314 649 qui
3342 580 3646 651 suppeditat
3673 596 3735 637 ea

2151 681 2268 735 quae
2296 668 2652 738 possidemus,
2673 678 2726 724 et
2743 669 3029 723 ineffabilia
3055 669 3142 723 illa
3160 669 3298 725 dona
3327 671 3627 740 pollicetur,
3645 686 3736 726 8:13-

2154 771 2220 824 pe
2238 772 2408 827 neque
2432 773 2650 827 parvum
2673 757 2923 828 quiddam
2954 759 3198 828 inopibus
3219 773 3440 831 erogare
3466 760 3733 814 volumus.

2155 847 2223 901 Et
2263 848 2511 917 qualibus
2554 850 2721 903 oculis
2768 848 3063 903 videbimus
3104 847 3368 912 Judicem,
3411 850 3738 920 negligentes

2156 939 2467 994 mandatum
2494 940 2636 994 illius
2659 951 2764 994 tam
2793 939 2984 994 facile?
3012 937 3149 993 Num
3174 939 3450 1004 adhortor,
3482 948 3538 993 ut
3558 939 3736 993 omnia

2155 1037 2334 1084 vestra
2361 1029 2657 1100 abjiciatis?
2688 1031 2889 1086 Fruere
2933 1029 3079 1085 onnti
3112 1028 3495 1099 prosperitate,
3534 1038 3587 1083 ct
3616 1045 3739 1084 cum

2155 1121 2285 1176 satis
2313 1120 2502 1178 feceris
2530 1133 2622 1178 tuo
2652 1125 2807 1189 usui,
2837 1139 2956 1194 qua:
2983 1136 3311 1193 supervacua
3357 1120 3450 1176 tibi
3480 1131 3532 1176 et
3569 1122 3741 1176 otiosa

2151 1212 2352 1282 jacent,
2396 1215 2448 1268 in
2477 1215 2834 1270 necessarium
2864 1229 3015 1270 usum
3055 1222 3344 1278 converte,
3385 1212 3612 1282 aliisque
3635 1211 3746 1267 dis-

2159 1303 2333 1359 tribue
2371 1307 2510 1360 fame
2559 1306 2960 1371 laborantibus,
2992 1316 3048 1362 et
3085 1305 3206 1377 gelu
3245 1304 3651 1375 rigesecntibus,
3691 1313 3747 1359 et

2161 1408 2256 1461 per
2282 1394 2495 1449 illorum
2537 1412 2725 1452 marms
2769 1397 2822 1451 in
2866 1407 3008 1450 tuam
3049 1397 3276 1466 patriam
3319 1395 3656 1462 transmitte,
3691 1395 3743 1448 in

2158 1498 2320 1552 quam
2350 1485 2658 1554 propediem
2689 1487 2779 1541 tibi
2808 1486 3169 1556 pergendum,
3202 1493 3260 1538 ut
3292 1485 3360 1538 ibi
3383 1485 3633 1554 accipias.
3670 1483 3746 1538 Illi

2160 1577 2304 1629 cnim
2345 1577 2632 1646 plurimum
2664 1577 2755 1631 tibi
2805 1579 3061 1648 prodesse
3101 1586 3350 1646 poterunt
3395 1575 3463 1631 ad
3507 1584 3747 1630 transve-

2164 1667 2366 1723 ltendas
2396 1670 2521 1725 illuc
2546 1684 2674 1740 Opes
2705 1688 2718 1724 :
2749 1680 2806 1724 ut
2831 1669 3044 1741 quando
3064 1669 3189 1725 illuc
3211 1667 3426 1734 abieris,
3457 1667 3634 1722 omnia
3661 1667 3747 1720 in-

2161 1759 2349 1813 venias
2375 1759 2515 1815 bene
2561 1760 2842 1830 disposita,
2873 1760 3168 1830 maiorique
3211 1759 3318 1814 illic
3361 1757 3556 1813 fruaris
3581 1757 3751 1812 abun-

2162 1848 2363 1917 dantia,
2387 1850 2573 1905 videns
2593 1867 2655 1907 ea
2676 1866 2706 1905 a
2733 1851 3218 1915 transvehentibus,
3245 1849 3352 1904 imo
3370 1865 3399 1902 a
3422 1849 3750 1919 benignitate

2164 1941 2282 2008 Dei,
2309 1943 2379 1998 ita
2406 1943 2781 2012 multiplicata.
2812 1943 2948 1998 Num
2981 1943 3218 1998 laborem
3249 1941 3407 1996 habet
3436 1941 3487 1996 id
3515 1941 3749 2012 negotii?

2164 2048 2550 2101 num,curam,
2603 2050 2729 2089 num
2777 2033 3232 2089 sollicitudinem?
3273 2026 3354 2087 Ad
3408 2032 3523 2086 haec
3574 2041 3751 2085 trans-

2165 2127 2406 2182 vehcuda
2455 2127 2606 2182 nullo
2651 2127 2744 2182 tibi
2786 2143 2920 2197 opus
2945 2125 3310 2196 estjnmcnto,
3356 2140 3462 2180 non
3505 2121 3748 2185 custode,

2163 2232 2338 2288 neque
2365 2218 2473 2272 ullo
2495 2218 2621 2272 alio.
2649 2217 2834 2272 Nullus
2859 2218 3002 2271 enim
3031 2217 3167 2272 latro
3193 2217 3274 2270 vel
3306 2215 3390 2269 fur
3419 2214 3518 2269 hac
3548 2214 3630 2267 via
3663 2213 3748 2267 in-

2161 2311 2324 2378 cedit,
2349 2321 2405 2366 ut
2437 2326 2628 2366 nocere
2649 2320 2811 2380 queat
2828 2311 2891 2366 iis
2916 2326 3034 2380 qua:
3053 2326 3082 2364 a
3107 2321 3157 2365 te
3180 2311 3304 2364 illuc
3322 2308 3635 2364 mittuntur:
3655 2307 3748 2362 sed

2165 2416 2226 2456 ea
2257 2417 2378 2472 quze
2415 2402 2721 2471 rcposueris
2764 2401 2816 2455 in
2857 2415 3149 2472 egenorum
3188 2416 3410 2463 manus,
3450 2398 3534 2452 illa
3565 2398 3618 2452 in
3665 2411 3752 2452 se-

2165 2509 2352 2549 curum
2384 2495 2807 2564 promptuarium
2827 2533 2844 2559 ,
2875 2507 3066 2563 nempe
3093 2506 3308 2547 manum
3348 2490 3440 2546 Dei
3467 2488 3706 2545 chundes
3735 2505 3750 2543 :

2167 2601 2285 2655 qua:
2317 2585 2567 2640 inviolata
2597 2594 2650 2639 et
2678 2583 2944 2638 custodita
2973 2583 3263 2653 praebebit,
3293 2593 3346 2638 et
3376 2597 3497 2636 cum
3529 2580 3754 2636 redieris

2168 2678 2219 2732 in
2245 2677 2492 2747 patriam,
2517 2676 2621 2731 illis
2647 2675 2870 2730 redditis
2891 2676 3049 2728 etiam
3075 2672 3384 2742 praedicabit
3409 2671 3594 2726 laudes
3613 2682 3748 2734 tuas,

2167 2777 2221 2822 ct
2251 2766 2553 2832 coronabit,
2581 2782 2645 2821 ac
2667 2775 2717 2821 te
2748 2766 2802 2819 in
2829 2764 3103 2819 latitudine
3128 2764 3480 2826 constituens,
3503 2776 3750 2816 securqu

2164 2868 2224 2916 et
2248 2859 2456 2916 felicem
2484 2858 2691 2915 reddet.
2731 2855 3077 2912 Eﬂ'undamus
3099 2869 3248 2924 ergo,
3275 2867 3487 2924 precor,
3509 2851 3751 2922 deposita

2168 2953 2222 3008 in
2263 2967 2556 3023 pauperum
2609 2959 2861 3016 ventres,
2901 2959 2954 3004 et
2989 2948 3316 3005 scmincmus
3364 2946 3493 3002 dum
3546 2954 3756 3015 tempus

2168 3053 2271 3111 est,
2303 3053 2360 3099 ut
2382 3054 2690 3114 opportuno
2722 3053 2962 3112 tempore
2985 3050 3270 3107 metamus,
3297 3040 3371 3111 (α)
3399 3047 3453 3094 et
3481 3054 3549 3094 ne
3580 3048 3754 3093 trans-

2169 3137 2332 3190 missa
2379 3135 2638 3206 temporis
2680 3134 3111 3205 opportunitate,
3158 3133 3382 3203 posthac
3422 3133 3617 3186 frustra
3658 3145 3756 3185 nos

2171 3229 2448 3299 penitcat.
2482 3228 2710 3284 llaccine
2739 3226 2809 3283 de
2831 3239 2989 3283 causa
3020 3225 3282 3296 benignus
3311 3224 3450 3278 Deus
3483 3223 3629 3293 plura
3661 3222 3753 3276 tibi

2171 3321 2389 3391 largitus
2415 3329 2518 3385 est,
2547 3329 2607 3374 ut
2651 3320 2704 3374 in
2747 3329 2895 3374 tuutn
2926 3317 3096 3372 solius
3137 3332 3290 3370 usum
3330 3312 3610 3383 impendas
3637 3327 3754 3377 quze

2169 3411 2336 3475 dedit,
2361 3420 2415 3465 et
2436 3411 2638 3480 reliqua
2670 3409 2722 3463 in
2746 3408 2943 3462 arculis
2967 3416 3020 3461 et
3050 3405 3431 3476 promptuariis
3459 3401 3755 3458 recondas?

2171 3503 2284 3558 Non
2313 3517 2375 3557 ea
2412 3502 2480 3556 de
2509 3515 2690 3566 causa,
2721 3499 2816 3555 sed
2845 3509 2898 3553 ut
2920 3540 2935 3565 ,
2967 3496 3259 3553 secundum
3287 3495 3633 3565 apostolicam
3659 3494 3754 3548 ad-

2172 3595 2540 3660 nionitionem,
2567 3590 2890 3647 abundantia
2939 3598 3025 3644 tua
3069 3587 3295 3642 aliorum
3345 3585 3580 3654 inopiam
3630 3599 3754 3654 sup-

2172 3687 2312 3756 pleat
2336 3684 2412 3756 (2.
2443 3683 2558 3738 Cor.
2589 3681 2641 3737 3.
2668 3681 2778 3750 Η).
2803 3679 2869 3734 Et
2887 3689 2939 3733 tu
2963 3677 3175 3749 quidem
3207 3674 3425 3730 forsitan
3448 3673 3609 3729 etiam
3637 3674 3754 3744 plus

2170 3793 2328 3848 quam
2353 3793 2486 3847 opus
2503 3784 2586 3830 est
2607 3773 2690 3828 his
2711 3773 2904 3827 frueris
2935 3772 2986 3825 in
3007 3769 3232 3834 deliciis,
3255 3767 3514 3833 vest'bus,
3540 3767 3756 3837 alioque

2172 3869 2297 3923 luxu
2318 3909 2333 3934 ,
2362 3867 2530 3921 servis
2567 3879 2778 3936 quoque
2804 3871 2859 3918 et
2905 3861 3074 3917 brutis
3111 3871 3389 3931 argentum
3419 3860 3640 3914 nniltum
3669 3857 3755 3912 di-

2173 3961 2394 4016 videns:
2435 3974 2635 4029 paupcr
2678 3965 2854 4012 autem
2902 3955 3029 4009 nihil
3075 3953 3268 4008 horum
3308 3971 3337 4006 a
3382 3963 3432 4009 te
3474 3954 3621 4022 petit,
3661 3949 3755 4006 sed

2174 4061 2378 4106 tantum
2403 4060 2458 4104 ut
2481 4049 2675 4104 famem
2697 4048 2938 4118 mitiges,
2968 4056 3026 4100 ut
3051 4045 3418 4115 quotidianum
3449 4044 3523 4098 illi
3550 4043 3751 4107 cibum,

2170 4159 2232 4198 ac
2251 4143 2608 4198 neceSSarium
2634 4156 2787 4194 usum
2812 4138 3029 4204 tribuas,
3061 4147 3120 4191 ut
3146 4136 3310 4201 vivat,
3330 4144 3385 4190 ct
3407 4151 3511 4189 non
3535 4143 3715 4202 pereat
3740 4150 3754 4187 :

2172 4247 2226 4293 ct
2253 4253 2426 4306 neque
2456 4236 2556 4289 hoc
2597 4234 2773 4288 facere
2802 4231 3036 4302 dignaris
3057 4273 3072 4295 ,
3105 4245 3279 4299 neque
3309 4227 3532 4298 cogitas,
3564 4236 3615 4280 te
3643 4226 3756 4296 plc-

2172 4345 2394 4398 rumque
2414 4328 2594 4383 subito
2613 4327 2914 4396 abreptum,
2942 4323 3119 4378 omnia
3142 4337 3262 4391 qua:
3284 4319 3505 4374 collecta
3527 4328 3650 4372 sunt
3672 4316 3758 4372 hic

2171 4422 2509 4492 relinquere,
2541 4428 2597 4474 et
2626 4418 2890 4474 interdum
2919 4417 2972 4471 in
3007 4417 3188 4471 hostes
3213 4423 3268 4468 et
3311 4413 3554 4468 inimicas
3581 4420 3757 4465 trans.

2171 4512 2332 4577 ferri;
2369 4522 2419 4566 te
2447 4521 2625 4565 autem
2657 4508 2889 4579 peccatis
2915 4507 3194 4567 omnibus,
3225 4519 3322 4576 per
3349 4520 3469 4572 qua:
3500 4501 3613 4555 hsce
3639 4501 3758 4554 col-

2174 4603 2367 4671 legisti,
2412 4612 2587 4656 tecum
2633 4599 2864 4668 receptis
2909 4596 3033 4651 hinc
3069 4595 3319 4663 migrare.
3359 4591 3426 4645 Et
3466 4590 3592 4658 quid
3633 4598 3760 4643 tunc

2170 4695 2319 4748 dices
2346 4695 2397 4748 in
2429 4693 2516 4746 die
2546 4692 2636 4746 illo
2667 4687 2926 4744 terribili?
2951 4684 3220 4756 quomodo
3249 4693 3301 4736 te
3325 4680 3602 4735 excusabis
3621 4718 3638 4741 ,
3669 4681 3757 4749 qui

2172 4787 2243 4839 ita
2273 4784 2603 4853 negligenter
2624 4781 2812 4836 Salutis
2838 4777 3109 4846 negotium
3133 4771 3440 4827 instituisti?
3469 4771 3756 4840 Propterea

2171 4877 2301 4932 mihi
2328 4876 2669 4942 obtempera,
2700 4878 2901 4924 etcum
2929 4867 3104 4920 adhuc
3148 4875 3358 4933 tempus
3393 4862 3592 4926 habes,
3624 4872 3755 4930 opes

2170 4976 2530 5034 supervacuas
2558 4961 2838 5022 distribue,
2872 4967 2929 5011 ut
2956 4957 3104 5027 prius
3132 4956 3239 5011 illic
3267 4955 3320 5010 in
3351 4964 3492 5009 tuam
3523 4953 3754 5022 reposita

2172 5060 2369 5114 habeas
2407 5055 2660 5122 salutem,
2707 5063 2761 5108 et
2803 5066 2899 5123 pro
2942 5051 3048 5106 illis
3088 5061 3344 5121 perpetua
3387 5049 3525 5104 bona
3565 5062 3757 5101 conse-

2169 5151 2352 5220 quaris
2384 5167 2396 5204 :
2430 5165 2548 5220 qua:
2580 5164 2676 5203 nos
2705 5163 2891 5202 omnes
2913 5147 3160 5203 obtinere
3190 5143 3483 5212 Contingat,
3510 5139 3677 5212 gratia
3703 5147 3758 5190 ct

2173 5243 2501 5311 benignitate
2523 5241 2733 5296 Domini
2761 5241 2928 5295 nostri
2949 5239 3075 5294 Jesu
3101 5235 3321 5303 Christi,
3345 5250 3467 5289 cum
3489 5249 3594 5305 quo
3617 5232 3758 5287 Patri

2173 5336 2333 5390 simul
2364 5343 2420 5390 et
2446 5333 2665 5404 Spiritui
2694 5341 2882 5388 sancto
2908 5332 2978 5386 sit
3009 5328 3200 5400 gloria,
3231 5325 3534 5396 imperium,
3566 5323 3759 5390 honor,

2175 5444 2316 5484 nunc
2344 5437 2400 5485 et
2419 5443 2654 5498 semper,
2684 5426 2810 5482 etin
2836 5423 3029 5479 saecula
3052 5420 3389 5477 saeculorum.
3424 5419 3618 5474 Amen.

2224 5623 2298 5680 (α)
2315 5626 2426 5680 Qure
2450 5625 2717 5680 sequuntur
2744 5612 3002 5680 usquead,
3015 5586 3314 5680 negligenter
3330 5610 3496 5680 salutis
3515 5609 3750 5680 nrgutinm

2164 5673 2425 5735 instituisti,
2449 5673 2559 5741 quae
2581 5679 2771 5741 circiter
2797 5673 3001 5727 mediam
3029 5673 3251 5739 pagltum
3274 5673 3548 5735 absolvunt,
3575 5676 3753 5722 desunt

2165 5752 2213 5798 in
2230 5740 2514 5795 Cobhniano
2534 5740 2720 5789 t‘edicu.
