4122 6204
361 294 487 351 ‘T'IS

939 393 1213 448 llOMiLIA
1275 389 1415 445 XXI.

395 536 496 590 Iste
523 546 597 588 est
637 532 757 586 liber
787 527 1118 600 generationis
1146 525 1422 587 hominum,
1453 523 1532 576 die
1557 538 1652 592 quo
1691 519 1808 589 fecit
1836 516 1974 569 Deus

458 624 643 688 Adam,
667 619 938 675 secundant
961 617 1230 686 imaginem
1245 615 1340 669 Dei
1363 614 1482 685 fecit
1509 612 1672 674 illum,
1696 608 1974 663 masculum

460 725 505 768 et
534 713 773 784 feminam
803 711 921 782 fecit
945 710 1079 774 illos,
1109 719 1156 762 et
1176 710 1364 761 vocavit
1386 720 1566 760 nomen
1588 719 1758 758 eorum
1785 700 1970 766 Adam,

457 821 556 875 qua
581 804 664 858 die
679 803 792 874 fecit
809 819 890 857 eos
911 799 1062 875 (Gen.
1084 800 1139 855 5.
1169 798 1334 867 1.2).

433 940 512 994 ἐι.
546 938 762 1008 Magnus
789 944 845 992 et
869 933 1148 990 ineffabilis
1175 931 1474 996 thesaurus,
1520 927 1736 996 dilecti,
1768 928 1819 982 in
1847 941 1972 980 ver-

388 1029 470 1087 bis
489 1031 655 1086 modo
694 1028 846 1085 lectis
872 1025 1178 1082 reconditus
1203 1030 1301 1078 est.
1333 1021 1398 1076 Et
1439 1020 1552 1076 scio
1577 1018 1813 1089 quidem,
1842 1015 1976 1070 mul-

388 1138 472 1182 tos
499 1127 773 1182 nominum
803 1124 1101 1194 eatalognm
1140 1119 1486 1191 respicientes
1525 1127 1579 1172 et
1615 1116 1860 1172 lectionis
1887 1131 1976 1170 su-

391 1217 625 1286 perﬁciei
677 1217 960 1282 lnerentes,
1008 1221 1192 1284 putare
1243 1211 1374 1265 nihil
1424 1208 1652 1279 amplius
1704 1209 1754 1262 in
1795 1207 1972 1274 dictis,

388 1323 546 1377 quam
572 1321 715 1359 mera
756 1305 970 1358 nomina
991 1317 1110 1359 esse
1139 1320 1152 1356 :
1200 1317 1300 1372 ego
1331 1308 1509 1355 autem
1546 1313 1640 1354 vos
1669 1313 1856 1354 omnes
1883 1299 1976 1353 ob-

388 1411 562 1460 seero,
586 1411 654 1450 ne
682 1393 995 1462 simpliciter
1023 1407 1084 1448 ea
1112 1407 1231 1461 quae
1262 1390 1312 1444 in
1342 1388 1633 1458 Seripturis
1651 1388 1818 1442 sacris
1843 1402 1976 1441 con-

393 1495 532 1539 tenta
586 1494 707 1538 sunt
739 1483 1038 1537 transeatis.
1082 1481 1219 1536 Nihil
1252 1481 1392 1535 enim
1437 1479 1525 1534 hic
1577 1479 1832 1547 scriptum
1872 1487 1970 1543 est,

390 1577 528 1647 quod
553 1593 659 1632 nan
679 1577 872 1631 multas
892 1589 1145 1630 sensuum
1169 1571 1586 1628 habeatdivitias
1607 1587 1620 1625 :
1643 1568 1977 1640 quandoqui-

391 1667 511 1723 dem
542 1667 724 1722 divino
749 1665 944 1736 Spiritu
969 1665 1134 1719 afflati
1166 1663 1436 1734 prophetae
1458 1661 1659 1731 loquuti
1685 1670 1827 1724 sunt,
1857 1660 1977 1715 ideo

397 1769 578 1828 uti-ote
607 1775 636 1813 a
680 1759 878 1828 Spiritu
931 1758 1141 1826 scripta:
1186 1757 1451 1826 ingentem
1501 1755 1553 1809 in
1600 1769 1657 1809 se
1705 1755 1978 1809 continent

392 1853 718 1909 thesaurum.
752 1853 817 1906 Et
846 1867 913 1906 ne
938 1850 1147 1905 mireris
1175 1848 1314 1919 quod
1338 1848 1389 1902 in
1422 1847 1521 1904 hac
1542 1846 1815 1902 nominum
1841 1861 1976 1900 enu-

376 1945 688 2006 ,meratione
735 1943 928 1998 multas
957 1943 1290 2010 latentesque
1342 1940 1553 1995 divitias
1591 1939 1975 1994 sententiarum

394 2035 548 2090 vobis
576 2050 661 2090 me
690 2045 1031 2090 ostensurum
1058 2034 1329 2104 pollicear.
1360 2033 1542 2102 Neque
1583 2031 1725 2087 enim
1755 2030 1835 2085 vel
1865 2031 1976 2102 syl-

395 2127 542 2192 laba,
573 2127 655 2182 vel
682 2127 920 2197 apiculus
948 2136 1031 2182 est
1063 2127 1112 2182 in
1145 2127 1311 2182 sacris
1339 2125 1554 2191 Litoris,
1590 2125 1643 2179 in
1673 2124 1826 2195 cujus
1847 2139 1974 2194 pro-

396 2216 558 2272 fundo
587 2232 692 2272 non
723 2217 794 2272 sit
843 2217 1055 2287 grandis
1080 2216 1340 2287 quispiam
1397 2215 1677 2270 thesaurus
1714 2233 1728 2269 :
1757 2213 1980 2284 proinde

395 2323 492 2377 par
515 2317 598 2363 est
632 2323 731 2363 nos
770 2307 946 2363 divina
990 2308 1157 2377 gratia
1185 2307 1393 2372 ductos,
1443 2314 1499 2362 et
1543 2303 1741 2374 Spiritu
1796 2314 1981 2360 sancto

397 2399 689 2455 illustratos
710 2399 918 2470 eloquia
943 2399 1124 2454 divina
1144 2399 1309 2454 adire.
1334 2397 1518 2468 Neque
1546 2411 1682 2467 opus
1706 2396 1867 2451 habet
1893 2395 1978 2451 di-

398 2493 519 2548 vina
549 2494 822 2562 Scriptura
871 2493 1145 2548 hominum
1192 2492 1473 2561 sapientia,
1521 2499 1580 2545 ut
1636 2489 1978 2560 intelligatur,

401 2585 497 2640 sed
524 2585 850 2641 revelatione
895 2585 1144 2655 Spiritus,
1173 2593 1232 2639 ut
1274 2583 1463 2638 hausto
1492 2582 1615 2638 inde
1639 2597 1767 2638 vero
1797 2597 1978 2645 sensu,

398 2691 647 2746 magnum
679 2677 832 2731 nobis
871 2675 998 2732 hinc
1026 2676 1230 2730 lucrum
1279 2683 1568 2730 accrescat.
1591 2673 1667 2745 (a)
1704 2672 1835 2728 Nam
1856 2673 1899 2727 si
1930 2673 1980 2726 in

403 2766 747 2821 smeularibus
776 2767 1002 2838 negotiis
1025 2767 1220 2836 scripta
1255 2806 1269 2830 ,
1300 2781 1420 2836 quae
1439 2764 1507 2820 ab
1534 2765 1836 2820 hominibus
1855 2779 1986 2820 con-

402 2857 668 2926 iiciuntur,
722 2874 864 2929 saepe
913 2869 1152 2930 tempore
1201 2868 1471 2928 corrupta,
1499 2873 1527 2912 a
1558 2867 1795 2926 tempore
1836 2857 1984 2911 initio

404 2951 740 3005 instrumenti
769 2960 970 3018 notato,
1001 2959 1054 3006 et
1096 2950 1163 3006 ab
1189 2965 1291 3004 una
1338 2949 1559 3022 syllaba,
1609 2947 1832 3004 multum
1865 2961 1983 3001 mo'

403 3042 568 3097 menti
598 3041 791 3098 habent
816 3061 830 3097 :
858 3042 1206 3111 multomagis
1231 3040 1334 3096 hoc
1377 3041 1429 3095 in
1456 3038 1743 3108 Scripturis
1791 3037 1984 3092 divinis

401 3151 430 3188 a
485 3134 684 3206 Spiritu
735 3144 922 3191 sancto
971 3134 1278 3204 compositis
1327 3131 1628 3200 invenitur,
1686 3130 1846 3186 modo
1899 3145 1986 3185 so-

402 3226 502 3281 brii
547 3227 736 3293 simus,
786 3234 841 3281 et
895 3240 1000 3280 non
1052 3234 1252 3280 temere
1298 3222 1793 3294 prmtergrediamur
1844 3220 1985 3276 :sed

407 3317 606 3372 intenta
671 3325 847 3372 mente
891 3317 1170 3387 diligenter
1210 3315 1389 3370 omnia
1430 3313 1831 3370 consideremus
1863 3353 1879 3378 ,
1934 3319 1988 3365 et

410 3424 514 3464 non
576 3408 988 3479 negligentiores
1049 3407 1214 3462 simus
1269 3405 1386 3460 aliis
1439 3404 1529 3474 qui
1597 3411 1747 3458 tanto
1814 3401 1989 3457 studio

408 3502 462 3556 in
513 3501 801 3556 sensilibus
859 3508 1098 3554 utuntur.
1156 3497 1446 3552 Enimvero
1507 3495 1596 3566 qui
1651 3493 1864 3549 metalla
1907 3492 1991 3547 ef-

412 3594 658 3660 fodiunt,
693 3611 797 3648 non
839 3592 892 3648 in
941 3590 1226 3663 superficie
1283 3598 1518 3655 manent,
1560 3589 1654 3645 sed
1703 3603 1824 3644 cum
1867 3602 1992 3657 pro-

409 3689 568 3744 funde
597 3687 884 3742 admodum
909 3685 1304 3751 descenderint,
1329 3694 1380 3740 et
1407 3684 1524 3740 auri
1571 3691 1810 3738 ramenta
1855 3695 1991 3734 nan-

410 3779 536 3833 cisci
585 3777 874 3846 potuerint,
938 3791 1132 3845 magno
1179 3775 1360 3830 labore
1406 3784 1460 3829 et
1513 3773 1795 3828 sedulitate
1844 3786 1906 3826 ea
1961 3785 1991 3824 a

417 3879 553 3924 terra
605 3875 904 3937 separant,
965 3878 1187 3938 postque
1246 3868 1469 3920 multum
1508 3865 1656 3920 illum
1713 3863 1944 3918 laborem
1975 3902 1992 3927 ,

417 3959 632 4013 brevem
657 3959 887 4028 aliquam
931 3958 1172 4013 laborum
1216 3957 1493 4012 inveniunt
1531 3953 1992 4017 consolationem;

415 4061 776 4107 vermntamen
805 4050 998 4106 licethi
1025 4051 1213 4115 sciant,
1242 4064 1300 4104 se
1331 4047 1609 4102 utilitatem
1642 4055 1994 4114 percepturos

414 4143 682 4198 laboribus
705 4159 806 4197 non
840 4141 1272 4212 respondentem,
1301 4153 1549 4208 sarpeqne
1579 4137 1737 4190 etiam
1771 4141 1890 4204 post
1920 4141 1997 4186 tot

415 4235 617 4305 vigilias
643 4244 696 4290 et
724 4234 951 4294 labores,
983 4231 1376 4300 exspectatione
1402 4243 1497 4282 sua
1530 4227 1809 4281 frustratos
1855 4238 1994 4290 esse,

417 4341 588 4396 neque
609 4328 686 4379 sic
714 4325 997 4386 desistunt,
1023 4322 1117 4376 sed
1144 4336 1238 4390 Spe
1265 4319 1498 4383 aluntur,
1537 4327 1591 4373 et
1619 4332 1779 4372 sensu
1803 4315 2000 4371 laboris

417 4425 619 4471 carent.
648 4416 728 4482 Qu
766 4415 799 4469 d
830 4415 872 4468 si
911 4414 984 4467 illi
1023 4421 1225 4467 tantum
1254 4427 1362 4480 prae
1392 4425 1450 4465 se
1489 4409 1666 4466 ferunt
1693 4409 1923 4465 studium
1948 4410 1999 4463 in

419 4505 873 4575 corruptibilibus,
903 4504 1140 4569 incertis,
1169 4511 1223 4558 et
1245 4502 1482 4568 caducis,
1508 4502 1676 4556 multo
1723 4501 1888 4570 magis
1909 4500 2002 4556 de-

418 4605 506 4654 cet
534 4611 652 4665 nos,
697 4595 786 4651 ubi
818 4596 1012 4650 divitia:
1053 4590 1248 4651 auferri
1300 4603 1587 4666 nequeunt,
1637 4604 1690 4649 et
1722 4594 2002 4649 thesaurus

419 4692 623 4746 absumi
673 4705 778 4744 non
815 4697 1026 4758 potest,
1063 4697 1116 4744 et
1160 4702 1255 4757 spe
1285 4703 1388 4741 non
1434 4686 1732 4752 aberratur,
1779 4700 1875 4755 par
1922 4685 2002 4738 vel

423 4785 594 4854 majus
637 4783 870 4839 studium
900 4781 1172 4844 adhibere,
1205 4789 1260 4834 et
1302 4779 1426 4834 hinc
1447 4778 1624 4848 aliquo
1655 4777 1824 4854 fructu
1875 4791 1999 4845 per-

421 4885 600 4943 cepto,
632 4874 932 4929 desiderata
957 4872 1168 4942 assequi
1192 4873 1474 4941 possimus,
1504 4871 1787 4940 agnitaque
1815 4867 2003 4921 incﬂ'a-

422 4969 510 5024 bili
543 4968 867 5039 benignitate
899 4965 990 5021 Dei
1019 5007 1033 5031 ,
1065 4964 1260 5035 gratias
1301 4971 1518 5034 agentes
1547 4963 1770 5016 Domino
1799 4971 2003 5024 nostro,

425 5059 538 5125 ejus
566 5059 720 5113 nobis
736 5058 968 5112 favorem
996 5056 1362 5117 conciliemus,
1385 5064 1439 5110 et
1457 5053 1649 5109 diaboli
1679 5052 1878 5108 retibus
1902 5067 2006 5105 non

426 5153 792 5222 illaqueemur.
835 5150 946 5222 Age
988 5163 1116 5220 ergo
1143 5147 1361 5218 prolatis
1411 5148 1462 5201 in
1506 5145 1737 5202 medium
1784 5145 1847 5199 iis
1891 5159 2008 5212 qua:

427 5257 568 5295 mmc
589 5241 720 5295 lecta
761 5250 906 5306 sunt,
938 5239 1218 5309 diligenter
1246 5237 1450 5306 singula
1478 5245 1876 5306 perscrutemur
1905 5249 1920 5286 :
1952 5242 2008 5286 ut

429 5334 581 5388 solita
619 5333 894 5388 refocillati
923 5331 1184 5393 doctrina,
1215 5331 1294 5386 sic
1321 5330 1536 5384 domum
1567 5329 1754 5383 iterum
1788 5326 2000 5382 receda-

430 5425 514 5478 tis.
546 5425 595 5478 1.
635 5423 782 5495 (Cap.
811 5425 888 5493 5).
913 5423 1018 5478 Iste
1040 5422 1252 5478 estliber
1271 5419 1605 5492 generationis
1621 5418 1901 5483 hominum,
1928 5416 2002 5469 in-

429 5519 560 5587 quit,
589 5517 667 5570 die
686 5534 782 5587 quo
812 5517 925 5587 fecit
952 5515 1089 5569 Deus
1115 5515 1299 5580 Adam,
1323 5512 1594 5569 secundum
1622 5511 1889 5582 imaginem
1921 5507 2013 5562 Dei

491 5627 777 5691 (a)t’lurima
792 5641 854 5677 ex
877 5629 1223 5691 sequentibus,
1238 5626 1504 5688 plusquam
1526 5623 1768 5676 dimidiam
1794 5621 2014 5684 paginam

427 5688 751 5748 absolvenda,
775 5688 1023 5738 desunt'in
1047 5688 1236 5737 coislin.

1111 286 1166 336 S.
1206 276 1480 334 JOANNIS
1515 271 1982 330 CHRYSOSTOEII
2028 269 2340 325 ARCHIEP.
2381 268 2911 330 CONSTANTINOP.

3560 280 3656 335 176

2079 403 2194 469 [ει-ιι
2236 401 2481 459 illum;2.
2532 404 2814 456 masculum
2855 413 2900 458 et
2951 404 3189 474 feminam
3242 408 3357 476 fecit
3405 408 3560 473 illos,
3617 425 3662 465 rt

2078 490 2352 543 nominavit
2373 507 2552 545 nomen
2574 508 2744 546 eorum
2774 493 2937 547 Adam
2965 495 3040 566 (a)
3062 537 3076 562 ,
3106 496 3188 550 die
3227 513 3326 566 quo
3365 500 3481 568 fecit
3519 501 3664 556 illos.

2077 579 2324 645 Attende,
2381 580 2625 648 obsecro,
2677 584 2948 654 pr0phetre
2985 585 3141 654 hujus
3184 586 3508 645 admirabilis
3558 607 3616 645 sa

2079 669 2372 738 pientiam;
2421 670 2528 727 imo
2574 673 2746 728 sancti
2789 673 3016 744 Spiritus
3069 676 3387 733 doctrinam.
3441 680 3524 734 Ab
3570 678 3663 736 illo

2078 761 2240 827 enim,
2269 771 2326 816 ut
2351 777 2492 832 saepe
2527 764 2726 818 dictum
2754 773 2856 829 est,
2879 765 3112 833 afflatus,
3142 769 3297 824 nobis
3324 770 3442 827 bare
3484 773 3663 827 omnia

2078 850 2312 921 loquitur
2344 873 2354 907 :
2388 863 2441 907 et
2487 853 2718 923 linguam
2743 853 2957 925 quidem
2996 859 3254 927 prepheta
3285 861 3662 928 commodavit,

2077 942 2245 1010 gratia
2271 948 2446 996 autem
2477 941 2702 1012 Spiritus
2731 945 2900 999 sancti
2945 960 3041 1015 per
3085 946 3226 1001 illam
3254 949 3431 1002 omnia
3474 949 3664 1005 huma-

2083 1045 2211 1085 num
2256 1047 2426 1102 genus
2468 1034 2750 1089 manifeSte
2779 1034 2957 1108 docet.
2991 1035 3122 1092 Vide
3147 1052 3275 1108 ergo
3299 1041 3568 1108 quomodo
3597 1041 3663 1098 ad

2079 1121 2336 1191 originem
2367 1137 2672 1178 sermonem
2698 1123 2926 1187 reducit,
2963 1135 3018 1180 et
3061 1129 3334 1196 superiora
3364 1130 3553 1184 iterum
3580 1146 3665 1186 re-

2079 1212 2260 1267 sumit.
2311 1211 2504 1280 Quare,
2557 1223 2608 1267 et
2644 1228 2746 1284 qua
2792 1213 2861 1270 de
2889 1215 3086 1270 causa?
3113 1217 3246 1282 Quia
3293 1217 3424 1273 vidit
3452 1233 3549 1274 eos
3573 1221 3664 1290 qui

2081 1310 2207 1356 tunc
2234 1311 2408 1368 erant,
2456 1318 2642 1372 magna
2672 1319 2779 1373 pra:
2805 1319 2864 1360 se
2887 1304 3024 1360 ferre
3045 1305 3237 1377 ingrati
3282 1308 3444 1362 animi
3491 1310 3664 1380 signa,

2081 1407 2180 1446 nec
2207 1394 2455 1449 meliores
2486 1395 2597 1448 fieri
2625 1411 2692 1449 ex
2735 1395 2798 1450 iis
2823 1412 2942 1464 qua:
2990 1398 3163 1468 primo
3204 1400 3408 1468 parenti
3455 1401 3665 1455 accide-

2081 1491 2220 1549 rant,
2268 1483 2364 1539 sed
2408 1485 2459 1538 in
2511 1485 2650 1539 idem
2706 1485 2917 1539 malitiae
2955 1487 3274 1557 profundum
3327 1489 3665 1559 praecipitari.

2078 1573 2210 1629 Nam
2239 1589 2356 1629 cum
2389 1575 2434 1630 is
2468 1575 2556 1644 qui
2585 1589 2648 1630 ex
2682 1575 2771 1630 illo
2799 1584 2953 1632 natus
2979 1587 3092 1634 erat
3133 1579 3313 1634 statim
3357 1581 3662 1636 concitante

2081 1663 2273 1718 invidia
2302 1663 2366 1718 ad
2395 1664 2743 1720 fratricidium
2792 1668 3006 1735 ruisset,
3039 1677 3093 1723 et
3137 1669 3256 1724 ideo
3300 1672 3664 1740 gravissimam

2080 1769 2294 1824 poenam
2321 1755 2547 1822 tulisset,
2581 1757 2719 1811 sicut
2743 1759 2989 1826 superius
3009 1759 3290 1816 caritatem
3316 1772 3544 1816 vestram
3567 1763 3664 1818 do.

2080 1847 2288 1900 cuimus
2329 1863 2341 1900 :
2378 1860 2439 1899 ac
2471 1849 2666 1915 posteri
2719 1848 2832 1916 ejus
2861 1848 2990 1903 nihil
3023 1864 3086 1905 ea
3111 1850 3457 1921 castigatione
3489 1851 3665 1921 profe-

2081 1937 2299 2002 cissent,
2331 1936 2423 1990 sed
2451 1938 2502 1990 in
2523 1937 2810 2006 majoribus
2835 1955 2893 1994 se
2921 1940 3076 1995 malis
3121 1941 3498 2009 involvissent,
3531 1944 3668 1998 sicut

2079 2027 2354 2083 audivistis
2381 2027 2514 2095 heri,
2547 2028 2775 2084 Lamech
2800 2045 2991 2100 netnpe
3021 2041 3295 2101 peccatum
3345 2048 3498 2088 suum
3527 2050 3663 2089 uxo-

2049 2127 2051 2129 '
2083 2119 2231 2174 ribus
2249 2129 2608 2187 enarrantem,
2640 2135 2957 2192 ptenamque
2985 2123 3240 2180 adversus
3279 2139 3339 2180 se
3367 2125 3666 2181 decernen-

2083 2217 2191 2265 tem
2223 2227 2236 2263 :
2262 2211 2383 2280 quia
2413 2212 2665 2280 paulatim
2695 2212 2825 2267 vidit
2852 2212 3151 2270 increscere
3175 2215 3428 2271 malitiam
3454 2217 3668 2272 illorum

2083 2301 2234 2371 quasi
2282 2302 2478 2357 malum
2507 2303 2780 2358 humorem
2811 2319 2907 2375 per
2937 2314 3104 2360 totum
3143 2321 3338 2376 corpus
3364 2323 3423 2364 se
3471 2308 3668 2362 diffun-

2084 2393 2322 2460 dentem,
2353 2393 2494 2449 sistit
2527 2395 2740 2450 malitize
2759 2396 3035 2466 impetum,
3050 2406 3104 2454 et
3124 2399 3497 2469 generationes
3520 2401 3660 2466 illas,

2085 2499 2203 2554 qua:
2233 2499 2298 2540 ex
2343 2485 2476 2540 Cain
2517 2501 2682 2556 usque
2705 2486 2771 2541 ad
2822 2487 3077 2556 Lamecb,
3133 2506 3202 2546 ne
3241 2493 3494 2546 memoria
3547 2493 3668 2563 qui-

2085 2578 2208 2634 dem
2238 2578 2527 2650 dignatur:
2555 2579 2650 2635 sed
2689 2581 2839 2650 quasi
2886 2581 3205 2652 principium
3257 2583 3525 2652 quoddam
3571 2585 3671 2638 du-

2085 2682 2216 2724 cens
2267 2677 2323 2723 et
2370 2669 2567 2724 luctum
2619 2670 2747 2724 Adae
2796 2680 2850 2726 et
2903 2671 3030 2726 Evaa
3076 2672 3378 2729 demulcere
3444 2673 3670 2737 volens.

2088 2759 2144 2812 in
2194 2773 2354 2828 quem
2403 2758 2524 2813 illos
2579 2758 2833 2828 injecerat
2884 2759 3187 2828 fratricida,
3235 2771 3438 2817 armata
3486 2774 3670 2818 contra

2088 2848 2222 2904 Abel
2263 2848 2524 2904 dextera:
2566 2849 2642 2904 sic
2684 2851 3040 2905 narrationem
3089 2851 3310 2918 orditur,
3360 2863 3413 2907 et
3455 2853 3669 2921 inquit:

2087 2936 2117 2992 Ι
2124 2947 2198 2992 ste
2220 2947 2291 2992 est
2316 2937 2441 2992 liber
2465 2939 2802 3008 generationis
2824 2939 3083 2992 hominum
3109 2981 3122 3006 ,
3151 2941 3231 2994 die
3257 2956 3354 3009 quo
3383 2942 3503 3010 fecit
3532 2940 3671 2994 Deus

2089 3028 2274 3096 Adam,
2301 3028 2575 3083 secundum
2596 3029 2868 3100 imaginem
2890 3027 2986 3082 Dei
3012 3031 3130 3101 fecit
3161 3030 3346 3092 illum;
3385 3031 3668 3084 masculum

2089 3127 2134 3173 et
2160 3118 2399 3188 feminam
2423 3118 2539 3188 fecit
2567 3119 2772 3172 illos:et
2800 3118 3073 3172 nominavit
3094 3133 3272 3172 nomen
3294 3135 3462 3174 eorum
3489 3120 3672 3186 Adam,

2091 3208 2174 3262 die
2199 3224 2301 3277 quo
2328 3209 2445 3280 fecit
2471 3208 2607 3262 illos.

2159 3300 2213 3354 2.
2255 3300 2545 3356 Considera
2576 3299 2841 3370 quomodo
2881 3299 3068 3356 iisdem
3114 3300 3292 3356 verbis
3321 3317 3448 3355 u..us
3498 3301 3670 3366 fuerit,

2094 3393 2293 3462 quibus
2340 3403 2396 3448 et
2427 3393 2595 3459 initio,
2627 3401 2685 3446 ut
2727 3391 2945 3448 doceret
2971 3408 3070 3447 nos
3091 3435 3106 3460 ,
3137 3407 3194 3448 se
3223 3394 3595 3463 generationes
3625 3393 3680 3446 il-

2093 3483 2174 3538 las
2216 3493 2274 3538 ut
2319 3493 2498 3552 posma
2548 3480 2880 3552 reprobatas,
2922 3497 3093 3552 neque
3119 3483 3372 3538 memoria
3419 3492 3538 3551 post
3580 3482 3679 3536 hoc

2094 3575 2279 3645 dignas
2313 3575 2510 3630 habere
2562 3590 2577 3628 :
2630 3573 2723 3629 sed
2775 3591 2841 3629 ex
2887 3573 3040 3638 Seth,
3074 3574 3162 3644 qni
3193 3589 3332 3628 nunc
3373 3575 3474 3628 illis
3526 3582 3681 3628 natus

2095 3676 2196 3729 est,
2228 3665 2589 3736 genealogiam
2617 3665 2804 3729 ordiri,
2839 3674 2895 3719 ut
2914 3673 2967 3720 et
2992 3680 3056 3720 ex
3077 3666 3177 3719 hoc
3203 3665 3397 3726 discas,
3427 3673 3677 3734 quantam

2100 3758 2242 3811 Deus
2274 3757 2488 3812 humani
2533 3757 2748 3827 generis
2775 3758 3034 3811 rationem
3070 3756 3264 3811 habeat
3285 3798 3298 3820 ,
3329 3765 3382 3810 et
3411 3755 3680 3827 quomodo

2100 3846 2220 3900 illos
2243 3855 2557 3912 aversetur,
2587 3847 2778 3916 quibus
2816 3846 3153 3916 sanguinaria
3201 3861 3353 3901 mens
3393 3854 3494 3900 est.
3550 3845 3680 3899 Nam

2102 3939 2312 3992 illorum
2340 3938 2674 4004 memoriam,
2718 3938 2868 4008 quasi
2895 3953 3178 4008 numquam
3204 3939 3476 4003 vixissent,
3505 3939 3576 3992 ita
3611 3939 3681 3992 si-

2104 4030 2268 4083 lentio
2297 4028 2530 4098 pranerit
2574 4046 2589 4082 :
2627 4027 2976 4083 monstrando
3014 4029 3168 4082 nobis
3194 4044 3351 4099 quam
3381 4043 3541 4100 grave
3570 4044 3683 4083 ma-

2105 4120 2213 4173 lum
2235 4119 2304 4172 sit
2326 4127 2622 4187 peccatum,
2652 4116 2793 4188 quod
2819 4118 2908 4188 qui
2929 4119 3341 4188 amplectuntur,
3369 4133 3427 4173 se
3455 4119 3681 4188 primmn

2105 4222 2158 4265 et
2193 4211 2424 4266 maxime
2467 4209 2827 4280 pessumdant.
2878 4210 3015 4265 Ecce
3056 4210 3201 4266 enim
3242 4209 3318 4263 illi
3365 4225 3398 4264 e
3442 4209 3684 4279 catalogo

2103 4313 2499 4370 expunguntur,
2524 4310 2580 4355 et
2604 4310 2824 4356 eatenus
2865 4310 3067 4356 tantum
3115 4311 3603 4356 commemorantur
3627 4311 3686 4356 ut

2109 4392 2394 4446 infametur
2433 4392 2668 4461 ipsorum
2713 4392 2931 4457 malitia,
2962 4400 3014 4446 et
3047 4391 3426 4461 posterioribus
3477 4392 3686 4445 saecnlis

2107 4481 2495 4537 emendationis
2531 4481 2639 4536 sint
2665 4483 2893 4537 occasio.
2930 4483 2997 4536 At
3023 4483 3109 4552 qui
3157 4482 3350 4551 injuste
3377 4483 3602 4543 occisus,
3634 4491 3689 4536 et

2109 4573 2341 4628 fraterna
2369 4588 2525 4627 manu
2549 4573 2896 4642 interemptus
2925 4582 3026 4639 est,
3056 4589 3120 4628 ex
3160 4589 3224 4627 eo
3253 4582 3491 4642 tempore
3519 4587 3688 4641 usque

2112 4667 2164 4721 in
2211 4667 2311 4721 hoc
2336 4674 2606 4731 nostrum,
2647 4666 2885 4719 onmiutn
2931 4665 3243 4720 decantatur
3271 4679 3363 4718 ore
3387 4705 3401 4729 ,
3435 4673 3489 4718 et
3518 4677 3690 4732 nequc

2113 4768 2323 4827 tempus
2350 4756 2506 4826 hujus
2527 4758 2835 4812 memoriam
2852 4756 3122 4822 exstinxit,
3147 4770 3316 4824 neque
3333 4755 3473 4809 illius
3489 4755 3691 4809 crimen

2113 4848 2376 4904 imminuit
2406 4865 2420 4901 :
2449 4847 2543 4902 sed
2573 4856 2627 4902 et
2657 4848 2740 4902 hic
2765 4847 3004 4917 quotidie
3030 4847 3266 4901 omnium
3309 4861 3402 4902 ore
3425 4845 3687 4916 praedica-

2114 4953 2217 5002 tur.
2251 4951 2305 4996 et
2331 4941 2419 4996 ille
2447 4940 2697 4994 continue
2729 4940 3034 4993 infamatur.

2194 5032 2361 5086 Virtus
2387 5047 2450 5086 ex
2487 5031 2726 5085 (erumnis
2755 5031 2813 5098 ﬁt
2860 5029 3122 5082 illustrior.
3164 5027 3298 5092 Quid
3331 5028 3396 5082 sit
3419 5027 3694 5082 secundum

2110 5127 2377 5197 imaginem
2427 5123 2524 5178 Dei
2571 5123 2750 5177 creari.
2803 5151 2874 5162 —
2920 5120 3137 5175 Vidistis
3179 5129 3431 5190 quantum
3479 5119 3694 5174 malitiae

2112 5219 2386 5283 damnum,
2429 5228 2483 5270 et
2526 5223 2780 5286 quantum
2828 5213 3038 5267 virtutis
3067 5211 3271 5266 robur?
3318 5221 3372 5266 et
3425 5211 3693 5281 quomodo

2115 5312 2333 5376 malitia,
2364 5311 2522 5365 etiam
2571 5309 2614 5362 si
2657 5306 2870 5361 infestet
2895 5313 2948 5360 et
2991 5303 3314 5370 dominetur,
3342 5304 3694 5373 exstinguitur

2118 5411 2296 5455 t:unen
2339 5410 2390 5454 et
2421 5397 2664 5453 aboletur
2692 5412 2705 5449 :
2735 5395 2903 5448 virtus
2932 5402 3110 5447 autem
3136 5393 3261 5447 licet
3312 5391 3610 5456 infestetur,
3643 5399 3692 5442 et

2119 5491 2395 5546 innumera
2427 5487 2603 5560 gravia
2634 5485 2914 5551 sustineat,
2943 5498 3005 5538 ea
3035 5484 3317 5540 occasione
3346 5483 3602 5538 illustrior
3635 5481 3692 5536 tlt

2189 5676 2262 5738 (a)
2296 5673 2412 5723 vide
2433 5668 2567 5721 Praef.
2593 5669 2726 5719 Tomi
2747 5667 2907 5731 hujus,
2933 5666 2956 5730 ε
2979 5672 3050 5715 ιν.
