4144 6200
434 256 535 314 175

1066 369 1308 425 ΟΜΙΛΙᾹ
1343 368 1474 423 KA'.

425 462 580 530 Αὕτη
611 462 649 530 ἠ
671 461 888 525 βίϐλος
916 456 1201 530 γενέσεως
1230 454 1583 530 ἀνθρώπων,
1611 450 1869 530 ἦτίμᾲέριι
1895 456 2094 530 ἐττοίη-

499 525 615 585 σέν
636 525 678 584 ’ό
707 530 850 595 Θεὸς
881 525 989 581 τὸν
1022 527 1216 595 Ἀδὰμ,
1244 528 1374 579 κατ’
1394 525 1599 578 εἰκόνα
1617 525 1782 579 ’Θεοῦ
1807 526 2099 594 ἐποίησεν

497 600 714 663 αὑτὸν,
766 598 957 666 ἄρσεν
998 596 1095 650 καὶ
1130 594 1662 666 θῆλυ-ἐποίησεν-
1681 596 1940 666 αὐτοὺς,
1996 595 2096 666 καὶ

497 615 714 663 αυτόν,
766 615 957 666 αρσεν
998 615 1095 650 και
1130 615 1288 662 υηκυ
1340 615 1631 661 εποιησεν
1681 615 1903 660 αυτους
1925 636 1940 659 ,
1996 615 2096 648 και

494 670 849 755 ἐπωνόμασε
879 667 946 721 τὸ
969 666 1156 736 ὄνομα
1175 662 1374 719 αὐτῶν
1406 662 1598 733 Ἀδὰμ,
1623 659 1663 735 ᾖ
1678 662 1866 733 ᾑμέρᾳ
1886 664 2097 732 ἐποίη-

498 756 613 793 σεν
642 754 885 803 αυτους.

497 829 567 878 α’.
603 822 775 885 Πολὺς
809 820 905 875 καὶ
936 820 1140 889 ἀφατος
1164 818 1193 871 ό
1231 817 1523 889 θησαυρὸς,
1572 818 1879 889 ἀγαπητοὶ,
1900 819 1958 871 ἐν
1985 819 2097 881 τοῖς

430 910 739 982 πρόσφατον
762 905 1174 976 ἀναγνωσθεῖσι.
1209 904 1322 957 Καὶ
1359 901 1474 959 οἰδα
1507 905 1606 976 μὲν
1633 904 1713 958 ὅτι
1747 905 1931 958 πολλοὶ
1961 903 2098 976 πρὸς

426 998 519 1052 τὸν
541 996 650 1050 τῶν
687 996 969 1067 ὀνομάτων
1006 993 1307 1062 κατάλογον
1339 992 1673 1064 ἀφορῶντες,
1710 992 1805 1046 καὶ
1842 990 2097 1058 ἐξεπιπο-

427 1084 523 1155 λῆς
568 1086 680 1147 τοῖς
723 1080 1120 1151 ἀνεγνωμένοις
1178 1078 1536 1150 προσέχοντες
1589 1078 1871 1150 νομίζουσι
1926 1079 2096 1150 μηδὲν

428 1169 587 1223 πλέον
612 1168 756 1239 ἔχειν
780 1167 847 1220 τά
874 1167 1163 1237 εἰρημένα,
1199 1165 1314 1221 ἀλλ’
1345 1165 1381 1236 ἢ
1426 1165 1610 1229 ἁπλῶς
1641 1167 1918 1235 ὀνομάτων
1956 1161 2094 1219 εἶναι

428 1255 816 1327 προσηγορίας
844 1251 1036 1322 ἐγὼδέ
1060 1251 1363 1324 παρακαλῶ
1387 1251 1594 1314 πάντας
1627 1252 1770 1321 ὑμᾶς
1801 1250 1876 1323 μή
1907 1251 2095 1315 άπλῶς

425 1341 789 1412 παρατρέχειν
821 1340 890 1393 τά
919 1340 978 1391 ἐν
1005 1342 1124 1403 ταῖς
1152 1338 1327 1402 θείαις
1364 1338 1607 1409 Γραφαῖς
1640 1338 1890 1407 κείμενα.
1927 1337 2094 1392 Οὐδὲν

424 1428 534 1498 γάρ
560 1427 667 1481 τῶν
685 1425 918 1480 ἐνταῦθα
940 1426 1346 1497 γεγραμμένων
1364 1425 1535 1490 ἐστὶν,
1558 1424 1587 1478 ὃ
1614 1425 1688 1495 μή
1709 1426 1873 1479 πολὺν
1891 1426 2095 1498 νοημά-

422 1530 531 1566 των
560 1512 788 1566 πλοῦτον
827 1512 960 1583 ἔχει’
1006 1512 1195 1583 ἐπειδὴ
1228 1513 1337 1585 γάρ
1365 1510 1644 1581 Πνεύματι
1692 1511 1821 1580 θείῳ
1865 1511 2092 1582 ἐνηχού-

422 1616 573 1669 μενοι
614 1600 860 1663 ἐξέθεντο
889 1601 940 1652 οἰ
986 1599 1245 1669 μακάριοι
1297 1597 1604 1668 προφῆται,
1655 1598 1742 1651 διὰ
1793 1598 1948 1651 τοῦτο
1998 1598 2093 1652 ἀτε

426 1676 700 1749 Πνεύματι
743 1678 1124 1748 γεγραμμέναι
1171 1676 1338 1731 πολὺν
1380 1676 1595 1745 ἔχουσιν
1643 1676 2094 1747 ἐγκεκρυμμένον

419 1764 712 1834 θησαυρόν.
752 1763 863 1816 Καὶ
895 1761 970 1833 μὴ
997 1762 1307 1834 θαυμάσῃς,
1362 1761 1411 1813 εί
1463 1761 1523 1814 ἐν
1557 1760 1636 1831 τῷ
1664 1762 1953 1833 καταλόγῳ
1982 1761 2114 1815 τῶν’

416 1849 696 1919 ὀνομάτων
731 1847 828 1902 νῦν
858 1847 1265 1917 ἐπαγγέλλομαι
1298 1846 1428 1916 ὑμῖν
1465 1844 1743 1900 δεικνύναι
1789 1847 1960 1900 πολὺν
1999 1848 2093 1914 ἐγ-

422 1934 801 2005 κεκρυμμένον
849 1933 1076 1987 πλοῦτον
1122 1932 1432 2004 νοημάτων.
1485 1932 1621 1985 Οὑδέ
1665 1934 1776 2003 γάρ
1810 1934 2090 2005 συλλαϐὴ,

420 2020 541 2073 οὐδὲ
569 2020 768 2090 κεραίοι
802 2019 899 2088 μία
921 2017 1070 2090 [181]
1094 2020 1239 2073 ἐστὶν
1265 2018 1560 2089 ἐγκειμένη
1599 2019 1750 2089 παρά
1772 2022 1840 2090 τῇ
1866 2021 2089 2091 Γραφῇ,

423 2100 566 2177 ᾗμὴ
595 2106 761 2167 πολὺς
794 2105 1139 2158 ἐναπόκειται
1186 2104 1506 2175 θησαυρδςι
1549 2108 1607 2157 ἐν
1650 2104 1728 2175 τῷ
1776 2106 1949 2175 βάθει,
1994 2108 2095 2161 Διά

422 2201 506 2237 τοι
539 2182 699 2237 τοῦτο
727 2184 991 2254 προσήκει
1026 2184 1176 2253 ἡμᾶς
1209 2183 1312 2236 ὑπὸ
1336 2184 1435 2253 τῆς
1460 2182 1665 2236 ἄνωθεν
1708 2184 1933 2253 χάριτος
1968 2186 2095 2256 ὁδη-

423 2260 742 2331 γουμένους,
779 2262 872 2313 καί¹
900 2260 999 2330 τὴν
1031 2260 1182 2332 παρά
1216 2260 1307 2314 τοῦ
1338 2260 1493 2328 ἁγίου
1528 2260 1850 2330 Πνεύματος
1890 2261 2092 2333 ἐλλαμ-

422 2339 515 2409 ψιν
546 2339 889 2410 δεξαμένους,
916 2339 1089 2401 οὑτως
1122 2338 1331 2391 ἐπιέναι
1364 2338 1434 2391 τά
1464 2339 1582 2391 θεῖα
1610 2338 1786 2407 λόγια.
1824 2340 1957 2394 Οὐδὲ
1984 2342 2093 2411 γάρ

423 2418 615 2486 σοφίας
644 2417 992 2489 ἀνθρωπίνης
1034 2419 1204 2471 δεῖται
1247 2420 1280 2488 ή
1324 2418 1441 2472 θεία
1476 2418 1666 2488 Γραφὴ
1705 2419 1842 2488 πρὸς
1870 2418 1968 2490 τήν
2000 2438 2094 2475 κα·

421 2498 677 2568 τανόησιν
713 2497 821 2551 τῶν
861 2497 1279 2569 γεγραμμένων,
1330 2497 1465 2551 ἀλλὰ
1516 2498 1617 2567 τῆς
1652 2496 1747 2550 τοῦ
1779 2498 2091 2569 Πνεύματος

421 2576 838 2645 ἀποκαλύψεως,
865 2576 954 2628 ἴνα
972 2576 1063 2628 τὸν
1091 2576 1263 2647 ἀληθῆ
1285 2575 1409 2629 νοῦν
1435 2576 1544 2629 τῶν
1564 2576 1899 2646 ἐγκειμένων
1924 2594 2089 2632 καταο

425 2654 688 2722 μαθόντες
729 2653 931 2724 πολλὴν
966 2655 1177 2708 ἐκεῖθεν
1209 2653 1490 2725 δεξώμεθα
1539 2655 1638 2723 τὴν
1689 2655 1977 2724 ὠφέλειαν.
2028 2656 2091 2710 El

422 2730 531 2801 γὰρ
552 2734 609 2785 ἐν
646 2734 760 2795 τοῖς
784 2730 1055 2801 βιωτικοῖς
1081 2732 1368 2802 πράγμασι
1405 2734 1473 2787 τὰ
1500 2734 1604 2786 ὑπὸ
1649 2734 1756 2787 τῶν
1789 2734 2091 2806 ἀνθρώπων

423 2809 819 2881 συντελούμενα
857 2813 1210 2882 γραμματεῖα
1242 2811 1503 2874 πολλάκις
1535 2810 1613 2883 τῷ
1642 2812 1820 2883 χρόνῳ
1872 2811 2093 2882 διαφθα-

421 2887 617 2959 ρέντα,
662 2889 766 2941 ὑπὸ
812 2887 905 2942 τοῦ
956 2888 1273 2958 ἐγκειμένου
1317 2889 1511 2961 χρόνου
1551 2890 1629 2961 τῷ
1679 2890 1952 2961 προοιμίῳ
1994 2891 2089 2945 τοῦ

418 2965 834 3037 γραμματείου,
892 2967 987 3018 καὶ
1018 2967 1127 3019 ἀπὸ
1169 2968 1298 3037 μιᾶς
1347 2967 1619 3038 συλλαϐῆς
1654 2968 1682 3009 ιι
1732 2968 1932 3039 πολλὴν
1962 2969 2088 3040 ἔσχε

417 3043 514 3114 τήν
548 3045 718 3115 ἰσχύνο
753 3043 931 3113 πολλῷ
976 3044 1175 3114 μᾶλλον
1215 3045 1308 3098 ἐπὶ
1356 3044 1465 3098 τῶν
1505 3044 1665 3100 θείων
1715 3047 1947 3118 Γραφῶν
1980 3047 2089 3101 τῶν

418 3121 695 3193 Πνεύματι
724 3122 864 3194 ἁγίῳ
892 3123 1264 3194 συγκειμένων
1293 3122 1452 3178 τοῦτό
1498 3124 1648 3178 ἐστιν
1696 3127 1897 3194 εὑρεῖν,
1930 3126 2089 3196 μόνον

416 3201 516 3255 ἐάν
540 3204 820 3273 νήφωμεν,
858 3202 950 3256 κα)⁸
985 3201 1059 3273 μὴ
1088 3201 1274 3266 ἀπλῶς
1299 3202 1759 3274 παρατρέχωμεν,
1800 3204 1939 3258 ἀλλά
1966 3222 2089 3259 συν-

416 3280 681 3345 τείνοντες
723 3284 755 3351 ή
766 3280 882 3352 μῶν
926 3281 1017 3334 τὸν
1047 3281 1307 3352 λογισμὸν
1366 3282 1826 3354 κατοπτεύσωμεν
1871 3284 2089 3338 ἅπαντα

421 3359 558 3430 μετά
580 3358 885 3430 ἀκριϐείας,
919 3362 1014 3414 καὶ
1046 3360 1121 3431 μή
1159 3361 1376 3431 χείρους
1404 3359 1685 3431 γινώμεθα
1713 3362 1822 3417 τῶν
1855 3363 1982 3433 περὶ
2020 3363 2089 3416 τά

418 3437 651 3509 αἰσθητά
688 3439 959 3506 τοσαύτην
1008 3438 1106 3508 τήν
1150 3439 1386 3508 σπουδήν
1435 3438 1921 3509 ἐπιδεικνυμένων.
1978 3441 2088 3495 Καὶ

419 3524 527 3595 γάρ
556 3526 606 3577 οἱ
637 3526 741 3595 τὴν
762 3524 1088 3594 μεταλλικὴν
1112 3525 1217 3594 γῆν
1260 3524 1646 3595 ἀνορύττοντες
1680 3526 1740 3578 οὑ
1781 3527 1945 3596 μέχρι
1986 3527 2087 3597 τῆς

420 3611 736 3679 ἐπιφανείας
764 3612 1032 3673 ἵστανται,
1058 3610 1173 3663 ἀλλ’
1206 3610 1424 3664 ἐπειδὰν
1469 3610 1601 3663 πολὺ
1646 3611 1807 3681 βάθος
1837 3622 1860 3650 ο
1894 3612 2088 3666 κατέλ-

419 3697 576 3762 θωσι,
591 3698 685 3749 καὶ
704 3697 1050 3760 καταλαϐεῖν,
1068 3696 1335 3767 δυνηθῶσι
1356 3696 1447 3750 τοῦ
1465 3698 1689 3769 χρυσίου
1713 3698 2084 3770 τάψήγματα,

424 3784 564 3854 μετά
594 3784 787 3839 πολλοῦ
818 3784 911 3838 τοῦ
940 3784 1103 3838 πόνου
1126 3784 1342 3853 καὶτῆς
1374 3785 1616 3849 εὐτονίας
1654 3788 1750 3857 τῆς
1789 3787 1892 3858 γῆς
1924 3787 2088 3858 χωρί-

419 3871 591 3934 ζουσι,
623 3873 717 3925 καὶ
750 3872 888 3943 μετά
914 3872 1005 3925 τὸν
1036 3871 1198 3925 πολὺν
1240 3872 1448 3926 ἐκεῖνον
1474 3872 1651 3939 πόνον,
1676 3873 1934 3945 βραχεῖάν
1966 3892 2086 3928 τινα

418 3960 525 4014 τῶν
552 3960 729 4014 πόνων
753 3960 1062 4030 εὑρίσκουσι
1112 3960 1498 4031 παραμυθίαν*
1547 3962 1641 4015 καὶ
1683 3962 1834 4031 ὅμως
1885 3962 2087 4027 εἰδότες

417 4048 498 4101 ὅτι
527 4047 783 4102 ἐλάττονα
815 4047 923 4100 τῶν
946 4047 1123 4101 πόνων
1153 4046 1493 4119 καρποῦνται
1523 4048 1621 4121 τήν
1646 4049 1938 4118 ὠφέλειαν,
1958 4050 2101 4103 πολ-ι

418 4136 574 4199 λάκις
612 4137 669 4189 δὲ
707 4134 799 4190 καὶ
836 4134 975 4205 μετά
1005 4136 1103 4206 τὴν
1132 4136 1331 4207 πολλὴν
1366 4136 1673 4207 ἀγρυπνίαν
1719 4137 1813 4190 καὶ
1845 4138 1938 4191 τὸν
1985 4138 2085 4191 κά-

418 4240 613 4293 ματον,
643 4224 736 4276 καὶ
763 4223 861 4293 τῆς
902 4222 1226 4294 προσδοκίας
1268 4222 1599 4295 διήμαρτον,
1632 4224 1728 4278 καὶ
1760 4224 1882 4277 οὑδέ
1910 4224 2084 4287 οὕτως

416 4310 759 4378 ἀφίστανται,
813 4308 950 4363 ἀλλά
992 4311 1059 4379 τῇ
1108 4308 1281 4362 ἐλπίδι
1330 4310 1693 4381 τρεφόμενοι,
1742 4312 1852 4365 τῶν
1903 4313 2083 4367 πόνων

416 4397 663 4467 αἴσθησιν
707 4397 769 4449 οὑ
803 4396 1189 4467 λαμϐάνουσιν.
1244 4396 1308 4449 Εἰ
1363 4397 1542 4450 τοίνυν
1593 4399 1788 4451 ἐκεῖνοι
1840 4401 1968 4470 περὶ
2013 4400 2082 4453 τά

416 4484 632 4555 φθαρτά
657 4484 750 4538 καὶ
793 4485 1052 4555 ἐπίκηρα,
1083 4483 1212 4538 ἔνθα
1257 4485 1352 4538 καὶ
1388 4484 1582 4555 ἀδηλία
1630 4487 1835 4558 πολλὴ,
1886 4489 2083 4542 τοσαύ-

412 4580 512 4633 την
555 4568 949 4620 ἐπιδείκνυνται
997 4566 1094 4636 τὴν
1128 4566 1384 4638 σπουδήν,
1436 4567 1615 4638 πολλῷ
1662 4570 1867 4639 μᾶλλον
1909 4587 2080 4639 προσ-

413 4648 536 4715 ήκει
581 4650 728 4718 ἡμᾶς
766 4650 899 4701 ὅπου
955 4648 1049 4701 καὶ
1100 4651 1129 4702 ό
1181 4648 1409 4713 πλοῦτος
1464 4651 1863 4723 ἀναφαίρετος,
1906 4653 2000 4706 καὶ
2050 4656 2080 4706 ό

414 4733 685 4805 θησαυρὸς
717 4735 1074 4806 ἀδαπάνητος,
1099 4736 1194 4791 καὶ
1214 4735 1533 4807 διαμαρτεῖν
1559 4737 1659 4790 οὐκ
1689 4738 1768 4792 ένι
1785 4781 1799 4803 ,
1834 4739 1931 4808 τὴν
1959 4739 2081 4808 ῐσην

416 4819 510 4869 καὶ
535 4819 751 4874 πλείονα
785 4820 1016 4892 σπουδήν
1040 4821 1466 4886 ἐπιδείκνυσθαι,
1500 4823 1587 4876 ἵνα
1620 4823 1937 4894 δυνηθῶμεν
1961 4826 2081 4878 ἐπι-

414 4904 595 4971 τυχεῖν
633 4904 740 4957 τῶν
782 4907 1250 4976 σπουδαζομένων,
1286 4906 1380 4959 καὶ⁸
1403 4906 1501 4978 τὴν
1531 4908 1781 4961 ἐντεῦθεν
1811 4909 2079 4977 ὠφέλειαν

416 4992 856 5059 καρπωσάμενοι,
888 4993 984 5045 καὶ
1019 4991 1428 5062 καταμαθόντες
1454 4994 1549 5045 τοῦ
1572 4993 1707 5046 Θεοῦ
1739 4994 1837 5065 τὴν
1873 4997 2078 5064 ἀφατον

415 5074 840 5146 φιλανθρωπίαν,
868 5078 1205 5149 εύγνώμονές
1238 5096 1298 5131 τε
1336 5079 1622 5149 γενώμεθα
1661 5082 1788 5151 περὶ
1813 5081 1904 5135 τὸν
1938 5083 2076 5154 ήμέ-

412 5174 567 5229 τερον
594 5163 889 5234 Δεσπότην,
912 5164 1009 5217 καὶ
1025 5166 1125 5235 τὴν
1151 5165 1361 5221 ἐκεῖθεν
1383 5164 1594 5219 εὔνοιαν
1622 5167 2074 5239 ἐπισπασάμενοι,

414 5244 700 5315 ἀχείρωτοι
728 5249 1084 5320 καταστῶμεν
1125 5254 1245 5313 ταῖς
1276 5251 1370 5305 τοῦ
1411 5252 1658 5307 διαϐόλου
1692 5253 1903 5322 παγίσι.
1938 5255 2075 5327 Φέρε

410 5330 503 5387 οὖν
527 5331 598 5384 τά
640 5333 947 5403 πρόσφατον
978 5337 1396 5405 ἀναγνωσθέντα
1439 5341 1522 5403 εἰς
1549 5339 1712 5409 μέσον
1751 5339 2073 5412 προθέντες,

409 5415 884 5488 διερευνησώμεθα
911 5422 1048 5493 μετά
1086 5424 1371 5496 ἀκριϐείας
1391 5425 1650 5491 ἕκαστον,
1693 5428 1778 5480 ἶνα
1816 5431 1913 5499 τῆς
1952 5446 2075 5482 συν-

408 5503 571 5573 ήθους
606 5505 1009 5571 ἀπολαύσαντες
1034 5509 1409 5578 διδασκαλίας,
1440 5512 1612 5577 οὕτως
1645 5513 1827 5567 οἴκαδε
1864 5516 2073 5586 ἀναχω-

409 5590 633 5659 ρήσητε.
651 5590 810 5659 Αὕτη
832 5593 869 5660 ἠ
889 5594 1128 5659 βίϐλος,
1162 5598 1315 5667 φησὶ,
1340 5597 1632 5667 γενέσεως
1658 5600 2001 5668 ἀνθρώπων,
2031 5597 2071 5675 ᾗ

406 5678 598 5746 ἡμέρᾳ
627 5680 918 5749 ἐποίησεν
942 5686 977 5738 ό
1003 5683 1145 5751 Θεὸς
1174 5686 1279 5740 τὸν
1312 5688 1490 5758 Ἀδὰμ
1520 5690 1647 5743 κατ’
1682 5690 1883 5744 είκόνα
1916 5692 2066 5748 Θεοῦ

467 5796 490 5854 ι)
522 5784 811 5854 ﬁog._uqus
848 5787 1068 5854 πλοῦτος.
1127 5786 1185 5854 -Ρ
1208 5791 1304 5839 Alii
1327 5793 1510 5843 addunt
1530 5796 1771 5854 πολλάκις.

469 5848 492 5876 ⁸
521 5845 689 5895 “Mcl.
716 5848 778 5902 εἷς
802 5850 920 5897 ποὶὺ
946 5845 1084 5911 Sim;
1127 5850 1259 5901 L'nus
1284 5865 1395 5899 mss.
1425 5855 1486 5909 εἰς
1511 5857 1661 5916 βάθος.

1467 250 1531 306 IN
1568 254 1714 308 CAP.
1762 251 1804 305 ν
1848 249 1931 306 ET
1975 251 2061 308 Vl.
2106 247 2353 307 GENES.
2393 244 2625 300 HOMIL.
2670 241 2810 304 XXI.

3765 244 3869 297 176

2202 370 2491 439 ἐποίησεν
2528 367 2734 422 αὐτόν’
2771 365 2960 433 ἄρσεν
2980 364 3081 419 καί
3109 362 3268 432 θῆλυ
3294 360 3585 428 ἐποίησεν
3623 359 3866 424 αὐτούς.

2199 460 2308 514 Kal
2342 456 2695 524 ἐπωνόμασε
2723 455 2788 507 τὸ
2830 452 3017 520 ὄνομα
3045 450 3243 505 αὐτῶν
3265 447 3293 487 ἀ
3340 448 3541 516 Ἀδὰμ,
3596 440 3635 515 ᾖ
3679 446 3868 515 ἡμέρᾳ

2198 545 2488 612 ἐποίησεν
2524 540 2767 604 αὐτούς.
2796 538 2907 592 Θέα
2930 554 3019 607 μοι
3039 536 3133 590 τοῦ
3162 533 3477 607 θαυμαστοῦ
3510 534 3700 587 τούτου
3731 549 3865 603 προ-

2200 633 2370 702 φήτου
2392 630 2491 700 τὴν
2516 627 2754 682 σύνεσινο
2792 626 2991 697 μᾶλλον
3022 625 3080 678 δέ
3106 622 3198 677 τοῦ
3226 622 3382 691 ἁγίου
3414 620 3730 691 Πνεύματος
3765 622 3864 690 τὴν

2196 717 2561 773 διδασκαλίαν.
2630 714 2870 769 Ἐκεῖθεν
2918 713 3026 785 γὰρ
3061 711 3421 784 ἐνηχούμενος
3470 711 3684 765 ἅπαντα
3732 711 3866 780 ἡμῖν

2199 805 2521 876 φθέγγεται,
2558 803 2654 857 καὶ
2684 801 2784 873 τήν
2812 800 3058 871 γλῶτταν
3095 798 3195 870 μέν
3221 794 3377 861 οὗτος
3405 796 3695 860 ἐδάνεισεν,
3742 797 3778 866 ή
3809 796 3864 849 δέ

2157 925 2163 931 -
2197 891 2290 945 τοῦ
2315 890 2632 961 Πνεύματος
2664 889 2823 960 χάρις
2851 887 3029 941 πάντα
3060 883 3249 953 σαφῶς
3281 882 3370 936 διὰ
3399 882 3589 935 τούτου
3611 881 3711 952 τήν
3737 883 3868 953 ήμε-

2196 977 2361 1048 τέραν
2388 976 2628 1031 διδάσκει
2656 976 2838 1044 φύσιν.
2865 972 3064 1027 Σκόπει
3101 969 3282 1023 τοίνυν
3312 968 3431 1031 πῶς
3457 969 3538 1031 εἰς
3568 967 3744 1039 ἀρχὴν
3772 968 3864 1020 τὸν

2197 1065 2353 1133 λόγον
2384 1065 2653 1135 ἀνήγαγε,
2684 1064 2777 1116 καὶ
2804 1061 3028 1125 ἀνωθεν,
3048 1058 3124 1123 ώς
3154 1059 3349 1122 εἰπεῖν,
3377 1056 3537 1110 πάλιν
3558 1055 3655 1126 τὴν
3676 1055 3865 1126 διήγη-

2199 1169 2283 1205 σιν
2313 1151 2643 1222 ποιήσασθαι
2674 1149 2828 1222 [182]
2857 1148 3126 1219 βούλέται.
3151 1146 3308 1209 Τίνος
3334 1144 3521 1198 ἕνεκεν
3545 1144 3639 1197 καὶ
3662 1142 3750 1197 διὰ
3776 1143 3863 1211 τίς

2210 1239 2426 1310 Ἐπειδὴ
2458 1238 2566 1308 γάρ
2591 1234 2697 1291 εἶδε
2727 1238 2853 1300 τοὺς
2880 1236 2983 1307 ήδη
3014 1234 3308 1304 γεγονότας
3337 1231 3534 1303 πολλὴν
3562 1230 3661 1302 τὴν
3689 1232 3865 1298 ἀγνωα

2200 1324 2437 1395 μοσύνην
2465 1324 2923 1394 ἐπιδειξαμένους,
2964 1321 3058 1375 καὶ
3103 1319 3236 1391 μηδέ
3268 1322 3380 1383 τοῖς
3412 1320 3493 1380 εἰς
3524 1317 3614 1371 τὸν
3648 1316 3863 1387 πρωτό-

2196 1414 2433 1467 πλαστον
2469 1412 2855 1482 γεγενημένοις
2897 1407 3393 1481 σωφρονισθέντας,
3425 1404 3540 1459 ἀλλ’
3575 1406 3654 1468 εἰς
3700 1402 3862 1457 αὑτὸν

2194 1500 2285 1553 τὸν
2318 1501 2561 1572 κρημνὸν
2589 1500 2688 1568 τῆς
2720 1497 2914 1559 κακίας
2965 1494 3409 1566 κατενεχθέντας’
3453 1493 3483 1546 ὃ
3524 1508 3584 1544 τε
3626 1490 3736 1562 γάρ
3769 1491 3862 1543 ὑπ’

2195 1586 2360 1640 αὑτοῦ
2388 1586 2599 1657 τεχθεὶς
2637 1584 2840 1649 εὐθέως
2869 1583 2957 1639 διὰ
2999 1582 3298 1653 βασκανίαν
3328 1582 3407 1644 είς
3446 1577 3859 1647 ἀδελφοκτονίαν

2195 1674 2443 1745 ὥρμησε·
2475 1671 2556 1725 διό
2576 1671 2671 1725 καὶ
2708 1672 2806 1743 τὴν
2840 1670 3108 1741 τιμωρίαν
3150 1669 3367 1738 ἐκείνην
3409 1666 3507 1737 τήν
3540 1665 3860 1735 χαλεπωτά-

2192 1778 2292 1833 την
2320 1760 2553 1827 ἐδέξατο,
2586 1758 2767 1821 καθὼς
2795 1757 3096 1825 φθάσαντες
3117 1752 3436 1825 ἐδιδάξαμεν
3458 1753 3557 1823 τὴν
3584 1752 3858 1822 ὑμετέραν

2195 1848 2434 1919 ἀγάπην·
2469 1843 2589 1902 εἶτα
2620 1846 2781 1902 πάλιν
2823 1845 2872 1898 οί
2920 1846 3036 1915 μετ’
3066 1845 3292 1906 ἐκεῖνον,
3324 1842 3445 1894 οὑδὲ
3467 1843 3533 1912 τῇ
3562 1839 3752 1892 τούτου
3785 1853 3860 1890 τι-

2200 1935 2381 2007 μωρίᾳ
2427 1933 2918 2005 σωφρονισθέντες,
2961 1930 3163 2000 χείροσι
3201 1930 3390 1990 κακοῖς
3437 1925 3662 1988 ἐαυτοὺς
3706 1941 3862 1995 περι-

2199 2022 2420 2087 έϐαλον,
2447 2020 2699 2091 καθάπερ
2726 2018 2997 2089 ἠκούσατε
3022 2016 3149 2086 χθές
3178 2015 3273 2069 τοῦ
3303 2015 3493 2084 Λάμεχ
3521 2012 3619 2082 τὴν
3657 2011 3860 2063 οἰκείαν

2196 2107 2468 2177 ἁμαρτίαν
2504 2105 2860 2176 διηγουμένου
2907 2105 3029 2166 ταῖς
3063 2101 3259 2155 ἐαυτοῦ
3304 2100 3521 2169 γυναιξὶ
3544 2136 3561 2162 ,
3599 2098 3694 2151 καὶ
3738 2097 3859 2150 καθ’

2194 2193 2386 2245 ἐαυτοῦ
2434 2196 2495 2246 τὸ
2537 2191 2813 2261 ἐπιτίμιον
2840 2191 3129 2262 ὁρίζοντος·
3169 2190 3291 2242 ἐπεὶ⁵
3320 2188 3460 2242 κατά
3497 2186 3693 2259 μικρὸν
3721 2181 3861 2237 εἶδεν

2193 2276 2564 2349 αὐξανομένην
2585 2277 2761 2331 αὐτῶν
2788 2278 2883 2348 τὴν
2910 2276 3106 2332 κακίαν
3139 2275 3394 2345 καθάπερ
3421 2274 3599 2345 ῥεῦμα
3626 2270 3860 2341 πονηρὸν

2198 2364 2390 2436 μέλλον
2418 2364 2559 2419 κατὰ
2586 2365 2785 2427 παντὸς
2806 2364 3104 2435 διατρέχειν
3132 2361 3223 2415 τοῦ
3244 2362 3515 2432 σώματος,
3549 2361 3729 2429 ἵστησι
3758 2356 3859 2425 τῆς

2195 2453 2393 2516 κακίας
2427 2453 2525 2522 τὴν
2544 2438 2745 2523 φοράν,
2787 2452 3008 2513 καὶτὰς
3054 2450 3245 2519 γενεάς
3276 2448 3480 2511 ταύτας
3525 2446 3712 2501 λοιπὸν
3758 2445 3857 2507 τὰς

2194 2542 2259 2595 ἐκ
2290 2540 2382 2593 τοῦ
2413 2539 2547 2594 Κάῖν
2583 2539 2745 2610 μέχρι
2782 2537 2875 2592 τοῦ
2914 2538 3108 2609 Λάμεχ
3147 2537 3445 2608 γενομένας
3486 2535 3607 2589 ούδέ
3638 2535 3858 2605 μνήμης

2194 2628 2350 2694 ἀξιοῖ,
2383 2628 2497 2682 ἀλλ’
2524 2628 2713 2699 ὥσπερ
2744 2629 2919 2699 ἀρχήν
2939 2644 3059 2681 τινα
3087 2626 3429 2697 ποιούμενος,
3455 2625 3549 2677 καὶ
3576 2623 3636 2675 τὸ
3662 2621 3858 2682 πένθος

2192 2716 2286 2770 τοῦ
2330 2716 2502 2787 Ἀδὰμ
2536 2716 2629 2770 καὶ
2669 2717 2766 2787 τῆς
2807 2715 2951 2780 Εύας
2986 2714 3485 2787 παραμυθήσασθαι
3514 2711 3857 2782 βουλόμενος,

2191 2797 2236 2873 ᾧ
2276 2804 2587 2875 περιϐαλεῖν
2638 2804 2838 2869 αὐτοὺς
2888 2803 3185 2873 ἐτόλμησεν
3228 2803 3257 2856 ὁ
3307 2799 3711 2870 ἀδελφοκτόνος,
3758 2795 3857 2865 τὴν

2191 2892 2370 2959 δεξιὰν
2417 2892 2645 2957 ὁπλίσας
2692 2894 2834 2947 κατά
2874 2890 2967 2945 τοῦ
3001 2889 3202 2955 ΙἍϐελ,
3251 2888 3428 2952 οὕτως
3479 2888 3708 2958 ἄρχεται
3755 2884 3857 2953 τῆς

2190 2981 2493 3052 διηγήσεως
2515 3022 2529 3045 ,
2560 2981 2654 3034 καί
2685 2996 2872 3051 φησιν’
2898 2978 3060 3045 Αὕτη
3099 2979 3137 3047 ἡ
3174 2977 3393 3043 ,Βίϐλος
3426 2972 3717 3046 γενέσεως
3746 2972 3855 3025 ἀν-

2190 3068 2452 3137 θρώπων,
2482 3062 2522 3140 ᾖ
2551 3066 2738 3137 ἡμέρᾳ
2772 3066 3063 3134 ἐποίησεν
3091 3069 3123 3121 ό
3170 3064 3315 3130 Θεὸς
3357 3062 3466 3116 τὸν
3507 3060 3699 3129 Ἀδὰμ,
3731 3058 3857 3112 κατ’

2188 3158 2394 3211 εἰκόνα
2417 3156 2567 3212 Θεοῦ
2596 3156 2887 3224 ἐποίησεν
2918 3156 3127 3210 αὐτόν·
3149 3154 3339 3222 ἄρσεν
3360 3150 3456 3206 καὶ
3490 3148 3648 3218 θῆλυ
3668 3148 3861 3214 ἐποίη-

2189 3260 2302 3299 σεν
2333 3246 2574 3311 αὐτούς’
2605 3244 2705 3299 καί
2737 3244 3091 3314 ἐπωνόμασε
3122 3242 3187 3297 τὸ
3213 3242 3400 3311 ὄνομα
3421 3236 3623 3294 αὐτῶν
3653 3235 3857 3306 Ἀδὰμ,

2186 3326 2228 3402 ᾗ
2259 3331 2451 3400 ἡμέρᾳ
2476 3331 2768 3399 ἐποίησεν
2798 3331 3042 3396 αὐτούς.

2260 3416 2325 3487 β’.
2358 3418 2555 3469 Σκόπει
2578 3417 2695 3480 πῶς
2739 3419 2851 3479 τοῖς
2872 3416 3056 3479 αὐτοῖς
3088 3416 3296 3486 ῥήμασι
3317 3412 3604 3482 κέχρηται,
3650 3409 3726 3470 ὡς
3765 3410 3859 3462 καὶ

2189 3505 2246 3556 ἐν
2277 3503 2583 3573 προοιμίοις
2605 3542 2621 3569 ,
2657 3502 2743 3554 ῖνα
2786 3500 2972 3571 διδάξῃ
3022 3501 3188 3570 ήμᾶς,
3220 3501 3303 3553 ὅτι
3337 3498 3414 3561 ώς
3441 3495 3733 3565 ἀδοκίμους
3777 3512 3861 3564 γε·

2188 3590 2419 3659 νομένας
2449 3588 2547 3652 τάς
2582 3588 2771 3657 γενεὰς
2810 3589 3024 3651 ἐκείνας
3045 3587 3165 3640 οὐδὲ
3212 3589 3431 3658 μνήμης
3478 3584 3666 3640 λοιπὸν
3694 3581 3854 3651 ἀξιοῖ,

2188 3679 2301 3733 ἀλλ’
2332 3682 2396 3733 ἐκ
2443 3678 2536 3732 τοῦ
2565 3677 2660 3732 νῦν
2689 3677 3001 3751 τεχθέντος,
3033 3677 3126 3732 τοῦ
3173 3677 3280 3749 Σὴθ
3307 3676 3449 3745 λέγω
3476 3715 3491 3741 ,
3536 3674 3634 3745 τῆς
3667 3689 3857 3742 γενεα-

2188 3767 2371 3836 λογίας
2402 3766 2648 3838 ἄρχεται,
2681 3765 2768 3820 ἵνα
2798 3764 2895 3819 καὶ
2926 3766 2991 3819 ἐκ
3022 3764 3212 3819 τούτου
3244 3763 3441 3835 μάθῃς,
3472 3763 3594 3825 ὅσος
3628 3759 3704 3831 τῷ
3737 3759 3856 3829 Θεῷ

2186 3856 2342 3925 λόγος
2366 3856 2465 3927 τῆς
2497 3855 2848 3926 ἀνθρωπίνης
2892 3854 3128 3923 φύσεως,
3159 3855 3254 3909 καὶ
3277 3855 3425 3918 ὅπως
3451 3851 3853 3922 ἀποστρέφεται

2185 3944 2311 4007 τοὺς
2354 3944 2578 4014 φονικὴν
2626 3943 2849 4015 ἔχοντας
2877 3944 2977 4014 τὴν
3010 3942 3256 4014 γνώμην.
3318 3942 3405 4005 Ὠς
3442 3940 3550 4012 γάρ
3584 3938 3717 4011 μηδὲ
3746 3953 3853 3990 πα-

2188 4029 2493 4100 ραχθέντων
2531 4029 2717 4082 λοιπὸν
2759 4029 2982 4083 ἐκείνων
3028 4031 3108 4093 είς
3146 4030 3239 4083 τὸν
3283 4028 3417 4099 βίον,
3452 4027 3625 4090 οὑτως
3674 4024 3852 4078 αὐτῶν

2184 4118 2282 4188 τὴν
2309 4117 2532 4189 γνώμην
2563 4117 2996 4188 παραλιμπάνει,
3026 4118 3242 4182 δεικνὺς
3270 4119 3425 4189 ήμῖν,
3454 4116 3576 4170 ὅσον
3603 4114 3719 4167 ἐστὶ
3754 4129 3853 4167 κα·

2186 4203 2278 4257 κία
2312 4205 2566 4274 χαλεπὸν,
2607 4204 2699 4259 καὶ
2725 4204 2806 4258 ὃτι
2836 4205 3044 4268 ἐαυτοῖς
3072 4206 3140 4257 τὰ
3170 4205 3401 4275 μέγιστα
3427 4202 3778 4274 λυμαίνονται
3803 4204 3851 4255 οἱ

2183 4294 2384 4365 ταύτην
2409 4295 2798 4366 ἀσπαζόμενοι.
2839 4295 2969 4349 Ἰδοὺ
3005 4295 3113 4366 γάρ
3136 4290 3280 4350 οὗτοι
3309 4296 3407 4366 μὲν
3429 4292 3524 4347 τοῦ
3548 4292 3849 4361 καταλόγου

2183 4382 2367 4437 λοιπὸν
2395 4382 2784 4454 ἐξαλείφονται,
2818 4384 2910 4437 ἐπὶ
2929 4383 3181 4438 τοσοῦτον
3205 4382 3261 4437 δέ
3296 4382 3517 4453 μνήμης
3537 4379 3849 4452 ἠξιώθησαν

2187 4472 2366 4541 μόνον,
2400 4470 2540 4524 ὥστε
2574 4470 2672 4540 τὴν
2698 4471 2899 4525 κακίαν
2930 4470 3110 4524 αὑτῶν
3140 4470 3547 4541 στηλιτεύεσθαι
3567 4509 3580 4532 ,
3609 4469 3704 4522 καὶ
3731 4470 3850 4531 ταῖς

2182 4560 2262 4621 εἰς
2289 4557 2350 4610 τὸ
2381 4555 2509 4627 ἐξῆς
2534 4559 2748 4625 γενεαῖς
2782 4556 3035 4625 γενέσθαι
3064 4556 3445 4629 σωφρονισμοῦ
3472 4556 3748 4617 ὑπόθεσιν.
3791 4556 3848 4606 ὐ

2180 4643 2238 4697 δὲ
2280 4644 2481 4706 ἀδίκως
2526 4642 2873 4714 ἀναιρεθεὶς,
2910 4644 3005 4697 καὶ
3058 4644 3164 4697 ὑπὸ
3196 4643 3295 4711 τῆς
3328 4642 3626 4709 ἀδελφικῆς
3667 4640 3848 4709 χειρὸς

2181 4731 2485 4800 φονευθεὶς,
2524 4730 2584 4794 ἐξ
2632 4730 2838 4783 ἐκείνου
2878 4730 3039 4800 μέχρι
3080 4728 3175 4781 τοῦ
3220 4729 3313 4782 νῦν
3361 4730 3418 4780 ἐν
3452 4730 3563 4790 τοῖς
3596 4727 3847 4779 ἁπάντων

2180 4818 2362 4890 ᾄδεται
2400 4819 2653 4887 στόμασι,
2693 4817 2787 4868 καὶ
2820 4817 2946 4869 οὔτε
2980 4819 3010 4869 ό
3052 4816 3241 4886 χρόνος
3272 4814 3461 4869 τούτου
3493 4815 3591 4884 τὴν
3629 4814 3846 4884 μνήμην

2179 4906 2423 4967 ἔσϐεσεν,
2450 4903 2574 4956 οὔτε
2604 4904 2813 4957 ἐκείνου
2847 4903 2945 4974 τὴν
2992 4903 3327 4975 κατηγορίαν
3357 4903 3681 4971 ὑπετέμετο,
3714 4898 3847 4955 ἀλλά

2181 4992 2276 5046 καὶ
2320 4984 2477 5054 οὗτος
2510 4990 2629 5044 καθ’
2660 4990 2897 5062 ἑκάστην
2941 4991 3155 5063 ἡμέραν
3198 4991 3350 5063 παρά
3397 4990 3611 5044 πάντων
3640 4990 3846 5057 ἀνακη-

2182 5080 2454 5152 ρύττεται,
2478 5079 2573 5132 καὶ
2602 5078 2807 5144 ἐκεῖνος
2833 5080 3100 5151 διηνεκῶς
3138 5077 3535 5149 στηλιτεύεται.

2258 5166 2440 5219 Εῖδετε
2471 5167 2570 5236 ὅση
2598 5167 2696 5237 τῆς
2729 5168 2926 5231 κακίας
2950 5170 2984 5238 ή
3008 5166 3175 5237 λύμη,
3211 5166 3302 5219 καὶ
3327 5166 3427 5234 ὅση
3451 5164 3549 5233 τῆς
3581 5163 3779 5234 ἀρετῆς
3812 5165 3844 5234 ἡ

2181 5254 2354 5323 ἰσχὺς,
2375 5254 2467 5307 καὶ
2486 5253 2634 5317 ὅπως
2658 5255 2691 5323 ή
2716 5254 2837 5324 μὲν,
2863 5255 2957 5310 καὶ
2978 5253 3291 5323 πολεμοῦσα
3317 5252 3411 5304 καὶ
3431 5249 3843 5321 περιγινομένη,

2179 5344 2461 5399 σϐέννυταί
2488 5362 2548 5398 τε
2576 5345 2671 5398 καὶ
2698 5342 3040 5413 ἀφανίζεται,
3066 5345 3099 5411 ή
3120 5343 3198 5405 δὲ,
3227 5340 3319 5395 καὶ
3342 5340 3723 5411 πολεμουμένη
3749 5340 3843 5393 καὶ

2174 5433 2242 5487 ’ιά
2274 5436 2444 5504 μυρία
2472 5431 2620 5485 δεινά
2645 5430 3009 5501 ὑπομένουσα,
3042 5429 3217 5501 ταύτῃ
3248 5429 3447 5499 μᾶλλον
3476 5429 3570 5480 καὶ
3594 5426 3843 5498 λαμπρο-

2173 5521 2308 5592 τέρα
2339 5519 2433 5574 καὶ
2470 5517 2797 5588 φαιδροτέρα
2829 5517 3075 5584 γίνεται;
3110 5518 3221 5570 Καὶ
3250 5517 3377 5586 ἐνῆν
3401 5516 3500 5586 μὲν
3527 5518 3622 5569 καὶ
3647 5514 3708 5580 ἐξ
3727 5515 3845 5569 ἐτέ-

2175 5624 2286 5678 ρων
2336 5604 2678 5676 πραγμάτων
2719 5604 2921 5674 όμοίως
2969 5603 3297 5675 συμϐάντων
3344 5602 3502 5658 τοῦτο
3535 5603 3707 5672 δεῖξαι
3745 5600 3840 5655 νῦν

2244 5859 2269 5899 (Ι
2293 5862 2511 5920 Quatuor
2528 5874 2641 5911 mss.
2666 5860 2718 5909 τὸ
2758 5862 2904 5927 ὄνομα
2925 5859 3086 5911 αὑτοῦ.
