4144 6200
546 188 644 243 ΓΠ

541 307 596 352 et
613 296 846 352 clarior?
875 297 938 351 Et
955 297 1139 352 licet-et
1166 297 1378 368 quidem
1404 296 1505 352 hoc
1537 298 1696 352 etiam
1713 313 1778 353 cx
1805 297 1922 352 aliis
1946 296 2109 366 gestis

542 403 659 455 qua:
697 386 940 441 similiter
968 396 1257 442 evenerunt
1294 385 1501 441 caritati
1541 395 1734 442 vestra:
1778 386 2058 443 ostendere
2093 404 2106 444 :

541 476 721 530 sedne
742 477 1657 548 alrinstitutonostrudigrediamur,
1677 493 1774 549 age
1795 477 1972 532 denuo
1991 494 2106 545 qtae

538 567 679 620 dicta
704 575 828 622 sunt
852 577 1170 636 repetamus.
1220 566 1324 622 Iste
1350 578 1422 622 est
1447 569 1570 622 liber
1592 569 1922 640 generationis
1949 568 2107 620 Itami-

538 672 678 722 nnm,
719 657 800 710 tlie
832 674 930 726 quo
955 659 1070 730 fecit
1110 657 1263 712 Deus-
1285 658 1447 712 Adam
1474 699 1492 727 ,
1521 660 1794 714 secundum
1841 659 2107 728 imaginem

543 747 632 802 ()ei
674 751 790 820 fecit
815 751 1000 815 illum;
1042 750 1318 804 masculum
1358 759 1406 806 et
1447 752 1688 821 [eminent
1733 751 1850 820 fecit
1876 751 1992 803 illos
2016 765 2035 813 ,'
2060 761 2107 803 et

535 841 805 909 appellavit
825 857 1002 896 nomen
1027 857 1197 896 eorum
1223 843 1403 908 Adam,
1429 844 1511 896 die
1535 859 1633 913 quo
1662 844 1776 914 fecit
1804 843 1939 896 illos.
1973 842 2105 897 Vide

534 930 798 999 quomodo
822 932 1013 986 iterum
1043 933 1347 988 narratione
1375 933 1446 986 ab
1475 932 1624 986 initio
1651 932 1898 1001 repetita,
1932 931 2105 984 divina

533 1020 800 1089 Seriphum
846 1021 999 1076 nobis
1045 1031 1428 1076 commemorat
1474 1034 1726 1091 quantum
1767 1023 2021 1076 honorem
2075 1036 2103 1074 a

532 1110 820 1165 (lontIitore
850 1111 1069 1167 sortitus
1096 1113 1165 1166 sit
1214 1113 1397 1167 homo.
1439 1112 1535 1166 Die
1581 1129 1699 1181 quo,
1753 1113 1960 1182 inquit,
1991 1111 2106 1182 fecit

534 1201 725 1268 Adam,
751 1203 1021 1256 secundum
1067 1204 1335 1272 imaginem
1364 1201 1460 1257 Dei
1508 1205 1621 1274 fecit
1667 1205 1808 1258 illuni
1839 1219 1858 1257 :
1882 1203 1983 1258 hoc
2023 1210 2106 1256 est

533 1292 823 1360 principem
874 1293 1016 1346 illum
1065 1294 1335 1348 constituit
1364 1294 1599 1348 omnium
1643 1294 1950 1348 visibilium.
1995 1293 2105 1345 lloc

531 1380 672 1433 enim
718 1390 800 1434 est
833 1381 1124 1435 Secundum
1177 1385 1465 1452 imaginem,
1511 1383 1801 1438 secundum
1847 1383 2102 1437 rationem

531 1469 749 1524 dominii
777 1479 830 1525 et
849 1472 1195 1542 principatus.
1222 1473 1351 1527 Nam
1383 1473 1518 1527 sicut
1547 1474 1782 1526 omnium
1806 1473 1943 1527 Deus
1962 1471 2103 1541 prin-

527 1560 756 1628 cipatum
788 1561 946 1616 habet
974 1577 1134 1632 super
1157 1565 1333 1618 omnia
1357 1575 1462 1618 tam
1488 1563 1710 1617 visibilia
1734 1579 1891 1633 quam
1917 1563 2097 1617 invisi-

527 1649 674 1714 bilia,
707 1651 796 1720 qui
825 1651 1063 1706 omnium
1106 1653 1348 1707 conditor
1375 1663 1427 1706 et
1455 1653 1625 1722 Opifex
1660 1662 1741 1708 est
1768 1669 1783 1706 :
1811 1655 1888 1708 sic
1909 1661 1960 1708 et
1979 1667 2100 1708 cum

527 1737 778 1794 formavit
798 1741 1052 1797 rationale
1082 1743 1184 1798 hoc
1211 1743 1429 1808 animal,
1463 1743 1628 1798 voluit
1652 1744 1890 1798 omnium
1923 1744 2100 1797 visibi-

529 1829 655 1884 lium
680 1831 993 1901 prtL-fectura
1019 1833 1222 1903 insigne
1244 1848 1382 1888 esse.
1409 1833 1634 1889 Proinde
1662 1843 1717 1889 et
1751 1835 1942 1888 anima:
1972 1833 2100 1887 sub-

525 1923 770 1975 stantiam
799 1923 876 1977 illi
920 1924 1136 1992 largitus
1165 1933 1270 1990 est,
1310 1925 1492 1980 volens
1533 1927 1704 1994 ipsum
1747 1927 2098 1981 immortalem

538 2025 657 2065 esse
697 2021 750 2065 et
781 2022 1093 2080 perpetuum
1119 2029 1136 2068 :
1162 2029 1347 2068 verum
1375 2015 1462 2068 ubi
1493 2030 1587 2084 per
1609 2016 1863 2070 desidiam
1884 2018 2096 2084 excidit,

524 2107 576 2151 et
605 2111 960 2169 transgressus
987 2109 1069 2156 est
1094 2102 1394 2156 mandatum
1413 2104 1511 2157 sibi
1533 2103 1802 2170 traditum,
1827 2120 1999 2174 neque
2011 2106 2087 2161 sic

522 2188 742 2242 omnino
770 2191 936 2259 ipsum
964 2199 1237 2246 aversatus
1261 2201 1342 2246 est
1371 2210 1384 2245 :
1416 2193 1508 2248 sed
1537 2209 1633 2262 pro
1660 2208 1757 2249 sua
1787 2195 2091 2250 misericor-

523 2276 609 2330 dia
640 2278 1090 2334 immortalitatem
1119 2282 1330 2351 qnidem
1358 2282 1434 2337 illi
1477 2283 1696 2348 ademit,
1721 2293 1892 2339 morte
1919 2295 2095 2340 autem

520 2365 822 2424 damnatum
849 2370 900 2426 in
919 2372 1109 2426 eodem
1139 2372 1305 2428 ferme
1329 2374 1623 2443 principatu
1647 2375 1876 2444 reliquit.
1897 2376 2098 2432 Deinde

527 2471 646 2510 cum
687 2458 730 2512 is
755 2461 844 2529 qui
870 2476 934 2516 ex
969 2461 1060 2517 illo
1087 2471 1244 2518 natus
1271 2472 1386 2519 erat
1419 2465 1472 2518 in
1504 2471 1700 2519 tantam
1730 2465 1968 2535 prorupit
2018 2467 2096 2521 in-

521 2547 745 2612 saniam,
777 2558 835 2603 ut
859 2551 1057 2618 primus
1085 2553 1272 2607 mortis
1299 2555 1532 2624 speciem
1557 2554 1854 2622 inveberet,
1887 2557 2093 2612 violen-

528 2647 634 2691 tam
662 2639 806 2693 illam
839 2641 1040 2696 czndem
1065 2643 1360 2710 exhiberet,
1401 2659 1466 2700 ac
1490 2645 1620 2700 εωδί
1649 2646 1979 2702 mendacium
2003 2662 2095 2702 co-

525 2730 728 2798 pulans,
750 2747 989 2802 magnam
1012 2733 1402 2804 improbitatem
1426 2751 1534 2805 prae
1558 2751 1617 2791 se
1639 2736 1820 2802 ferret,
1844 2737 2091 2792 diuturna

518 2821 858 2888 castigatione
885 2823 1167 2877 emendare
1193 2824 1340 2877 illum
1369 2825 1553 2888 voluit,
1583 2835 1640 2878 ut
1667 2841 1770 2879 non
1799 2826 1970 2881 solum
1999 2827 2090 2880 ille

517 2909 714 2963 lucrum
744 2911 936 2967 laetae!
961 2914 1105 2967 exiis
1129 2929 1245 2983 qua:
1273 2915 1367 2983 ipsi
1383 2915 1776 2985 contingebant,
1799 2916 1891 2970 sed
1911 2924 1964 2970 et
1991 2932 2087 2986 po-

514 3008 684 3053 steros
707 3000 922 3057 doceret
944 3003 1342 3057 commissorum
1367 3005 1801 3074 magnitudinem,
1825 3013 1877 3059 et
1906 3004 2090 3074 ingen-

515 3099 618 3143 tem
665 3092 880 3147 sceleris
922 3090 1232 3150 fueditatem.
1271 3095 1534 3150 Czcterum
1583 3097 1705 3166 quia
1749 3111 1860 3166 prte
1900 3113 2087 3168 magna

515 3179 716 3247 ignavia
741 3183 932 3250 posteri
953 3198 1160 3253 quoque
1182 3184 1321 3239 illius
1342 3186 1589 3256 paulatim
1614 3187 1664 3240 in
1684 3187 1926 3257 graviora
1950 3188 2083 3241 mala

511 3271 752 3337 ruebant,
770 3275 971 3338 volens,
995 3283 1049 3329 ut
1072 3275 1140 3328 ita
1158 3275 1350 3343 dicam,
1375 3277 1535 3332 solari
1559 3278 1842 3343 Adamum,
1865 3279 1954 3350 qui
1980 3295 2082 3332 non

511 3361 680 3415 sobun
707 3363 774 3417 ob
795 3379 940 3417 suam
964 3367 1437 3434 transgressionem
1456 3369 1588 3422 adeo
1614 3370 1889 3433 manebat,
1914 3369 2007 3424 sed
2031 3379 2086 3423 et

511 3451 579 3502 ob
601 3451 850 3521 ﬂagitium
869 3455 1015 3506 Caini
1035 3456 1086 3507 in
1107 3456 1247 3510 luctu
1266 3457 1580 3512 intolerabili
1600 3459 1926 3522 versabatur,
1946 3462 2082 3528 quod

512 3541 620 3593 suis
650 3541 761 3609 ipse
806 3542 973 3597 oculis
1006 3559 1200 3598 cmsum
1248 3545 1378 3600 Abel
1407 3546 1626 3601 vidisset
1668 3564 1683 3604 :
1717 3563 1889 3617 neque
1937 3551 2078 3603 enim

514 3633 698 3686 mortis
727 3635 958 3701 Speciem
985 3635 1242 3699 sciebant,
1269 3638 1473 3691 tametsi
1501 3638 1604 3692 lata
1624 3647 1765 3694 esset
1786 3641 2078 3694 sententia:

515 3723 652 3777 unde
673 3732 729 3775 et
746 3722 936 3791 duplex
970 3725 1041 3778 illi
1067 3739 1129 3778 ac
1161 3725 1348 3795 triplex
1378 3727 1550 3782 luctus
1587 3727 1790 3788 aderat.
1821 3733 1940 3798 quia
1977 3731 2082 3798 pri-

515 3827 657 3872 mum
681 3812 922 3866 viderunt
950 3823 1170 3870 mortem
1200 3816 1252 3869 in
1277 3818 1434 3872 vitam
1481 3818 1855 3887 introductam,
1889 3830 1945 3874 et
1971 3821 2080 3873 vio-

516 3903 707 3956 lentam
734 3911 976 3969 mortetn,
1009 3914 1062 3960 et
1086 3919 1113 3958 a
1143 3905 1248 3959 lilio
1271 3915 1648 3976 perpetralam,
1699 3917 1753 3963 et
1781 3909 1834 3962 in
1862 3909 2076 3963 fratrem

511 3993 696 4048 eodem
743 4001 891 4063 patre
936 3994 1226 4066 eademque
1272 4007 1439 4052 matre
1481 4008 1684 4062 natum,
1714 4001 1802 4069 qui
1850 4001 1976 4054 nihil
2007 4001 2078 4054 illi

454 4118 456 4120 -
512 4083 713 4150 injuria:
745 4083 1006 4138 intulisset
1037 4104 1051 4140 :
1079 4085 1263 4142 volens
1284 4102 1410 4156 ergo
1440 4088 1696 4160 benignus
1727 4091 1864 4146 Deus
1898 4106 2077 4160 parem

509 4172 779 4226 doloribus
803 4171 990 4228 allerro
1015 4176 1450 4240 consolationem.
1476 4181 1640 4234 alium
1671 4182 1744 4236 illi
1773 4183 1861 4237 dat
1889 4183 2074 4250 lilium,

508 4264 633 4319 Seth
662 4265 936 4326 videlicet;
966 4279 1128 4336 atque
1156 4269 1279 4323 hinc
1303 4271 1401 4339 ipsi
1423 4271 1541 4325 data
1567 4272 1850 4329 sufﬁcienti
1878 4291 2076 4330 conso-

509 4352 725 4421 latione,
745 4359 812 4413 ab
831 4357 918 4416 illo
940 4371 1119 4429 postea
1134 4360 1400 4430 pt'ogeniei
1419 4362 1624 4417 in'tium
1644 4363 1808 4418 ducit.
1831 4365 2079 4434 Propter-

508 4461 568 4502 ea
607 4448 790 4504 beatus
816 4451 1071 4520 propheta
1106 4451 1186 4506 sic
1210 4466 1430 4507 exorsus
1465 4462 1569 4516 est,
1611 4453 1792 4510 dicens
1821 4474 1832 4510 :
1872 4455 1980 4511 Iste
2001 4467 2076 4512 est

509 4535 630 4591 liber
657 4541 992 4608 generationis
1040 4542 1318 4594 hominum.
1374 4541 1590 4606 Deinde,
1621 4554 1677 4598 ut
1726 4547 1965 4618 promisit
2016 4561 2074 4602 se

509 4639 842 4685 narraturum
871 4632 1143 4686 hominum
1169 4635 1587 4703 generationem,
1638 4637 1758 4692 vide
1803 4654 1904 4706 qua
1933 4640 2074 4694 serie

507 4721 689 4772 utitur.
713 4723 764 4776 5.
810 4721 940 4775 Vixit
969 4724 1129 4777 Adam
1157 4725 1301 4778 annis
1329 4725 1553 4780 ducentis
1573 4729 1796 4796 triginta,
1825 4738 1870 4781 et
1897 4732 2070 4800 genuit

506 4811 777 4863 secundum
801 4814 1012 4880 δραι-ξηιλ
1041 4830 1201 4878 snam,
1232 4825 1280 4869 et
1304 4816 1577 4872 secundum
1601 4818 1867 4889 imaginem
1895 4837 2073 4885 suam;

501 4907 545 4949 rt
577 4901 843 4966 appellavit
865 4918 1040 4956 nontcn
1057 4904 1192 4957 illius
1217 4904 1359 4957 Setlt.
1388 4906 1440 4957 4.
1475 4905 1702 4958 Fuerunt
1730 4917 1892 4961 autem
1914 4910 2071 4978 ipsius

504 4989 624 5042 anni
651 4991 964 5061 septingenti,
985 5003 1031 5047 et
1057 4996 1222 5066 genuit
1249 4995 1381 5063 ﬁlios
1403 5005 1448 5049 et
1467 4997 1620 5064 ﬁlias.
1646 4998 1698 5052 5.
1729 4998 1790 5051 Et
1817 5000 1939 5067 [acti
1957 5011 2072 5054 sunt

503 5091 672 5130 omnes
697 5079 800 5131 dies
827 5080 1006 5148 Adam,
1029 5083 1150 5136 anni
1175 5086 1408 5153 nongenti
1423 5087 1647 5155 triginta,
1667 5100 1714 5141 et
1731 5101 1950 5143 mortuus
1972 5103 2064 5145 est.

573 5166 625 5218 5.
659 5165 709 5219 Ν
714 5167 804 5220 ibi!
824 5171 1010 5238 frustra
1033 5173 1244 5241 positum
1265 5174 1315 5227 in
1339 5177 1602 5244 Scriptura
1625 5193 1788 5230 sacra.
1804 5179 2070 5236 —-Nonne

503 5251 638 5308 bene
653 5255 888 5310 dicebam
908 5259 956 5312 in
973 5261 1190 5316 exordio
1209 5265 1488 5329 sermonis,
1515 5265 1639 5318 nihil
1659 5281 1780 5320 esse
1799 5276 1995 5323 temere
2016 5279 2069 5322 et

502 5344 701 5411 absque
723 5345 940 5402 utilitate
963 5349 1012 5400 in
1033 5365 1180 5403 saera
1201 5352 1469 5420 Scriptura
1489 5354 1713 5420 positum
1728 5355 1753 5408 τ
1770 5355 1904 5409 Ecce
1923 5356 2064 5409 enim

493 5441 544 5486 ct
568 5452 716 5494 nunc
730 5444 916 5501 quanta
937 5437 1200 5506 diligentia
1228 5457 1353 5496 usus
1372 5453 1447 5496 est
1473 5444 1654 5498 beatus
1678 5445 1763 5499 ille
1787 5445 2060 5514 propheta.

493 5520 704 5594 Genua,
731 5523 914 5594 inquit,
941 5523 1096 5580 Adam
1116 5531 1383 5584 secundum
1403 5534 1613 5604 speciem
1633 5550 1790 5598 suam,
1820 5545 1865 5589 et
1889 5552 2036 5591 secun

1595 188 1658 243 IN
1697 188 1848 244 CAP.
1893 187 1954 243 V.
1997 189 2244 246 GENES.
2288 192 2511 249 ΙΙΟΜΙΙ..
2546 193 2684 251 XXI.

3679 185 3779 240 178

2219 296 2340 348 dum
2353 298 2618 369 inmginem
2631 318 2794 368 suam.
2809 311 2857 360 et
2865 295 3136 375 appellavit
3152 304 3325 358 namen
3343 302 3480 359 illius
3496 303 3639 360 Setlt.
3653 301 3781 360 Cum

2215 387 2280 442 de
2305 387 2482 457 priore
2506 389 2809 458 loqueretur
2833 390 2939 442 lilio
2961 431 2974 454 ,
3001 387 3129 444 Cain
3155 391 3273 445 dico
3293 432 3308 458 ,
3335 391 3462 446 nihil
3492 393 3596 448 tale
3623 393 3785 464 signi-

2213 482 2386 536 licavit
2431 481 2677 536 nimirum
2713 483 2822 551 jam
2862 491 3016 537 antea
3061 483 3296 538 indicans
3326 484 3466 538 illius
3495 485 3548 537 in
3586 485 3780 540 nntium

2213 574 2630 641 proclivitatctn;
2659 583 2712 629 et
2737 574 2924 630 merito
2949 592 2963 628 :
2995 588 3099 628 non
3121 576 3262 628 enim
3290 574 3520 629 servavit
3539 585 3785 644 paternos

2211 679 2405 730 mores,
2433 666 2524 720 scd
2555 667 2791 734 protinus
2819 665 2886 721 ad
2915 666 3165 720 malitiam
3196 666 3449 737 confugit.
3483 667 3580 721 llic
3605 676 3782 722 autem

2211 753 2416 822 inquit,
2467 754 2758 808 Secundum
2815 755 3028 823 speciem
3077 765 3124 808 et
3178 755 3452 809 secundum
3517 756 3785 826 imaginem

2209 857 2389 906 suam,
2423 841 2522 896 hoc
2559 850 2637 897 est
2661 881 2678 908 ,
2716 843 3025 896 eorumdcm
3069 858 3312 907 morum,
3341 843 3530 911 quibus
3570 845 3654 898 ille
3695 845 3782 914 qui

2209 940 2480 1000 genuerat,
2509 942 2562 986 et
2585 933 2673 1011 qui
2699 942 2937 989 servaret
2955 933 3170 988 eosdem
3194 933 3401 987 virtutis
3428 933 3780 998 characteres,

2209 1023 2294 1089 qui
2328 1030 2598 1090 paternam
2633 1022 2913 1092 imaginem
2943 1024 3193 1092 operibus
3218 1024 3574 1092 exprimeret,
3608 1034 3658 1078 et
3689 1026 3776 1093 qui

2208 1124 2300 1163 sua
2334 1111 2526 1165 virtute
2555 1112 2748 1180 prioris
2786 1121 3059 1181 peccatum
3099 1127 3344 1180 reparare
3387 1112 3572 1180 possit.
3601 1111 3782 1181 Neque

2207 1199 2347 1251 etaim
2396 1199 2464 1254 de
2509 1201 2873 1269 corporalibus
2920 1201 3252 1255 lineamentis
3294 1212 3345 1256 et
3391 1199 3781 1255 charactcribus

2208 1288 2477 1359 Scriptura
2506 1291 2658 1345 nobis
2697 1291 2968 1347 disserens
2991 1331 3005 1357 ,
3049 1291 3212 1346 dicit:
3247 1292 3536 1345 Secundum
3566 1293 3779 1361 speciem

2205 1395 2382 1445 suam,
2425 1389 2472 1434 et
2514 1381 2788 1435 secundum
2839 1382 3105 1451 imaginem
3154 1374 3294 1434 sutfm
3322 1398 3340 1435 :
3387 1381 3479 1436 sed
3524 1382 3592 1436 de
3639 1389 3776 1435 statu

2205 1472 2416 1537 animm,
2448 1481 2505 1526 ut
2546 1473 2814 1527 discamus
2856 1473 2994 1526 hunc
3035 1488 3138 1526 non
3175 1472 3332 1527 talem
3362 1488 3481 1528 esse
3519 1471 3774 1527 futurum.

2207 1558 2327 1614 Ideo
2354 1570 2408 1616 ct
2437 1572 2606 1617 mater
2635 1578 2826 1616 nomen
2859 1563 2966 1616 lilio
2997 1562 3274 1631 imponens
3300 1601 3315 1627 ,
3347 1576 3464 1614 cum
3490 1561 3774 1630 gratiarum

2203 1651 2409 1706 actione
2438 1653 2538 1707 hoc
2566 1668 2759 1708 nomen
2786 1653 2976 1708 indidit
3003 1670 3018 1707 :
3062 1661 3117 1708 et
3143 1668 3314 1722 neque
3343 1663 3578 1719 natura},
3609 1668 3777 1722 neque

2205 1744 2375 1812 partui
2404 1744 2654 1800 adscribit
2684 1728 2878 1798 natum.
2895 1759 3115 1814 puerum
3139 1786 3153 1808 ,
3197 1744 3288 1798 sed
3323 1743 3413 1798 Dei
3455 1745 3654 1798 virtuti.
3688 1745 3776 1798 Illa

2203 1836 2343 1890 enim
2374 1845 2612 1890 naturam
2656 1835 2955 1891 fecundavit
2997 1835 3063 1889 ad
3092 1845 3317 1904 partum,
3347 1843 3400 1888 et
3429 1837 3503 1888 ait
3531 1852 3544 1889 :
3575 1833 3775 1906 Cogno-

2201 1925 2405 1978 minavit
2431 1942 2609 1980 nomen
2641 1926 2778 1978 illius
2804 1925 2927 1979 Setlt
2949 1965 2965 1991 ,
2995 1925 3162 1978 dicens
3185 1940 3204 1977 :
3229 1924 3478 1977 Excitavit
3503 1925 3632 1977 enim
3654 1925 3774 1977 mihi

2200 2012 2338 2066 Deus
2378 2031 2543 2067 semen
2585 2014 2725 2066 aliud
2766 2031 2857 2083 pro
2886 2013 3036 2077 Abel,
3076 2029 3221 2080 quem
3257 2013 3437 2065 occidit
3471 2012 3593 2066 Cain
3621 2011 3770 2084 (Gen.

2201 2107 2254 2158 τι.
2282 2105 2394 2172 ἳὸ).
2425 2104 2558 2157 Vide
2583 2104 2729 2158 verbi
2753 2104 3098 2172 diligentiam.
3127 2101 3241 2156 Non
3267 2102 3437 2157 dixit:
3469 2102 3618 2156 Dedit
3645 2101 3772 2156 mihi

2202 2193 2372 2247 Dens:
2408 2193 2522 2258 sed,
2558 2193 2804 2246 Excitavit
2830 2193 2972 2245 mihi.
3005 2191 3232 2246 Attende
3261 2191 3525 2260 quomodo
3550 2191 3773 2245 obscure

2203 2283 2352 2336 nobis
2386 2282 2482 2336 hoc
2518 2282 2681 2336 verbo
2721 2282 3124 2336 resurrectionis
3150 2281 3363 2335 exordia
3410 2280 3494 2336 hic
3523 2281 3768 2335 ostendit.

2200 2371 2274 2425 Ita
2300 2371 2440 2425 enim
2481 2371 2793 2441 loquebatur
2820 2386 2884 2426 ac
2927 2371 2970 2424 si
3000 2373 3119 2440 quis
3161 2370 3400 2425 diceret:
3444 2371 3547 2424 Pro
3588 2385 3654 2424 eo
3683 2371 3770 2439 qui

2198 2463 2407 2529 cecidit,
2435 2463 2682 2518 excitavit
2708 2464 2835 2518 mihi
2863 2463 3021 2518 hunc.
3050 2464 3376 2533 Quamquam
3406 2463 3494 2517 ille
3514 2504 3528 2530 ,
3563 2464 3767 2532 inquit,

2197 2553 2249 2606 in
2282 2561 2476 2606 terram
2516 2553 2702 2606 dextra
2733 2553 2907 2606 fratris
2931 2566 3212 2621 percussus
3247 2552 3436 2606 cecidit
3459 2591 3472 2613 ,
3504 2561 3556 2605 et
3587 2552 3770 2605 mortis

2199 2644 2486 2712 periculum
2510 2643 2652 2707 fecit,
2687 2652 2857 2698 tamen
2890 2644 2981 2698 Dei
3007 2643 3174 2697 virtus
3197 2657 3290 2712 pro
3311 2657 3452 2697 ca'so
3479 2643 3614 2696 hunc
3641 2643 3766 2696 mihi

2194 2733 2486 2787 Suscitavit.
2514 2732 2618 2787 Sed
2642 2735 2762 2802 quia
2793 2733 3024 2788 nondum
3058 2743 3265 2802 tempus
3285 2741 3401 2787 erat
3426 2734 3765 2787 resurrectio-

2194 2824 2299 2890 nis,
2350 2840 2455 2878 non
2501 2835 2766 2878 mortuum
2811 2825 3102 2889 suscitavit,
3151 2824 3246 2880 sed
3285 2825 3443 2878 alium
3490 2838 3586 2892 pro
3635 2824 3761 2878 illo:

2194 2916 2536 2982 quamobrem
2565 2926 2616 2969 et
2645 2916 2755 2984 ipsa
2784 2915 2953 2970 dixit:
2986 2915 3260 2970 Suscitavit
3287 2916 3408 2969 mihi
3436 2914 3573 2969 Deus
3601 2933 3764 2970 semen

2191 3003 2331 3057 aliud
2357 3021 2449 3074 pro
2476 3005 2600 3059 Abel
2615 3047 2628 3069 ,
2655 3021 2800 3076 quem
2827 3005 3005 3058 occidit
3031 3004 3177 3060 Cain.
3211 3005 3396 3060 Vidisti
3423 3015 3629 3075 gratum
3653 3021 3765 3060 mu-

2193 3096 2336 3150 lieris
2381 3096 2654 3151 animum?
2699 3096 2872 3151 vidisti
2919 3095 3294 3166 benignitatem
3346 3095 3588 3149 Domini?
3635 3109 3764 3164 quo-

2192 3185 2350 3239 modo
2405 3187 2750 3242 acceleratam
2799 3187 2903 3240 illis
2951 3186 3366 3240 consolationem
3418 3185 3758 3256 excogitavit.

2189 3276 2339 3331 lianc
2367 3277 2633 3332 imitemur
2659 3291 2846 3332 omnes
2869 3317 2885 3340 ,
2912 3287 2969 3331 et
2997 3285 3163 3331 totum
3192 3292 3434 3344 superna:
3457 3278 3640 3346 gratia:
3668 3279 3758 3330 tria

2191 3367 2428 3420 beamus.
2470 3367 2601 3420 Nam
2637 3366 2761 3420 licet
2797 3373 2983 3419 natura
3025 3374 3294 3434 operetur,
3325 3378 3431 3416 non
3463 3371 3636 3417 tamen
3668 3379 3756 3419 sua

2193 3456 2408 3514 virtute,
2437 3453 2530 3506 sed
2559 3459 2821 3520 praecepto
2847 3452 3006 3516 illius,
3035 3453 3122 3520 qui
3151 3452 3318 3519 ipsam
3341 3451 3481 3514 fecit,
3511 3451 3758 3505 obediens

2189 3550 2458 3611 opt-ratur.
2502 3541 2569 3595 Et
2592 3554 2874 3608 numquam
2905 3539 3114 3592 doleant
3145 3540 3391 3592 mulieres
3419 3538 3626 3607 quando
3655 3554 3758 3592 non

2189 3633 2416 3700 pariunt,
2447 3632 2538 3686 sed
2567 3640 2776 3701 gratum
2803 3630 3035 3684 animum
3071 3645 3178 3700 pra:
3203 3644 3264 3684 se
3289 3629 3536 3697 ferentes,
3567 3629 3630 3684 ad
3663 3647 3758 3684 na-

2190 3731 2321 3776 tura:
2347 3722 2602 3791 Opificetn
2635 3721 2971 3791 confugiant;
2998 3730 3053 3776 et
3077 3720 3144 3776 ab
3171 3720 3258 3775 illo
3288 3729 3502 3789 petant,
3543 3721 3632 3790 qui
3663 3737 3756 3776 na-

2185 3823 2318 3868 tura:
2346 3813 2600 3868 Dominus
2626 3822 2742 3879 est;
2787 3821 2840 3868 et
2884 3827 3054 3883 neque
3089 3812 3370 3881 eunjugum
3410 3813 3755 3882 congressui,

2187 3920 2358 3976 neque
2384 3905 2531 3960 alteri
2560 3905 2788 3973 cuipiam
2819 3904 2893 3958 rei
2923 3904 3146 3958 filiorum
3174 3904 3430 3972 imputent
3459 3902 3759 3972 generatio-

2186 4013 2305 4051 nem
2328 4039 2343 4062 ,
2373 3997 2468 4052 sed
2505 3995 2775 4051 Conditori
2805 3994 3038 4049 omnium
3064 4033 3078 4059 ,
3106 3994 3290 4064 quiex
3319 3995 3483 4050 nihilo
3516 4005 3754 4048 naturam

2185 4094 2419 4141 nostram
2446 4083 2692 4154 produxit
2718 4095 2771 4138 ut
2797 4094 2976 4150 esset,
3003 4094 3055 4138 et
3078 4083 3461 4138 elaudicantem
3489 4084 3753 4154 corrigere

2184 4185 2356 4246 potest
2382 4194 2396 4229 :
2423 4174 2842 4246 quandoquidem
2865 4183 2917 4228 et
2939 4174 3032 4229 ista
3057 4189 3121 4228 ex
3143 4174 3420 4228 occasione
3449 4174 3621 4228 luctus
3649 4175 3755 4228 Deo

2179 4269 2400 4339 gloriam
2444 4265 2705 4320 referendi
2743 4266 2967 4333 sumpsit
3007 4273 3394 4333 argumentum,
3434 4271 3489 4319 et
3533 4263 3756 4318 Domino

2183 4368 2346 4416 totum
2381 4357 2575 4421 tribuit,
2601 4355 2818 4411 dicens:
2853 4354 3094 4408 Excitavit
3124 4355 3248 4409 milii
3276 4354 3412 4408 Deus
3427 4372 3594 4409 semen
3612 4356 3754 4408 aliud

2183 4465 2276 4520 pro
2305 4445 2460 4512 Abel,
2491 4462 2636 4515 quem
2665 4445 2846 4498 occidit
2870 4443 3014 4498 Cain.
3048 4443 3208 4499 Vides
3233 4445 3498 4515 quomodo
3526 4461 3628 4498 non
3659 4459 3748 4498 so-

2181 4538 2286 4592 lum
2316 4551 2420 4590 non
2459 4533 2713 4605 gravatim
2744 4533 2893 4600 tulit,
2928 4549 3096 4603 neque
3130 4533 3277 4586 triste
3303 4533 3498 4602 aliquid
3539 4534 3750 4600 loquuta

2180 4636 2264 4683 est
2291 4627 2416 4696 (non
2443 4627 2586 4681 enim
2611 4626 3035 4694 prmtcrntisissct
3061 4621 3238 4677 divina
3263 4623 3560 4690 Scriptura,
3589 4623 3754 4690 siqui-

2181 4719 2300 4776 dem
2331 4719 2432 4772 tale
2461 4717 2709 4786 quiddam
2740 4715 2807 4768 ab
2845 4716 2930 4767 illa
2961 4715 3157 4767 dictum
3189 4713 3421 4782 fuisset),
3453 4729 3630 4766 verum
3653 4729 3742 4782 ge-

2180 4823 2370 4864 nerose
2414 4809 2587 4861 ferens
2632 4805 2770 4873 quod
2823 4804 3117 4864 acciderat,
3166 4801 3532 4855 consolatione
3573 4803 3749 4857 statim

2177 4903 2421 4970 dignatur
2442 4940 2457 4964 ,
2486 4907 2540 4952 et
2582 4896 2781 4964 majora
2829 4895 2959 4964 grati
3003 4894 3163 4948 animi
3210 4895 3300 4946 dat
3327 4893 3471 4962 signa
3492 4932 3509 4959 ,
3543 4893 3748 4946 Domini

2179 4994 2488 5048 beneficium
2519 4990 2850 5062 praedicans?
2883 4989 3011 5042 Vide
3040 4992 3178 5042 enim
3204 5003 3358 5058 quam
3393 4986 3614 5055 benigne
3647 4985 3748 5038 Do-

2177 5085 2350 5139 minus
2389 5100 2505 5153 qure
2545 5097 2759 5137 suarum
2805 5091 2924 5135 sunt
2981 5079 3201 5148 partium
3247 5086 3581 5146 exsequatur.
3632 5075 3744 5130 Non

2177 5173 2334 5228 modo
2359 5173 2500 5227 enim
2523 5173 2680 5226 alium
2706 5171 2794 5224 dat
2825 5172 2894 5224 illi
2925 5171 3108 5233 lilium,
3138 5168 3230 5222 sed
3260 5176 3312 5222 et
3342 5169 3531 5220 virtute
3559 5165 3741 5234 prtedi-

2176 5273 2283 5318 tum
2309 5261 2424 5318 fore
2449 5271 2602 5316 antea
2625 5260 2898 5329 significat.
2931 5259 3111 5313 (ienuit
3137 5258 3276 5311 enim
3299 5297 3313 5321 ,
3342 5256 3542 5324 inquit,
3567 5271 3746 5308 secun-

2175 5354 2294 5406 dum
2315 5353 2529 5423 speciem
2554 5367 2715 5415 suam,
2745 5361 2789 5402 et
2813 5349 3089 5403 secundum
3115 5347 3381 5414 imaginem
3406 5361 3571 5397 suam.
3601 5344 3667 5398 Et
3691 5353 3745 5398 ut

2173 5443 2350 5496 statim
2371 5442 2634 5495 discamus
2661 5439 2764 5491 nati
2785 5439 3054 5500 virtutem,
3082 5436 3200 5493 vide
3224 5435 3342 5505 quia
3364 5443 3416 5487 et
3442 5434 3552 5501 ipse
3569 5434 3743 5486 statim

2178 5551 2270 5608 per
2293 5531 2695 5604 appellationem
2727 5529 2816 5581 lilii
2841 5528 2920 5581 sui
2949 5540 3056 5580 suae
3087 5527 3276 5580 mentis
3301 5525 3546 5594 picta-tem
3568 5530 3736 5577 esten.
