4122 6204
1746 170 1811 186 ﬂ“

292 266 392 326 I79

289 381 659 454 προσηγορίας
692 379 788 435 τοῦ
819 382 911 434 ὑπ’
950 380 1116 434 αὐτοῦ
1145 382 1424 453 τεχθέντος
1450 386 1737 441 δεικνύντα
1778 391 1839 443 τὸ
1872 409 1959 461 φι-

287 467 471 522 λόθεον
500 468 663 521 αὑτοῦ
686 469 785 539 τῆς
816 466 1061 539 γνώμης.
1092 470 1198 523 Kal
1227 470 1307 534 τῷ
1341 474 1383 524 Σ
1390 471 1479 539 ho.
1515 475 1697 544 φησιν,
1724 476 1962 544 ἐγένετο

286 556 439 621 υίὸς,
479 556 575 609 καὶ
608 556 966 623 ἐπωνόμασε
1001 555 1064 607 τὸ
1098 555 1284 623 ὄνομα
1314 559 1500 612 αὑτοῦ
1540 560 1739 626 Ἐνώς.
1775 559 1963 630 Οὗτος

286 641 554 710 ἤλπισεν
604 642 1021 695 ἐπικαλεῖσθαι
1064 643 1128 695 τὸ
1176 642 1362 712 ὄνομα
1393 645 1612 712 Κυρίου
1648 648 1755 701 τοῦ
1790 649 1957 705 Θεοῦ.

287 723 440 791 Εἶδες
470 728 844 800 προσηγορίαν
865 728 1194 798 διαδήματος
1215 729 1619 802 λαμπροτέραν,
1647 734 1961 804 ἀλουργίδσς

285 814 680 886 φαιδροτέραν;
722 814 788 866 Τί
818 814 926 884 γὰρ
957 813 1024 867 ἂν
1054 815 1138 884 εἴη
1168 816 1632 888 μακαριστότερον
1663 819 1757 871 τοῦ
1786 821 1958 873 τοιού-

283 917 378 954 του
419 901 514 954 τοῦ
559 904 625 972 τῇ
671 901 957 971 ἐπικλήσει
1000 900 1094 953 τοῦ
1135 900 1271 954 Θεοῦ
1322 903 1828 977 καλλωπιζομένου,
1863 909 1957 962 καὶ

284 989 443 1041 τοῦτο
471 989 591 1042 ἀντὶ
614 988 877 1057 ὀνόματος
909 1004 1078 1058 κεκτη
1087 988 1286 1056 μένους

367 1077 530 1148 Ὁρᾷς
568 1077 707 1142 πῶς,
730 1077 867 1139 ὅπερ
898 1076 960 1140 ἐξ
993 1076 1167 1147 ἀρχῆς
1200 1076 1404 1145 ἔλεγον,
1436 1078 1530 1131 καὶ
1560 1080 1616 1133 ἐν
1649 1081 1837 1145 αὐταῖς
1865 1082 1955 1151 ψι-

284 1160 404 1224 λαῖς
440 1164 560 1226 ταῖς
585 1162 979 1232 προσηγορίαις
1005 1162 1173 1223 πολὺς
1193 1164 1544 1218 ἐναπόκειται
1575 1166 1803 1232 πλοῦτος
1830 1186 1953 1240 νοη-

287 1247 471 1317 μάτων
497 1264 511 1313 ;
544 1248 618 1301 Οὐ
656 1248 814 1317 μόνον
834 1247 943 1318 γὰρ
965 1246 1074 1299 τῶν
1097 1248 1302 1316 γονέων
1326 1249 1575 1303 ἐντεῦθεν
1601 1250 1870 1306 δείκνυται
1893 1254 1953 1307 τὸ

284 1330 547 1401 φιλόθεοψ
570 1331 704 1386 ἀλλά
725 1334 820 1386 καὶ
842 1334 876 1403 ἡ
908 1332 1076 1404 πολλὴ
1100 1335 1231 1405 περὶ
1259 1335 1385 1397 τοὺς
1408 1336 1603 1399 παῖδας
1626 1338 1804 1390 αὐτῶν
1834 1340 1952 1392 ἐπι-

285 1417 506 1488 μέλεια·
546 1420 641 1472 καὶ
688 1419 836 1482 ὅπως
868 1418 1073 1473 ἄνωθεν
1107 1421 1201 1474 καὶ
1246 1421 1305 1488 ἐξ
1350 1423 1524 1493 ἀρχῆς
1560 1424 1843 1479 ἐπαίδευον
1881 1427 1949 1481 τά

280 1505 576 1575 τικτόμενα
608 1505 795 1558 παιδία
822 1504 911 1558 διά
938 1506 1037 1575 τῆς
1071 1508 1465 1579 προσηγορίας,
1505 1509 1571 1580 ἥν
1607 1510 1791 1573 αὐτοῖς
1816 1513 1946 1565 ἐπε-

279 1590 517 1655 τίθεσαν,
554 1590 654 1660 τῆς
683 1590 885 1662 ἀρετῆς
907 1591 1228 1662 ἀντέχεσθαι
1251 1633 1266 1657 ,
1292 1593 1385 1646 καὶ
1418 1592 1479 1646 ού
1503 1594 1751 1667 καθάπερ
1776 1599 1826 1649 οί
1854 1597 1947 1651 νῦν

280 1676 464 1740 ἁπλῶς
494 1677 585 1730 καὶ
614 1675 690 1739 ώς
718 1675 876 1745 ἔτυχε
898 1676 996 1740 τάς
1030 1678 1401 1749 προσηγορίας
1429 1678 1725 1735 ποιοῦνται.
1762 1682 1855 1745 Εἰς
1886 1684 1948 1735 τὸ

277 1761 467 1833 ὄνομα,
497 1763 649 1834 φησι,
672 1761 764 1816 τοῦ
798 1762 1049 1828 πάππου,
1085 1765 1178 1817 καὶ
1206 1765 1302 1817 τοῦ
1333 1766 1651 1819 ἐπιπάππου
1682 1767 1947 1822 καλείσθω

277 1849 339 1903 τὸ
379 1851 623 1904 παιδίονο
668 1849 784 1904 ἀλλ’
826 1852 875 1903 οἱ
920 1851 1146 1905 παλαιοὶ
1187 1854 1288 1923 οὐχ
1331 1852 1541 1921 οὕτως,
1591 1854 1728 1908 ἀλλά
1765 1858 1945 1912 πᾶσαν

279 1938 511 2008 σπουδὴν
540 1936 815 1990 ἐποιοῦντο
843 1937 1093 2001 τοιαύτας
1118 1941 1491 2010 προσηγορίας
1512 1942 1813 1996 ἐπιτιθέναι
1831 1947 1945 2008 τοῖς

276 2023 636 2093 τικτομένοις,
671 2024 727 2075 αἳ
761 2022 838 2093 μὴ
876 2023 1033 2092 μόνον
1068 2025 1266 2088 αὐτοὺς
1292 2026 1420 2089 τοὺς
1447 2026 1547 2097 τὴν
1570 2029 1943 2099 προσηγορίαν

275 2113 596 2183 δεχομένους
634 2114 711 2174 εἰς
757 2111 957 2181 ἀρετὴν
1003 2113 1218 2182 ἐνῆγον,
1276 2113 1413 2167 ἀλλά
1460 2114 1555 2168 καὶ
1604 2118 1717 2179 τοῖς
1762 2117 1943 2182 ἄλλοις

276 2198 449 2252 ἅπασι
474 2198 568 2250 καὶ
607 2199 728 2260 ταῖς
769 2198 906 2267 μετά
934 2197 1111 2251 ταῦτα
1132 2202 1347 2267 γενεαῖς
1374 2200 1690 2256 διδασκαλία
1730 2202 1942 2273 φιλοσοα

278 2286 406 2355 φίας
438 2284 654 2354 ἀπάσης
675 2281 930 2350 ἐγίνοντο.
956 2284 1068 2337 Καὶ
1093 2278 1530 2357 τοῦτοέἰσόμεθα
1566 2289 1706 2342 κατά
1747 2290 1940 2362 μικρὸν

276 2370 558 2441 προϊόντος
580 2367 674 2421 τοῦ
697 2368 879 2436 λόγου.
908 2371 998 2440 Μὴ
1039 2370 1220 2423 τοίνυν
1250 2372 1386 2443 μηδὲ
1414 2376 1579 2444 ἡμεῖς
1608 2374 1710 2439 τὰς
1746 2376 1940 2446 τυχού-

274 2474 375 2520 σας
422 2455 797 2528 προσηγορίας
846 2456 1185 2528 ἐπιτιθῶμεν
1212 2470 1237 2499 α
1265 2462 1377 2522 τοῖς
1415 2462 1622 2527 παισὶν,
1672 2462 1804 2533 μηδὲ
1834 2462 1938 2518 τῶν

270 2545 534 2609 πάππων,
563 2544 656 2596 καὶ
683 2543 793 2596 τῶν
817 2544 1176 2609 ἐπιπάππων,
1217 2546 1312 2599 καὶ
1333 2547 1441 2600 τῶν
1476 2548 1610 2621 πρὸς
1642 2549 1795 2617 γένος
1830 2550 1940 2602 δια-

269 2630 544 2701 φερόντων
579 2630 678 2693 τὰς
704 2630 997 2700 ὀνομασίας
1057 2632 1238 2696 αὐτοῖς
1271 2632 1644 2705 χαριζώμεθα,
1671 2636 1804 2689 ἀλλά
1831 2636 1937 2691 τῶν

267 2717 441 2785 ἁγίων
487 2715 696 2787 ἀνδρῶν
727 2716 835 2769 τῶν
881 2718 1048 2789 ἀρετῇ
1091 2718 1531 2789 διαλαμψάντων,
1581 2722 1688 2775 τῶν
1736 2722 1937 2793 πολλὴν

269 2801 582 2875 παρρησίαν
626 2801 762 2874 πρὸς
791 2803 882 2856 τὸν
923 2803 1056 2857 Θεὸν
1084 2793 1423 2874 ἐσχηκότων·
1468 2807 1667 2877 μᾶλλον
1712 2808 1768 2862 δὲ
1800 2807 1937 2880 μηδὲ

268 2893 388 2953 ταῖς
418 2888 621 2943 τούτων
661 2890 1052 2961 προσηγορίαις
1082 2891 1267 2953 ἁπλῶς
1295 2891 1668 2963 θαρρείτωσαν
1713 2895 1855 2967 μήτε
1884 2896 1936 2950 οί

267 2979 471 3045 γονεῖς,
506 2976 642 3045 μήτε
681 2976 732 3027 οί
765 2975 953 3037 παῖδες
973 3015 989 3040 ,
1021 2978 1069 3028 οί
1104 2976 1203 3039 τὰς
1236 2980 1609 3051 προσηγορίας
1634 2981 1932 3053 δεχόμενοι.

267 3066 405 3119 Οὐδὲ
448 3065 557 3136 γὰρ
587 3065 796 3136 όνίνησί
845 3083 897 3118 τι
931 3067 1272 3139 προσηγορία
1306 3070 1507 3141 ἀρετῆς
1541 3071 1747 3143 ἕρημος
1774 3070 1927 3141 οῦσα,

267 3152 402 3208 ἀλλά
445 3152 527 3206 δεῖ
553 3153 611 3204 ἐν
638 3155 705 3223 τῇ
736 3151 1068 3223 κατορθώσει
1104 3155 1203 3226 τῆς
1233 3156 1431 3225 ἀρετῆς
1462 3156 1559 3222 τάς
1593 3159 1814 3225 ἐλπίδας
1834 3163 1933 3233 τῆς

269 3238 539 3309 σωτηρίας
560 3239 725 3310 ἔχειν,
755 3239 848 3293 καὶ
877 3240 1016 3310 μήτε
1053 3240 1147 3292 ἐπὶ
1175 3243 1517 3315 προσηγορίᾳ
1542 3246 1685 3315 μέγα
1716 3252 1932 3319 φρονεῖν

268 3326 407 3396 μήτε
430 3326 518 3377 ἐπὶ
542 3325 831 3397 συγγενείᾳ
841 3325 950 3378 τῶν
964 3327 1135 3393 ἁγίων
1151 3328 1380 3399 ἀνδρῶν,
1405 3331 1540 3401 μήτε
1564 3334 1649 3387 ἐπ’
1665 3335 1810 3405 ἄλλῳ
1827 3354 1930 3409 μη-

264 3409 373 3465 δενὶ
390 3410 505 3464 ἀλλ’
524 3411 616 3463 ἐπὶ
631 3414 698 3481 τῇ
711 3411 819 3465 τῶν
842 3412 1060 3465 οἰκείων
1084 3412 1261 3483 ἔργων
1284 3418 1566 3489 παρρησία
1581 3435 1595 3449 ·
1621 3419 1772 3493 [186
1790 3423 1928 3492 pax-

263 3494 355 3551 λον
374 3497 431 3550 δὲ
465 3496 599 3568 μηδέ
618 3497 711 3549 ἐπὶ
729 3497 903 3571 ταύτῃ
926 3497 1068 3567 μέγα
1087 3504 1324 3569 φρονεῖν,
1342 3502 1476 3556 ἀλλά
1488 3504 1608 3557 τότε
1625 3507 1823 3574 μᾶλλον
1840 3527 1932 3564 κα-

263 3582 553 3637 τεστάλθαι
679 3585 1009 3654 μετριάζειν,
1027 3586 1155 3639 ὅταν
1168 3586 1335 3640 πολὺν
1346 3589 1438 3642 τὸν
1458 3590 1684 3645 πλοῦτον
1697 3595 1792 3665 τῆς
1808 3595 1931 3667 ἀρε-

263 3668 363 3738 τῆς
376 3660 697 3736 συναγαγεῖν
712 3667 1046 3740 δυνηθῶμενο
1057 3670 1200 3726 οὕτω
1214 3672 1322 3744 γὰρ
1339 3674 1432 3727 καὶ
1444 3676 1598 3729 αὐτοὶ
1609 3660 1931 3750 μετάνάσφα-

265 3753 413 3817 λείας
438 3753 530 3807 τὸν
553 3753 878 3822 συλλεγέντα
906 3755 1134 3811 πλοῦτον
1167 3760 1490 3831 συνάξομεν,
1520 3765 1613 3817 καὶ
1650 3766 1749 3837 τὴν
1780 3770 1930 3841 παρά

263 3838 358 3894 τοῦ
406 3838 542 3892 Θεοῦ
564 3838 779 3894 εὔνοιαν
808 3842 1222 3915 ἐπισπασόμεθα
1255 3848 1306 3904 δ.
1331 3848 1428 3903 Διά
1459 3850 1567 3922 γάρ
1594 3853 1752 3907 τοῦτο
1780 3838 1874 3909 καί
1900 3859 1929 3911 ό

264 3924 505 3996 Χριστὸς
533 3923 687 3996 ἔλεγε
710 3929 823 3992 τοῖς
853 3929 1139 4001 μαθηταῖς,
1173 3932 1360 3987 Ὀταν
1383 3935 1580 3990 πάντα
1604 3939 1890 4006 ποιήσετε
1909 3982 1925 4005 ,

260 4010 505 4080 λέγετε,
549 4011 637 4066 ὅτι
673 4013 900 4083 ἀχρεῖοι
937 4015 1149 4072 δοῦλοί
1182 4019 1370 4089 ἐσμεν
1396 4038 1409 4050 ·
1442 4023 1717 4094 πανταχοῦ
1762 4043 1926 4080 κατα-

261 4096 498 4152 στέλλων
522 4099 700 4153 αὐτῶν
731 4101 796 4155 τά
836 4104 1177 4173 φρονήματα,
1214 4107 1305 4160 καὶ
1343 4108 1545 4162 πείθων
1573 4111 1673 4179 μὲν
1708 4128 1927 4185 μετριο-

259 4188 503 4257 φρονεῖν.
552 4185 646 4240 καὶ
698 4187 775 4259 μὴ
819 4188 1138 4259 ἐπαίρεσθαι
1184 4192 1275 4245 ἐπὶ
1326 4192 1765 4264 κατορθώμασιν,
1809 4196 1927 4250 ἀλλ’

260 4273 460 4329 εἰδέναι
497 4272 573 4337 ὡς
611 4273 647 4344 ἡ
679 4274 908 4345 μεγίστη
940 4275 1110 4347 ἀρετὴ
1140 4277 1279 4348 αῦτη
1306 4279 1541 4348 μάλιστα
1574 4280 1790 4334 πάντων
1811 4283 1927 4337 ἐστὶ

262 4358 323 4413 τὸ
348 4361 404 4412 ἐν
432 4359 861 4430 κατορθώμασιν
888 4360 1018 4415 δντα
1050 4363 1170 4415 τινὰ
1196 4364 1531 4434 μετριάζειν.

334 4443 395 4497 δ’.
419 4430 561 4497 ’Ἀλλ’
574 4446 667 4498 ἐπὶ
690 4446 788 4516 τὴν
807 4447 1131 4501 ἀκολουθίαν
1148 4430 1315 4503 πάλιν
1331 4452 1712 4523 ἐπανέλθωμεν
1727 4454 1820 4509 τοῦ
1841 4455 1926 4509 λό-

267 4542 384 4594 γου,
429 4530 521 4582 καὶ
557 4530 755 4602 ἴδωμεν
790 4532 919 4595 τοὺς
957 4532 1084 4605 ἑξῆς
1111 4535 1423 4605 τεχθέντας.
1456 4539 1616 4603 Εἰκὸς
1639 4540 1749 4613 γάρ
1786 4544 1925 4597 κατά

266 4615 458 4685 μικρὸν
493 4617 779 4688 προϊόντας
813 4618 1035 4689 μείζονα
1062 4620 1337 4693 θησαυρὸν
1379 4625 1585 4695 εὑρεῖν,
1626 4628 1721 4681 καὶ
1758 4630 1924 4683 πολὺν

261 4700 356 4752 καὶ
391 4700 596 4770 ἄφατον
638 4704 886 4759 πλοῦτον.
917 4706 1027 4760 Kal
1058 4707 1253 4774 ἔζησε,
1288 4712 1474 4781 φησὶν,
1520 4713 1720 4781 Ἐνώς,
1748 4711 1925 4782 οὗτος

258 4787 292 4839 ὁ
315 4786 421 4840 τοῦ
442 4791 487 4841 Σ
496 4791 565 4855 ὴθ
583 4791 731 4857 υίὸς,
752 4792 856 4859 ἐτη
878 4792 1091 4846 ἑκατὸν
1103 4794 1485 4861 ἐνενήκοντα,
1508 4800 1605 4853 καὶ
1630 4801 1924 4870 ἐγέννησε

260 4870 370 4923 τὸν
415 4873 661 4938 Καϊνᾱν,
710 4876 809 4930 καί
859 4876 1086 4933 Κατνᾶν
1107 4878 1397 4949 ἐγέννησε
1428 4882 1535 4937 τὸν
1580 4883 1920 4952 manem.

258 4956 355 5009 καὶ
380 4960 699 5028 Μαλελεὴλ
725 4962 1016 5031 ἐγέννησε
1038 4964 1146 5017 τὸν
1189 4964 1403 5035 Ἰαρὲδ,
1432 4967 1529 5021 καί
1566 4969 1745 5037 ἰαρὲδ
1759 4969 1924 5039 ἐγέν-

256 5058 409 5109 νησε
442 5043 545 5098 τίν
578 5047 776 5117 Ἑνώχ.
810 5049 918 5103 Kal
944 5050 1157 5118 ἔζησεν
1198 5051 1384 5121 Ἑνὼχ
1408 5053 1515 5121 ἐτη
1543 5054 1761 5108 ἑκατὸν
1786 5054 1924 5121 ἐξή-

255 5144 439 5183 κοντα
471 5131 669 5196 πέντε,
696 5135 794 5188 καί
825 5134 1116 5204 ἐγέννησε
1130 5139 1238 5191 τόν
1273 5137 1662 5193 Μαθουσάλα.
1696 5139 1922 5208 Εὐηρέ-

253 5232 449 5285 στησε
472 5219 541 5272 δέ
566 5259 582 5284 ,
629 5223 782 5291 φησὶ,
825 5223 906 5289 τῷ
947 5224 1070 5291 Θεῷ
1108 5226 1319 5296 Ἑνὼχ,
1350 5227 1448 5281 καί
1480 5226 1694 5295 ἔζησεν
1734 5230 1921 5299 Ἑνὼχ

250 5303 400 5373 μετὰ
432 5305 499 5358 τὸ
522 5306 814 5376 γεννῆσαι
850 5311 1038 5365 αὐτὸν
1070 5312 1177 5367 τὸν
1208 5311 1580 5368 Μαθουσάλα
1604 5314 1709 5382 ἐτη
1733 5314 1925 5370 διακό-

252 5405 379 5455 σια,
426 5392 523 5445 καί
570 5393 901 5463 ἐγέννησεν
928 5398 1097 5466 υίοὺς
1125 5401 1223 5454 καί
1274 5398 1600 5469 θυγατέρας
1622 5440 1637 5462 .
1672 5401 1769 5455 καί
1800 5401 1923 5470 ἐγέ-

253 5491 433 5530 νοντο
445 5480 505 5533 al
526 5479 737 5550 ἡμέραι
767 5481 950 5553 Ἑνὼχ
962 5483 1067 5551 ἐτη
1091 5487 1395 5553 τριακόσια
1408 5484 1705 5552 ἐξήκοντα
1722 5485 1920 5542 πέντε.

253 5563 361 5616 Κ(ιί
387 5566 802 5636 εὐηρέστησεν
842 5570 1023 5639 Ἑνὼχ
1054 5569 1133 5636 τῷ
1160 5570 1302 5636 Θεῷ,
1335 5575 1431 5627 καὶ
1457 5575 1568 5642 οὐχ
1589 5573 1922 5643 εὑρίσκετο,

250 5647 398 5702 διίτι
427 5653 754 5723 μετέθηκεν
784 5657 974 5711 αὺτὸν
1008 5662 1042 5711 ό
1077 5660 1240 5725 Θεός.
1279 5662 1349 5711 Ονῖι
1385 5662 1561 5726 καλῶς
1594 5661 1798 5731 ἔλεγον,
1837 5665 1916 5719 δτι

319 5746 345 5815 ξ
371 5750 573 5815 ἣςμιθηι
600 5767 714 5801 mss.
744 5757 1024 5815 ἐπιτίθέμεν,
1052 5759 1196 5804 mak'.

320 5802 345 5842 ι’
380 5802 476 5859 Alli
526 5802 861 5876 σννάξωμεν...
905 5802 1293 5878 ἐπισπασώμιθα.

1260 244 1263 249 ’
1334 267 1398 326 IN
1440 272 1590 329 cm
1635 276 1673 330 v
1712 272 1802 330 ET
1838 272 1923 330 v1.
1980 273 2222 328 amns.
2271 273 2500 332 uomL.
2546 277 2684 336 xxx.

3630 299 3728 355 180

2073 396 2355 465 προϊόντες
2388 398 2554 453 πολὺν
2588 402 2680 453 καὶ
2717 402 2922 472 ἄφατον
2967 405 3270 477 εὑρήσομεν
3298 409 3523 465 πλοῦτον
3560 429 3730 465 πνευο

2071 494 2300 562 ματικὸν
2329 497 2385 548 ἐν
2406 497 2615 561 τούτοις
2644 500 2935 570 όνόμασινς
2984 505 3182 559 Ἑννόει
3212 510 3319 578 γάρ
3351 528 3439 580 μοι
3474 512 3721 572 ἐνταῦθα.

2067 590 2318 659 ἀγαπητὲ
2342 631 2355 655 ,
2390 596 2485 646 καλ¹
2519 598 2612 648 τοῦ
2645 598 2853 651 δικαίου
2898 602 2996 672 τὴν
3032 605 3252 675 ἀρετὴν,
3282 609 3375 660 καὶ
3399 608 3493 660 τοῦ
3519 610 3726 677 ἀγαθοῦ

2066 683 2199 737 Θεοῦ
2237 687 2336 758 τὴν
2370 690 2810 761 ὑπερϐάλλουσαν
2837 695 3267 769 φιλανθρωπίαν,
3305 703 3399 755 καὶ
3447 704 3545 774 τῆς
3574 703 3725 768 θείας

2066 777 2105 828 Γ
2109 780 2286 851 ραφῆς
2309 783 2405 853 τὴν
2436 785 2738 857 ἀκρίϐειαν.
2766 791 3001 859 Ἐζησε.
3032 795 3217 863 φησὶν,
3257 796 3442 864 Ἑνὼχ
3471 798 3573 865 ἐτη
3599 799 3726 852 ἐκα-

2064 875 2171 930 τὸν
2196 878 2491 944 ἐξήκοντα
2524 885 2724 949 πέντε.
2754 889 2850 942 καί
2876 891 3169 960 ἐγέννησε
3204 893 3312 947 τὸν
3330 897 3720 960 Μαθουσὰλη,

2064 973 2162 1026 καί
2186 976 2575 1048 εὐηρέστησε,
2607 984 2790 1054 φησὶν,
2834 986 3015 1054 Ἑνὼχ
3052 986 3132 1052 τῷ
3174 986 3295 1054 Θεῷ
3321 995 3471 1058 μετά
3510 994 3573 1045 τὸ
3602 1010 3725 1062 γεν-

2060 1067 2246 1132 νῆσαι
2267 1072 2453 1127 αὑτὸν
2471 1075 2575 1129 τὸν
2604 1078 2994 1136 Μαθουσάλα,

2145 1162 2511 1223 Ἀκουέτωσαν
2536 1171 2631 1226 καὶ
2678 1173 2869 1245 ἄνδρες
2897 1176 2991 1229 καὶ
3023 1180 3301 1244 γυναῖκες,
3335 1178 3429 1231 καλ⁵
3475 1178 3722 1232 παιδευέ-

2063 1256 2276 1315 σθωσαν
2299 1264 2393 1316 τοῦ
2419 1265 2626 1318 δικαίου
2647 1268 2743 1338 τὴν
2766 1268 2985 1341 ἀρετὴν,
3014 1271 3107 1323 καὶ
3136 1270 3210 1342 μὴ
3237 1270 3603 1341 νομιζέτωσαν
3636 1273 3721 1325 τὸν

2058 1350 2234 1422 γάμον
2264 1354 2493 1426 κώλυμα
2514 1352 2654 1412 εἶναι
2685 1360 2821 1431 πρὸς
2844 1361 2941 1433 τὴν
2970 1362 3328 1433 εὐαρέστησιν
3349 1364 3447 1435 τὴν
3478 1364 3614 1435 πρὸς
3629 1365 3721 1417 τὸν

2057 1444 2207 1499 Θεόν.
2239 1450 2336 1503 Διά
2358 1451 2465 1522 γὰρ
2485 1453 2641 1506 τοῦτο
2668 1456 2760 1507 καὶ
2783 1456 2926 1523 ἅπαξ
2949 1459 3042 1510 καὶ
3070 1457 3318 1530 δεύτερον
3338 1459 3720 1531 ἐπεσημήνατο

2057 1541 2287 1612 λέγουσα
2322 1549 2355 1618 ἡ
2417 1548 2535 1602 θεία
2573 1550 2783 1621 Γραφὴ,
2816 1553 2897 1604 δτι
2935 1553 3191 1624 ἐγέννησε
3230 1554 3318 1608 τὸν
3366 1556 3715 1621 Μαθουσάλα,

2057 1639 2150 1691 καὶ
2176 1640 2297 1693 τότε
2321 1642 2674 1715 εύηρέστησε,
2703 1649 2797 1701 καὶ
2823 1648 2983 1701 πάλιν
3011 1650 3071 1703 τὸ
3097 1651 3227 1704 αὐτὸ
3260 1651 3606 1706 ἐδιπλασίασε
3631 1653 3717 1707 λέ-

2054 1748 2244 1800 γουσα,
2270 1737 2377 1790 Καὶ
2414 1738 2788 1809 εὐηρέστησε
2804 1742 2956 1810 μετὰ
2983 1744 3051 1797 τὸ
3084 1744 3373 1814 γεννῆσαι
3401 1749 3608 1812 αὑτὸν,
3631 1748 3720 1803 ἵνα

2057 1830 2131 1900 μή
2167 1847 2250 1894 τις
2281 1833 2476 1906 νομίσῃ
2500 1835 2886 1905 ἐμποδίζεσθαι
2920 1840 3053 1912 πρὸς
3090 1840 3188 1913 τὴν
3213 1844 3414 1915 ταύτης
3439 1846 3717 1916 κατόρθω-

2053 1938 2158 1976 σιν.
2190 1924 2313 1978 Ἐἀν
2337 1926 2443 1994 γὰρ
2464 1929 2745 2001 νήφωμεν,
2759 1931 2882 1986 οὔτε
2909 1934 3104 2006 γάμος,
3131 1937 3252 1992 οὔτε
3273 1941 3570 2013 ἀνατροφὴ,
3591 1942 3714 1996 οὔτε

2051 2017 2235 2089 ἕτερόν
2261 2037 2313 2072 τι
2342 2022 2631 2090 ἐμποδίσαι
2659 2027 2791 2096 ἡμῖν
2818 2028 3104 2100 δυνήσεται
3132 2035 3212 2097 εἰς
3232 2033 3331 2106 τὴν
3358 2037 3715 2109 εὐαρέστησιν

2048 2112 2148 2184 τὴν
2165 2115 2300 2185 πρὸς
2324 2116 2414 2169 τὸν
2435 2117 2589 2173 Θεόν.
2636 2120 2765 2174 Ἰδοὺ
2798 2122 2906 2193 γάρ
2932 2126 3025 2177 καὶ
3071 2119 3226 2192 οὗτος
3251 2130 3349 2200 τῆς
3384 2131 3555 2203 αὐτῆς
3584 2135 3715 2205 ἡμῖν

2051 2206 2265 2277 φύσεως
2296 2212 2598 2282 τυγχάνων,
2626 2216 2720 2269 καὶ
2756 2217 2881 2271 οὔτε
2911 2220 3074 2291 νόμου
3102 2221 3342 2289 δοθέντος
3368 2264 3383 2289 ,
3415 2225 3538 2280 οῦτε
3573 2229 3714 2299 Γρα-

2049 2302 2165 2373 φῶν
2195 2307 2462 2376 κειμένων
2493 2309 2602 2364 τῶν
2630 2311 3031 2380 διδασκουσῶν,
3067 2316 3190 2371 οὕτε
3233 2320 3417 2392 ἐτέρου
3446 2323 3590 2387 τινὸς
3631 2326 3713 2389 είς

2049 2400 2365 2470 φιλοσοφίαν
2390 2404 2691 2472 ἐνάγοντος,
2720 2407 2930 2463 οἴκοθεν
2961 2412 3054 2465 καὶ
3068 2413 3178 2468 ἀπὸ
3193 2418 3564 2489 προαιρέσεως
3585 2438 3710 2474 τοσ-

2048 2495 2219 2567 αύτην
2247 2496 2561 2563 ἐπεδείξατο
2587 2500 2686 2572 τὴν
2713 2504 3093 2576 εὐαρέστησιν,
3125 2509 3201 2572 ὼς
3231 2510 3391 2582 μέχρι
3413 2514 3512 2583 τῆς
3542 2518 3712 2586 σήμε-

2048 2608 2141 2661 ρον
2192 2591 2517 2665 διαρκέσαι,
2567 2596 2662 2650 καὶ
2697 2598 2925 2670 μηδέπω
2958 2604 3053 2655 καὶ
3097 2602 3194 2657 νῦν
3236 2609 3430 2677 πεῖραν
3477 2608 3709 2665 θανάτου

2045 2683 2249 2738 λαῦείν.
2285 2686 2351 2739 Εἰ
2406 2687 2515 2758 γὰρ
2546 2690 2575 2742 ὁ
2601 2689 2798 2760 γάμος,
2849 2691 3121 2765 ἀγαπητέ⁹
3166 2697 3260 2749 καὶ
3289 2698 3322 2767 ἡ
3355 2698 3711 2771 παιδοτροφία

2045 2776 2274 2849 κώλυμα
2303 2780 2502 2851 ἤμελλε
2523 2781 2766 2851 γίνεσθαι
2789 2784 2925 2856 πρὸς
2951 2788 3050 2859 τὴν
3077 2789 3174 2860 τῆς
3197 2790 3398 2863 ἀρετῆς
3433 2793 3571 2857 ὁδὸν,
3609 2796 3711 2850 οὐκ

2044 2875 2327 2946 εἰσήνεγκε
2366 2877 2542 2946 γάμον
2567 2879 2647 2942 είς
2672 2878 2766 2933 τὸν
2796 2879 2910 2950 βίον
2947 2882 3039 2935 τὸν
3088 2884 3355 2957 ἡμέτερον
3380 2889 3410 2940 ό
3442 2887 3549 2942 τῶν
3573 2889 3711 2943 ὅλων

2041 2969 2392 3043 δημιουργὸς,
2426 2972 2515 3027 ἴνα
2548 2972 2623 3044 μὴ
2655 2974 2712 3027 ἐν
2749 2978 2862 3040 τοῖς
2890 2976 3125 3048 καιρίοις
3169 2980 3265 3033 καὶ¹
3316 2982 3519 3053 σφόδρα
3546 2984 3711 3053 ἀναγ-

2043 3066 2348 3137 καιοτέροις
2373 3069 2519 3136 ἡμᾶς
2544 3068 2870 3140 λυμήνηται.
2912 3071 3051 3124 Ἀλλ’
3082 3073 3266 3146 ἐπειδὴ
3286 3076 3347 3129 ού
3373 3078 3530 3147 μόνον
3557 3080 3709 3135 οὐδὲν

2040 3156 2174 3227 ἡμῖν
2193 3160 2474 3230 ἐμποδίζει
2501 3162 2638 3233 πρὸς
2662 3164 2761 3233 τὴν
2788 3164 2929 3218 κατά
2947 3166 3080 3220 Θεὸν
3101 3167 3439 3240 φιλοσοφίαν,
3465 3172 3558 3226 ἐὰν
3582 3175 3708 3245 βου-

2041 3250 2260 3323 λώμεθα
2302 3255 2451 3329 [l87]
2482 3259 2691 3330 νήφειν,
2716 3258 2854 3312 ἀλλά
2882 3261 2976 3313 καὶ
3009 3262 3208 3333 πολλὴν
3231 3266 3360 3337 ἡμῖν
3377 3269 3585 3337 εἰσάγει
3611 3270 3709 3344 τὴν

2044 3352 2395 3424 παραμυθίαν
2451 3356 2785 3427 μαινομένην
2826 3358 2925 3428 τὴν
2980 3358 3139 3426 φύσιν
3180 3363 3612 3418 καταστέλλουσα
3654 3378 3703 3431 ο,

2040 3445 2135 3499 καὶ
2160 3446 2259 3500 οὐκ
2288 3448 2507 3517 ἀφιεῖσα
2536 3447 2793 3518 πελάγιον
2829 3448 3096 3517 σαλεύειν,
3158 3452 3294 3505 ἀλλά
3346 3454 3606 3526 διηνεκῶς
3647 3461 3707 3511 ἐν

2040 3541 2219 3611 λιμένι
2244 3541 2303 3595 τὸ
2328 3542 2532 3611 σκάφος
2549 3544 2725 3614 ὁρμᾷν
2754 3545 3271 3614 παρασκευάζουσα,
3301 3549 3390 3603 διὰ
3426 3551 3585 3605 τοῦτο
3608 3553 3705 3625 τὴν

2040 3635 2286 3690 ἐντεῦθεν
2314 3636 2664 3708 παραμυθίαν
2677 3639 2967 3710 ἐχαρίσατο
2983 3641 3062 3712 τῷ
3080 3641 3186 3696 τῶν
3207 3642 3509 3716 ἀνθρώπων
3535 3647 3702 3715 γένει.

2040 3730 2163 3785 Ὀτι
2194 3730 2302 3803 γὰρ
2354 3731 2532 3804 ἀληθῆ
2584 3732 2653 3787 τά
2688 3734 2818 3808 παρ’
2852 3736 3008 3807 ἡμῶν
3039 3737 3324 3809 λεγόμενα,
3376 3741 3647 3796 δείκνυσιν
3673 3748 3702 3799 ό

2037 3824 2241 3889 δίκαιος
2277 3818 2453 3890 οὗτος.
2479 3827 2635 3883 Μετὰ
2672 3828 2781 3901 γὰρ
2804 3829 2865 3883 τὸ
2889 3831 3166 3903 γεννῆσαι,
3193 3835 3348 3904 φησι,
3369 3836 3461 3889 τὸν
3482 3838 3702 3891 Μαθου-

2039 3919 2195 3985 σάλα,
2229 3921 2592 3994 εὐηρέστησεν
2637 3922 2807 3995 Ἑνὼχ
2849 3924 2925 3996 τῷ
2947 3926 3087 3997 Θεῷ,
3122 3928 3217 3980 καὶ
3247 3930 3309 3982 ού
3345 3930 3552 4002 βραχύν
3582 3950 3701 3986 τινα

2037 4013 2267 4086 ἀριθμὸν
2288 4018 2542 4089 διήρκεσε
2570 4018 2669 4090 τὴν
2694 4021 2896 4093 ἀρετὴν
2936 4022 3155 4092 μετιὼν,
3193 4024 3352 4089 ἀλλά,
3402 4028 3556 4098 φησὶ,
3587 4028 3701 4082 δια-

2036 4111 2194 4165 κόσια
2216 4112 2331 4182 ἐτη.
2363 4114 2474 4168 Καὶ
2503 4115 2688 4187 ἐπειδὴ
2724 4116 2861 4187 μετά
2888 4118 2988 4190 τὴν
3026 4118 3119 4172 τοῦ
3146 4122 3568 4191 πρωτοπλάστου
3591 4143 3698 4178 πα-

2036 4207 2267 4276 ράϐασιν
2297 4208 2497 4281 εὑρέθη
2522 4209 2808 4281 ἄνθρωπος
2840 4213 2975 4282 πρὸς
2996 4214 3166 4286 αὐτὴν
3194 4215 3292 4287 τὴν
3325 4220 3568 4291 κορυφὴν
3601 4222 3702 4291 τῆς

2034 4300 2238 4374 ἀρετῆς
2274 4304 2459 4369 ἀνιὼν,
2490 4306 2582 4361 καὶ
2611 4306 2709 4378 τὴν
2752 4306 2845 4362 τοῦ
2884 4310 3224 4383 προπάτορος
3268 4312 3542 4385 ἁμαρτίαν
3579 4316 3703 4372 ἀνα-

2036 4398 2366 4469 καλούμενος
2392 4401 2479 4455 διὰ
2506 4402 2605 4474 τῆς
2630 4402 2837 4468 οἰκείας
2867 4405 3300 4477 εὐαρεστήσεως,
3325 4410 3428 4481 δρα
3451 4413 3544 4465 τοῦ
3567 4412 3703 4481 ἀγα-

2035 4491 2129 4546 θοῦ
2145 4493 2279 4547 Θεοῦ
2299 4494 2396 4567 τὴν
2415 4497 2858 4566 ὑπερϐάλλουσαν
2878 4502 3308 4575 φιλανθρωπίαν.
3342 4506 3557 4579 Ἐπειδὴ
3576 4504 3701 4581 εὗρε

2032 4586 2329 4658 δυνηθέντα
2352 4590 2788 4649 ἀνακαλέσασθαι
2820 4594 2881 4647 τὸ
2902 4596 3208 4668 ἁμάρτημα
3227 4598 3320 4650 τοῦ
3364 4600 3553 4669 Ἀδὰμ,
3594 4601 3703 4655 δει-

2035 4686 2162 4747 κνὺς
2196 4685 2262 4738 δι’
2292 4687 2474 4741 αὐτῶν
2496 4688 2606 4741 τῶν
2634 4690 2993 4760 πραγμάτων,
3029 4694 3109 4745 ὄτι
3150 4694 3212 4746 οὐ
3244 4692 3565 4763 βουλόμενος
3610 4697 3701 4752 τὸν

2032 4779 2260 4833 θάνατον
2314 4782 2615 4851 ἐπαγαγεῖν
2656 4784 2736 4853 τῷ
2773 4785 2919 4853 γένει
2965 4785 3045 4856 τῷ
3068 4787 3320 4858 ἡμετέρῳ
3360 4788 3447 4840 διὰ
3476 4789 3576 4859 τὴν
3599 4791 3699 4861 τῆς

2032 4873 2254 4944 ἐντολῆς
2285 4876 2593 4945 παράϐασιν
2618 4876 2807 4931 τοῦτον
2839 4878 3156 4933 κατεδίκασε
3178 4920 3193 4944 ,
3228 4880 3320 4933 τὸν
3349 4881 3448 4951 τὴν
3480 4882 3697 4955 ἐντολὴν

2029 4966 2339 5039 δεξάμενον,
2371 4970 2560 5024 τοῦτον
2597 4972 2772 5037 ζῶντα
2810 4972 3118 5047 μεθίστησι.
3158 4977 3268 5030 Kal
3302 4977 3695 5047 εὺηρέστησε,

2031 5069 2215 5137 φησὶν,
2250 5066 2437 5138 Ἑνὼχ
2460 5068 2540 5136 τῷ
2571 5069 2712 5137 Θεῷ,
2741 5072 2839 5127 καί
2872 5074 2980 5143 οὐκ
3020 5075 3351 5142 εὑρίσκετο,
3386 5076 3532 5131 διότι
3561 5096 3699 5147 μετ-

2029 5162 2246 5230 έθηκεν
2277 5166 2463 5219 αῠτὸν
2490 5169 2524 5221 ό
2550 5168 2713 5235 Θεός.
2760 5168 2923 5242 Ὁρᾷς
2958 5170 3149 5239 σοφίαν
3194 5170 3497 5237 Δεσπότου;
3550 5173 3696 5227 Μετ-

2032 5258 2197 5328 έθηκε
2227 5257 2424 5327 ζῶντα,
2455 5263 2576 5335 οὐχὶ
2604 5263 2903 5319 ἀθανασίαν
2930 5264 3241 5337 ἐχαρίσατο,
3278 5265 3367 5320 ῖνα
3397 5266 3471 5339 μὴ
3498 5267 3700 5339 ἐκλύσῃ

2031 5354 2128 5410 τοῦ
2161 5355 2629 5431 πλημμελήματος
2661 5362 2753 5415 τὸν
2795 5361 2992 5432 φόϐον,
3042 5361 3158 5415 ἀλλ’
3182 5361 3393 5432 ἀφῆκεν
3431 5363 3699 5433 ἀκμάζειν

2029 5449 2108 5522 τῷ
2140 5450 2247 5504 τῶν
2273 5452 2575 5524 ἀνθρώπιον
2619 5457 2783 5525 γένει.
2811 5459 2910 5513 Διά
2930 5456 3088 5513 τοῦτο
3121 5457 3281 5512 πάλιν
3317 5456 3592 5529 ἀμυδρῶς.
3623 5458 3701 5522 ὡς

2031 5546 2227 5611 εἰπεῖν,
2277 5546 2371 5601 καὶ
2431 5549 2799 5616 λανθανόντως
2855 5551 3293 5609 ἀνακαλέσασθαι
3332 5551 3578 5623 βούλεται
3600 5552 3701 5623 τὴν

2098 5701 2270 5771 ξηῐίυρ
2311 5710 2361 5750 ιιι
2404 5703 2500 5750 duo
2553 5710 2811 5768 quucnlia
2854 5710 3105 5771 participia
3151 5707 3196 5756 in
3238 5710 3474 5760 feminino
3510 5720 3699 5771 ερον-το

2034 5762 2273 5873 ειίιξίιεηι
2303 5778 2475 5814 omnes
2508 5762 2652 5828 mss.)
2687 5771 2744 5818 avi
2780 5762 3089 5834 πσὶξοτροξὶα
3125 5783 3302 5832 ncmpc
3348 5762 3538 5823 ιςιιιαιιιῖι
3568 5768 3701 5817 τοτε·

2034 5837 2127 5873 mn
2151 5836 2227 5872 ur.
