  <div class='ocr_page' id='page_1' title='image "/cluster/home/n/w/nwhite01/storage/ocr_20150623/53/hvd.32044054086673/179.png"; bbox 0 0 4144 6200; ppageno 0'>
   <div class='ocr_carea' id='block_1_1' title="bbox 446 255 3101 319">
    <p class='ocr_par' dir='ltr' id='par_1_1' title="bbox 446 255 3101 319">
     <span class='ocr_line' id='line_1_1' title="bbox 446 255 3101 319; baseline 0.003 -9"><span class='ocrx_word' id='word_1_1' title='bbox 446 257 538 314; x_wconf 67' lang='grc'>181</span> <span class='ocrx_word' id='word_1_2' title='bbox 1250 256 1307 313; x_wconf 89' lang='lat' dir='ltr'>S.</span> <span class='ocrx_word' id='word_1_3' title='bbox 1347 256 1633 314; x_wconf 75' lang='lat' dir='ltr'>JOANNIS</span> <span class='ocrx_word' id='word_1_4' title='bbox 1672 255 2155 314; x_wconf 69' lang='lat' dir='ltr'>CHRYSOSTOMI</span> <span class='ocrx_word' id='word_1_5' title='bbox 2195 257 2517 315; x_wconf 80' lang='lat' dir='ltr'>ARCHIEP.</span> <span class='ocrx_word' id='word_1_6' title='bbox 2557 259 3101 319; x_wconf 71' lang='lat' dir='ltr'>CONSTANTINOP.</span> 
     </span>
    </p>
   </div>
   <div class='ocr_carea' id='block_1_2' title="bbox 443 367 2099 446">
    <p class='ocr_par' dir='ltr' id='par_1_2' title="bbox 443 367 2099 446">
     <span class='ocr_line' id='line_1_2' title="bbox 443 367 2099 446; baseline -0.002 -18"><span class='ocrx_word' id='word_1_7' title='bbox 443 375 739 446; x_wconf 76' lang='grc' dir='ltr'>ἀπόφασιν,</span> <span class='ocrx_word' id='word_1_8' title='bbox 764 371 830 442; x_wconf 73' lang='grc' dir='ltr'>ἢν</span> <span class='ocrx_word' id='word_1_9' title='bbox 859 368 1000 424; x_wconf 84' lang='grc' dir='ltr'>κατά</span> <span class='ocrx_word' id='word_1_10' title='bbox 1026 367 1121 423; x_wconf 84' lang='grc' dir='ltr'>τοῦ</span> <span class='ocrx_word' id='word_1_11' title='bbox 1162 370 1331 442; x_wconf 82' lang='grc' dir='ltr'>’Δδάμ</span> <span class='ocrx_word' id='word_1_12' title='bbox 1351 371 1630 443; x_wconf 77' lang='grc' dir='ltr'>ἐξήνεγκε.</span> <span class='ocrx_word' id='word_1_13' title='bbox 1679 371 1819 425; x_wconf 69' lang='grc' dir='ltr'>Ἀλλ’</span> <span class='ocrx_word' id='word_1_14' title='bbox 1863 372 1922 425; x_wconf 90' lang='grc' dir='ltr'>οὐ</span> <span class='ocrx_word' id='word_1_15' title='bbox 1955 375 2099 425; x_wconf 86' lang='grc' dir='ltr'>ποιεῖ</span> 
     </span>
    </p>
   </div>
   <div class='ocr_carea' id='block_1_3' title="bbox 441 455 2075 532">
    <p class='ocr_par' dir='ltr' id='par_1_3' title="bbox 441 455 2075 532">
     <span class='ocr_line' id='line_1_3' title="bbox 441 455 2075 532; baseline -0.006 -14"><span class='ocrx_word' id='word_1_16' title='bbox 441 463 573 518; x_wconf 82' lang='grc' dir='ltr'>αὐτὸ</span> <span class='ocrx_word' id='word_1_17' title='bbox 600 456 851 532; x_wconf 86' lang='grc' dir='ltr'>φανερὸν,</span> <span class='ocrx_word' id='word_1_18' title='bbox 885 457 973 510; x_wconf 83' lang='grc' dir='ltr'>ἶνα</span> <span class='ocrx_word' id='word_1_19' title='bbox 1016 456 1046 509; x_wconf 86' lang='grc' dir='ltr'>ό</span> <span class='ocrx_word' id='word_1_20' title='bbox 1076 455 1236 526; x_wconf 84' lang='grc' dir='ltr'>φόϐος</span> <span class='ocrx_word' id='word_1_21' title='bbox 1267 457 1389 511; x_wconf 79' lang='grc' dir='ltr'>ἀντὶ</span> <span class='ocrx_word' id='word_1_22' title='bbox 1428 458 1804 530; x_wconf 81' lang='grc' dir='ltr'>σωφρονισμοῦ</span> <span class='ocrx_word' id='word_1_23' title='bbox 1852 458 2075 527; x_wconf 84' lang='grc' dir='ltr'>γένηται</span> 
     </span>
    </p>
   </div>
   <div class='ocr_carea' id='block_1_4' title="bbox 441 542 2095 616">
    <p class='ocr_par' dir='ltr' id='par_1_4' title="bbox 441 542 2095 616">
     <span class='ocr_line' id='line_1_4' title="bbox 441 542 2095 616; baseline -0.005 -14"><span class='ocrx_word' id='word_1_24' title='bbox 441 548 537 602; x_wconf 87' lang='grc' dir='ltr'>Διά</span> <span class='ocrx_word' id='word_1_25' title='bbox 581 546 739 599; x_wconf 88' lang='grc' dir='ltr'>τοῦτο</span> <span class='ocrx_word' id='word_1_26' title='bbox 766 543 1208 615; x_wconf 86' lang='grc' dir='ltr'>εὐαρεστήσαντα</span> <span class='ocrx_word' id='word_1_27' title='bbox 1255 543 1344 597; x_wconf 85' lang='grc' dir='ltr'>τὸν</span> <span class='ocrx_word' id='word_1_28' title='bbox 1382 544 1550 614; x_wconf 84' lang='grc' dir='ltr'>Ἑνὼχ</span> <span class='ocrx_word' id='word_1_29' title='bbox 1581 545 1895 616; x_wconf 80' lang='grc' dir='ltr'>μετέθηκεν.</span> <span class='ocrx_word' id='word_1_30' title='bbox 1948 545 2009 596; x_wconf 76' lang='grc' dir='ltr'><strong>Εἰ</strong></span> <span class='ocrx_word' id='word_1_31' title='bbox 2040 542 2095 595; x_wconf 85' lang='grc' dir='ltr'>δέ</span> 
     </span>
    </p>
   </div>
   <div class='ocr_carea' id='block_1_5' title="bbox 437 628 2094 702">
    <p class='ocr_par' dir='ltr' id='par_1_5' title="bbox 437 628 2094 702">
     <span class='ocr_line' id='line_1_5' title="bbox 437 628 2094 702; baseline -0.003 -15"><span class='ocrx_word' id='word_1_32' title='bbox 437 650 520 697; x_wconf 86' lang='grc' dir='ltr'>τις</span> <span class='ocrx_word' id='word_1_33' title='bbox 552 630 790 702; x_wconf 85' lang='grc' dir='ltr'>βούλοιτο</span> <span class='ocrx_word' id='word_1_34' title='bbox 815 628 1295 700; x_wconf 76' lang='grc' dir='ltr'>περιεργάζεσθαι,</span> <span class='ocrx_word' id='word_1_35' title='bbox 1325 630 1419 683; x_wconf 74' lang='grc' dir='ltr'>καὶ</span> <span class='ocrx_word' id='word_1_36' title='bbox 1446 630 1651 699; x_wconf 89' lang='grc' dir='ltr'>λέγειν,</span> <span class='ocrx_word' id='word_1_37' title='bbox 1689 633 1780 684; x_wconf 71' lang='grc' dir='ltr'>καὶ</span> <span class='ocrx_word' id='word_1_38' title='bbox 1807 629 1908 684; x_wconf 89' lang='grc' dir='ltr'>ποῦ</span> <span class='ocrx_word' id='word_1_39' title='bbox 1932 630 2094 683; x_wconf 84' lang='grc' dir='ltr'>αὐτὸν</span> 
     </span>
    </p>
   </div>
   <div class='ocr_carea' id='block_1_6' title="bbox 438 716 2094 789">
    <p class='ocr_par' dir='ltr' id='par_1_6' title="bbox 438 716 2094 789">
     <span class='ocr_line' id='line_1_6' title="bbox 438 716 2094 789; baseline -0.001 -18"><span class='ocrx_word' id='word_1_40' title='bbox 438 717 738 789; x_wconf 85' lang='grc' dir='ltr'>μετέθηκε;</span> <span class='ocrx_word' id='word_1_41' title='bbox 773 717 866 770; x_wconf 75' lang='grc' dir='ltr'>καὶ</span> <span class='ocrx_word' id='word_1_42' title='bbox 892 717 942 768; x_wconf 90' lang='grc' dir='ltr'>εί</span> <span class='ocrx_word' id='word_1_43' title='bbox 966 716 1127 787; x_wconf 80' lang='grc' dir='ltr'>μέχρι</span> <span class='ocrx_word' id='word_1_44' title='bbox 1157 716 1251 769; x_wconf 90' lang='grc' dir='ltr'>τοῦ</span> <span class='ocrx_word' id='word_1_45' title='bbox 1286 717 1549 787; x_wconf 84' lang='grc' dir='ltr'>παρόντος</span> <span class='ocrx_word' id='word_1_46' title='bbox 1572 717 1854 789; x_wconf 89' lang='grc' dir='ltr'>διήρκεσε;</span> <span class='ocrx_word' id='word_1_47' title='bbox 1888 716 2094 789; x_wconf 85' lang='grc' dir='ltr'>μανθα-</span> 
     </span>
    </p>
   </div>
   <div class='ocr_carea' id='block_1_7' title="bbox 436 803 2093 875">
    <p class='ocr_par' dir='ltr' id='par_1_7' title="bbox 436 803 2093 875">
     <span class='ocr_line' id='line_1_7' title="bbox 436 803 2093 875; baseline 0 -17"><span class='ocrx_word' id='word_1_48' title='bbox 436 804 572 859; x_wconf 82' lang='grc' dir='ltr'>νέτω</span> <span class='ocrx_word' id='word_1_49' title='bbox 611 803 686 875; x_wconf 82' lang='grc' dir='ltr'>μὴ</span> <span class='ocrx_word' id='word_1_50' title='bbox 719 804 994 873; x_wconf 74' lang='grc' dir='ltr'>λογισμοῖς</span> <span class='ocrx_word' id='word_1_51' title='bbox 1018 803 1375 874; x_wconf 80' lang='grc' dir='ltr'>ἀνθρωπίνοις</span> <span class='ocrx_word' id='word_1_52' title='bbox 1401 804 1814 857; x_wconf 80' lang='grc' dir='ltr'>κατακολουθεῖν</span> <span class='ocrx_word' id='word_1_53' title='bbox 1832 845 1845 868; x_wconf 94' lang='grc'>,</span> <span class='ocrx_word' id='word_1_54' title='bbox 1874 805 1968 857; x_wconf 74' lang='grc' dir='ltr'>καὶ</span> <span class='ocrx_word' id='word_1_55' title='bbox 2022 803 2093 858; x_wconf 84' lang='grc' dir='ltr'>τά</span> 
     </span>
    </p>
   </div>
   <div class='ocr_carea' id='block_1_8' title="bbox 432 890 2091 963">
    <p class='ocr_par' dir='ltr' id='par_1_8' title="bbox 432 890 2091 963">
     <span class='ocr_line' id='line_1_8' title="bbox 432 890 2091 963; baseline 0.001 -18"><span class='ocrx_word' id='word_1_56' title='bbox 432 890 583 963; x_wconf 88' lang='grc' dir='ltr'>παρά</span> <span class='ocrx_word' id='word_1_57' title='bbox 612 891 707 944; x_wconf 91' lang='grc' dir='ltr'>τοῦ</span> <span class='ocrx_word' id='word_1_58' title='bbox 755 890 887 944; x_wconf 83' lang='grc' dir='ltr'>Θεοῦ</span> <span class='ocrx_word' id='word_1_59' title='bbox 934 890 1428 961; x_wconf 79' lang='grc' dir='ltr'>πολυπραγμονεῖν,</span> <span class='ocrx_word' id='word_1_60' title='bbox 1461 890 1595 945; x_wconf 88' lang='grc' dir='ltr'>ἀλλά</span> <span class='ocrx_word' id='word_1_61' title='bbox 1650 893 1926 947; x_wconf 79' lang='grc' dir='ltr'>πιστεύειν</span> <span class='ocrx_word' id='word_1_62' title='bbox 1976 896 2091 958; x_wconf 90' lang='grc' dir='ltr'>τοῖς</span> 
     </span>
    </p>
   </div>
   <div class='ocr_carea' id='block_1_9' title="bbox 429 976 2091 1048">
    <p class='ocr_par' dir='ltr' id='par_1_9' title="bbox 429 976 2091 1048">
     <span class='ocr_line' id='line_1_9' title="bbox 429 976 2091 1048; baseline 0.001 -18"><span class='ocrx_word' id='word_1_63' title='bbox 429 977 760 1047; x_wconf 77' lang='grc' dir='ltr'>λεγομένοις.</span> <span class='ocrx_word' id='word_1_64' title='bbox 789 978 957 1031; x_wconf 86' lang='grc' dir='ltr'>Ὀταν</span> <span class='ocrx_word' id='word_1_65' title='bbox 986 977 1094 1047; x_wconf 85' lang='grc' dir='ltr'>γὰρ</span> <span class='ocrx_word' id='word_1_66' title='bbox 1119 978 1147 1030; x_wconf 85' lang='lat'>0</span> <span class='ocrx_word' id='word_1_67' title='bbox 1169 976 1300 1040; x_wconf 85' lang='grc' dir='ltr'>Θεὸς</span> <span class='ocrx_word' id='word_1_68' title='bbox 1320 978 1687 1048; x_wconf 82' lang='grc' dir='ltr'>ἀποφαίνηταί</span> <span class='ocrx_word' id='word_1_69' title='bbox 1710 996 1781 1041; x_wconf 87' lang='grc' dir='ltr'>τι,</span> <span class='ocrx_word' id='word_1_70' title='bbox 1807 981 1866 1033; x_wconf 83' lang='grc' dir='ltr'>οὐ</span> <span class='ocrx_word' id='word_1_71' title='bbox 1892 980 1974 1033; x_wconf 90' lang='grc' dir='ltr'>δεῖ</span> <span class='ocrx_word' id='word_1_72' title='bbox 1995 982 2091 1034; x_wconf 72' lang='grc' dir='ltr'>ἀν.</span> 
     </span>
    </p>
   </div>
   <div class='ocr_carea' id='block_1_10' title="bbox 430 1062 2091 1134">
    <p class='ocr_par' dir='ltr' id='par_1_10' title="bbox 430 1062 2091 1134">
     <span class='ocr_line' id='line_1_10' title="bbox 430 1062 2091 1134; baseline 0.002 -18"><span class='ocrx_word' id='word_1_73' title='bbox 430 1063 705 1117; x_wconf 88' lang='grc' dir='ltr'>τιϐλέπειν</span> <span class='ocrx_word' id='word_1_74' title='bbox 732 1066 844 1126; x_wconf 84' lang='grc' dir='ltr'>τοῖς</span> <span class='ocrx_word' id='word_1_75' title='bbox 871 1063 1113 1133; x_wconf 78' lang='grc' dir='ltr'>ῥηθεῖσιν</span> <span class='ocrx_word' id='word_1_76' title='bbox 1136 1104 1151 1127; x_wconf 89' lang='grc'>,</span> <span class='ocrx_word' id='word_1_77' title='bbox 1181 1062 1318 1115; x_wconf 84' lang='grc' dir='ltr'>ἀλλά</span> <span class='ocrx_word' id='word_1_78' title='bbox 1340 1063 1409 1117; x_wconf 89' lang='grc' dir='ltr'>τά</span> <span class='ocrx_word' id='word_1_79' title='bbox 1446 1064 1597 1133; x_wconf 91' lang='grc' dir='ltr'>παρά</span> <span class='ocrx_word' id='word_1_80' title='bbox 1631 1064 1725 1118; x_wconf 88' lang='grc' dir='ltr'>τοῦ</span> <span class='ocrx_word' id='word_1_81' title='bbox 1769 1065 1902 1119; x_wconf 88' lang='grc' dir='ltr'>Θεοῦ</span> <span class='ocrx_word' id='word_1_82' title='bbox 1938 1067 2091 1134; x_wconf 86' lang='grc' dir='ltr'>λεγό-</span> 
     </span>
    </p>
   </div>
   <div class='ocr_carea' id='block_1_11' title="bbox 431 1152 2089 1224">
    <p class='ocr_par' dir='ltr' id='par_1_11' title="bbox 431 1152 2089 1224">
     <span class='ocr_line' id='line_1_11' title="bbox 431 1152 2089 1224; baseline 0.001 -18"><span class='ocrx_word' id='word_1_83' title='bbox 431 1171 568 1224; x_wconf 89' lang='grc' dir='ltr'>μενα</span> <span class='ocrx_word' id='word_1_84' title='bbox 592 1153 1005 1223; x_wconf 78' lang='grc' dir='ltr'>ἀξιοπιστότερα</span> <span class='ocrx_word' id='word_1_85' title='bbox 1032 1153 1302 1222; x_wconf 82' lang='grc' dir='ltr'>ἡγεῖσθαι,</span> <span class='ocrx_word' id='word_1_86' title='bbox 1335 1152 1438 1205; x_wconf 83' lang='grc' dir='ltr'>κάν</span> <span class='ocrx_word' id='word_1_87' title='bbox 1474 1152 1548 1223; x_wconf 83' lang='grc' dir='ltr'>μὴ</span> <span class='ocrx_word' id='word_1_88' title='bbox 1566 1152 1821 1224; x_wconf 88' lang='grc' dir='ltr'>φαίνηται</span> <span class='ocrx_word' id='word_1_89' title='bbox 1850 1154 2089 1223; x_wconf 23' lang='grc' dir='ltr'>τῶνδύπὸ</span> 
     </span>
    </p>
   </div>
   <div class='ocr_carea' id='block_1_12' title="bbox 428 1239 2081 1313">
    <p class='ocr_par' dir='ltr' id='par_1_12' title="bbox 428 1239 2081 1313">
     <span class='ocr_line' id='line_1_12' title="bbox 428 1239 2081 1313; baseline 0.001 -20"><span class='ocrx_word' id='word_1_90' title='bbox 428 1243 539 1305; x_wconf 84' lang='grc' dir='ltr'>τοῖς</span> <span class='ocrx_word' id='word_1_91' title='bbox 562 1240 859 1309; x_wconf 84' lang='grc' dir='ltr'>ὀφθαλμοῖς</span> <span class='ocrx_word' id='word_1_92' title='bbox 887 1240 1154 1309; x_wconf 82' lang='grc' dir='ltr'>κειμένων</span> <span class='ocrx_word' id='word_1_93' title='bbox 1184 1241 1294 1301; x_wconf 85' lang='grc' dir='ltr'>τοῖς</span> <span class='ocrx_word' id='word_1_94' title='bbox 1325 1239 1630 1311; x_wconf 83' lang='grc' dir='ltr'>ἡμετέροις.</span> <span class='ocrx_word' id='word_1_95' title='bbox 1665 1240 1787 1293; x_wconf 88' lang='grc' dir='ltr'>Ὅτι</span> <span class='ocrx_word' id='word_1_96' title='bbox 1823 1240 1932 1313; x_wconf 78' lang='grc' dir='ltr'>γὰρ</span> <span class='ocrx_word' id='word_1_97' title='bbox 1961 1259 2081 1313; x_wconf 70' lang='lat'><strong>9.5:-</strong></span> 
     </span>
    </p>
   </div>
   <div class='ocr_carea' id='block_1_13' title="bbox 428 1321 2088 1398">
    <p class='ocr_par' dir='ltr' id='par_1_13' title="bbox 428 1321 2088 1398">
     <span class='ocr_line' id='line_1_13' title="bbox 428 1321 2088 1398; baseline 0.002 -19"><span class='ocrx_word' id='word_1_98' title='bbox 428 1328 623 1394; x_wconf 81' lang='grc' dir='ltr'>έθηκεν</span> <span class='ocrx_word' id='word_1_99' title='bbox 674 1326 834 1380; x_wconf 80' lang='grc' dir='ltr'>αὐτὸν</span> <span class='ocrx_word' id='word_1_100' title='bbox 874 1321 1026 1378; x_wconf 81' lang='grc' dir='ltr'>εἶπεν</span> <span class='ocrx_word' id='word_1_101' title='bbox 1064 1327 1096 1395; x_wconf 82' lang='grc' dir='ltr'>ἡ</span> <span class='ocrx_word' id='word_1_102' title='bbox 1126 1325 1244 1379; x_wconf 87' lang='grc' dir='ltr'>θεία</span> <span class='ocrx_word' id='word_1_103' title='bbox 1274 1326 1462 1397; x_wconf 83' lang='grc' dir='ltr'>Γραφὴ</span> <span class='ocrx_word' id='word_1_104' title='bbox 1484 1366 1499 1388; x_wconf 97' lang='grc'>,</span> <span class='ocrx_word' id='word_1_105' title='bbox 1535 1328 1629 1379; x_wconf 80' lang='grc' dir='ltr'>καὶ</span> <span class='ocrx_word' id='word_1_106' title='bbox 1663 1328 1744 1382; x_wconf 82' lang='grc' dir='ltr'>ὅτι</span> <span class='ocrx_word' id='word_1_107' title='bbox 1783 1328 1958 1392; x_wconf 78' lang='grc' dir='ltr'>ζῶντα</span> <span class='ocrx_word' id='word_1_108' title='bbox 1992 1347 2088 1398; x_wconf 83' lang='grc' dir='ltr'>με·</span> 
     </span>
    </p>
   </div>
   <div class='ocr_carea' id='block_1_14' title="bbox 427 1411 2087 1484">
    <p class='ocr_par' dir='ltr' id='par_1_14' title="bbox 427 1411 2087 1484">
     <span class='ocr_line' id='line_1_14' title="bbox 427 1411 2087 1484; baseline 0.001 -19"><span class='ocrx_word' id='word_1_109' title='bbox 427 1414 641 1482; x_wconf 73' lang='grc' dir='ltr'>τέθηκε,</span> <span class='ocrx_word' id='word_1_110' title='bbox 688 1414 781 1466; x_wconf 77' lang='grc' dir='ltr'>καὶ</span> <span class='ocrx_word' id='word_1_111' title='bbox 817 1415 1008 1483; x_wconf 88' lang='grc' dir='ltr'>πεῖραν</span> <span class='ocrx_word' id='word_1_112' title='bbox 1047 1412 1122 1484; x_wconf 82' lang='grc' dir='ltr'>μὴ</span> <span class='ocrx_word' id='word_1_113' title='bbox 1158 1411 1387 1465; x_wconf 84' lang='grc' dir='ltr'>λαϐόντα</span> <span class='ocrx_word' id='word_1_114' title='bbox 1414 1412 1663 1477; x_wconf 85' lang='grc' dir='ltr'>θανάτου,</span> <span class='ocrx_word' id='word_1_115' title='bbox 1697 1414 1832 1467; x_wconf 88' lang='grc' dir='ltr'>ἀλλά</span> <span class='ocrx_word' id='word_1_116' title='bbox 1878 1416 1963 1468; x_wconf 76' lang='grc' dir='ltr'>διὰ</span> <span class='ocrx_word' id='word_1_117' title='bbox 1990 1416 2087 1484; x_wconf 89' lang='grc' dir='ltr'>τῆς</span> 
     </span>
    </p>
   </div>
   <div class='ocr_carea' id='block_1_15' title="bbox 425 1496 2087 1570">
    <p class='ocr_par' dir='ltr' id='par_1_15' title="bbox 425 1496 2087 1570">
     <span class='ocr_line' id='line_1_15' title="bbox 425 1496 2087 1570; baseline 0 -19"><span class='ocrx_word' id='word_1_118' title='bbox 425 1499 630 1561; x_wconf 77' lang='grc' dir='ltr'>οἰκείας</span> <span class='ocrx_word' id='word_1_119' title='bbox 656 1499 1067 1569; x_wconf 83' lang='grc' dir='ltr'>εὐαρεστήσεως</span> <span class='ocrx_word' id='word_1_120' title='bbox 1092 1496 1364 1568; x_wconf 83' lang='grc' dir='ltr'>ἀνώτερον</span> <span class='ocrx_word' id='word_1_121' title='bbox 1384 1498 1641 1566; x_wconf 79' lang='grc' dir='ltr'>γεγονότα</span> <span class='ocrx_word' id='word_1_122' title='bbox 1666 1500 1763 1569; x_wconf 81' lang='grc' dir='ltr'>τῆς</span> <span class='ocrx_word' id='word_1_123' title='bbox 1791 1499 2087 1570; x_wconf 78' lang='grc' dir='ltr'>ἐξενεχθεί-</span> 
     </span>
    </p>
   </div>
   <div class='ocr_carea' id='block_1_16' title="bbox 429 1582 2082 1653">
    <p class='ocr_par' dir='ltr' id='par_1_16' title="bbox 429 1582 2082 1653">
     <span class='ocr_line' id='line_1_16' title="bbox 429 1582 2082 1653; baseline 0.001 -18"><span class='ocrx_word' id='word_1_124' title='bbox 429 1600 527 1653; x_wconf 88' lang='grc' dir='ltr'>σης</span> <span class='ocrx_word' id='word_1_125' title='bbox 568 1584 897 1652; x_wconf 77' lang='grc' dir='ltr'>ἀποφάσεως</span> <span class='ocrx_word' id='word_1_126' title='bbox 950 1584 1089 1636; x_wconf 88' lang='grc' dir='ltr'>κατά</span> <span class='ocrx_word' id='word_1_127' title='bbox 1120 1583 1212 1635; x_wconf 88' lang='grc' dir='ltr'>τοῦ</span> <span class='ocrx_word' id='word_1_128' title='bbox 1244 1583 1351 1635; x_wconf 90' lang='grc' dir='ltr'>τῶν</span> <span class='ocrx_word' id='word_1_129' title='bbox 1380 1582 1681 1653; x_wconf 89' lang='grc' dir='ltr'>ἀνθρώπων</span> <span class='ocrx_word' id='word_1_130' title='bbox 1708 1585 1918 1651; x_wconf 84' lang='grc' dir='ltr'>γένους.</span> <span class='ocrx_word' id='word_1_131' title='bbox 1976 1585 2082 1639; x_wconf 82' lang='grc' dir='ltr'>Ποῦ</span> 
     </span>
    </p>
   </div>
   <div class='ocr_carea' id='block_1_17' title="bbox 424 1667 2088 1741">
    <p class='ocr_par' dir='ltr' id='par_1_17' title="bbox 424 1667 2088 1741">
     <span class='ocr_line' id='line_1_17' title="bbox 424 1667 2088 1741; baseline 0.001 -19"><span class='ocrx_word' id='word_1_132' title='bbox 424 1667 482 1722; x_wconf 70' lang='grc' dir='ltr'>δὲ</span> <span class='ocrx_word' id='word_1_133' title='bbox 505 1669 667 1722; x_wconf 88' lang='grc' dir='ltr'>αὐτὸν</span> <span class='ocrx_word' id='word_1_134' title='bbox 699 1669 1018 1740; x_wconf 74' lang='grc' dir='ltr'>μετέθηκεν,</span> <span class='ocrx_word' id='word_1_135' title='bbox 1045 1670 1138 1722; x_wconf 72' lang='grc' dir='ltr'>καὶ</span> <span class='ocrx_word' id='word_1_136' title='bbox 1166 1669 1313 1732; x_wconf 83' lang='grc' dir='ltr'>ὅπως</span> <span class='ocrx_word' id='word_1_137' title='bbox 1345 1667 1438 1722; x_wconf 92' lang='grc' dir='ltr'>νῦν</span> <span class='ocrx_word' id='word_1_138' title='bbox 1469 1669 1644 1737; x_wconf 81' lang='grc' dir='ltr'>διάγει</span> <span class='ocrx_word' id='word_1_139' title='bbox 1663 1669 1820 1723; x_wconf 85' lang='grc' dir='ltr'>τοῦτο</span> <span class='ocrx_word' id='word_1_140' title='bbox 1843 1671 1902 1723; x_wconf 87' lang='grc' dir='ltr'>οὐ</span> <span class='ocrx_word' id='word_1_141' title='bbox 1925 1688 2088 1741; x_wconf 72' lang='grc' dir='ltr'>προσ-</span> 
     </span>
    </p>
   </div>
   <div class='ocr_carea' id='block_1_18' title="bbox 425 1758 1362 1828">
    <p class='ocr_par' dir='ltr' id='par_1_18' title="bbox 425 1758 1362 1828">
     <span class='ocr_line' id='line_1_18' title="bbox 425 1758 1362 1828; baseline 0.006 -18"><span class='ocrx_word' id='word_1_142' title='bbox 425 1758 642 1828; x_wconf 83' lang='grc' dir='ltr'>έθηκεν.</span> <span class='ocrx_word' id='word_1_143' title='bbox 1350 1803 1362 1816; x_wconf 95' lang='grc'>.</span> 
     </span>
    </p>
   </div>
   <div class='ocr_carea' id='block_1_19' title="bbox 496 1841 2084 1916">
    <p class='ocr_par' dir='ltr' id='par_1_19' title="bbox 496 1841 2084 1916">
     <span class='ocr_line' id='line_1_19' title="bbox 496 1841 2084 1916; baseline 0.001 -18"><span class='ocrx_word' id='word_1_144' title='bbox 496 1853 557 1899; x_wconf 85' lang='grc' dir='ltr'>ε’.</span> <span class='ocrx_word' id='word_1_145' title='bbox 591 1841 745 1906; x_wconf 81' lang='grc' dir='ltr'>Εἶδες</span> <span class='ocrx_word' id='word_1_146' title='bbox 790 1844 1100 1914; x_wconf 89' lang='grc' dir='ltr'>ἀγαθὸτητα</span> <span class='ocrx_word' id='word_1_147' title='bbox 1137 1844 1425 1908; x_wconf 87' lang='grc' dir='ltr'>Δεσπότου,</span> <span class='ocrx_word' id='word_1_148' title='bbox 1462 1844 1577 1907; x_wconf 88' lang='grc' dir='ltr'>πῶς</span> <span class='ocrx_word' id='word_1_149' title='bbox 1598 1842 1772 1914; x_wconf 84' lang='grc' dir='ltr'>εὑρὼν</span> <span class='ocrx_word' id='word_1_150' title='bbox 1793 1844 1958 1915; x_wconf 79' lang='grc' dir='ltr'>ἄνδρα</span> <span class='ocrx_word' id='word_1_151' title='bbox 1984 1846 2084 1916; x_wconf 81' lang='grc' dir='ltr'>τὴν</span> 
     </span>
    </p>
   </div>
   <div class='ocr_carea' id='block_1_20' title="bbox 420 1930 2078 2002">
    <p class='ocr_par' dir='ltr' id='par_1_20' title="bbox 420 1930 2078 2002">
     <span class='ocr_line' id='line_1_20' title="bbox 420 1930 2078 2002; baseline -0.001 -17"><span class='ocrx_word' id='word_1_152' title='bbox 420 1931 623 2002; x_wconf 79' lang='grc' dir='ltr'>ἀρετὴν</span> <span class='ocrx_word' id='word_1_153' title='bbox 641 1930 1041 2001; x_wconf 86' lang='grc' dir='ltr'>κατωρθωκότα</span> <span class='ocrx_word' id='word_1_154' title='bbox 1057 1968 1073 1992; x_wconf 87' lang='grc'>,</span> <span class='ocrx_word' id='word_1_155' title='bbox 1093 1932 1192 1983; x_wconf 88' lang='grc' dir='ltr'>οὐκ</span> <span class='ocrx_word' id='word_1_156' title='bbox 1212 1930 1581 2001; x_wconf 74' lang='grc' dir='ltr'>ἀπεστέρησεν</span> <span class='ocrx_word' id='word_1_157' title='bbox 1617 1930 1776 1983; x_wconf 87' lang='grc' dir='ltr'>αὐτὸν</span> <span class='ocrx_word' id='word_1_158' title='bbox 1791 1931 1885 2000; x_wconf 89' lang='grc' dir='ltr'>τῆς</span> <span class='ocrx_word' id='word_1_159' title='bbox 1902 1931 2078 1998; x_wconf 81' lang='grc' dir='ltr'>ἀξίας,</span> 
     </span>
    </p>
   </div>
   <div class='ocr_carea' id='block_1_21' title="bbox 421 2016 2082 2089">
    <p class='ocr_par' dir='ltr' id='par_1_21' title="bbox 421 2016 2082 2089">
     <span class='ocr_line' id='line_1_21' title="bbox 421 2016 2082 2089; baseline 0.001 -19"><span class='ocrx_word' id='word_1_160' title='bbox 421 2019 487 2089; x_wconf 81' lang='grc' dir='ltr'>ἢν</span> <span class='ocrx_word' id='word_1_161' title='bbox 519 2018 595 2088; x_wconf 85' lang='grc' dir='ltr'>τῷ</span> <span class='ocrx_word' id='word_1_162' title='bbox 626 2016 1034 2087; x_wconf 78' lang='grc' dir='ltr'>πρωτοπλάστῳ</span> <span class='ocrx_word' id='word_1_163' title='bbox 1084 2017 1375 2087; x_wconf 90' lang='grc' dir='ltr'>ἐχαρίσατο</span> <span class='ocrx_word' id='word_1_164' title='bbox 1423 2019 1529 2085; x_wconf 79' lang='grc' dir='ltr'>πρὸ</span> <span class='ocrx_word' id='word_1_165' title='bbox 1574 2017 1673 2087; x_wconf 87' lang='grc' dir='ltr'>τῆς</span> <span class='ocrx_word' id='word_1_166' title='bbox 1718 2017 2082 2087; x_wconf 84' lang='grc' dir='ltr'>παραϐάσεως</span> 
     </span>
    </p>
   </div>
   <div class='ocr_carea' id='block_1_22' title="bbox 418 2101 2079 2176">
    <p class='ocr_par' dir='ltr' id='par_1_22' title="bbox 418 2101 2079 2176">
     <span class='ocr_line' id='line_1_22' title="bbox 418 2101 2079 2176; baseline 0.002 -20"><span class='ocrx_word' id='word_1_167' title='bbox 418 2105 518 2175; x_wconf 76' lang='grc' dir='ltr'>τῆς</span> <span class='ocrx_word' id='word_1_168' title='bbox 544 2102 795 2172; x_wconf 83' lang='grc' dir='ltr'>ἐντολῆς,</span> <span class='ocrx_word' id='word_1_169' title='bbox 830 2101 1092 2155; x_wconf 84' lang='grc' dir='ltr'>διδάσκων</span> <span class='ocrx_word' id='word_1_170' title='bbox 1128 2104 1307 2173; x_wconf 75' lang='grc' dir='ltr'>ἡμᾶς,</span> <span class='ocrx_word' id='word_1_171' title='bbox 1356 2103 1437 2156; x_wconf 83' lang='grc' dir='ltr'>ὅτι</span> <span class='ocrx_word' id='word_1_172' title='bbox 1456 2105 1723 2168; x_wconf 88' lang='grc' dir='ltr'>κάκεῖνος,</span> <span class='ocrx_word' id='word_1_173' title='bbox 1757 2104 1805 2156; x_wconf 85' lang='grc' dir='ltr'>εί</span> <span class='ocrx_word' id='word_1_174' title='bbox 1860 2105 1937 2176; x_wconf 79' lang='grc' dir='ltr'>μὴ</span> <span class='ocrx_word' id='word_1_175' title='bbox 1981 2106 2079 2175; x_wconf 79' lang='grc' dir='ltr'>τήν</span> 
     </span>
    </p>
   </div>
   <div class='ocr_carea' id='block_1_23' title="bbox 419 2188 2079 2262">
    <p class='ocr_par' dir='ltr' id='par_1_23' title="bbox 419 2188 2079 2262">
     <span class='ocr_line' id='line_1_23' title="bbox 419 2188 2079 2262; baseline 0.001 -18"><span class='ocrx_word' id='word_1_176' title='bbox 419 2192 631 2262; x_wconf 79' lang='grc' dir='ltr'>ἀπάτην</span> <span class='ocrx_word' id='word_1_177' title='bbox 669 2189 1003 2260; x_wconf 78' lang='grc' dir='ltr'>προετίμησε</span> <span class='ocrx_word' id='word_1_178' title='bbox 1048 2189 1147 2259; x_wconf 88' lang='grc' dir='ltr'>τῆς</span> <span class='ocrx_word' id='word_1_179' title='bbox 1178 2188 1421 2257; x_wconf 87' lang='grc' dir='ltr'>δοθείσης</span> <span class='ocrx_word' id='word_1_180' title='bbox 1461 2189 1716 2259; x_wconf 77' lang='grc' dir='ltr'>ἐντολῆς,</span> <span class='ocrx_word' id='word_1_181' title='bbox 1744 2190 1854 2243; x_wconf 88' lang='grc' dir='ltr'>τῶν</span> <span class='ocrx_word' id='word_1_182' title='bbox 1901 2191 2079 2245; x_wconf 90' lang='grc' dir='ltr'>αὐτῶν</span> 
     </span>
    </p>
   </div>
   <div class='ocr_carea' id='block_1_24' title="bbox 418 2275 2079 2348">
    <p class='ocr_par' dir='ltr' id='par_1_24' title="bbox 418 2275 2079 2348">
     <span class='ocr_line' id='line_1_24' title="bbox 418 2275 2079 2348; baseline -0.006 -17"><span class='ocrx_word' id='word_1_183' title='bbox 418 2277 483 2331; x_wconf 83' lang='grc' dir='ltr'>ἂν</span> <span class='ocrx_word' id='word_1_184' title='bbox 512 2276 762 2347; x_wconf 72' lang='grc' dir='ltr'>ἠξίωτοῆ</span> <span class='ocrx_word' id='word_1_185' title='bbox 800 2278 892 2330; x_wconf 73' lang='grc' dir='ltr'>καὶ</span> <span class='ocrx_word' id='word_1_186' title='bbox 926 2276 1224 2346; x_wconf 75' lang='grc' dir='ltr'>μειζόνων;</span> <span class='ocrx_word' id='word_1_187' title='bbox 1279 2275 1386 2329; x_wconf 77' lang='grc' dir='ltr'>Καὶ</span> <span class='ocrx_word' id='word_1_188' title='bbox 1432 2276 1626 2343; x_wconf 78' lang='grc' dir='ltr'>ἔζησε,</span> <span class='ocrx_word' id='word_1_189' title='bbox 1659 2278 1811 2348; x_wconf 72' lang='grc' dir='ltr'>φησὶ,</span> <span class='ocrx_word' id='word_1_190' title='bbox 1847 2282 2079 2334; x_wconf 85' lang='grc' dir='ltr'>Μαθου-</span> 
     </span>
    </p>
   </div>
   <div class='ocr_carea' id='block_1_25' title="bbox 419 2361 2078 2433">
    <p class='ocr_par' dir='ltr' id='par_1_25' title="bbox 419 2361 2078 2433">
     <span class='ocr_line' id='line_1_25' title="bbox 419 2361 2078 2433; baseline 0.001 -15"><span class='ocrx_word' id='word_1_191' title='bbox 419 2364 578 2418; x_wconf 76' lang='grc' dir='ltr'>σάλα</span> <span class='ocrx_word' id='word_1_192' title='bbox 624 2364 728 2431; x_wconf 82' lang='grc' dir='ltr'>ἐτη</span> <span class='ocrx_word' id='word_1_193' title='bbox 780 2363 997 2416; x_wconf 77' lang='grc' dir='ltr'>ἑκατὸν</span> <span class='ocrx_word' id='word_1_194' title='bbox 1033 2361 1403 2431; x_wconf 75' lang='grc' dir='ltr'>ὀγδοήκοντα</span> <span class='ocrx_word' id='word_1_195' title='bbox 1447 2363 1616 2426; x_wconf 82' lang='grc' dir='ltr'>ἑπτὰ,</span> <span class='ocrx_word' id='word_1_196' title='bbox 1656 2364 1752 2416; x_wconf 75' lang='grc' dir='ltr'>καὶ</span> <span class='ocrx_word' id='word_1_197' title='bbox 1788 2364 2078 2433; x_wconf 70' lang='grc' dir='ltr'>ἐγέννησε</span> 
     </span>
    </p>
   </div>
   <div class='ocr_carea' id='block_1_26' title="bbox 417 2449 2075 2520">
    <p class='ocr_par' dir='ltr' id='par_1_26' title="bbox 417 2449 2075 2520">
     <span class='ocr_line' id='line_1_26' title="bbox 417 2449 2075 2520; baseline 0 -15"><span class='ocrx_word' id='word_1_198' title='bbox 417 2450 524 2505; x_wconf 84' lang='grc' dir='ltr'>τὸν</span> <span class='ocrx_word' id='word_1_199' title='bbox 550 2450 751 2519; x_wconf 82' lang='grc' dir='ltr'>Λάμεχ</span> <span class='ocrx_word' id='word_1_200' title='bbox 767 2469 779 2482; x_wconf 88' lang='grc'><strong>·</strong></span> <span class='ocrx_word' id='word_1_201' title='bbox 805 2450 901 2503; x_wconf 80' lang='grc' dir='ltr'>καὶ</span> <span class='ocrx_word' id='word_1_202' title='bbox 919 2449 1093 2516; x_wconf 69' lang='grc' dir='ltr'>ἔζησε</span> <span class='ocrx_word' id='word_1_203' title='bbox 1111 2449 1309 2517; x_wconf 81' lang='grc' dir='ltr'>Λάμεχ</span> <span class='ocrx_word' id='word_1_204' title='bbox 1328 2449 1432 2516; x_wconf 81' lang='grc' dir='ltr'>ἐτη</span> <span class='ocrx_word' id='word_1_205' title='bbox 1455 2450 1562 2502; x_wconf 72' lang='grc' dir='ltr'>ἐκα</span> <span class='ocrx_word' id='word_1_206' title='bbox 1572 2449 1671 2501; x_wconf 81' lang='grc' dir='ltr'>τὸν</span> <span class='ocrx_word' id='word_1_207' title='bbox 1690 2450 2075 2520; x_wconf 67' lang='grc' dir='ltr'>ὀγδοήκοντα,</span> 
     </span>
    </p>
   </div>
   <div class='ocr_carea' id='block_1_27' title="bbox 416 2536 2076 2607">
    <p class='ocr_par' dir='ltr' id='par_1_27' title="bbox 416 2536 2076 2607">
     <span class='ocr_line' id='line_1_27' title="bbox 416 2536 2076 2607; baseline 0.002 -17"><span class='ocrx_word' id='word_1_208' title='bbox 416 2537 511 2591; x_wconf 81' lang='grc' dir='ltr'>καί</span> <span class='ocrx_word' id='word_1_209' title='bbox 541 2536 869 2607; x_wconf 78' lang='grc' dir='ltr'>ἐγέννησεν</span> <span class='ocrx_word' id='word_1_210' title='bbox 896 2537 1050 2599; x_wconf 80' lang='grc' dir='ltr'>υιὸν,</span> <span class='ocrx_word' id='word_1_211' title='bbox 1077 2537 1174 2589; x_wconf 81' lang='grc' dir='ltr'>καὶ</span> <span class='ocrx_word' id='word_1_212' title='bbox 1201 2536 1551 2603; x_wconf 77' lang='grc' dir='ltr'>ἐπωνόμασε</span> <span class='ocrx_word' id='word_1_213' title='bbox 1583 2536 1649 2589; x_wconf 82' lang='grc' dir='ltr'>τὸ</span> <span class='ocrx_word' id='word_1_214' title='bbox 1680 2537 1865 2606; x_wconf 80' lang='grc' dir='ltr'>ὄνομα</span> <span class='ocrx_word' id='word_1_215' title='bbox 1892 2539 2076 2593; x_wconf 88' lang='grc' dir='ltr'>αὑτοῦ</span> 
     </span>
    </p>
   </div>
   <div class='ocr_carea' id='block_1_28' title="bbox 416 2619 2076 2693">
    <p class='ocr_par' dir='ltr' id='par_1_28' title="bbox 416 2619 2076 2693">
     <span class='ocr_line' id='line_1_28' title="bbox 416 2619 2076 2693; baseline 0 -14"><span class='ocrx_word' id='word_1_216' title='bbox 416 2624 561 2680; x_wconf 84' lang='grc' dir='ltr'>Νῶε.</span> <span class='ocrx_word' id='word_1_217' title='bbox 596 2623 790 2692; x_wconf 68' lang='grc' dir='ltr'>,λέγων</span> <span class='ocrx_word' id='word_1_218' title='bbox 813 2638 828 2654; x_wconf 90' lang='grc'><strong>·</strong></span> <span class='ocrx_word' id='word_1_219' title='bbox 873 2619 1062 2687; x_wconf 78' lang='grc' dir='ltr'>Οὗτος</span> <span class='ocrx_word' id='word_1_220' title='bbox 1094 2622 1170 2689; x_wconf 73' lang='grc' dir='ltr'>δὴ</span> <span class='ocrx_word' id='word_1_221' title='bbox 1204 2622 1583 2677; x_wconf 70' lang='grc' dir='ltr'>ἀναπαύσειε</span> <span class='ocrx_word' id='word_1_222' title='bbox 1620 2624 1777 2693; x_wconf 70' lang='grc' dir='ltr'>ἡμᾶς</span> <span class='ocrx_word' id='word_1_223' title='bbox 1808 2625 1925 2679; x_wconf 73' lang='grc' dir='ltr'>ἀπὸ</span> <span class='ocrx_word' id='word_1_224' title='bbox 1960 2626 2076 2679; x_wconf 85' lang='grc' dir='ltr'>τῶν</span> 
     </span>
    </p>
   </div>
   <div class='ocr_carea' id='block_1_29' title="bbox 415 2708 2077 2783">
    <p class='ocr_par' dir='ltr' id='par_1_29' title="bbox 415 2708 2077 2783">
     <span class='ocr_line' id='line_1_29' title="bbox 415 2708 2077 2783; baseline 0.001 -20"><span class='ocrx_word' id='word_1_225' title='bbox 415 2710 565 2783; x_wconf 84' lang='grc'>[188]</span> <span class='ocrx_word' id='word_1_226' title='bbox 581 2711 769 2779; x_wconf 77' lang='grc' dir='ltr'>ἔργων</span> <span class='ocrx_word' id='word_1_227' title='bbox 801 2709 988 2778; x_wconf 67' lang='grc' dir='ltr'>ἡμῶν,</span> <span class='ocrx_word' id='word_1_228' title='bbox 1010 2709 1103 2763; x_wconf 76' lang='grc' dir='ltr'>καί</span> <span class='ocrx_word' id='word_1_229' title='bbox 1131 2708 1248 2765; x_wconf 83' lang='grc' dir='ltr'>ἀπὸ</span> <span class='ocrx_word' id='word_1_230' title='bbox 1270 2709 1385 2762; x_wconf 72' lang='grc' dir='ltr'>τῶν</span> <span class='ocrx_word' id='word_1_231' title='bbox 1411 2710 1697 2778; x_wconf 75' lang='grc' dir='ltr'>λυπηρῶν</span> <span class='ocrx_word' id='word_1_232' title='bbox 1716 2710 1834 2764; x_wconf 87' lang='grc' dir='ltr'>τῶν</span> <span class='ocrx_word' id='word_1_233' title='bbox 1865 2712 2077 2780; x_wconf 75' lang='grc' dir='ltr'>χειρῶν</span> 
     </span>
    </p>
   </div>
   <div class='ocr_carea' id='block_1_30' title="bbox 415 2791 2075 2866">
    <p class='ocr_par' dir='ltr' id='par_1_30' title="bbox 415 2791 2075 2866">
     <span class='ocr_line' id='line_1_30' title="bbox 415 2791 2075 2866; baseline 0.002 -15"><span class='ocrx_word' id='word_1_234' title='bbox 415 2796 602 2865; x_wconf 73' lang='grc' dir='ltr'>ἡμῶν,</span> <span class='ocrx_word' id='word_1_235' title='bbox 646 2796 742 2849; x_wconf 76' lang='grc' dir='ltr'>καί</span> <span class='ocrx_word' id='word_1_236' title='bbox 784 2796 904 2850; x_wconf 79' lang='grc' dir='ltr'>ἀπὸ</span> <span class='ocrx_word' id='word_1_237' title='bbox 949 2795 1062 2863; x_wconf 82' lang='grc' dir='ltr'>τῆς</span> <span class='ocrx_word' id='word_1_238' title='bbox 1089 2796 1222 2865; x_wconf 76' lang='grc' dir='ltr'>γῆς,</span> <span class='ocrx_word' id='word_1_239' title='bbox 1279 2791 1358 2865; x_wconf 80' lang='grc' dir='ltr'>ἧς</span> <span class='ocrx_word' id='word_1_240' title='bbox 1388 2796 1768 2865; x_wconf 80' lang='grc' dir='ltr'>κατηράσατο</span> <span class='ocrx_word' id='word_1_241' title='bbox 1798 2799 2010 2866; x_wconf 75' lang='grc' dir='ltr'>Κύριος</span> <span class='ocrx_word' id='word_1_242' title='bbox 2041 2804 2075 2854; x_wconf 86' lang='grc' dir='ltr'>ό</span> 
     </span>
    </p>
   </div>
   <div class='ocr_carea' id='block_1_31' title="bbox 414 2880 2076 2954">
    <p class='ocr_par' dir='ltr' id='par_1_31' title="bbox 414 2880 2076 2954">
     <span class='ocr_line' id='line_1_31' title="bbox 414 2880 2076 2954; baseline 0.002 -19"><span class='ocrx_word' id='word_1_243' title='bbox 414 2882 579 2946; x_wconf 75' lang='grc' dir='ltr'>Θεός.</span> <span class='ocrx_word' id='word_1_244' title='bbox 615 2883 755 2952; x_wconf 84' lang='grc' dir='ltr'>Ὅρα</span> <span class='ocrx_word' id='word_1_245' title='bbox 783 2882 941 2936; x_wconf 89' lang='grc' dir='ltr'>πάλιν</span> <span class='ocrx_word' id='word_1_246' title='bbox 972 2880 1060 2935; x_wconf 80' lang='grc' dir='ltr'>διὰ</span> <span class='ocrx_word' id='word_1_247' title='bbox 1087 2882 1186 2950; x_wconf 83' lang='grc' dir='ltr'>τῆς</span> <span class='ocrx_word' id='word_1_248' title='bbox 1220 2883 1586 2953; x_wconf 83' lang='grc' dir='ltr'>προσηγορίας</span> <span class='ocrx_word' id='word_1_249' title='bbox 1617 2882 1711 2937; x_wconf 89' lang='grc' dir='ltr'>τοῦ</span> <span class='ocrx_word' id='word_1_250' title='bbox 1741 2883 1835 2936; x_wconf 87' lang='grc' dir='ltr'>νῦν</span> <span class='ocrx_word' id='word_1_251' title='bbox 1859 2883 2076 2954; x_wconf 86' lang='grc' dir='ltr'>τεχθέν-</span> 
     </span>
    </p>
   </div>
   <div class='ocr_carea' id='block_1_32' title="bbox 414 2967 2073 3043">
    <p class='ocr_par' dir='ltr' id='par_1_32' title="bbox 414 2967 2073 3043">
     <span class='ocr_line' id='line_1_32' title="bbox 414 2967 2073 3043; baseline -0.004 -21"><span class='ocrx_word' id='word_1_252' title='bbox 414 2985 501 3033; x_wconf 83' lang='grc' dir='ltr'>τος</span> <span class='ocrx_word' id='word_1_253' title='bbox 528 2968 634 3022; x_wconf 84' lang='grc' dir='ltr'>ὐπὸ</span> <span class='ocrx_word' id='word_1_254' title='bbox 661 2968 755 3020; x_wconf 88' lang='grc' dir='ltr'>τοῦ</span> <span class='ocrx_word' id='word_1_255' title='bbox 781 2968 970 3037; x_wconf 84' lang='grc' dir='ltr'>Λάμεχ</span> <span class='ocrx_word' id='word_1_256' title='bbox 998 2967 1309 3037; x_wconf 85' lang='grc' dir='ltr'>μυστηρίων</span> <span class='ocrx_word' id='word_1_257' title='bbox 1337 2969 1397 3020; x_wconf 87' lang='grc' dir='ltr'>τὸ</span> <span class='ocrx_word' id='word_1_258' title='bbox 1427 2969 1672 3038; x_wconf 85' lang='grc' dir='ltr'>μέγεθος,</span> <span class='ocrx_word' id='word_1_259' title='bbox 1698 2971 1792 3026; x_wconf 83' lang='grc' dir='ltr'><strong>καί</strong></span> <span class='ocrx_word' id='word_1_260' title='bbox 1825 2974 2073 3043; x_wconf 73' lang='grc' dir='ltr'>προῤῥή-</span> 
     </span>
    </p>
   </div>
   <div class='ocr_carea' id='block_1_33' title="bbox 414 3052 2071 3126">
    <p class='ocr_par' dir='ltr' id='par_1_33' title="bbox 414 3052 2071 3126">
     <span class='ocr_line' id='line_1_33' title="bbox 414 3052 2071 3126; baseline 0.004 -20"><span class='ocrx_word' id='word_1_261' title='bbox 414 3070 551 3116; x_wconf 89' lang='grc' dir='ltr'>σεως</span> <span class='ocrx_word' id='word_1_262' title='bbox 581 3052 905 3125; x_wconf 81' lang='grc' dir='ltr'>ὑπερϐολὴν,</span> <span class='ocrx_word' id='word_1_263' title='bbox 945 3053 1038 3105; x_wconf 76' lang='grc' dir='ltr'>καὶ</span> <span class='ocrx_word' id='word_1_264' title='bbox 1067 3053 1469 3123; x_wconf 85' lang='grc' dir='ltr'>φιλανθρωπίαν</span> <span class='ocrx_word' id='word_1_265' title='bbox 1500 3055 1703 3122; x_wconf 79' lang='grc' dir='ltr'>ἄφατον</span> <span class='ocrx_word' id='word_1_266' title='bbox 1734 3056 1828 3110; x_wconf 90' lang='grc' dir='ltr'>τοῦ</span> <span class='ocrx_word' id='word_1_267' title='bbox 1866 3057 2071 3126; x_wconf 81' lang='grc' dir='ltr'>ἀγαθοῦ</span> 
     </span>
    </p>
   </div>
   <div class='ocr_carea' id='block_1_34' title="bbox 413 3137 2072 3211">
    <p class='ocr_par' dir='ltr' id='par_1_34' title="bbox 413 3137 2072 3211">
     <span class='ocr_line' id='line_1_34' title="bbox 413 3137 2072 3211; baseline 0.004 -20"><span class='ocrx_word' id='word_1_268' title='bbox 413 3138 568 3192; x_wconf 86' lang='grc' dir='ltr'>Θεοῦ.</span> <span class='ocrx_word' id='word_1_269' title='bbox 626 3137 841 3211; x_wconf 79' lang='grc' dir='ltr'>Ἐπειδὴ</span> <span class='ocrx_word' id='word_1_270' title='bbox 888 3138 998 3208; x_wconf 81' lang='grc' dir='ltr'>γὰρ</span> <span class='ocrx_word' id='word_1_271' title='bbox 1045 3141 1112 3210; x_wconf 83' lang='grc' dir='ltr'>τῇ</span> <span class='ocrx_word' id='word_1_272' title='bbox 1152 3139 1327 3210; x_wconf 78' lang='grc' dir='ltr'>οἰκείᾳ</span> <span class='ocrx_word' id='word_1_273' title='bbox 1372 3142 1764 3209; x_wconf 83' lang='grc' dir='ltr'>προγνώσειτά</span> <span class='ocrx_word' id='word_1_274' title='bbox 1810 3144 2072 3211; x_wconf 81' lang='grc' dir='ltr'>μέλλοντα</span> 
     </span>
    </p>
   </div>
   <div class='ocr_carea' id='block_1_35' title="bbox 412 3223 2068 3301">
    <p class='ocr_par' dir='ltr' id='par_1_35' title="bbox 412 3223 2068 3301">
     <span class='ocr_line' id='line_1_35' title="bbox 412 3223 2068 3301; baseline 0.002 -23"><span class='ocrx_word' id='word_1_275' title='bbox 412 3225 688 3295; x_wconf 80' lang='grc' dir='ltr'>προεώρα,</span> <span class='ocrx_word' id='word_1_276' title='bbox 722 3223 842 3277; x_wconf 88' lang='grc' dir='ltr'>ίδὼν</span> <span class='ocrx_word' id='word_1_277' title='bbox 866 3224 960 3295; x_wconf 87' lang='grc' dir='ltr'>τὴν</span> <span class='ocrx_word' id='word_1_278' title='bbox 994 3223 1191 3278; x_wconf 89' lang='grc' dir='ltr'>κακίαν</span> <span class='ocrx_word' id='word_1_279' title='bbox 1217 3224 1325 3277; x_wconf 91' lang='grc' dir='ltr'>τῶν</span> <span class='ocrx_word' id='word_1_280' title='bbox 1358 3226 1657 3296; x_wconf 87' lang='grc' dir='ltr'>ἀνθρώπων</span> <span class='ocrx_word' id='word_1_281' title='bbox 1681 3227 2068 3301; x_wconf 78' lang='grc' dir='ltr'>αὐξανομένην,</span> 
     </span>
    </p>
   </div>
   <div class='ocr_carea' id='block_1_36' title="bbox 413 3310 2072 3384">
    <p class='ocr_par' dir='ltr' id='par_1_36' title="bbox 413 3310 2072 3384">
     <span class='ocr_line' id='line_1_36' title="bbox 413 3310 2072 3384; baseline 0.004 -21"><span class='ocrx_word' id='word_1_282' title='bbox 413 3311 667 3380; x_wconf 81' lang='grc' dir='ltr'>προλέγει</span> <span class='ocrx_word' id='word_1_283' title='bbox 704 3311 791 3364; x_wconf 77' lang='grc' dir='ltr'>διὰ</span> <span class='ocrx_word' id='word_1_284' title='bbox 832 3312 930 3380; x_wconf 85' lang='grc' dir='ltr'>τῆς</span> <span class='ocrx_word' id='word_1_285' title='bbox 957 3310 1050 3363; x_wconf 89' lang='grc' dir='ltr'>τοῦ</span> <span class='ocrx_word' id='word_1_286' title='bbox 1090 3311 1277 3375; x_wconf 80' lang='grc' dir='ltr'>παιδὸς</span> <span class='ocrx_word' id='word_1_287' title='bbox 1305 3313 1671 3383; x_wconf 81' lang='grc' dir='ltr'>προσηγορίας</span> <span class='ocrx_word' id='word_1_288' title='bbox 1710 3314 1777 3367; x_wconf 89' lang='grc' dir='ltr'>τά</span> <span class='ocrx_word' id='word_1_289' title='bbox 1812 3315 2072 3384; x_wconf 86' lang='grc' dir='ltr'>μέλλοντα</span> 
     </span>
    </p>
   </div>
   <div class='ocr_carea' id='block_1_37' title="bbox 412 3394 2072 3471">
    <p class='ocr_par' dir='ltr' id='par_1_37' title="bbox 412 3394 2072 3471">
     <span class='ocr_line' id='line_1_37' title="bbox 412 3394 2072 3471; baseline 0.004 -22"><span class='ocrx_word' id='word_1_290' title='bbox 412 3395 822 3466; x_wconf 74' lang='grc' dir='ltr'>καταλήψεσθαι</span> <span class='ocrx_word' id='word_1_291' title='bbox 854 3394 1000 3449; x_wconf 87' lang='grc' dir='ltr'>κακά</span> <span class='ocrx_word' id='word_1_292' title='bbox 1044 3395 1189 3448; x_wconf 84' lang='grc' dir='ltr'>ἀπαν</span> <span class='ocrx_word' id='word_1_293' title='bbox 1217 3395 1277 3449; x_wconf 86' lang='grc' dir='ltr'>τὸ</span> <span class='ocrx_word' id='word_1_294' title='bbox 1307 3397 1415 3450; x_wconf 86' lang='grc' dir='ltr'>τῶν</span> <span class='ocrx_word' id='word_1_295' title='bbox 1448 3397 1749 3471; x_wconf 88' lang='grc' dir='ltr'>ἀνθρώπων</span> <span class='ocrx_word' id='word_1_296' title='bbox 1778 3401 1952 3468; x_wconf 75' lang='grc' dir='ltr'>γένος,</span> <span class='ocrx_word' id='word_1_297' title='bbox 1985 3402 2072 3457; x_wconf 84' lang='grc' dir='ltr'>ίνα</span> 
     </span>
    </p>
   </div>
   <div class='ocr_carea' id='block_1_38' title="bbox 411 3481 2068 3558">
    <p class='ocr_par' dir='ltr' id='par_1_38' title="bbox 411 3481 2068 3558">
     <span class='ocr_line' id='line_1_38' title="bbox 411 3481 2068 3558; baseline 0.002 -21"><span class='ocrx_word' id='word_1_298' title='bbox 411 3485 513 3537; x_wconf 63' lang='grc' dir='ltr'>κᾶν</span> <span class='ocrx_word' id='word_1_299' title='bbox 561 3484 638 3553; x_wconf 79' lang='grc' dir='ltr'>τῷ</span> <span class='ocrx_word' id='word_1_300' title='bbox 681 3483 831 3553; x_wconf 79' lang='grc' dir='ltr'>φὸίῳ</span> <span class='ocrx_word' id='word_1_301' title='bbox 861 3481 1318 3553; x_wconf 87' lang='grc' dir='ltr'>σωφρονισθέντες</span> <span class='ocrx_word' id='word_1_302' title='bbox 1348 3483 1687 3553; x_wconf 85' lang='grc' dir='ltr'>ἀπόσχωνται</span> <span class='ocrx_word' id='word_1_303' title='bbox 1714 3490 1812 3558; x_wconf 82' lang='grc' dir='ltr'>τῆς</span> <span class='ocrx_word' id='word_1_304' title='bbox 1852 3488 2068 3555; x_wconf 83' lang='grc' dir='ltr'>κακίας,</span> 
     </span>
    </p>
   </div>
   <div class='ocr_carea' id='block_1_39' title="bbox 409 3568 2066 3643">
    <p class='ocr_par' dir='ltr' id='par_1_39' title="bbox 409 3568 2066 3643">
     <span class='ocr_line' id='line_1_39' title="bbox 409 3568 2066 3643; baseline 0.001 -20"><span class='ocrx_word' id='word_1_305' title='bbox 409 3570 635 3623; x_wconf 69' lang='grc' dir='ltr'>ἕλωνται</span> <span class='ocrx_word' id='word_1_306' title='bbox 662 3570 720 3621; x_wconf 86' lang='grc' dir='ltr'>δὲ</span> <span class='ocrx_word' id='word_1_307' title='bbox 742 3568 839 3639; x_wconf 80' lang='grc' dir='ltr'>τὴν</span> <span class='ocrx_word' id='word_1_308' title='bbox 863 3568 1081 3638; x_wconf 76' lang='grc' dir='ltr'>ἀρετήν.</span> <span class='ocrx_word' id='word_1_309' title='bbox 1115 3568 1225 3621; x_wconf 73' lang='grc' dir='ltr'>Καὶ</span> <span class='ocrx_word' id='word_1_310' title='bbox 1245 3568 1347 3638; x_wconf 87' lang='grc' dir='ltr'>ὅρα</span> <span class='ocrx_word' id='word_1_311' title='bbox 1370 3569 1746 3641; x_wconf 86' lang='grc' dir='ltr'>μακροθυμίαν</span> <span class='ocrx_word' id='word_1_312' title='bbox 1775 3574 2066 3643; x_wconf 82' lang='grc' dir='ltr'>Δεσπότου,</span> 
     </span>
    </p>
   </div>
   <div class='ocr_carea' id='block_1_40' title="bbox 407 3653 2070 3725">
    <p class='ocr_par' dir='ltr' id='par_1_40' title="bbox 407 3653 2070 3725">
     <span class='ocr_line' id='line_1_40' title="bbox 407 3653 2070 3725; baseline 0.004 -18"><span class='ocrx_word' id='word_1_313' title='bbox 407 3654 515 3723; x_wconf 77' lang='grc' dir='ltr'>πρὸ</span> <span class='ocrx_word' id='word_1_314' title='bbox 540 3654 707 3707; x_wconf 87' lang='grc' dir='ltr'>πόσου</span> <span class='ocrx_word' id='word_1_315' title='bbox 740 3654 931 3723; x_wconf 84' lang='grc' dir='ltr'>χρόνου</span> <span class='ocrx_word' id='word_1_316' title='bbox 960 3653 1060 3721; x_wconf 78' lang='grc' dir='ltr'>τὴν</span> <span class='ocrx_word' id='word_1_317' title='bbox 1090 3654 1392 3725; x_wconf 71' lang='grc' dir='ltr'>πρόρρησιν</span> <span class='ocrx_word' id='word_1_318' title='bbox 1414 3655 1666 3722; x_wconf 80' lang='grc' dir='ltr'>γενέσθαι</span> <span class='ocrx_word' id='word_1_319' title='bbox 1683 3661 1841 3719; x_wconf 87' lang='grc' dir='ltr'>ποιεῖ,</span> <span class='ocrx_word' id='word_1_320' title='bbox 1861 3659 1945 3712; x_wconf 78' lang='grc' dir='ltr'>ἵνα</span> <span class='ocrx_word' id='word_1_321' title='bbox 1976 3661 2070 3713; x_wconf 63' lang='grc' dir='ltr'>καί¹</span> 
     </span>
    </p>
   </div>
   <div class='ocr_carea' id='block_1_41' title="bbox 404 3740 2070 3816">
    <p class='ocr_par' dir='ltr' id='par_1_41' title="bbox 404 3740 2070 3816">
     <span class='ocr_line' id='line_1_41' title="bbox 404 3740 2070 3816; baseline 0.002 -23"><span class='ocrx_word' id='word_1_322' title='bbox 404 3745 506 3811; x_wconf 80' lang='grc' dir='ltr'>τὴν</span> <span class='ocrx_word' id='word_1_323' title='bbox 560 3743 766 3793; x_wconf 81' lang='grc' dir='ltr'>οἰκείαν</span> <span class='ocrx_word' id='word_1_324' title='bbox 830 3740 1162 3809; x_wconf 69' lang='grc' dir='ltr'>ἐπιδείξηται</span> <span class='ocrx_word' id='word_1_325' title='bbox 1214 3741 1623 3812; x_wconf 82' lang='grc' dir='ltr'>φιλανθρωπίαν</span> <span class='ocrx_word' id='word_1_326' title='bbox 1660 3786 1675 3809; x_wconf 87' lang='grc'>,</span> <span class='ocrx_word' id='word_1_327' title='bbox 1731 3747 1827 3799; x_wconf 70' lang='grc' dir='ltr'>καὶ</span> <span class='ocrx_word' id='word_1_328' title='bbox 1888 3748 2070 3816; x_wconf 77' lang='grc' dir='ltr'>πάσης</span> 
     </span>
    </p>
   </div>
   <div class='ocr_carea' id='block_1_42' title="bbox 407 3827 2069 3901">
    <p class='ocr_par' dir='ltr' id='par_1_42' title="bbox 407 3827 2069 3901">
     <span class='ocr_line' id='line_1_42' title="bbox 407 3827 2069 3901; baseline 0.002 -20"><span class='ocrx_word' id='word_1_329' title='bbox 407 3827 700 3895; x_wconf 74' lang='grc' dir='ltr'>ἀπολογίας</span> <span class='ocrx_word' id='word_1_330' title='bbox 760 3829 1107 3898; x_wconf 78' lang='grc' dir='ltr'>ἀποστερήσῃ</span> <span class='ocrx_word' id='word_1_331' title='bbox 1149 3827 1274 3890; x_wconf 65' lang='lat'><strong>:06;</strong></span> <span class='ocrx_word' id='word_1_332' title='bbox 1319 3828 1417 3898; x_wconf 76' lang='grc' dir='ltr'>τήν</span> <span class='ocrx_word' id='word_1_333' title='bbox 1461 3829 1730 3900; x_wconf 78' lang='grc' dir='ltr'>τιμωρίαν</span> <span class='ocrx_word' id='word_1_334' title='bbox 1778 3832 2069 3901; x_wconf 77' lang='grc' dir='ltr'>μέλλοντας</span> 
     </span>
    </p>
   </div>
   <div class='ocr_carea' id='block_1_43' title="bbox 403 3913 672 3983">
    <p class='ocr_par' dir='ltr' id='par_1_43' title="bbox 403 3913 672 3983">
     <span class='ocr_line' id='line_1_43' title="bbox 403 3913 672 3983; baseline 0.004 -14"><span class='ocrx_word' id='word_1_335' title='bbox 403 3913 672 3983; x_wconf 70' lang='grc' dir='ltr'>δίχτσθαι.</span> 
     </span>
    </p>
   </div>
   <div class='ocr_carea' id='block_1_44' title="bbox 491 3998 2068 4072">
    <p class='ocr_par' dir='ltr' id='par_1_44' title="bbox 491 3998 2068 4072">
     <span class='ocr_line' id='line_1_44' title="bbox 491 3998 2068 4072; baseline 0.004 -19"><span class='ocrx_word' id='word_1_336' title='bbox 491 3998 627 4053; x_wconf 81' lang='lat' dir='ltr'><strong>&#39;A11‘</strong></span> <span class='ocrx_word' id='word_1_337' title='bbox 658 3999 788 4063; x_wconf 79' lang='grc' dir='ltr'>ἴσως</span> <span class='ocrx_word' id='word_1_338' title='bbox 822 3999 887 4054; x_wconf 86' lang='grc' dir='ltr'>ἀν</span> <span class='ocrx_word' id='word_1_339' title='bbox 915 4016 998 4063; x_wconf 90' lang='grc' dir='ltr'>τις</span> <span class='ocrx_word' id='word_1_340' title='bbox 1019 3998 1184 4059; x_wconf 86' lang='grc' dir='ltr'>είποι.</span> <span class='ocrx_word' id='word_1_341' title='bbox 1222 4000 1316 4053; x_wconf 67' lang='grc' dir='ltr'>καὶ⁵</span> <span class='ocrx_word' id='word_1_342' title='bbox 1342 3998 1504 4053; x_wconf 81' lang='grc' dir='ltr'>πόθεν</span> <span class='ocrx_word' id='word_1_343' title='bbox 1532 3998 1611 4070; x_wconf 79' lang='grc' dir='ltr'>τῷ</span> <span class='ocrx_word' id='word_1_344' title='bbox 1642 4000 1831 4072; x_wconf 81' lang='grc' dir='ltr'>Λάμεχ</span> <span class='ocrx_word' id='word_1_345' title='bbox 1860 4002 1919 4055; x_wconf 90' lang='grc' dir='ltr'>τὸ</span> <span class='ocrx_word' id='word_1_346' title='bbox 1944 4022 2068 4058; x_wconf 89' lang='grc' dir='ltr'>τοσ-</span> 
     </span>
    </p>
   </div>
   <div class='ocr_carea' id='block_1_45' title="bbox 405 4086 2065 4164">
    <p class='ocr_par' dir='ltr' id='par_1_45' title="bbox 405 4086 2065 4164">
     <span class='ocr_line' id='line_1_45' title="bbox 405 4086 2065 4164; baseline 0.001 -24"><span class='ocrx_word' id='word_1_347' title='bbox 405 4087 561 4140; x_wconf 85' lang='grc' dir='ltr'>οῦτον</span> <span class='ocrx_word' id='word_1_348' title='bbox 605 4086 833 4157; x_wconf 86' lang='grc' dir='ltr'>μέγεθος</span> <span class='ocrx_word' id='word_1_349' title='bbox 874 4087 973 4159; x_wconf 83' lang='grc' dir='ltr'>τῆς</span> <span class='ocrx_word' id='word_1_350' title='bbox 1019 4088 1407 4159; x_wconf 76' lang='grc' dir='ltr'>προρρήσεωςς</span> <span class='ocrx_word' id='word_1_351' title='bbox 1462 4086 1537 4160; x_wconf 84' lang='grc' dir='ltr'>μή</span> <span class='ocrx_word' id='word_1_352' title='bbox 1579 4086 1688 4159; x_wconf 90' lang='grc' dir='ltr'>γάρ</span> <span class='ocrx_word' id='word_1_353' title='bbox 1733 4088 2065 4164; x_wconf 87' lang='grc' dir='ltr'>μέμνηταιή</span> 
     </span>
    </p>
   </div>
   <div class='ocr_carea' id='block_1_46' title="bbox 405 4170 2064 4247">
    <p class='ocr_par' dir='ltr' id='par_1_46' title="bbox 405 4170 2064 4247">
     <span class='ocr_line' id='line_1_46' title="bbox 405 4170 2064 4247; baseline 0.002 -22"><span class='ocrx_word' id='word_1_354' title='bbox 405 4172 615 4244; x_wconf 76' lang='grc' dir='ltr'>Γραφὴ,</span> <span class='ocrx_word' id='word_1_355' title='bbox 632 4175 713 4227; x_wconf 82' lang='grc' dir='ltr'>ὅτι</span> <span class='ocrx_word' id='word_1_356' title='bbox 737 4174 987 4246; x_wconf 82' lang='grc' dir='ltr'>ὲνάρετός</span> <span class='ocrx_word' id='word_1_357' title='bbox 1014 4190 1095 4238; x_wconf 88' lang='grc' dir='ltr'>τις</span> <span class='ocrx_word' id='word_1_358' title='bbox 1119 4170 1185 4244; x_wconf 79' lang='grc' dir='ltr'>ἦν</span> <span class='ocrx_word' id='word_1_359' title='bbox 1207 4173 1300 4226; x_wconf 73' lang='grc' dir='ltr'>καὶ</span> <span class='ocrx_word' id='word_1_360' title='bbox 1320 4173 1624 4243; x_wconf 85' lang='grc' dir='ltr'>θαυμαστός</span> <span class='ocrx_word' id='word_1_361' title='bbox 1644 4190 1660 4238; x_wconf 89' lang='grc'><strong>;</strong></span> <span class='ocrx_word' id='word_1_362' title='bbox 1683 4174 1771 4245; x_wconf 77' lang='grc' dir='ltr'>Μὴ</span> <span class='ocrx_word' id='word_1_363' title='bbox 1796 4174 2064 4247; x_wconf 79' lang='grc' dir='ltr'>ξενισθῇς,</span> 
     </span>
    </p>
   </div>
   <div class='ocr_carea' id='block_1_47' title="bbox 403 4258 2065 4332">
    <p class='ocr_par' dir='ltr' id='par_1_47' title="bbox 403 4258 2065 4332">
     <span class='ocr_line' id='line_1_47' title="bbox 403 4258 2065 4332; baseline 0.002 -21"><span class='ocrx_word' id='word_1_364' title='bbox 403 4259 653 4329; x_wconf 83' lang='grc' dir='ltr'>ἀγαπητέ</span> <span class='ocrx_word' id='word_1_365' title='bbox 674 4277 687 4291; x_wconf 80' lang='grc'><em>’</em></span> <span class='ocrx_word' id='word_1_366' title='bbox 716 4260 876 4328; x_wconf 76' lang='grc' dir='ltr'>σοφὸς</span> <span class='ocrx_word' id='word_1_367' title='bbox 902 4259 1011 4332; x_wconf 75' lang='grc' dir='ltr'>γάρ</span> <span class='ocrx_word' id='word_1_368' title='bbox 1041 4258 1115 4311; x_wconf 88' lang='grc' dir='ltr'>ῶν</span> <span class='ocrx_word' id='word_1_369' title='bbox 1148 4260 1240 4311; x_wconf 74' lang='grc' dir='ltr'>καὶ</span> <span class='ocrx_word' id='word_1_370' title='bbox 1269 4259 1571 4330; x_wconf 86' lang='grc' dir='ltr'>εὐμήχανος</span> <span class='ocrx_word' id='word_1_371' title='bbox 1596 4262 1624 4313; x_wconf 85' lang='grc' dir='ltr'>ὁ</span> <span class='ocrx_word' id='word_1_372' title='bbox 1653 4261 1947 4330; x_wconf 83' lang='grc' dir='ltr'>Δεσπότης.</span> <span class='ocrx_word' id='word_1_373' title='bbox 1974 4263 2065 4315; x_wconf 73' lang='grc' dir='ltr'>καὶ</span> 
     </span>
    </p>
   </div>
   <div class='ocr_carea' id='block_1_48' title="bbox 402 4343 2065 4418">
    <p class='ocr_par' dir='ltr' id='par_1_48' title="bbox 402 4343 2065 4418">
     <span class='ocr_line' id='line_1_48' title="bbox 402 4343 2065 4418; baseline 0.003 -24"><span class='ocrx_word' id='word_1_374' title='bbox 402 4343 471 4396; x_wconf 73' lang='grc' dir='ltr'>δι’</span> <span class='ocrx_word' id='word_1_375' title='bbox 504 4344 737 4409; x_wconf 78' lang='grc' dir='ltr'>ἀναξίων</span> <span class='ocrx_word' id='word_1_376' title='bbox 770 4344 1029 4406; x_wconf 80' lang='grc' dir='ltr'>πολλάκις</span> <span class='ocrx_word' id='word_1_377' title='bbox 1069 4345 1359 4414; x_wconf 87' lang='grc' dir='ltr'>συγχωρεῖ.</span> <span class='ocrx_word' id='word_1_378' title='bbox 1390 4344 1747 4411; x_wconf 83' lang='grc' dir='ltr'>προλέγεσθαι</span> <span class='ocrx_word' id='word_1_379' title='bbox 1779 4345 2065 4418; x_wconf 83' lang='grc' dir='ltr'>θαυμαστά</span> 
     </span>
    </p>
   </div>
   <div class='ocr_carea' id='block_1_49' title="bbox 407 4427 2064 4506">
    <p class='ocr_par' dir='ltr' id='par_1_49' title="bbox 407 4427 2064 4506">
     <span class='ocr_line' id='line_1_49' title="bbox 407 4427 2064 4506; baseline 0.004 -26"><span class='ocrx_word' id='word_1_380' title='bbox 407 4428 502 4480; x_wconf 74' lang='grc' dir='ltr'>καὶ</span> <span class='ocrx_word' id='word_1_381' title='bbox 550 4427 758 4499; x_wconf 77' lang='grc' dir='ltr'>μεγάλα</span> <span class='ocrx_word' id='word_1_382' title='bbox 795 4428 1111 4498; x_wconf 87' lang='grc' dir='ltr'>πράγματα,</span> <span class='ocrx_word' id='word_1_383' title='bbox 1144 4429 1237 4482; x_wconf 78' lang='grc' dir='ltr'>καὶ</span> <span class='ocrx_word' id='word_1_384' title='bbox 1284 4428 1383 4480; x_wconf 89' lang='grc' dir='ltr'>οὐκ</span> <span class='ocrx_word' id='word_1_385' title='bbox 1441 4430 1500 4481; x_wconf 83' lang='grc' dir='ltr'>ἐν</span> <span class='ocrx_word' id='word_1_386' title='bbox 1531 4432 1598 4498; x_wconf 77' lang='grc' dir='ltr'>τῇ</span> <span class='ocrx_word' id='word_1_387' title='bbox 1645 4430 1856 4502; x_wconf 82' lang='grc' dir='ltr'>Παλαιᾷ</span> <span class='ocrx_word' id='word_1_388' title='bbox 1906 4433 2064 4506; x_wconf 86' lang='grc' dir='ltr'>μόνον</span> 
     </span>
    </p>
   </div>
   <div class='ocr_carea' id='block_1_50' title="bbox 404 4511 2066 4589">
    <p class='ocr_par' dir='ltr' id='par_1_50' title="bbox 404 4511 2066 4589">
     <span class='ocr_line' id='line_1_50' title="bbox 404 4511 2066 4589; baseline 0.005 -24"><span class='ocrx_word' id='word_1_389' title='bbox 404 4512 579 4573; x_wconf 83' lang='grc' dir='ltr'>τοῦτο,</span> <span class='ocrx_word' id='word_1_390' title='bbox 615 4511 748 4565; x_wconf 89' lang='grc' dir='ltr'>ἀλλά</span> <span class='ocrx_word' id='word_1_391' title='bbox 787 4513 880 4565; x_wconf 73' lang='grc' dir='ltr'>καὶ</span> <span class='ocrx_word' id='word_1_392' title='bbox 910 4515 967 4567; x_wconf 90' lang='grc' dir='ltr'>ἐν</span> <span class='ocrx_word' id='word_1_393' title='bbox 991 4516 1057 4585; x_wconf 71' lang='grc' dir='ltr'>τῇ</span> <span class='ocrx_word' id='word_1_394' title='bbox 1087 4515 1280 4585; x_wconf 78' lang='grc' dir='ltr'>Καινῇ.</span> <span class='ocrx_word' id='word_1_395' title='bbox 1314 4515 1512 4567; x_wconf 76' lang='grc' dir='ltr'>’Λκουε</span> <span class='ocrx_word' id='word_1_396' title='bbox 1537 4515 1645 4587; x_wconf 85' lang='grc' dir='ltr'>γάρ</span> <span class='ocrx_word' id='word_1_397' title='bbox 1668 4516 1761 4569; x_wconf 86' lang='grc' dir='ltr'>τοῦ</span> <span class='ocrx_word' id='word_1_398' title='bbox 1793 4519 2066 4589; x_wconf 85' lang='grc' dir='ltr'>εὐαγγελι-</span> 
     </span>
    </p>
   </div>
   <div class='ocr_carea' id='block_1_51' title="bbox 407 4598 2064 4674">
    <p class='ocr_par' dir='ltr' id='par_1_51' title="bbox 407 4598 2064 4674">
     <span class='ocr_line' id='line_1_51' title="bbox 407 4598 2064 4674; baseline 0.004 -21"><span class='ocrx_word' id='word_1_399' title='bbox 407 4598 534 4653; x_wconf 85' lang='grc' dir='ltr'>στοῦ</span> <span class='ocrx_word' id='word_1_400' title='bbox 561 4600 687 4670; x_wconf 66' lang='grc' dir='ltr'>περὶ</span> <span class='ocrx_word' id='word_1_401' title='bbox 716 4598 810 4652; x_wconf 85' lang='grc' dir='ltr'>τοῦ</span> <span class='ocrx_word' id='word_1_402' title='bbox 843 4600 1067 4668; x_wconf 74' lang='grc' dir='ltr'>Καῖάφα</span> <span class='ocrx_word' id='word_1_403' title='bbox 1088 4600 1183 4656; x_wconf 87' lang='grc' dir='ltr'>τοῦ</span> <span class='ocrx_word' id='word_1_404' title='bbox 1213 4599 1323 4653; x_wconf 86' lang='grc' dir='ltr'>τῶν</span> <span class='ocrx_word' id='word_1_405' title='bbox 1371 4600 1631 4655; x_wconf 82' lang='grc' dir='ltr'>Ἰουδαίων</span> <span class='ocrx_word' id='word_1_406' title='bbox 1651 4603 1946 4674; x_wconf 84' lang='grc' dir='ltr'>ἀρχιερέως</span> <span class='ocrx_word' id='word_1_407' title='bbox 1976 4605 2064 4659; x_wconf 86' lang='grc' dir='ltr'>λέ-</span> 
     </span>
    </p>
   </div>
   <div class='ocr_carea' id='block_1_52' title="bbox 404 4683 2063 4759">
    <p class='ocr_par' dir='ltr' id='par_1_52' title="bbox 404 4683 2063 4759">
     <span class='ocr_line' id='line_1_52' title="bbox 404 4683 2063 4759; baseline -0.01 -8"><span class='ocrx_word' id='word_1_408' title='bbox 404 4702 593 4754; x_wconf 77' lang='grc' dir='ltr'>γοντος</span> <span class='ocrx_word' id='word_1_409' title='bbox 618 4704 630 4717; x_wconf 89' lang='grc'>⁶</span> <span class='ocrx_word' id='word_1_410' title='bbox 679 4686 855 4746; x_wconf 79' lang='grc' dir='ltr'>Τοῦτο</span> <span class='ocrx_word' id='word_1_411' title='bbox 885 4686 954 4740; x_wconf 76' lang='grc' dir='ltr'>δὲ</span> <span class='ocrx_word' id='word_1_412' title='bbox 984 4687 1086 4756; x_wconf 71' lang='grc' dir='ltr'>ἀφ’</span> <span class='ocrx_word' id='word_1_413' title='bbox 1128 4687 1345 4747; x_wconf 69' lang='grc' dir='ltr'>ἑαυτοῦ</span> <span class='ocrx_word' id='word_1_414' title='bbox 1386 4688 1498 4743; x_wconf 77' lang='grc' dir='ltr'>οὐκ</span> <span class='ocrx_word' id='word_1_415' title='bbox 1538 4683 1727 4751; x_wconf 75' lang='grc' dir='ltr'>εἶπεν,</span> <span class='ocrx_word' id='word_1_416' title='bbox 1773 4690 1911 4744; x_wconf 69' lang='grc' dir='ltr'>ἀλλ’</span> <span class='ocrx_word' id='word_1_417' title='bbox 1955 4692 2063 4759; x_wconf 76' lang='grc' dir='ltr'>ἀρ-</span> 
     </span>
    </p>
   </div>
   <div class='ocr_carea' id='block_1_53' title="bbox 404 4772 2058 4844">
    <p class='ocr_par' dir='ltr' id='par_1_53' title="bbox 404 4772 2058 4844">
     <span class='ocr_line' id='line_1_53' title="bbox 404 4772 2058 4844; baseline 0.006 -21"><span class='ocrx_word' id='word_1_418' title='bbox 404 4773 636 4840; x_wconf 74' lang='grc' dir='ltr'>χιερεὺς</span> <span class='ocrx_word' id='word_1_419' title='bbox 672 4772 758 4827; x_wconf 83' lang='grc' dir='ltr'>ὢν</span> <span class='ocrx_word' id='word_1_420' title='bbox 803 4775 910 4829; x_wconf 87' lang='grc' dir='ltr'>τοῦ</span> <span class='ocrx_word' id='word_1_421' title='bbox 947 4775 1224 4830; x_wconf 81' lang='grc' dir='ltr'>ἐνιαυτοῦ</span> <span class='ocrx_word' id='word_1_422' title='bbox 1271 4776 1506 4829; x_wconf 82' lang='grc' dir='ltr'>ἐκείνου</span> <span class='ocrx_word' id='word_1_423' title='bbox 1525 4813 1542 4837; x_wconf 87' lang='grc'>,</span> <span class='ocrx_word' id='word_1_424' title='bbox 1589 4776 2058 4844; x_wconf 61' lang='grc' dir='ltr'>προεφήτευσεν.</span> 
     </span>
    </p>
   </div>
   <div class='ocr_carea' id='block_1_54' title="bbox 401 4860 2059 4931">
    <p class='ocr_par' dir='ltr' id='par_1_54' title="bbox 401 4860 2059 4931">
     <span class='ocr_line' id='line_1_54' title="bbox 401 4860 2059 4931; baseline 0.005 -18"><span class='ocrx_word' id='word_1_425' title='bbox 401 4860 490 4914; x_wconf 83' lang='grc' dir='ltr'>ὅτι</span> <span class='ocrx_word' id='word_1_426' title='bbox 526 4860 790 4929; x_wconf 67' lang='grc' dir='ltr'>ἤμελλεν</span> <span class='ocrx_word' id='word_1_427' title='bbox 817 4863 851 4914; x_wconf 87' lang='grc' dir='ltr'>ό</span> <span class='ocrx_word' id='word_1_428' title='bbox 890 4861 1121 4928; x_wconf 83' lang='grc' dir='ltr'>Ἰησοῦς</span> <span class='ocrx_word' id='word_1_429' title='bbox 1153 4862 1583 4930; x_wconf 76' lang='grc' dir='ltr'>ἀποθνήσκειν,</span> <span class='ocrx_word' id='word_1_430' title='bbox 1625 4864 1739 4930; x_wconf 81' lang='grc' dir='ltr'>οὐχ</span> <span class='ocrx_word' id='word_1_431' title='bbox 1767 4863 1918 4931; x_wconf 80' lang='grc' dir='ltr'>ὑπὲρ</span> <span class='ocrx_word' id='word_1_432' title='bbox 1953 4865 2059 4921; x_wconf 86' lang='grc' dir='ltr'>τοῦ</span> 
     </span>
    </p>
   </div>
   <div class='ocr_carea' id='block_1_55' title="bbox 404 4946 2059 5020">
    <p class='ocr_par' dir='ltr' id='par_1_55' title="bbox 404 4946 2059 5020">
     <span class='ocr_line' id='line_1_55' title="bbox 404 4946 2059 5020; baseline 0.005 -21"><span class='ocrx_word' id='word_1_433' title='bbox 404 4946 555 5000; x_wconf 75' lang='grc' dir='ltr'>λαοῦ</span> <span class='ocrx_word' id='word_1_434' title='bbox 570 4947 782 5016; x_wconf 80' lang='grc' dir='ltr'>μόνον,</span> <span class='ocrx_word' id='word_1_435' title='bbox 812 4947 949 5002; x_wconf 71' lang='grc' dir='ltr'>ἀλλ’</span> <span class='ocrx_word' id='word_1_436' title='bbox 982 4949 1082 5003; x_wconf 80' lang='grc' dir='ltr'>ἵνα</span> <span class='ocrx_word' id='word_1_437' title='bbox 1114 4948 1213 5002; x_wconf 75' lang='grc' dir='ltr'>καί</span> <span class='ocrx_word' id='word_1_438' title='bbox 1242 4948 1313 5003; x_wconf 87' lang='grc' dir='ltr'>τὰ</span> <span class='ocrx_word' id='word_1_439' title='bbox 1336 4948 1480 5016; x_wconf 75' lang='grc' dir='ltr'>ἔθνη</span> <span class='ocrx_word' id='word_1_440' title='bbox 1504 4946 1578 5001; x_wconf 79' lang='grc' dir='ltr'>τὰ</span> <span class='ocrx_word' id='word_1_441' title='bbox 1612 4948 2059 5020; x_wconf 78' lang='grc' dir='ltr'>ἐσκορπισμένα</span> 
     </span>
    </p>
   </div>
   <div class='ocr_carea' id='block_1_56' title="bbox 398 5030 2059 5105">
    <p class='ocr_par' dir='ltr' id='par_1_56' title="bbox 398 5030 2059 5105">
     <span class='ocr_line' id='line_1_56' title="bbox 398 5030 2059 5105; baseline 0.005 -22"><span class='ocrx_word' id='word_1_442' title='bbox 398 5030 715 5102; x_wconf 73' lang='grc' dir='ltr'>συναγάγῃ</span> <span class='ocrx_word' id='word_1_443' title='bbox 745 5034 832 5098; x_wconf 84' lang='grc' dir='ltr'>είς</span> <span class='ocrx_word' id='word_1_444' title='bbox 856 5032 944 5085; x_wconf 84' lang='grc' dir='ltr'>ἓν.</span> <span class='ocrx_word' id='word_1_445' title='bbox 975 5034 1241 5105; x_wconf 77' lang='grc' dir='ltr'>Εὐρήσεις</span> <span class='ocrx_word' id='word_1_446' title='bbox 1271 5032 1507 5089; x_wconf 83' lang='grc' dir='ltr'>τοιοῦτόν</span> <span class='ocrx_word' id='word_1_447' title='bbox 1534 5051 1585 5086; x_wconf 89' lang='grc' dir='ltr'>τι</span> <span class='ocrx_word' id='word_1_448' title='bbox 1637 5034 1798 5088; x_wconf 85' lang='grc' dir='ltr'>πάλιν</span> <span class='ocrx_word' id='word_1_449' title='bbox 1843 5036 1937 5088; x_wconf 63' lang='grc' dir='ltr'>καὶ⁸</span> <span class='ocrx_word' id='word_1_450' title='bbox 1966 5038 2059 5091; x_wconf 79' lang='grc' dir='ltr'>ἐπὶ</span> 
     </span>
    </p>
   </div>
   <div class='ocr_carea' id='block_1_57' title="bbox 398 5116 2058 5196">
    <p class='ocr_par' dir='ltr' id='par_1_57' title="bbox 398 5116 2058 5196">
     <span class='ocr_line' id='line_1_57' title="bbox 398 5116 2058 5196; baseline 0.005 -28"><span class='ocrx_word' id='word_1_451' title='bbox 398 5116 490 5170; x_wconf 83' lang='grc' dir='ltr'>τοῦ</span> <span class='ocrx_word' id='word_1_452' title='bbox 518 5116 746 5188; x_wconf 75' lang='grc' dir='ltr'>Βαλαὰμ</span> <span class='ocrx_word' id='word_1_453' title='bbox 770 5119 1070 5188; x_wconf 88' lang='grc' dir='ltr'>γινόμενον.</span> <span class='ocrx_word' id='word_1_454' title='bbox 1128 5119 1362 5190; x_wconf 70' lang='grc' dir='ltr'>κληθεὶς</span> <span class='ocrx_word' id='word_1_455' title='bbox 1390 5120 1498 5191; x_wconf 81' lang='grc' dir='ltr'>γάρ</span> <span class='ocrx_word' id='word_1_456' title='bbox 1527 5119 1666 5173; x_wconf 86' lang='grc' dir='ltr'>ὥστε</span> <span class='ocrx_word' id='word_1_457' title='bbox 1685 5122 1711 5161; x_wconf 75' lang='lat' dir='ltr'><strong>b</strong></span> <span class='ocrx_word' id='word_1_458' title='bbox 1746 5123 2058 5196; x_wconf 86' lang='grc' dir='ltr'>καταράσα-</span> 
     </span>
    </p>
   </div>
   <div class='ocr_carea' id='block_1_58' title="bbox 400 5203 2056 5280">
    <p class='ocr_par' dir='ltr' id='par_1_58' title="bbox 400 5203 2056 5280">
     <span class='ocr_line' id='line_1_58' title="bbox 400 5203 2056 5280; baseline 0.004 -24"><span class='ocrx_word' id='word_1_459' title='bbox 400 5204 527 5258; x_wconf 77' lang='grc' dir='ltr'>σθαι</span> <span class='ocrx_word' id='word_1_460' title='bbox 553 5203 643 5255; x_wconf 92' lang='grc' dir='ltr'>τὸν</span> <span class='ocrx_word' id='word_1_461' title='bbox 672 5203 820 5265; x_wconf 79' lang='grc' dir='ltr'>λαὸν,</span> <span class='ocrx_word' id='word_1_462' title='bbox 850 5206 911 5257; x_wconf 85' lang='grc' dir='ltr'>οὐ</span> <span class='ocrx_word' id='word_1_463' title='bbox 950 5205 1105 5274; x_wconf 89' lang='grc' dir='ltr'>μόνον</span> <span class='ocrx_word' id='word_1_464' title='bbox 1133 5206 1192 5260; x_wconf 92' lang='grc' dir='ltr'>οὐ</span> <span class='ocrx_word' id='word_1_465' title='bbox 1218 5206 1593 5276; x_wconf 87' lang='grc' dir='ltr'>κατηράσατο,</span> <span class='ocrx_word' id='word_1_466' title='bbox 1636 5206 1771 5260; x_wconf 90' lang='grc' dir='ltr'>ἀλλά</span> <span class='ocrx_word' id='word_1_467' title='bbox 1796 5209 1887 5261; x_wconf 77' lang='grc' dir='ltr'>καὶ</span> <span class='ocrx_word' id='word_1_468' title='bbox 1926 5227 2056 5280; x_wconf 90' lang='grc' dir='ltr'>προ-</span> 
     </span>
    </p>
   </div>
   <div class='ocr_carea' id='block_1_59' title="bbox 396 5291 2053 5367">
    <p class='ocr_par' dir='ltr' id='par_1_59' title="bbox 396 5291 2053 5367">
     <span class='ocr_line' id='line_1_59' title="bbox 396 5291 2053 5367; baseline 0.002 -22"><span class='ocrx_word' id='word_1_469' title='bbox 396 5293 660 5363; x_wconf 83' lang='grc' dir='ltr'>εφήτευσε</span> <span class='ocrx_word' id='word_1_470' title='bbox 697 5291 906 5361; x_wconf 87' lang='grc' dir='ltr'>μεγάλα</span> <span class='ocrx_word' id='word_1_471' title='bbox 932 5292 1026 5345; x_wconf 76' lang='grc' dir='ltr'>καὶ</span> <span class='ocrx_word' id='word_1_472' title='bbox 1054 5291 1341 5362; x_wconf 87' lang='grc' dir='ltr'>θαυμαστά</span> <span class='ocrx_word' id='word_1_473' title='bbox 1372 5293 1690 5364; x_wconf 86' lang='grc' dir='ltr'>πράγματα,</span> <span class='ocrx_word' id='word_1_474' title='bbox 1719 5294 1777 5347; x_wconf 89' lang='grc' dir='ltr'>οὐ</span> <span class='ocrx_word' id='word_1_475' title='bbox 1810 5296 1937 5367; x_wconf 78' lang='grc' dir='ltr'>περὶ</span> <span class='ocrx_word' id='word_1_476' title='bbox 1960 5296 2053 5350; x_wconf 85' lang='grc' dir='ltr'>τοῦ</span> 
     </span>
    </p>
   </div>
   <div class='ocr_carea' id='block_1_60' title="bbox 395 5378 2051 5453">
    <p class='ocr_par' dir='ltr' id='par_1_60' title="bbox 395 5378 2051 5453">
     <span class='ocr_line' id='line_1_60' title="bbox 395 5378 2051 5453; baseline 0.002 -20"><span class='ocrx_word' id='word_1_477' title='bbox 395 5378 526 5433; x_wconf 74' lang='grc' dir='ltr'>λαοῦ</span> <span class='ocrx_word' id='word_1_478' title='bbox 554 5379 731 5453; x_wconf 85' lang='grc' dir='ltr'>μόνον,</span> <span class='ocrx_word' id='word_1_479' title='bbox 779 5379 912 5432; x_wconf 85' lang='grc' dir='ltr'>ἀλλά</span> <span class='ocrx_word' id='word_1_480' title='bbox 941 5379 1034 5431; x_wconf 79' lang='grc' dir='ltr'>καὶ</span> <span class='ocrx_word' id='word_1_481' title='bbox 1072 5380 1199 5450; x_wconf 67' lang='grc' dir='ltr'>περὶ</span> <span class='ocrx_word' id='word_1_482' title='bbox 1224 5381 1322 5449; x_wconf 79' lang='grc' dir='ltr'>τῆς</span> <span class='ocrx_word' id='word_1_483' title='bbox 1348 5381 1441 5433; x_wconf 89' lang='grc' dir='ltr'>τοῦ</span> <span class='ocrx_word' id='word_1_484' title='bbox 1466 5381 1713 5452; x_wconf 83' lang='grc' dir='ltr'>Σωτῆρος</span> <span class='ocrx_word' id='word_1_485' title='bbox 1741 5383 2051 5453; x_wconf 70' lang='grc' dir='ltr'>ἐπιδημίας.</span> 
     </span>
    </p>
   </div>
   <div class='ocr_carea' id='block_1_61' title="bbox 397 5465 2055 5539">
    <p class='ocr_par' dir='ltr' id='par_1_61' title="bbox 397 5465 2055 5539">
     <span class='ocr_line' id='line_1_61' title="bbox 397 5465 2055 5539; baseline 0.002 -20"><span class='ocrx_word' id='word_1_486' title='bbox 397 5465 489 5537; x_wconf 80' lang='grc' dir='ltr'>Μὴ</span> <span class='ocrx_word' id='word_1_487' title='bbox 515 5466 692 5519; x_wconf 90' lang='grc' dir='ltr'>τοίνυν</span> <span class='ocrx_word' id='word_1_488' title='bbox 727 5465 952 5530; x_wconf 77' lang='grc' dir='ltr'>ξενίζον,</span> <span class='ocrx_word' id='word_1_489' title='bbox 976 5467 1025 5518; x_wconf 80' lang='grc' dir='ltr'>εί</span> <span class='ocrx_word' id='word_1_490' title='bbox 1052 5468 1144 5520; x_wconf 79' lang='grc' dir='ltr'>καὶ</span> <span class='ocrx_word' id='word_1_491' title='bbox 1165 5466 1260 5521; x_wconf 89' lang='grc' dir='ltr'>νῦν</span> <span class='ocrx_word' id='word_1_492' title='bbox 1290 5469 1318 5520; x_wconf 80' lang='grc' dir='ltr'>ὁ</span> <span class='ocrx_word' id='word_1_493' title='bbox 1342 5467 1530 5537; x_wconf 79' lang='grc' dir='ltr'>Λάμεχ</span> <span class='ocrx_word' id='word_1_494' title='bbox 1557 5470 1920 5539; x_wconf 85' lang='grc' dir='ltr'>προσηγορίαν</span> <span class='ocrx_word' id='word_1_495' title='bbox 1942 5471 2055 5524; x_wconf 83' lang='grc' dir='ltr'>ἐπι-</span> 
     </span>
    </p>
   </div>
   <div class='ocr_carea' id='block_1_62' title="bbox 394 5546 2052 5620">
    <p class='ocr_par' dir='ltr' id='par_1_62' title="bbox 394 5546 2052 5620">
     <span class='ocr_line' id='line_1_62' title="bbox 394 5546 2052 5620; baseline 0.001 -19"><span class='ocrx_word' id='word_1_496' title='bbox 394 5546 508 5611; x_wconf 74' lang='grc' dir='ltr'>θεὶς</span> <span class='ocrx_word' id='word_1_497' title='bbox 532 5547 611 5617; x_wconf 80' lang='grc' dir='ltr'>τῷ</span> <span class='ocrx_word' id='word_1_498' title='bbox 637 5548 789 5600; x_wconf 72' lang='grc' dir='ltr'>παιδὶ</span> <span class='ocrx_word' id='word_1_499' title='bbox 816 5546 1068 5617; x_wconf 78' lang='grc' dir='ltr'>τοιαύτην</span> <span class='ocrx_word' id='word_1_500' title='bbox 1097 5546 1420 5619; x_wconf 67' lang='grc' dir='ltr'>ἐπιτίθησιν,</span> <span class='ocrx_word' id='word_1_501' title='bbox 1448 5548 1581 5601; x_wconf 88' lang='grc' dir='ltr'>ἀλλά</span> <span class='ocrx_word' id='word_1_502' title='bbox 1598 5548 1674 5619; x_wconf 85' lang='grc' dir='ltr'>τῷ</span> <span class='ocrx_word' id='word_1_503' title='bbox 1694 5549 1811 5620; x_wconf 86' lang='grc' dir='ltr'>Θεῴ</span> <span class='ocrx_word' id='word_1_504' title='bbox 1840 5549 2052 5617; x_wconf 82' lang='grc' dir='ltr'>λόγισαι</span> 
     </span>
    </p>
   </div>
   <div class='ocr_carea' id='block_1_63' title="bbox 394 5633 2051 5707">
    <p class='ocr_par' dir='ltr' id='par_1_63' title="bbox 394 5633 2051 5707">
     <span class='ocr_line' id='line_1_63' title="bbox 394 5633 2051 5707; baseline 0.003 -22"><span class='ocrx_word' id='word_1_505' title='bbox 394 5634 454 5687; x_wconf 82' lang='grc' dir='ltr'>τὸ</span> <span class='ocrx_word' id='word_1_506' title='bbox 492 5635 598 5687; x_wconf 75' lang='grc' dir='ltr'>πᾶν</span> <span class='ocrx_word' id='word_1_507' title='bbox 625 5634 703 5704; x_wconf 80' lang='grc' dir='ltr'>τῷ</span> <span class='ocrx_word' id='word_1_508' title='bbox 724 5633 811 5686; x_wconf 73' lang='grc' dir='ltr'>διὰ</span> <span class='ocrx_word' id='word_1_509' title='bbox 841 5634 937 5704; x_wconf 83' lang='grc' dir='ltr'>τῆς</span> <span class='ocrx_word' id='word_1_510' title='bbox 974 5634 1281 5707; x_wconf 84' lang='grc' dir='ltr'>εὐμηχάνου</span> <span class='ocrx_word' id='word_1_511' title='bbox 1308 5635 1472 5689; x_wconf 86' lang='grc' dir='ltr'>αὐτοῦ</span> <span class='ocrx_word' id='word_1_512' title='bbox 1499 5636 1688 5704; x_wconf 80' lang='grc' dir='ltr'>σοφίας</span> <span class='ocrx_word' id='word_1_513' title='bbox 1712 5637 1886 5689; x_wconf 81' lang='grc' dir='ltr'>πάντα</span> <span class='ocrx_word' id='word_1_514' title='bbox 1911 5638 2051 5691; x_wconf 86' lang='grc' dir='ltr'>οίκο-</span> 
     </span>
    </p>
   </div>
   <div class='ocr_carea' id='block_1_64' title="bbox 456 5827 2045 5887">
    <p class='ocr_par' dir='ltr' id='par_1_64' title="bbox 456 5827 2045 5887">
     <span class='ocr_line' id='line_1_64' title="bbox 456 5827 2045 5887; baseline -0.003 -8"><span class='ocrx_word' id='word_1_515' title='bbox 456 5832 480 5861; x_wconf 79' lang='grc'><strong><em>⁸</em></strong></span> <span class='ocrx_word' id='word_1_516' title='bbox 509 5830 627 5879; x_wconf 41' lang='grc' dir='ltr'>Βὶίιὶν</span> <span class='ocrx_word' id='word_1_517' title='bbox 684 5835 731 5876; x_wconf 73' lang='grc' dir='ltr'>ιιι</span> <span class='ocrx_word' id='word_1_518' title='bbox 777 5829 926 5877; x_wconf 67' lang='lat' dir='ltr'>Savil.</span> <span class='ocrx_word' id='word_1_519' title='bbox 955 5829 1088 5887; x_wconf 74' lang='grc' dir='ltr'>οὗτος</span> <span class='ocrx_word' id='word_1_520' title='bbox 1109 5829 1433 5879; x_wconf 69' lang='grc' dir='ltr'>διαναπαῦσαι.</span> <span class='ocrx_word' id='word_1_521' title='bbox 1498 5827 1525 5869; x_wconf 64' lang='grc'>³³</span> <span class='ocrx_word' id='word_1_522' title='bbox 1555 5828 1632 5877; x_wconf 55' lang='lat' dir='ltr'>Si?</span> <span class='ocrx_word' id='word_1_523' title='bbox 1672 5828 1815 5877; x_wconf 67' lang='lat' dir='ltr'>Sm‘l.</span> <span class='ocrx_word' id='word_1_524' title='bbox 1860 5833 1904 5877; x_wconf 72' lang='lat'><strong>(&#39;1</strong></span> <span class='ocrx_word' id='word_1_525' title='bbox 1931 5838 2045 5875; x_wconf 68' lang='lat' dir='ltr'>mss.</span> 
     </span>
    </p>
   </div>
   <div class='ocr_carea' id='block_1_65' title="bbox 397 5890 932 5942">
    <p class='ocr_par' dir='ltr' id='par_1_65' title="bbox 397 5890 932 5942">
     <span class='ocr_line' id='line_1_65' title="bbox 397 5890 932 5942; baseline 0.002 -4"><span class='ocrx_word' id='word_1_526' title='bbox 397 5890 567 5942; x_wconf 72' lang='lat' dir='ltr'>Ilorcl.</span> <span class='ocrx_word' id='word_1_527' title='bbox 603 5892 779 5941; x_wconf 83' lang='lat' dir='ltr'>omillll</span> <span class='ocrx_word' id='word_1_528' title='bbox 808 5894 932 5939; x_wconf 79' lang='grc' dir='ltr'>ὥστε</span> 
     </span>
    </p>
   </div>
   <div class='ocr_carea' id='block_1_66' title="bbox 3762 266 3875 321">
    <p class='ocr_par' dir='ltr' id='par_1_66' title="bbox 3762 266 3875 321">
     <span class='ocr_line' id='line_1_66' title="bbox 3762 266 3875 321; baseline 0 0"><span class='ocrx_word' id='word_1_529' title='bbox 3762 266 3875 321; x_wconf 57' lang='lat' dir='ltr'>i8?</span> 
     </span>
    </p>
   </div>
   <div class='ocr_carea' id='block_1_67' title="bbox 2205 372 3856 451">
    <p class='ocr_par' dir='ltr' id='par_1_67' title="bbox 2205 372 3856 451">
     <span class='ocr_line' id='line_1_67' title="bbox 2205 372 3856 451; baseline 0.006 -26"><span class='ocrx_word' id='word_1_530' title='bbox 2205 372 2475 442; x_wconf 88' lang='grc' dir='ltr'>νομοῦντι.</span> <span class='ocrx_word' id='word_1_531' title='bbox 2528 374 2638 429; x_wconf 75' lang='grc' dir='ltr'>Καὶ</span> <span class='ocrx_word' id='word_1_532' title='bbox 2664 375 2918 430; x_wconf 75' lang='grc' dir='ltr'>ἐκάλεσε</span> <span class='ocrx_word' id='word_1_533' title='bbox 2947 376 3012 430; x_wconf 85' lang='grc' dir='ltr'>τὸ</span> <span class='ocrx_word' id='word_1_534' title='bbox 3036 375 3223 443; x_wconf 73' lang='grc' dir='ltr'>ὄνομα</span> <span class='ocrx_word' id='word_1_535' title='bbox 3248 376 3435 432; x_wconf 83' lang='grc' dir='ltr'>αὐτοῦ</span> <span class='ocrx_word' id='word_1_536' title='bbox 3468 377 3594 432; x_wconf 80' lang='grc' dir='ltr'>Νῶε</span> <span class='ocrx_word' id='word_1_537' title='bbox 3616 395 3629 409; x_wconf 90' lang='grc'><strong>·</strong></span> <span class='ocrx_word' id='word_1_538' title='bbox 3685 381 3856 451; x_wconf 79' lang='grc' dir='ltr'>ἐρμηο</span> 
     </span>
    </p>
   </div>
   <div class='ocr_carea' id='block_1_68' title="bbox 2204 458 3859 535">
    <p class='ocr_par' dir='ltr' id='par_1_68' title="bbox 2204 458 3859 535">
     <span class='ocr_line' id='line_1_68' title="bbox 2204 458 3859 535; baseline 0.006 -26"><span class='ocrx_word' id='word_1_539' title='bbox 2204 458 2413 512; x_wconf 65' lang='grc' dir='ltr'>κεύεται</span> <span class='ocrx_word' id='word_1_540' title='bbox 2440 460 2548 532; x_wconf 83' lang='grc' dir='ltr'>γὰρ</span> <span class='ocrx_word' id='word_1_541' title='bbox 2580 461 2741 515; x_wconf 86' lang='grc' dir='ltr'>αὐτοῦ</span> <span class='ocrx_word' id='word_1_542' title='bbox 2768 462 2828 515; x_wconf 91' lang='grc' dir='ltr'>τὸ</span> <span class='ocrx_word' id='word_1_543' title='bbox 2853 463 3021 533; x_wconf 77' lang='grc' dir='ltr'>ὄνομα</span> <span class='ocrx_word' id='word_1_544' title='bbox 3053 462 3372 526; x_wconf 88' lang='grc' dir='ltr'>ἀνάπαυσις.</span> <span class='ocrx_word' id='word_1_545' title='bbox 3410 463 3519 535; x_wconf 76' lang='grc' dir='ltr'>Τήν</span> <span class='ocrx_word' id='word_1_546' title='bbox 3557 460 3649 517; x_wconf 87' lang='grc' dir='ltr'>οῦν</span> <span class='ocrx_word' id='word_1_547' title='bbox 3684 484 3859 519; x_wconf 77' lang='grc' dir='ltr'>πανωο</span> 
     </span>
    </p>
   </div>
   <div class='ocr_carea' id='block_1_69' title="bbox 2202 540 3859 623">
    <p class='ocr_par' dir='ltr' id='par_1_69' title="bbox 2202 540 3859 623">
     <span class='ocr_line' id='line_1_69' title="bbox 2202 540 3859 623; baseline 0.007 -30"><span class='ocrx_word' id='word_1_548' title='bbox 2202 540 2416 613; x_wconf 86' lang='grc' dir='ltr'>λεθρίαν</span> <span class='ocrx_word' id='word_1_549' title='bbox 2439 545 2673 616; x_wconf 79' lang='grc' dir='ltr'>ἐκείνην,</span> <span class='ocrx_word' id='word_1_550' title='bbox 2713 548 2809 617; x_wconf 80' lang='grc' dir='ltr'>τὴν</span> <span class='ocrx_word' id='word_1_551' title='bbox 2841 548 2982 618; x_wconf 89' lang='grc' dir='ltr'>μετά</span> <span class='ocrx_word' id='word_1_552' title='bbox 3004 549 3270 601; x_wconf 83' lang='grc' dir='ltr'>τοσούτων</span> <span class='ocrx_word' id='word_1_553' title='bbox 3312 549 3447 602; x_wconf 78' lang='grc' dir='ltr'>ἐτῶν</span> <span class='ocrx_word' id='word_1_554' title='bbox 3477 550 3706 621; x_wconf 88' lang='grc' dir='ltr'>ἀριθμὸν</span> <span class='ocrx_word' id='word_1_555' title='bbox 3729 569 3859 623; x_wconf 75' lang='grc' dir='ltr'>συμο</span> 
     </span>
    </p>
   </div>
   <div class='ocr_carea' id='block_1_70' title="bbox 2204 627 3861 707">
    <p class='ocr_par' dir='ltr' id='par_1_70' title="bbox 2204 627 3861 707">
     <span class='ocr_line' id='line_1_70' title="bbox 2204 627 3861 707; baseline 0.007 -28"><span class='ocrx_word' id='word_1_556' title='bbox 2204 627 2463 699; x_wconf 85' lang='grc' dir='ltr'>ϐήσεσθαι</span> <span class='ocrx_word' id='word_1_557' title='bbox 2513 632 2829 703; x_wconf 84' lang='grc' dir='ltr'>μέλλουσαν,</span> <span class='ocrx_word' id='word_1_558' title='bbox 2871 633 3175 689; x_wconf 85' lang='grc' dir='ltr'>ἀνάπαυσιν</span> <span class='ocrx_word' id='word_1_559' title='bbox 3219 633 3406 686; x_wconf 73' lang='grc' dir='ltr'>καλεῖο</span> <span class='ocrx_word' id='word_1_560' title='bbox 3464 636 3716 707; x_wconf 86' lang='grc' dir='ltr'>καθάπερ</span> <span class='ocrx_word' id='word_1_561' title='bbox 3767 638 3861 692; x_wconf 81' lang='grc' dir='ltr'>καὶ</span> 
     </span>
    </p>
   </div>
   <div class='ocr_carea' id='block_1_71' title="bbox 2214 714 3858 795">
    <p class='ocr_par' dir='ltr' id='par_1_71' title="bbox 2214 714 3858 795">
     <span class='ocr_line' id='line_1_71' title="bbox 2214 714 3858 795; baseline 0.005 -28"><span class='ocrx_word' id='word_1_562' title='bbox 2214 714 2333 768; x_wconf 84' lang='grc' dir='ltr'>Ἰώϐ</span> <span class='ocrx_word' id='word_1_563' title='bbox 2366 733 2496 786; x_wconf 87' lang='grc' dir='ltr'>φησι</span> <span class='ocrx_word' id='word_1_564' title='bbox 2518 733 2530 746; x_wconf 82' lang='grc'><em>’</em></span> <span class='ocrx_word' id='word_1_565' title='bbox 2587 718 2850 784; x_wconf 84' lang='grc' dir='ltr'>Θάνατος</span> <span class='ocrx_word' id='word_1_566' title='bbox 2885 718 3058 786; x_wconf 77' lang='grc' dir='ltr'>ἀνδρί</span> <span class='ocrx_word' id='word_1_567' title='bbox 3095 719 3458 786; x_wconf 79' lang='grc' dir='ltr'>ἀνάπαυσις.</span> <span class='ocrx_word' id='word_1_568' title='bbox 3510 722 3727 793; x_wconf 82' lang='grc' dir='ltr'>Ἐπειδὴ</span> <span class='ocrx_word' id='word_1_569' title='bbox 3750 723 3858 795; x_wconf 82' lang='grc' dir='ltr'>γὰρ</span> 
     </span>
    </p>
   </div>
   <div class='ocr_carea' id='block_1_72' title="bbox 2201 801 3859 878">
    <p class='ocr_par' dir='ltr' id='par_1_72' title="bbox 2201 801 3859 878">
     <span class='ocr_line' id='line_1_72' title="bbox 2201 801 3859 878; baseline 0.004 -24"><span class='ocrx_word' id='word_1_570' title='bbox 2201 801 2366 856; x_wconf 85' lang='grc' dir='ltr'>πολύν</span> <span class='ocrx_word' id='word_1_571' title='bbox 2392 803 2485 855; x_wconf 74' lang='grc' dir='ltr'>καὶ</span> <span class='ocrx_word' id='word_1_572' title='bbox 2517 804 2720 875; x_wconf 85' lang='grc' dir='ltr'>σφόδρα</span> <span class='ocrx_word' id='word_1_573' title='bbox 2744 804 2916 873; x_wconf 88' lang='grc' dir='ltr'>μέγαν</span> <span class='ocrx_word' id='word_1_574' title='bbox 2953 805 3065 875; x_wconf 77' lang='grc' dir='ltr'>ἔχει</span> <span class='ocrx_word' id='word_1_575' title='bbox 3096 805 3186 859; x_wconf 85' lang='grc' dir='ltr'>τὸν</span> <span class='ocrx_word' id='word_1_576' title='bbox 3207 807 3446 876; x_wconf 88' lang='grc' dir='ltr'>κάματον</span> <span class='ocrx_word' id='word_1_577' title='bbox 3469 808 3503 877; x_wconf 88' lang='grc' dir='ltr'>ή</span> <span class='ocrx_word' id='word_1_578' title='bbox 3548 809 3732 871; x_wconf 87' lang='grc' dir='ltr'>κακία,</span> <span class='ocrx_word' id='word_1_579' title='bbox 3760 809 3859 878; x_wconf 79' lang='grc' dir='ltr'>τήν</span> 
     </span>
    </p>
   </div>
   <div class='ocr_carea' id='block_1_73' title="bbox 2198 890 3857 963">
    <p class='ocr_par' dir='ltr' id='par_1_73' title="bbox 2198 890 3857 963">
     <span class='ocr_line' id='line_1_73' title="bbox 2198 890 3857 963; baseline 0.005 -23"><span class='ocrx_word' id='word_1_580' title='bbox 2198 890 2401 960; x_wconf 88' lang='grc' dir='ltr'>ταύτης</span> <span class='ocrx_word' id='word_1_581' title='bbox 2433 891 2642 961; x_wconf 83' lang='grc' dir='ltr'>άποχὴν</span> <span class='ocrx_word' id='word_1_582' title='bbox 2668 891 2759 944; x_wconf 73' lang='grc' dir='ltr'>καὶ</span> <span class='ocrx_word' id='word_1_583' title='bbox 2778 891 2877 961; x_wconf 84' lang='grc' dir='ltr'>τὴν</span> <span class='ocrx_word' id='word_1_584' title='bbox 2910 891 3209 963; x_wconf 89' lang='grc' dir='ltr'>ἀναίρεσιν,</span> <span class='ocrx_word' id='word_1_585' title='bbox 3235 893 3300 963; x_wconf 80' lang='grc' dir='ltr'>ήν</span> <span class='ocrx_word' id='word_1_586' title='bbox 3327 893 3416 946; x_wconf 66' lang='grc' dir='ltr'>διὰ</span> <span class='ocrx_word' id='word_1_587' title='bbox 3444 894 3538 947; x_wconf 88' lang='grc' dir='ltr'>τοῦ</span> <span class='ocrx_word' id='word_1_588' title='bbox 3570 895 3857 949; x_wconf 84' lang='grc' dir='ltr'>κλυδωνίου</span> 
     </span>
    </p>
   </div>
   <div class='ocr_carea' id='block_1_74' title="bbox 2197 973 3858 1046">
    <p class='ocr_par' dir='ltr' id='par_1_74' title="bbox 2197 973 3858 1046">
     <span class='ocr_line' id='line_1_74' title="bbox 2197 973 3858 1046; baseline 0.005 -20"><span class='ocrx_word' id='word_1_589' title='bbox 2197 973 2401 1028; x_wconf 86' lang='grc' dir='ltr'>ἐκείνου</span> <span class='ocrx_word' id='word_1_590' title='bbox 2427 975 2645 1046; x_wconf 75' lang='grc' dir='ltr'>ἔμελλον</span> <span class='ocrx_word' id='word_1_591' title='bbox 2679 976 3021 1044; x_wconf 82' lang='grc' dir='ltr'>ὑφίστασθαι,</span> <span class='ocrx_word' id='word_1_592' title='bbox 3052 978 3355 1030; x_wconf 85' lang='grc' dir='ltr'>ἀνάπαυσιν</span> <span class='ocrx_word' id='word_1_593' title='bbox 3379 978 3550 1033; x_wconf 85' lang='grc' dir='ltr'>καλεῖ.</span> <span class='ocrx_word' id='word_1_594' title='bbox 3589 980 3698 1033; x_wconf 77' lang='grc' dir='ltr'>Καὶ</span> <span class='ocrx_word' id='word_1_595' title='bbox 3721 979 3858 1034; x_wconf 78' lang='grc' dir='ltr'>ἐκά-</span> 
     </span>
    </p>
   </div>
   <div class='ocr_carea' id='block_1_75' title="bbox 2195 1060 3859 1134">
    <p class='ocr_par' dir='ltr' id='par_1_75' title="bbox 2195 1060 3859 1134">
     <span class='ocr_line' id='line_1_75' title="bbox 2195 1060 3859 1134; baseline 0.002 -20"><span class='ocrx_word' id='word_1_596' title='bbox 2195 1063 2374 1125; x_wconf 79' lang='grc' dir='ltr'>λεσε,</span> <span class='ocrx_word' id='word_1_597' title='bbox 2421 1062 2583 1132; x_wconf 76' lang='grc' dir='ltr'>φησὶ,</span> <span class='ocrx_word' id='word_1_598' title='bbox 2632 1063 2696 1116; x_wconf 84' lang='grc' dir='ltr'>τὸ</span> <span class='ocrx_word' id='word_1_599' title='bbox 2724 1063 2909 1130; x_wconf 81' lang='grc' dir='ltr'>ὄνομα</span> <span class='ocrx_word' id='word_1_600' title='bbox 2949 1062 3134 1116; x_wconf 83' lang='grc' dir='ltr'>αὐτοῦ</span> <span class='ocrx_word' id='word_1_601' title='bbox 3172 1061 3320 1116; x_wconf 86' lang='grc' dir='ltr'>Νῶε.</span> <span class='ocrx_word' id='word_1_602' title='bbox 3382 1060 3515 1118; x_wconf 81' lang='grc' dir='ltr'>Εἶτα</span> <span class='ocrx_word' id='word_1_603' title='bbox 3541 1064 3859 1134; x_wconf 84' lang='grc' dir='ltr'>ἐρ’μηνεύων</span> 
     </span>
    </p>
   </div>
   <div class='ocr_carea' id='block_1_76' title="bbox 2196 1146 3856 1221">
    <p class='ocr_par' dir='ltr' id='par_1_76' title="bbox 2196 1146 3856 1221">
     <span class='ocr_line' id='line_1_76' title="bbox 2196 1146 3856 1221; baseline -0.002 -19"><span class='ocrx_word' id='word_1_604' title='bbox 2196 1148 2327 1217; x_wconf 85' lang='grc' dir='ltr'>ήμῖν</span> <span class='ocrx_word' id='word_1_605' title='bbox 2363 1147 2457 1202; x_wconf 90' lang='grc' dir='ltr'>τοῦ</span> <span class='ocrx_word' id='word_1_606' title='bbox 2490 1149 2751 1221; x_wconf 85' lang='grc' dir='ltr'>ὀνόματος</span> <span class='ocrx_word' id='word_1_607' title='bbox 2795 1148 2894 1220; x_wconf 81' lang='grc' dir='ltr'>τὴν</span> <span class='ocrx_word' id='word_1_608' title='bbox 2928 1149 3299 1221; x_wconf 87' lang='grc' dir='ltr'>προσηγορίαν</span> <span class='ocrx_word' id='word_1_609' title='bbox 3331 1150 3532 1218; x_wconf 58' lang='grc' dir='ltr'>φησίν</span> <span class='ocrx_word' id='word_1_610' title='bbox 3575 1146 3766 1217; x_wconf 86' lang='grc' dir='ltr'>Οὗτος</span> <span class='ocrx_word' id='word_1_611' title='bbox 3787 1150 3856 1204; x_wconf 75' lang='grc' dir='ltr'>δὲ</span> 
     </span>
    </p>
   </div>
   <div class='ocr_carea' id='block_1_77' title="bbox 2194 1233 3856 1306">
    <p class='ocr_par' dir='ltr' id='par_1_77' title="bbox 2194 1233 3856 1306">
     <span class='ocr_line' id='line_1_77' title="bbox 2194 1233 3856 1306; baseline 0.001 -18"><span class='ocrx_word' id='word_1_612' title='bbox 2194 1234 2529 1288; x_wconf 82' lang='grc' dir='ltr'>ἀναπαύσει</span> <span class='ocrx_word' id='word_1_613' title='bbox 2569 1233 2724 1302; x_wconf 67' lang='grc' dir='ltr'>ἡμᾶς</span> <span class='ocrx_word' id='word_1_614' title='bbox 2749 1233 2869 1289; x_wconf 79' lang='grc' dir='ltr'>άπὸ</span> <span class='ocrx_word' id='word_1_615' title='bbox 2893 1233 3009 1287; x_wconf 89' lang='grc' dir='ltr'>τῶν</span> <span class='ocrx_word' id='word_1_616' title='bbox 3028 1234 3217 1304; x_wconf 74' lang='grc' dir='ltr'>ἔργων</span> <span class='ocrx_word' id='word_1_617' title='bbox 3235 1233 3407 1303; x_wconf 76' lang='grc' dir='ltr'>ήμῶν</span> <span class='ocrx_word' id='word_1_618' title='bbox 3430 1252 3443 1266; x_wconf 78' lang='grc' dir='ltr'><strong>ο</strong></span> <span class='ocrx_word' id='word_1_619' title='bbox 3498 1236 3606 1288; x_wconf 79' lang='grc' dir='ltr'>ἀπὸ</span> <span class='ocrx_word' id='word_1_620' title='bbox 3631 1237 3729 1306; x_wconf 87' lang='grc' dir='ltr'>τῆς</span> <span class='ocrx_word' id='word_1_621' title='bbox 3759 1254 3856 1289; x_wconf 82' lang='grc' dir='ltr'>κα-</span> 
     </span>
    </p>
   </div>
   <div class='ocr_carea' id='block_1_78' title="bbox 2196 1313 3856 1386">
    <p class='ocr_par' dir='ltr' id='par_1_78' title="bbox 2196 1313 3856 1386">
     <span class='ocr_line' id='line_1_78' title="bbox 2196 1313 3856 1386; baseline 0.002 -19"><span class='ocrx_word' id='word_1_622' title='bbox 2196 1313 2339 1380; x_wconf 78' lang='grc' dir='ltr'>κίας,</span> <span class='ocrx_word' id='word_1_623' title='bbox 2365 1315 2547 1386; x_wconf 78' lang='grc' dir='ltr'>φησὶν,</span> <span class='ocrx_word' id='word_1_624' title='bbox 2581 1316 2878 1385; x_wconf 84' lang='grc' dir='ltr'>ἀποστήσει</span> <span class='ocrx_word' id='word_1_625' title='bbox 2903 1330 2915 1345; x_wconf 70' lang='grc'><strong>⁸</strong></span> <span class='ocrx_word' id='word_1_626' title='bbox 2972 1316 3081 1369; x_wconf 77' lang='grc' dir='ltr'>Καὶ</span> <span class='ocrx_word' id='word_1_627' title='bbox 3120 1314 3238 1368; x_wconf 78' lang='grc' dir='ltr'>ἀπὸ</span> <span class='ocrx_word' id='word_1_628' title='bbox 3268 1314 3386 1368; x_wconf 86' lang='grc' dir='ltr'>τῶν</span> <span class='ocrx_word' id='word_1_629' title='bbox 3422 1316 3711 1385; x_wconf 74' lang='grc' dir='ltr'>λυπηρῶν</span> <span class='ocrx_word' id='word_1_630' title='bbox 3736 1316 3856 1372; x_wconf 85' lang='grc' dir='ltr'>τῶν</span> 
     </span>
    </p>
   </div>
   <div class='ocr_carea' id='block_1_79' title="bbox 2194 1400 3852 1473">
    <p class='ocr_par' dir='ltr' id='par_1_79' title="bbox 2194 1400 3852 1473">
     <span class='ocr_line' id='line_1_79' title="bbox 2194 1400 3852 1473; baseline 0.003 -21"><span class='ocrx_word' id='word_1_631' title='bbox 2194 1400 2405 1469; x_wconf 76' lang='grc' dir='ltr'>χειρῶν</span> <span class='ocrx_word' id='word_1_632' title='bbox 2441 1400 2641 1470; x_wconf 73' lang='grc' dir='ltr'>ἡμῶν·</span> <span class='ocrx_word' id='word_1_633' title='bbox 2700 1402 2791 1454; x_wconf 74' lang='grc' dir='ltr'>καὶ</span> <span class='ocrx_word' id='word_1_634' title='bbox 2842 1402 3001 1455; x_wconf 88' lang='grc' dir='ltr'>πάλιν</span> <span class='ocrx_word' id='word_1_635' title='bbox 3031 1401 3092 1455; x_wconf 85' lang='grc' dir='ltr'>τὸ</span> <span class='ocrx_word' id='word_1_636' title='bbox 3136 1401 3267 1456; x_wconf 88' lang='grc' dir='ltr'>αὐτὸ</span> <span class='ocrx_word' id='word_1_637' title='bbox 3294 1401 3401 1455; x_wconf 77' lang='grc' dir='ltr'>ἀπὸ</span> <span class='ocrx_word' id='word_1_638' title='bbox 3440 1401 3547 1455; x_wconf 88' lang='grc' dir='ltr'>τῶν</span> <span class='ocrx_word' id='word_1_639' title='bbox 3581 1404 3852 1473; x_wconf 77' lang='grc' dir='ltr'>πράξεων,</span> 
     </span>
    </p>
   </div>
   <div class='ocr_carea' id='block_1_80' title="bbox 2194 1486 3850 1558">
    <p class='ocr_par' dir='ltr' id='par_1_80' title="bbox 2194 1486 3850 1558">
     <span class='ocr_line' id='line_1_80' title="bbox 2194 1486 3850 1558; baseline 0.004 -21"><span class='ocrx_word' id='word_1_640' title='bbox 2194 1487 2347 1556; x_wconf 78' lang='grc' dir='ltr'>φησὶ,</span> <span class='ocrx_word' id='word_1_641' title='bbox 2363 1486 2469 1541; x_wconf 88' lang='grc' dir='ltr'>τῶν</span> <span class='ocrx_word' id='word_1_642' title='bbox 2501 1486 2769 1558; x_wconf 88' lang='grc' dir='ltr'>πονηρῶν.</span> <span class='ocrx_word' id='word_1_643' title='bbox 2786 1487 2918 1541; x_wconf 72' lang='grc' dir='ltr'>Οὐδὲ</span> <span class='ocrx_word' id='word_1_644' title='bbox 2944 1487 3050 1557; x_wconf 67' lang='grc' dir='ltr'>γᾶρ</span> <span class='ocrx_word' id='word_1_645' title='bbox 3066 1487 3252 1556; x_wconf 79' lang='grc' dir='ltr'>ἐπειδὴ</span> <span class='ocrx_word' id='word_1_646' title='bbox 3269 1489 3322 1539; x_wconf 86' lang='grc' dir='ltr'>αἱ</span> <span class='ocrx_word' id='word_1_647' title='bbox 3346 1490 3522 1557; x_wconf 86' lang='grc' dir='ltr'>χεῖρες</span> <span class='ocrx_word' id='word_1_648' title='bbox 3542 1486 3850 1554; x_wconf 83' lang='grc' dir='ltr'>ἐλυποῦντο,</span> 
     </span>
    </p>
   </div>
   <div class='ocr_carea' id='block_1_81' title="bbox 2192 1571 3852 1645">
    <p class='ocr_par' dir='ltr' id='par_1_81' title="bbox 2192 1571 3852 1645">
     <span class='ocr_line' id='line_1_81' title="bbox 2192 1571 3852 1645; baseline 0.002 -22"><span class='ocrx_word' id='word_1_649' title='bbox 2192 1571 2332 1624; x_wconf 88' lang='grc' dir='ltr'>οὐτω</span> <span class='ocrx_word' id='word_1_650' title='bbox 2358 1573 2513 1627; x_wconf 85' lang='grc' dir='ltr'>τοῦτό</span> <span class='ocrx_word' id='word_1_651' title='bbox 2541 1590 2703 1644; x_wconf 90' lang='grc' dir='ltr'>φησιν</span> <span class='ocrx_word' id='word_1_652' title='bbox 2724 1584 2746 1612; x_wconf 75' lang='grc' dir='ltr'>ε</span> <span class='ocrx_word' id='word_1_653' title='bbox 2762 1615 2773 1635; x_wconf 89' lang='grc'>,</span> <span class='ocrx_word' id='word_1_654' title='bbox 2789 1573 2902 1626; x_wconf 87' lang='grc' dir='ltr'>ἀλλ’</span> <span class='ocrx_word' id='word_1_655' title='bbox 2932 1573 3220 1645; x_wconf 84' lang='grc' dir='ltr'>ἐπειδὴδιά</span> <span class='ocrx_word' id='word_1_656' title='bbox 3240 1573 3342 1641; x_wconf 85' lang='grc' dir='ltr'>τῆς</span> <span class='ocrx_word' id='word_1_657' title='bbox 3365 1573 3567 1629; x_wconf 89' lang='grc' dir='ltr'>τούτων</span> <span class='ocrx_word' id='word_1_658' title='bbox 3591 1575 3852 1644; x_wconf 77' lang='grc' dir='ltr'>ἐργασίας</span> 
     </span>
    </p>
   </div>
   <div class='ocr_carea' id='block_1_82' title="bbox 2193 1654 3850 1728">
    <p class='ocr_par' dir='ltr' id='par_1_82' title="bbox 2193 1654 3850 1728">
     <span class='ocr_line' id='line_1_82' title="bbox 2193 1654 3850 1728; baseline 0.004 -23"><span class='ocrx_word' id='word_1_659' title='bbox 2193 1655 2286 1707; x_wconf 83' lang='grc' dir='ltr'>καὶ</span> <span class='ocrx_word' id='word_1_660' title='bbox 2316 1656 2414 1725; x_wconf 87' lang='grc' dir='ltr'>τῆς</span> <span class='ocrx_word' id='word_1_661' title='bbox 2445 1658 2683 1728; x_wconf 75' lang='grc' dir='ltr'>πονηρᾶς</span> <span class='ocrx_word' id='word_1_662' title='bbox 2714 1657 2963 1727; x_wconf 77' lang='grc' dir='ltr'>πράξεως</span> <span class='ocrx_word' id='word_1_663' title='bbox 2995 1654 3063 1709; x_wconf 89' lang='lat'>:0</span> <span class='ocrx_word' id='word_1_664' title='bbox 3100 1656 3198 1726; x_wconf 90' lang='grc' dir='ltr'>τῆς</span> <span class='ocrx_word' id='word_1_665' title='bbox 3221 1655 3397 1726; x_wconf 87' lang='grc' dir='ltr'>λύπης</span> <span class='ocrx_word' id='word_1_666' title='bbox 3424 1656 3604 1720; x_wconf 90' lang='grc' dir='ltr'>αὐτοῖς</span> <span class='ocrx_word' id='word_1_667' title='bbox 3634 1657 3850 1727; x_wconf 76' lang='grc' dir='ltr'>ηὔξετο.</span> 
     </span>
    </p>
   </div>
   <div class='ocr_carea' id='block_1_83' title="bbox 2190 1733 3849 1820">
    <p class='ocr_par' dir='ltr' id='par_1_83' title="bbox 2190 1733 3849 1820">
     <span class='ocr_line' id='line_1_83' title="bbox 2190 1733 3849 1820; baseline 0.004 -28"><span class='ocrx_word' id='word_1_668' title='bbox 2190 1740 2300 1792; x_wconf 83' lang='grc' dir='ltr'>Καί</span> <span class='ocrx_word' id='word_1_669' title='bbox 2343 1742 2461 1794; x_wconf 66' lang='grc' dir='ltr'>ἀπὸ</span> <span class='ocrx_word' id='word_1_670' title='bbox 2483 1740 2610 1820; x_wconf 53' lang='grc' dir='ltr'>Ιγῆς</span> <span class='ocrx_word' id='word_1_671' title='bbox 2657 1742 2804 1811; x_wconf 76' lang='grc' dir='ltr'>γῆς,</span> <span class='ocrx_word' id='word_1_672' title='bbox 2847 1733 2918 1809; x_wconf 76' lang='grc' dir='ltr'>ἧς</span> <span class='ocrx_word' id='word_1_673' title='bbox 2948 1742 3329 1810; x_wconf 76' lang='grc' dir='ltr'>κατηράσατο</span> <span class='ocrx_word' id='word_1_674' title='bbox 3354 1743 3569 1810; x_wconf 81' lang='grc' dir='ltr'>Κύριος</span> <span class='ocrx_word' id='word_1_675' title='bbox 3613 1746 3645 1796; x_wconf 82' lang='grc' dir='ltr'>ό</span> <span class='ocrx_word' id='word_1_676' title='bbox 3682 1746 3849 1810; x_wconf 83' lang='grc' dir='ltr'>Θεός.</span> 
     </span>
    </p>
   </div>
   <div class='ocr_carea' id='block_1_84' title="bbox 2202 1824 3852 1897">
    <p class='ocr_par' dir='ltr' id='par_1_84' title="bbox 2202 1824 3852 1897">
     <span class='ocr_line' id='line_1_84' title="bbox 2202 1824 3852 1897; baseline 0.004 -21"><span class='ocrx_word' id='word_1_677' title='bbox 2202 1824 2580 1896; x_wconf 79' lang='grc' dir='ltr'>Ἐλευθερώσει</span> <span class='ocrx_word' id='word_1_678' title='bbox 2611 1827 2643 1896; x_wconf 89' lang='grc' dir='ltr'>ή</span> <span class='ocrx_word' id='word_1_679' title='bbox 2652 1827 2756 1896; x_wconf 83' lang='grc' dir='ltr'>μᾶς</span> <span class='ocrx_word' id='word_1_680' title='bbox 2786 1826 3020 1890; x_wconf 91' lang='grc' dir='ltr'>πάντων,</span> <span class='ocrx_word' id='word_1_681' title='bbox 3046 1825 3201 1896; x_wconf 75' lang='grc' dir='ltr'>φησὶ,</span> <span class='ocrx_word' id='word_1_682' title='bbox 3228 1825 3335 1879; x_wconf 88' lang='grc' dir='ltr'>τῶν</span> <span class='ocrx_word' id='word_1_683' title='bbox 3364 1827 3724 1897; x_wconf 78' lang='grc' dir='ltr'>ἐπικειμένων</span> <span class='ocrx_word' id='word_1_684' title='bbox 3752 1846 3852 1882; x_wconf 87' lang='grc' dir='ltr'>κα-</span> 
     </span>
    </p>
   </div>
   <div class='ocr_carea' id='block_1_85' title="bbox 2190 1909 3853 1985">
    <p class='ocr_par' dir='ltr' id='par_1_85' title="bbox 2190 1909 3853 1985">
     <span class='ocr_line' id='line_1_85' title="bbox 2190 1909 3853 1985; baseline 0.003 -22"><span class='ocrx_word' id='word_1_685' title='bbox 2190 1910 2321 1976; x_wconf 86' lang='grc' dir='ltr'>κῶν,</span> <span class='ocrx_word' id='word_1_686' title='bbox 2336 1912 2428 1965; x_wconf 76' lang='grc' dir='ltr'>καὶ</span> <span class='ocrx_word' id='word_1_687' title='bbox 2447 1909 2539 1964; x_wconf 91' lang='grc' dir='ltr'>τοῦ</span> <span class='ocrx_word' id='word_1_688' title='bbox 2567 1911 2695 1982; x_wconf 75' lang='grc' dir='ltr'>περὶ</span> <span class='ocrx_word' id='word_1_689' title='bbox 2716 1912 2813 1982; x_wconf 80' lang='grc' dir='ltr'>τὴν</span> <span class='ocrx_word' id='word_1_690' title='bbox 2833 1911 2937 1980; x_wconf 80' lang='grc' dir='ltr'>γῆν</span> <span class='ocrx_word' id='word_1_691' title='bbox 2964 1911 3239 1965; x_wconf 87' lang='grc' dir='ltr'>πονεῖσθαι</span> <span class='ocrx_word' id='word_1_692' title='bbox 3266 1913 3359 1965; x_wconf 72' lang='grc' dir='ltr'>καὶ</span> <span class='ocrx_word' id='word_1_693' title='bbox 3387 1912 3853 1985; x_wconf 81' lang='grc' dir='ltr'>ταλαιπωρεῖσθαι</span> 
     </span>
    </p>
   </div>
   <div class='ocr_carea' id='block_1_86' title="bbox 2187 1997 3847 2073">
    <p class='ocr_par' dir='ltr' id='par_1_86' title="bbox 2187 1997 3847 2073">
     <span class='ocr_line' id='line_1_86' title="bbox 2187 1997 3847 2073; baseline 0.003 -22"><span class='ocrx_word' id='word_1_694' title='bbox 2187 2000 2285 2069; x_wconf 81' lang='grc' dir='ltr'>τὴν</span> <span class='ocrx_word' id='word_1_695' title='bbox 2308 2000 2551 2071; x_wconf 86' lang='grc' dir='ltr'>κατάραν</span> <span class='ocrx_word' id='word_1_696' title='bbox 2573 1997 2719 2071; x_wconf 86' lang='lat' dir='ltr'>[I89]</span> <span class='ocrx_word' id='word_1_697' title='bbox 2753 1999 3049 2070; x_wconf 80' lang='grc' dir='ltr'>δεξαμένην</span> <span class='ocrx_word' id='word_1_698' title='bbox 3076 1998 3163 2052; x_wconf 75' lang='grc' dir='ltr'>διὰ</span> <span class='ocrx_word' id='word_1_699' title='bbox 3186 2000 3285 2072; x_wconf 78' lang='grc' dir='ltr'>τὴν</span> <span class='ocrx_word' id='word_1_700' title='bbox 3303 2000 3395 2053; x_wconf 89' lang='grc' dir='ltr'>τοῦ</span> <span class='ocrx_word' id='word_1_701' title='bbox 3422 2001 3847 2073; x_wconf 88' lang='grc' dir='ltr'>πρωτοπλάστου</span> 
     </span>
    </p>
   </div>
   <div class='ocr_carea' id='block_1_87' title="bbox 2188 2084 3848 2157">
    <p class='ocr_par' dir='ltr' id='par_1_87' title="bbox 2188 2084 3848 2157">
     <span class='ocr_line' id='line_1_87' title="bbox 2188 2084 3848 2157; baseline 0.002 -20"><span class='ocrx_word' id='word_1_702' title='bbox 2188 2085 2515 2155; x_wconf 81' lang='grc' dir='ltr'>παράϐασιν.</span> <span class='ocrx_word' id='word_1_703' title='bbox 2562 2084 2764 2139; x_wconf 84' lang='grc' dir='ltr'>Ἐννόει</span> <span class='ocrx_word' id='word_1_704' title='bbox 2802 2085 2911 2155; x_wconf 86' lang='grc' dir='ltr'>γάρ</span> <span class='ocrx_word' id='word_1_705' title='bbox 2948 2103 3038 2156; x_wconf 89' lang='grc' dir='ltr'>μοι</span> <span class='ocrx_word' id='word_1_706' title='bbox 3069 2085 3275 2149; x_wconf 85' lang='grc' dir='ltr'>λοιπὸν,</span> <span class='ocrx_word' id='word_1_707' title='bbox 3325 2088 3595 2157; x_wconf 84' lang='grc' dir='ltr'>ἀγαπητὲ,</span> <span class='ocrx_word' id='word_1_708' title='bbox 3625 2089 3742 2152; x_wconf 88' lang='grc' dir='ltr'>πῶς</span> <span class='ocrx_word' id='word_1_709' title='bbox 3786 2090 3848 2142; x_wconf 84' lang='grc' dir='ltr'>τὸ</span> 
     </span>
    </p>
   </div>
   <div class='ocr_carea' id='block_1_88' title="bbox 2187 2171 3847 2243">
    <p class='ocr_par' dir='ltr' id='par_1_88' title="bbox 2187 2171 3847 2243">
     <span class='ocr_line' id='line_1_88' title="bbox 2187 2171 3847 2243; baseline 0.003 -20"><span class='ocrx_word' id='word_1_710' title='bbox 2187 2172 2396 2224; x_wconf 84' lang='grc' dir='ltr'>παιδίον</span> <span class='ocrx_word' id='word_1_711' title='bbox 2440 2171 2598 2225; x_wconf 91' lang='grc' dir='ltr'>τοῦτο</span> <span class='ocrx_word' id='word_1_712' title='bbox 2650 2172 2790 2225; x_wconf 86' lang='grc' dir='ltr'>κατά</span> <span class='ocrx_word' id='word_1_713' title='bbox 2857 2173 3050 2243; x_wconf 81' lang='grc' dir='ltr'>μικρὸν</span> <span class='ocrx_word' id='word_1_714' title='bbox 3096 2172 3454 2242; x_wconf 78' lang='grc' dir='ltr'>αὐξανόμενον</span> <span class='ocrx_word' id='word_1_715' title='bbox 3502 2174 3847 2239; x_wconf 65' lang='grc' dir='ltr'>διδασκαλίας</span> 
     </span>
    </p>
   </div>
   <div class='ocr_carea' id='block_1_89' title="bbox 2187 2257 3849 2329">
    <p class='ocr_par' dir='ltr' id='par_1_89' title="bbox 2187 2257 3849 2329">
     <span class='ocr_line' id='line_1_89' title="bbox 2187 2257 3849 2329; baseline 0 -19"><span class='ocrx_word' id='word_1_716' title='bbox 2187 2257 2439 2321; x_wconf 86' lang='grc' dir='ltr'>ὑπόθεσις</span> <span class='ocrx_word' id='word_1_717' title='bbox 2472 2258 2643 2311; x_wconf 82' lang='grc' dir='ltr'>ἀπασι</span> <span class='ocrx_word' id='word_1_718' title='bbox 2664 2259 2773 2320; x_wconf 85' lang='grc' dir='ltr'>τοῖς</span> <span class='ocrx_word' id='word_1_719' title='bbox 2800 2257 2997 2326; x_wconf 82' lang='grc' dir='ltr'>ὁρῶσιν</span> <span class='ocrx_word' id='word_1_720' title='bbox 3016 2258 3224 2325; x_wconf 83' lang='grc' dir='ltr'>ἐγίνετο</span> <span class='ocrx_word' id='word_1_721' title='bbox 3271 2258 3444 2311; x_wconf 81' lang='grc' dir='ltr'>Μόνον</span> <span class='ocrx_word' id='word_1_722' title='bbox 3465 2259 3572 2329; x_wconf 86' lang='grc' dir='ltr'>γάρ</span> <span class='ocrx_word' id='word_1_723' title='bbox 3589 2277 3669 2321; x_wconf 88' lang='grc' dir='ltr'>τις</span> <span class='ocrx_word' id='word_1_724' title='bbox 3688 2262 3849 2313; x_wconf 83' lang='grc' dir='ltr'>ἐπυν-</span> 
     </span>
    </p>
   </div>
   <div class='ocr_carea' id='block_1_90' title="bbox 2186 2340 3849 2417">
    <p class='ocr_par' dir='ltr' id='par_1_90' title="bbox 2186 2340 3849 2417">
     <span class='ocr_line' id='line_1_90' title="bbox 2186 2340 3849 2417; baseline -0.004 -22"><span class='ocrx_word' id='word_1_725' title='bbox 2186 2340 2374 2395; x_wconf 85' lang='grc' dir='ltr'>θάνετο</span> <span class='ocrx_word' id='word_1_726' title='bbox 2396 2342 2489 2395; x_wconf 87' lang='grc' dir='ltr'>τοῦ</span> <span class='ocrx_word' id='word_1_727' title='bbox 2518 2342 2729 2395; x_wconf 88' lang='grc' dir='ltr'>πα.δίου</span> <span class='ocrx_word' id='word_1_728' title='bbox 2751 2343 2850 2413; x_wconf 74' lang='grc' dir='ltr'>τὴν</span> <span class='ocrx_word' id='word_1_729' title='bbox 2877 2343 3262 2412; x_wconf 79' lang='grc' dir='ltr'>προσηγορίαν,</span> <span class='ocrx_word' id='word_1_730' title='bbox 3284 2345 3377 2395; x_wconf 71' lang='grc' dir='ltr'>καὶ</span> <span class='ocrx_word' id='word_1_731' title='bbox 3404 2344 3602 2408; x_wconf 84' lang='grc' dir='ltr'>εὐθέως</span> <span class='ocrx_word' id='word_1_732' title='bbox 3624 2348 3656 2415; x_wconf 71' lang='grc' dir='ltr'>ἡ</span> <span class='ocrx_word' id='word_1_733' title='bbox 3680 2348 3849 2417; x_wconf 70' lang='grc' dir='ltr'>ἑρμη.</span> 
     </span>
    </p>
   </div>
   <div class='ocr_carea' id='block_1_91' title="bbox 2184 2429 3847 2502">
    <p class='ocr_par' dir='ltr' id='par_1_91' title="bbox 2184 2429 3847 2502">
     <span class='ocr_line' id='line_1_91' title="bbox 2184 2429 3847 2502; baseline 0.003 -22"><span class='ocrx_word' id='word_1_734' title='bbox 2184 2430 2301 2481; x_wconf 90' lang='grc' dir='ltr'>νεία</span> <span class='ocrx_word' id='word_1_735' title='bbox 2328 2430 2425 2499; x_wconf 84' lang='grc' dir='ltr'>τῆς</span> <span class='ocrx_word' id='word_1_736' title='bbox 2454 2429 2823 2500; x_wconf 81' lang='grc' dir='ltr'>προσηγορίας</span> <span class='ocrx_word' id='word_1_737' title='bbox 2845 2429 3087 2481; x_wconf 82' lang='grc' dir='ltr'>ἐδίδασκε</span> <span class='ocrx_word' id='word_1_738' title='bbox 3104 2430 3210 2482; x_wconf 89' lang='grc' dir='ltr'>τῶν</span> <span class='ocrx_word' id='word_1_739' title='bbox 3247 2430 3544 2499; x_wconf 77' lang='grc' dir='ltr'>μελλόντων</span> <span class='ocrx_word' id='word_1_740' title='bbox 3568 2448 3627 2483; x_wconf 87' lang='grc' dir='ltr'>συ</span> <span class='ocrx_word' id='word_1_741' title='bbox 3636 2435 3847 2502; x_wconf 65' lang='grc' dir='ltr'>μξήσε-</span> 
     </span>
    </p>
   </div>
   <div class='ocr_carea' id='block_1_92' title="bbox 2186 2510 3849 2587">
    <p class='ocr_par' dir='ltr' id='par_1_92' title="bbox 2186 2510 3849 2587">
     <span class='ocr_line' id='line_1_92' title="bbox 2186 2510 3849 2587; baseline 0.003 -22"><span class='ocrx_word' id='word_1_742' title='bbox 2186 2514 2307 2567; x_wconf 84' lang='grc' dir='ltr'>σθαι</span> <span class='ocrx_word' id='word_1_743' title='bbox 2329 2515 2420 2567; x_wconf 89' lang='grc' dir='ltr'>τὸν</span> <span class='ocrx_word' id='word_1_744' title='bbox 2446 2514 2683 2584; x_wconf 75' lang='grc' dir='ltr'>ὄλεθρον.</span> <span class='ocrx_word' id='word_1_745' title='bbox 2714 2516 2773 2567; x_wconf 80' lang='lat' dir='ltr'>El</span> <span class='ocrx_word' id='word_1_746' title='bbox 2795 2514 2893 2583; x_wconf 82' lang='grc' dir='ltr'>μὲν</span> <span class='ocrx_word' id='word_1_747' title='bbox 2919 2515 3025 2585; x_wconf 89' lang='grc' dir='ltr'>γάρ</span> <span class='ocrx_word' id='word_1_748' title='bbox 3052 2532 3133 2575; x_wconf 90' lang='grc' dir='ltr'>τις</span> <span class='ocrx_word' id='word_1_749' title='bbox 3147 2515 3331 2578; x_wconf 81' lang='grc' dir='ltr'>ἁπλῶς</span> <span class='ocrx_word' id='word_1_750' title='bbox 3353 2510 3504 2568; x_wconf 79' lang='grc' dir='ltr'>εἶπεν</span> <span class='ocrx_word' id='word_1_751' title='bbox 3537 2517 3849 2587; x_wconf 74' lang='grc' dir='ltr'>ἐνηχηθεὶς,</span> 
     </span>
    </p>
   </div>
   <div class='ocr_carea' id='block_1_93' title="bbox 2183 2598 3850 2673">
    <p class='ocr_par' dir='ltr' id='par_1_93' title="bbox 2183 2598 3850 2673">
     <span class='ocr_line' id='line_1_93' title="bbox 2183 2598 3850 2673; baseline 0.002 -19"><span class='ocrx_word' id='word_1_752' title='bbox 2183 2600 2263 2654; x_wconf 79' lang='grc' dir='ltr'>δτι</span> <span class='ocrx_word' id='word_1_753' title='bbox 2312 2600 2430 2653; x_wconf 86' lang='grc' dir='ltr'>τόδε</span> <span class='ocrx_word' id='word_1_754' title='bbox 2465 2600 2651 2662; x_wconf 77' lang='grc' dir='ltr'>ἔσται.</span> <span class='ocrx_word' id='word_1_755' title='bbox 2695 2600 2797 2652; x_wconf 82' lang='grc' dir='ltr'>κᾶν</span> <span class='ocrx_word' id='word_1_756' title='bbox 2826 2598 2966 2673; x_wconf 81' lang='grc' dir='ltr'>λήθῃ</span> <span class='ocrx_word' id='word_1_757' title='bbox 2994 2600 3269 2671; x_wconf 83' lang='grc' dir='ltr'>παραδοθῇ</span> <span class='ocrx_word' id='word_1_758' title='bbox 3299 2601 3358 2653; x_wconf 88' lang='grc' dir='ltr'>τὸ</span> <span class='ocrx_word' id='word_1_759' title='bbox 3401 2601 3585 2672; x_wconf 74' lang='grc' dir='ltr'>ῥηθὲν,</span> <span class='ocrx_word' id='word_1_760' title='bbox 3619 2606 3714 2655; x_wconf 69' lang='grc' dir='ltr'>καὶ</span> <span class='ocrx_word' id='word_1_761' title='bbox 3742 2606 3850 2657; x_wconf 83' lang='grc' dir='ltr'>οὐκ</span> 
     </span>
    </p>
   </div>
   <div class='ocr_carea' id='block_1_94' title="bbox 2181 2686 3842 2760">
    <p class='ocr_par' dir='ltr' id='par_1_94' title="bbox 2181 2686 3842 2760">
     <span class='ocr_line' id='line_1_94' title="bbox 2181 2686 3842 2760; baseline 0.002 -20"><span class='ocrx_word' id='word_1_762' title='bbox 2181 2687 2247 2740; x_wconf 85' lang='grc' dir='ltr'>ἂν</span> <span class='ocrx_word' id='word_1_763' title='bbox 2268 2689 2465 2751; x_wconf 75' lang='grc' dir='ltr'>πάντες</span> <span class='ocrx_word' id='word_1_764' title='bbox 2492 2686 2785 2756; x_wconf 81' lang='grc' dir='ltr'>ἐγίνωσκον</span> <span class='ocrx_word' id='word_1_765' title='bbox 2807 2686 2907 2756; x_wconf 81' lang='grc' dir='ltr'>τῆς</span> <span class='ocrx_word' id='word_1_766' title='bbox 2931 2688 3197 2757; x_wconf 84' lang='grc' dir='ltr'>τιμωρίας</span> <span class='ocrx_word' id='word_1_767' title='bbox 3220 2687 3281 2738; x_wconf 89' lang='grc' dir='ltr'>τὸ</span> <span class='ocrx_word' id='word_1_768' title='bbox 3305 2687 3577 2760; x_wconf 86' lang='grc' dir='ltr'>ἀφόρητον</span> <span class='ocrx_word' id='word_1_769' title='bbox 3597 2707 3610 2721; x_wconf 80' lang='grc' dir='ltr'><strong><em>ο</em></strong></span> <span class='ocrx_word' id='word_1_770' title='bbox 3640 2691 3760 2742; x_wconf 82' lang='grc' dir='ltr'>νυ·.ὶ</span> <span class='ocrx_word' id='word_1_771' title='bbox 3785 2691 3842 2744; x_wconf 71' lang='grc' dir='ltr'>δὲ</span> 
     </span>
    </p>
   </div>
   <div class='ocr_carea' id='block_1_95' title="bbox 2166 2770 3850 2844">
    <p class='ocr_par' dir='ltr' id='par_1_95' title="bbox 2166 2770 3850 2844">
     <span class='ocr_line' id='line_1_95' title="bbox 2166 2770 3850 2844; baseline 0.002 -18"><span class='ocrx_word' id='word_1_772' title='bbox 2166 2770 2332 2836; x_wconf 68' lang='grc' dir='ltr'>,οὗτος</span> <span class='ocrx_word' id='word_1_773' title='bbox 2365 2774 2469 2827; x_wconf 87' lang='grc' dir='ltr'>ὐπὸ</span> <span class='ocrx_word' id='word_1_774' title='bbox 2495 2777 2605 2837; x_wconf 83' lang='grc' dir='ltr'>τοῖς</span> <span class='ocrx_word' id='word_1_775' title='bbox 2637 2773 2892 2827; x_wconf 91' lang='grc' dir='ltr'>ἀπάντων</span> <span class='ocrx_word' id='word_1_776' title='bbox 2924 2772 3219 2842; x_wconf 78' lang='grc' dir='ltr'>ὀφθαλμοῖς</span> <span class='ocrx_word' id='word_1_777' title='bbox 3250 2774 3632 2844; x_wconf 80' lang='grc' dir='ltr'>στρεφόμενος,</span> <span class='ocrx_word' id='word_1_778' title='bbox 3662 2776 3850 2829; x_wconf 84' lang='grc' dir='ltr'>εὐκαί-</span> 
     </span>
    </p>
   </div>
   <div class='ocr_carea' id='block_1_96' title="bbox 2182 2858 3855 2932">
    <p class='ocr_par' dir='ltr' id='par_1_96' title="bbox 2182 2858 3855 2932">
     <span class='ocr_line' id='line_1_96' title="bbox 2182 2858 3855 2932; baseline 0.001 -19"><span class='ocrx_word' id='word_1_779' title='bbox 2182 2878 2322 2932; x_wconf 91' lang='grc' dir='ltr'>ρως,</span> <span class='ocrx_word' id='word_1_780' title='bbox 2356 2860 2599 2931; x_wconf 84' lang='grc' dir='ltr'>ἀκαίρως</span> <span class='ocrx_word' id='word_1_781' title='bbox 2632 2860 2937 2929; x_wconf 80' lang='grc' dir='ltr'>ὑπόμνησις</span> <span class='ocrx_word' id='word_1_782' title='bbox 2976 2859 3187 2926; x_wconf 83' lang='grc' dir='ltr'>ἐγίνετο</span> <span class='ocrx_word' id='word_1_783' title='bbox 3227 2858 3323 2927; x_wconf 79' lang='grc' dir='ltr'>τῆς</span> <span class='ocrx_word' id='word_1_784' title='bbox 3343 2858 3437 2911; x_wconf 87' lang='grc' dir='ltr'>τοῦ</span> <span class='ocrx_word' id='word_1_785' title='bbox 3466 2859 3598 2912; x_wconf 84' lang='grc' dir='ltr'>Θεοῦ</span> <span class='ocrx_word' id='word_1_786' title='bbox 3639 2861 3855 2929; x_wconf 70' lang='grc' dir='ltr'>ἀγανα-</span> 
     </span>
    </p>
   </div>
   <div class='ocr_carea' id='block_1_97' title="bbox 2181 2943 3850 3018">
    <p class='ocr_par' dir='ltr' id='par_1_97' title="bbox 2181 2943 3850 3018">
     <span class='ocr_line' id='line_1_97' title="bbox 2181 2943 3850 3018; baseline 0.001 -19"><span class='ocrx_word' id='word_1_787' title='bbox 2181 2950 2439 3017; x_wconf 77' lang='grc' dir='ltr'>κτήσεως.</span> <span class='ocrx_word' id='word_1_788' title='bbox 2491 2946 2601 2999; x_wconf 80' lang='grc' dir='ltr'>Καὶ</span> <span class='ocrx_word' id='word_1_789' title='bbox 2631 2946 2717 2999; x_wconf 75' lang='grc' dir='ltr'>ἵνα</span> <span class='ocrx_word' id='word_1_790' title='bbox 2762 2944 3021 3015; x_wconf 89' lang='grc' dir='ltr'>μάθωμεν</span> <span class='ocrx_word' id='word_1_791' title='bbox 3063 2943 3305 3013; x_wconf 88' lang='grc' dir='ltr'>ἀκριϐῶς</span> <span class='ocrx_word' id='word_1_792' title='bbox 3339 2945 3432 2998; x_wconf 78' lang='grc' dir='ltr'>ἐπὶ</span> <span class='ocrx_word' id='word_1_793' title='bbox 3458 2946 3620 3001; x_wconf 65' lang='grc' dir='ltr'>πέσον</span> <span class='ocrx_word' id='word_1_794' title='bbox 3650 2947 3850 3018; x_wconf 72' lang='grc' dir='ltr'>χρόνον</span> 
     </span>
    </p>
   </div>
   <div class='ocr_carea' id='block_1_98' title="bbox 2179 3030 3845 3104">
    <p class='ocr_par' dir='ltr' id='par_1_98' title="bbox 2179 3030 3845 3104">
     <span class='ocr_line' id='line_1_98' title="bbox 2179 3030 3845 3104; baseline 0.002 -19"><span class='ocrx_word' id='word_1_795' title='bbox 2179 3033 2461 3104; x_wconf 86' lang='grc' dir='ltr'>διήρκεσεν</span> <span class='ocrx_word' id='word_1_796' title='bbox 2488 3036 2516 3086; x_wconf 84' lang='grc' dir='ltr'><strong>ὀ</strong></span> <span class='ocrx_word' id='word_1_797' title='bbox 2548 3032 2661 3095; x_wconf 87' lang='grc' dir='ltr'>υίὸς</span> <span class='ocrx_word' id='word_1_798' title='bbox 2696 3031 2784 3084; x_wconf 90' lang='grc' dir='ltr'>διά</span> <span class='ocrx_word' id='word_1_799' title='bbox 2810 3031 2908 3100; x_wconf 85' lang='grc' dir='ltr'>τῆς</span> <span class='ocrx_word' id='word_1_800' title='bbox 2943 3030 3311 3102; x_wconf 88' lang='grc' dir='ltr'>προσηγορίας</span> <span class='ocrx_word' id='word_1_801' title='bbox 3348 3030 3447 3101; x_wconf 90' lang='grc' dir='ltr'>τῆς</span> <span class='ocrx_word' id='word_1_802' title='bbox 3478 3033 3670 3086; x_wconf 85' lang='grc' dir='ltr'>ἐαυτοῦ</span> <span class='ocrx_word' id='word_1_803' title='bbox 3702 3036 3845 3088; x_wconf 70' lang='grc' dir='ltr'>πᾶσι</span> 
     </span>
    </p>
   </div>
   <div class='ocr_carea' id='block_1_99' title="bbox 2181 3116 3845 3192">
    <p class='ocr_par' dir='ltr' id='par_1_99' title="bbox 2181 3116 3845 3192">
     <span class='ocr_line' id='line_1_99' title="bbox 2181 3116 3845 3192; baseline 0.004 -23"><span class='ocrx_word' id='word_1_804' title='bbox 2181 3119 2457 3190; x_wconf 80' lang='grc' dir='ltr'>παραινῶν</span> <span class='ocrx_word' id='word_1_805' title='bbox 2504 3118 2803 3188; x_wconf 85' lang='grc' dir='ltr'>ἀποστῆναι</span> <span class='ocrx_word' id='word_1_806' title='bbox 2842 3117 2940 3187; x_wconf 84' lang='grc' dir='ltr'>μὲν</span> <span class='ocrx_word' id='word_1_807' title='bbox 2992 3116 3093 3186; x_wconf 85' lang='grc' dir='ltr'>τῆς</span> <span class='ocrx_word' id='word_1_808' title='bbox 3127 3118 3346 3181; x_wconf 91' lang='grc' dir='ltr'>κακίας,</span> <span class='ocrx_word' id='word_1_809' title='bbox 3399 3118 3612 3172; x_wconf 81' lang='grc' dir='ltr'>ἑλέσθαι</span> <span class='ocrx_word' id='word_1_810' title='bbox 3641 3120 3697 3174; x_wconf 81' lang='grc' dir='ltr'>δὲ</span> <span class='ocrx_word' id='word_1_811' title='bbox 3743 3121 3845 3192; x_wconf 73' lang='grc' dir='ltr'>τὴν</span> 
     </span>
    </p>
   </div>
   <div class='ocr_carea' id='block_1_100' title="bbox 2179 3202 3842 3283">
    <p class='ocr_par' dir='ltr' id='par_1_100' title="bbox 2179 3202 3842 3283">
     <span class='ocr_line' id='line_1_100' title="bbox 2179 3202 3842 3283; baseline 0 -24"><span class='ocrx_word' id='word_1_812' title='bbox 2179 3206 2398 3277; x_wconf 78' lang='grc' dir='ltr'>ἀρετὴν,</span> <span class='ocrx_word' id='word_1_813' title='bbox 2426 3206 2518 3259; x_wconf 77' lang='grc' dir='ltr'>καὶ</span> <span class='ocrx_word' id='word_1_814' title='bbox 2541 3203 2820 3283; x_wconf 71' lang='grc' dir='ltr'>διἀφυγεῖν</span> <span class='ocrx_word' id='word_1_815' title='bbox 2847 3202 2944 3274; x_wconf 84' lang='grc' dir='ltr'>τὴν</span> <span class='ocrx_word' id='word_1_816' title='bbox 2964 3202 3229 3273; x_wconf 90' lang='grc' dir='ltr'>τοσαύτην</span> <span class='ocrx_word' id='word_1_817' title='bbox 3251 3204 3644 3275; x_wconf 77' lang='grc' dir='ltr'>ἀγανάκτησιν,</span> <span class='ocrx_word' id='word_1_818' title='bbox 3674 3210 3842 3279; x_wconf 74' lang='grc' dir='ltr'>φησί’</span> 
     </span>
    </p>
   </div>
   <div class='ocr_carea' id='block_1_101' title="bbox 2178 3288 3847 3364">
    <p class='ocr_par' dir='ltr' id='par_1_101' title="bbox 2178 3288 3847 3364">
     <span class='ocr_line' id='line_1_101' title="bbox 2178 3288 3847 3364; baseline 0.002 -18"><span class='ocrx_word' id='word_1_819' title='bbox 2178 3292 2288 3346; x_wconf 79' lang='grc' dir='ltr'>Καὶ</span> <span class='ocrx_word' id='word_1_820' title='bbox 2329 3288 2404 3361; x_wconf 82' lang='grc' dir='ltr'>ἦν</span> <span class='ocrx_word' id='word_1_821' title='bbox 2433 3289 2561 3345; x_wconf 81' lang='grc' dir='ltr'>Νῶε</span> <span class='ocrx_word' id='word_1_822' title='bbox 2594 3288 2745 3344; x_wconf 81' lang='grc' dir='ltr'>ἐτῶν</span> <span class='ocrx_word' id='word_1_823' title='bbox 2788 3290 3221 3353; x_wconf 82' lang='grc' dir='ltr'>πεντακοσίων,</span> <span class='ocrx_word' id='word_1_824' title='bbox 3253 3290 3352 3343; x_wconf 78' lang='grc' dir='ltr'>καὶ</span> <span class='ocrx_word' id='word_1_825' title='bbox 3386 3290 3674 3364; x_wconf 77' lang='grc' dir='ltr'>ἐγέννησε</span> <span class='ocrx_word' id='word_1_826' title='bbox 3710 3293 3847 3350; x_wconf 80' lang='grc' dir='ltr'>Νῶε</span> 
     </span>
    </p>
   </div>
   <div class='ocr_carea' id='block_1_102' title="bbox 2178 3377 3847 3450">
    <p class='ocr_par' dir='ltr' id='par_1_102' title="bbox 2178 3377 3847 3450">
     <span class='ocr_line' id='line_1_102' title="bbox 2178 3377 3847 3450; baseline 0.001 -17"><span class='ocrx_word' id='word_1_827' title='bbox 2178 3380 2333 3448; x_wconf 73' lang='grc' dir='ltr'>τρεῖς</span> <span class='ocrx_word' id='word_1_828' title='bbox 2358 3380 2545 3445; x_wconf 70' lang='grc' dir='ltr'>υἱούς.</span> <span class='ocrx_word' id='word_1_829' title='bbox 2605 3380 2746 3445; x_wconf 84' lang='grc' dir='ltr'>Ὅρα</span> <span class='ocrx_word' id='word_1_830' title='bbox 2788 3377 2947 3433; x_wconf 91' lang='grc' dir='ltr'>πάλιν</span> <span class='ocrx_word' id='word_1_831' title='bbox 2996 3377 3153 3432; x_wconf 82' lang='grc' dir='ltr'>ἄλλον</span> <span class='ocrx_word' id='word_1_832' title='bbox 3180 3378 3387 3432; x_wconf 88' lang='grc' dir='ltr'>δίκαιον</span> <span class='ocrx_word' id='word_1_833' title='bbox 3420 3380 3557 3450; x_wconf 87' lang='grc' dir='ltr'>μετά</span> <span class='ocrx_word' id='word_1_834' title='bbox 3581 3383 3847 3449; x_wconf 85' lang='grc' dir='ltr'>γυναικὸς</span> 
     </span>
    </p>
   </div>
   <div class='ocr_carea' id='block_1_103' title="bbox 2178 3462 3845 3538">
    <p class='ocr_par' dir='ltr' id='par_1_103' title="bbox 2178 3462 3845 3538">
     <span class='ocr_line' id='line_1_103' title="bbox 2178 3462 3845 3538; baseline 0.002 -19"><span class='ocrx_word' id='word_1_835' title='bbox 2178 3467 2273 3521; x_wconf 77' lang='grc' dir='ltr'>καὶ</span> <span class='ocrx_word' id='word_1_836' title='bbox 2292 3467 2513 3529; x_wconf 85' lang='grc' dir='ltr'>τέκνων,</span> <span class='ocrx_word' id='word_1_837' title='bbox 2547 3464 2744 3535; x_wconf 80' lang='grc' dir='ltr'>πολλὴν</span> <span class='ocrx_word' id='word_1_838' title='bbox 2766 3465 2864 3534; x_wconf 79' lang='grc' dir='ltr'>τήν</span> <span class='ocrx_word' id='word_1_839' title='bbox 2892 3465 3019 3535; x_wconf 68' lang='grc' dir='ltr'>περὶ</span> <span class='ocrx_word' id='word_1_840' title='bbox 3048 3464 3139 3516; x_wconf 83' lang='grc' dir='ltr'>τὸν</span> <span class='ocrx_word' id='word_1_841' title='bbox 3171 3462 3302 3518; x_wconf 84' lang='grc' dir='ltr'>Θεὸν</span> <span class='ocrx_word' id='word_1_842' title='bbox 3321 3465 3676 3538; x_wconf 79' lang='grc' dir='ltr'>εὐαρέστησιν</span> <span class='ocrx_word' id='word_1_843' title='bbox 3706 3486 3845 3522; x_wconf 86' lang='grc' dir='ltr'>κατ-</span> 
     </span>
    </p>
   </div>
   <div class='ocr_carea' id='block_1_104' title="bbox 2178 3550 3845 3624">
    <p class='ocr_par' dir='ltr' id='par_1_104' title="bbox 2178 3550 3845 3624">
     <span class='ocr_line' id='line_1_104' title="bbox 2178 3550 3845 3624; baseline -0.001 -18"><span class='ocrx_word' id='word_1_844' title='bbox 2178 3552 2493 3624; x_wconf 76' lang='grc' dir='ltr'>ωρθωκότα,</span> <span class='ocrx_word' id='word_1_845' title='bbox 2541 3552 2633 3605; x_wconf 67' lang='grc' dir='ltr'>καὶ</span> <span class='ocrx_word' id='word_1_846' title='bbox 2668 3550 2991 3612; x_wconf 86' lang='grc' dir='ltr'>ἀπεναντίας</span> <span class='ocrx_word' id='word_1_847' title='bbox 3026 3550 3198 3603; x_wconf 75' lang='grc' dir='ltr'>ἅπασι</span> <span class='ocrx_word' id='word_1_848' title='bbox 3227 3550 3324 3620; x_wconf 77' lang='grc' dir='ltr'>τὴν</span> <span class='ocrx_word' id='word_1_849' title='bbox 3367 3552 3465 3621; x_wconf 81' lang='grc' dir='ltr'>τῆς</span> <span class='ocrx_word' id='word_1_850' title='bbox 3491 3553 3690 3624; x_wconf 80' lang='grc' dir='ltr'>ἀρετῆς</span> <span class='ocrx_word' id='word_1_851' title='bbox 3719 3555 3845 3609; x_wconf 78' lang='grc' dir='ltr'>ὁδὸν</span> 
     </span>
    </p>
   </div>
   <div class='ocr_carea' id='block_1_105' title="bbox 2177 3634 3841 3711">
    <p class='ocr_par' dir='ltr' id='par_1_105' title="bbox 2177 3634 3841 3711">
     <span class='ocr_line' id='line_1_105' title="bbox 2177 3634 3841 3711; baseline 0.001 -19"><span class='ocrx_word' id='word_1_852' title='bbox 2177 3639 2447 3708; x_wconf 80' lang='grc' dir='ltr'>ἑλόμενον,</span> <span class='ocrx_word' id='word_1_853' title='bbox 2486 3637 2579 3693; x_wconf 78' lang='grc' dir='ltr'>καὶ</span> <span class='ocrx_word' id='word_1_854' title='bbox 2621 3635 2770 3689; x_wconf 76' lang='grc' dir='ltr'>οὐδὲν</span> <span class='ocrx_word' id='word_1_855' title='bbox 2801 3635 2923 3689; x_wconf 82' lang='grc' dir='ltr'>οὐτε</span> <span class='ocrx_word' id='word_1_856' title='bbox 2961 3636 3066 3689; x_wconf 79' lang='grc' dir='ltr'>ὐπὸ</span> <span class='ocrx_word' id='word_1_857' title='bbox 3097 3634 3189 3689; x_wconf 88' lang='grc' dir='ltr'>τοῦ</span> <span class='ocrx_word' id='word_1_858' title='bbox 3228 3638 3427 3707; x_wconf 89' lang='grc' dir='ltr'>γάμου,</span> <span class='ocrx_word' id='word_1_859' title='bbox 3458 3638 3710 3711; x_wconf 15' lang='grc' dir='ltr'>οὐτείύπὸ</span> <span class='ocrx_word' id='word_1_860' title='bbox 3738 3642 3841 3711; x_wconf 73' lang='grc' dir='ltr'>τῆς</span> 
     </span>
    </p>
   </div>
   <div class='ocr_carea' id='block_1_106' title="bbox 2178 3710 3842 3799">
    <p class='ocr_par' dir='ltr' id='par_1_106' title="bbox 2178 3710 3842 3799">
     <span class='ocr_line' id='line_1_106' title="bbox 2178 3710 3842 3799; baseline 0 -21"><span class='ocrx_word' id='word_1_861' title='bbox 2178 3724 2560 3797; x_wconf 82' lang='grc' dir='ltr'>παιδοτροφίας</span> <span class='ocrx_word' id='word_1_862' title='bbox 2591 3721 2916 3776; x_wconf 89' lang='grc' dir='ltr'>κωλυθέντα.</span> <span class='ocrx_word' id='word_1_863' title='bbox 2971 3721 3120 3785; x_wconf 83' lang='grc' dir='ltr'>Τέως</span> <span class='ocrx_word' id='word_1_864' title='bbox 3147 3721 3203 3774; x_wconf 85' lang='grc' dir='ltr'>δέ</span> <span class='ocrx_word' id='word_1_865' title='bbox 3233 3723 3528 3791; x_wconf 87' lang='grc' dir='ltr'>ἀναγκαῖον</span> <span class='ocrx_word' id='word_1_866' title='bbox 3561 3710 3842 3799; x_wconf 78' lang='grc' dir='ltr'>ἐκπλαγῆο</span> 
     </span>
    </p>
   </div>
   <div class='ocr_carea' id='block_1_107' title="bbox 2174 3806 3841 3877">
    <p class='ocr_par' dir='ltr' id='par_1_107' title="bbox 2174 3806 3841 3877">
     <span class='ocr_line' id='line_1_107' title="bbox 2174 3806 3841 3877; baseline 0.002 -15"><span class='ocrx_word' id='word_1_867' title='bbox 2174 3828 2263 3862; x_wconf 88' lang='grc' dir='ltr'>ναι</span> <span class='ocrx_word' id='word_1_868' title='bbox 2306 3808 2400 3861; x_wconf 91' lang='grc' dir='ltr'>τοῦ</span> <span class='ocrx_word' id='word_1_869' title='bbox 2444 3806 2579 3861; x_wconf 88' lang='grc' dir='ltr'>Θεοῦ</span> <span class='ocrx_word' id='word_1_870' title='bbox 2605 3808 2703 3877; x_wconf 75' lang='grc' dir='ltr'>τήν</span> <span class='ocrx_word' id='word_1_871' title='bbox 2740 3807 2945 3876; x_wconf 84' lang='grc' dir='ltr'>ἀφατον</span> <span class='ocrx_word' id='word_1_872' title='bbox 2977 3806 3388 3877; x_wconf 85' lang='grc' dir='ltr'>μακροθυμίαν,</span> <span class='ocrx_word' id='word_1_873' title='bbox 3438 3810 3531 3862; x_wconf 70' lang='grc' dir='ltr'>καὶ</span> <span class='ocrx_word' id='word_1_874' title='bbox 3558 3809 3666 3864; x_wconf 85' lang='grc' dir='ltr'>τῶν</span> <span class='ocrx_word' id='word_1_875' title='bbox 3711 3814 3841 3867; x_wconf 85' lang='grc' dir='ltr'>τότε</span> 
     </span>
    </p>
   </div>
   <div class='ocr_carea' id='block_1_108' title="bbox 2176 3893 3836 3967">
    <p class='ocr_par' dir='ltr' id='par_1_108' title="bbox 2176 3893 3836 3967">
     <span class='ocr_line' id='line_1_108' title="bbox 2176 3893 3836 3967; baseline 0.002 -19"><span class='ocrx_word' id='word_1_876' title='bbox 2176 3896 2474 3967; x_wconf 83' lang='grc' dir='ltr'>ἀνθρώπων</span> <span class='ocrx_word' id='word_1_877' title='bbox 2501 3894 2596 3965; x_wconf 80' lang='grc' dir='ltr'>τὴν</span> <span class='ocrx_word' id='word_1_878' title='bbox 2629 3893 3019 3965; x_wconf 86' lang='grc' dir='ltr'>ἀγνωμοσύνην</span> <span class='ocrx_word' id='word_1_879' title='bbox 3048 3893 3145 3964; x_wconf 82' lang='grc' dir='ltr'>τὴν</span> <span class='ocrx_word' id='word_1_880' title='bbox 3190 3894 3655 3964; x_wconf 79' lang='grc' dir='ltr'>ὑπερϐάλλουσαν.</span> <span class='ocrx_word' id='word_1_881' title='bbox 3701 3897 3836 3953; x_wconf 69' lang='grc' dir='ltr'>Ἰδοὺ</span> 
     </span>
    </p>
   </div>
   <div class='ocr_carea' id='block_1_109' title="bbox 2175 3981 3839 4057">
    <p class='ocr_par' dir='ltr' id='par_1_109' title="bbox 2175 3981 3839 4057">
     <span class='ocr_line' id='line_1_109' title="bbox 2175 3981 3839 4057; baseline -0.001 -19"><span class='ocrx_word' id='word_1_882' title='bbox 2175 3986 2283 4057; x_wconf 73' lang='grc' dir='ltr'>γὰρ</span> <span class='ocrx_word' id='word_1_883' title='bbox 2344 3984 2672 4037; x_wconf 77' lang='grc' dir='ltr'>πεντακόσια</span> <span class='ocrx_word' id='word_1_884' title='bbox 2718 3982 2811 4052; x_wconf 76' lang='grc' dir='ltr'>ἔτη</span> <span class='ocrx_word' id='word_1_885' title='bbox 2867 3982 3002 4044; x_wconf 82' lang='grc' dir='ltr'>τέω;</span> <span class='ocrx_word' id='word_1_886' title='bbox 3034 3982 3320 4053; x_wconf 81' lang='grc' dir='ltr'>διήρκεσεν</span> <span class='ocrx_word' id='word_1_887' title='bbox 3366 3984 3395 4036; x_wconf 87' lang='grc' dir='ltr'>ὁ</span> <span class='ocrx_word' id='word_1_888' title='bbox 3436 3984 3637 4048; x_wconf 88' lang='grc' dir='ltr'>δίκαιος</span> <span class='ocrx_word' id='word_1_889' title='bbox 3681 3981 3839 4052; x_wconf 69' lang='grc' dir='ltr'>οὗτος</span> 
     </span>
    </p>
   </div>
   <div class='ocr_carea' id='block_1_110' title="bbox 2178 4066 3838 4142">
    <p class='ocr_par' dir='ltr' id='par_1_110' title="bbox 2178 4066 3838 4142">
     <span class='ocr_line' id='line_1_110' title="bbox 2178 4066 3838 4142; baseline 0 -19"><span class='ocrx_word' id='word_1_890' title='bbox 2178 4072 2334 4140; x_wconf 82' lang='grc' dir='ltr'>βοῶν,</span> <span class='ocrx_word' id='word_1_891' title='bbox 2366 4070 2460 4123; x_wconf 79' lang='grc' dir='ltr'>καὶ</span> <span class='ocrx_word' id='word_1_892' title='bbox 2482 4068 2984 4138; x_wconf 76' lang='grc' dir='ltr'>διαμαρτυρόμενος</span> <span class='ocrx_word' id='word_1_893' title='bbox 2999 4066 3087 4120; x_wconf 83' lang='lat'>0:0</span> <span class='ocrx_word' id='word_1_894' title='bbox 3112 4067 3209 4137; x_wconf 86' lang='grc' dir='ltr'>τῆς</span> <span class='ocrx_word' id='word_1_895' title='bbox 3242 4068 3434 4122; x_wconf 86' lang='grc' dir='ltr'>ἐαυτοῦ</span> <span class='ocrx_word' id='word_1_896' title='bbox 3464 4072 3838 4142; x_wconf 80' lang='grc' dir='ltr'>προσηγορίας</span> 
     </span>
    </p>
   </div>
   <div class='ocr_carea' id='block_1_111' title="bbox 2172 4152 3838 4228">
    <p class='ocr_par' dir='ltr' id='par_1_111' title="bbox 2172 4152 3838 4228">
     <span class='ocr_line' id='line_1_111' title="bbox 2172 4152 3838 4228; baseline 0 -18"><span class='ocrx_word' id='word_1_897' title='bbox 2172 4156 2235 4210; x_wconf 82' lang='grc' dir='ltr'>τὸ</span> <span class='ocrx_word' id='word_1_898' title='bbox 2269 4156 2457 4228; x_wconf 79' lang='grc' dir='ltr'>μέλλον</span> <span class='ocrx_word' id='word_1_899' title='bbox 2490 4154 2705 4208; x_wconf 78' lang='grc' dir='ltr'>ἔσεσθαι</span> <span class='ocrx_word' id='word_1_900' title='bbox 2736 4152 3022 4206; x_wconf 85' lang='grc' dir='ltr'>κλυδώνιον</span> <span class='ocrx_word' id='word_1_901' title='bbox 3060 4153 3198 4208; x_wconf 82' lang='grc' dir='ltr'>κατά</span> <span class='ocrx_word' id='word_1_902' title='bbox 3233 4157 3412 4207; x_wconf 79' lang='grc' dir='ltr'>πᾶσαν</span> <span class='ocrx_word' id='word_1_903' title='bbox 3438 4157 3540 4227; x_wconf 76' lang='grc' dir='ltr'>τὴν</span> <span class='ocrx_word' id='word_1_904' title='bbox 3580 4159 3838 4228; x_wconf 77' lang='grc' dir='ltr'>οἰκουμέ-</span> 
     </span>
    </p>
   </div>
   <div class='ocr_carea' id='block_1_112' title="bbox 2172 4238 3835 4312">
    <p class='ocr_par' dir='ltr' id='par_1_112' title="bbox 2172 4238 3835 4312">
     <span class='ocr_line' id='line_1_112' title="bbox 2172 4238 3835 4312; baseline -0.002 -14"><span class='ocrx_word' id='word_1_905' title='bbox 2172 4260 2269 4312; x_wconf 88' lang='grc' dir='ltr'>νην</span> <span class='ocrx_word' id='word_1_906' title='bbox 2299 4242 2388 4296; x_wconf 87' lang='grc' dir='ltr'>διά</span> <span class='ocrx_word' id='word_1_907' title='bbox 2435 4240 2531 4312; x_wconf 80' lang='grc' dir='ltr'>τὴν</span> <span class='ocrx_word' id='word_1_908' title='bbox 2564 4240 2664 4310; x_wconf 84' lang='grc' dir='ltr'>τῆς</span> <span class='ocrx_word' id='word_1_909' title='bbox 2705 4238 2900 4301; x_wconf 87' lang='grc' dir='ltr'>κακίας</span> <span class='ocrx_word' id='word_1_910' title='bbox 2941 4239 3184 4292; x_wconf 84' lang='grc' dir='ltr'>ἐπίτασιν</span> <span class='ocrx_word' id='word_1_911' title='bbox 3219 4239 3311 4292; x_wconf 77' lang='grc' dir='ltr'>καὶ</span> <span class='ocrx_word' id='word_1_912' title='bbox 3356 4240 3477 4293; x_wconf 85' lang='grc' dir='ltr'>οὐδέ</span> <span class='ocrx_word' id='word_1_913' title='bbox 3499 4239 3670 4303; x_wconf 85' lang='grc' dir='ltr'>οὐτως</span> <span class='ocrx_word' id='word_1_914' title='bbox 3699 4243 3835 4295; x_wconf 81' lang='grc' dir='ltr'>ἀπο-</span> 
     </span>
    </p>
   </div>
   <div class='ocr_carea' id='block_1_113' title="bbox 2173 4323 3839 4397">
    <p class='ocr_par' dir='ltr' id='par_1_113' title="bbox 2173 4323 3839 4397">
     <span class='ocr_line' id='line_1_113' title="bbox 2173 4323 3839 4397; baseline -0.001 -17"><span class='ocrx_word' id='word_1_915' title='bbox 2173 4329 2361 4397; x_wconf 87' lang='grc' dir='ltr'>στῆναι</span> <span class='ocrx_word' id='word_1_916' title='bbox 2402 4327 2503 4395; x_wconf 89' lang='grc' dir='ltr'>τῆς</span> <span class='ocrx_word' id='word_1_917' title='bbox 2531 4326 2728 4388; x_wconf 90' lang='grc' dir='ltr'>κακίας</span> <span class='ocrx_word' id='word_1_918' title='bbox 2766 4323 3165 4394; x_wconf 70' lang='grc' dir='ltr'>ἠϐουλήθησαν.</span> <span class='ocrx_word' id='word_1_919' title='bbox 3236 4324 3372 4376; x_wconf 80' lang='grc' dir='ltr'>Ἀλλ’</span> <span class='ocrx_word' id='word_1_920' title='bbox 3399 4327 3428 4378; x_wconf 85' lang='grc' dir='ltr'>ό</span> <span class='ocrx_word' id='word_1_921' title='bbox 3456 4325 3839 4397; x_wconf 87' lang='grc' dir='ltr'>φιλάνθρωπος</span> 
     </span>
    </p>
   </div>
   <div class='ocr_carea' id='block_1_114' title="bbox 2172 4409 3838 4485">
    <p class='ocr_par' dir='ltr' id='par_1_114' title="bbox 2172 4409 3838 4485">
     <span class='ocr_line' id='line_1_114' title="bbox 2172 4409 3838 4485; baseline 0 -20"><span class='ocrx_word' id='word_1_922' title='bbox 2172 4413 2303 4475; x_wconf 81' lang='grc' dir='ltr'>Θεὸς</span> <span class='ocrx_word' id='word_1_923' title='bbox 2329 4413 2450 4467; x_wconf 85' lang='grc' dir='ltr'>οὐδὲ</span> <span class='ocrx_word' id='word_1_924' title='bbox 2488 4412 2625 4485; x_wconf 83' lang='grc' dir='ltr'>μετὰ</span> <span class='ocrx_word' id='word_1_925' title='bbox 2654 4410 2751 4480; x_wconf 81' lang='grc' dir='ltr'>τὴν</span> <span class='ocrx_word' id='word_1_926' title='bbox 2784 4409 3050 4481; x_wconf 74' lang='grc' dir='ltr'>τοσαύτην</span> <span class='ocrx_word' id='word_1_927' title='bbox 3076 4410 3400 4481; x_wconf 71' lang='grc' dir='ltr'>πρόρρησιν,</span> <span class='ocrx_word' id='word_1_928' title='bbox 3422 4411 3543 4464; x_wconf 85' lang='grc' dir='ltr'>οὐδὲ</span> <span class='ocrx_word' id='word_1_929' title='bbox 3575 4411 3711 4481; x_wconf 82' lang='grc' dir='ltr'>μετά</span> <span class='ocrx_word' id='word_1_930' title='bbox 3743 4413 3838 4465; x_wconf 83' lang='grc' dir='ltr'>τὸν</span> 
     </span>
    </p>
   </div>
   <div class='ocr_carea' id='block_1_115' title="bbox 2171 4496 3835 4569">
    <p class='ocr_par' dir='ltr' id='par_1_115' title="bbox 2171 4496 3835 4569">
     <span class='ocr_line' id='line_1_115' title="bbox 2171 4496 3835 4569; baseline -0.002 -14"><span class='ocrx_word' id='word_1_931' title='bbox 2171 4499 2438 4555; x_wconf 84' lang='grc' dir='ltr'>τοσούτων</span> <span class='ocrx_word' id='word_1_932' title='bbox 2467 4496 2695 4569; x_wconf 83' lang='grc' dir='ltr'>ἀριθμὸν</span> <span class='ocrx_word' id='word_1_933' title='bbox 2725 4496 2861 4549; x_wconf 85' lang='grc' dir='ltr'>ἐτῶν</span> <span class='ocrx_word' id='word_1_934' title='bbox 2893 4496 2989 4567; x_wconf 75' lang='grc' dir='ltr'>τὴν</span> <span class='ocrx_word' id='word_1_935' title='bbox 3014 4497 3282 4567; x_wconf 90' lang='grc' dir='ltr'>τιμωρίαν</span> <span class='ocrx_word' id='word_1_936' title='bbox 3314 4498 3531 4566; x_wconf 84' lang='grc' dir='ltr'>ἐπάγει,</span> <span class='ocrx_word' id='word_1_937' title='bbox 3567 4498 3700 4551; x_wconf 82' lang='grc' dir='ltr'>ἀλλά</span> <span class='ocrx_word' id='word_1_938' title='bbox 3728 4499 3835 4552; x_wconf 67' lang='grc' dir='ltr'>πάι</span> 
     </span>
    </p>
   </div>
   <div class='ocr_carea' id='block_1_116' title="bbox 2170 4582 3833 4656">
    <p class='ocr_par' dir='ltr' id='par_1_116' title="bbox 2170 4582 3833 4656">
     <span class='ocr_line' id='line_1_116' title="bbox 2170 4582 3833 4656; baseline 0.001 -19"><span class='ocrx_word' id='word_1_939' title='bbox 2170 4585 2252 4639; x_wconf 89' lang='grc' dir='ltr'>λιν</span> <span class='ocrx_word' id='word_1_940' title='bbox 2282 4584 2459 4649; x_wconf 76' lang='grc' dir='ltr'>αὔξων</span> <span class='ocrx_word' id='word_1_941' title='bbox 2488 4582 2649 4637; x_wconf 85' lang='grc' dir='ltr'>αὐτοῦ</span> <span class='ocrx_word' id='word_1_942' title='bbox 2679 4582 2776 4653; x_wconf 83' lang='grc' dir='ltr'>τὴν</span> <span class='ocrx_word' id='word_1_943' title='bbox 2818 4583 3217 4654; x_wconf 85' lang='grc' dir='ltr'>μακροθυμίαν,</span> <span class='ocrx_word' id='word_1_944' title='bbox 3249 4585 3339 4637; x_wconf 77' lang='grc' dir='ltr'>καὶ</span> <span class='ocrx_word' id='word_1_945' title='bbox 3377 4585 3562 4656; x_wconf 74' lang='grc' dir='ltr'>ἕτερον</span> <span class='ocrx_word' id='word_1_946' title='bbox 3594 4586 3693 4637; x_wconf 84' lang='grc' dir='ltr'>οὐκ</span> <span class='ocrx_word' id='word_1_947' title='bbox 3720 4586 3833 4638; x_wconf 84' lang='grc' dir='ltr'>ὀλί-</span> 
     </span>
    </p>
   </div>
   <div class='ocr_carea' id='block_1_117' title="bbox 2169 4668 3834 4742">
    <p class='ocr_par' dir='ltr' id='par_1_117' title="bbox 2169 4668 3834 4742">
     <span class='ocr_line' id='line_1_117' title="bbox 2169 4668 3834 4742; baseline 0.002 -19"><span class='ocrx_word' id='word_1_948' title='bbox 2169 4687 2280 4740; x_wconf 90' lang='grc' dir='ltr'>γων</span> <span class='ocrx_word' id='word_1_949' title='bbox 2311 4671 2444 4724; x_wconf 82' lang='grc' dir='ltr'>ἐτῶν</span> <span class='ocrx_word' id='word_1_950' title='bbox 2466 4669 2693 4742; x_wconf 81' lang='grc' dir='ltr'>ἀριθμὸν</span> <span class='ocrx_word' id='word_1_951' title='bbox 2717 4668 3040 4741; x_wconf 88' lang='grc' dir='ltr'>προστίθησι</span> <span class='ocrx_word' id='word_1_952' title='bbox 3069 4671 3135 4739; x_wconf 77' lang='grc' dir='ltr'>τῇ</span> <span class='ocrx_word' id='word_1_953' title='bbox 3172 4670 3346 4740; x_wconf 72' lang='grc' dir='ltr'>οἰκεία</span> <span class='ocrx_word' id='word_1_954' title='bbox 3382 4670 3723 4742; x_wconf 58' lang='grc' dir='ltr'>ἀνεξικακίᾳ.</span> <span class='ocrx_word' id='word_1_955' title='bbox 3752 4674 3834 4725; x_wconf 89' lang='grc' dir='ltr'>Οὐ</span> 
     </span>
    </p>
   </div>
   <div class='ocr_carea' id='block_1_118' title="bbox 2169 4754 3832 4831">
    <p class='ocr_par' dir='ltr' id='par_1_118' title="bbox 2169 4754 3832 4831">
     <span class='ocr_line' id='line_1_118' title="bbox 2169 4754 3832 4831; baseline -0.001 -20"><span class='ocrx_word' id='word_1_956' title='bbox 2169 4758 2276 4831; x_wconf 82' lang='grc' dir='ltr'>γάρ</span> <span class='ocrx_word' id='word_1_957' title='bbox 2290 4757 2379 4811; x_wconf 80' lang='grc' dir='ltr'>διὰ</span> <span class='ocrx_word' id='word_1_958' title='bbox 2405 4754 2561 4809; x_wconf 87' lang='grc' dir='ltr'>τοῦτο</span> <span class='ocrx_word' id='word_1_959' title='bbox 2599 4756 2888 4827; x_wconf 88' lang='grc' dir='ltr'>παρήγαγε</span> <span class='ocrx_word' id='word_1_960' title='bbox 2913 4756 3010 4825; x_wconf 80' lang='grc' dir='ltr'>τὴν</span> <span class='ocrx_word' id='word_1_961' title='bbox 3034 4755 3142 4808; x_wconf 89' lang='grc' dir='ltr'>τῶν</span> <span class='ocrx_word' id='word_1_962' title='bbox 3163 4756 3463 4827; x_wconf 84' lang='grc' dir='ltr'>ἀνθρώπων</span> <span class='ocrx_word' id='word_1_963' title='bbox 3486 4757 3668 4825; x_wconf 78' lang='grc' dir='ltr'>φύσιν,</span> <span class='ocrx_word' id='word_1_964' title='bbox 3688 4758 3832 4811; x_wconf 75' lang='grc' dir='ltr'>ὥστε</span> 
     </span>
    </p>
   </div>
   <div class='ocr_carea' id='block_1_119' title="bbox 2167 4841 3837 4914">
    <p class='ocr_par' dir='ltr' id='par_1_119' title="bbox 2167 4841 3837 4914">
     <span class='ocr_line' id='line_1_119' title="bbox 2167 4841 3837 4914; baseline 0 -18"><span class='ocrx_word' id='word_1_965' title='bbox 2167 4842 2607 4914; x_wconf 81' lang='grc' dir='ltr'>τιμωρήσασθαι,</span> <span class='ocrx_word' id='word_1_966' title='bbox 2641 4842 2777 4894; x_wconf 89' lang='grc' dir='ltr'>ἀλλά</span> <span class='ocrx_word' id='word_1_967' title='bbox 2798 4842 3107 4895; x_wconf 89' lang='grc' dir='ltr'>τούναντίον</span> <span class='ocrx_word' id='word_1_968' title='bbox 3127 4841 3292 4907; x_wconf 81' lang='grc' dir='ltr'>ἀπαν,</span> <span class='ocrx_word' id='word_1_969' title='bbox 3322 4842 3461 4894; x_wconf 82' lang='grc' dir='ltr'>ὥστε</span> <span class='ocrx_word' id='word_1_970' title='bbox 3484 4843 3594 4895; x_wconf 87' lang='grc' dir='ltr'>τῶν</span> <span class='ocrx_word' id='word_1_971' title='bbox 3619 4845 3837 4913; x_wconf 77' lang='grc' dir='ltr'>μυρῖων</span> 
     </span>
    </p>
   </div>
   <div class='ocr_carea' id='block_1_120' title="bbox 2167 4923 3836 4995">
    <p class='ocr_par' dir='ltr' id='par_1_120' title="bbox 2167 4923 3836 4995">
     <span class='ocr_line' id='line_1_120' title="bbox 2167 4923 3836 4995; baseline -0.001 -16"><span class='ocrx_word' id='word_1_972' title='bbox 2167 4926 2388 4995; x_wconf 83' lang='grc' dir='ltr'>ἀγαθῶν</span> <span class='ocrx_word' id='word_1_973' title='bbox 2414 4924 2511 4995; x_wconf 80' lang='grc' dir='ltr'>τὴν</span> <span class='ocrx_word' id='word_1_974' title='bbox 2544 4924 2841 4978; x_wconf 85' lang='grc' dir='ltr'>ἀπόλαυσιν</span> <span class='ocrx_word' id='word_1_975' title='bbox 2867 4923 3233 4995; x_wconf 85' lang='grc' dir='ltr'>δωρήσασθαι.</span> <span class='ocrx_word' id='word_1_976' title='bbox 3268 4925 3366 4978; x_wconf 87' lang='grc' dir='ltr'>Διά</span> <span class='ocrx_word' id='word_1_977' title='bbox 3394 4925 3552 4977; x_wconf 88' lang='grc' dir='ltr'>τοῦτο</span> <span class='ocrx_word' id='word_1_978' title='bbox 3583 4926 3714 4995; x_wconf 73' lang='grc' dir='ltr'>ὁρᾷς</span> <span class='ocrx_word' id='word_1_979' title='bbox 3737 4927 3836 4978; x_wconf 75' lang='lat'>06-</span> 
     </span>
    </p>
   </div>
   <div class='ocr_carea' id='block_1_121' title="bbox 2165 5010 3838 5082">
    <p class='ocr_par' dir='ltr' id='par_1_121' title="bbox 2165 5010 3838 5082">
     <span class='ocr_line' id='line_1_121' title="bbox 2165 5010 3838 5082; baseline -0.001 -17"><span class='ocrx_word' id='word_1_980' title='bbox 2165 5013 2258 5065; x_wconf 82' lang='lat' dir='ltr'><strong>:0v</strong></span> <span class='ocrx_word' id='word_1_981' title='bbox 2290 5011 2562 5081; x_wconf 87' lang='grc' dir='ltr'>πανταχοῦ</span> <span class='ocrx_word' id='word_1_982' title='bbox 2597 5010 2877 5082; x_wconf 87' lang='grc' dir='ltr'>μέλλοντα,</span> <span class='ocrx_word' id='word_1_983' title='bbox 2918 5011 3011 5061; x_wconf 71' lang='grc' dir='ltr'>καὶ</span> <span class='ocrx_word' id='word_1_984' title='bbox 3048 5010 3482 5081; x_wconf 87' lang='grc' dir='ltr'>ἀναϐαλλόμενον</span> <span class='ocrx_word' id='word_1_985' title='bbox 3512 5013 3569 5063; x_wconf 82' lang='grc' dir='ltr'>ἐν</span> <span class='ocrx_word' id='word_1_986' title='bbox 3596 5013 3718 5074; x_wconf 88' lang='grc' dir='ltr'>ταῖς</span> <span class='ocrx_word' id='word_1_987' title='bbox 3746 5028 3838 5064; x_wconf 89' lang='grc' dir='ltr'>τι-</span> 
     </span>
    </p>
   </div>
   <div class='ocr_carea' id='block_1_122' title="bbox 2169 5095 3833 5169">
    <p class='ocr_par' dir='ltr' id='par_1_122' title="bbox 2169 5095 3833 5169">
     <span class='ocr_line' id='line_1_122' title="bbox 2169 5095 3833 5169; baseline -0.001 -17"><span class='ocrx_word' id='word_1_988' title='bbox 2169 5099 2420 5169; x_wconf 89' lang='grc' dir='ltr'>μωρίαις.</span> <span class='ocrx_word' id='word_1_989' title='bbox 2455 5097 2593 5149; x_wconf 70' lang='grc' dir='ltr'>Ἀλλ’</span> <span class='ocrx_word' id='word_1_990' title='bbox 2624 5098 2711 5149; x_wconf 84' lang='grc' dir='ltr'>ἶνα</span> <span class='ocrx_word' id='word_1_991' title='bbox 2760 5097 2834 5168; x_wconf 79' lang='grc' dir='ltr'>μὴ</span> <span class='ocrx_word' id='word_1_992' title='bbox 2859 5095 2936 5165; x_wconf 79' lang='grc' dir='ltr'>τῷ</span> <span class='ocrx_word' id='word_1_993' title='bbox 2967 5095 3157 5165; x_wconf 87' lang='grc' dir='ltr'>πλήθει</span> <span class='ocrx_word' id='word_1_994' title='bbox 3182 5096 3290 5149; x_wconf 88' lang='grc' dir='ltr'>τῶν</span> <span class='ocrx_word' id='word_1_995' title='bbox 3319 5097 3627 5167; x_wconf 88' lang='grc' dir='ltr'>λεγομένων</span> <span class='ocrx_word' id='word_1_996' title='bbox 3654 5114 3833 5151; x_wconf 82' lang='grc' dir='ltr'>κατα-</span> 
     </span>
    </p>
   </div>
   <div class='ocr_carea' id='block_1_123' title="bbox 2163 5179 3836 5254">
    <p class='ocr_par' dir='ltr' id='par_1_123' title="bbox 2163 5179 3836 5254">
     <span class='ocr_line' id='line_1_123' title="bbox 2163 5179 3836 5254; baseline -0.001 -19"><span class='ocrx_word' id='word_1_997' title='bbox 2163 5183 2427 5254; x_wconf 88' lang='grc' dir='ltr'>χώσωμεν</span> <span class='ocrx_word' id='word_1_998' title='bbox 2470 5181 2621 5252; x_wconf 87' lang='grc' dir='ltr'>ὐμῶν</span> <span class='ocrx_word' id='word_1_999' title='bbox 2652 5182 2751 5251; x_wconf 81' lang='grc' dir='ltr'>τήν</span> <span class='ocrx_word' id='word_1_1000' title='bbox 2788 5181 3027 5251; x_wconf 86' lang='grc' dir='ltr'>μνήμην,</span> <span class='ocrx_word' id='word_1_1001' title='bbox 3087 5179 3247 5251; x_wconf 80' lang='grc' dir='ltr'>μέχρι</span> <span class='ocrx_word' id='word_1_1002' title='bbox 3295 5180 3487 5233; x_wconf 86' lang='grc' dir='ltr'>τούτου</span> <span class='ocrx_word' id='word_1_1003' title='bbox 3532 5182 3836 5252; x_wconf 80' lang='grc' dir='ltr'>στήσαντες</span> 
     </span>
    </p>
   </div>
   <div class='ocr_carea' id='block_1_124' title="bbox 2162 5267 3830 5339">
    <p class='ocr_par' dir='ltr' id='par_1_124' title="bbox 2162 5267 3830 5339">
     <span class='ocr_line' id='line_1_124' title="bbox 2162 5267 3830 5339; baseline -0.001 -15"><span class='ocrx_word' id='word_1_1004' title='bbox 2162 5271 2253 5325; x_wconf 87' lang='grc' dir='ltr'>τὸν</span> <span class='ocrx_word' id='word_1_1005' title='bbox 2278 5270 2433 5339; x_wconf 92' lang='grc' dir='ltr'>λόγον</span> <span class='ocrx_word' id='word_1_1006' title='bbox 2466 5270 2543 5334; x_wconf 86' lang='grc' dir='ltr'>είς</span> <span class='ocrx_word' id='word_1_1007' title='bbox 2571 5269 2670 5338; x_wconf 77' lang='grc' dir='ltr'>τὴν</span> <span class='ocrx_word' id='word_1_1008' title='bbox 2701 5268 2960 5321; x_wconf 83' lang='grc' dir='ltr'>ἐπιοῦσαν</span> <span class='ocrx_word' id='word_1_1009' title='bbox 2980 5267 3049 5321; x_wconf 85' lang='grc' dir='ltr'>τά</span> <span class='ocrx_word' id='word_1_1010' title='bbox 3075 5267 3371 5338; x_wconf 87' lang='grc' dir='ltr'>λειπόμενα</span> <span class='ocrx_word' id='word_1_1011' title='bbox 3396 5269 3830 5339; x_wconf 84' lang='grc' dir='ltr'>ταμιεοσόμεθα.</span> 
     </span>
    </p>
   </div>
   <div class='ocr_carea' id='block_1_125' title="bbox 2235 5348 3837 5421">
    <p class='ocr_par' dir='ltr' id='par_1_125' title="bbox 2235 5348 3837 5421">
     <span class='ocr_line' id='line_1_125' title="bbox 2235 5348 3837 5421; baseline 0.001 -18"><span class='ocrx_word' id='word_1_1012' title='bbox 2235 5361 2308 5419; x_wconf 85' lang='grc' dir='ltr'>ς’.</span> <span class='ocrx_word' id='word_1_1013' title='bbox 2334 5351 2558 5405; x_wconf 75' lang='grc' dir='ltr'>ἀΤαῦτα</span> <span class='ocrx_word' id='word_1_1014' title='bbox 2593 5350 2647 5402; x_wconf 78' lang='grc' dir='ltr'>δὲ</span> <span class='ocrx_word' id='word_1_1015' title='bbox 2694 5351 2766 5421; x_wconf 83' lang='grc' dir='ltr'>μὴ</span> <span class='ocrx_word' id='word_1_1016' title='bbox 2798 5349 2981 5412; x_wconf 83' lang='grc' dir='ltr'>ἁπλῶς</span> <span class='ocrx_word' id='word_1_1017' title='bbox 3009 5348 3327 5419; x_wconf 86' lang='grc' dir='ltr'>ἀκούωμεν,</span> <span class='ocrx_word' id='word_1_1018' title='bbox 3349 5351 3645 5421; x_wconf 76' lang='grc' dir='ltr'>ἀγαπητοὶ,</span> <span class='ocrx_word' id='word_1_1019' title='bbox 3690 5351 3837 5405; x_wconf 70' lang='grc' dir='ltr'>ἀλλὰ</span> 
     </span>
    </p>
   </div>
   <div class='ocr_carea' id='block_1_126' title="bbox 2162 5436 3835 5510">
    <p class='ocr_par' dir='ltr' id='par_1_126' title="bbox 2162 5436 3835 5510">
     <span class='ocr_line' id='line_1_126' title="bbox 2162 5436 3835 5510; baseline -0.001 -16"><span class='ocrx_word' id='word_1_1020' title='bbox 2162 5438 2538 5510; x_wconf 79' lang='grc' dir='ltr'>παιδευώμεθα</span> <span class='ocrx_word' id='word_1_1021' title='bbox 2564 5437 2660 5508; x_wconf 86' lang='grc' dir='ltr'>τῆς</span> <span class='ocrx_word' id='word_1_1022' title='bbox 2686 5437 2885 5507; x_wconf 88' lang='grc' dir='ltr'>ἀρετῆς</span> <span class='ocrx_word' id='word_1_1023' title='bbox 2918 5436 3310 5505; x_wconf 75' lang='grc' dir='ltr'>ἐπιμελεῖσθαι,</span> <span class='ocrx_word' id='word_1_1024' title='bbox 3329 5438 3421 5491; x_wconf 76' lang='grc' dir='ltr'>καὶ</span> <span class='ocrx_word' id='word_1_1025' title='bbox 3460 5438 3558 5508; x_wconf 77' lang='grc' dir='ltr'>τὴν</span> <span class='ocrx_word' id='word_1_1026' title='bbox 3583 5439 3709 5507; x_wconf 69' lang='grc' dir='ltr'>περὶ</span> <span class='ocrx_word' id='word_1_1027' title='bbox 3735 5438 3835 5494; x_wconf 81' lang='grc' dir='ltr'>τὸν</span> 
     </span>
    </p>
   </div>
   <div class='ocr_carea' id='block_1_127' title="bbox 2160 5524 3835 5599">
    <p class='ocr_par' dir='ltr' id='par_1_127' title="bbox 2160 5524 3835 5599">
     <span class='ocr_line' id='line_1_127' title="bbox 2160 5524 3835 5599; baseline -0.004 -16"><span class='ocrx_word' id='word_1_1028' title='bbox 2160 5529 2291 5583; x_wconf 88' lang='grc' dir='ltr'>Θεὸν</span> <span class='ocrx_word' id='word_1_1029' title='bbox 2332 5527 2689 5599; x_wconf 85' lang='grc' dir='ltr'>εὐαρέστησιν</span> <span class='ocrx_word' id='word_1_1030' title='bbox 2732 5524 2857 5593; x_wconf 75' lang='grc' dir='ltr'>περὶ</span> <span class='ocrx_word' id='word_1_1031' title='bbox 2895 5524 3089 5577; x_wconf 84' lang='grc' dir='ltr'>πολλοῦ</span> <span class='ocrx_word' id='word_1_1032' title='bbox 3120 5525 3411 5586; x_wconf 79' lang='grc' dir='ltr'>ποιεῖσθαι,</span> <span class='ocrx_word' id='word_1_1033' title='bbox 3443 5525 3538 5578; x_wconf 79' lang='grc' dir='ltr'>καὶ</span> <span class='ocrx_word' id='word_1_1034' title='bbox 3566 5526 3702 5594; x_wconf 84' lang='grc' dir='ltr'>μήτε</span> <span class='ocrx_word' id='word_1_1035' title='bbox 3743 5526 3835 5577; x_wconf 74' lang='lat' dir='ltr'><strong>0i-</strong></span> 
     </span>
    </p>
   </div>
   <div class='ocr_carea' id='block_1_128' title="bbox 2160 5611 3830 5686">
    <p class='ocr_par' dir='ltr' id='par_1_128' title="bbox 2160 5611 3830 5686">
     <span class='ocr_line' id='line_1_128' title="bbox 2160 5611 3830 5686; baseline -0.004 -18"><span class='ocrx_word' id='word_1_1036' title='bbox 2160 5616 2283 5677; x_wconf 87' lang='grc' dir='ltr'>κίας</span> <span class='ocrx_word' id='word_1_1037' title='bbox 2329 5612 2694 5686; x_wconf 87' lang='grc' dir='ltr'>προστασίαν,</span> <span class='ocrx_word' id='word_1_1038' title='bbox 2735 5612 2869 5682; x_wconf 88' lang='grc' dir='ltr'>μήτε</span> <span class='ocrx_word' id='word_1_1039' title='bbox 2911 5612 3163 5679; x_wconf 82' lang='grc' dir='ltr'>γυναικὸς</span> <span class='ocrx_word' id='word_1_1040' title='bbox 3201 5612 3488 5682; x_wconf 89' lang='grc' dir='ltr'>φροντίδα,</span> <span class='ocrx_word' id='word_1_1041' title='bbox 3520 5612 3657 5681; x_wconf 84' lang='grc' dir='ltr'>μήτε</span> <span class='ocrx_word' id='word_1_1042' title='bbox 3697 5611 3830 5664; x_wconf 72' lang='grc' dir='ltr'>παίο</span> 
     </span>
    </p>
   </div>
   <div class='ocr_carea' id='block_1_129' title="bbox 2222 5695 3730 5765">
    <p class='ocr_par' dir='ltr' id='par_1_129' title="bbox 2222 5695 3730 5765">
     <span class='ocr_line' id='line_1_129' title="bbox 2222 5695 3730 5765; baseline -0.003 -17"><span class='ocrx_word' id='word_1_1043' title='bbox 2222 5704 2244 5765; x_wconf 65' lang='grc' dir='ltr'><em>ξ</em></span> <span class='ocrx_word' id='word_1_1044' title='bbox 2271 5699 2403 5765; x_wconf 62' lang='grc' dir='ltr'>Περ,</span> <span class='ocrx_word' id='word_1_1045' title='bbox 2427 5699 2553 5746; x_wconf 79' lang='grc' dir='ltr'>οὕτω</span> <span class='ocrx_word' id='word_1_1046' title='bbox 2575 5695 2716 5765; x_wconf 70' lang='grc' dir='ltr'>τοῦτό</span> <span class='ocrx_word' id='word_1_1047' title='bbox 2734 5706 2896 5765; x_wconf 62' lang='grc' dir='ltr'>φησιν,</span> <span class='ocrx_word' id='word_1_1048' title='bbox 2919 5711 2947 5745; x_wconf 83' lang='lat' dir='ltr'><strong>e</strong></span> <span class='ocrx_word' id='word_1_1049' title='bbox 2974 5697 3121 5765; x_wconf 80' lang='lat' dir='ltr'>Sa\‘il_.</span> <span class='ocrx_word' id='word_1_1050' title='bbox 3148 5696 3655 5765; x_wconf 61' lang='lat' dir='ltr'>_acc_9_sscrunt._Emr.</span> <span class='ocrx_word' id='word_1_1051' title='bbox 3701 5755 3730 5765; x_wconf 50' lang='grc' dir='ltr'><strong><em>η</em></strong></span> 
     </span>
    </p>
   </div>
   <div class='ocr_carea' id='block_1_130' title="bbox 2218 5755 3830 5824">
    <p class='ocr_par' dir='ltr' id='par_1_130' title="bbox 2218 5755 3830 5824">
     <span class='ocr_line' id='line_1_130' title="bbox 2218 5755 3830 5824; baseline -0.004 -16"><span class='ocrx_word' id='word_1_1052' title='bbox 2218 5759 2246 5799; x_wconf 70' lang='grc' dir='ltr'>τι</span> <span class='ocrx_word' id='word_1_1053' title='bbox 2269 5755 2689 5824; x_wconf 54' lang='grc' dir='ltr'>Ηςοοίτσηεοοῂισ</span> <span class='ocrx_word' id='word_1_1054' title='bbox 2734 5755 2975 5824; x_wconf 63' lang='grc' dir='ltr'>Ιὶικυιιιυε</span> <span class='ocrx_word' id='word_1_1055' title='bbox 2992 5760 3118 5824; x_wconf 61' lang='grc' dir='ltr'>διξυᾱ</span> <span class='ocrx_word' id='word_1_1056' title='bbox 3144 5759 3374 5824; x_wconf 47' lang='lat' dir='ltr'>Samium</span> <span class='ocrx_word' id='word_1_1057' title='bbox 3404 5765 3450 5805; x_wconf 84' lang='lat' dir='ltr'>el</span> <span class='ocrx_word' id='word_1_1058' title='bbox 3485 5755 3830 5824; x_wconf 45' lang='lat' dir='ltr'>dangcodjfas</span> 
     </span>
    </p>
   </div>
   <div class='ocr_carea' id='block_1_131' title="bbox 2159 5816 3823 5879">
    <p class='ocr_par' dir='ltr' id='par_1_131' title="bbox 2159 5816 3823 5879">
     <span class='ocr_line' id='line_1_131' title="bbox 2159 5816 3823 5879; baseline -0.004 -11"><span class='ocrx_word' id='word_1_1059' title='bbox 2159 5833 2292 5873; x_wconf 85' lang='lat' dir='ltr'>mss..</span> <span class='ocrx_word' id='word_1_1060' title='bbox 2316 5821 2382 5867; x_wconf 82' lang='lat' dir='ltr'>ila</span> <span class='ocrx_word' id='word_1_1061' title='bbox 2404 5826 2453 5867; x_wconf 83' lang='lat' dir='ltr'><strong>ul</strong></span> <span class='ocrx_word' id='word_1_1062' title='bbox 2477 5832 2585 5867; x_wconf 86' lang='lat' dir='ltr'>cum</span> <span class='ocrx_word' id='word_1_1063' title='bbox 2605 5818 2924 5879; x_wconf 71' lang='lat' dir='ltr'>sequentibus</span> <span class='ocrx_word' id='word_1_1064' title='bbox 2946 5816 3079 5868; x_wconf 65' lang='lat' dir='ltr'>Paﬁli</span> <span class='ocrx_word' id='word_1_1065' title='bbox 3099 5820 3156 5866; x_wconf 80' lang='lat' dir='ltr'><strong>ad</strong></span> <span class='ocrx_word' id='word_1_1066' title='bbox 3176 5817 3489 5868; x_wconf 70' lang='lat' dir='ltr'>Timotheum</span> <span class='ocrx_word' id='word_1_1067' title='bbox 3515 5826 3561 5865; x_wconf 69' lang='lat' dir='ltr'>et</span> <span class='ocrx_word' id='word_1_1068' title='bbox 3586 5816 3823 5864; x_wconf 70' lang='lat' dir='ltr'>Eiechio-</span> 
     </span>
    </p>
   </div>
   <div class='ocr_carea' id='block_1_132' title="bbox 2164 5879 3107 5943">
    <p class='ocr_par' dir='ltr' id='par_1_132' title="bbox 2164 5879 3107 5943">
     <span class='ocr_line' id='line_1_132' title="bbox 2164 5879 3107 5943; baseline -0.004 -13"><span class='ocrx_word' id='word_1_1069' title='bbox 2164 5883 2229 5930; x_wconf 82' lang='lat' dir='ltr'>hs</span> <span class='ocrx_word' id='word_1_1070' title='bbox 2262 5879 2383 5929; x_wconf 82' lang='lat' dir='ltr'><strong>locis</strong></span> <span class='ocrx_word' id='word_1_1071' title='bbox 2422 5887 2533 5928; x_wconf 66' lang='lat' dir='ltr'>ante</span> <span class='ocrx_word' id='word_1_1072' title='bbox 2560 5880 2807 5942; x_wconf 71' lang='lat' dir='ltr'>epilogum</span> <span class='ocrx_word' id='word_1_1073' title='bbox 2844 5886 3107 5943; x_wconf 69' lang='lat' dir='ltr'>ponantur.</span> 
     </span>
    </p>
   </div>
  </div>
