4144 6200
401 363 652 408 revocare
677 347 786 403 vult
815 346 1130 404 sententiam
1157 360 1312 416 quam
1342 355 1526 402 contra
1548 347 1714 403 Adam
1739 349 1975 418 protulit;

399 443 491 499 sed
518 439 852 496 manifestum
882 438 982 493 hoc
1023 454 1128 494 non
1157 436 1299 504 facil,
1338 447 1395 493 ut
1427 439 1584 494 timor
1612 440 1753 495 illius
1799 456 1982 496 emen-

397 531 596 589 dationi
623 530 836 585 serviat.
867 529 930 582 Et
957 528 1155 584 idcirco
1185 527 1389 594 Enoch,
1439 543 1558 584 cum
1608 531 1704 600 ipsi
1750 532 1976 586 mullum

398 625 651 692 placeret,
696 619 978 674 transtulit.
1003 618 1118 674 Jam
1144 619 1188 672 si
1213 618 1330 688 quis
1355 618 1618 674 curiosius
1652 634 1840 690 rogare
1887 635 1982 676 ve-

398 714 480 780 lit,
528 721 584 768 et
635 713 812 768 dicere
854 728 868 767 :
925 711 993 765 Et
1045 725 1151 780 quo
1200 712 1370 780 ipsum
1413 711 1714 766 transtulit?
1757 722 1810 767 et
1851 728 1977 766 num

398 820 563 876 usque
589 806 654 858 ad
687 816 921 872 praesens
949 799 1176 859 vixerit?
1204 802 1372 858 discat
1416 818 1520 858 non
1551 805 1836 858 convenire
1880 804 1976 858 lut-

396 897 566 953 manis
590 894 995 965 cogitationibus
1018 893 1264 963 obsequi,
1293 903 1346 950 et
1375 895 1638 949 curiosius
1687 910 1746 949 ea
1795 910 1914 964 qute
1942 908 1972 948 a

399 987 506 1042 Deo
535 985 665 1040 ﬁunt
703 985 1001 1054 explorare,
1031 982 1124 1038 sed
1169 981 1389 1039 credere
1433 984 1498 1038 iis
1536 999 1655 1054 qua:
1702 983 1969 1039 dicuntur.

398 1078 526 1132 Nam
553 1077 762 1148 quando
793 1077 934 1133 Deus
977 1075 1176 1144 aliquid
1229 1076 1570 1143 pronuntiat,
1616 1074 1772 1128 dit-tis
1809 1075 1976 1146 ipsius

393 1168 861 1224 eontradiecndum
906 1181 1012 1222 non
1049 1174 1151 1229 est,
1183 1165 1276 1221 sed
1310 1165 1414 1221 ﬁde
1442 1165 1685 1234 digniora
1732 1165 1972 1220 habenda

393 1269 518 1316 sunt
555 1277 673 1331 quae
709 1277 737 1315 a
791 1261 898 1315 Dco
934 1259 1361 1329 pronuntiantur,
1391 1259 1598 1313 etiamsi
1631 1274 1734 1313 non
1753 1274 1968 1326 Compa-

395 1361 567 1418 reant,
591 1367 746 1422 quam
765 1367 824 1406 ea
839 1366 956 1420 qua:
976 1349 1144 1404 oculis
1162 1351 1357 1404 nostris
1369 1350 1600 1418 subjecta
1623 1359 1766 1404 sunt.
1787 1349 1971 1402 Enim-

392 1460 518 1500 vero
545 1444 817 1514 Scriptura
843 1442 998 1506 dixit,
1027 1440 1166 1510 quod
1200 1441 1525 1496 transtulerit
1548 1441 1715 1506 illum,
1763 1449 1816 1495 et
1832 1440 1970 1509 quod

389 1536 653 1591 viventem
686 1536 1035 1600 transtulerit,
1088 1549 1186 1589 nec
1219 1544 1443 1589 mortem
1471 1543 1722 1604 expertus
1746 1534 1814 1588 sit
1834 1575 1848 1600 ,
1877 1533 1970 1589 sed

386 1625 456 1680 oh
483 1641 657 1693 suum,
695 1642 850 1695 quem
882 1626 1018 1695 apud
1042 1627 1208 1680 Deum
1242 1626 1466 1680 habebat
1492 1625 1722 1681 favorem
1744 1668 1758 1689 ,
1809 1640 1968 1691 surie-

386 1716 496 1774 rior
523 1717 689 1771 iactus
719 1717 787 1771 sit
811 1717 986 1771 divina
1014 1717 1276 1771 sententia
1299 1727 1482 1771 contra
1538 1717 1824 1770 humanum
1869 1730 1964 1786 ge—

385 1822 485 1864 nus
512 1807 730 1878 prolata.
762 1807 877 1874 Quo
901 1817 1075 1863 autem
1103 1808 1249 1862 illum
1279 1809 1629 1875 transtulerit,
1660 1817 1714 1862 et
1741 1820 1968 1878 quomo-

382 1899 452 1953 do
478 1914 618 1953 nunc
652 1907 792 1967 agat,
825 1899 924 1952 hoc
950 1916 1056 1954 non
1077 1900 1290 1969 adjecit.

460 1990 514 2043 5.
555 1987 746 2041 Vidisti
777 1988 1061 2042 bonitatem
1102 1989 1345 2052 Domini,
1377 1989 1646 2058 quomodo
1693 1990 1963 2044 inventum

387 2078 560 2132 virum
609 2078 695 2146 qui
726 2079 970 2131 virtutem
1018 2086 1266 2147 operatus
1295 2088 1398 2143 est,
1440 2095 1544 2133 non
1586 2079 1850 2133 fraudavit
1889 2081 1968 2133 di-

382 2167 583 2237 gnitate
608 2182 764 2236 quam
793 2167 1095 2236 primigenia:
1123 2167 1320 2221 homini
1353 2178 1476 2222 ante
1504 2168 1737 2222 mandati
1785 2179 1966 2223 trans-

382 2257 712 2324 gressionem
755 2257 973 2327 largitus
1011 2266 1124 2312 erat
1155 2274 1168 2310 :
1201 2257 1401 2312 docens
1436 2273 1533 2312 nos
1556 2299 1572 2325 ,
1604 2273 1662 2312 se
1710 2270 1764 2313 et
1792 2260 1960 2323 illum,

275 2389 290 2401 .
384 2349 484 2402 nisi
511 2349 770 2403 daemonis
796 2347 1159 2418 deceptionem
1189 2349 1355 2417 pluris
1385 2349 1595 2404 fecisset
1624 2366 1780 2420 quam
1812 2351 1966 2404 tradi-

381 2448 491 2492 tum
524 2437 853 2502 mandatum,
883 2438 1069 2493 eodem
1093 2439 1173 2492 vel
1197 2439 1384 2508 majori
1404 2439 1609 2495 honore
1626 2440 1960 2511 dignaturqu

386 2527 588 2583 fuisse?
614 2528 702 2584 25.
734 2527 799 2581 Et
826 2529 976 2594 vixit,
1008 2528 1196 2598 inquit,
1228 2528 1520 2583 Mathusala
1559 2547 1720 2584 annos
1766 2542 1962 2585 centum

378 2629 422 2671 et
448 2620 699 2688 octoginta
723 2629 932 2688 septem,
959 2629 1004 2672 et
1029 2621 1200 2689 genuit
1231 2619 1449 2674 Lamech
1482 2636 1501 2675 :
1524 2621 1615 2677 28.
1657 2633 1704 2676 et
1725 2623 1846 2677 vixit
1865 2622 1962 2677 La-

378 2709 516 2762 merit
536 2725 694 2762 annos
719 2720 912 2763 centum
934 2711 1215 2780 octoginta,
1243 2710 1334 2766 29.
1372 2722 1420 2766 et
1460 2713 1629 2782 genuit
1675 2714 1860 2782 ﬁlium,
1912 2725 1978 2787 et.

375 2802 649 2870 appellavit
670 2818 847 2855 nomen
870 2802 1008 2856 illius
1036 2801 1168 2869 Noe,
1194 2804 1400 2858 dicens:
1426 2803 1526 2858 Hic
1547 2807 1852 2875 requiescere
1874 2812 1958 2878 fa-

375 2897 468 2952 ciet
496 2914 588 2952 nos
606 2897 667 2950 ab
689 2897 920 2966 operibus
962 2899 1164 2964 nostris,
1185 2908 1231 2952 et
1255 2915 1286 2950 a
1311 2899 1552 2952 molestiis
1583 2915 1821 2953 manuum
1864 2917 1955 2955 no-

373 2996 614 3052 strarum,
643 3000 689 3043 et
733 3006 766 3042 a
813 2997 946 3044 terra
985 3006 1138 3060 quam
1186 2988 1449 3043 maledixit
1497 2989 1746 3044 Dominus
1797 2990 1952 3047 Deus.

377 3081 504 3136 Vide
527 3081 716 3137 iterum
747 3097 840 3152 per
864 3083 1271 3152 appellationem
1301 3098 1442 3139 nunc
1472 3085 1577 3137 nati
1623 3099 1688 3138 ex
1722 3084 1950 3140 Lamech

373 3173 746 3244 mysteriorum
779 3175 1229 3245 magnitudinem,
1262 3176 1493 3230 vaticinii
1541 3177 1909 3231 excellentiam
1934 3218 1948 3239 ,

371 3274 426 3320 et
455 3265 547 3321 Dei
572 3267 702 3321 boni
726 3266 1050 3322 ineil'abilem
1079 3266 1479 3336 benignitatem.
1512 3267 1770 3333 Quoniam
1808 3269 1950 3323 enim

372 3356 700 3425 prmscientia
730 3371 824 3409 sua
857 3356 1180 3425 prcevidebat
1220 3371 1280 3410 ea
1311 3372 1428 3425 qua:
1465 3355 1636 3411 futura
1680 3367 1864 3421 erant;
1895 3367 1954 3412 ut

372 3445 501 3498 vidit
525 3446 782 3498 malitiam
816 3445 1091 3501 hominum
1118 3446 1170 3499 in
1216 3446 1330 3499 dies
1366 3447 1533 3514 magis
1581 3458 1736 3516 atque
1784 3449 1953 3516 magis

372 3537 690 3599 increscere,
715 3534 952 3603 praedicit
968 3549 1064 3603 per
1084 3535 1490 3604 appellationem
1512 3537 1655 3602 pueri
1681 3536 1816 3588 mala
1835 3552 1952 3604 qua:

373 3633 538 3679 totum
562 3625 848 3679 humanum
875 3637 1042 3694 genus
1068 3625 1309 3677 invasura
1341 3633 1543 3689 essent,
1569 3633 1623 3677 ιιι
1654 3625 1734 3679 vel
1761 3625 1952 3681 timore

369 3715 605 3785 castigati
636 3713 1027 3769 abducerentur
1055 3729 1083 3766 a
1117 3714 1275 3777 vitiis,
1309 3722 1363 3767 et
1390 3715 1820 3783 amplexarentur
1846 3716 1952 3769 vir-

370 3815 556 3860 tutem.
591 3805 658 3859 Et
687 3803 805 3859 vide
848 3803 1156 3874 patientiam
1185 3803 1387 3858 Domini
1416 3807 1673 3869 curantis,
1727 3815 1784 3861 ut
1825 3816 1951 3863 ante

373 3904 575 3950 tantum
624 3903 833 3964 tempus
857 3893 1162 3948 vaticinium
1203 3894 1557 3963 praecederet,
1603 3905 1658 3951 ut
1699 3907 1753 3952 et
1798 3913 1946 3952 suam

370 3985 673 4041 ostenderet
693 3985 1127 4048 misericordiam,
1151 3993 1205 4040 et
1224 3985 1365 4040 omni
1387 3987 1615 4054 privaret
1640 3987 1948 4045 defensione

368 4095 464 4136 eos
493 4079 580 4149 qui
615 4094 785 4148 pugna:
815 4078 974 4132 futuri
1003 4088 1154 4132 erant
1177 4079 1412 4134 obnoxii.

439 4169 541 4224 Per
559 4169 792 4238 indignos
818 4169 1068 4222 interdum
1098 4168 1270 4237 futura
1293 4170 1501 4238 praedici
1521 4172 1625 4224 vult
1663 4171 1799 4225 Deus
1848 4172 1946 4227 Ge-

366 4265 498 4316 neris
538 4262 746 4314 Ituutani
788 4261 1016 4314 interitus
1047 4262 1186 4329 quies
1213 4271 1511 4315 uocatur.—
1527 4263 1633 4318 Sed
1663 4263 1799 4318 forte
1828 4265 1944 4335 quis

372 4351 566 4405 dixerit
596 4368 609 4404 :
642 4349 792 4404 Unde
815 4349 1044 4403 Lamech
1077 4349 1179 4404 hoc
1207 4351 1406 4414 habuit,
1460 4356 1516 4405 ut
1563 4361 1764 4407 tantum
1807 4355 1941 4408 vati-

365 4441 561 4496 cinium
589 4439 938 4508 praediceret?
963 4454 1067 4494 non
1099 4440 1239 4495 enim
1266 4442 1506 4496 meminit
1529 4442 1805 4513 Scriptura
1821 4449 1942 4499 eum

365 4530 528 4584 multa
541 4529 734 4584 virtute
749 4529 1024 4596 claruisse,
1039 4530 1513 4600 admirabilemque
1534 4533 1714 4588 fuisse.
1746 4535 1822 4590 Ne
1843 4536 1943 4590 ml-

362 4621 520 4682 reris,
549 4618 742 4674 dilecte
767 4635 780 4670 :
812 4618 1064 4674 Dominus
1090 4620 1232 4674 enim
1262 4627 1443 4676 uoster
1462 4623 1673 4690 sapiens
1689 4633 1740 4678 et
1769 4625 1943 4680 omni.

364 4717 574 4779 potens,
605 4725 700 4778 per
739 4709 982 4779 indignos
1027 4725 1170 4781 stupe
1213 4711 1456 4766 concedit
1483 4713 1694 4782 praedici
1724 4730 1942 4784 magnas

363 4797 738 4866 mirabilcsque
775 4814 860 4853 res
890 4816 903 4852 :
956 4799 1114 4870 idque
1157 4817 1262 4856 non
1295 4801 1347 4855 in
1395 4803 1569 4858 Veteri
1599 4805 1944 4861 Testamento

363 4885 557 4948 solum,
584 4885 678 4940 sed
708 4897 760 4941 et
787 4890 836 4941 in
879 4888 1048 4945 Novo.
1081 4892 1218 4945 Audi
1261 4892 1402 4946 enim
1442 4895 1821 4963 evangelistam
1875 4897 1943 4952 de

361 4974 559 5048 Caipha
589 4976 890 5032 Judzeorum
924 4981 1170 5049 pontiﬁce
1190 4982 1452 5038 dicentem
1489 4999 1508 5037 :
1555 4983 1668 5037 Hoc
1706 4996 1872 5040 autem
1909 5003 1943 5040 a

359 5066 626 5135 semetipso
665 5083 765 5120 non
787 5069 934 5136 dixit,
958 5072 1047 5125 sed
1072 5089 1190 5126 cum
1225 5083 1350 5127 esset
1377 5075 1606 5145 pontifex
1624 5076 1747 5129 anni
1765 5077 1936 5144 illius,

361 5156 599 5225 praedixit
625 5159 921 5212 moriturum
948 5177 1053 5216 esse
1070 5162 1266 5229 Iesum,
1295 5181 1396 5218 non
1429 5166 1595 5220 solum
1615 5183 1707 5237 pro
1729 5170 1939 5239 populo,

361 5248 448 5302 sed
491 5257 546 5301 ut
568 5251 1025 5321 gentes-dispersas
1047 5265 1370 5326 congregaret
1397 5257 1448 5310 in
1473 5273 1633 5311 unum
1666 5259 1871 5330 (JoanJ
1888 5262 1905 5314 Ι
1923 5300 1936 5316 .

364 5338 477 5409 51).
500 5337 742 5396 Invenies
769 5341 895 5396 item
924 5351 976 5396 et
1000 5359 1030 5397 a
1058 5344 1269 5400 Balaam
1299 5349 1402 5403 tale
1430 5349 1557 5418 quid
1588 5349 1803 5405 factum.
1836 5351 1940 5406 Vo-

357 5437 507 5483 catus
534 5428 676 5484 enim
726 5439 779 5485 ut
811 5432 1151 5490 malediceret
1178 5439 1430 5506 populum
1452 5479 1465 5503 ,
1495 5454 1600 5493 non
1627 5441 1796 5495 solum
1830 5456 1934 5496 non

359 5517 650 5585 maledixit,
679 5520 774 5575 sed
795 5529 850 5576 et
875 5523 1118 5592 praedixit
1147 5527 1338 5582 multas
1369 5528 1634 5600 mirasque
1659 5545 1778 5594 res,
1828 5547 1934 5588 non

357 5605 423 5664 de
452 5611 645 5680 populo
673 5621 898 5682 tantum,
922 5614 1015 5671 sed
1045 5617 1204 5673 etiam
1248 5618 1316 5674 de
1364 5619 1590 5678 adventu
1633 5620 1922 5683 Salvatoris

1462 233 1526 289 EN
1563 233 1713 290 CAP.
1757 233 1819 290 Υ.
1860 234 2099 296 GENES.
2142 237 2365 298 llOMlL.
2407 237 2549 301 XXI.

3575 261 3675 316 {3‘2

2097 356 2264 409 nostri
2289 354 2475 426 (Num.
2507 359 2620 431 24).
2645 360 2759 416 Non
2792 363 2948 433 igitur
2978 367 3206 438 mireris,
3248 370 3293 426 si
3341 374 3499 428 etiam
3530 392 3668 431 num:

2089 441 2323 534 Lamech
2346 447 2415 501 ita
2448 465 2667 518 puerum
2695 454 2992 523 appellarit.
3012 458 3106 514 sed
3137 461 3244 516 Deo
3275 470 3440 518 totum
3473 467 3668 534 tribue,

2087 533 2175 601 qui
2200 535 2382 589 solerti
2407 551 2501 591 sua
2528 541 2786 610 sapientia
2815 557 3001 601 cuncta
3031 549 3324 620 dispensat.
3372 555 3440 610 Et
3478 533 3667 613 vocarit

2085 638 2267 677 nomen
2289 625 2426 681 illius
2452 627 2584 682 Noe.
2611 631 2720 688 Hoc
2762 652 2979 702 nomen,
3031 640 3073 693 si
3119 643 3238 710 quis
3269 644 3662 714 interpretetur,

2083 712 2314 781 quietem
2343 717 2488 772 dicit.
2520 719 2762 785 Quietem
2803 736 2979 781 autem
3011 739 3166 784 vocat
3189 712 3491 800 generalem
3519 736 3665 789 illum

2084 801 2355 860 interitum
2387 819 2505 878 post
2534 814 2729 870 multos
2779 832 2947 873 annos
3001 819 3268 890 futurum;
3303 825 3439 880 sicut
3466 834 3520 881 et
3563 826 3667 882 Job

2080 892 2245 952 dicit:
2282 897 2425 954 Mors
2463 904 2568 957 viro
2591 911 2729 972 quies
2755 908 2872 979 (Job
2902 912 2956 966 5.
2981 912 3076 983 25)
3107 932 3120 968 :
3174 917 3424 984 quoniam
3466 920 3664 974 multus

2080 994 2234 1041 estet
2261 991 2412 1046 valde
2438 1009 2656 1064 magnus
2686 998 2835 1053 labor
2881 1003 3114 1069 malitiae,
3155 1007 3270 1075 ejus
3309 1010 3662 1065 cessationem

2079 1086 2134 1131 et
2159 1079 2508 1147 perditionem
2540 1090 2634 1156 p'cr
2661 1089 2914 1146 diluvium
2940 1093 3188 1162 futuram,
3217 1099 3446 1167 quietem
3481 1111 3656 1158 vocat.

2080 1165 2147 1220 Et
2173 1173 2360 1227 vocavit
2387 1191 2564 1231 nomen
2586 1179 2725 1234 illius
2749 1181 2881 1237 Noe.
2913 1185 3110 1241 Deinde
3133 1165 3538 1257 appellationem
3567 1209 3662 1247 no-

2079 1260 2238 1315 minis
2268 1263 2664 1334 interpretatur,
2689 1279 2744 1325 ct
2777 1272 2906 1329 dicit
2929 1291 2943 1327 :
2976 1275 3078 1329 Hic
3098 1282 3268 1348 utique
3287 1282 3496 1350 quietem
3519 1284 3660 1338 nobis

2079 1353 2333 1419 pra-stabit
2369 1357 2432 1409 ab
2463 1361 2692 1428 aperibus
2713 1367 2898 1420 nostris
2917 1383 2936 1422 :
2971 1383 3000 1421 a
3031 1371 3250 1438 malitia,
3282 1373 3470 1443 inquit,
3499 1391 3657 1430 aver-

2080 1448 2173 1505 tet,
2203 1442 2273 1529 .Et
2298 1461 2329 1497 a
2367 1447 2606 1504 molestiis
2633 1467 2870 1508 manuum
2896 1467 3182 1512 nostrarum
3206 1477 3224 1515 :
3255 1472 3306 1515 et
3335 1442 3523 1518 iterum
3556 1465 3657 1520 hoc

2079 1528 2268 1598 ipsum,
2301 1533 2367 1587 ab
2393 1539 2660 1604 operibus,
2707 1543 2908 1613 inquit,
2954 1549 3128 1602 malis.
3173 1549 3287 1604 Non
3319 1553 3458 1606 enim
3504 1553 3651 1618 dicit,

2075 1635 2264 1677 manus
2292 1623 2475 1682 dolore
2500 1629 2716 1687 aﬂ'ectas
2747 1651 2760 1686 :
2801 1636 2892 1690 sed
2926 1654 3018 1706 per
3045 1640 3250 1695 illarum
3283 1659 3443 1712 opera
3465 1656 3516 1700 et
3543 1663 3656 1701 ma-

2074 1708 2153 1767 las
2177 1713 2431 1780 actiones,
2465 1719 2734 1778 molestias
2760 1736 2942 1780 auctas
2967 1728 3148 1786 fuisse.
3186 1731 3249 1785 Et
3269 1750 3300 1785 a
3327 1744 3476 1800 terra,
3501 1753 3653 1806 quam

2071 1804 2332 1894 maledixit
2359 1807 2606 1866 Dominus
2629 1812 2790 1869 Deus.
2816 1816 3079 1874 Liberabit
3101 1825 3215 1886 nos,
3242 1823 3428 1894 inquit,
3453 1804 3521 1880 ab
3540 1844 3654 1881 om—

2073 1891 2227 1948 nibus
2282 1899 2436 1953 malis
2478 1906 2874 1972 prementibus,
2921 1919 2974 1963 et
3019 1912 3288 1968 laboribus
3319 1926 3372 1970 ct
3423 1918 3654 1973 miseriis

2072 1999 2202 2052 quas
2232 1988 2471 2045 subimus
2499 1994 2547 2046 in
2591 2005 2726 2050 terra
2763 1999 3007 2067 colenda,
3036 2019 3153 2072 qua:
3180 2007 3534 2063 maledictioni
3566 2010 3647 2063 fa-

2071 2086 2154 2129 cta
2183 2089 2262 2131 est
2287 2081 2514 2136 obnoxia
2537 2096 2748 2154 propter
2772 2091 3075 2161 primigente
3099 2095 3328 2152 hominis
3359 2109 3650 2170 transgres-

2071 2168 2298 2224 sionem.
2327 2172 2419 2226 llic
2459 2175 2844 2244 animadverte,
2877 2183 3089 2251 dilecte,
3131 2191 3396 2257 quomodo
3442 2168 3651 2262 puellus

2074 2259 2173 2313 iste
2217 2264 2465 2330 paulatim
2511 2281 2793 2336 crescens,
2846 2275 3092 2330 omnibus
3135 2279 3304 2348 lpsum
3349 2259 3650 2340 videntibus

2071 2349 2307 2405 discendi
2356 2357 2564 2410 occasio
2616 2359 2792 2416 fuerit.
2843 2362 2972 2418 Nam
3024 2382 3144 2423 mox
3198 2380 3253 2424 ut
3287 2373 3404 2440 quis
3453 2390 3646 2430 nomen

2072 2443 2218 2510 pueri
2247 2443 2546 2502 sciscitatus
2589 2458 2689 2515 est,
2718 2467 2783 2506 ex
2813 2455 3247 2526 interpretatione
3291 2466 3533 2519 vocabuli
3561 2468 3646 2521 di-

2068 2529 2198 2584 dicit
2240 2544 2550 2592 eveuturum
2597 2543 2897 2608 generalem
2933 2544 3222 2604 interitum.
3264 2551 3393 2608 Nam
3439 2556 3482 2610 si
3528 2559 3645 2624 quis

2067 2621 2247 2678 divino
2289 2623 2490 2694 Spiritu
2536 2630 2748 2687 afﬂatus
2797 2635 3108 2705 simpliciter
3137 2643 3236 2698 hoc
3275 2646 3504 2701 futurum
3549 2621 3642 2704 dt-

2069 2713 2257 2780 xisset,
2303 2715 2356 2770 id
2379 2718 2554 2772 statim
2604 2721 2788 2778 fuisset
2813 2725 3063 2781 oblivioni
3097 2731 3362 2798 traditum,
3388 2746 3440 2791 et
3465 2741 3643 2807 gravi-

2068 2815 2147 2860 tas
2192 2823 2361 2877 pinna:
2399 2827 2504 2865 non
2535 2811 2718 2869 fuisset
2747 2817 2991 2874 omnibus
3020 2824 3226 2894 cognita
3263 2843 3276 2880 :
3307 2843 3448 2883 nunc
3465 2841 3642 2885 autem

2064 2898 2185 2964 quia
2236 2897 2321 2954 hic
2355 2910 2479 2956 ante
2507 2904 2742 2959 omnium
2769 2920 3010 2964 versatur
3033 2914 3234 2981 oculos,
3259 2921 3569 2988 tempestive
3587 2933 3644 2976 et

2064 2990 2434 3060 intempestive
2459 2993 2691 3050 divinam
2723 3005 3174 3060 commemorabat
3200 3008 3636 3078 indiguatioaem.

2062 3080 2228 3136 Porro
2275 3092 2335 3138 ut
2379 3095 2525 3140 certo
2556 3089 2786 3144 sciamus
2811 3104 3010 3160 quanto
3041 3105 3277 3168 tempore
3332 3117 3640 3173 persevera-

2060 3172 2195 3226 verit
2219 3171 2358 3227 ﬁlius
2384 3190 2479 3244 per
2501 3179 2581 3231 sui
2610 3180 2842 3236 nominis
2890 3188 3296 3256 appellationem
3327 3171 3513 3249 omnes
3547 3197 3642 3252 ad-

2060 3277 2278 3318 monere
2308 3273 2367 3318 ut
2389 3265 2709 3323 desisterent
2737 3286 2766 3324 a
2808 3284 3041 3341 peccato,
3074 3287 3128 3332 et
3153 3280 3397 3334 virtutem
3435 3286 3639 3353 ample-

2057 3363 2325 3418 xarentor,
2351 3370 2456 3422 quo
2482 3357 2611 3409 iram
2643 3359 2778 3413 banc
2798 3361 3030 3430 effugere
3073 3368 3329 3432 valerent,
3348 3371 3475 3424 dicit
3501 3390 3514 3426 :
3545 3375 3636 3430 52.

2057 3441 2125 3494 Et
2159 3453 2264 3496 erat
2292 3444 2402 3496 Noe
2438 3461 2688 3500 annorum
2721 3451 3125 3520 quingentorum,
3151 3467 3198 3510 et
3237 3461 3408 3528 genuit
3444 3473 3540 3518 tres
3567 3464 3638 3531 li-

2057 3533 2171 3587 lios.
2206 3534 2336 3588 Vide
2362 3535 2549 3590 iterum
2579 3539 2736 3592 alium
2763 3541 2961 3609 justum
3001 3561 3120 3600 cum
3176 3565 3340 3606 uxore
3375 3563 3427 3608 et
3478 3555 3632 3624 ﬁliis,

2057 3623 2148 3692 qui
2193 3624 2329 3679 bene
2361 3628 2628 3695 operando
2654 3631 2936 3687 admodum
2986 3637 3182 3704 placuit
3216 3642 3342 3710 Deo,
3375 3654 3428 3699 et
3453 3623 3636 3705 contra

2055 3729 2211 3782 quam
2240 3730 2425 3772 omnes
2450 3719 2695 3788 agebant,
2727 3723 2934 3780 virtutis
2965 3727 3100 3782 viam
3138 3731 3300 3802 elegit
3331 3750 3343 3787 :
3373 3745 3424 3789 et
3463 3753 3636 3806 neque

2057 3804 2291 3873 nuptiis,
2344 3822 2514 3877 neque
2560 3809 2788 3868 ﬁliorum
2833 3815 3148 3875 educatione
3197 3823 3490 3890 prohibitus
3532 3804 3634 3886 est.

2055 3894 2222 3949 Porro
2245 3897 2666 3967 obstupescenda
2694 3912 2775 3958 est
2814 3905 3091 3964 ineﬂ‘abilis
3140 3914 3389 3981 patientia
3425 3918 3536 3983 Dei,
3580 3931 3633 3975 et

2053 3987 2351 4058 prodigiosa
2381 3989 2654 4047 hominum
2677 4037 2691 4060 ,
2733 3996 2822 4066 qui
2855 4007 2975 4054 tunc
3003 4011 3187 4069 erant,
3217 4008 3468 4077 nequitia.
3491 4011 3631 4068 Ecce

2051 4079 2193 4133 cnim
2213 4081 2514 4151 quingentis
2556 4086 2707 4142 annis
2735 4087 2938 4143 vixerat
2961 4090 3137 4163 justus
3164 4095 3270 4163 ille,
3300 4098 3536 4154 clamans
3576 4112 3635 4157 et

2054 4171 2339 4227 tcstiﬁcans
2369 4188 2466 4229 suo
2494 4177 2709 4233 nomine
2737 4178 2969 4236 futurum
2998 4200 3092 4252 per
3117 4187 3419 4244 universum
3447 4194 3638 4248 orbem

2048 4264 2322 4332 diluvium,
2356 4267 2424 4322 ob
2449 4269 2662 4322 nimiam
2712 4269 2982 4328 hominum
3014 4277 3265 4333 malitiam
3292 4322 3305 4344 ,
3357 4289 3409 4336 et
3461 4299 3638 4354 neque

2050 4355 2128 4410 sic
2152 4371 2180 4408 a
2213 4358 2445 4427 nequitia
2477 4359 2746 4416 abstinere
2776 4365 3074 4421 voluerunt.
3109 4370 3178 4423 At
3207 4371 3442 4429 clemens
3488 4375 3635 4432 Deus

2048 4459 2222 4514 neque
2251 4457 2366 4514 post
2395 4457 2596 4502 tantum
2625 4451 2949 4521 vaticinium,
2984 4471 3154 4526 neque
3183 4469 3301 4527 post
3344 4471 3425 4516 tot
3461 4478 3631 4518 anno-

2051 4551 2166 4590 rum
2192 4554 2468 4592 numerum
2498 4555 2708 4609 ptenam
2739 4543 2934 4600 inducit
2965 4564 2978 4597 :
3008 4548 3101 4601 sed
3127 4548 3302 4604 denuo
3348 4567 3503 4607 suam
3530 4571 3629 4608 au-

2049 4635 2229 4682 cturus
2259 4630 2587 4698 patientiam,
2634 4634 2768 4690 alios
2811 4651 2914 4690 non
2941 4651 3135 4706 paucos
3161 4655 3329 4694 annos
3356 4658 3464 4698 sum.
3493 4644 3632 4698 tole-

2049 4720 2232 4773 rantia:
2261 4720 2518 4791 adjungit.
2547 4722 2729 4791 Neque
2751 4725 2889 4778 enim
2923 4727 3040 4780 ideo
3071 4729 3315 4797 produxit
3340 4731 3632 4789 humanum

2048 4825 2215 4882 genus
2239 4821 2296 4865 ut
2317 4814 2547 4881 puniret,
2574 4813 2665 4868 sed
2698 4815 2858 4884 plane
2886 4831 2916 4870 e
2936 4817 3165 4883 diverso,
3201 4831 3254 4875 ut
3282 4821 3500 4876 donaret
3528 4840 3627 4878 no-

2049 4900 2132 4954 bis
2176 4901 2450 4956 innumera
2479 4903 2613 4957 bona
2645 4904 2837 4972 quibus
2868 4905 3181 4964 fruerentur.
3241 4913 3305 4965 Et
3350 4925 3639 4984 propterea.

2047 4990 2217 5060 ipsum
2241 4990 2436 5061 ubique
2467 4993 2612 5047 vides
2637 5005 2991 5065 cunctantem,
3039 5010 3092 5054 et
3127 5017 3303 5057 moras
3327 5014 3636 5059 neeteutem

2049 5080 2100 5133 in
2126 5081 2296 5149 poenis
2329 5081 2644 5152 inﬁigcndis.
2676 5085 2868 5141 Verum
2903 5105 2968 5144 ne
3007 5090 3264 5146 dictorum
3295 5093 3639 5150 multitudine

2047 5171 2358 5227 memoriam
2405 5185 2634 5232 veStram
2692 5177 3014 5246 obruamus,
3066 5181 3150 5236 hic
3202 5198 3505 5238 sermonem
3557 5185 3630 5238 sip

2044 5269 2266 5324 stentos,
2298 5273 2489 5318 ozetera
2535 5281 2701 5337 usque
2730 5268 2781 5322 in
2828 5272 3112 5326 crastinum
3144 5288 3483 5341 reponemus.

2118 5353 2170 5408 6.
2213 5352 2427 5411 Marciis
2451 5358 2693 5432 epilogus.
2717 5391 2786 5399 —
2809 5361 2932 5416 Hn-c
2969 5375 3166 5430 autem,
3205 5382 3271 5418 nc
3312 5364 3636 5436 simpliciter

2048 5452 2102 5497 et
2133 5443 2589 5502 inconsideranter
2617 5449 2912 5517 audiamus,
2941 5452 3115 5506 dilecti
3157 5472 3169 5507 :
3197 5454 3290 5508 sed
3315 5457 3632 5512 erudiamur:

2048 5532 2114 5588 ad
2148 5533 2401 5589 virtutum
2445 5552 2624 5590 curam
2664 5539 2944 5607 agendam.
2995 5543 3385 5614 admodumque
3413 5548 3624 5601 studeas

2048 5639 2164 5681 mus
2196 5625 2304 5682 Deo
2331 5627 2467 5682 bene
2499 5628 2736 5697 placere;
2786 5639 2840 5686 et
2865 5648 3036 5702 neque
3066 5647 3252 5688 nonius
3282 5636 3624 5707 gubernatio»
