4122 6204
528 244 627 299 ,εδ
1283 234 1341 293 s.
1379 237 1652 295 J0.\NNIS
1686 226 2158 296 cunvsosrout
2192 223 2510 280 ARCHIEP.
2551 226 3081 287 CONSTANTINOP.

527 368 669 416 nem,
701 362 871 417 neque
900 347 1081 401 uxoris
1119 360 1322 413 curam,
1360 326 1530 418 neque
1559 348 1785 403 filiorum
1833 346 2093 403 sollicitu-

529 443 726 505 dinem,
758 452 928 507 neque
963 437 1104 492 aliud
1131 438 1382 508 quiddam
1422 448 1793 508 prattexamus,
1821 440 1958 510 quod
2007 455 2072 508 pu

531 543 701 588 tentus
729 533 856 586 satis
884 546 1005 586 esse
1046 531 1113 586 ad
1156 534 1515 587 excusandam
1558 544 1791 587 nostram
1833 532 2095 602 negligen-

533 604 664 688 tem,
707 620 1050 691 desidemque
1096 623 1255 676 vitam
1305 639 1319 677 :
1365 637 1536 689 neque
1584 622 1767 691 frigida
1813 622 1902 676 illa
1943 621 2103 676 verba

533 710 888 779 proferamus,
940 721 996 766 et
1036 710 1271 765 dicamus
1311 729 1324 764 :
1368 711 1662 766 Mundanus
1706 726 1842 776 sum,
1885 724 2104 764 uxorem

535 798 726 865 habeo,
754 808 806 853 et
831 799 1118 853 liberorum
1145 814 1328 854 curam
1362 814 1491 869 gero
1524 817 1537 854 :
1570 800 1622 853 id
1664 799 1802 870 quod
1836 799 1986 853 multi
2014 812 2107 853 so-

537 886 648 941 lent
672 888 868 955 dicere,
913 888 954 940 si
986 888 1196 956 quando
1244 903 1339 942 eos
1381 903 1626 958 rogamus
1665 898 1722 941 ut
1759 888 1825 942 ad
1856 889 2105 942 virtutum

540 978 751 1033 labores
780 978 1161 1047 ingrediantur,
1191 980 1272 1034 vel
1306 980 1527 1034 multum
1568 980 1796 1034 studium
1827 978 2112 1032 adhibeant

3677 234 3793 293 πη

2210 337 2594 405 diversitatem,
2620 341 2981 397 animadverte
3006 342 3275 412 quomodo
3303 344 3497 411 nullius
3525 349 3776 401 momenti

2202 428 2272 480 sit
2296 443 2489 497 corpus
2517 430 2562 483 si
2590 432 2765 485 anima
2790 432 2858 485 ab
2884 446 2950 486 eo
2978 432 3301 488 discesserit.
3337 435 3500 503 Igitur
3531 438 3623 507 qui
3663 448 3777 493 tau-

2210 525 2313 569 tam
2345 517 2505 577 habes
2528 519 2767 587 corporis
2790 535 2993 585 curam,
3026 521 3183 590 cujus
3222 524 3412 593 gratia,
3461 535 3516 578 et
3567 538 3779 594 propter

2207 606 2334 674 quiti
2366 615 2567 660 tantmn
2597 608 2787 662 animm
2810 619 3170 680 contemptum
3212 612 3466 677 admittis,
3511 624 3564 668 et
3613 631 3783 685 neque

2210 708 2501 765 congruum
2534 696 2611 750 illi
2637 697 2813 751 cibum
2842 699 3129 769 impartiris
3169 718 3183 755 :
3216 702 3630 758 admonitionem
3663 707 3783 761 dico

2213 800 2281 838 ex
2321 785 2487 839 sacris
2514 783 2822 855 Scripturis,
2868 802 3040 859 neque
3084 790 3392 846 vulneribus
3427 802 3487 848 et
3521 795 3784 852 ulceribus

2214 889 2331 942 qua:
2357 873 2495 929 illius
2522 874 2685 930 robur
2707 875 3002 944 debilitant,
3025 887 3079 933 et
3106 878 3349 935 fiduciam
3369 895 3644 950 enervant,
3669 884 3785 939 ido-

541 1069 596 1122 iu
625 1069 790 1124 sacris
818 1068 1008 1124 Literis
1034 1070 1291 1140 legendis.
1322 1071 1436 1125 Non
1459 1081 1539 1126 est
1560 1071 1659 1126 hec
1680 1086 1877 1134 meum,
1906 1070 2108 1140 inquit:

543 1158 795 1227 nmnquid
857 1159 1151 1213 renuntiavi
1186 1161 1449 1215 vsmculo?
1518 1160 1772 1230 numquid
1825 1160 2114 1214 monachus

545 1246 697 1301 sum?
724 1246 860 1313 Quid
886 1247 1037 1313 dicis,
1067 1247 1265 1302 homo?
1292 1250 1375 1304 An
1402 1249 1505 1304 hcc
1540 1249 1604 1304 ad
1636 1250 1783 1305 solos
1830 1248 2117 1304 monachos

548 1339 796 1406 pertinet,
827 1346 883 1393 ut
908 1339 1044 1403 bene
1069 1339 1177 1394 Deo
1206 1340 1487 1409 placeant?
1515 1341 1715 1395 Omnes
1740 1341 1982 1395 homines
2010 1341 2119 1394 vult

547 1427 724 1480 salvos
748 1426 883 1493 fieri,
909 1437 961 1482 et
988 1429 1053 1482 ad
1078 1430 1398 1498 agnitionem
1427 1430 1668 1484 veritatis
1693 1430 1875 1484 venire
1899 1428 2116 1502 (l.Tim.

548 1513 604 1567 2.
639 1514 717 1583 .i),
749 1515 1051 1585 nullamque
1075 1517 1325 1571 virtutem
1353 1517 1635 1586 negligere.
1665 1516 1800 1571 Audi
1833 1517 1972 1571 enim
1998 1531 2118 1571 eum

555 1618 647 1670 per
675 1606 980 1673 pmphetam
1023 1604 1285 1661 dicentem
1333 1622 1346 1659 :
1396 1605 1534 1659 Nolo
1576 1617 1782 1660 mortem
1824 1606 2119 1674 peccatoris,

557 1695 644 1747 scd
670 1704 724 1748 ut
752 1705 1066 1750 convertatur
1090 1707 1137 1751 et
1162 1699 1290 1752 vivat
1329 1697 1540 1767 (Ezech.
1572 1699 1660 1753 l8.
1688 1698 1806 1769 25).
1837 1698 2120 1768 Numquid,

556 1784 641 1838 dic
668 1800 784 1851 oro,
806 1786 951 1855 justo
976 1786 1098 1842 huic
1125 1789 1307 1843 uxoris
1329 1788 1677 1852 consuetudo,
1722 1788 1804 1842 vei
1841 1787 2124 1857 liberorum

556 1886 682 1926 cura
718 1872 814 1927 fuit
842 1874 1154 1930 obstaculo?
1190 1877 1426 1931 Obsecro
1471 1877 1629 1946 igitur
1667 1892 1732 1931 ne
1775 1877 2128 1946 nosmetipsos

561 1962 822 2030 fallamus,
849 1965 941 2019 sed
971 1975 1169 2034 quanto
1192 1966 1358 2036 magis
1384 1965 1748 2036 hujuscemodi
1782 1967 1923 2021 curis
1952 1966 2127 2038 impli-

559 2067 760 2119 cantur,
791 2063 937 2109 tanto
975 2057 1141 2127 magis
1182 2057 1413 2113 remedia
1462 2073 1526 2113 ex
1565 2057 1789 2113 lectione
1835 2058 2129 2112 divinarum

563 2144 953 2216 Seripturarum
990 2150 1358 2219 suscipiamus.
1398 2149 1585 2204 Nonne
1632 2158 1687 2204 et
1737 2149 1812 2203 illi
1856 2149 2127 2216 ejusdem,

563 2237 715 2304 cujus
743 2252 839 2292 nos
864 2252 1066 2306 sumus,
1100 2239 1310 2294 fuerunt
1337 2249 1555 2305 naturae,
1591 2254 1762 2309 neque
1807 2247 1911 2293 tam
1944 2240 2134 2295 multas

566 2326 862 2383 habuerunt
888 2330 1195 2384 occasiones
1214 2329 1277 2383 ad
1306 2330 1512 2384 virtutis
1537 2329 1769 2384 studium
1793 2329 2134 2391 indecentes?

566 2418 681 2484 Qua
721 2433 850 2489 ergo
891 2419 1090 2473 erimus
1131 2419 1285 2474 venia
1322 2419 1486 2489 digni,
1524 2419 1611 2488 qui
1663 2419 1749 2473 tali
1791 2418 2011 2474 fruimur
2037 2418 2135 2473 do-

568 2508 758 2573 ctrina,
780 2516 1045 2562 ettantam
1069 2510 1291 2577 gratiam
1315 2510 1580 2579 assequuti
1597 2524 1800 2576 sumus,
1826 2524 1887 2564 ac
1911 2524 2138 2578 superne

571 2596 859 2650 subsidium
883 2598 1157 2664 habemus,
1186 2607 1239 2652 et
1263 2598 1604 2653 ineffabilium
1635 2599 1846 2654 illorum
1876 2600 2134 2654 bonorum

573 2687 976 2754 promissionem
1002 2687 1322 2756 accepimus,
1351 2689 1395 2743 si
1422 2704 1528 2743 non
1556 2688 1623 2743 ad
1649 2704 1948 2743 mensuram
1977 2690 2143 2743 virtu-

574 2784 684 2826 tum
724 2775 1081 2843 pervenimus,
1124 2775 1312 2846 quibus
1354 2778 1557 2847 antiqui
1602 2776 1785 2832 Patres
1837 2777 2140 2847 poliebant?

574 2862 704 2918 Nam
733 2866 778 2919 si
807 2865 1127 2921 voluerimus
1151 2867 1311 2922 sobrii
1339 2882 1476 2933 esse,
1512 2866 1781 2923 sufficiunt
1809 2868 1889 2921 vel
1930 2882 1991 2922 ea
2024 2882 2143 2937 qua:

577 2956 734 3011 hodie
770 2957 905 3012 dicta
945 2967 1068 3013 sunt
1097 2968 1151 3014 ut
1176 2958 1240 3013 ad
1268 2960 1475 3015 virtutis
1500 2975 1735 3014 amorem
1763 2974 1858 3012 nos
1887 2959 2141 3027 excitent,

579 3061 677 3101 nec
700 3047 861 3100 ullum
892 3056 1136 3123 putemus
1170 3048 1235 3110 ad
1281 3048 1415 3108 illius
1455 3051 1594 3106 viam
1630 3068 1752 3110 esse
1794 3046 2144 3116 impedimen-

582 3147 712 3197 lum.
741 3143 873 3197 Nam
910 3146 952 3198 si
982 3146 1014 3197 ti
1041 3146 1130 3214 qui
1156 3154 1279 3199 ante
1308 3145 1480 3215 legem
1508 3152 1677 3207 erant,
1706 3158 1737 3197 a
1763 3140 2003 3197 doctrina
2046 3160 2134 3200 na-

583 3242 715 3287 tura:
767 3247 876 3287 sua:
916 3235 1072 3288 insita
1113 3235 1179 3289 ad
1233 3243 1428 3289 tantam
1476 3234 1796 3303 pertigerunt
1842 3233 2086 3288 virtutem
2129 3250 2144 3287 :

581 3323 706 3392 qttid
732 3339 827 3378 nos
858 3326 1146 3393 poterimus
1171 3324 1371 3388 dicere,
1397 3324 1487 3393 qui
1518 3332 1637 3393 post
1678 3333 1877 3377 tantum
1917 3321 2148 3376 admini-

583 3414 779 3479 culum,
804 3422 860 3469 et
896 3425 1014 3484 poat
1055 3413 1252 3469 Christi
1280 3414 1584 3478 adventum,
1623 3425 1675 3468 et
1724 3413 1998 3467 innumera
2035 3412 2150 3481 ejus

584 3508 854 3572 miracula,
874 3507 1044 3560 adhuc
1061 3516 1166 3561 tam
1196 3506 1426 3576 procula
1444 3507 1634 3561 virtute
1658 3506 1873 3559 sumus?
1901 3503 2148 3569 Proinde,

583 3599 826 3663 obsecro,
859 3615 925 3653 ne
961 3599 1024 3653 ad
1054 3614 1115 3654 ea
1141 3614 1259 3669 quae
1283 3599 1334 3653 in
1360 3598 1527 3654 sacris
1552 3597 1838 3666 Scripturis
1875 3605 1998 3649 sunt
2023 3610 2153 3648 cou-

586 3698 725 3742 tenta
757 3689 1065 3759 simpliciter
1091 3690 1469 3760 ingrcdiamur,
1500 3689 1591 3743 sed
1621 3703 1684 3742 ea
1714 3703 1833 3741 cum
1859 3686 2153 3740 attentione

586 3776 840 3844 legamus,
871 3787 927 3830 ut
953 3793 1018 3831 ex
1050 3778 1153 3832 illis
1195 3786 1444 3847 percepta
1477 3778 1717 3838 utilitate,
1763 3775 1846 3830 vel
1886 3789 2007 3828 sero
2050 3774 2156 3827 sal-

587 3876 693 3919 tem
720 3866 1000 3936 aliquando
1027 3868 1297 3932 virtutem,
1337 3883 1496 3938 quam
1544 3867 1681 3921 Deus
1720 3865 1925 3934 prohat,
1965 3879 2155 3933 capes-

587 3969 705 4011 sere
734 3957 1019 4014 valeamus.
1055 3958 1185 4013 Nam
1226 3958 1272 4013 si
1303 3958 1627 4030 spiritualem
1679 3957 1814 4010 hanc
1860 3954 2153 4009 doctrinam

587 4048 745 4101 etiam
775 4063 871 4104 uos
899 4049 1134 4120 quotidie
1163 4050 1313 4104 vobis
1339 4047 1617 4104 clamaturi
1645 4062 1847 4112 sumus,
1876 4060 2072 4113 vosque
2103 4045 2155 4098 in

590 4136 777 4191 eadem
821 4140 1082 4192 maneatis
1111 4140 1335 4207 ignavia,
1362 4154 1482 4208 quae
1510 4146 1680 4191 vestra
1711 4136 1813 4191 erit
1855 4136 2052 4189 utilitas
2088 4150 2156 4188 ex

588 4229 834 4281 continua
856 4229 1133 4283 doctrina?
1153 4241 1242 4284 aut
1267 4232 1418 4284 nobis
1434 4244 1551 4299 quae
1575 4229 1866 4283 consolatio
1892 4228 2011 4291 erit,
2036 4242 2156 4281 cum

591 4317 845 4381 videmus,
880 4334 977 4372 nos
1004 4328 1204 4372 tantum
1233 4320 1473 4377 laborare
1501 4320 1717 4386 frustra,
1750 4331 1801 4374 et
1833 4320 1962 4373 nihil
1996 4320 2154 4388 profi-

591 4417 712 4457 cere
746 4413 889 4458 tanto
918 4408 1127 4460 studio?
1165 4408 1258 4462 Dic
1299 4408 1426 4461 mihi
1458 4407 1684 4462 :Nonne
1708 4424 1771 4462 ex
1802 4408 2003 4462 duabus
2026 4408 2159 4463 sub-a

593 4493 802 4548 stantiis
825 4497 1091 4550 constituti
1122 4513 1324 4564 sumus,
1354 4514 1415 4552 ex
1442 4499 1616 4552 anima
1644 4498 1782 4564 dico,
1814 4506 1869 4552 et
1894 4498 2157 4568 corpore?

593 4582 699 4638 Cur
721 4599 847 4654 ergo
874 4601 975 4640 non
1002 4602 1183 4659 parem
1226 4590 1431 4659 utrique
1457 4605 1637 4643 curam
1665 4588 2035 4659 impendimus,
2063 4590 2157 4644 sed

589 4691 783 4745 corpus
819 4678 1028 4746 quidem
1068 4680 1310 4735 omnibus
1348 4680 1518 4734 modis
1542 4694 1809 4744 curamus,
1841 4689 1894 4734 et
1928 4680 2157 4734 accersi-

594 4778 710 4818 nnts
732 4767 985 4832 medicos,
1009 4784 1072 4823 ac
1098 4785 1191 4823 nos
1208 4785 1416 4839 quoque
1442 4770 1564 4824 illud
1588 4771 1866 4839 diligenter
1889 4786 2154 4836 curamus,

595 4857 786 4909 vestitu
814 4858 1045 4925 pretioso
1076 4859 1201 4913 illud
1235 4861 1478 4929 tegimus,
1508 4860 1682 4914 cibum
1707 4874 1866 4929 supra
1894 4874 2049 4928 quam
2076 4867 2159 4913 sat

593 4956 674 5000 est
696 4947 972 5012 sumimus,
996 4958 1154 5018 atque
1179 4950 1230 5003 itt
1251 4951 1497 5005 eonlinua
1522 4953 1869 5021 prosperitate
1888 4949 2017 5005 illud
2038 4964 2157 5005 esse

595 5035 858 5102 Volumus,
891 5046 946 5090 et
971 5038 1111 5092 nulla
1140 5040 1356 5093 omnino
1393 5039 1705 5109 a'gritudine
1732 5040 1907 5095 vexari
1942 5058 1955 5093 :
1988 5038 2080 5095 sed
2111 5039 2155 5094 si

594 5124 730 5179 forte
766 5125 891 5192 quid
919 5127 1183 5191 obtutbet,
1215 5143 1425 5182 omnem
1458 5143 1731 5184 movemus
1754 5128 2072 5194 machinam,
2102 5136 2158 5183 ttt

593 5215 732 5283 quod
758 5216 1053 5273 molestiam
1082 5218 1234 5273 affert
1256 5218 1606 5274 emendetur?
1637 5222 1700 5274 Et
1727 5220 1826 5274 hoc
1851 5220 1917 5274 dc
1935 5236 2158 5288 corpore

594 5310 737 5375 dico,
766 5311 907 5380 quod
941 5312 1229 5368 secundum
1276 5312 1620 5367 substantiam
1672 5313 1844 5366 minus
1881 5321 1962 5364 est
1989 5328 2002 5363 :
2033 5311 2158 5381 quid

592 5400 733 5453 enim
755 5402 943 5470 majus,
973 5405 1236 5469 animane,
1264 5419 1331 5457 an
1358 5403 1735 5473 corpus‘iNam
1765 5403 1809 5457 si
1838 5408 1917 5461 vis
1940 5409 1953 5439 '
1981 5405 2159 5461 videre

659 5491 674 5559 ξ
709 5490 910 5559 Savilins
931 5508 1001 5559 sic
1022 5494 1200 5546 habet.
1225 5501 1278 5543 Et
1304 5494 1395 5559 [ioc
1415 5495 1477 5559 (fe
1503 5507 1727 5559 corpore,
1753 5499 1878 5559 quod
1899 5499 2162 5548 samnitium

596 5553 1079 5617 substttminntminus
1104 5562 1190 5612 est,
1210 5554 1348 5616 (quid
1371 5556 1498 5605 enim
1522 5553 1704 5617 ineius,
1728 5553 1944 5613 aitintmtc
1967 5574 2028 5609 an
2048 5573 2158 5610 cor-

590 5624 682 5670 pus
699 5611 743 5659 .9)
760 5611 1054 5667 trepidamus
1076 5622 1120 5664 ct
1139 5611 1378 5667 curemus.
1411 5625 1463 5668 Et
1481 5618 1524 5669 si
1550 5618 1675 5669 ris...

2218 979 2315 1018 nea
2346 963 2580 1019 remedia
2607 966 2830 1035 apponis
2858 983 2871 1020 :
2902 967 2994 1021 sed
3023 965 3132 1022 fers
3162 978 3217 1023 ut
3245 969 3334 1024 illa
3369 971 3618 1041 despecta
3649 972 3788 1029 fame

2218 1054 2576 1119 eontabescat,
2599 1054 2668 1109 ab
2695 1055 2964 1110 ulceribus
2991 1058 3270 1125 putrefiat;
3308 1066 3363 1114 et
3405 1060 3611 1128 objecta
3636 1066 3787 1132 quasi

2220 1143 2460 1206 canibus,
2492 1144 2647 1199 liceat
2674 1146 2750 1199 sic
2772 1145 2969 1212 dicere,
2997 1163 3027 1201 a
3050 1147 3201 1202 malis
3224 1157 3279 1203 et
3303 1148 3496 1204 illicitis
3517 1153 3791 1221 cogitatio-

2223 1233 2378 1287 nibus
2399 1233 2737 1300 dilaceretur,
2765 1236 3041 1306 omnisque
3066 1237 3288 1293 firmitas
3311 1238 3425 1309 ejus
3447 1239 3786 1296 dissolvatur.

2294 1323 2477 1377 Anima
2498 1326 2747 1394 quomodo
2774 1328 3018 1390 curanda.
3038 1358 3108 1368 —
3126 1328 3301 1397 Quare
3321 1347 3425 1385 non
3452 1333 3586 1386 sicut
3612 1333 3793 1388 visibi-

2224 1413 2288 1468 lis
2315 1416 2552 1485 corporis
2574 1418 2804 1487 gerimus
2823 1433 3025 1485 curam,
3054 1420 3123 1473 ita
3148 1428 3203 1476 et
3229 1421 3438 1488 animm,
3462 1439 3582 1492 quas
3612 1425 3791 1479 incor.

2226 1520 2385 1575 porca
2416 1516 2469 1561 et
2495 1507 2803 1572 invisibilis;
2848 1510 3138 1577 pnesertim
3177 1527 3296 1566 cum
3343 1527 3469 1567 cura
3511 1514 3647 1583 ejus,
3688 1532 3792 1570 non

2229 1595 2387 1650 modo
2414 1597 2546 1651 levis
2573 1597 2642 1651 sit
2666 1606 2721 1653 et
2754 1598 2944 1663 facilis,
2987 1599 3264 1655 sedetiam
3302 1603 3432 1656 nihil
3476 1604 3618 1658 inea
3646 1607 3792 1659 insu-

2230 1694 2422 1753 matur,
2474 1702 2647 1757 ueque
2700 1687 3006 1742 laboretur?
3062 1690 3237 1759 Atque
3289 1690 3375 1745 hic
3421 1692 3633 1762 quidem
3674 1710 3794 1748 cum

2231 1785 2314 1832 est
2338 1791 2531 1847 corpus
2583 1779 2896 1845 curandum,
2936 1795 3056 1834 cum
3094 1783 3313 1836 sanandi
3343 1783 3512 1837 morbi
3556 1786 3798 1854 corporis

2232 1883 2474 1940 magnam
2530 1884 2750 1925 necesse
2803 1881 2886 1926 est
2931 1872 3205 1941 pecuniam
3259 1873 3603 1942 impendere,
3660 1891 3799 1929 nunc

2234 1958 2286 2011 in
2341 1957 2614 2025 medicos,
2672 1975 2813 2014 nunc
2862 1960 2914 2014 in
2955 1960 3057 2014 alia
3114 1963 3452 2029 necessaria,
3507 1972 3689 2033 utpote
3747 1966 3797 2018 iu

2237 2056 2415 2104 vestes
2456 2058 2510 2103 et
2543 2050 2839 2104 alimenta:
2885 2065 2953 2105 ne
2993 2050 3117 2121 quid
3165 2051 3375 2105 interim
3415 2052 3585 2106 dicam
3632 2054 3698 2108 de
3739 2055 3801 2108 iis

2238 2152 2357 2207 qua:
2404 2148 2597 2208 prmter
2638 2140 2994 2194 necessarium
3040 2154 3192 2195 usum
3246 2141 3372 2195 luxu
3422 2142 3800 2209 absumuntur;

2237 2230 2411 2284 anima
2482 2239 2658 2285 autem
2715 2231 2860 2289 nullo
2916 2231 3102 2286 horum
3167 2231 3403 2301 indiget,
3465 2233 3558 2288 sed
3614 2235 3658 2288 si
3709 2250 3803 2288 vo-

2239 2320 2439 2386 lueris,
2501 2321 2638 2376 sicut
2696 2321 2929 2390 quotidie
2987 2324 3196 2392 corpori
3257 2323 3433 2378 cibum
3501 2325 3807 2394 suppeditas
3901 2358 3920 2372 .

2240 2419 2294 2465 ct
2339 2411 2591 2479 pecunias
2619 2410 2865 2476 effundis,
2896 2412 2973 2467 sic
3001 2420 3055 2466 et
3090 2414 3320 2467 animam
3364 2430 3467 2467 non
3510 2414 3807 2484 despicere.

2242 2511 2298 2555 ut
2323 2516 2390 2555 ne
2417 2500 2555 2556 fame
2580 2511 2799 2571 pereat;
2824 2502 2915 2557 sed
2939 2502 3071 2557 dare
3096 2504 3193 2574 ipsi
3213 2512 3587 2573 congruentem
3608 2505 3807 2565 cibum.

2241 2592 2490 2647 videlicet
2524 2607 2588 2647 ex
2633 2593 2859 2647 lectione
2900 2591 3293 2662 Seripturarqu
3335 2602 3389 2648 et
3433 2608 3501 2647 ex
3553 2595 3809 2663 spirituaii

2243 2682 2611 2737 adhortatione
2639 2697 2659 2735 :
2687 2680 2808 2736 Non
2835 2683 2976 2738 enim
3015 2683 3067 2737 in
3113 2699 3260 2753 pane,
3305 2683 3452 2750 dicit,
3483 2685 3645 2743 solum
3688 2685 3811 2737 vivet

2246 2774 2413 2841 homo,
2443 2774 2533 2828 sed
2566 2775 2618 2828 in
2654 2774 2792 2828 omni
2836 2776 2980 2829 verba
3024 2775 3156 2845 quod
3199 2776 3451 2845 egreditur
3490 2794 3582 2848 per
3622 2793 3676 2831 os
3718 2775 3813 2830 Dei

2248 2862 2467 2933 (Matth.
2495 2865 2549 2919 4.
2577 2863 2646 2934 4)
2678 2881 2693 2918 :
2726 2865 2923 2934 optime
2945 2864 3012 2920 de
3039 2864 3121 2919 his
3148 2866 3415 2929 statueris,
3448 2876 3500 2921 et
3526 2866 3659 2937 parti
3696 2882 3816 2935 qua:

2247 2955 2401 3011 nobis
2427 2956 2594 3025 magis
2622 2964 2702 3010 est
2734 2956 2962 3026 pr0pria,
2996 2967 3138 3012 recte
3165 2959 3518 3027 prosttescris.
3547 2957 3699 3012 Sicut
3723 2959 3816 3026 igi-

2249 3053 2337 3100 tur
2363 3045 2573 3115 corpori
2602 3047 2744 3099 varia
2769 3046 2976 3117 prtebes
3001 3046 3328 3113 indumenta,
3357 3057 3409 3102 et
3433 3049 3691 3102 rationem
3726 3047 3817 3101 ha-

2247 3143 2343 3200 bes
2360 3139 2485 3194 anni
2512 3145 2889 3208 tempestatum
2914 3139 2965 3192 in
2992 3134 3217 3193 vestium
3239 3135 3545 3197 diversitate
3576 3162 3588 3198 ε
3631 3137 3817 3197 similia

2254 3242 2333 3287 ter
2362 3248 2532 3302 neque
2555 3234 2786 3288 animam
2806 3232 3084 3302 despicito,
3113 3243 3172 3287 ut
3202 3249 3267 3288 ue
3302 3234 3437 3286 nttda
3468 3235 3619 3289 bonis
3645 3236 3816 3303 operi-

2252 3322 2352 3377 bus
2376 3323 2695 3389 obambulet,
2724 3323 2817 3379 sed
2846 3322 3158 3378 docentibus
3187 3323 3329 3378 illam
3368 3324 3600 3380 vestibus
3626 3323 3817 3388 indue;

2253 3415 2429 3469 statim
2464 3429 2579 3469 eam
2609 3414 2880 3484 reparabis
2907 3424 2961 3468 et
2983 3412 3049 3468 ad
3078 3413 3371 3469 naturalem
3416 3415 3690 3468 sanitatem
3734 3428 3820 3466 re-

2254 3504 2439 3559 duces.
2468 3504 2533 3558 Et
2560 3519 2679 3573 qua:
2709 3513 2832 3557 sunt
2856 3503 3047 3557 anima:
3087 3500 3430 3558 indumenta?
3473 3503 3822 3574 Eleemosyua

2254 3603 2310 3649 et
2335 3596 2548 3664 largitas
2574 3594 2623 3648 in
2647 3608 2909 3664 pauperes
2939 3611 2951 3647 :
2981 3592 3081 3648 hoc
3113 3594 3255 3647 enim
3298 3593 3586 3648 maximum
3631 3596 3822 3649 anim-.e

2257 3689 2627 3743 vestimentum
2658 3695 2758 3753 est,
2785 3685 2885 3739 hoc
2910 3683 3241 3755 splendidutn
3273 3685 3412 3740 illius
3437 3685 3820 3740 indumentum.

2258 3779 2314 3834 Si
2343 3789 2517 3835 autem
2543 3780 2623 3834 vis
2649 3793 2755 3832 non
2782 3777 2952 3832 solum
2983 3776 3291 3831 vestimenta
3321 3791 3528 3845 parare,
3560 3776 3655 3830 sed
3683 3776 3822 3828 illam

2259 3886 2452 3927 ornare
2478 3873 2657 3934 etiam,
2688 3870 2825 3924 sicut
2850 3881 3042 3938 corpus
3066 3867 3227 3931 soles,
3269 3881 3477 3936 appone
3505 3865 3821 3934 adjutorium

2257 3960 2398 4030 quod
2423 3976 2486 4014 ex
2512 3958 2757 4029 precibus
2778 3966 2880 4022 est,
2907 3965 2961 4013 et
2980 3965 3312 4027 peccatorum
3337 3954 3747 4017 confessionem,
3769 3964 3825 4007 et

2258 4051 2519 4106 continuis
2547 4048 2789 4120 Iaerymis
2810 4047 2995 4102 faciem
3022 4056 3162 4101 tuam
3184 4047 3359 4101 lavare
3380 4061 3446 4101 ue
3471 4060 3666 4101 cesses.
3688 4044 3825 4099 Nam

2259 4143 2393 4197 sicut
2421 4141 2605 4197 faciem
2636 4139 2877 4210 corporis
2902 4139 2975 4193 tui
3002 4137 3236 4209 quotidie
3273 4153 3393 4193 cum
3433 4137 3577 4190 nimii
3623 4135 3825 4190 sollici-

2263 4232 2444 4289 tudine
2464 4232 2653 4299 abluis,
2688 4247 2755 4287 ne
2797 4245 2898 4301 qna
2930 4229 3068 4285 forte
3116 4230 3315 4284 macula
3359 4228 3512 4281 faciei
3557 4227 3828 4281 inluerens

2261 4326 2552 4382 deformem
2598 4323 2739 4379 illam
2770 4322 2957 4378 reddat
3002 4340 3016 4376 :
3055 4321 3133 4377 sic
3169 4330 3223 4375 et
3249 4321 3439 4374 animae
3474 4334 3652 4373 curam
3688 4317 3828 4372 habe

2263 4420 2482 4477 fervidis
2525 4419 2759 4489 quotidie
2806 4416 3051 4487 iaerymis
3088 4430 3204 4469 eam
3251 4413 3488 4467 abluens.
3536 4410 3642 4463 llac
3679 4409 3831 4463 enim

2261 4526 2393 4580 aqua
2415 4511 2637 4564 maculis
2661 4508 2934 4577 depositis.
2958 4508 3072 4576 ejus
3099 4505 3257 4559 facies
3284 4501 3607 4571 splendidior
3629 4499 3824 4554 evadit.

2264 4603 2328 4657 Et
2352 4602 2473 4671 quia
2503 4601 2749 4655 mulieres
2769 4599 3034 4669 pleneque
3062 4596 3130 4651 ob
3156 4594 3453 4658 mollitiem,
3481 4591 3825 4660 apostolicum

2263 4694 2566 4749 mandatum
2606 4699 3027 4754 contemnentes,
3072 4701 3177 4755 quo
3217 4685 3432 4755 jubetur
3470 4698 3539 4736 ne
3585 4680 3647 4734 In
3684 4681 3829 4733 tortis

2261 4783 2500 4844 crinibus,
2532 4789 2617 4833 aut
2641 4794 2783 4843 auro,
2810 4776 2887 4831 vel
2916 4774 3220 4845 margaritis,
3258 4774 3335 4827 vel
3370 4781 3499 4824 veste
3537 4779 3830 4838 sumptuosa

2263 4890 2322 4930 se
2359 4879 2550 4928 ornent
2580 4872 2629 4940 (l
2684 4868 2816 4923 Tim.
2846 4868 2899 4922 2.
2924 4867 3000 4938 9),
3049 4880 3239 4936 magno
3286 4862 3386 4917 hoc
3424 4860 3550 4916 luxu
3600 4860 3829 4923 faciunt;

2264 4980 2433 5035 neque
2470 4962 2717 5017 mulieres
2747 4968 2970 5022 tantum,
3016 4957 3109 5011 sed
3153 4966 3206 5011 et
3250 4954 3344 5008 viri
3375 4952 3595 5022 quilibet
3641 4950 3834 5005 molles

2264 5057 2459 5112 vilibus
2507 5051 2828 5108 mulierculis
2863 5049 3063 5105 similes
3104 5047 3254 5109 fiunt,
3284 5043 3507 5097 auuulos
3531 5040 3708 5110 digitis
3735 5054 3825 5104 ge-

2263 5157 2423 5211 stant,
2451 5154 2504 5200 et
2530 5141 2731 5213 magnis
2753 5140 3105 5211 gravibusque
3130 5134 3392 5204 lapidibus
3428 5146 3487 5186 se
3515 5138 3730 5193 ornant,
3763 5128 3835 5182 de

2264 5236 2455 5307 quibus
2483 5235 2799 5288 erubescere
2821 5236 3091 5300 Oporteret
3129 5242 3145 5281 :
3190 5234 3244 5279 et
3274 5224 3377 5278 illa:
3406 5238 3532 5291 ergo
3574 5228 3630 5274 et
3657 5220 3742 5282 hi,
3786 5219 3833 5271 si

2264 5328 2397 5383 meis
2427 5334 2674 5396 parerent
2717 5320 3066 5383 sermonibus,
3112 5331 3269 5372 aurea
3314 5314 3447 5379 inec,
3479 5328 3597 5381 quae
3626 5324 3681 5365 et
3705 5309 3837 5363 viris

2264 5430 2318 5476 et
2344 5417 2652 5473 mulieribus
2667 5414 2917 5469 daumosa
2941 5420 3083 5473 sunt,
3108 5410 3160 5462 iu
3184 5415 3424 5463 ornatum
3445 5401 3638 5458 animae
3663 5410 3822 5454 trans

2267 5514 2485 5574 ferrent,
2517 5518 2573 5563 et
2598 5507 2713 5562 istis
2742 5504 2882 5558 illam
2908 5501 3247 5556 adornarent.
3285 5497 3415 5551 Nam
3444 5495 3583 5550 sicut
3621 5492 3857 5560 corpori;

2275 5601 2662 5666 circumposita,
2709 5593 2913 5650 etiamsi
2942 5592 3231 5647 formosum
3259 5589 3345 5653 sit,
3393 5588 3561 5658 ipsmn
3593 5582 3839 5639 deforme
