4144 6200
248 248 354 302 183

242 364 350 414 δων
394 355 731 429 ἐπιμέλειαν,
763 356 899 426 μήτε
940 355 1069 409 ἄλλο
1110 352 1272 425 μηδὲν
1326 348 1778 424 προϐαλλώμεθα,
1810 350 1908 402 καὶ

244 450 558 522 νομίσωμεν
586 449 777 520 ἀρκεῖν
814 448 947 517 ἡμῖν
975 446 1054 509 εἰς
1078 444 1372 511 ἀπολογίαν
1396 443 1491 497 τοῦ
1526 442 1787 514 ῥᾳθύμως
1816 441 1909 495 καὶ

244 536 609 607 ἠμελημένως
654 535 773 605 ζῇν,
821 532 955 604 μηδέ
1005 532 1072 587 τά
1106 532 1289 603 ψυχρά
1324 533 1507 585 ἐκεῖνα
1539 530 1632 584 καὶ
1675 529 1909 599 ἀνόνητα

249 625 468 694 ῥήματα
497 620 881 694 προφέρωμεν,
914 619 1010 673 καὶ¹
1035 619 1282 690 λέγωμεν
1304 635 1318 649 ο
1360 616 1622 687 κοσμικός
1654 618 1789 687 εἰμι,
1815 632 1913 683 γυ-

248 711 409 763 ναῖκα
439 708 568 778 ἔχω,
611 708 704 761 καὶ
734 707 938 761 τέκνων
963 704 1218 776 φρῶτίδα
1263 704 1537 775 ποιοῦμαι.
1592 702 1774 756 Ταῦτα
1800 705 1913 765 τοῖς

252 796 494 850 πλείοσιν
523 793 642 858 ἔθος
672 794 875 862 λέγειν,
919 793 1135 847 ἐπειδάν
1173 793 1367 855 αὐτοὺς
1395 789 1797 863 παρακαλῶμεν
1831 791 1911 852 εἰς

249 884 378 947 τοὺς
408 881 547 954 ὑπὲρ
578 884 679 951 τῆς
709 882 906 952 ἀρετῆς
935 882 1148 946 πόνους,
1188 880 1220 950 ἢ
1254 879 1383 950 περὶ
1413 880 1513 947 τὴν
1545 878 1653 932 τῶν
1681 877 1913 949 Γραφῶν

252 970 559 1037 ἀνάγνωσιν
619 969 815 1040 πολλὴν
870 967 1141 1021 ποιεῖσθαι
1179 967 1278 1038 τὴν
1312 966 1567 1036 σπουδήν.
1621 965 1735 1018 Ούκ
1767 964 1914 1017 ἐστιν

254 1057 387 1127 ἐμὸν
410 1056 585 1119 τοῦτο,
614 1056 777 1125 φησί·
832 1055 905 1126 μὴ
931 1055 1040 1124 γὰρ
1062 1054 1421 1124 ἀπεταξάμην
1445 1070 1461 1120 ;
1501 1053 1574 1124 μὴ
1603 1051 1712 1124 γὰρ
1750 1069 1917 1122 μονα-

254 1145 349 1213 χός
379 1144 523 1214 είμι;
551 1143 616 1195 Τί
647 1142 846 1210 λέγεις,
884 1141 1138 1211 ἄνθρωπε
1162 1159 1178 1207 ;
1218 1140 1477 1204 Ἐκείνοις
1503 1139 1685 1210 μόνοις
1713 1141 1913 1192 ἀποκε-

256 1229 532 1298 κλήρωται
559 1229 618 1281 τὸ
636 1228 735 1298 τῆς
764 1228 902 1298 πρὸς
932 1227 1023 1282 τὸν
1051 1227 1183 1281 Θεὸν
1214 1227 1621 1298 εύαρεστήσεως
1653 1242 1668 1292 ;
1699 1225 1916 1289 Πάντας

258 1313 406 1387 [190]
433 1313 748 1385 ἀνθρώπους
773 1313 914 1368 θέλει
948 1313 1206 1382 σωθῆναι,
1235 1313 1328 1366 καὶ
1361 1314 1440 1375 είς
1468 1311 1760 1380 ἐπίγνωσιν
1789 1311 1916 1381 άλη-

261 1401 409 1465 θείας
440 1401 630 1465 ἐλθεῖν,
656 1402 749 1455 καὶ
778 1401 967 1455 οὐδένα
989 1399 1231 1470 βούλεται
1254 1399 1453 1469 ἀρετῆς
1471 1397 1918 1467 ἀμελεῖν.”Ακουε

260 1488 368 1557 γὰρ
413 1487 578 1541 αὑτοῦ
616 1487 705 1540 διὰ
744 1486 838 1541 τοῦ
883 1487 1158 1557 προφήτου
1194 1484 1472 1553 λέγοντος·
1512 1486 1594 1538 Οὐ
1619 1484 1920 1553 ,ϐούλομαι

258 1573 366 1626 τὸν
387 1573 644 1627 θάνατον
684 1573 792 1627 τοῦ
819 1570 1189 1643 ἀμαρτωλοῦ,
1223 1571 1304 1638 ὡς
1343 1571 1408 1624 τὸ
1440 1570 1795 1638 ἐπιστρέψαι
1820 1568 1920 1623 καὶ

258 1656 368 1726 τῆν
400 1659 608 1713 αὐτόν.
648 1660 740 1729 Μή
775 1677 829 1712 τι
858 1660 1099 1727 γέγονεν,
1128 1659 1247 1712 είπέ
1279 1675 1387 1727 μοι,
1414 1656 1587 1727 τούτῳ
1618 1656 1697 1727 τῷ
1727 1655 1920 1726 δικαίῳ

260 1745 486 1815 κώλυμα
511 1746 543 1816 ἡ
576 1744 828 1800 συνουσία
850 1746 947 1815 τῆς
978 1745 1252 1814 γυναικὸς,
1278 1744 1310 1815 ἢ
1339 1747 1370 1815 ἠ
1394 1744 1500 1798 τῶν
1525 1744 1729 1798 παίδων
1756 1759 1921 1813 (990v-

259 1833 373 1899 τίς;
403 1834 495 1904 Μὴ
524 1833 723 1897 τοίνυν,
752 1832 1075 1904 παρακαλῶ,
1108 1833 1241 1903 μηδέ
1270 1834 1428 1902 ἡμεῖς
1453 1830 1755 1901 ἀπατῶμεν
1795 1832 1923 1884 ἐαυ-

260 1921 406 1982 τοὺς,
456 1921 568 1973 ἀλλ’
619 1920 728 1990 ὅσῳ
755 1919 978 1981 ταύταις
1018 1919 1295 1989 φροντίσιν
1328 1917 1645 1987 ἐνεχόμεθα,
1682 1916 1922 1987 τοσούτῳ

268 2007 466 2078 μᾶλλον
500 2007 567 2059 τά
597 2007 705 2061 ἀπὸ
738 2006 838 2074 τῆς
871 2005 1225 2072 ἀναγνώσεως
1262 2004 1369 2056 τῶν
1399 2003 1556 2056 θείων
1582 2002 1813 2073 Γραφῶν
1838 2002 1924 2055 δε·-

267 2094 491 2165 χώμεθα
520 2095 806 2164 φάρμακα.
856 2092 948 2161 Μὴ
1003 2090 1111 2161 γὰρ
1162 2090 1253 2143 καὶ
1301 2083 1444 2141 οῦτοι
1493 2089 1553 2141 οὐ
1600 2089 1700 2158 τῆς
1757 2090 1926 2159 αὐτῆς

266 2183 399 2252 ἡμῖν
453 2179 665 2248 φύσεως
701 2174 860 2248 ἦσαν,
907 2177 999 2230 καὶ
1033 2176 1152 2230 οὐδὲ
1184 2174 1450 2238 τοσαύτας
1485 2175 1737 2245 ἀφορμάς
1782 2169 1927 2244 εἶχον

265 2268 367 2331 τὰς
397 2265 697 2333 ἐναγούσας
730 2264 927 2327 αὐτοὺς
967 2262 1104 2334 πρὸς
1144 2263 1243 2333 τὴν
1273 2261 1371 2331 τῆς
1400 2260 1598 2331 ἀρετῆς
1627 2261 1926 2332 ἐργασίαν;

267 2353 434 2416 Ποίας
467 2349 560 2405 οὖν
589 2351 653 2405 ἂν
677 2353 868 2421 εἴημεν
899 2346 1229 2418 συγγνώμης
1258 2346 1416 2411 ἄξιοι,
1452 2347 1502 2399 οί
1545 2346 1639 2400 καὶ
1674 2347 1928 2400 διδασκα-

265 2440 386 2503 λίας
407 2437 670 2507 τοσαύτης
702 2436 1087 2500 ἀπολαύοντες,
1116 2434 1208 2487 καὶ
1230 2433 1493 2504 τοσαύτης
1512 2433 1731 2504 χάριτος
1760 2433 1925 2498 ἀξιω-

266 2527 468 2591 θέντες,
521 2524 616 2579 καὶ
661 2524 759 2594 τῆς
792 2521 999 2577 ἀνωθεν
1043 2519 1357 2591 συμμαχίας
1395 2519 1779 2583 ἀπολαύοντες,
1833 2520 1929 2574 καὶ⁴

266 2613 376 2668 τῶν
422 2612 747 2681 ἀπορρήτων
784 2610 1006 2664 ἐκείνων
1037 2607 1256 2675 ἀγαθῶν
1284 2606 1380 2678 τὴν
1419 2606 1750 2675 ἐπαγγελίαν
1771 2605 1930 2670 δεξά-

272 2717 444 2770 μενοι,
474 2698 569 2752 ἐάν
601 2698 674 2769 μὴ
705 2697 841 2768 πρὸς
877 2696 938 2750 τὸ
966 2696 1073 2748 τῶν
1113 2693 1353 2748 παλαιῶν
1393 2692 1599 2764 ἀνδρῶν
1637 2692 1930 2762 φθάσωμεν

267 2787 367 2856 τῆς
397 2783 599 2854 ἀρετῆς
631 2782 864 2853 μέτρον;
897 2782 960 2834 EE
1007 2780 1119 2851 γὰρ
1164 2777 1485 2850 βουλοίμεθα
1526 2778 1737 2847 νήφειν,
1770 2776 1931 2831 ἱκανά

269 2872 338 2924 τά
383 2871 623 2940 σήμερον
664 2870 796 2938 ἡμῖν
848 2865 1135 2936 κινηθέντα
1174 2866 1434 2935 διεγεῖραι
1480 2865 1627 2934 ἡμᾶς
1674 2863 1809 2934 πρὸς
1840 2864 1931 2917 τὸν

270 2957 430 3011 πόθον
457 2957 554 3026 τῆς
581 2956 800 3026 ἀρετῆς,
827 2953 920 3006 καὶ
955 2952 1220 3023 μηδέποτε
1263 2950 1501 3020 νομίζειν
1539 2948 1768 3020 κώλυμα
1797 2951 1930 3021 ἡμῖν

270 3042 518 3113 γενέσθαι
549 3041 683 3113 πρὸς
712 3040 808 3111 τὴν
830 3038 1029 3108 ταύτης
1048 3038 1182 3092 ὁδόν.
1222 3038 1285 3090 El
1313 3037 1420 3108 γάρ
1442 3037 1492 3090 οί
1514 3036 1619 3107 πρὸ
1643 3036 1736 3090 τοῦ
1763 3037 1929 3109 νόμου

269 3132 377 3186 ἀπὸ
403 3130 503 3199 τῆς
524 3133 579 3184 ἐν
609 3131 674 3200 τῇ
710 3127 868 3196 φύσει
906 3126 1163 3195 κειμένης
1189 3123 1530 3186 διδασκαλίας
1554 3124 1632 3187 εἰς
1663 3123 1931 3196 τοσαύτην

268 3217 509 3287 ἔφθασαν
540 3213 758 3287 ἀρετὴν,
786 3213 838 3266 τί
877 3212 1070 3282 ἔχομεν
1102 3213 1273 3264 εἰπεῖν
1308 3212 1470 3281 ἡμεῖς
1498 3211 1547 3263 οί
1578 3211 1715 3279 μετὰ
1737 3209 1932 3263 τοσαύ-

268 3320 368 3373 την
408 3300 676 3373 βοήθειαν,
710 3300 803 3351 καὶ
845 3298 942 3369 τὴν
971 3296 1064 3351 τοῦ
1091 3295 1327 3367 Χριστοῦ
1368 3297 1691 3364 παρουσίαν,
1734 3296 1829 3349 καὶ
1861 3296 1932 3350 τὰ

273 3390 443 3461 μυρία
487 3388 742 3458 θαύματα
776 3385 966 3457 πόρρω
1015 3385 1114 3454 τῆς
1146 3383 1345 3455 ἀρετῆς
1377 3384 1731 3450 τυγχάνοντες
1761 3400 1776 3447 ;
1818 3383 1931 3444 Διὸ,

272 3473 601 3546 παρακαλῶ.
655 3472 729 3541 μὴ
779 3470 966 3532 ἁπλῶς
1006 3467 1366 3538 ἐπερχώμεθα
1414 3468 1482 3519 τά
1524 3469 1581 3520 ἐν
1612 3470 1730 3528 ταῖς
1763 3467 1933 3529 θείαις

271 3562 515 3631 Γραφαῖς
553 3557 800 3627 κείμενα,
832 3555 965 3608 ἀλλά
999 3554 1137 3623 μετά
1168 3553 1440 3622 προσοχῆς
1470 3549 1934 3621 ἀναγινώσκωμεν

270 3647 340 3700 τά
373 3644 687 3714 ἐγκείμενα,
714 3641 802 3693 ἵνα
819 3640 918 3709 τὴν
951 3639 1008 3704 ἐξ
1042 3637 1222 3691 αὐτῶν
1249 3637 1517 3704 ὠφέλειαν
1542 3635 1932 3706 καρπούμενοι,

270 3733 369 3803 ὀψὲ
401 3729 532 3800 γοῦν
556 3745 689 3781 ποτε
720 3727 820 3796 τῆς
844 3724 984 3780 κατά
1008 3724 1139 3776 Θεὸν
1164 3722 1362 3795 ἀρετῆς
1384 3720 1762 3775 ἀντιλαϐέσθαι
1784 3721 1939 3791 δυνη-

272 3819 473 3888 θῶμεν.
530 3817 594 3870 Εἰ
638 3814 747 3884 γὰρ
792 3812 849 3866 δὲ
880 3810 1166 3882 μέλλοιμεν
1212 3809 1307 3862 καὶ
1348 3810 1508 3878 ἡμεῖς
1546 3807 1667 3860 καθ’
1699 3808 1935 3879 ἑκάστην

273 3905 488 3977 ἡμέραν
512 3903 646 3972 ’ὑμῖν
680 3902 894 3970 ἐνηχεῖν
916 3898 1014 3968 τὴν
1045 3895 1421 3965 πνευματικὴν
1452 3893 1655 3963 ταύτην
1682 3894 1936 3948 διδασκα-

270 3991 413 4054 λίαν,
442 3989 536 4043 καὶ
573 3989 728 4058 ὑμεῖς
752 3985 843 4038 ἐπὶ
880 3984 974 4054 τῆς
1000 3982 1169 4052 αὐτῆς
1199 3979 1472 4052 ῥᾳθυμίας
1517 3978 1755 4049 μείνητε,
1783 3983 1934 4033 ποῖον

272 4078 401 4147 ὑμῖν
437 4075 626 4143 ὄφελος
661 4073 812 4125 ἔσται
842 4072 905 4123 ἐκ
936 4069 1032 4140 τῆς
1062 4066 1321 4138 συνεχοῦς
1349 4065 1716 4128 διδασκαλίας,
1742 4065 1775 4135 ἢ
1804 4067 1933 4136 ἡμῖν

267 4164 353 4226 τίς
381 4161 532 4214 ἐσται
554 4156 872 4230 παραμυθία
908 4154 1075 4225 ὁρῶσι
1112 4153 1202 4206 τὸν
1228 4150 1480 4205 τοσοῦτον
1510 4150 1666 4222 ἡμῶν
1689 4150 1934 4221 κάματον

270 4249 527 4320 ἀνόνητον
563 4244 867 4316 γινόμενον,
900 4242 992 4294 καὶ
1031 4239 1287 4310 οὐδεμίαν
1332 4236 1615 4310 προκοπὴν
1644 4237 1934 4308 γινομένην

270 4337 336 4389 ἐκ
359 4336 455 4404 τῆς
484 4331 759 4403 ἡμετέρας
792 4327 1058 4396 σπουδῆς;
1100 4324 1234 4378 Εἰπὲ
1262 4325 1370 4395 γάρ
1411 4340 1521 4394 μοι,
1560 4323 1680 4392 οὐχὶ
1710 4323 1817 4377 ἀπὸ
1844 4323 1935 4376 δύο

272 4421 464 4476 οὐσιῶν
486 4415 988 4488 συνεστήκαμεν,ἐκ
1006 4412 1184 4483 ψυχῆς
1207 4411 1348 4479 λέγω
1370 4410 1460 4464 καὶ
1481 4408 1728 4479 σώματος
1746 4429 1761 4475 ;
1781 4409 1937 4474 Τίνος

274 4504 365 4562 οὖν
400 4508 582 4561 ἕνεκεν
610 4506 684 4575 μὴ
711 4504 809 4575 τὴν
841 4503 963 4573 ίσην
996 4498 1148 4554 αὐτοὶ
1169 4499 1424 4570 πρόνοιαν
1450 4496 1779 4568 ἀμφοτέροις
1810 4497 1939 4552 ἀπο-

260 4587 536 4665 ’νέμομεν,
581 4592 718 4647 ἀλλά
764 4589 822 4643 τὸ
866 4588 964 4659 μὲν
1012 4586 1172 4657 σῶμα
1213 4585 1372 4637 παντὶ
1408 4584 1593 4654 τρόπῳ
1615 4582 1937 4654 θεραπεύειν

275 4682 674 4750 σπουδάζομεν,
707 4678 800 4732 καὶ
837 4676 1041 4745 ἰατροῖς
1074 4674 1332 4743 χρήματα
1364 4670 1614 4733 διδόντες,
1657 4670 1754 4723 καὶ
1785 4670 1938 4723 αὐτοὶ

276 4770 475 4839 πολλὴν
504 4768 633 4838 περὶ
677 4765 806 4819 αὐτὸ
857 4763 958 4835 τὴν
1010 4760 1326 4831 ἐπιμέλειαν
1357 4758 1810 4826 ἐπιδεικνύμενοι,
1842 4764 1938 4810 καὶ

273 4857 462 4927 ἐσθῆτι
492 4850 772 4907 πολυτελεῖ
814 4848 1253 4922 περιϐάλλοντες,
1278 4846 1374 4900 καὶ
1414 4844 1623 4917 τροφὴν
1654 4843 1817 4896 πλέον
1843 4843 1937 4896 τοῦ

273 4946 484 5006 δέοντος
527 4940 876 5011 παρέχοντες,
924 4937 1015 4991 καὶ
1062 4937 1118 4989 ἐν
1150 4935 1333 4988 ἀνέσει
1372 4933 1611 5002 διηνεκεῖ
1640 4931 1769 4983 αὐτὸ
1803 4927 1939 4983 εἶναι

278 5027 598 5101 βουλόμεθα,
650 5028 745 5080 καὶ
776 5025 880 5078 ὑπὸ
921 5024 1147 5095 μηδενὸς
1172 5022 1306 5083 ὅλως
1340 5017 1671 5101 ἐνοχλεῖσθαι
1697 5018 1938 5087 νοσήμα-

276 5099 365 5179 τος
390 5129 406 5147 ο
437 5099 572 5168 ἀλλά
601 5112 701 5167 κᾶν
731 5112 792 5165 τὸ
818 5110 978 5181 τυχὺψ
1005 5110 1065 5163 τὸ
1101 5106 1351 5177 ἐνοχλοῦν
1379 5099 1438 5178 ᾖ,
1479 5106 1656 5157 πᾶσαν
1683 5102 1939 5173 κινοῦμεν

279 5203 549 5275 μηχανὴν,
594 5201 732 5253 ὥστε
776 5200 835 5252 τὸ
877 5197 1079 5251 λυποῦν
1120 5192 1547 5267 διορθώσασθαι;
1579 5192 1687 5244 Καὶ
1714 5192 1806 5244 ἐπὶ⁸
1842 5190 1941 5261 μὲν

274 5290 369 5345 τοῦ
397 5289 666 5360 σώματος,
710 5286 802 5339 τοῦ
841 5285 1119 5345 ἐλάττονος
1168 5282 1310 5348 λέγω
1353 5279 1454 5349 την
1487 5277 1670 5332 οὐσίαν
1694 5294 1708 5309 '
1752 5278 1807 5330 τί
1832 5277 1938 5349 γάρ

276 5381 389 5434 ἴσον
418 5376 538 5430 είπέ
572 5391 682 5445 μοι,
710 5372 855 5441 ψυχὴ
882 5373 974 5424 καὶ
1000 5371 1192 5440 σῶμα;
1218 5370 1282 5420 Εἰ
1312 5365 1420 5437 γὰρ
1452 5364 1629 5435 βούλει
1647 5376 1672 5405 α
1701 5364 1799 5436 τὴν
1827 5365 1941 5417 δια.

276 5466 447 5539 φοράν
486 5463 635 5524 ἰδεῖν,
658 5461 847 5514 σκόπει
871 5459 986 5521 πῶς
1013 5457 1226 5518 οὐδενὸς
1253 5456 1414 5523 λόγου
1445 5452 1594 5518 ἀξιον
1626 5453 1940 5524 εὑρίσκεται

275 5538 526 5624 τδσῶμα
549 5549 650 5618 τῆς
690 5547 870 5617 ψυχῆς
902 5545 1352 5614 ἀναχωρησάσης.
1420 5542 1478 5595 '0
1517 5540 1696 5593 τοίνυν
1722 5538 1817 5592 τοῦ
1846 5539 1938 5590 σώσ

281 5619 742 5709 ματος-τοσαύτην
776 5627 1031 5700 πρόνοιαν
1063 5626 1399 5696 ποιούμενος,
1435 5624 1577 5687 τίνος
1609 5623 1812 5687 ἕνεκεν,
1846 5619 1938 5672 καὶ

339 5790 367 5819 ⁸
387 5788 534 5839 Savil.
558 5788 651 5836 Kal
673 5787 748 5836 ἐπὶ
771 5787 853 5849 μὲν
890 5782 976 5833 τοῦ
991 5784 1229 5849 ’σώματος
1263 5777 1456 5849 τοιαῦτα
1486 5770 1831 5849 καὶάποιοῦμεν
1861 5771 1940 5849 καὶ

278 5851 598 5911 διανοούμεθα.
626 5850 719 5897 Καὶ
741 5839 780 5896 εί
812 5850 876 5910 β..
905 5844 1066 5894 verbis
1086 5839 1195 5891 τί...
1224 5842 1390 5902 σῶμα;
1420 5839 1697 5900 parcnlhosi
1723 5839 1799 5884 inc.
1824 5845 1938 5881 usus.

1292 245 1355 300 IN
1395 243 1547 300 CAP,
1589 242 1629 297 γ
1670 228 1756 287 ET
1797 230 1881 288 γι.
1918 222 2167 280 GENES.
2206 222 2439 278 llOMIL.
2475 223 2614 279 XXI.

3567 224 3590 277 ι
3600 222 3668 277 8-5

2012 343 2102 399 διὰ
2122 344 2174 398 τί
2190 344 2424 416 τοσαύτῃ
2449 344 2572 415 περὶ
2590 342 2686 412 τὴν
2704 341 2803 413 τῆς
2825 341 2999 412 ψυχῆς
3017 340 3269 412 πρόνοιαν
3288 337 3558 410 ὑπεροψία
3582 354 3671 389 κε-

2009 430 2241 501 χρῆσθαι
2261 431 2465 501 βούλει,
2493 431 2587 483 καὶ
2614 428 2738 481 οὔτε
2771 428 2976 498 τροφὴν
2998 427 3134 496 αὐτῇ
3160 423 3489 492 κατάλληλον
3504 440 3671 494 προσ-

2011 518 2186 585 άγειν,
2220 517 2318 589 τὴν
2345 520 2408 571 ἐκ
2436 519 2544 569 τῶν
2566 516 2727 569 θείων
2759 513 2991 584 Γραφῶν
3012 512 3155 580 λέγω
3184 511 3520 581 παραίνεσιν,
3547 508 3670 561 οὔτε

2008 606 2121 667 τοῖς
2147 602 2456 672 τραύμασιν
2486 600 2677 670 αὐτῆς,
2703 600 2928 661 καὶτοῖς
2961 597 3142 651 ἕλκεσι
3180 600 3290 659 τοῖς
3323 593 3673 665 καθαιροῦσιν

2011 690 2183 760 αὐτῆς
2205 688 2353 760 [191]
2387 688 2483 758 τὴν
2522 688 2693 757 ἰσχὺν,
2725 685 2820 739 καὶ
2851 683 2949 754 τὴν
2973 682 3284 753 παρρησίαν
3309 678 3674 749 ὑποτεμνομέ-

2012 793 2122 841 νοις
2156 776 2223 830 τά
2264 776 2545 844 ἐπιτήδεια
2589 774 2855 843 φάρμακα
2898 768 3220 826 ἐπιτιθέναι,
3255 766 3388 819 ἀλλά
3404 766 3496 819 καὶ
3520 782 3672 835 περι-

2012 864 2145 935 ορᾷν
2192 862 2357 933 ἀνέχῃ
2408 861 2595 930 αὐτὴν,
2631 860 2724 912 καὶ
2764 856 2906 927 λιμῷ
2957 853 3286 924 τηκομένην,
3312 854 3404 905 καὶ
3430 852 3536 904 ὑπὸ
3567 852 3675 903 τῶν

2015 950 2187 1003 ἐλκῶν
2214 946 2690 1017 διαφθειρομένην,
2719 943 2813 996 καὶ
2839 938 3225 1011 προκειμένην,
3257 936 3332 998 ὡς
3360 936 3552 998 εἰπεῖν,
3577 952 3675 986 κα-

2016 1035 2191 1106 θάπερ
2218 1034 2365 1097 κυσὶ,
2397 1036 2507 1095 τοῖς
2538 1031 2791 1100 πονηροῖς
2813 1028 2907 1080 καὶ
2947 1025 3168 1086 ἀτόποις
3206 1022 3505 1090 λογισμοῖς,
3534 1020 3675 1073 ὥστε

2013 1122 2270 1191 διασπᾷν,
2308 1118 2402 1173 καὶ
2429 1116 2521 1169 τὸν
2549 1116 2701 1168 τόνον
2727 1113 2894 1183 αὐτῆς
2919 1113 3130 1165 ᾶπαντα
3157 1107 3471 1176 καθαιρεῖνς
3632 1173 3641 1183 Ι

2086 1188 2264 1259 Διάῦτί
2297 1204 2370 1276 μὴ
2394 1202 2644 1272 καθάπερ
2670 1200 2762 1254 τοῦ
2799 1198 3049 1267 σώματος
3079 1193 3172 1247 τοῦ
3194 1192 3468 1263 ὁρωμένου
3494 1188 3667 1242 ποιού-

2021 1292 2159 1363 μεθα
2187 1291 2284 1363 τὴν
2303 1275 2588 1360 πρόνοιαν,
2628 1286 2718 1339 τὸν
2749 1283 2909 1338 αὐτὸν
2933 1283 2997 1352 δὴ
3035 1280 3234 1351 τρόπον
3263 1278 3355 1330 καὶ
3383 1278 3478 1346 τῆς
3502 1275 3666 1345 ψυχῆς

2016 1361 2116 1448 τῆς
2136 1361 2449 1447 ἀσωμάτου,
2478 1374 2570 1428 καὶ
2603 1372 2677 1443 μὴ
2706 1369 3010 1442 ὁρωμένης,
3039 1365 3198 1421 ὁπότε
3228 1363 3323 1417 καὶ
3342 1366 3376 1431 ὴ
3403 1363 3531 1432 περὶ
3549 1361 3679 1448 ταύγ.

2017 1447 2118 1537 την
2159 1464 2443 1535 ἐπιμέλεια
2494 1462 2555 1514 οὐ
2604 1459 2760 1531 μόνον
2816 1455 3035 1517 εὔκολος
3067 1452 3161 1506 καὶ
3196 1448 3560 1537 κούφη,ᾲάλλά
3580 1447 3680 1537 καὶ

2019 1532 2312 1613 ἀδάπανος,
2344 1548 2437 1603 καὶ
2467 1545 2677 1608 οὐδενὸς
2711 1543 2957 1612 καμάτου
2991 1537 3258 1609 δεομένης
3307 1535 3417 1588 Καὶ
3446 1532 3681 1587 ἐνταῦθα

2024 1637 2121 1708 μὲν
2144 1636 2238 1689 ἐπὶ
2262 1636 2361 1707 τῆς
2386 1634 2478 1688 τοῦ
2502 1632 2750 1703 σώματος
2772 1625 3106 1698 ἐπιμελείας,
3131 1624 3225 1676 καὶ
3248 1621 3353 1673 τῶν
3374 1618 3468 1672 τοῦ
3493 1619 3680 1688 σώμα-

2020 1705 2111 1787 τος
2141 1705 2588 1795 ἀρρωστημάτων
2617 1717 2831 1785 ἀνάγκη
2854 1713 2947 1766 καὶ
2972 1710 3268 1786 χρημάτων
3292 1707 3489 1776 πολλὴν
3508 1705 3682 1759 δαπά-

2022 1828 2119 1883 νην
2150 1809 2419 1879 γενέσθαι,
2445 1808 2539 1863 καλ¹
2565 1806 2633 1860 τὰ
2667 1804 2764 1876 μὲν
2794 1800 2973 1855 αὐτῶν
3012 1801 3125 1860 τοῖς
3166 1798 3367 1867 ἰατροῖς
3406 1809 3682 1883 προσανα-

2021 1877 2248 1961 λίσκειν,
2286 1895 2355 1949 τὰ
2389 1895 2446 1948 δέ
2489 1895 2568 1957 είς
2605 1893 2703 1962 τὴν
2738 1888 2902 1958 ἀλλην
2949 1886 3162 1939 ἃπασαν
3195 1880 3509 1953 θεραπείαν,
3549 1877 3685 1949 πρὸς

2024 1983 2227 2054 τροφὴν
2263 1984 2407 2050 λέγω
2456 1981 2551 2033 καὶ
2584 1978 2718 2048 πρὸς
2773 1974 3063 2044 ἐνδύματα,
3105 1971 3196 2023 καὶ
3224 1967 3377 2021 οῦπω
3398 1965 3571 2054 φημὶ,
3604 1966 3687 2016 ὅτι

2026 2051 2289 2138 καὶίύπέρ
2332 2068 2429 2137 τὴν
2457 2065 2645 2136 χρείαν
2693 2062 2741 2113 οί
2772 2060 2985 2120 πλείους
3014 2056 3185 2109 ταῦτα
3211 2052 3517 2138 δαπανῶσιν
3549 2051 3689 2119 ἀμε-

2026 2155 2153 2224 τρίᾳ
2177 2136 2344 2223 πολλῇ
2373 2136 2700 2220 κεχρημένοι
2726 2163 2741 2177 ο
2796 2144 2890 2197 ἐπὶ
2914 2143 2969 2195 δὲ
3006 2141 3105 2211 τῆς
3137 2140 3310 2209 ψυχῆς
3338 2137 3549 2199 οὐδενὸς
3580 2136 3690 2188 τῶν

2028 2240 2282 2293 τοιούτων
2313 2240 2412 2298 δεῖ,
2445 2237 2560 2291 ἀλλ’
2596 2236 2644 2287 εί
2690 2230 3028 2304 βουληθείης,
3057 2227 3307 2296 καθάπερ
3336 2225 3421 2293 ἐφ’
3455 2225 3688 2292 ἑκάστης

2027 2328 2239 2399 ἡμέρας
2268 2325 2343 2397 τῷ
2365 2324 2577 2395 σώματι
2604 2321 2702 2393 τὴν
2721 2318 2925 2392 τροφὴν
2941 2317 3213 2387 χορηγεῖς,
3230 2314 3324 2366 καὶ
3343 2313 3409 2364 τά
3436 2312 3692 2399 χρή

2028 2396 2456 2476 καταναλίσκων,
2501 2408 2643 2463 οὕτω
2686 2407 2781 2461 καὶ
2805 2404 2901 2475 τὴν
2928 2400 3105 2472 ψυχὴν
3140 2399 3214 2471 μὴ
3259 2399 3518 2469 περιορᾷν
3547 2396 3694 2468 λιμῷ

2029 2500 2410 2573 φθειρομένην,
2441 2497 2534 2551 καὶ
2560 2495 2820 2565 παρέχειν
2850 2491 2984 2560 αὐτῇ
3009 2488 3105 2559 τὴν
3125 2484 3458 2556 κατάλληλον
3487 2485 3692 2556 τροφὴν

2028 2587 2125 2659 τὴν
2162 2572 2227 2640 ἐκ
2243 2586 2341 2656 τῆς
2367 2583 2474 2636 τῶν
2499 2579 2730 2653 Γραφῶν
2765 2574 3141 2645 ἀναγνώσεως,
3173 2572 3266 2659 καὶ
3310 2574 3410 2643 τῆς
3445 2586 3691 2637 πνευμα-

2029 2656 2185 2743 τικῆς
2211 2669 2494 2732 νουθεσίας
2513 2667 2832 2737 παραίνεσιν
2851 2680 2864 2693 ⁸
2904 2663 3025 2715 Οὐκ
3052 2660 3143 2713 ἐπ’
3165 2657 3319 2726 ἄρτῳ
3344 2659 3527 2743 μόνον
3563 2656 3692 2725 γὰρ,

2032 2741 2187 2828 φησδι,
2220 2755 2461 2822 ζήσεται
2493 2754 2821 2820 ἅνθρωπος,
2844 2746 2981 2803 ἀλλ’
3011 2745 3108 2799 ἐπὶ
3142 2743 3317 2797 παντὶ
3355 2742 3574 2811 ῥήματι
3598 2741 3694 2794 ὲκ-

2030 2842 2408 2914 πορευομένῳ
2436 2841 2532 2895 διὰ
2560 2839 2857 2908 στόματος
2892 2834 3040 2888 Θεοῦ
3065 2850 3079 2864 ·
3122 2833 3316 2904 ἄριστα
3342 2831 3469 2902 περὶ
3490 2831 3695 2883 τούτων

2029 2930 2398 3001 διατιθέμενος
2429 2928 2549 2998 έσῃ,
2596 2925 2690 2979 καὶ
2741 2923 2865 2993 περὶ
2906 2920 3000 2974 τοῦ
3036 2920 3162 2991 παρ’
3207 2920 3337 2989 ἡμῖν
3369 2916 3695 2989 οἰκειοτέρου

2031 3018 2411 3093 προσηκόντως
2440 3011 2832 3082 διανοούμενος.
2884 3009 3093 3077 Ὠσπερ
3133 3005 3309 3058 τοίνυν
3332 3003 3408 3075 τῷ
3435 3003 3646 3073 σώματι
3669 3003 3697 3043 δ

2033 3089 2265 3177 διάφορα
2301 3103 2561 3175 παρέχεις
2592 3098 2887 3168 ἐνδύματα,
2918 3094 3012 3147 καὶ
3055 3091 3390 3162 ἐπιτηδεύεις
3433 3089 3568 3163 πρὸς
3600 3089 3697 3160 τὴν

2031 3197 2138 3251 τῶν
2167 3195 2374 3266 καιρῶν
2400 3191 2607 3263 τροπὴν
2642 3188 2736 3243 καὶ
2774 3186 2873 3257 τὴν
2913 3184 3022 3236 τῶν
3059 3183 3374 3253 ἐνδυμάτων
3404 3180 3694 3243 ποικιλίαν,

2033 3283 2174 3338 κατά
2204 3282 2266 3334 τὸ
2294 3279 2424 3333 αύτὸ
2459 3277 2593 3348 μηδὲ
2615 3275 2714 3344 τὴν
2737 3273 2913 3343 ψυχὴν
2944 3270 3173 3340 περιόρα
3204 3268 3416 3338 γυμνὴν
3452 3268 3697 3338 περιιοῦ-

2035 3382 2133 3418 σαν
2167 3363 2275 3415 τῶν
2293 3359 2513 3428 ἀγαθῶν
2536 3356 2807 3425 πράξεων,
2836 3352 2970 3406 ἀλλά
2993 3353 3086 3404 καὶ
3108 3350 3275 3419 αὐτὴν
3301 3366 3366 3401 πε
3374 3348 3592 3418 ρί6αλλε
3620 3351 3698 3401 ἐν·

2032 3446 2233 3515 δύμασι
2274 3445 2385 3503 τοῖς
2426 3441 2560 3508 αὐτῇ
2594 3437 2904 3515 πρέπουσιέ
2940 3433 3149 3502 ταχέως
3188 3431 3355 3501 αὐτὴν
3395 3430 3695 3501 ἀνακτήσῃ,

2033 3512 2128 3579 καὶ
2155 3524 2289 3594 πρὸς
2317 3522 2413 3586 τὴν
2441 3518 2581 3571 κατά
2608 3517 2768 3586 φύσιν
2814 3514 3019 3582 ὑγίειαν
3045 3513 3419 3594 ἐπαναγάγῃς.
3473 3512 3606 3594 Ποῖα
3641 3512 3697 3565 δὲ

2033 3606 2099 3661 ἂν
2129 3605 2213 3675 εῐη
2241 3602 2442 3671 ταύτης
2470 3598 2739 3668 ἐνδύματα
2764 3614 2779 3661 ;
2829 3593 3194 3665 Ἑλεημοσύνη
3223 3593 3316 3646 καὶ
3425 3593 3550 3675 περὶ
3575 3594 3699 3658 τοὺς

2034 3688 2272 3756 πένητας
2313 3682 2589 3751 δαψίλεια·
2629 3678 2787 3731 τοῦτο
2816 3677 2877 3729 τὸ
2915 3676 3169 3746 μέγιστον
3216 3675 3315 3744 τῆς
3341 3674 3518 3745 ψυχῆς
3547 3690 3700 3743 περι-

2035 3768 2266 3830 ϐόλαιον,
2299 3763 2454 3818 τοῦτο
2488 3762 2547 3816 τὸ
2585 3760 2805 3831 φαιδρὸν
2850 3758 3019 3829 αὐτῆς
3060 3757 3292 3828 ἱμάτιον.
3344 3757 3405 3810 Εἰ
3432 3758 3487 3810 δὲ
3521 3756 3700 3827 βούλει

2038 3852 2112 3923 μὴ
2142 3850 2299 3921 μόνον
2347 3846 2615 3917 ἐνδύματα
2658 3842 2938 3914 παρέχειν,
2987 3841 3101 3895 ἀλλ’
3130 3841 3330 3910 ὁμοίως
3375 3839 3453 3909 τῷ
3485 3839 3699 3911 σώματι

2034 3931 2430 3996 καλλωπίζειν,
2481 3926 2760 4000 προστίθει
2801 3927 2895 3979 καὶ
2945 3924 3041 3996 τὴν
3090 3923 3178 3977 διὰ
3214 3923 3321 3976 τῶν
3359 3923 3532 3993 εὐχῶν
3572 3923 3697 3993 βοή-

2037 4018 2222 4083 θειαν,
2267 4016 2361 4069 καὶ
2408 4013 2506 4083 τὴν
2554 4012 2663 4065 τῶν
2704 4009 3113 4081 ἁμαρτημάτων
3153 4006 3557 4077 ἐξομολόγησιν,
3607 4009 3702 4061 καὶ

2036 4104 2102 4173 τῇ
2150 4098 2399 4168 συνεχείᾳ
2428 4096 2536 4150 τῶν
2576 4094 2824 4165 δακρύων
2862 4092 3197 4162 ἀποσμήχων
3228 4090 3402 4173 ,αὐτῆς
3432 4090 3491 4142 τὸ
3515 4090 3698 4173 7:960-

2037 4171 2184 4239 ωπον
2238 4182 2312 4252 μὴ
2362 4179 2635 4251 διαλίπῃς.
2694 4176 2963 4246 Καθάπερ
3005 4174 3113 4244 γὰρ
3167 4171 3314 4243 πάσῃ
3369 4172 3569 4241 σπουδῇ
3605 4172 3701 4242 τὴν

2036 4267 2156 4337 ὄψιν
2205 4265 2299 4318 τοῦ
2357 4263 2607 4334 σώματος
2668 4259 2791 4313 καθ’
2846 4259 3081 4329 ἑκάστην
3133 4254 3345 4326 ἡμέραν
3395 4254 3700 4337 ἐκπλύνεις,

2037 4336 2176 4402 ὥστε
2227 4344 2478 4417 μηδαμοῦ
2530 4344 2700 4415 ῥύπον
2725 4340 2850 4394 τινὰ
2896 4339 3241 4410 ἐπικείμενον
3286 4339 3351 4408 τῇ
3406 4336 3525 4406 δψει
3580 4336 3702 4389 δυση

2037 4431 2152 4500 ειδῆ
2202 4428 2372 4500 αὐτὴν
2424 4426 2727 4480 δεικνύναι·
2783 4420 3050 4484 ὡσαύτως
3096 4421 3190 4474 καὶ
3237 4420 3328 4473 ἐπὶ
3384 4421 3483 4490 τῆς
3527 4418 3703 4489 ψυχῆς

2037 4515 2213 4568 ποιεῖν
2266 4508 2567 4574 σπούδαζε,
2627 4508 2719 4561 καὶ
2769 4506 2892 4558 καθ’
2930 4504 3165 4572 ἑκάστην
3210 4500 3378 4572 αὐτὴν
3424 4502 3701 4554 ἀπόπλυνε

2039 4594 2215 4668 θερμὰ
2246 4593 2453 4664 δάκρυα
2487 4590 2788 4662 προσχέων.
2844 4586 3029 4657 Τούτῳ
3064 4586 3171 4668 γὰρ
3207 4585 3285 4657 τῷ
3331 4584 3482 4668 ὕδατι
3518 4583 3699 4668 ἐκείνῃ

2038 4663 2327 4746 τὸνήρύπον
2357 4663 2723 4740 ἀποτιθεμένη
2757 4668 3086 4739 φαιδροτέρα
3112 4667 3342 4734 γίνεται.
3377 4666 3486 4716 Καὶ
3510 4663 3699 4746 ἐπειδὴ

2039 4763 2095 4814 αἱ
2127 4744 2340 4820 πλείους
2362 4755 2469 4808 τῶν
2499 4753 2770 4821 γυναικῶν
2796 4750 2883 4802 διά
2927 4747 3127 4818 πολλὴν
3157 4747 3410 4812 βλακείαν
3439 4744 3535 4797 τοῦ
3566 4760 3699 4812 παρ·

2039 4839 2206 4909 αγγέλ
2214 4854 2380 4909 ματος
2396 4835 2487 4888 τοῦ
2510 4830 2863 4887 ἀποστολικοῦ
2889 4830 2989 4882 ύπε
2999 4827 3227 4899 ρφρονοῦ
3237 4845 3325 4880 σαι
3353 4825 3447 4879 τοῦ
3464 4824 3702 4879 κελεύον-

2188 4905 2283 4988 Mf;
2314 4920 2383 4972 ἐν
2422 4918 2781 4984 πλέγμασιν,
2811 4912 2849 4979 ἣ
2888 4910 3114 4980 χρυσῷ,
3148 4909 3184 4977 ἢ
3214 4908 3619 4979 μαργαρίταις,
3658 4905 3699 4975 ἤ

2040 5000 2330 5075 ἱματισμῷ
2358 4994 2679 5052 πολυτελεῖ
2708 4994 2905 5057 ἑαυτὰς
2928 4994 3172 5063 κοσμεῖν,
3212 4991 3348 5075 μετά
3376 4988 3573 5075 πολλῆς
3601 4988 3700 5075 τῇς

2038 5068 2317 5156 δαψιλείας
2344 5081 2498 5136 τοῦτο
2528 5077 2868 5150 ἐργάζονται,
2898 5075 2959 5128 ού
2984 5076 3239 5143 γυναῖκες
3262 5071 3318 5126 δὲ
3343 5070 3536 5156 μόνον,
3566 5068 3702 5156 ἀλλά

2039 5151 2135 5224 καῖ
2165 5165 2370 5237 ἀνδρῶν
2398 5166 2511 5219 ὅσοι
2535 5160 2849 5233 βλακώδεις,
2886 5159 2979 5212 καὶ
3005 5158 3138 5229 πρὸς
3171 5156 3268 5228 τὴν
3298 5153 3406 5208 τῶν
3424 5151 3701 5237 γυκαικῶν

2042 5233 2486 5327 [192]εύτέλειαν
2504 5245 2729 5308 ἑαυτοὺς
2757 5243 3053 5327 κατάγουσι
3084 5236 3402 5327 δακτυλίους
3432 5233 3704 5327 περιτιθέ⁴

2043 5316 2214 5407 μενοῖ,
2239 5334 2332 5387 καὶ
2360 5330 2436 5401 τῷ
2467 5327 2684 5400 μεγέθει
2718 5325 2813 5407 καί
2828 5323 2905 5395 τῷ
2930 5323 3076 5407 ὄγκῳ
3104 5317 3406 5407 τῶν-λίθων
3434 5316 3707 5407 aea-11017::-

2042 5399 2278 5490 ξόμενοι,
2307 5418 2392 5485 ἐφ’
2410 5399 2509 5477 οἷς
2538 5406 2887 5480 αἰσχύνεσθαι
2915 5404 3008 5490 καὶ
3036 5399 3665 5490 ἐπικαλύπτεσθαι-ἐχρῆν
3685 5414 3699 5429 ο

2042 5482 2134 5555 καλ.
2162 5493 2308 5554 οῦτοι
2350 5482 2531 5550 τοίνυν
2557 5495 2807 5547 κάκεῖναι
2840 5490 2887 5542 εί
2925 5486 3032 5539 τῶν
3072 5484 3352 5555 ἡμετέρων
3393 5482 3707 5553 ἀνάσχοιντο

2044 5584 2240 5650 λόγων,
2275 5581 2345 5634 τά
2373 5578 2571 5650 χρυσία
2595 5574 2768 5627 ταῦτα
2792 5571 2859 5625 τὰ
2885 5569 3082 5639 πολλὴν
3107 5569 3199 5621 καὶ
3230 5570 3340 5650 τοῖς
3361 5565 3584 5650 ἀνδράσι
3611 5565 3707 5650 καὶ

2044 5646 2162 5727 ταῖς
2203 5646 2420 5733 γυναιξῖ
2459 5659 2556 5729 τὴν
2597 5654 2775 5725 λύμην
2809 5652 3112 5723 παρέχοντα
3153 5650 3231 5712 εἰς
3265 5647 3356 5700 τὸν
3393 5649 3490 5717 τῆς
3531 5646 3707 5716 ψυχῆς

2107 5765 2136 5805 ι)
2170 5765 2319 5814 Savil.
2340 5769 2392 5811 el
2409 5759 2604 5824 quidam
2625 5770 2739 5807 mss.
2762 5753 3099 5815 διανοούμενος.
3129 5750 3222 5800 Καὶ
3246 5749 3285 5797 εἰ
3307 5746 3449 5797 τοῦτο
3470 5745 3700 5809 ποιήσεις,

2047 5830 2128 5877 καὶ
2153 5828 2315 5888 ὥσπερ
2333 5825 2403 5887 τῷ
2426 5823 2630 5882 σώματι.
