4122 6204
343 297 439 350 13ῒὶ

338 413 566 467 t‘cdduttt
597 428 608 464 :
641 410 712 464 ita
741 407 784 462 si
810 406 1003 461 anima:
1037 402 1523 472 circumponantur,
1570 399 1780 456 etiamsi
1821 399 1916 456 de-

337 503 496 559 formi
515 513 777 556 summam
793 493 1236 567 pulchritudinem
1251 491 1520 546 afferrent.
1546 491 1613 546 Et
1632 489 1917 560 quomoda,

339 595 510 657 dices,
537 597 756 660 possunt
775 587 968 642 anima:
995 583 1322 653 circumponi
1341 582 1542 636 aurea?
1562 580 1754 635 Iterum
1783 581 1919 641 dico,

343 697 440 753 per
460 694 651 736 manus
671 692 977 749 pauperum.
1003 675 1078 730 llli
1105 674 1246 730 enim
1267 671 1606 741 accipientes,
1638 669 1924 724 formosam

345 775 490 829 illam
518 770 763 827 reddunt.
792 769 902 823 Illis
923 781 1139 820 auream
1169 762 1446 833 pecuniam
1471 759 1640 824 trade,
1677 769 1731 814 et
1761 760 1810 812 in
1858 759 1924 810 il-

348 866 520 917 lorum
543 869 758 915 ventres
777 858 1086 926 dispensato
1102 895 1117 920 ,
1145 862 1450 922 tantamque
1486 852 1556 906 ibi
1578 849 1810 904 vicissim
1832 849 1930 902 da-

350 956 481 1009 bunt
507 951 972 1022 pulchritudinem,
995 958 1056 1003 ut
1076 946 1245 1001 forma
1271 955 1356 998 tua
1385 959 1567 998 verum
1593 943 1736 997 illum
1766 957 1926 1010 spon-

349 1059 467 1098 sum
495 1043 709 1105 alliciat,
735 1043 1114 1108 innumeraque
1139 1037 1276 1090 dona
1303 1035 1564 1090 conciliet.
1589 1033 1720 1088 Cum
1748 1041 1927 1086 autem

353 1131 740 1203 pulchritudine
783 1130 1065 1184 Dontinum
1119 1127 1404 1188 allexcris,
1453 1122 1929 1192 suppeditabantur

354 1224 447 1279 tibi
491 1223 629 1277 bona
658 1220 856 1283 omnia,
903 1228 957 1274 et
987 1217 1263 1272 immensis
1304 1215 1493 1284 opibus
1521 1211 1833 1266 abundahis.
1870 1209 1927 1264 Si

353 1329 479 1384 ergo
502 1312 758 1367 amabiles
786 1309 899 1365 fieri
928 1309 1154 1362 Domino
1178 1306 1441 1369 volumus,
1470 1304 1578 1372 jam
1623 1316 1724 1354 non
1767 1316 1925 1355 orna-

356 1413 465 1457 tum
491 1400 729 1470 corporis
758 1399 889 1454 tanti
917 1399 1186 1458 faciamus,
1217 1395 1310 1448 sed
1333 1395 1519 1447 anima:
1546 1391 1928 1445 formositatem

355 1493 591 1564 quotidie
618 1506 806 1560 magna
836 1488 1107 1556 diligentia
1138 1499 1406 1549 curemus,
1441 1493 1494 1536 ut
1515 1490 1567 1536 et
1592 1481 1811 1551 gratiam
1834 1481 1930 1535 bc.-

346 1585 501 1653 tnigni
533 1582 625 1636 Dei
657 1580 812 1635 nobis
834 1578 1198 1639 conciliemus,
1229 1586 1280 1629 et
1308 1573 1586 1628 ittell'abilia
1629 1573 1762 1626 bona
1800 1586 1930 1624 con-

357 1687 663 1742 sequantur,
693 1670 858 1740 gratia
892 1676 946 1722 ct
990 1667 1313 1735 benignitate
1353 1663 1557 1717 Domini
1599 1661 1764 1715 nostri
1806 1660 1932 1715 Jesu

357 1766 574 1828 Christi,
601 1778 720 1816 cum
759 1776 864 1830 quo
903 1758 1064 1822 Patri,
1092 1756 1249 1812 simul
1285 1768 1342 1811 et
1381 1754 1596 1823 Spiritui
1641 1760 1825 1805 sancto
1867 1750 1935 1804 sit

359 1855 548 1923 g'oria,
587 1850 890 1920 imperium,
918 1849 1109 1914 honor,
1150 1862 1289 1903 nunc
1319 1854 1374 1902 et
1400 1857 1632 1912 semper,
1662 1850 1716 1896 et
1744 1842 1794 1896 iii
1835 1856 1935 1894 sa:-

359 1945 478 1999 cula
507 1945 840 1999 smculorum.
873 1943 1061 1995 Amen.

906 2072 1179 2127 ιιοιιιιιΑ
1221 2070 1386 2126 XXII.

368 2186 437 2240 Et
467 2197 572 2240 erat
604 2184 715 2238 Noe
742 2201 988 2237 annorum
1007 2185 1404 2252 quingentorum,
1435 2191 1479 2234 ct
1506 2179 1675 2251 grnuit
1700 2177 1812 2231 Noe
1838 2187 1936 2230 tres

441 2278 593 2345 ﬁlios,
623 2277 763 2340 Seni,
798 2275 974 2338 Citam,
1003 2287 1048 2327 et
1072 2273 1314 2340 anhctlt.
1344 2273 1406 2325 Et
1434 2276 1623 2341 factum
1647 2278 1716 2322 est
1736 2266 1936 2337 quando

440 2375 691 2435 (α’μιτιιηι
721 2365 943 2418 homines
973 2363 1297 2432 multiplicari
1340 2377 1490 2428 super
1517 2369 1718 2421 terram,
1748 2367 1792 2412 et
1818 2358 1940 2427 ﬁlia!

441 2469 572 2510 nata:
595 2466 710 2509 sunt
734 2455 805 2508 cis
832 2454 980 2523 (Gen.
1009 2456 1062 2510 5.
1093 2455 1182 2507 3|.
1213 2464 1256 2507 et
1283 2455 1334 2506 6.
1371 2453 1445 2521 1).

443 2569 491 2621 1.
533 2567 866 2620 Attmtionetn
893 2566 1178 2619 auditormn
1201 2572 1388 2632 captat.
1423 2562 1550 2628 Qua;
1566 2561 1630 2616 sit
1655 2571 1833 2614 natura
1855 2562 1942 2612 de—

368 2660 457 2712 biti
481 2657 780 2727 spiritualis.
799 2687 864 2696 —
880 2656 1148 2725 Reliquias
1174 2655 1430 2708 lies-lenne
1453 2667 1650 2707 mens-.e
1674 2650 1821 2705 Vobis
1845 2649 1942 2704 ho-

369 2753 456 2806 die
485 2766 779 2820 prOponere
807 2749 923 2802 volo
951 2772 964 2804 :
996 2749 1090 2804 scd
1115 2764 1180 2802 ne
1205 2763 1340 2816 argrc
1367 2747 1528 2807 feras.
1560 2746 1770 2806 dilecte.
1800 2743 1942 2814 quod

372 2845 625 2914 reliquias
653 2841 791 2896 dico.
824 2841 953 2896 Nam
985 2843 1035 2896 in
1065 2840 1401 2896 sensibilibus
1428 2839 1638 2910 quidem
1679 2837 1944 2892 alimentis

373 2947 485 3006 post
524 2953 683 2991 unum
716 2945 767 2990 et
796 2936 1018 2990 alterum
1050 2933 1188 2989 diem
1221 2931 1452 2987 marcida
1497 2931 1628 2985 fiunt
1655 2929 1852 2994 edulia,
1893 2935 1944 2982 et

367 3029 437 3082 ad
469 3025 786 3082 vescendum
815 3025 1015 3080 inutilia
1047 3041 1060 3078 :
1092 3024 1141 3077 iit
1169 3016 1428 3092 spirituali
1451 3034 1578 3075 vero
1606 3035 1786 3073 mensa
1815 3017 1944 3072 nihil

371 3120 474 3174 tale
505 3119 673 3174 vereri
705 3125 931 3188 oportet.
968 3117 1081 3184 Ipsa
1107 3116 1272 3178 enim,
1303 3125 1502 3185 quan'o
1541 3112 1656 3181 plus
1692 3113 1946 3179 temporis

374 3210 648 3278 prmteriit,
683 3217 828 3263 tanto
860 3207 1112 3276 majorem
1137 3207 1360 3275 gratiattt
1393 3203 1571 3268 habet,
1601 3212 1654 3257 et
1682 3202 1948 3256 recentior

367 3312 528 3370 atque
557 3304 789 3370 vegetior
827 3298 1114 3353 invenitur.
1157 3298 1267 3366 Age
1315 3295 1470 3364 igitur
1517 3293 1946 3362 promissionem,

371 3406 528 3459 quam
553 3389 663 3445 heri
691 3390 980 3452 emisimus,
1011 3387 1343 3457 impleamus,
1364 3394 1414 3439 et
1437 3384 1671 3440 debitum
1692 3383 1950 3437 doctrina:

374 3491 525 3550 grato
569 3479 917 3533 exhibeamus
961 3482 1158 3531 animo.
1209 3477 1322 3531 Non
1367 3476 1506 3530 enim
1549 3475 1650 3528 hoc
1700 3475 1825 3528 utile
1869 3482 1953 3529 est

286 3635 292 3640 _
377 3568 756 3636 accipientibus
803 3568 1097 3628 dumtaxat,
1156 3575 1213 3619 ut
1253 3568 1304 3618 in
1349 3565 1467 3618 aliis
1510 3563 1722 3624 debitis,
1764 3563 1857 3618 sed
1898 3573 1953 3618 et

380 3659 506 3711 mihi
549 3657 922 3711 dinunteranti.
965 3656 1032 3710 Et
1056 3655 1180 3724 quid
1225 3655 1345 3708 dico
1389 3652 1517 3708 mihi
1557 3652 1954 3708 dinumeranti?

381 3751 526 3804 Talis
571 3758 652 3802 cst
690 3747 976 3817 spiritualis
1024 3745 1187 3801 debiti
1234 3756 1442 3808 natura,
1489 3753 1544 3798 ut
1587 3752 1785 3812 quanto
1836 3758 1950 3798 ma-

381 3845 460 3911 gis
513 3839 768 3902 solvitur,
822 3850 966 3892 tanto
1013 3835 1180 3905 magis
1243 3845 1525 3904 augeatur,
1588 3841 1643 3889 et
1707 3833 1950 3888 substan-

384 3935 509 3985 tiam
558 3930 724 3998 magis
779 3930 1118 3998 multiplicel,
1171 3937 1329 3998 atque
1395 3927 1687 3982 incﬂahiles
1743 3925 1956 3982 divitias

383 4021 567 4074 all‘erat
589 4031 692 4072 tam
724 4019 891 4083 danti,
917 4033 1072 4088 quam
1113 4017 1510 4086 accipientibus.
1544 4016 1732 4071 Vidisti
1764 4032 1957 4072 novam

381 4110 543 4166 tlehiti
564 4119 824 4174 naturam,
848 4120 902 4164 et
929 4125 1099 4163 raram
1129 4108 1412 4164 solutionis
1431 4109 1708 4180 speciem?
1737 4109 1791 4163 lit
1818 4109 1959 4165 hunc

379 4199 521 4252 enim
547 4197 758 4252 ntodum
799 4212 858 4251 se
888 4197 1082 4252 habent
1121 4197 1415 4267 spiritualia
1441 4238 1457 4262 ,
1491 4207 1547 4250 tit
1586 4197 1958 4253 distributione

380 4289 547 4358 magis
573 4297 835 4348 crescant.
861 4298 914 4343 et
942 4303 1062 4342 cum
1085 4289 1236 4344 multi
1267 4298 1391 4342 sunt
1416 4288 1719 4356 participes,
1745 4287 1960 4342 uberior

380 4381 450 4433 sit
478 4378 830 4443 abundantia;
855 4387 910 4433 et
936 4378 1027 4448 qui
1055 4378 1372 4443 numeravit,
1408 4393 1512 4432 non
1541 4378 1733 4431 sentiat
1774 4392 1833 4432 se
1857 4378 1956 4432 ali-

384 4471 506 4541 quid
526 4485 857 4535 numerasse,
884 4469 1312 4540 quandoquidem
1343 4468 1459 4538 ejus
1488 4483 1620 4538 opes
1666 4479 1911 4525 crescunt
1939 4486 1956 4535 ;

383 4573 434 4616 et
487 4563 550 4617 iis
595 4563 684 4632 qui
729 4571 1053 4631 acceperunt
1092 4560 1261 4630 major
1278 4561 1438 4616 etiam
1476 4561 1624 4629 copia
1670 4570 1956 4615 accrescat.

382 4655 515 4720 Quia
549 4654 705 4723 igitur
733 4654 852 4708 talis
881 4662 962 4708 est
983 4651 1335 4722 spiritualium
1368 4651 1586 4705 istorum
1607 4660 1814 4713 natura,
1843 4666 1956 4704 ma-

381 4759 483 4813 gna
511 4744 782 4800 alacritate
809 4744 970 4799 etiam
1021 4757 1117 4797 nos
1155 4743 1221 4798 ad
1264 4743 1580 4798 solutionem
1625 4741 1957 4808 festinemus,

386 4843 440 4890 et
469 4848 562 4887 vos
583 4834 648 4888 ad
675 4833 1068 4905 suscipiendum
1097 4849 1254 4889 aures
1277 4835 1714 4900 accommodetis,
1750 4843 1803 4887 ut
1846 4851 1962 4886 om-

387 4940 484 4980 nes
510 4940 628 4980 eum
651 4927 768 4981 latis
785 4927 948 4982 animi
969 4925 1173 4981 sinibus
1196 4925 1530 4996 sumpseritis
1572 4942 1688 4992 qua:
1734 4941 1762 4979 a
1809 4925 1962 4980 nobis

386 5018 652 5082 dicuntur,
703 5019 771 5072 ita
810 5019 1024 5073 domum
1075 5017 1501 5088 proficiscamini.
1547 5017 1740 5072 lteruttt
1781 5027 1960 5073 autent

384 5124 756 5179 argumentum
786 5109 854 5164 de
892 5110 1038 5180 justo
1077 5109 1187 5164 Noe
1213 5109 1265 5166 in
1296 5108 1530 5162 medium
1581 5106 1772 5163 allerrc
1816 5109 1960 5174 volo,

388 5212 443 5252 ut
461 5201 587 5268 justi
617 5216 861 5271 magnam
889 5203 1159 5266 virtutem,
1185 5209 1240 5256 et
1269 5199 1588 5254 ineﬂ'ahilem
1632 5198 1723 5253 Dei
1751 5201 1963 5254 miscri-

386 5293 651 5356 cordiam,
682 5307 744 5344 ac
766 5293 1101 5348 tolerantiam
1131 5309 1248 5360 qua:
1298 5307 1509 5346 omnem
1555 5291 1719 5345 animi
1751 5301 1961 5359 captum

390 5384 750 5449 transcendit,
805 5385 1041 5442 discatis.
1087 5385 1353 5441 Didicistis
1397 5384 1530 5448 lteri,
1575 5384 1842 5454 quomodo
1897 5385 1965 5440 ab

389 5484 510 5528 ortu
548 5489 646 5530 suo
667 5475 843 5544 justus
873 5477 979 5543 ille,
1007 5485 1227 5546 accepto
1261 5491 1291 5531 a
1319 5486 1469 5546 patre
1498 5476 1711 5533 nomine
1732 5515 1747 5540 ,
1788 5473 1966 5529 obam-

390 5566 620 5632 bulabat,
653 5569 902 5624 omnibus
922 5570 1010 5640 qui
1034 5578 1158 5625 tunc
1185 5577 1339 5625 erant
1361 5567 1549 5626 doctor
1571 5567 1928 5624 calamitatum
1946 5606 1962 5630 ,

387 5658 540 5728 quasi
592 5659 827 5715 clamans
853 5669 907 5715 et
953 5675 1045 5731 per
1090 5660 1260 5730 ipsum
1290 5674 1487 5718 nomen
1531 5674 1684 5718 suum
1723 5655 1906 5716 dicens
1946 5675 1958 5711 :

1255 287 1319 343 IN
1343 285 1498 342 CAP.
1545 284 1605 338 γ.
1641 284 1727 340 ΕΤ
1766 285 1848 338 Vl.
1891 285 2133 342 GENES.
2177 283 2402 340 IIOiIlL.
2447 281 2606 337 XXII.

3501 291 3600 346 186

2030 396 2279 452 Desistite
2302 411 2331 451 a
2353 396 2515 461 ntalo,
2541 393 2836 465 operemini
2863 394 3133 461 virtutem,
3163 396 3348 451 timete
3386 411 3601 466 postiam

2030 487 2420 558 impendentem
2453 499 2774 540 :commune
2803 484 3056 539 diluvium
3088 485 3139 539 in
3169 496 3278 540 toto
3316 487 3447 541 orbe
3476 487 3598 542 erit.

2030 577 2216 645 Ingens
2247 576 2343 632 Dei
2370 575 2662 644 indignatio
2689 574 2869 638 instat,
2904 575 3024 644 quia
3047 586 3098 630 et
3123 588 3310 646 magna
3352 577 3603 646 nequitia!

2028 667 2307 721 colluvies.
2339 665 2407 720 Ει
2430 665 2529 719 hoc
2551 679 2655 718 non
2685 678 2778 733 per
2800 663 2934 718 duos
2963 664 3046 718 vel
3073 672 3181 719 tres
3204 675 3404 720 tantum
3433 681 3600 722 annos

2033 755 2278 820 faciebat,
2315 755 2408 809 sed
2435 755 2754 824 quingentos
2779 769 2948 808 annos
2972 755 3100 807 vixit
3131 755 3244 809 ltzce
3285 756 3599 812 admonens.

2038 844 2250 899 Vidistis
2272 845 2605 899 tolerantiam
2640 844 2886 897 Domini?
2923 843 3128 898 vidistis
3153 844 3404 899 bonitatis
3422 848 3598 901 escel.

2032 935 2285 988 h-ntiam?
2314 935 2522 987 vidistis
2549 934 2863 988 ineffabilem
2894 934 3242 1002 patientiam?
3271 935 3604 988 vidistisma-

2031 1023 2155 1076 liti-.e
2174 1024 2534 1079 incrementa?
2556 1023 2761 1078 vidistis
2777 1024 3128 1092 improbitatis
3153 1024 3607 1092 magnitudinem?

2033 1113 2314 1183 [lucusque
2343 1115 2505 1179 enim,
2535 1124 2589 1169 ut
2617 1116 2785 1181 scitis,
2833 1115 2948 1170 heri
2987 1130 3164 1170 sermo
3189 1125 3372 1170 noster
3398 1131 3611 1185 proceso

2033 1205 2101 1257 sit
2133 1221 2146 1257 :
2170 1219 2345 1273 operte
2371 1205 2598 1272 pretium
2625 1215 2705 1259 est
2731 1205 2886 1274 igitur
2907 1213 2964 1258 ut
2989 1205 3146 1259 hodie
3167 1204 3452 1271 discamus,
3474 1221 3610 1275 qun-

2035 1295 2194 1348 modo
2221 1296 2525 1350 misericors
2549 1296 2686 1350 Deus
2725 1311 2822 1364 pro
2849 1310 2940 1349 sua
2973 1296 3207 1350 bonitate
3239 1312 3408 1365 neque
3453 1299 3611 1366 quin-

2034 1385 2206 1453 gentis
2231 1386 2382 1439 annis
2412 1386 2475 1438 ad
2497 1386 2827 1440 tolerantiam
2850 1394 3135 1440 contentus
3157 1385 3271 1450 fuit,
3300 1387 3393 1442 sed
3412 1387 3614 1441 addidit

2036 1491 2209 1530 attnns
2233 1478 2366 1531 alios
2393 1477 2457 1531 ad
2489 1477 2794 1546 superiores
2821 1478 2872 1530 in
2915 1477 3137 1546 gratiam
3165 1493 3349 1532 eorum
3379 1478 3468 1548 qui
3495 1487 3613 1531 tan-

2039 1577 2147 1622 tum
2181 1577 2546 1636 peccaverant.
2589 1567 2658 1620 Et
2683 1578 2789 1622 erat
2830 1567 2965 1633 Noe,
3019 1568 3206 1637 inquit,
3234 1569 3615 1638 quingentorum

2037 1676 2304 1713 annorum.
2358 1659 2439 1714 Ad
2493 1659 2772 1714 utilitatem
2828 1668 3062 1713 nostram
3110 1657 3288 1712 divina
3339 1657 3614 1728 Scriptura

2040 1765 2320 1804 numerum
2371 1764 2632 1803 annorum
2697 1748 2829 1818 justi
2880 1748 3206 1817 assignavit,
3246 1757 3304 1802 ut
3349 1748 3618 1802 discamus

2039 1852 2240 1910 quanto
2269 1851 2506 1910 tempore
2534 1841 2747 1905 vixerit,
2776 1840 3072 1894 admonens
3103 1840 3242 1904 illos,
3271 1849 3324 1894 et
3349 1839 3618 1909 quomodo

2041 1933 2113 1986 illi
2145 1932 2359 2000 quidem
2389 1931 2604 1985 malitia:
2623 1931 2757 1984 viam
2775 1931 2983 1997 sectati,
3008 1931 3059 1984 in
3087 1945 3146 1984 ea
3169 1931 3467 1999 consumpti
3489 1930 3614 1993 sint;

2037 2023 2212 2091 justus
2242 2032 2416 2076 autem
2445 2036 2598 2076 secus
2627 2037 2784 2090 quam
2821 2021 2915 2075 alii
2939 2021 3217 2076 ambulans
3248 2029 3393 2074 tanta
3424 2024 3620 2074 virtute

2042 2113 2403 2183 przecelluerit
2434 2129 2448 2166 :
2480 2120 2612 2167 utet
2648 2113 2748 2166 sibi
2780 2112 2870 2166 Dei
2901 2111 3323 2166 benevolentiam
3363 2110 3624 2164 concilia-

2043 2215 2143 2269 ret,
2172 2215 2223 2259 et
2261 2220 2380 2259 cum
2403 2218 2590 2260 omnes
2623 2203 2712 2256 alii
2759 2205 2931 2272 pmnis
2972 2201 3188 2256 obnoxii
3245 2202 3453 2266 flerent,
3506 2200 3620 2270 ipse

2043 2299 2186 2353 slus
2210 2314 2327 2352 cum
2353 2305 2456 2350 tota
2491 2295 2687 2349 familia
2734 2295 3006 2364 effugeret.
3055 2294 3188 2346 Iliue
3214 2291 3489 2354 discimus,
3525 2307 3620 2344 no-

2044 2389 2146 2448 his,
2198 2389 2240 2441 si
2282 2387 2444 2442 sobrii
2497 2386 2748 2440 fuerimus
2777 2395 2965 2440 etnon
3010 2383 3243 2448 desides,
3298 2397 3404 2436 non
3449 2381 3619 2435 solum

2045 2480 2176 2533 nihil
2204 2493 2397 2531 nocere
2429 2478 2471 2531 si
2501 2479 2638 2530 inter
2667 2476 2872 2530 medios
2895 2475 3066 2528 malos
3095 2488 3406 2535 versemur;
3449 2471 3542 2525 sed
3570 2471 3620 2524 id

2047 2585 2144 2624 nos
2173 2569 2396 2624 reddere
2428 2567 2638 2622 virtutis
2664 2567 3030 2622 studiosiores.
3060 2565 3191 2619 Nam
3217 2563 3336 2617 idco
3363 2563 3625 2632 benignus

2049 2664 2192 2717 Deus
2221 2663 2298 2716 sic
2323 2661 2670 2729 dispensavit,
2703 2669 2756 2713 ιιι
2806 2659 2961 2712 simul
2998 2667 3178 2712 essent
3225 2655 3347 2709 boni
3378 2664 3431 2708 et
3477 2654 3622 2718 mali,

2046 2769 2154 2823 quo
2208 2754 2468 2807 malorum
2520 2753 2962 2806 subenervaretur
3008 2749 3228 2811 malitia,
3262 2749 3628 2816 bonorumque

2047 2847 2217 2900 virtus
2246 2845 2440 2898 clarius
2471 2844 2798 2897 clucesceret
2826 2859 2839 2895 :
2870 2851 2924 2896 et
2947 2840 3157 2894 desides
3184 2854 3214 2893 a
3243 2838 3622 2892 studiosiorum

2049 2935 2428 2992 consuetudine
2449 2935 2670 3004 plurima
2699 2932 2976 2988 commoda
3022 2931 3412 2991 Iucrifacercnt,
3471 2929 3632 2984 modo

2049 3028 2266 3084 vellent.
2300 3027 2394 3080 llic
2420 3025 2624 3094 cogites
2649 3024 2830 3088 velim,
2862 3031 3073 3092 quanta:
3111 3023 3320 3074 virtutis
3352 3020 3510 3074 fttcrit
3541 3020 3634 3073 ille

2047 3119 2241 3186 justus,
2298 3115 2566 3184 quomodo
2617 3114 2669 3168 in
2707 3123 2850 3168 tanta
2896 3113 3251 3176 multitudine,
3284 3127 3404 3182 qua:
3441 3126 3634 3182 magno

2053 3209 2254 3274 impetu
2285 3207 2335 3258 in
2365 3205 2566 3258 malum
2599 3204 2804 3271 ruebat,
2838 3205 2985 3258 solus
3031 3204 3143 3273 ipse
3193 3203 3404 3258 diversa
3446 3204 3634 3256 amhu-

2054 3298 2182 3353 lavit
2207 3299 2314 3362 via,
2348 3297 2592 3350 virtutem
2622 3296 2836 3350 malitia:
2863 3297 3148 3363 prcherens
3171 3314 3182 3346 :
3216 3310 3278 3348 ac
3302 3310 3476 3364 neque
3500 3295 3634 3349 alio-

2055 3403 2170 3442 rum
2199 3402 2513 3451 consensus,
2547 3400 2645 3438 nec
2693 3394 2834 3440 tanta
2888 3385 3186 3454 frequentia
3225 3385 3482 3439 reddebat
3511 3400 3634 3438 eum

2055 3478 2120 3532 ad
2154 3478 2362 3532 virtutis
2392 3477 2492 3530 itcr
2543 3475 2841 3544 segniorem
2873 3492 2884 3526 :
2911 3475 3002 3528 sed
3044 3475 3152 3543 jant
3199 3475 3342 3542 prius
3387 3474 3636 3543 iu-plehat

2057 3570 2197 3641 quod
2249 3571 2433 3624 beatus
2479 3567 2652 3622 Moses
2701 3578 2881 3636 postea
2922 3567 3160 3620 dicturus
3198 3574 3312 3620 erat
3345 3585 3360 3621 :
3393 3565 3512 3619 Non
3538 3567 3637 3620 erit

2062 3679 2176 3717 cum
2209 3660 2436 3730 pluribus
2463 3661 2516 3712 in
2553 3659 2746 3713 malitia
2777 3657 2970 3721 (Exod.
2999 3657 3085 3712 25.
3115 3657 3192 3724 ε).
3219 3657 3281 3711 Ει
3303 3657 3441 3726 quod
3471 3658 3638 3726 magis

2061 3751 2392 3814 admirabile,
2424 3765 2544 3804 cum
2573 3751 2770 3803 multus
2803 3748 3040 3813 haberet,
3095 3747 3201 3801 into
3243 3761 3433 3801 omnes
3453 3747 3540 3816 qui
3570 3747 3634 3799 ad

2063 3843 2257 3896 malum
2289 3851 2341 3894 et
2370 3840 2435 3895 ad
2483 3855 2640 3910 prava
2691 3854 2850 3908 opera
2877 3837 3303 3901 cohortarentur,
3355 3847 3411 3892 et
3465 3837 3638 3890 nullus

2061 3942 2204 3987 esset
2243 3931 2334 4002 qui
2375 3931 2439 3986 ad
2469 3931 2711 3984 virtutem
2748 3929 3020 3983 induceret
3054 3945 3068 3983 :
3102 3938 3243 3981 tanta
3288 3928 3373 3981 ille
3415 3927 3466 3982 iit
3518 3943 3634 3983 eam

2063 4024 2396 4079 vehementia
2429 4022 2718 4086 ferebatur,
2746 4031 2801 4075 ut
2835 4022 2970 4074 viam
2999 4029 3160 4074 tanta!
3188 4020 3507 4074 multitudini
3545 4034 3638 4088 np-

2064 4117 2287 4186 positam
2314 4124 2368 4170 et
2409 4114 2727 4168 contrariam
2773 4121 3010 4175 teneret;
3068 4125 3237 4179 neque
3287 4110 3522 4171 timebat,
3551 4118 3641 4162 aut

2065 4209 2347 4262 verebatur
2371 4220 2650 4274 pravorum
2679 4202 3039 4264 concordiam,
3073 4216 3245 4270 neque
3268 4199 3338 4253 illi
3368 4199 3470 4253 tale
3512 4199 3637 4267 quid

2064 4299 2261 4360 evenit,
2293 4297 2448 4367 quale
2485 4298 2622 4351 solet
2661 4295 2864 4363 ignavis
2911 4293 3171 4357 accidere,
3208 4291 3296 4361 qtti
3341 4290 3384 4344 si
3430 4289 3644 4359 quando

2065 4388 2294 4442 viderint
2341 4387 2537 4441 multos
2577 4386 2733 4446 simul
2785 4399 3123 4443 concurrere.
3179 4381 3280 4436 hoc
3320 4381 3562 4435 velumcn
3591 4391 3645 4435 et

2065 4477 2204 4532 hanc
2230 4477 2565 4533 occasionem
2589 4492 2699 4531 sua:
2729 4477 2953 4546 ignavia:
2983 4483 3306 4545 praetexunt,
3330 4489 3394 4528 ac
3422 4473 3604 4527 dicunt
3629 4489 3642 4524 :

2065 4572 2172 4626 Cur
2199 4587 2297 4640 ego
2327 4586 2520 4625 novum
2568 4570 2837 4640 quidpiam
2887 4578 2939 4622 et
2989 4568 3253 4636 singulare
3296 4574 3488 4635 prastcr
3529 4565 3647 4618 illos

2065 4677 2254 4718 omnes
2293 4674 2639 4730 aggressurus
2668 4675 2819 4724 sum,
2843 4658 3178 4712 adversarius
3211 4664 3370 4708 tanta:
3398 4653 3644 4707 multitu-

2066 4751 2197 4816 dini,
2229 4761 2280 4805 ct
2301 4766 2419 4805 cum
2449 4759 2593 4804 tanto
2619 4749 2813 4817 populo
2845 4747 3042 4801 bellum
3069 4743 3450 4812 suscepturus?
3485 4742 3643 4795 Num-

2066 4842 2192 4906 quid
2224 4842 2325 4895 illis
2366 4841 2612 4894 omnibus
2651 4839 2844 4906 jttstior
2891 4835 3055 4890 sunt?
3083 4835 3210 4902 Qua:
3263 4833 3458 4886 utilitas
3511 4832 3646 4886 foret

2070 4942 2333 4984 tantarum
2364 4928 2794 4983 inimicitiarum?
2814 4925 2952 4995 quod
2976 4923 3313 4978 commodum
3337 4921 3466 4976 tanti
3497 4921 3602 4975 odii
3627 4921 3648 4975 1

2067 5021 2207 5076 Nihil
2253 5018 2554 5088 hujusmodi
2605 5016 2863 5072 inutiliter
2907 5014 3193 5085 cogitabat,
3244 5028 3415 5082 neque
3467 5011 3644 5065 animo

2066 5112 2348 5166 versabat:
2373 5109 2464 5163 sed
2492 5119 2544 5164 et
2568 5108 2688 5174 hoc,
2721 5108 2858 5177 quod
2893 5119 3071 5176 postea
3103 5121 3132 5160 a
3161 5105 3414 5175 proliheta
3444 5103 3643 5158 dictum

2068 5211 2170 5265 est,
2223 5201 2368 5270 prius
2407 5201 2519 5268 ipse
2573 5199 2825 5267 implebat
2868 5214 2880 5254 :
2936 5197 3119 5252 Melior
3158 5207 3228 5251 est
3279 5211 3412 5248 unus
3456 5193 3646 5263 [oriens

2069 5293 2371 5346 voluntatem
2425 5289 2666 5356 Domini,
2730 5306 2882 5360 quam
2929 5288 3178 5341 innumeri
3237 5287 3649 5357 prmaricatores

2069 5384 2258 5457 (Eccli.
2289 5385 2373 5439 16.
2402 5385 2481 5453 5).
2525 5384 2657 5439 Num
2685 5383 2942 5445 societas,
2978 5380 3164 5482 intll'lil,
3191 5377 3544 5434 multitudinis
3579 5375 3647 5430 ad

2070 5479 2266 5533 malum
2296 5478 2518 5540 ruentis,
2551 5487 2600 5529 et
2628 5475 2783 5528 simul
2814 5469 3089 5542 rapientis,
3118 5487 3148 5525 a
3174 5469 3409 5526 cruciatu
3437 5483 3523 5523 me
3552 5482 3649 5538 po-

2073 5572 2193 5624 terit
2213 5569 2421 5638 eripere
2442 5567 2464 5620 ‘l
2489 5566 2699 5621 Sciebat
2725 5564 2887 5626 enim,
2917 5562 3119 5619 sciebat
3162 5559 3361 5632 liqttido
3387 5574 3650 5632 quemque

2073 5676 2171 5736 pro
2199 5673 2293 5716 sua
2316 5659 2486 5714 salute
2514 5658 2771 5713 rationem
2791 5656 3120 5712 redditurum
3150 5669 3270 5712 esse
3287 5693 3304 5722 ,
3330 5668 3502 5726 neque
3527 5666 3648 5708 um-
