4144 6200
469 277 570 333 137

468 403 627 459 quam
658 388 792 453 lore,
818 394 880 442 ut
900 385 1007 441 alio
1033 394 1286 455 peccante
1328 385 1466 442 alius
1507 399 1720 457 penam
1764 382 2049 447 sustineat,

469 482 554 537 vel
578 478 883 535 mercedem
908 478 1180 533 sortiatur.
1209 477 1413 533 Idcirco
1434 476 1609 547 justus
1648 475 1797 545 quasi
1826 474 2056 529 scintilla

470 571 525 623 in
539 568 714 622 medio
740 564 874 621 mari
895 580 1132 632 versans,
1156 580 1262 620 non
1282 565 1455 621 solum
1476 579 1581 620 non
1600 561 2056 632 exstinguebatur,

469 657 562 713 sed
590 656 828 726 quotidie
848 656 1116 728 fnlgidiori
1136 656 1256 713 luce
1292 657 1557 728 prodibat,
1579 669 1769 712 omnes
1794 655 1904 711 suis
1930 666 2060 725 ope-

472 748 618 803 ribus
644 748 864 804 docens.

545 838 786 894 Liberum
812 839 1097 895 arbitrium.
1124 870 1198 881 —
1221 840 1411 896 Vidisti
1442 839 1709 910 quomodo
1727 839 1807 895 sui
1834 836 1972 909 juris
2006 845 2062 892 et

472 931 681 987 arbitrii
732 939 976 985 naturam
1017 938 1254 986 nostram
1282 931 1538 986 Dominus
1586 928 1868 985 formavit?
1907 928 2063 984 Unde

474 1022 641 1087 enim,
674 1021 789 1087 die,
812 1036 926 1086 oro,
960 1021 1033 1075 illi
1059 1021 1124 1076 ad
1144 1022 1398 1076 malitiam
1434 1021 1811 1092 pr0perabant,
1839 1029 1894 1076 et
1921 1020 2063 1089 seip-

476 1124 567 1165 sos
600 1111 773 1180 poenis
809 1111 1075 1167 faciebant
1122 1113 1421 1178 obnoxios;
1451 1112 1551 1168 iste
1590 1121 1767 1168 autem
1812 1111 2063 1167 virtutem

477 1201 727 1271 eligebat,
773 1212 827 1258 et
874 1202 1080 1273 fugiens
1128 1219 1313 1259 eorum
1366 1204 1699 1267 societatem,
1729 1217 1902 1272 pinum
1958 1218 2063 1256 non

478 1293 741 1348 obnoxius
772 1292 912 1347 fuit?
940 1293 1127 1348 Nonne
1145 1292 1505 1357 manifestum,
1533 1307 1630 1347 sua
1675 1307 1940 1362 quemque
1971 1307 2067 1346 vo-

480 1384 684 1439 luntate
702 1384 785 1438 vel
816 1383 1095 1449 malitiam,
1120 1383 1202 1438 vel
1235 1383 1483 1438 virtutem
1519 1383 1759 1453 eligere?
1802 1382 1933 1437 Nam
1966 1382 2065 1437 nisi

481 1475 551 1528 ita
572 1483 736 1541 esset,
758 1483 812 1530 et
837 1475 937 1529 nisi
969 1483 1169 1529 naturae
1195 1484 1395 1529 nostra:
1416 1484 1652 1545 potestas
1698 1475 1852 1530 insita
1888 1481 2064 1539 esset,

482 1580 654 1636 neque
684 1566 801 1620 illos
842 1567 1035 1636 puniri,
1065 1581 1239 1636 neque
1284 1566 1415 1622 istos
1444 1567 1653 1621 virtutis
1679 1567 1894 1637 prtemia
1928 1566 2070 1621 acci-

484 1671 611 1725 pere
635 1657 933 1726 oportebat.
950 1657 1143 1711 Verum
1168 1658 1292 1728 quia
1321 1658 1374 1712 in
1402 1670 1580 1713 n05tra
1603 1659 1875 1713 voluntate
1900 1666 2069 1712 totum

485 1746 833 1819 postgratiam
855 1749 946 1803 Dei
964 1749 1204 1805 relictum
1225 1759 1328 1816 est,
1355 1749 1474 1805 ideo
1498 1760 1553 1805 et
1578 1749 1919 1819 peccantibus
1946 1765 2078 1818 sup—

483 1838 638 1907 plicia
666 1848 846 1909 parata
877 1847 1003 1894 sunt
1026 1880 1041 1904 ,
1073 1848 1127 1894 et
1155 1840 1287 1894 bene
1315 1839 1662 1908 operantibus
1705 1839 1980 1894 mercedes
2019 1846 2075 1892 et

488 1929 725 1997 prarmia.
757 1928 821 1982 Et
843 1940 951 1983 erat
972 1971 987 1995 ,
1013 1930 1201 2000 inquit,
1238 1930 1354 1985 Noe
1374 1946 1623 1984 annorum
1650 1930 2034 2001 quingentorum
2055 1971 2070 1996 ,

486 2029 533 2072 et
552 2019 723 2089 genuit
750 2029 849 2073 tres
876 2021 1011 2088 [ilios
1037 2020 1179 2085 Sent,
1204 2019 1364 2074 Citam
1410 2030 1458 2074 et
1493 2020 1740 2091 Japlietlt.
1782 2021 2075 2075 Considera

487 2107 679 2162 divina:
709 2108 1001 2177 Scriptum
1030 2112 1443 2164 accurationem.
1472 2111 1756 2181 Postquam
1795 2127 2074 2166 numerum

487 2214 748 2255 annorum
785 2200 912 2270 justi
950 2200 1108 2267 nobis
1136 2202 1402 2266 narravit,
1428 2201 1770 2271 exbibuilque
1810 2202 2076 2272 ingentem

492 2292 698 2347 Domini
722 2294 1049 2362 patientiam,
1072 2293 1263 2348 iterum
1292 2308 1555 2349 summam
1587 2294 1916 2350 tolerantiam
1939 2295 2075 2364 ejus,

489 2393 545 2437 et
588 2385 837 2455 nequitim
876 2384 1151 2440 hominum
1193 2387 1623 2457 exsuperantiam
1671 2386 1945 2443 declarare
1993 2388 2078 2442 ni-

494 2475 637 2528 titttr.

561 2565 618 2620 2.
660 2566 910 2622 Adversus
930 2584 1015 2622 eos
1033 2568 1121 2640 qui
1141 2568 1372 2623 dicebant
1391 2569 1597 2641 angelos
1623 2586 1737 2624 cum
1756 2570 1957 2640 ﬁliabus
1984 2572 2081 2625 Ito-

491 2659 686 2711 minum
715 2660 1010 2713 commixtos
1048 2676 1170 2715 esse.
1195 2690 1269 2700 —
1292 2660 1398 2716 Sed
1443 2661 1721 2717 audiamus
1764 2663 1875 2733 ipsa
1920 2663 2080 2718 verba

496 2747 656 2804 Musis
686 2768 701 2803 :
731 2751 927 2820 Spiritu
974 2752 1116 2807 enim
1166 2753 1411 2822 loquens,
1440 2754 1619 2809 omnia
1659 2770 1758 2810 nos
1806 2754 2086 2825 diligenter

497 2837 609 2893 vult
634 2840 890 2895 doeere.i
931 2839 1079 2911 (Cap.
1108 2842 1187 2912 6).
1213 2841 1281 2895 Et
1322 2843 1511 2910 factum
1536 2852 1631 2910 est,
1662 2844 1852 2913 inquit,
1880 2846 2086 2915 quando

500 2941 751 3001 ceperunt
805 2932 1033 2988 homines
1074 2934 1404 3003 multiplicari
1451 2951 1602 3003 super
1631 2945 1843 3001 terram,
1879 2946 1924 2990 et
1965 2937 2088 3004 ﬁlia:

500 3032 640 3076 nata:
667 3032 784 3075 sunt
811 3022 934 3078 illis.
964 3022 1082 3077 Non
1126 3024 1327 3093 absque
1361 3025 1568 3079 ratione
1605 3024 1827 3091 addidit,
1856 3025 1920 3080 Et
1965 3028 2089 3095 filite

499 3120 635 3165 nata:
658 3122 775 3166 sunt
799 3112 901 3166 illis
927 3128 947 3167 :
976 3112 1070 3167 sed
1102 3122 1159 3167 ut
1190 3128 1436 3184 magnam
1466 3114 1855 3170 multitudinem
1885 3117 1965 3172 sic
2008 3117 2090 3171 in-

500 3204 759 3259 sinuaret.
788 3203 920 3260 Nam
957 3204 1046 3259 ubi
1077 3213 1218 3260 tanta
1260 3204 1496 3260 radicum
1527 3214 1610 3261 est
1637 3205 1957 3273 multitudo,
1994 3223 2093 3264 ne-

499 3312 651 3351 cesse
680 3308 763 3352 est
784 3298 944 3352 etiam
974 3298 1171 3353 multos
1200 3313 1378 3354 ramos
1404 3302 1604 3354 enasci.
1648 3299 1702 3353 2.
1740 3299 1807 3355 Ut
1836 3302 2087 3369 viderunt,

505 3388 709 3458 inquit,
732 3390 830 3458 lilii
858 3388 957 3443 Dei
999 3390 1135 3459 [ilius
1169 3385 1429 3445 hominum
1461 3392 1597 3461 quod
1621 3393 1849 3462 pulchra:
1885 3404 2043 3449 essent
2072 3437 2088 3462 ,

503 3491 827 3551 sumpserunt
877 3482 971 3536 sibi
1017 3499 1199 3538 uxores
1245 3499 1309 3538 ea:
1349 3484 1611 3550 omnibus,
1649 3501 1775 3556 quas
1816 3486 2089 3556 elegerant.

506 3572 752 3643 Singulas
776 3573 1038 3629 dictiones
1066 3574 1347 3645 diligenter
1375 3575 1776 3632 consideremus
1800 3618 1814 3643 ,
1858 3594 1925 3633 ne
1964 3576 2090 3648 quid

509 3665 560 3718 in
590 3665 752 3721 fundo
780 3666 953 3722 latens
982 3680 1079 3720 nos
1120 3675 1421 3736 prrctercat.
1453 3665 1641 3738 Operm
1689 3668 1916 3735 pretium
1948 3668 2091 3722 enini

513 3755 671 3811 luerit
710 3757 845 3813 bene
885 3758 1108 3812 scrutari
1141 3761 1280 3813 nunc
1308 3758 1504 3825 locum,
1533 3770 1590 3813 ut
1618 3759 1987 3815 subvertaznus
2018 3760 2095 3815 la-

511 3848 665 3902 bulas
705 3848 882 3902 omnia
934 3848 1323 3903 inconsiderate
1363 3849 1689 3919 loquentium
1721 3865 1736 3902 :
1769 3860 1823 3905 et
1866 3852 2092 3919 prinunu

510 3938 779 3992 ederenda
808 3952 868 3992 ea
897 3953 1015 4007 qua:
1040 3937 1218 3994 dicere
1245 3939 1464 4006 audent,
1487 3948 1544 3995 et
1577 3948 1867 3994 monstrata
1906 3955 2094 3995 eorum

507 4047 631 4101 qua:
672 4032 741 4085 ab
775 4031 881 4086 illis
912 4030 1166 4086 dicuntur
1189 4031 1544 4096 absurditate,
1573 4047 1859 4103 germanus
1886 4046 2097 4101 quoque

511 4123 803 4194 Scripturae
842 4138 1031 4180 sensus
1072 4133 1264 4181 vestra:
1293 4124 1499 4180 caritati
1529 4124 1848 4194 aperiendus
1886 4134 2006 4189 est,
2040 4132 2094 4177 ut

512 4229 580 4269 uc
608 4213 922 4283 simpliciter
948 4223 1001 4269 ct
1044 4214 1198 4269 facile
1221 4229 1380 4270 aures
1405 4214 1820 4269 accommodctis
1846 4213 2100 4269 tamblas-

511 4306 707 4376 pbcma
762 4304 1061 4360 dicentibus
1080 4344 1095 4368 ,
1127 4313 1182 4359 et
1208 4305 1488 4359 adversum
1513 4305 1685 4374 capita
1713 4320 1808 4360 sua
1838 4305 2101 4360 blaterare

514 4393 851 4447 audentibus.
880 4394 1138 4446 Asserunt
1167 4394 1308 4447 enim
1343 4393 1442 4447 hoc
1468 4407 1572 4447 non
1599 4393 1668 4447 de
1693 4392 1997 4448 hominibus
2021 4394 2103 4448 df-

513 4492 657 4539 ctum
685 4498 826 4548 esse,
850 4482 944 4538 sed
970 4482 1037 4537 de
1062 4483 1267 4554 angelis
1293 4502 1307 4537 :
1333 4483 1441 4537 llos
1462 4483 1627 4549 enim,
1652 4485 1819 4547 aiunt,
1847 4486 1983 4540 lilios
2010 4487 2098 4539 Ι)ρί

513 4574 819 4645 appellavit.
854 4574 1088 4628 Primum
1114 4574 1417 4641 ostendant,
1447 4575 1533 4629 ubi
1574 4576 1747 4645 angeli
1775 4577 1863 4629 lilii
1890 4577 1981 4630 Dei
2010 4592 2103 4646 ap-

517 4668 697 4737 pellati
723 4667 831 4722 sint
853 4666 928 4740 (a)
962 4686 975 4722 :
1003 4666 1098 4723 sed
1128 4682 1233 4722 non
1265 4676 1513 4737 poterunt
1542 4684 1762 4738 usquam
1783 4678 2102 4725 monstrare.

561 4802 636 4864 (a)
655 4800 896 4864 Veterum
907 4799 1166 4864 multorum
1179 4813 1224 4862 οι
1244 4800 1342 4849 inio
1354 4798 1440 4864 fuit
1451 4798 1654 4864 angelos
1663 4814 1761 4864 cor]
1770 4814 1923 4850 toruos
1935 4798 2100 4864 fuisse,

524 4862 699 4913 etcum
722 4862 911 4912 ﬁliabus
946 4863 1193 4925 hominum
1227 4875 1333 4910 rem
1360 4862 1622 4925 habuisse;
1658 4862 1865 4925 illosque
1901 4862 2105 4925 angelos

518 4926 710 4997 quidam
742 4932 1001 4997 vogtrunt,
1027 4923 1214 4997 ιιὶῃὶιυδεἱ
1236 4924 1476 4997 Josephus
1509 4924 1673 4997 Anti“.
1701 4922 1797 4972 lib.’
1818 4924 1846 4997 In
1859 4958 1875 4983 ,
1900 4922 2005 4997 cap.

514 4983 655 5036 multi
671 4985 829 5047 migeli
858 4985 941 5035 Dei
964 4983 1080 5035 cunt
1098 4983 1561 5047 mulieribusmixti.
1590 4983 1798 5047 ldipsnui
1823 4985 1931 5034 fere
1952 4983 2101 5033 Justi-

517 5060 639 5105 nus,
682 5045 1045 5109 Athenagoras,
1084 5046 1309 5096 (leniens
1341 5045 1731 5109 Alexandrinus,
1768 5048 2105 5109 Theognostns

514 5120 559 5170 ai
578 5110 641 5157 ud
665 5107 897 5171 Photium,
920 5116 971 5158 et
993 5108 1092 5171 alii.
1125 5116 1272 5171 Quam
1304 5122 1410 5171 rem
1437 5107 1654 5171 pluribus
1678 5107 2006 5171 persequutus
2030 5117 2105 5157 est.

522 5169 1007 5233 tesephussealigcr,
1036 5170 1085 5218 in
1124 5170 1251 5233 uotis
1284 5169 1343 5216 ad
1379 5170 1570 5217 Eusebii
1602 5169 1864 5219 Chronicon
1886 5205 1909 5233 .A
1925 5178 1976 5220 et
2000 5176 2106 5233 pust.

518 5226 646 5281 entu'
666 5231 744 5281 alii
770 5226 1029 5288 innumeri,
1047 5243 1171 5292 quos
1192 5226 1390 5291 longum
1415 5237 1550 5292 esset
1572 5243 1855 5292 recensere.
1878 5226 2105 5292 Cum'au-

519 5298 620 5356 tem
640 5296 706 5356 ait
728 5289 1109 5356 rbi-ysostomus,
1132 5289 1393 5339 Ostendam
1424 5290 1506 5340 ubi
1526 5290 1684 5352 angeli
1706 5289 1796 5354 ﬁlii
1824 5289 2096 5356 peiapprl-

518 5352 602 5416 lati
642 5354 780 5405 sint?
821 5350 938 5403 illud
972 5352 1171 5416 quidem
1211 5364 1382 5416 verum
1425 5358 1503 5416 est
1537 5350 1633 5399 non
1670 5350 1881 5416 reperiri
1909 5350 1973 5398 in’
1996 5350 2103 5416 [χχ

518 5415 903 5479 Interprctibus,
919 5408 1042 5478 quos
1062 5412 1193 5479 solos
1215 5410 1415 5479 legebat
1433 5408 1814 5479 chrysostom'us.
1839 5408 2023 5479 Yernm
2058 5414 2105 5460 iu

519 5472 770 5527 libro'Job.
808 5490 853 5526 e.
888 5472 951 5535 ιζ
970 5491 1015 5527 v.
1052 5478 1116 5535 6,
1140 5472 1304 5537 angeli
1343 5472 1574 5524 vocantur
1609 5475 1659 5522 in
1697 5472 1931 5522 Hebraico
1965 5480 2106 5522 textu

519 5540 818 5634 οντὺκσ-ιπ.
842 5576 894 5618 et
916 5566 1211 5634 ln_Vulgata,
1235 5563 1326 5629 ﬁlii
1352 5563 1455 5615 Dei.
1481 5563 1792 5634 nihilominus
1812 5563 2109 5634 _tamen‘_bic

525 5632 677 5691 [robe
700 5630 913 5681 eoul‘utat
939 5623 1299 5692 (Iltrysostonnts
1322 5639 1410 5678 eos
1438 5627 1523 5690 qui
1555 5626 1778 5678 dicerent
1812 5624 1961 5675 hosce
1985 5623 2108 5677 illius

524 5694 607 5741 ι)ρί
632 5693 776 5741 fuisse
802 5692 1021 5756 angelos.

1213 278 1269 333 S.
1308 271 1587 330 JOANNIS
1619 266 2095 329 CIIRYSOSTOMI
2133 267 2452 326 ARCIIIEP.
2493 267 3031 326 CONSTANTiNOP.

3643 270 3749 325 1’88

2163 382 2420 438 llomines
2462 382 2677 453 quidem
2724 383 2815 437 ﬁlii
2864 382 2958 437 Dei
2998 380 3126 436 dicti
3174 389 3329 445 sunt,
3366 380 3539 450 angeli
3571 391 3749 437 autem

2160 488 2469 544 numquam.
2503 474 2662 543 Atqui
2701 474 2770 529 de
2809 473 3015 544 angelis
3042 472 3173 527 dicit
3203 490 3215 526 :
3252 472 3351 538 Qui
3388 473 3511 542 facit
3544 474 3753 542 angelos

2157 581 2276 620 suos
2312 565 2550 636 spiritus,
2578 575 2626 620 et
2651 566 2907 620 ministros
2947 581 3065 619 suos
3101 566 3361 635 ﬂammam
3391 563 3525 634 ignis
3553 565 3572 631 (
3603 562 3748 618 Psal.

2160 655 2285 712 105.
2313 657 2348 712 4
2373 656 2432 729 );
2471 657 2541 713 de
2582 657 2888 714 hominibus
2924 666 3102 711 autem
3133 674 3147 712 :
3183 654 3293 727 Ego
3321 654 3430 711 dixi
3455 672 3475 709 :
3505 655 3595 710 Dii
3634 657 3754 710 estis

2161 748 2182 818 (
2207 749 2352 805 Psal.
2380 750 2468 806 8|.
2494 750 2529 806 6
2552 751 2606 821 );
2648 758 2704 807 et
2747 751 2936 806 iterum
2970 769 2983 804 :
3013 749 3177 805 Filios
3215 751 3364 821 genui
3389 790 3405 813 ,
3434 760 3481 803 et
3533 750 3754 805 excitati

2162 840 2326 911 (Isai.
2361 842 2407 895 Ι.
2439 841 2534 911 2);
2578 851 2634 897 et
2688 840 2877 897 iterum
2925 859 2938 896 :
2996 840 3371 913 Primogenitus
3421 842 3561 910 [ilius
3609 858 3754 897 nisus

2162 929 2330 986 Israel
2355 934 2372 1000 (
2399 932 2569 987 Exod.
2600 933 2654 987 4.
2683 933 2778 1006 22)
2813 949 2826 986 :
2859 933 3079 1003 angelus
3103 940 3279 988 autem
3307 947 3566 1001 nusquam
3592 947 3754 986 voca-

2166 1030 2249 1077 tus
2276 1032 2360 1078 est
2386 1023 2543 1090 ﬁlius,
2577 1039 2749 1093 neqtte
2780 1023 2921 1077 filius
2950 1023 3061 1076 Dei.
3090 1020 3353 1077 Cui-terum
3382 1021 3507 1091 quid
3531 1020 3754 1076 dicunt?

2165 1115 2429 1181 Proiecto,
2460 1117 2634 1187 angeli
2679 1117 2893 1187 quidem
2922 1126 3075 1171 erant
3101 1132 3114 1168 :
3147 1113 3243 1169 sed
3265 1115 3388 1184 quia
3413 1113 3478 1167 ad
3510 1114 3752 1183 iniquum

2165 1206 2269 1261 hoc
2294 1223 2428 1277 opus
2457 1206 2844 1262 descenderunt
2870 1248 2883 1269 ,
2913 1206 3170 1275 dignitate
3196 1219 3288 1259 sua
3316 1203 3642 1259 exciderunt.
3671 1203 3751 1258 Eu

2167 1297 2359 1351 iterum
2396 1296 2686 1351 fabulosius
2720 1296 2881 1350 aliud.
2914 1296 3122 1365 Ergone
3147 1309 3290 1349 nunc
3317 1293 3632 1348 exciderunt
3654 1334 3670 1358 ,
3697 1303 3757 1349 et

2167 1386 2282 1441 lucc
2309 1386 2475 1441 ruina:
2499 1386 2705 1441 illorum
2727 1401 2884 1441 causa
2905 1388 2929 1439 't
2951 1385 3146 1441 Verum
3176 1384 3450 1453 Scriptura
3477 1398 3578 1438 nos
3600 1384 3756 1438 aliter

2167 1477 2359 1542 docet,
2393 1492 2584 1546 nempe
2608 1487 2890 1547 antequam
2923 1476 3241 1531 lormaretur
3267 1476 3472 1545 primus
3499 1473 3691 1537 homo,
3724 1489 3754 1527 a

2168 1584 2263 1623 sua
2297 1567 2552 1636 dignitate
2590 1568 2852 1623 excidisse
2890 1576 2945 1621 et
2969 1566 3236 1620 diabolum
3262 1605 3278 1630 ,
3304 1573 3360 1619 et
3386 1579 3479 1620 eos
3506 1565 3593 1633 qni
3631 1579 3755 1619 cum

2169 1676 2236 1716 eo
2283 1662 2538 1729 majorem
2585 1674 2744 1730 quam
2787 1658 3010 1714 decebat
3052 1657 3363 1727 dignitatem
3411 1656 3755 1710 ambiebant:

2171 1754 2307 1808 sicut
2333 1761 2387 1807 et
2411 1752 2622 1821 sapiens
2652 1753 2866 1822 quidam
2902 1752 3107 1821 inquit:
3132 1749 3335 1804 Invidia
3376 1758 3543 1803 autem
3569 1749 3760 1803 diaboli

2172 1860 2307 1897 mors
2324 1843 2525 1896 intravit
2543 1843 2595 1896 in
2610 1842 2853 1895 mundum
2870 1841 3028 1911 (Sap.
3049 1841 3106 1895 2.
3123 1838 3240 1911 ει).
3254 1840 3365 1905 Dic,
3387 1855 3588 1909 qutrso,
3605 1840 3757 1903 mihi,

2163 1933 2220 1996 si
2264 1949 2370 1987 non
2410 1942 2533 1987 ante
2579 1931 2772 1985 factum
2814 1931 3083 1985 hominem
3125 1929 3355 1993 excidit,
3385 1928 3654 1999 quomodo
3707 1930 3760 1983 in

2178 2032 2320 2078 tanta
2341 2022 2597 2093 dignitate
2624 2037 2842 2076 manens
2870 2021 3056 2075 invidit
3099 2020 3339 2074 homini?
3367 2019 3646 2086 Quomodo
3673 2036 3760 2073 ra-

2179 2113 2313 2168 tioni
2339 2127 2631 2168 consonum
2660 2121 2779 2177 est,
2811 2111 3055 2181 angelum
3087 2111 3456 2179 incorporeum
3475 2153 3490 2173 ,
3511 2119 3565 2164 et
3593 2110 3643 2164 ia
3672 2109 3764 2164 tali

2178 2204 2433 2276 dignitate
2462 2204 2851 2269 constitutum,
2880 2202 3079 2256 homini
3113 2201 3351 2256 invidere
3387 2216 3611 2270 corpore
3653 2202 3763 2254 cir-

2178 2296 2497 2353 cumamicto
2517 2296 2540 2349 ?
2562 2295 2666 2350 Sed
2693 2294 2944 2365 quoniam
2977 2308 3007 2347 a
3034 2308 3263 2362 superna
3293 2292 3461 2362 gloria
3503 2292 3553 2345 in
3588 2300 3767 2347 extre-

2181 2403 2322 2443 mam
2346 2386 2689 2458 ignominiam
2711 2386 2954 2455 dejectus
2978 2384 3169 2450 fuerat,
3199 2384 3324 2438 licet
3342 2391 3479 2438 esset
3513 2382 3766 2453 incorpo-

2181 2494 2339 2545 reus;
2367 2478 2556 2533 videns
2588 2477 2873 2532 formatum
2900 2475 3193 2540 hominem,
3225 2475 3277 2530 in
3307 2490 3528 2544 corpore
3559 2484 3767 2529 tantum

2184 2572 2440 2628 honorem
2486 2570 2793 2626 Conditoris
2833 2569 3202 2625 benevolentia
3246 2569 3489 2622 sortitum
3518 2609 3532 2633 ,
3565 2566 3763 2622 invidia

2183 2664 2402 2729 exarsit,
2434 2672 2488 2718 et
2512 2661 2845 2731 deceptione,
2872 2660 2938 2715 ad
2978 2675 3133 2729 quam
3163 2660 3427 2729 serpentis
3451 2674 3612 2728 opera
3642 2671 3771 2712 usus

2184 2764 2287 2822 est,
2314 2754 2582 2810 hominem
2600 2753 2787 2808 mortis
2807 2767 2978 2823 pinnae
3000 2751 3286 2805 obnoxium
3309 2750 3454 2806 fecit.
3469 2750 3613 2804 Talis
3627 2750 3770 2804 enim

2185 2855 2266 2902 est
2296 2845 2529 2911 malitia;
2560 2859 2665 2899 non
2696 2851 2872 2913 potest
2897 2857 3002 2897 non
3024 2842 3255 2911 graviter
3284 2841 3424 2895 ferre
3445 2839 3669 2895 aliorum
3699 2839 3773 2894 fe-

2187 2936 2460 2991 licitatem.
2491 2932 2645 3002 Quod
2684 2933 2844 3003 igitur
2868 2931 3109 2987 diabolus
3135 2940 3191 2986 et
3229 2930 3404 2986 omnis
3432 2930 3550 2999 ejus
3578 2928 3770 2989 cohors

2187 3026 2316 3081 olim
2340 3040 2372 3079 a
2392 3024 2557 3097 gloria
2585 3024 2673 3078 illa
2697 3023 3013 3090 exciderint,
3031 3030 3086 3078 et
3114 3020 3454 3093 ignominiosi
3483 3019 3767 3085 evaserint,

2190 3114 2529 3170 manifestum
2559 3121 2659 3169 est.
2691 3113 2939 3184 Alioquin
2962 3112 3124 3180 etiam
3150 3120 3345 3180 quanta
3374 3125 3480 3166 non
3505 3110 3773 3165 dementia

2190 3208 2406 3278 plenum
2456 3205 2643 3272 fuerit,
2675 3205 2857 3261 dicere
2898 3205 3119 3275 angelos
3159 3205 3232 3259 ita
3267 3204 3539 3273 deiectos,
3569 3214 3627 3258 ut
3654 3217 3776 3257 cum

2191 3296 2503 3353 mulieribus
2543 3310 2655 3351 rem
2700 3294 2994 3360 baberent,
3022 3304 3076 3350 et
3106 3294 3417 3364 incorporea
3460 3294 3544 3348 illa
3588 3304 3779 3349 natura

2191 3389 2532 3459 cOpuIaretur
2568 3385 2935 3457 corporibus?
2969 3388 3159 3441 Annon
3198 3386 3351 3440 audis
3395 3386 3672 3440 Dominum
3698 3383 3781 3439 di-

2194 3491 2402 3538 centem
2449 3480 2517 3536 de
2567 3480 2877 3551 angelorum
2927 3480 3223 3534 substantia
3258 3497 3273 3535 :
3314 3478 3378 3533 In
3422 3479 3783 3533 resurrectione

2193 3573 2326 3627 enim
2368 3588 2526 3641 neque
2573 3571 2947 3624 matrimonium
2987 3570 3308 3633 contrahunt,
3342 3584 3501 3637 neque
3541 3571 3779 3631 nubunt;

2194 3666 2283 3719 sed
2306 3675 2423 3720 sunt
2446 3662 2574 3717 sicut
2594 3662 2759 3732 angeli
2785 3660 2876 3714 Dei
2904 3659 3115 3729 (Matth.
3137 3658 3228 3712 22.
3263 3659 3353 3714 50.
3382 3657 3548 3713 Marc.
3570 3659 3654 3713 l2.
3686 3657 3779 3714 25.

2198 3756 2322 3810 Luc.
2352 3754 2443 3810 20.
2474 3755 2562 3823 '55)
2587 3753 2611 3806 ?
2636 3752 2818 3823 Neque
2860 3752 3001 3807 enim
3034 3751 3283 3821 possibile
3306 3759 3386 3804 est
3413 3749 3779 3820 incorpoream

2198 3855 2459 3908 naturam,
2490 3845 2649 3898 talem
2677 3859 2925 3913 umquam
2949 3842 3435 3911 concupiscentiam
3465 3841 3681 3896 habere.
3703 3840 3780 3895 Ad

2199 3935 2313 3991 lucc
2350 3935 2510 3990 etiam
2534 3933 2872 4003 cogitamlnm
2904 3943 3019 3996 est.
3060 3931 3161 3987 hoc
3201 3932 3448 3986 onmibus
3478 3931 3651 3987 modis
3692 3932 3788 3985 ab-

2198 4025 2570 4081 surdissiinntn
2601 4022 2762 4077 fuisse
2785 4024 2836 4076 in
2860 4022 3095 4076 animum
3126 4021 3399 4076 inducere.
3432 4019 3563 4074 Nam
3588 4020 3631 4074 si
3663 4036 3788 4074 san-

2198 4117 2270 4172 (ξιί
2303 4125 2355 4170 et
2381 4115 2469 4186 qui
2501 4114 2755 4184 Spiritum
2786 4122 3027 4168 sanetum
3053 4122 3389 4182 acceperant,
3419 4127 3590 4181 neque
3620 4111 3783 4165 visio-

2200 4222 2323 4263 nem
2352 4206 2660 4277 angelorum
2706 4204 2888 4259 vidcrc
2917 4213 3204 4274 potuerunt
3236 4202 3408 4271 (Dan.
3447 4204 3529 4257 10.
3559 4202 3684 4256 7-H
3718 4202 3736 4270 )
3770 4219 3784 4255 :

2200 4299 2476 4353 enimvero
2501 4297 2580 4351 vir
2604 4296 2989 4351 desideriorum
3015 4304 3297 4365 conspecta
3336 4294 3508 4366 angeli
3554 4309 3786 4363 [mesen-

2205 4390 2272 4444 tia
2298 4430 2314 4454 ,
2356 4398 2665 4443 nontamen
2708 4387 3024 4450 substantia,
3057 4386 3201 4455 (quo
3242 4394 3397 4455 pacto
3436 4385 3578 4439 enim
3621 4383 3785 4437 videri

2205 4489 2385 4551 posset
2415 4479 2763 4549 incorporalis
2791 4477 3167 4545 substantia?)
3196 4477 3289 4532 sed
3322 4474 3789 4530 transformatiom:

2203 4570 2372 4625 solum
2401 4569 2628 4640 quadam
2660 4570 2792 4635 visa,
2824 4583 3010 4638 parum
3048 4567 3217 4622 abfuit
3243 4567 3369 4637 quin
3406 4565 3606 4619 viribus
3628 4565 3794 4617 desti-

2206 4670 2348 4716 tutus
2391 4671 2446 4717 et
2489 4661 2720 4714 animam
2752 4660 3054 4724 amitteret;
3100 4668 3259 4729 atque
3287 4658 3330 4713 si
3364 4665 3541 4711 tantus
3579 4669 3642 4710 ac
3671 4655 3794 4709 talis

2206 4756 2286 4807 vir
2317 4768 2451 4823 pene
2479 4752 2678 4822 absque
2715 4751 2900 4821 spiritu
2928 4750 3159 4821 jaccbat,
3190 4750 3308 4819 quis
3335 4750 3495 4803 etiam
3523 4746 3680 4801 valde
3710 4746 3794 4799 in—

2205 4860 2368 4901 sanus
2396 4842 2769 4913 comprobaret
2804 4842 2918 4896 lucc
2962 4839 3268 4909 blasphema
3313 4838 3472 4894 verba
3506 4835 3796 4892 dementia:

2207 4937 2382 5007 plena,
2411 4936 2550 5006 quod
2595 4935 2906 5003 incorporea
2937 4942 2992 4988 et
3020 4930 3309 5001 spiritualis
3337 4938 3525 4984 natura
3549 4926 3796 4997 corporis

2206 5028 2541 5095 complexum
2589 5023 2782 5079 ferret?

2277 5122 2332 5175 3.
2378 5118 2619 5173 Homines
2648 5116 2743 5184 lilii
2787 5114 2881 5169 Dei
2909 5113 3031 5167 dicti
3067 5113 3119 5167 in
3161 5110 3451 5183 Scriptura.
3479 5106 3676 5164 -—Sed
3724 5121 3797 5161 ne

2207 5212 2449 5284 pluribus
2478 5211 2575 5266 ista
2604 5208 2932 5265 exeutientes
2948 5215 3122 5261 terere
3146 5214 3355 5273 tempus
3371 5200 3667 5263 videamur,
3698 5213 3798 5267 age

2209 5308 2329 5376 quia
2367 5302 2753 5359 sufﬁcientibus
2792 5297 3120 5369 argumentis
3152 5295 3358 5351 caritati
3384 5301 3579 5347 vestrm
3623 5291 3800 5346 decla-

2212 5398 2443 5451 ravimus
2464 5437 2479 5461 ,
2511 5408 2667 5464 quam
2700 5392 2766 5445 sit
2795 5391 2894 5444 hoc
2923 5387 3249 5457 impossibile
3277 5403 3291 5439 :
3324 5386 3613 5441 doceamus
3659 5396 3800 5436 nunc

2210 5505 2328 5559 quia:
2354 5488 2429 5542 rei
2460 5487 2529 5541 sit
2566 5484 2795 5546 veritas;
2846 5482 3037 5535 iterum
3086 5488 3262 5534 tamen
3309 5478 3460 5533 lectis
3491 5477 3556 5530 iis
3583 5489 3706 5545 qua:
3745 5474 3798 5526 in

2211 5579 2386 5634 divina
2403 5576 2676 5646 Scriptura
2701 5571 2956 5627 feruntur.
2976 5568 3037 5623 Et
3051 5572 3242 5639 factum
3258 5577 3352 5632 est,
3384 5566 3574 5637 inquit,
3597 5564 3803 5635 quando

2214 5678 2466 5742 cwpcrttnt
2509 5667 2735 5722 homines
2777 5662 3104 5736 multiplicari
3150 5678 3301 5734 super
3346 5670 3550 5728 terram,
3597 5668 3645 5712 et
3681 5657 3806 5728 [ilic
