4122 6204
325 254 430 312 187

311 385 457 432 τινος
491 369 784 440 ἐπιτυχεῖν.
819 372 918 427 Διά
959 372 1118 428 τοῦτο
1159 375 1189 429 ό
1223 374 1428 441 δίκαιος
1468 377 1717 451 καθάπερ
1749 381 1980 455 σπινθὴρ

310 467 374 517 ἐν
413 463 564 535 μέσῳ
611 465 840 534 πελάγει
882 469 1184 538 τυγχάνων,
1234 472 1296 524 οὐ
1332 472 1491 542 μόνον
1537 474 1637 527 οὐκ
1672 475 1978 543 ἐσϐέννυτο,

1370 264 1436 322 ια
1476 267 1631 325 CAP.
1670 267 1711 324 V
1749 270 1838 330 ET
1879 273 1944 330 Vl
1985 275 2232 335 GENES.
2273 280 2509 340 IIOMIL.
2551 285 2710 341 XXII.

2089 383 2230 440 ἐστε
2248 404 2262 420 ο
2299 389 2394 443 καὶ
2441 390 2603 445 πάλιν
2623 407 2638 422 ·
2679 380 2850 460 Υίοὺς
2888 390 3207 466 ἐγέννησα,
3247 402 3346 456 καί
3384 402 3602 474 ὕψωσαν
3621 424 3634 440 ο
3663 411 3758 464 καὶ

2087 481 2250 538 πάλιν
2272 501 2286 516 ·
2331 488 2707 554 Πρωτότοκος
2750 491 2882 555 υίός
2920 509 3039 560 μου
3095 495 3339 563 Ἰσραήλ
3359 515 3372 528 ο
3420 501 3648 570 ἄγγελος
3697 505 3757 558 δι

307 559 448 614 ἀλλά
497 561 590 615 καὶ
633 561 754 614 καθ’
785 563 1025 634 ἑκάστην
1067 564 1280 636 ἡμέραν
1319 566 1694 640 λαμπρότερον
1733 570 1885 640 ἠφίει
1920 572 1983 626 τὸ
2085 576 2323 647 οὐδαμοῦ
2375 579 2489 642 υίὸς
2532 580 2757 653 ἐκλήθη,
2797 559 3062 650 οὐδὲνυίὸς
3099 559 3256 644 Θεοῦ.
3282 559 3549 648 "Am'éc
3581 559 3753 666 φάσις

309 656 464 725 φῶς,
515 656 835 721 διδάσκαλος
888 659 1023 713 πᾶσι
1091 661 1373 732 γινόμενος
1430 662 1519 717 διὰ
1568 664 1679 718 τῶν
1728 664 1920 720 ἐαυτοῦ
1950 678 1980 709 ι

306 751 504 822 εργων.

377 844 531 911 Εἶδες
564 846 641 911 ώς
685 847 1031 915 αὐτεξούσιον
1075 849 1234 920 ἡμῶν
1279 848 1380 921 τὴν
1429 849 1592 919 φύσιν
1637 853 1667 906 ό
1701 854 1976 925 Δεσπότης

302 941 731 1013 ἐδημιούργησε;
784 943 954 999 Πόθεν
983 944 1113 1016 γὰρ,
1146 944 1266 998 είπέ
1314 962 1424 1016 μοι,
1460 948 1656 1000 ἐκεῖνοι
1707 947 1808 1018 μὲν
1839 948 1976 1018 πρὸς

299 1039 400 1109 τὴν
429 1039 628 1094 κακίαν
669 1040 946 1105 ἔσπευδον,
973 1041 1070 1094 καὶ
1098 1045 1164 1113 τῇ
1199 1043 1439 1113 τιμωρίᾳ
1485 1043 1818 1108 ὑπευθύνους
1847 1047 1972 1098 ἐαυ-

295 1137 426 1200 τοὺς
450 1136 739 1206 καθίστων,
753 1134 904 1203 οὗτος
921 1139 980 1192 δὲ
996 1141 1094 1210 τὴν
1115 1141 1313 1213 ἀρετὴν
1327 1141 1596 1212 ἐλόμενος,
1611 1143 1704 1196 καὶ
1718 1142 1818 1214 τὴν
1837 1143 1973 1214 πρὸς

296 1230 540 1296 ἐκείνους
552 1233 834 1286 κοινωνίαν
852 1233 1059 1303 φυγὼν,
1074 1235 1174 1305 τῆς
1194 1237 1465 1306 τιμωρίας
1485 1241 1680 1308 πεῖραν
1695 1239 1794 1292 οὐκ
1811 1239 1972 1310 ἐλάμ-

294 1327 488 1394 ϐανεν;
513 1329 627 1382 Οὐκ
647 1328 886 1399 εὐδηλον,
919 1331 1002 1384 ὅτι
1017 1329 1106 1384 διά
1131 1331 1192 1384 τὸ
1206 1331 1433 1387 ἕκαστον
1451 1334 1628 1406 οἰκείᾳ
1653 1336 1968 1406 προαιρέσει

293 1425 328 1495 ἢ
345 1426 444 1494 τὴν
472 1425 674 1495 ἀρετὴν
702 1426 1008 1496 αίρεῖσθαι;
1041 1428 1102 1480 El
1131 1427 1239 1500 7&9
1266 1429 1339 1500 μὴ
1367 1430 1524 1484 τοῦτο
1538 1427 1626 1502 ἦν,
1650 1433 1784 1502 μηδὲ
1813 1435 1871 1486 ἐν
1896 1435 1964 1504 τῇ

290 1518 452 1586 φύσει
479 1522 546 1590 τῇ
577 1521 819 1592 ἡμετέρᾳ
843 1522 911 1575 τά
944 1523 1042 1593 τῆς
1068 1523 1313 1590 ἐξουσίας
1347 1524 1542 1591 έκειτο,
1575 1527 1698 1580 οὐτε
1726 1529 1965 1593 ἐκείνους

290 1614 616 1679 κολάζεσθαι
656 1616 784 1681 ἔδει,
826 1617 948 1670 οὔτε
991 1618 1212 1684 τούτους
1260 1622 1491 1692 ἀμοιϐὰς
1527 1623 1824 1694 λαμϐάνειν
1865 1627 1964 1698 τῆς

287 1711 491 1781 ἀρετῆς
513 1729 526 1740 ·
555 1711 672 1764 ἀλλ’
702 1713 889 1785 ἐπειδή
915 1715 973 1766 ἐν
1000 1718 1064 1786 τῇ
1101 1718 1413 1788 προαιρέσει
1449 1721 1515 1790 τῇ
1558 1722 1798 1792 ἡμετέρᾳ
1827 1739 1960 1775 κατ-

285 1806 440 1858 έλιπε
473 1808 610 1876 μετά
638 1809 737 1879 τὴν
765 1809 969 1863 ἀνωθεν
993 1811 1153 1882 χάριν
1182 1813 1242 1865 τὸ
1269 1815 1398 1878 πᾶν,
1421 1814 1509 1868 διά
1534 1816 1690 1869 τοῦτο
1728 1817 1819 1869 καὶ
1847 1821 1960 1881 τοῖς

287 1899 660 1972 ἁμαρτάνουσι
688 1904 934 1967 κολάσεις
963 1905 1302 1971 ἀπόκεινται,
1333 1907 1428 1962 καὶ
1463 1911 1576 1972 τοῖς
1604 1910 1957 1981 κατορθοῦσιν

282 1996 580 2060 ἀντιδόσεις
605 1999 697 2051 καὶ
722 1999 966 2069 ἀμοιϐαί.
1012 2002 1123 2055 Καὶ
1159 1999 1258 2073 ἦν,
1291 2006 1446 2075 φησὶ,
1474 2004 1602 2060 Νῶε
1634 2005 1783 2059 ἐτῶν
1813 2021 1956 2061 πεν-

282 2094 601 2155 τακοσίων,
643 2094 741 2147 καὶ
777 2094 1072 2164 ἐγέννησε
1100 2097 1259 2166 τρεῖς
1295 2099 1485 2166 υιοὺς,
1529 2100 1639 2154 τὸν
1663 2103 1816 2170 Σὴμ,
1847 2105 1955 2158 τὸν

282 2187 431 2254 Χὰμ,
463 2183 572 2239 τὸν
615 2187 823 2256 Ἰάφεθ.
862 2189 1059 2243 Σκόπει
1089 2193 1186 2263 τῆς
1213 2193 1363 2256 Θείας
1408 2195 1631 2266 Γραφῆς
1659 2195 1759 2267 τὴν
1795 2197 1953 2270 ἀκρί-

278 2281 452 2335 ϐειαν.
502 2281 716 2354 Ἐπειδὴ
759 2285 1054 2357 διηγήσατο
1097 2290 1232 2358 ἡμῖν
1275 2289 1386 2342 τῶν
1429 2291 1567 2345 ἐτῶν
1603 2292 1696 2346 τοῦ
1741 2293 1948 2349 δικαίου

279 2375 374 2428 τὸν
405 2377 656 2448 ἀριθμὸν,
684 2379 1000 2436 δεικνύουσα
1023 2383 1122 2452 τῆς
1153 2384 1534 2456 μακροθυμίας
1553 2385 1826 2463 [195L106
1850 2395 1918 2446 Δε
1934 2423 1949 2434 -

279 2472 482 2525 σπότου
506 2473 604 2545 τὴν
636 2475 960 2546 ὑπερϐολὴν,
990 2477 1236 2548 βούλεται
1267 2480 1430 2534 πάλιν
1453 2482 1549 2536 καὶ
1573 2483 1672 2555 τὴν
1698 2486 1946 2543 ἐπίτασιν

278 2574 377 2644 τῆς
411 2575 759 2640 ἀνεξικακίας
789 2578 882 2630 τοῦ
914 2580 1184 2634 Δεσπότου
1212 2583 1378 2654 δήλην
1415 2585 1547 2657 ἡμῖν
1577 2589 1823 2661 ποιῆσαι,
1853 2594 1945 2646 καὶ

279 2671 380 2738 τῆς
407 2670 606 2734 κακίας
630 2670 738 2724 τῶν
765 2673 1064 2744 ἀνθρώπων
1094 2678 1191 2748 τὴν
1226 2679 1425 2752 πολλὴν
1456 2685 1647 2755 φοράν.

353 2773 423 2843 β’.
458 2775 595 2828 Ἀλλ’
613 2776 930 2849 ἀκούσωμεν
952 2781 1128 2833 αὐτῶν
1146 2783 1252 2836 τῶν
1277 2786 1425 2858 παρὰ
1440 2787 1535 2842 τοῦ
1557 2792 1831 2856 Μωῦσέως
1844 2796 1942 2866 ρηο

279 2869 480 2924 θέντων
498 2887 512 2900 ·
549 2871 822 2942 Πνεύματι
842 2875 948 2946 γὰρ
975 2876 1337 2948 φθεγγόμενος
1368 2884 1584 2940 ἃπαντα
1614 2887 1753 2957 μετά
1777 2889 1941 2961 ἀκρι-

275 2965 427 3029 ϐείας
447 2967 594 3036 ἡμᾶς
619 2967 825 3035 διδάξαι
849 2969 1114 3040 βούλεται.
1145 2977 1251 3029 Καὶ
1269 2978 1524 3045 ἐγένετο,
1551 2985 1732 3054 φησὶν,
1755 2986 1940 3054 ἡνίκα

277 3061 535 3128 ἤρξαντο
562 3067 614 3117 al
647 3064 941 3134 ἅνθρωποι
970 3071 1190 3124 πολλοὶ
1232 3074 1499 3142 γίνεσθαι
1521 3078 1622 3132 ἐπὶ
1649 3081 1760 3151 τῆς
1799 3084 1934 3154 γῆς,

280 3157 375 3208 καὶ
435 3159 751 3228 θυγατέρες
810 3162 1225 3233 ἐγεννήθησαν
1290 3172 1514 3240 αὐτοῖς.
1578 3176 1689 3248 Οὐχ
1749 3180 1936 3246 ἁπλῶς

277 3253 575 3324 προσέθηκε
611 3256 692 3320 τὸ,
741 3258 848 3312 Kal
887 3263 1203 3330 θυγατέρες
1241 3265 1657 3338 ἐγεννήθησαν
1710 3278 1932 3345 αὐτοῖς,

272 3347 386 3400 ἀλλ’
416 3350 500 3402 ἵνα
533 3352 593 3404 τὸ
625 3353 758 3405 πολύ
789 3354 990 3425 πλῆθος
1034 3360 1170 3428 ἡμῖν
1215 3363 1450 3438 ἐμφήνῃ.
1486 3367 1658 3423 Ὅπου
1700 3373 1806 3445 γὰρ
1844 3393 1934 3429 το-

271 3445 460 3499 σοῦτον
498 3449 558 3500 τδ
583 3448 690 3501 τῶν
718 3450 885 3520 ῥιζῶν
912 3453 1134 3523 πλῆθος,
1164 3459 1376 3530 ἀνάγκη
1409 3464 1635 3531 πολλοὺς
1660 3471 1932 3528 τίκτεσθαι

267 3542 396 3603 τοὺς
439 3540 685 3603 κλάδους.
751 3545 997 3610 Ἰδόντες
1048 3550 1134 3613 δὲ,
1167 3553 1349 3622 φησὶν,
1394 3560 1450 3610 οί
1495 3561 1611 3614 υἱοὶ
1641 3565 1749 3619 τοῦ
1787 3569 1933 3624 Θεοῦ

267 3635 377 3698 τὰς
443 3635 766 3704 θυγατέρας
810 3639 928 3693 τῶν
972 3642 1314 3712 ἀνθρώπιον,
1368 3651 1457 3704 ὅτι
1519 3659 1702 3711 καλαί
1753 3664 1929 3730 εἰσιν,

266 3728 492 3782 ἔλαϐον
512 3730 745 3797 ἑαυτοῖς
764 3735 1052 3802 γυναῖκας
1072 3739 1189 3792 ἀπὸ
1210 3744 1422 3799 πασῶν
1441 3742 1530 3802 ὧν
1553 3728 1928 3820 ἐξελέξαντο.

278 3825 551 3895 Ἐκάστην
579 3825 722 3890 λέξιν
757 3827 866 3881 τῶν
893 3831 1197 3902 εἰρημένων
1226 3839 1406 3906 σαφῶς
1453 3851 1928 3924 κατοπτεύσωμεν,

265 3921 356 3973 ἴνα
391 3921 557 3990 μηδὲν
583 3923 728 3992 ἡμᾶς
756 3925 1087 3999 παραδράμῃ
1111 3929 1218 3984 τῶν
1242 3935 1300 3988 ἐν
1332 3937 1410 4008 τῷ
1435 3937 1586 4008 βάθει
1617 3921 1930 4023 κεκρυμμέ-

263 4032 394 4070 νων.
429 4016 539 4069 Καὶ
567 4017 674 4088 7&9
701 4019 995 4088 ἀναγκαῖον
1021 4025 1208 4080 τούτου
1235 4031 1328 4084 τοῦ
1361 4038 1559 4107 χωρίου
1603 4016 1803 4116 πολλὴν
1831 4016 1927 4120 τὴν

261 4111 490 4181 ἔρευναν
519 4113 860 4183 ποιήσασθαι,
892 4117 984 4170 καὶ
1007 4120 1304 4193 ἀνατρέψαι
1335 4128 1435 4193 τάς
1473 4111 1794 4207 μυθολογίας
1819 4111 1927 4199 τῶν

261 4207 676 4278 ἀπερισκέπτως
706 4211 878 4264 πάντα
907 4214 1288 4288 φθεγγομένων
1308 4239 1324 4254 ο
1355 4225 1448 4277 καὶ
1471 4229 1686 4298 πρῶτον
1725 4237 1824 4303 μὲν
1847 4242 1925 4292 ει-

261 4302 384 4352 πεῖν
404 4301 540 4368 ειπερ
568 4302 742 4372 λέγειν
778 4307 1034 4377 τολμῶσι,
1051 4313 1143 4365 καὶ
1164 4313 1440 4383 δείξαντας
1458 4322 1558 4392 τὴν
1577 4301 1806 4384 ἀτοπίαν
1819 4335 1924 4387 τῶν

263 4397 393 4466 παρ’
410 4399 586 4452 αὐτῶν
613 4401 939 4470 λεγομένων,
968 4406 1110 4460 οῦτω
1130 4410 1220 4462 τὸν
1253 4413 1424 4487 ἀληθῆ
1441 4418 1565 4472 νοῦν
1593 4426 1691 4494 τῆς
1705 4425 1744 4477 Γ
1750 4434 1923 4502 pacm;

257 4491 464 4556 διδάξαι
504 4496 602 4567 τὴν
632 4498 901 4568 ὑμετέραν
933 4502 1174 4574 ἀγάπην,
1193 4505 1334 4561 ὥστε
1375 4511 1450 4582 μὴ
1478 4491 1663 4582 ἁπλῶς

256 4585 356 4650 τάς
386 4590 552 4653 ἀκοάς
591 4597 703 4657 τοῖς
732 4596 801 4648 τά
843 4595 1133 4669 βλάσφημα
1166 4603 1346 4657 ἐκεῖνα
1385 4608 1790 4684 φθεγγομένοις,
1809 4585 1920 4678 ’καὶ

255 4685 397 4736 κατά
421 4688 520 4755 τῆς
541 4688 747 4743 ἑαυτῶν
779 4691 1018 4763 κεφαλῆς
1047 4695 1284 4766 τολμῶσι
1308 4701 1504 4770 λέγειν.
1534 4709 1670 4764 Φασὶ
1713 4717 1814 4787 γάρ
1837 4719 1916 4774 ὅτι

252 4777 316 4830 οὐ
349 4780 498 4854 περι
515 4779 815 4852 ἀνθρώπιον
843 4786 1002 4841 τοῦτο
1039 4791 1270 4862 εἴρηται,
1303 4797 1438 4853 ἀλλά
1481 4806 1608 4875 περὶ
1637 4777 1912 4878 ἀγγέλωνο

251 4872 473 4936 τούτους
524 4875 632 4945 γὰρ
678 4879 828 4942 υίοὺς
871 4881 1006 4936 Θεοῦ
1067 4893 1492 4963 προσηγόρευσε.
1553 4872 1775 4972 Πρῶτον
1817 4910 1916 4976 μὲν

249 4967 599 5034 δειξάτωσαν,
647 4972 750 5025 ποῦ
788 4975 1009 5044 ἄγγελοι
1054 4983 1160 5036 υίοὶ
1189 4986 1322 5041 Θεοῦ
1367 4967 1911 5071 προσηγορεύθησαν

249 5061 503 5171 ’.οὐκ
530 5064 595 5117 ἀν
623 5065 798 5136 ἐχοιεν
832 5071 1067 5144 οὐδαμοῦ
1115 5078 1300 5144 δεῖξαι.
1343 5061 1651 5158 ’Ἄνθρωποι
1682 5061 1912 5171 μὲνγὰρ

248 5151 556 5224 ἐκλήθησαν
596 5159 702 5210 υίον⁸
735 5159 892 5226 Θεοῦ,
933 5168 1150 5236 ἄγγελοι
1191 5171 1248 5226 δὲ
1289 5151 1558 5246 οὐδαμῶς.
1591 5151 1751 5239 Ἀλλά

251 5250 350 5319 μὲν
381 5251 489 5304 τῶν
535 5254 780 5322 ἀγγέλων
827 5264 991 5332 φησίν
1016 5283 1030 5296 ·
1075 5266 1129 5319 '0
1186 5269 1374 5326 ποιῶν
1427 5276 1569 5342 τοὺς
1616 5250 1912 5354 ἀγγέλοῦς

243 5345 433 5400 αὐτοῦ
469 5350 794 5417 πνεύματα.
838 5357 932 5410 καί
978 5361 1120 5428 τοὺς
1147 5369 1528 5439 λειτουργοὺς
1566 5376 1750 5432 αὐτοῦ
1795 5396 1908 5438 πυ-

235 5444 349 5512 ,οδς
377 5445 574 5512 φλόγα
594 5463 606 5478 ⁶
639 5449 764 5517 περὶ
801 5450 856 5504 δὲ
898 5455 1004 5508 τῶν
1035 5458 1356 5530 ἀνθρώπων,
1409 5469 1548 5539 Ἐγὼ
1572 5469 1710 5527 εἶπα
1729 5492 1741 5505 ⁸
1778 5480 1910 5532 Θεοί

302 5635 322 5660 ⁸
345 5637 425 5686 Sic
447 5639 594 5688 Savil.
626 5642 791 5692 Murri.
825 5654 876 5694 el
911 5649 1074 5700 Monlf.
1099 5658 1245 5708 αὐτῶι
1295 5659 1429 5714 Eon.

529 5744 797 5805 Ρλτιιοι.
833 5749 950 5812 Gn.
987 5752 1144 5819 Llll.

2083 670 2211 733 Nal.
2243 673 2463 742 ἄγγελοι
2513 675 2614 747 μὲν
2641 673 2814 748 ἦσαν·
2860 679 2995 733 διότι
3021 682 3078 736 δὲ
3109 685 3243 755 πρὸς
3291 688 3389 760 τὴν
3437 694 3754 766 παράνομον

2082 764 2287 838 ταύτην
2323 769 2522 841 πρᾶξιν
2575 773 2860 844 κατῆλθον,
2905 778 3005 845 τῆς
3056 777 3212 842 ἀξίας
3257 780 3530 846 ἐξέπεσον.
3583 764 3752 844 Πάλιν

2081 859 2268 931 ἕτερον
2315 864 2740 938 μυθωδέστερον.
2771 868 2839 920 Τί
2867 865 2994 937 οὖνς
3043 870 3140 925 νῦν
3167 873 3440 944 ἐξέπεσον,
3488 883 3582 934 καὶ
3609 882 3748 955 αὕτη

2080 955 2180 1026 τῆς
2211 957 2470 1022 πτώσεως
2499 961 2682 1025 αὐτοῖς
2712 962 2740 1002 ιι
2770 963 2973 1036 ἐστινὴ
3000 966 3182 1033 αίτία;
3214 970 3325 1024 Kal
3353 971 3459 1043 μὴν
3487 976 3520 1045 ἡ
3558 975 3746 1050 Γραφὴ

2078 1048 2251 1112 ἄλλως
2275 1051 2421 1122 ἡμᾶς
2443 1052 2706 1121 διδάσκει,
2726 1055 2808 1109 ὅτι
2829 1058 2922 1112 καὶ
2946 1059 3051 1132 πρὸ
3075 1060 3173 1128 τῆς
3201 1063 3294 1115 τοῦ
3320 1048 3744 1135 πρωτοπλάστου

2075 1142 2429 1216 δημιουργίας
2457 1150 2557 1218 τῆς
2584 1147 2742 1214 ἀξίας
2777 1151 2989 1223 ἐκείνης
3013 1154 3424 1227 κατηνέχθησαν
3453 1160 3545 1212 καὶ
3575 1164 3604 1215 ὁ
3631 1163 3746 1218 διά-

2075 1239 2230 1302 ϐολος
2260 1241 2352 1293 καὶ
2379 1242 2428 1294 οί
2449 1241 2566 1313 μετ’
2594 1243 2781 1312 αὐτοῦ,
2813 1246 3001 1315 μεῖζον
3038 1248 3134 1318 τῆς
3170 1249 3329 1316 ἀξίας
3359 1256 3742 1326 φρονήσαντες,

2079 1335 2327 1407 καθάπερ
2355 1340 2447 1392 καὶ
2479 1341 2640 1411 σοφός
2673 1344 2757 1408 τίς
2788 1361 2956 1415 φησι·
2987 1347 3191 1414 Φθόνφ
3219 1347 3289 1403 δὲ
3325 1352 3432 1406 τοῦ
3459 1353 3743 1416 διαϐόλου

2072 1423 2328 1517 θάνατος
2357 1431 2446 1495 είς
2477 1430 2586 1486 τὸν
2627 1434 2862 1503 κόσμον
2887 1435 3193 1506 εἰσῆλθεν.
3239 1440 3375 1494 Elui
3408 1443 3515 1516 γάρ
3544 1464 3657 1517 μοι.
3689 1455 3741 1505 εί

2071 1510 2148 1580 μὴ
2175 1507 2242 1582 ἦν
2273 1514 2380 1585 πρὸ
2407 1515 2505 1586 τῆς
2533 1517 2626 1570 τοῦ
2654 1518 2939 1591 ἀνθρώπου
2968 1522 3326 1596 δημιουργίας
3346 1507 3737 1600 ἐκπεῆωκῶς,

2068 1608 2186 1671 πῶς
2224 1610 2290 1663 ἂν
2335 1611 2429 1664 ἐπὶ
2459 1614 2558 1683 τῆς
2599 1613 2754 1680 ἀξίας
2788 1617 2964 1686 μένων
3003 1619 3270 1693 ἐϐάσκηνε
3304 1624 3383 1695 τῷ
3426 1628 3735 1703 ἀνθρώπως

2067 1703 2226 1756 Ποῖον
2257 1706 2366 1777 γὰρ
2396 1707 2463 1762 ἂν
2509 1708 2623 1780 ἔχοι
2659 1711 2836 1780 λόγον,
2865 1713 3096 1782 ἄγγελον
3135 1717 3405 1792 ἀνθρώπῳ
3445 1725 3734 1799 βασκῆναι,

2065 1801 2157 1855 τὸν
2203 1803 2490 1875 ἀσώματον
2537 1809 2631 1862 καὶ
2689 1812 2746 1864 ἐν
2802 1813 3041 1888 τοσαύτῃ
3083 1823 3218 1890 τιμῇ
3268 1825 3626 1900 τυγχάνοντα,
3653 1829 3735 1900 τῷ

2063 1895 2223 1967 σῶμα
2281 1903 2680 1974 περικειμένῳς
2740 1905 2878 1959 Ἀλλ’
2933 1910 3121 1982 ἐπειδή
3173 1915 3283 1969 ἀπὸ
3325 1898 3444 1990 τῆς.
3470 1895 3733 1979 ἀνωτάτω

2059 1991 2218 2062 δόξης
2238 1995 2318 2057 εἰς
2347 1996 2584 2068 ἐσχάτην
2607 1999 2831 2070 ἀτιμίαν
2875 2006 3205 2077 κατηνέχθη,
3249 2013 3341 2065 καὶ
3376 2015 3546 2070 ταῦτα
3585 2020 3731 2073 ἀσώ-

2061 2104 2230 2157 ματος
2271 2088 2368 2153 ὢν,
2409 2088 2514 2144 εἶδε
2539 2093 2597 2145 δὲ
2623 2095 2713 2147 τὸν
2741 2094 2890 2169 [196]
2920 2097 3204 2170 ἄνθρωπον
3231 2105 3725 2182 δημιουργηθέντα,

2058 2183 2152 2236 καὶ
2179 2184 2236 2236 ἐν
2290 2183 2505 2255 σώματι
2541 2188 2808 2260 τοσαύτης
2833 2194 3000 2263 τιμῆς
3039 2194 3335 2261 ἀξιωθέντα
3366 2201 3453 2256 διά
3491 2205 3589 2275 τὴν
3629 2211 3725 2261 του

2053 2278 2556 2352 δημιουργήσαντος
2611 2283 3049 2356 φιλανθρωπίαν,
3105 2293 3188 2355 είς
3241 2293 3433 2364 φθόνον
3489 2299 3721 2374 ἐξήφθη,

2053 2373 2148 2424 καὶ
2178 2373 2268 2427 διά
2295 2377 2397 2445 τῆς
2427 2376 2667 2447 ἀπάτης,
2704 2379 2773 2450 ἢν
2799 2379 2888 2434 διά
2929 2382 3021 2436 τοῦ
3053 2385 3229 2455 όφεως
3274 2394 3613 2466 προσήγαγε,
3641 2401 3723 2472 τῷ

2051 2467 2144 2522 τοῦ
2180 2468 2412 2525 θανάτου
2443 2474 2720 2546 ,ἐπιτιμίῳ
2773 2477 3070 2534 ὑπεύθυνον
3109 2484 3202 2536 τὸν
3243 2485 3526 2559 ἄνθρωπον
3582 2467 3720 2548 κατ.-

2051 2564 2337 2620 εσκεύασε.
2381 2565 2634 2622 Τοιοῦτον
2678 2569 2785 2643 γὰρ
2821 2573 2856 2642 ὴ
2885 2575 3149 2646 πονηρία·
3188 2580 3250 2634 οὐ
3280 2581 3500 2639 δύναται
3526 2589 3720 2659 πράως

2051 2662 2236 2730 φέρειν
2262 2661 2362 2733 τὴν
2385 2661 2591 2733 ἐτέρων
2629 2663 2949 2738 εὐημερίαν.
2977 2670 3100 2726 Ὀτι
3131 2673 3234 2744 μὲν
3254 2672 3347 2731 οῦν
3368 2680 3535 2734 πάλαι
3567 2684 3663 2737 καὶ
3685 2686 3719 2738 ό

2045 2753 2288 2820 διάϐολος
2316 2758 2410 2811 καὶ
2437 2760 2588 2813 πᾶσα
2607 2761 2774 2814 αὐτοῦ
2804 2764 2839 2833 ή
2863 2764 3077 2836 φάλαγξ
3102 2770 3166 2822 ἐκ
3201 2773 3297 2843 τῆς
3321 2773 3476 2846 δόξης
3502 2779 3717 2850 ἐκείνης

2044 2850 2322 2917 ἐξέπεσον,
2363 2855 2460 2908 καὶ
2490 2857 2598 2909 τῶν
2630 2857 2995 2929 ἡτιμωμένων
3041 2867 3312 2934 γεγόνασι,
3353 2872 3508 2944 δῆλον
3565 2877 3712 2930 ἀπα-

2047 2966 2132 3004 σιν
2149 2960 2197 3005 ε.
2220 2950 2426 3015 ’Δλλως
2445 2952 2502 3006 δέ
2524 2954 2616 3006 καὶ
2639 2954 2798 3019 ποίας
2817 2957 2917 3011 οὐκ
2937 2958 3004 3012 ἂν
3022 2962 3106 3032 εἴη
3129 2964 3310 3030 ἀνοίας
3333 2969 3636 3042 ἀνάμεστον
3655 2976 3716 3030 τὸ

2042 3045 2240 3116 λέγειν,
2258 3048 2341 3102 ὅτι
2368 3049 2586 3118 ἄγγελοι
2616 3052 2751 3122 πρὸς
2778 3057 3064 3112 συνουσίαν
3085 3063 3357 3130 γυναικῶν
3378 3072 3713 3147 κατηνέχθη-

2044 3160 2162 3208 σαν,
2189 3145 2284 3198 καὶ
2307 3146 2340 3215 ἡ
2366 3145 2657 3218 ἀσώματος
2681 3150 2868 3221 ἐκείνη
2897 3152 3056 3221 φύσις
3081 3158 3215 3229 πρὸς
3242 3161 3340 3233 τὴν
3374 3145 3713 3242 συναλλαγῷ

2041 3239 2147 3291 τῶν
2168 3240 2432 3310 σωμάτων
2455 3244 2703 3318 ὑπήχθης
2725 3248 2792 3300 Ἢ
2805 3249 2905 3302 οὐκ
2929 3251 3147 3321 ἀκούεις
3169 3257 3263 3311 τοῦ
3281 3260 3519 3332 Χριστοῦ
3536 3239 3710 3336 λέγονσ

2039 3352 2130 3400 τος
2153 3339 2281 3409 περὶ
2304 3339 2403 3409 τῆς
2435 3341 2544 3395 τῶν
2573 3344 2818 3413 ἀγγέλων
2841 3348 3030 3414 οὐσίας
3048 3368 3062 3382 ·
3098 3354 3192 3408 Ἐν
3212 3355 3321 3426 γὰρ
3351 3361 3428 3430 τῇ
3447 3365 3711 3422 ἀναστά-

2038 3446 2132 3486 σει
2165 3435 2302 3488 οῦτε
2327 3437 2644 3505 γαμοῦσιν,
2663 3443 2802 3496 οὔτε
2832 3447 3244 3518 γαμίσκονται,
3273 3455 3414 3510 ἀλλ’
3439 3461 3598 3514 είσὶν
3624 3465 3700 3532 ὡς

2037 3529 2279 3598 ἄγγελοι
2302 3531 2449 3585 Θεοῦ
2467 3533 2633 3595 ςυύδὲ
2653 3536 2758 3607 γάρ
2775 3532 2885 3590 οἷόν
2899 3555 2957 3591 τε
2975 3540 3071 3611 τὴν
3088 3543 3376 3614 ἀσώματον
3393 3552 3553 3618 φύσιν
3566 3529 3705 3610 ἐκείἰ

2037 3643 2132 3696 νην
2149 3625 2402 3697 τοιαύτην
2432 3629 2724 3700 ἐπιθυμίαν
2756 3631 3010 3697 δέξασθαί
3043 3653 3192 3694 ποτε.
3238 3643 3380 3712 Πρὸς
3412 3647 3620 3715 τούτοις
3642 3654 3702 3709 δὲ

2037 3726 2255 3779 κάκεῖνο
2269 3728 2514 3797 ἐννοῆσαι
2524 3727 2623 3792 δεῖ,
2635 3730 2717 3782 ὅτι
2730 3732 2905 3802 πάντη
2919 3733 3026 3788 τῶν
3036 3736 3398 3798 ἀτοπωτάτων
3409 3747 3434 3798 ἐ
3443 3749 3525 3801 στὶ
3541 3751 3702 3809 τοῦτο

2033 3819 2285 3885 δέξασθαι
2327 3820 2405 3891 τῷ
2445 3822 2708 3894 λογισμῷ.
2750 3826 2813 3880 El
2837 3827 2948 3899 7&9
2979 3832 3028 3883 οί
3068 3833 3212 3902 ἆγιοι
3239 3838 3335 3890 καὶ
3386 3841 3700 3915 Πνεύματος

2035 3914 2190 3982 ἁγίου
2234 3915 2522 3987 ἠξιωμένοι
2567 3919 2689 3972 οὐδὲ
2732 3922 2996 3978 όπτασίαν
3031 3927 3275 3996 ἀγγέλων
3315 3933 3442 3991 ίδεῖν
3473 3937 3698 4011 ἴσχυσαν

2033 4011 2150 4080 (καὶ
2175 4011 2282 4083 γὰρ
2296 4015 2324 4065 ό
2344 4012 2482 4084 ἀνὴρ
2496 4013 2603 4066 τῶν
2619 4015 2920 4086 ἐπιθυμιῶν
2944 4019 3272 4092 θεασάμενος
3294 4029 3523 4098 ἀγγέλου
3554 4053 3695 4110 παρ-

2031 4105 2239 4172 ουσίαν,
2255 4107 2356 4161 οὐκ
2371 4108 2540 4180 αὐτὴν
2558 4109 2656 4179 τὴν
2674 4110 2878 4165 οὐσίαν·
2907 4113 3025 4178 πῶς
3051 4118 3158 4188 7&9
3186 4113 3298 4174 οἶόν
3322 4139 3380 4176 τε
3403 4125 3694 4198 ἀσώματον

2030 4201 2219 4258 οὐσίαν
2251 4203 2410 4268 ίδεῖν;
2441 4203 2575 4258 ἀλλά
2606 4211 3226 4280 μετασχηματισθεῖσαν,
3277 4217 3374 4289 τὴν
3411 4222 3692 4294 ἐνέργειαν

2031 4297 2228 4370 μικροῦ
2252 4297 2360 4351 δεῖν
2384 4299 2479 4351 καὶ
2499 4299 2669 4370 αὐτὴν
2699 4301 2798 4372 τὴν
2813 4303 2989 4376 ψυχὴν
3011 4307 3242 4378 ἀφῆκεν,
3265 4315 3358 4367 καὶ
3385 4315 3414 4367 ό
3440 4321 3692 4388 τοσοῦτος

2029 4393 2121 4444 καὶ
2147 4392 2462 4462 τηλικοῦτος
2490 4394 2628 4465 ἀνὴρ
2663 4397 2864 4462 ἄπνους
2901 4402 3086 4470 σχεδὸν
3116 4404 3312 4476 ἔκειτο)
3332 4426 3346 4441 ο
3374 4413 3458 4479 τίς
3490 4416 3557 4469 ἀν
3584 4420 3690 4474 κάν

2028 4486 2234 4556 σφόδρα
2258 4488 2515 4560 μεμηνὼς
2533 4485 2590 4563 ᾖ,
2613 4492 2959 4559 καταδέξαιτο
2982 4499 3044 4552 τὸ
3077 4500 3393 4577 βλάσφημον
3411 4511 3568 4566 τοῦτο
3594 4517 3688 4586 ῥῆ-

2029 4600 2106 4655 μα
2133 4585 2231 4638 καὶ
2259 4587 2458 4658 πολλῆς
2481 4589 2651 4660 γέμον
2675 4592 2774 4662 τῆς
2797 4593 3001 4658 ἀνοίας,
3032 4597 3114 4650 ὅτι
3148 4600 3490 4674 ηάσώματος
3522 4585 3685 4678 φύσις

2025 4680 2120 4732 καὶ
2146 4681 2307 4751 νοερά
2340 4682 2605 4753 σωμάτων
2637 4688 2952 4760 συμπλοκῆς
2975 4693 3260 4765 ἠνέσχετος

2023 4901 2199 4971 ξωμεν
2222 4904 2345 4975 είκῆ
2365 4905 2457 4957 τδν
2482 4908 2669 4978 χρόνον
2701 4916 3065 4986 κατατρίϐειν,
3091 4923 3222 4992 φέρε
3251 4927 3434 5001 ἐπειδὴ
3457 4932 3544 4987 διά
3571 4937 3682 4990 τῶν

2020 4999 2358 5068 πραγμάτων
2380 5001 2514 5096 ἐῌπλη
2524 5009 2902 5080 ροφορήσαμεν
2924 5013 3076 5084 ὑμῶν
3099 5019 3195 5090 τὴν
3212 4999 3450 5096 ἀγάπην,
3470 5027 3547 5091 ώς
3570 5032 3681 5086 τῶν

2019 5091 2296 5195 ἀδυνάτων
2325 5093 2484 5148 τοῦτο
2509 5098 2834 5172 καθέστηκε,
2863 5108 2962 5178 τὴν
2999 5111 3256 5182 ἀληθειαν
3291 5091 3398 5174 τῶν
3426 5122 3676 5195 ἐγκείμε-

2018 5195 2126 5288 ἴων
2170 5180 2466 5288 διδάξωμεν
2505 5187 2667 5258 ὑμᾶς,
2707 5194 2867 5249 πάλιν
2915 5180 3239 5269 ἀναγνόντες
3286 5208 3354 5261 τά
3395 5180 3542 5284 παρά
3579 5180 3677 5288 τῆς

2018 5269 2168 5376 θείας
2193 5272 2414 5376 Γρσφῆς
2439 5280 2719 5352 εἰρημένα·
2747 5289 2854 5342 Καὶ
2880 5290 3138 5359 ἐγένετο,
3157 5300 3340 5369 φησὶν,
3360 5269 3539 5372 τινιὶια
3569 5269 3672 5376 ﬁ}:

2017 5363 2200 5429 ξαντο
2228 5371 2282 5423 οι
2304 5369 2598 5442 ἄνθρωποι
2620 5383 2832 5435 πολλοὶ
2857 5385 3121 5451 γίνεσθαι
3275 5363 3395 5464 τῆς
3421 5398 3558 5472 γῆς,
3576 5363 3672 5458 Jul

2078 5623 2104 5687 l3
2129 5625 2225 5687 ᾼΙὶἱ
2251 5632 2333 5683 τῆς
2357 5629 2583 5687 πτώσεως
2608 5635 2776 5682 αὐτῶν.

2081 5685 2101 5710 ε
2129 5685 2274 5735 Sull.
2301 5689 2434 5737 εόάιι
2463 5691 2516 5739 ἐκ
2549 5685 2642 5740 τῶν
2657 5695 2933 5757 ἱίρημινων.
3320 5760 3397 5818 η
