4144 6200
433 296 530 354 989

428 588 684 653 omnibus,
713 605 838 661 quas
867 591 1138 660 elegerant.
1172 587 1325 641 Prius
1351 585 1630 639 docuimus
1657 597 1782 646 vos,
1810 595 2014 635 morem

435 695 556 734 esse
584 679 892 750 Scripturze,
937 690 995 733 ut
1039 679 1282 733 homines
1313 675 1448 731 ﬁlios
1476 675 1566 729 Dei
1593 682 1767 729 vocet.
1801 672 1868 727 Et
1893 673 2016 742 quia

429 770 513 824 isti
543 786 572 824 a
601 771 768 827 Setho
801 772 1061 841 originem
1089 770 1409 834 trahebant,
1442 777 1497 824 et
1540 768 1609 822 ab
1631 767 1748 836 ejus
1777 766 1886 820 ﬁlio
1925 764 2014 834 qui

427 862 726 928 appellatus
753 871 834 917 cst
863 861 1006 918 Enos
1036 880 1050 916 :
1095 861 1224 916 dicit
1249 862 1389 915 enim
1433 878 1447 913 :
1493 857 1601 912 Iste
1623 857 1841 928 speravit
1866 856 2012 910 invo-

434 969 551 1006 care
588 969 768 1008 nomen
807 954 1020 1009 Domini
1055 952 1154 1008 Dei
1189 971 1210 1010 :
1238 955 1306 1010 ab
1336 955 1426 1009 illo
1456 963 1634 1023 postea
1661 952 1765 1006 nati
1787 993 1803 1018 ,
1836 951 2011 1005 vocati

429 1053 553 1099 sunt
591 1045 682 1098 ﬁlii
714 1046 804 1101 Dei
846 1047 898 1100 in
941 1047 1135 1100 divinis
1182 1045 1502 1115 Scripturis,
1550 1054 1829 1114 propterea
1873 1043 2013 1113 quod

429 1151 666 1204 cousque
698 1147 972 1206 parentum
992 1139 1240 1191 virtutem
1273 1138 1458 1190 imitati
1480 1146 1640 1190 sunt:
1673 1135 1807 1189 ﬁlios
1834 1146 2010 1189 autem

429 1228 557 1280 Cair.
586 1238 640 1281 ut
667 1229 756 1298 qui
775 1245 842 1284 ex
865 1245 929 1284 eo
953 1231 1084 1296 nati,
1109 1240 1161 1284 et
1186 1230 1418 1300 quiante
1442 1227 1572 1284 Seth
1597 1226 1759 1298 geniti
1779 1225 2011 1292 fuerunt,

431 1317 573 1373 ﬁlius
595 1318 869 1374 hominum
899 1331 1070 1375 vocat.
1096 1319 1313 1375 Factum
1337 1331 1411 1373 est
1433 1360 1450 1387 ,
1486 1320 1679 1388 inquit,
1707 1334 1820 1371 cum
1849 1333 2013 1387 cmpe-

429 1418 548 1461 runt
573 1409 798 1464 homines
824 1412 1154 1480 multiplicari
1196 1428 1347 1480 super
1388 1419 1618 1472 terram,
1659 1424 1699 1461 e-
1736 1408 1858 1476 ﬁlim
1881 1417 2015 1459 παίω

427 1509 543 1552 sunt
569 1500 711 1554 illis:
741 1510 796 1554 ut
812 1502 1039 1555 viderunt
1065 1501 1159 1570 ﬁlii
1191 1499 1303 1566 Dei,
1327 1501 1418 1570 qui
1445 1515 1475 1554 a
1509 1498 1638 1554 Seth
1669 1508 1722 1552 et
1759 1499 1826 1552 ab
1868 1497 2012 1552 Enos

429 1591 712 1658 progeniti,
727 1592 864 1660 ﬁlias
885 1593 1164 1658 hominum,
1193 1593 1306 1646 illas
1332 1607 1448 1662 qua!
1469 1591 1536 1645 ab
1561 1590 1676 1643 aliis
1702 1599 1838 1644 nata:
1863 1597 2009 1654 sunt,

424 1681 494 1732 de
521 1682 714 1749 quibus
741 1682 876 1736 dixit
902 1684 1044 1753 quod
1090 1683 1242 1738 Filia:
1268 1694 1402 1736 natat
1432 1683 1534 1737 sint
1556 1682 1680 1747 illis,
1716 1682 1865 1748 Quod
1889 1681 2010 1750 pul-

423 1773 563 1824 chra:
577 1782 757 1825 essent.
791 1773 921 1828 Vide
945 1776 1215 1844 quomodo
1259 1790 1356 1845 per
1381 1773 1600 1827 verbum
1649 1772 1750 1828 hoc
1793 1786 2008 1826 omnem

427 1862 579 1916 nobis
602 1877 789 1918 eorum
810 1864 1278 1934 intemperantiam
1309 1865 1560 1919 insinuet.
1605 1863 1722 1918 Non
1760 1865 1900 1918 enim
1941 1862 2012 1918 ob

425 1952 750 2008 desiderium
794 1956 1247 2022 procreandorum
1301 1955 1528 2010 ﬁliorum
1572 1956 2008 2021 conveniebant,

428 2043 520 2095 sed
548 2045 618 2096 ob
655 2044 980 2113 voluptatem
1006 2055 1063 2100 et
1104 2046 1567 2115 intemperantiam
1599 2061 1612 2097 :
1649 2045 1716 2099 Ut
1743 2047 1968 2099 viderunt
1990 2085 2009 2113 ,

429 2136 638 2203 inquit,
665 2135 804 2202 ﬁlias
833 2136 1113 2198 hominum,
1146 2137 1282 2204 quod
1320 2136 1548 2206 pulchra:
1585 2145 1766 2189 essent.
1804 2136 2013 2190 Concu-

431 2228 684 2294 pisceutia
724 2226 938 2282 fornuc‘
982 2228 1101 2282 illos
1143 2227 1195 2282 in
1238 2227 1374 2282 hanc
1422 2228 1628 2282 induxit
1670 2228 1958 2297 perniciem
1991 2268 2010 2294 ,

431 2317 771 2387 pulchritudo
819 2329 1068 2389 aspectus
1120 2321 1460 2375 scortationis
1485 2329 1540 2375 et
1586 2321 2012 2389 intemperantia:

426 2411 506 2466 eis
545 2412 757 2465 occasio
803 2411 918 2465 fuit.
975 2414 1038 2466 Et
1088 2427 1259 2483 neque
1299 2412 1351 2467 id
1392 2413 1524 2468 satis
1570 2412 1777 2466 habens
1817 2412 2007 2467 addit:

426 2503 766 2569 Sumpserunt
779 2503 876 2558 sibi
889 2504 1013 2575 ipsis
1040 2520 1223 2558 uxores
1249 2503 1314 2557 de
1329 2503 1576 2569 omnibus,
1597 2521 1721 2576 quas
1736 2506 2008 2574 elegerant:

423 2593 566 2661 quod
592 2595 751 2648 etiam
772 2609 1015 2664 magnam
1045 2595 1254 2650 illorum
1275 2595 1733 2664 intemperantiam
1756 2595 2008 2659 insinuat,

427 2683 568 2752 quod
600 2700 628 2736 a
652 2685 1050 2753 pulchritudine
1075 2687 1200 2741 victi
1235 2697 1380 2752 sunt,
1404 2697 1461 2742 et
1498 2685 1708 2740 frenum
1737 2688 2011 2755 imponere

425 2773 743 2830 inordinata:
768 2777 1212 2846 concupiscentiae
1241 2793 1353 2833 sua:
1396 2793 1503 2833 non
1535 2779 1819 2834 valuerunt
1851 2794 1867 2831 :
1913 2775 2007 2832 sed

425 2869 717 2936 spectando
755 2870 894 2939 capti
926 2871 1294 2942 submersique
1323 2880 1467 2934 sunt,
1497 2880 1658 2941 atque
1691 2870 1760 2926 ob
1788 2870 2006 2939 impium

425 2959 527 3012 hoc
557 2975 690 3030 opus
730 2975 958 3030 superna
993 2961 1321 3030 providentia
1363 2977 1483 3017 sese
1519 2974 1717 3016 vacuos
1756 2960 2007 3016 reddide-

425 3061 567 3106 runt.
596 3053 662 3105 Et
684 3062 742 3107 ut
764 3053 1034 3108 discamus
1060 3055 1204 3124 ipsos
1224 3069 1330 3109 non
1357 3055 1473 3124 lege
1490 3054 1814 3124 nuptiarum,
1834 3069 2008 3124 neque

425 3145 875 3212 procreandorum
918 3146 1144 3199 ﬁliorum
1185 3147 1354 3216 gratia
1395 3147 1497 3203 hoc
1539 3147 1756 3212 fecisse,
1789 3158 2009 3217 propter

423 3233 524 3289 hoc
539 3234 669 3290 dicit
695 3252 708 3288 ε
733 3235 1050 3295 Utvitlerunt
1070 3239 1206 3307 quod
1231 3239 1460 3308 pulchra
1487 3249 1664 3303 essent,
1689 3247 2008 3309 sumpserunt

421 3328 741 3398 sibimetipsis
779 3344 962 3382 uxores
1001 3331 1063 3383 de
1089 3330 1318 3384 omnibus
1339 3371 1354 3395 ,
1395 3347 1519 3398 quas
1555 3331 1825 3402 elegerant.
1869 3329 2007 3398 Quid

426 3420 626 3488 igitur?
667 3421 1093 3488 reprchendetne
1130 3421 1321 3490 aliquis
1363 3435 1634 3490 aspectum
1678 3422 2007 3477 oculorum?

423 3507 538 3562 Non
572 3527 586 3561 :
622 3525 796 3578 neque
820 3511 960 3563 enim
985 3511 1172 3563 oculus
1195 3511 1363 3563 ruinae
1391 3525 1549 3564 causa
1594 3511 1692 3564 fuit
1716 3549 1734 3576 ,
1783 3510 1877 3564 sed
1913 3526 2010 3564 vo-

425 3602 642 3655 luntatis
672 3602 989 3671 negligentia
1014 3610 1069 3654 et
1094 3600 1350 3654 elI'renata
1381 3601 1832 3669 concupiscentia.
1873 3601 2008 3656 Nam

424 3693 610 3745 oculus
642 3699 920 3760 propterea
963 3690 1132 3743 factus
1157 3699 1240 3743 est
1266 3731 1282 3754 ,
1311 3700 1367 3742 ut
1411 3689 1536 3742 dum
1570 3690 1711 3743 videt
1738 3701 2010 3744 creaturas

428 3783 544 3847 Dei,
586 3783 818 3852 ipsarum
846 3781 1186 3837 Conditorem
1217 3780 1471 3836 celebret.
1507 3782 1685 3851 Itaque
1709 3783 1846 3836 oculi
1875 3799 2010 3854 opus

423 3887 507 3929 est
532 3876 715 3930 videre
747 3892 760 3928 :
801 3875 942 3930 male
978 3883 1155 3929 autem
1191 3874 1372 3929 videre
1396 3914 1410 3938 ,
1450 3889 1480 3926 a
1521 3881 1699 3929 mente
1724 3883 1838 3941 est,
1888 3892 2009 3946 qua:

423 3965 749 4022 intrinsecus
768 3966 1048 4036 gubernat.
1091 3965 1224 4020 Nam
1264 3965 1504 4020 membra
1544 3975 1724 4020 nostra
1751 3967 1897 4020 utilia
1938 3967 2007 4021 ad

425 4057 622 4111 bonum
652 4056 978 4125 operandam
1005 4055 1214 4112 condita
1238 4067 1360 4112 sunt
1383 4070 1412 4111 a
1441 4057 1667 4111 Domino
1685 4099 1700 4120 ,
1727 4067 1782 4112 et
1809 4059 2008 4129 guber-

423 4151 536 4201 nari
566 4164 626 4202 ea
664 4149 927 4204 concessit
953 4149 1021 4203 ab
1047 4150 1358 4220 incorporea
1387 4149 1704 4213 substantia,
1735 4150 1802 4206 de
1830 4152 2007 4206 anima

419 4240 562 4294 dico.
611 4240 897 4308 Postquam
921 4250 1099 4295 autem
1129 4241 1246 4296 ba:c'
1269 4240 1541 4310 negligens
1567 4258 1708 4307 esse,
1737 4251 1794 4298 et
1840 4243 2006 4298 babe-

423 4347 519 4386 nas
550 4333 728 4388 laxare
770 4334 992 4404 coeperit
1015 4374 1030 4398 ,
1073 4334 1520 4403 quemadmodum
1551 4336 1730 4405 auriga
1762 4336 2007 4393 nesciens

419 4438 680 4492 equorum
725 4421 974 4478 ferociam
1001 4438 1347 4493 compescere
1371 4466 1386 4490 ,
1421 4426 1658 4480 remissis
1702 4425 1866 4482 frenis
1890 4467 1905 4491 ,
1954 4438 2008 4483 et

423 4532 586 4584 equos
613 4531 830 4571 currum
861 4515 1133 4570 trahentes
1165 4527 1217 4572 et
1245 4519 1478 4587 seipsum
1521 4520 1570 4573 in
1608 4534 1846 4589 praeceps
1873 4520 2008 4590 deji-

420 4605 529 4658 cit:
563 4605 641 4660 sic
669 4605 827 4674 plane
851 4615 904 4658 et
929 4606 1176 4660 voluntas
1224 4616 1403 4661 nostra
1438 4609 1866 4679 quandoquidem
1913 4625 2009 4665 ne-

420 4697 521 4749 scit
565 4695 819 4749 membris
864 4704 922 4749 ut
967 4705 1180 4766 oportet
1217 4698 1324 4760 uti,
1374 4699 1686 4755 inordinatis
1727 4701 2007 4772 indulgens

418 4787 865 4852 concupiscentiis
890 4787 1124 4857 seipsam
1154 4790 1465 4861 submergit.
1514 4791 1800 4862 Propterea
1831 4795 2008 4849 Domi-

421 4890 524 4928 nus
555 4885 737 4930 noster
760 4877 1026 4946 Christus,
1050 4880 1226 4935 sciens
1239 4880 1475 4951 fragilem
1503 4893 1737 4940 nostram
1760 4896 2004 4942 naturam

419 4976 472 5020 et
502 4968 790 5024 voluntatis
812 4971 1208 5042 negligentiam,
1236 4975 1408 5044 legem
1439 4979 1611 5045 posuit
1636 4995 1755 5048 qua:
1777 4982 2010 5036 muniret

419 5071 484 5110 ac
511 5055 819 5126 prohiberet
845 5062 1110 5118 curiosam
1141 5066 1655 5135 considerationem,
1688 5078 1748 5124 ut
1782 5086 2006 5127 nascens

420 5145 473 5200 in
493 5146 980 5216 nobisincendium,
999 5169 1119 5208 cum
1139 5154 1316 5210 adhuc
1347 5158 1526 5225 procul
1551 5169 1656 5224 εει,
1671 5162 2002 5232 exstinguat;

421 5247 472 5291 et
503 5239 572 5291 ait
599 5253 615 5291 :
649 5238 750 5304 Qui
776 5243 957 5312 aspicit
979 5244 1261 5308 mulierem,
1291 5257 1347 5301 ut
1366 5250 1685 5317 concupiscat
1711 5253 1872 5314 illam,
1893 5257 2004 5325 jam

419 5329 724 5382 adulterium
749 5334 995 5387 commisit
1018 5352 1133 5390 cum
1162 5338 1253 5391 illa
1280 5339 1333 5392 in
1376 5342 1527 5394 corde
1569 5358 1661 5395 suo
1689 5343 1708 5414 (
1731 5343 1918 5398 Matth.
1950 5349 2002 5401 5.

418 5419 532 5490 28).
576 5421 798 5491 Propter
840 5423 978 5489 hoc,
1031 5428 1220 5498 inquit,
1269 5430 1529 5486 interdico
1578 5433 1730 5488 vobis
1762 5436 2002 5491 illicitqu

418 5512 628 5575 visum,
679 5521 734 5565 ut
762 5514 830 5567 ab
858 5529 1017 5582 opere
1050 5518 1234 5575 illicito
1279 5537 1374 5576 vos
1415 5522 1657 5580 liberem.
1703 5525 1781 5579 Nc
1810 5537 1958 5596 putes
1985 5569 2000 5593 ,

480 5692 495 5722 '
536 5691 658 5745 Vox.
677 5692 872 5758 lorum,
897 5694 1039 5746 deest
1065 5698 1112 5745 iu
1139 5699 1423 5760 quibusdam
1443 5710 1547 5754 Mss.
1877 5707 1903 5731 ⁸

1266 287 1328 345 IN
1368 289 1519 344 CAP.
1563 287 1625 341 γ.
1670 283 1755 342 ET
1811 283 1894 337 Vl.
1947 276 2197 335 GENES.
2237 277 2464 338 HOMIL.
2510 279 2673 336 XX".

331 389 342 396 ’
429 421 562 463 nata:
582 419 697 462 sunt
727 409 830 462 illis
857 422 874 459 :
906 415 962 460 ut
1003 405 1233 460 viderunt
1275 403 1371 474 ﬁlii
1413 401 1509 455 Dei
1538 402 1673 470 ﬁlias
1711 399 2007 458 hominum,
2048 471 2098 489 Α

411 501 563 569 quod
588 499 815 570 pulchr-te
840 507 1020 564 essent,
1048 504 1366 564 sumpserunt
1398 493 1717 562 sibimetipsis
1744 505 1927 544 umores
1955 489 2018 541 de
2064 550 2079 560 ι

3610 289 3714 350 190

2125 389 2310 461 inquit.
2343 405 2630 460 congressu
2663 392 2836 447 solum
2861 406 3133 464 peccatum
3162 397 3270 454 ﬁeri
3301 419 3314 454 :
3347 402 3599 460 voluntas
3632 417 3716 461 est

2117 495 2238 549 quae
2282 484 2690 536 condemnatur.
2743 482 2905 554 Igitur
2947 497 3001 541 ct
3043 488 3094 541 bi
3136 491 3262 542 vim!
3301 493 3718 562 pulchritmiinis

2118 575 2424 641 spectaculo
2463 577 2600 645 capti
2643 586 2787 630 sunt.
2841 577 3081 634 Viderunt
3121 584 3290 650 enim,
3337 585 3547 655 inquit,
3572 603 3716 662 quod

2118 661 2347 730 pulchra:
2382 677 2564 731 essent,
2595 676 2644 720 et
2671 680 2990 738 suntpserunt
3013 671 3106 725 sibi
3133 689 3314 729 umores
3357 692 3421 731 ea:
3457 661 3711 744 omnibus,

2117 771 2243 822 quas
2291 757 2561 827 ett-gerant.
2611 758 2717 812 Sed
2765 759 3042 818 videamus
3089 764 3252 818 etiam
3299 777 3423 836 post
3471 769 3711 826 illicitani

2120 844 2329 900 illorum
2356 849 2740 916 operationem.
2782 860 2840 907 et
2866 854 3311 924 intemperantem
3330 861 3574 915 animum
3609 865 3714 919 Do-

2118 935 2248 990 mini
2281 937 2372 992 Dei
2392 938 2707 995 bonitatem.
2735 943 2790 997 '5.
2817 941 2981 1010 Dixit,
3013 945 3217 1016 inquit,
3252 948 3504 1007 Dominus
3533 952 3669 1009 Deus
3690 973 3711 1011 :

2121 1026 2172 1080 Ν
2178 1043 2242 1081 on
2270 1031 2578 1097 permanebit
2604 1031 2830 1100 Spiritus
2864 1052 3001 1090 meus
3028 1037 3081 1090 in
3108 1037 3394 1094 horninibus
3427 1042 3506 1096 his
3534 1044 3585 1096 in
3613 1061 3713 1099 sieo

2117 1119 2308 1183 calum,
2332 1137 2389 1174 eo
2407 1123 2546 1192 quod
2566 1125 2664 1190 ipsi
2691 1141 2868 1181 carnes
2897 1129 3016 1181 sint.
3047 1128 3213 1185 Erunt
3241 1143 3408 1186 autem
3431 1136 3539 1191 dies
3565 1138 3708 1208 ipso-

2116 1227 2230 1264 rum
2257 1223 2455 1267 centum
2475 1216 2652 1286 viginti
2670 1219 2812 1272 anni.
2853 1219 2950 1276 Hic
2979 1222 3030 1276 in
3067 1226 3248 1292 paucis
3276 1227 3455 1283 verbis
3481 1231 3705 1305 abyssus

2118 1303 2497 1362 misericordiae
2527 1308 2692 1364 videri
2720 1321 2918 1380 potest.
2965 1312 3032 1368 Et
3059 1316 3208 1380 αἰπὺ.
3239 1319 3428 1388 inquit,
3453 1303 3706 1380 Dominus

2118 1392 2257 1448 Deus
2287 1411 2307 1449 :
2333 1395 2454 1451 Non
2484 1401 2792 1469 permanebit
2815 1404 3039 1472 Spiritus
3063 1424 3200 1462 meus
3228 1409 3281 1463 in
3308 1410 3596 1470 [torninibus
3629 1419 3712 1474 Itis

2115 1485 2170 1540 in
2194 1489 2454 1554 swculnm,
2481 1507 2539 1544 eo
2570 1493 2704 1561 quod
2723 1495 2822 1565 ipsi
2848 1512 3026 1552 carnes
3049 1500 3172 1554 sint.
3213 1500 3467 1571 Spiritum
3499 1507 3584 1561 hic
3615 1524 3710 1578 po-

2119 1579 2338 1634 tentiam
2367 1596 2538 1647 suam,
2562 1601 2664 1653 qua
2689 1602 2870 1641 curam
2900 1591 3068 1644 nostri
3098 1593 3240 1660 agit,
3281 1608 3468 1652 vocat.
3493 1599 3707 1656 illorttm

2120 1666 2394 1724 interitum
2425 1676 2808 1742 prtenuntians.
2851 1677 2921 1732 Et
2949 1690 2998 1734 ut
3028 1682 3168 1736 scias
3200 1683 3298 1738 hac
3321 1685 3388 1742 de
3413 1703 3476 1743 re
3503 1703 3710 1745 sermo-

2118 1775 2239 1814 nem
2262 1761 2468 1827 habcri,
2497 1766 2620 1821 vide
2643 1767 2769 1836 quid
2794 1769 3074 1827 subdatur.
3109 1773 3186 1828 Eo
3205 1778 3342 1844 quod
3369 1779 3490 1849 ipsi,
3517 1781 3707 1854 inquit,

2115 1866 2294 1906 carnes
2321 1855 2422 1908 sint
2463 1871 2482 1910 :
2525 1856 2626 1912 hoc.
2667 1869 2779 1926 est,
2823 1877 2892 1917 eo
2926 1865 3068 1933 quod
3115 1869 3417 1926 carnalibus
3457 1856 3715 1942 operibus.

2114 1946 2321 2013 seipsos
2349 1957 2491 2002 totos
2516 1949 2733 2018 dedant,
2763 1963 2818 2008 et
2844 1956 3036 2010 animze
3073 1960 3368 2016 substantia
3393 1967 3706 2033 abutantur,

2113 2043 2171 2086 et
2199 2037 2351 2102 quasi
2391 2039 2504 2092 sola
2535 2055 2695 2096 carne
2736 2043 3050 2100 circumdati
3094 2051 3269 2106 anima
3319 2069 3596 2124 carerent,
3630 2063 3709 2115 sic

2118 2125 2282 2181 vitam
2322 2144 2472 2184 suam
2517 2132 2820 2188 absumant.
2878 2137 3170 2208 Perpetuus
3211 2145 3355 2199 enim
3417 2149 3706 2220 Scriptura:

2121 2231 2241 2272 mos
2268 2227 2370 2283 cst,
2403 2235 2619 2275 carnem
2649 2239 2842 2280 vocare
2866 2231 3144 2285 carnales:
3171 2233 3308 2290 sicut
3347 2238 3705 2310 virtute-pra:—

2119 2315 2364 2374 stantes,
2413 2313 2592 2366 carnis
2635 2325 2883 2384 expertes
2931 2321 3209 2377 nominat:
3253 2331 3703 2396 quemadmodum

2117 2395 2312 2450 Paqus
2333 2397 2496 2453 dicit:
2527 2400 2626 2456 Vos
2650 2413 2817 2459 autem
2842 2423 2942 2461 non
2957 2411 3076 2464 estis
3101 2412 3154 2466 in
3175 2430 3325 2469 carne
3347 2417 3522 2489 (Rom.
3545 2422 3601 2478 8.
3624 2426 3699 2493 9):

2117 2503 2223 2542 non
2264 2490 2404 2559 quod
2449 2507 2556 2546 non
2599 2509 2764 2551 carne
2807 2498 3121 2556 circumdati
3168 2515 3389 2575 essent,
3439 2513 3534 2566 sed
3581 2490 3700 2582 quia

2115 2595 2276 2636 carne
2299 2584 2635 2652 circumdati,
2650 2592 2952 2658 superiores
2971 2604 3121 2650 erant
3134 2600 3442 2657 carnalibus
3460 2605 3704 2661 atl'ectio-

2116 2674 2272 2728 nibus
2300 2685 2356 2730 et
2372 2678 2638 2733 sensibus.
2662 2681 2792 2736 Nam
2825 2683 2960 2740 sicut
2991 2686 3107 2742 istis
3130 2689 3342 2747 dicebat
3373 2711 3387 2746 :
3416 2694 3517 2750 Vos
3533 2709 3704 2755 autc-ru

2114 2780 2216 2818 non
2237 2767 2356 2822 estis
2380 2770 2434 2822 in
2463 2787 2632 2838 carne,
2664 2787 2732 2827 eo
2751 2775 2893 2843 quod
2923 2780 3157 2834 carnalia
3189 2781 3551 2853 despiciebant
3581 2807 3597 2845 :
3629 2792 3703 2847 ita

2114 2865 2168 2910 et
2195 2856 2262 2911 de
2290 2859 2394 2914 illis
2425 2860 2636 2928 dicitur,
2659 2865 2800 2932 quod
2825 2867 2929 2922 sint
2957 2884 3149 2927 carnes
3169 2914 3182 2934 .
3209 2888 3276 2927 eo
3302 2877 3444 2946 quod
3469 2884 3707 2937 carnali-

2116 2945 2218 3002 bus
2245 2949 2406 3003 rebus
2431 2955 2684 3006 continuo
2711 2955 2816 3009 sint
2843 2961 3108 3029 occupati.
3144 2960 3222 3016 Eo
3245 2945 3384 3034 quod
3405 2968 3504 3038 ipsi
3528 2986 3703 3026 carnes

2111 3037 2234 3103 sint,
2264 3054 2369 3095 non
2401 3041 2540 3097 ultra
2561 3044 2850 3100 concedam
2877 3048 2958 3104 eis
2981 3059 3037 3104 ut
3064 3056 3296 3120 peccatis
3322 3057 3434 3112 suis
3462 3060 3706 3133 coinqui-

2114 3140 2326 3184 nentur.

2181 3221 2235 3274 4.
2269 3221 2454 3277 Vidisti
2496 3225 2873 3297 indignationis
2903 3235 3364 3302 magnitudinem?
3391 3240 3566 3297 vidisti
3598 3245 3700 3299 mi-

2114 3328 2300 3368 narum
2333 3317 2772 3376 vehementiam?
2811 3325 3108 3381 Considera
3139 3329 3297 3383 etiam
3324 3336 3592 3401 quomodo
3619 3337 3703 3390 iri-

2116 3405 2473 3462 terminationi
2500 3419 2554 3464 et
2580 3412 2928 3481 indignationi
2952 3418 3369 3474 misericordiam
3394 3423 3699 3480 admiscuit.

2112 3495 2260 3550 Talis
2288 3498 2432 3551 enim
2472 3509 2554 3554 est
2587 3501 2844 3557 Dominus
2887 3515 3069 3562 noster
3097 3523 3113 3562 :
3143 3511 3376 3564 minatur
3401 3527 3566 3582 sarpe,
3599 3533 3702 3573 non

2115 3595 2174 3637 ut
2193 3601 2356 3655 opere
2369 3590 2636 3658 compleat
2665 3593 2855 3659 minas,
2881 3596 2976 3650 sed
2999 3606 3053 3650 ut
3077 3600 3334 3654 correctis
3360 3603 3515 3658 nobis
3532 3609 3701 3663 mimis

2116 3691 2220 3731 non
2247 3677 2313 3731 ad
2339 3693 2472 3748 OpIIS
2498 3682 2772 3752 perducat.
2815 3686 3026 3757 Alioqui
3059 3689 3104 3742 si
3148 3691 3338 3760 punire
3367 3696 3559 3764 vellet,
3605 3716 3698 3754 cur

2116 3770 2469 3837 praediceret?
2510 3773 2616 3828 Sed
2646 3776 2767 3844 quia
2796 3794 2900 3832 non
2928 3779 3074 3846 vult,
3110 3797 3324 3852 seraper
3347 3797 3625 3846 cunctatur
3647 3804 3701 3847 et

2117 3876 2322 3914 moram
2352 3866 2536 3929 nectit,
2561 3876 2614 3920 et
2635 3866 2833 3933 diﬁ'ert,
2864 3878 2918 3923 et
2945 3872 3204 3940 medicit,
3234 3878 3571 3935 occasionem
3600 3885 3701 3940 reis

2114 3963 2395 4021 pnestans,
2423 3965 2482 4009 ut
2510 3955 2761 4027 fugiendo
2789 3961 3043 4016 malitiam
3071 3974 3124 4019 et
3149 3969 3404 4022 sectanda
3432 3972 3700 4040 virtutem,

2116 4062 2304 4116 panius
2333 4064 2437 4102 non
2464 4053 2827 4118 experiantur.
2871 4053 3053 4125 Itaque
3082 4068 3362 4129 postquam
3386 4065 3665 4120 intermina
3689 4096 3704 4106 -

2116 4147 2201 4192 tus
2253 4147 2335 4193 est
2372 4139 2494 4193 illos
2537 4156 2597 4196 se
2633 4144 3062 4201 exterminationi
3105 4152 3337 4217 generali
3385 4154 3701 4214 traditurum

2113 4228 2241 4298 (hoc
2267 4231 2408 4284 enim
2434 4241 2537 4299 cst,
2557 4231 2676 4287 Non
2705 4237 3014 4304 permanebit
3043 4239 3270 4308 Spiritus
3301 4260 3436 4300 meus
3456 4246 3508 4299 in
3537 4248 3702 4303 Itami-

2113 4319 2258 4374 nibus
2294 4322 2402 4376 istis
2423 4365 2436 4388 ,
2479 4340 2537 4376 eo
2565 4326 2702 4393 quod
2741 4326 2842 4396 ipsi
2879 4329 2980 4382 sint
3008 4345 3186 4385 carnes
3218 4349 3237 4387 :
3277 4349 3342 4388 ac
3372 4336 3416 4389 si
3460 4337 3702 4407 diceret,

2114 4411 2228 4466 Non
2252 4413 2424 4467 sinam
2454 4416 2574 4470 illos
2605 4417 2826 4486 posthac
2853 4420 3078 4492 vivere),
3110 4439 3213 4477 non
3243 4437 3525 4484 contentus
3549 4433 3700 4501 quin-

2112 4515 2391 4575 gentorum
2417 4523 2682 4564 annorum
2711 4513 2998 4581 patientia,
3030 4531 3134 4585 qua
3165 4532 3260 4586 per
3293 4535 3508 4578 omnem
3538 4526 3698 4578 vitam

2113 4597 2246 4664 Noe,
2295 4600 2479 4654 audito
2517 4600 2658 4655 illius
2691 4604 2906 4658 nomine
2933 4605 3280 4675 docebantur,
3331 4626 3473 4666 nunc
3505 4613 3696 4668 iterum

2116 4688 2429 4756 protrahens
2449 4698 2505 4744 et
2527 4691 2781 4748 diﬁ‘erens
2802 4693 3240 4763 indignationem,
3269 4699 3410 4752 aliud
3433 4701 3538 4754 illis
3566 4713 3700 4756 tem-

2114 4793 2213 4846 pus
2238 4779 2540 4847 pmescribit
2563 4789 2616 4834 et
2640 4782 2810 4835 dicit:
2841 4781 3216 4838 Interminatus
3244 4801 3385 4853 sum,
3417 4798 3471 4845 et
3496 4789 3604 4846 dixi
3643 4803 3698 4846 et
3758 4777 3762 4840 ί

2116 4870 2286 4938 palam
2318 4870 2416 4926 feci
2440 4887 2611 4926 meam
2642 4873 3077 4942 indignationem,
3106 4895 3267 4948 quam
3303 4882 3373 4936 ob
3398 4885 3696 4941 multitudi-

2116 4979 2237 5017 nem
2284 4973 2624 5034 peccatorum
2653 5006 2670 5031 ,
2719 4982 2838 5036 qua:
2875 4971 3081 5038 operati
3111 4973 3244 5027 estis
3266 5016 3281 5038 ,
3336 4978 3487 5031 vobis
3517 4979 3698 5033 inferni

2109 5057 2314 5122 justum
2359 5065 2442 5110 est
2490 5072 2504 5109 :
2556 5057 2651 5111 sed
2679 5059 2799 5128 quia
2847 5060 3007 5116 etiam
3056 5078 3150 5119 eos
3196 5066 3284 5135 qui
3336 5067 3699 5126 incurabilitor

2116 5154 2489 5213 peccaverunt,
2526 5148 2752 5202 salutem
2783 5151 3035 5222 consequi
3066 5154 3206 5221 volo,
3239 5157 3547 5227 nullumque
3579 5173 3699 5227 per-
3749 5183 3762 5197 ο

2115 5239 2212 5299 ire,
2244 5238 2443 5294 idcirco
2470 5241 2615 5296 vobis
2647 5242 2894 5313 indulgeo
2918 5255 2972 5300 et
3016 5255 3224 5318 tempus
3263 5261 3476 5304 centum
3513 5253 3696 5321 viginti

2113 5346 2372 5386 annorum
2403 5332 2476 5403 (a)
2506 5350 2519 5387 :
2552 5343 2628 5400 ut,
2660 5335 2702 5388 si
2736 5336 3008 5391 volueritis
3032 5378 3046 5400 ,
3081 5349 3134 5392 ct
3168 5351 3380 5407 peccata
3418 5343 3699 5421 ahlncritis

2174 5528 2245 5594 (a)
2273 5525 2411 5586 Quod
2444 5527 2524 5594 h_tc
2559 5529 2812 5594 subjupgh
2841 5531 3232 5594 Chrysostomus,
3266 5532 3375 5584 illos
3405 5544 3602 5586 centum
3626 5540 3699 5586 vi.

2111 5590 2232 5662 g‘ipti
2274 5601 2426 5638 annos
2464 5591 2512 5637 in
2549 5590 2723 5639 Genesi
2740 5590 3064 5662 :tnemoratos
3108 5603 3301 5662 tempus
3344 5597 3556 5662 iudicare
3599 5613 3698 5662 quo

2111 5651 2343 5700 diluvium
2368 5659 2625 5720 venturum
2651 5658 2772 5720 erat,
2799 5651 3017 5720 IIIudque
3036 5651 3242 5720 spatium
3266 5659 3395 5720 quod
3419 5651 3698 5712 interclusit

2113 5725 2141 5762 a
2165 5721 2389 5774 tempore
2411 5724 2510 5775 quo
2531 5718 2661 5762 Deus
2694 5712 3185 5781 diiuvimn'pra'dixit
3204 5752 3220 5780 ν
3257 5712 3315 5767 ad
3351 5721 3509 5783 trusum
3533 5730 3689 5782 usque
