4116 6196
448 285 546 343 191

451 391 817 468 resipiscendo
839 397 999 458 atque
1032 385 1084 437 iu
1120 381 1342 436 meliora
1371 391 1469 432 vos
1497 371 1885 439 convertenda,
1918 382 2041 423 nec.

455 462 768 544 non-virtuti
800 475 1143 540 studueritis,
1177 487 1453 543 poenarum
1480 467 1711 540 pericula
1740 462 2041 534 eﬂ‘ugiatis:

461 580 623 632 Erunt
650 575 791 628 enim
817 612 834 638 ,
881 569 1080 638 inquit,
1123 566 1230 619 dies
1255 579 1429 618 eorum
1458 559 1579 614 anni
1621 565 1821 612 centum
1848 552 2046 624 viginti.

456 675 510 727 4.
545 670 787 738 Gigantes
817 671 1007 724 autem,
1039 658 1228 728 inquit,
1252 664 1392 711 erant
1416 668 1566 724 super
1592 660 1776 703 terram
1802 646 1854 700 in
1875 643 2048 699 diebus

458 765 582 819 illis.
613 736 690 814 Et
717 765 1040 827 posteaquam
1065 749 1281 820 ingressi
1301 756 1416 802 sunt
1447 744 1541 814 filii
1572 741 1669 796 Dei
1693 739 1762 793 ad
1788 738 1924 807 filias
1952 736 2048 789 ho-

460 855 676 917 minum,
703 825 906 916 illwque
925 844 1019 899 sibi
1044 847 1324 914 genuerunt
1348 878 1363 903 ,
1402 836 1480 890 illi
1504 840 1646 888 erant
1671 832 1898 902 gigantes
1916 868 1930 892 ,
1963 825 2050 895 qui

459 965 492 1001 a
515 944 701 1001 stet:qu
723 940 816 994 viri
843 935 1048 1008 famosi.
1085 933 1340 1001 Gigantes
1363 928 1448 982 hic
1484 941 1514 980 a
1551 923 1729 980 divina
1774 920 2048 989 Scriptura

461 1037 564 1092 dici
595 1035 786 1105 opinor
809 1028 1055 1084 robustos
1079 1035 1326 1092 corpore.
1367 1018 1445 1072 Ex
1473 1017 1596 1081 illis,
1629 1013 1840 1085 inquit,
1884 1023 2050 1081 gene-

463 1131 602 1187 ratio
635 1104 855 1181 illorum
901 1127 1054 1175 aucta
1091 1125 1193 1172 est.
1235 1112 1293 1168 id
1320 1110 1462 1183 quod
1495 1117 1550 1165 et
1577 1108 1683 1163 alio
1729 1107 1847 1161 loco
1870 1104 2053 1158 videre

464 1222 590 1276 licet
624 1218 862 1271 dictum:
900 1209 1139 1280 Gigantes
1161 1244 1181 1273 -,
1233 1204 1438 1273 inquit,
1486 1200 1688 1254 veniunt
1728 1205 1782 1250 ut
1830 1197 2055 1267 furorem

466 1327 632 1366 meum
661 1308 858 1380 placent
890 1302 1044 1375 (Isai.
1071 1296 1157 1354 15.
1182 1299 1260 1368 3).
1286 1295 1436 1349 Hunc
1464 1295 1623 1363 perro
1636 1298 1850 1344 centum
1871 1284 2055 1357 viginti

468 1379 729 1458 annorum
748 1407 1049 1456 numerum,
1081 1388 1241 1458 aliqui
1265 1394 1449 1456 putant
1465 1382 1747 1439 terminmn
1769 1379 1890 1434 vita:
1901 1392 2052 1433 esse:

471 1509 577 1548 non
607 1491 708 1545 hoc
733 1498 910 1542 autem
935 1481 1221 1553 signiﬁcat,
1249 1476 1344 1534 sed
1377 1489 1517 1530 nunc
1545 1470 1852 1542 patientiam
1880 1468 2060 1524 decla-

474 1600 596 1640 rare
620 1581 754 1648 volt,
786 1593 943 1650 quam
973 1583 1169 1646 etpost
1208 1572 1321 1626 ha-c
1353 1576 1567 1640 peccata
1608 1567 1660 1620 in
1691 1566 1836 1636 ipsos
1873 1572 2058 1617 osten-

478 1679 576 1733 dit.
619 1675 780 1746 lgitur
818 1681 873 1726 ut
903 1669 1169 1724 discamus
1215 1665 1334 1719 illos
1385 1671 1505 1732 post
1551 1658 1966 1731 indignationem
2007 1663 2062 1710 et

479 1769 650 1823 minas
674 1807 690 1832 ,
739 1774 793 1819 et
836 1760 970 1816 tanti
1010 1757 1264 1828 temporis
1291 1753 1722 1816 diuturnitatem,
1748 1763 1906 1820 quam
1929 1747 2062 1816 ipsis

478 1865 531 1917 in
571 1858 936 1932 paenitentiam
963 1853 1205 1916 dederat,
1237 1865 1342 1905 non
1374 1848 1545 1904 solum
1577 1845 1709 1901 nihil
1745 1843 2056 1914 profecisse.

481 1953 576 2008 sed
625 1951 676 2005 in
725 1948 913 2004 iisdem
967 1944 1203 1999 moribus
1246 1938 1675 2011 perseveravisse
1720 1954 1734 1992 :
1784 1945 2065 2006 propterea

483 2045 630 2107 dicit,
666 2041 944 2111 Postquam
981 2035 1193 2107 ingressi
1233 2041 1348 2088 sunt
1391 2030 1487 2102 ﬁlii
1513 2029 1608 2084 Dei
1635 2028 1703 2082 ad
1727 2028 1861 2097 filias
1899 2026 2068 2080 homi-

486 2150 636 2196 num,
679 2130 879 2200 illteque
925 2127 1019 2181 sibi
1043 2131 1342 2197 genuerunt,
1372 2119 1450 2175 illi
1475 2128 1616 2174 erant
1643 2117 1890 2190 gigantes,
1922 2116 2009 2187 qui
2037 2132 2069 2168 a

486 2227 672 2282 sarculo
690 2222 782 2278 viri
799 2221 1002 2294 famosi.
1025 2216 1213 2274 Vidisti
1242 2211 1596 2284 improbitatis
1614 2207 2070 2281 magnitudinem?

487 2316 666 2372 vidisti
705 2313 946 2384 stupidas
984 2319 1040 2366 et
1083 2307 1286 2364 doloris
1335 2319 1497 2361 sensu
1539 2312 1785 2358 carentes
1825 2297 2072 2356 animas?

488 2410 671 2480 Neque
701 2421 875 2478 ptume
915 2405 1106 2470 timor,
1135 2413 1310 2470 neque
1336 2395 1634 2453 tolerantia:
1661 2403 1870 2464 tempus
1906 2390 2076 2446 arcuit

493 2503 612 2559 illos
640 2515 671 2554 a
697 2498 850 2559 malis
869 2494 1122 2565 operibus
1151 2510 1165 2546 :
1197 2489 1292 2546 sed
1315 2488 1481 2546 semel
1510 2487 1565 2542 in
1591 2497 1832 2557 praeceps
1859 2481 2074 2550 dejecti,

491 2605 546 2650 et
593 2592 788 2648 mentis
833 2587 988 2642 oculo
1039 2581 1332 2647 exeacati,
1375 2596 1406 2634 a
1444 2578 1578 2634 mala
1626 2572 2072 2644 concupiscentia,

493 2685 642 2755 quasi
673 2682 741 2736 ab
766 2679 1022 2736 ebrietate
1045 2674 1274 2746 quadam
1295 2671 1551 2736 demersi,
1570 2667 1636 2723 ad
1659 2683 1718 2722 se
1741 2664 1918 2721 redire
1943 2663 2080 2717 ultra

496 2754 780 2831 uoluerunt
813 2789 824 2824 :
859 2765 1308 2840 quemadmodum
1335 2772 1390 2818 et
1417 2763 1630 2832 sapiens
1669 2757 1884 2829 quidam
1910 2754 2077 2810 dicit:

498 2867 694 2938 Impius
716 2907 730 2927 ,
777 2879 892 2916 cum
919 2862 970 2914 in
1000 2856 1307 2931 profundum
1336 2851 1571 2908 ceciderit
1592 2851 1866 2914 nudorum,
1913 2853 2082 2900 conte-

501 2937 628 3014 mnit
659 2957 836 3027 (Prov.
876 2953 962 3008 l8.
996 2950 1072 3020 5).
1101 2949 1274 3004 Grave
1312 2945 1475 3009 enim,
1513 2954 1675 3010 grave
1715 2947 1830 3002 est,
1859 2937 2081 2996 dilecte.

501 3052 620 3123 capi
667 3048 868 3118 laqueis
909 3042 1126 3098 diaboli.
1182 3039 1374 3110 Anima
1417 3034 1558 3090 enim
1602 3040 1788 3102 postea
1832 3028 1980 3098 quasi
2033 3027 2085 3080 in

501 3143 701 3199 retibus
738 3117 1123 3204 comprehensa
1158 3127 1415 3190 trahitur,
1463 3132 1519 3178 et
1561 3122 1700 3176 sicut
1745 3133 1839 3174 sus
1885 3120 1936 3171 in
1993 3117 2085 3170 luti

503 3232 781 3288 volutaer
811 3229 1131 3286 oblectatur,
1162 3221 1241 3276 sic
1265 3228 1321 3275 et
1348 3219 1447 3272 ista
1476 3231 1506 3270 a
1534 3214 1672 3269 mala
1704 3209 2090 3266 consuetudine

504 3327 716 3388 obruta,
746 3337 814 3378 ne
854 3317 1016 3375 sentit
1041 3313 1254 3386 quidem
1283 3318 1622 3381 peccatorum
1654 3305 1922 3360 l'ostorem.
1968 3300 2091 3355 Ideo

506 3433 640 3489 opus
679 3424 762 3472 est
789 3423 845 3467 ιιι
871 3409 1034 3466 sobrii
1063 3415 1118 3462 et
1145 3404 1331 3475 vigiles
1359 3401 1556 3465 simus,
1599 3411 1668 3452 ne
1704 3395 1771 3448 ab
1804 3393 1952 3448 initio
1980 3391 2094 3445 dia-

510 3487 632 3568 bolo
675 3510 971 3578 ingressum
1016 3497 1406 3560 concedamus,
1446 3501 1504 3547 nt
1543 3506 1610 3545 ue
1640 3487 1984 3545 obteuebrata
2009 3498 2096 3539 ra-

510 3609 654 3662 tione
693 3613 906 3664 nostra,
947 3607 1001 3653 ct
1039 3601 1304 3651 excmcata
1341 3587 1534 3645 mentis
1562 3582 1918 3656 perspicacia,
1943 3577 2096 3649 quasi

515 3700 748 3769 privatos
780 3694 937 3763 hujus
964 3689 1094 3746 solis
1124 3687 1324 3742 lumine
1353 3681 1560 3744 reddat.
1595 3693 1696 3733 nec
1733 3676 2007 3731 valeamus
2044 3670 2095 3724 in

515 3789 692 3846 radios
717 3787 844 3840 solis
866 3782 1085 3853 justitia:
1111 3776 1375 3838 contueri,
1403 3784 1457 3829 et
1485 3773 1553 3826 ita
1581 3772 1632 3824 in
1674 3780 1913 3838 prmceps
1955 3763 2099 3818 fera-

519 3896 638 3936 mur
671 3895 683 3930 :
715 3877 764 3930 id
794 3874 933 3944 quod
965 3881 1016 3926 et
1039 3871 1142 3924 illis
1168 3882 1292 3922 tunc
1319 3863 1538 3921 accidit.
1569 3860 1702 3914 Audi
1734 3857 1878 3913 enim
1908 3856 2099 3908 iterum

521 3968 773 4026 bonitatis
795 3941 886 4019 Dei
915 3959 1270 4016 tolerantiam.
1305 3955 1358 4010 5.
1408 3952 1475 4007 Ut
1513 3949 1637 4006 vidit
1676 3956 1862 4008 autem,
1910 3941 2101 4012 inquit,

521 4062 774 4120 Dominus
807 4057 963 4122 Deus,
994 4051 1129 4126 quod
1172 4047 1524 4117 multiplicate
1563 4050 1683 4096 sunt
1711 4037 1918 4093 malitia:
1943 4035 2105 4088 homi-

525 4169 649 4209 num
677 4166 826 4220 super
850 4123 1056 4202 terram.
1085 4140 1220 4208 Quid
1247 4139 1346 4194 sibi
1375 4135 1487 4189 vult
1515 4134 1617 4186 hoc
1641 4131 1863 4193 dictum,
1888 4123 1955 4180 Ut
1983 4123 2106 4178 vidit

522 4244 732 4302 autem?
778 4243 912 4298 Nunt
957 4234 1235 4308 ignorabat
1277 4226 1569 4285 Dominus?
1613 4224 1766 4279 Absit
1809 4237 1821 4274 :

526 4347 711 4393 nostra
743 4330 1050 4386 inﬁrmitate
1077 4323 1254 4377 omnia
1281 4327 1459 4374 narrat
1485 4316 1663 4370 divina
1693 4312 1965 4380 Scriptura
1991 4324 2004 4360 :
2053 4315 2109 4360 ut

527 4441 627 4483 nos
654 4425 878 4486 doceat,
910 4433 1004 4474 eos
1029 4415 1186 4469 etiam
1225 4419 1348 4480 post
1392 4414 1590 4460 tantam
1633 4401 1728 4457 Dei
1772 4397 2108 4455 tolerantiam

527 4522 584 4573 in
634 4513 824 4570 iisdem
873 4507 1134 4564 mansisse
1180 4501 1374 4561 malis.
1401 4496 1683 4551 autetiam
1729 4493 1784 4547 iu
1826 4489 2005 4560 pejora
2050 4503 2110 4542 se

524 4608 853 4681 conjecisse.
899 4602 1016 4656 ait:
1054 4596 1122 4653 Ut
1159 4593 1283 4650 vidit
1331 4600 1535 4656 autem,
1577 4585 1712 4659 quod
1764 4582 2113 4651 multiplicata?

527 4671 646 4759 sun;
669 4695 880 4752 malitiae
907 4691 1166 4747 hominum
1189 4701 1340 4756 super
1357 4693 1560 4736 terram.
1595 4679 1671 4733 Ex
1691 4676 1792 4730 hoc
1811 4673 1952 4730 enim
1975 4671 2116 4726 malo

528 4807 714 4865 opere,
740 4787 890 4860 quasi
917 4800 949 4840 e
971 4783 1116 4839 fonte
1143 4778 1372 4850 quodam
1400 4815 1415 4840 ,
1447 4771 1609 4826 multa
1656 4769 1817 4824 etiam
1846 4765 1950 4820 alia
1982 4762 2113 4818 sub-

531 4855 838 4945 oriebantur
854 4886 1070 4953 peccata
1097 4892 1111 4929 :
1133 4872 1253 4928 ideo
1273 4869 1423 4932 dicit,
1450 4863 1662 4919 Malitia:
1678 4859 1958 4915 hominum.
1981 4855 2114 4910 Nam

535 4985 621 5038 ubi
672 4949 965 5042 scortatio,
1015 4980 1071 5028 et
1098 4967 1304 5024 luxuria
1335 5006 1351 5030 ,
1403 4970 1459 5016 et
1502 4968 1646 5014 tanta
1678 4949 2116 5024 intemperantia,

534 5067 825 5127 verisimile
853 5074 934 5120 est
965 5063 1036 5118 ibi
1067 5068 1123 5116 et
1159 5057 1495 5116 ebrietatem,
1525 5058 1579 5104 et
1603 5047 1968 5116 crapulam,et
2002 5055 2117 5095 ma-

536 5177 694 5236 gnam
749 5157 1082 5229 injustitiam,
1127 5159 1181 5205 et
1233 5145 1550 5206 avaritiam,
1605 5143 1990 5207 innumeraque
2017 5133 2118 5187 alia

539 5223 685 5311 nasci
736 5223 892 5308 mala.
928 5247 994 5302 Ut
1024 5244 1147 5300 vidit
1189 5251 1357 5294 autem
1382 5279 1396 5302 ,
1429 5235 1638 5306 inquit,
1687 5230 1934 5284 Dominus
1982 5223 2120 5280 Deus

538 5347 670 5410 quod
698 5341 1043 5411 multiplicat't'
1068 5343 1184 5391 sunt
1219 5329 1426 5384 malitia:
1453 5325 1709 5379 hominum
1731 5336 1882 5390 super
1914 5327 2120 5379 terram,

540 5522 772 5572 diiuvlum
797 5532 810 5567 :
838 5515 987 5574 illud,
1024 5515 1246 5574 inquam,
1285 5515 1454 5574 contra
1489 5509 1792 5574 communem
1831 5491 2127 5574 sgteqria'm

1004 5555 1298 5640 tii§_"iii£iiéirt
1330 5567 1537 5640 Spatium
1575 5561 1686 5609 vitae
1717 5555 1927 5640 hptuilg'ﬁ

1101 5613 1302 5684 δέἧῖιῖὴῆ
1326 5613 1494 5690 viginti
1517 5634 1668 5690 annos
1688 5613 2013 5690 redigendum
2033 5627 2048 5676 ;
2068 5614 2123 5659 et

545 5680 1078 5760 Vitiiﬁéihagiéi
1096 5680 1336 5758 quadrent
1354 5680 1458 5751 ,Vsic
1481 5680 1852 5744 intelligendtun
1875 5683 1967 5727 est.

1191 268 1244 323 S.
1285 261 1564 322 JOANNIS
1603 251 2080 316 CHRYSOSTOMI
2118 249 2430 307 ARCIIIEP.
2479 248 3014 306 CONSTANTINOP.

3624 247 3726 304 l9!

2155 377 2200 421 et
2219 370 2357 439 quod
2382 368 2719 438 unusquisque
2741 370 2926 439 cogitat
2969 369 3018 421 in
3055 368 3204 421 corde
3246 383 3338 421 suo
3381 365 3642 439 diligenter
3669 375 3738 425 ad

2153 460 2289 513 mala
2326 461 2556 515 omnibus
2574 461 2764 516 diebus.

2225 552 2279 605 5.
2323 550 2454 606 Vide
2496 552 2766 622 quomodo
2810 552 3013 622 singula
3059 567 3178 623 quae
3210 552 3458 610 dicuntur
3491 565 3736 626 peccato-

2154 656 2271 695 rum
2317 640 2605 696 ostenduut
2645 642 3083 712 magnitudinem.
3135 643 3268 712 Quia
3293 645 3435 698 enim
3463 645 3516 700 in
3543 659 3742 716 genere

2156 730 2308 796 dixit,
2331 730 2686 802 Multiplicatte
2703 743 2820 788 sunt
2849 735 3055 788 matitite
3073 733 3331 789 hominum
3357 752 3512 804 super
3535 747 3740 803 terram,

2159 826 2414 892 subdidit,
2434 826 2503 880 Et
2529 827 2890 897 unusquisque.
2903 826 3088 896 Magna
3115 827 3273 898 hujus
3298 829 3446 883 verbi
3471 830 3745 898 emphasis

2157 931 2210 974 et
2240 921 2318 974 vis
2345 929 2447 976 est.
2489 919 2606 975 Non
2654 920 2843 992 inquit,
2892 921 3204 976 adolescens
3229 921 3422 986 solum,
3455 921 3548 977 sed
3576 930 3634 977 et
3662 936 3744 976 se-

2158 1027 2261 1067 nex
2312 1012 2500 1068 eadem
2542 1013 2652 1084 agit
2696 1029 2815 1082 qua:
2861 1013 3215 1068 adolescens:
3247 1029 3419 1085 neque
3446 1016 3526 1068 vir
3546 1014 3743 1071 solum.

2159 1106 2253 1161 sed
2279 1117 2332 1161 et
2352 1107 2583 1162 mulier:
2610 1121 2784 1177 neque
2810 1122 2997 1162 servus
3023 1107 3214 1172 solum,
3243 1107 3336 1162 sed
3362 1117 3414 1161 et
3434 1107 3606 1162 liber:
3639 1123 3746 1160 non

2161 1199 2313 1256 dives
2341 1201 2538 1266 solum,
2567 1199 2660 1254 sed
2687 1209 2741 1254 et
2761 1213 2982 1270 pauper.
3010 1199 3075 1254 Et
3101 1191 3342 1264 verbum,
3370 1196 3586 1271 Cogitat,
3613 1199 3749 1253 mul-

2164 1300 2274 1345 tmu
2318 1290 2476 1346 habet
2528 1290 2804 1346 momenti.
2853 1289 2968 1347 Non
3015 1291 3155 1345 enim
3183 1306 3248 1346 ex
3278 1291 3622 1362 subreptione
3648 1291 3748 1346 hoc

2164 1381 2276 1437 illis
2314 1382 2528 1448 accidit,
2577 1382 2670 1436 sed
2717 1381 2769 1436 in
2815 1381 2978 1436 corde
3002 1380 3255 1451 cogitant,
3285 1389 3342 1436 et
3379 1382 3493 1436 haec
3517 1396 3612 1451 per
3635 1380 3748 1436 sin-

2164 1473 2313 1542 gulas
2341 1471 2504 1527 horas
2546 1471 2783 1537 volvunt,
2829 1473 2879 1526 in
2910 1471 2991 1526 his
3023 1471 3256 1526 studium
3281 1486 3434 1526 suun]
3459 1471 3744 1536 collocant,

2166 1577 2220 1624 et
2263 1581 2437 1637 neque
2483 1565 2700 1620 fortuito
2724 1565 2889 1620 semel
2919 1574 2973 1619 et
3001 1565 3189 1620 iterum
3219 1565 3542 1636 supplantati
3568 1579 3599 1619 a
3627 1580 3747 1636 pec-

2165 1669 2306 1728 cato,
2353 1675 2384 1714 a
2429 1659 2630 1714 malitia
2671 1657 2772 1713 sibi
2815 1665 3130 1728 temperant,
3175 1657 3268 1713 sed
3322 1656 3603 1728 diligenter
3629 1673 3746 1712 eam

2167 1761 2442 1818 exercent,
2465 1761 2520 1807 et
2546 1749 2684 1805 mala
2710 1759 3034 1818 operantur:
3067 1740 3176 1803 hoc!
3195 1757 3296 1814 est,
3325 1764 3514 1818 magno
3551 1748 3751 1814 studio,

2171 1846 2298 1903 nihil
2329 1845 2522 1911 obiter,
2571 1841 2704 1898 nihil
2749 1839 3077 1911 negligenter
3099 1840 3167 1894 ab
3193 1840 3272 1894 eis
3299 1841 3376 1904 tit,
3410 1854 3581 1908 neque
3606 1839 3752 1894 brevi

2173 1947 2432 2008 tempore,
2459 1933 2554 1990 sed
2578 1932 2826 1988 omnibus
2855 1931 3061 1996 diebus,
3093 1944 3306 1984 omnem
3335 1944 3484 1983 suam
3510 1928 3667 1981 vitam
3699 1927 3751 1980 iu

2172 2028 2274 2084 hoc
2297 2026 2630 2098 impendunt.
2663 2023 2851 2080 Vidisti
2876 2022 3091 2077 malitia:
3113 2019 3532 2076 immanitatem?
3579 2017 3753 2073 vidisti

2173 2119 2442 2190 quomodo
2465 2117 2642 2173 dedita
2673 2130 2836 2187 opera
2859 2128 2971 2168 rem
3000 2111 3244 2176 iecerint,
3274 2110 3554 2180 diligenter
3579 2113 3754 2164 omnia

2175 2215 2312 2270 mala
2355 2219 2674 2283 operantes;
2709 2215 2764 2264 et
2806 2206 2984 2262 onmis
3007 2214 3138 2260 aetas
3164 2203 3232 2258 ad
3269 2201 3531 2273 agendum
3562 2200 3756 2256 malum

2177 2323 2272 2365 sua
2293 2314 2484 2378 sponte
2497 2301 2821 2360 accesserit?
2844 2299 3208 2370 Unusquisque,
3233 2294 3422 2365 inquit,
3444 2308 3618 2363 neque
3630 2302 3761 2348 aetas

2179 2403 2484 2464 immatura,
2511 2409 2566 2453 et
2588 2395 2824 2466 alioquin
2846 2392 3118 2460 inexperta
3145 2388 3405 2443 malorum
3428 2399 3594 2441 vacua
3609 2391 3758 2438 erat:

2180 2493 2275 2550 sed
2299 2493 2488 2548 statim
2505 2488 2648 2546 etab
2687 2484 3024 2542 incunabulis
3049 2495 3236 2536 omnes
3266 2477 3464 2532 malum
3495 2475 3597 2530 hoc
3625 2489 3762 2544 pra:-

2183 2585 2312 2640 lium
2339 2581 2638 2647 certabant,
2679 2577 3062 2633 contendentes
3092 2579 3150 2626 ut
3178 2569 3334 2626 malis
3357 2566 3606 2638 operibus
3627 2563 3765 2619 alter

2183 2677 2408 2730 alterum
2448 2677 2742 2741 superaret.
2788 2665 2900 2729 llic,
2957 2678 3074 2727 oro,
3101 2661 3280 2715 animo
3305 2655 3547 2728 expende
3575 2654 3766 2709 miram

2188 2767 2344 2835 hujus
2365 2763 2495 2834 justi
2521 2760 2859 2831 sapientiam,
2889 2755 2978 2825 qui
3003 2754 3053 2807 iu
3086 2761 3228 2805 tanta
3260 2748 3516 2802 malorum
3556 2745 3768 2813 conspi-

2187 2859 2394 2913 ratione
2422 2853 2679 2908 malitiam
2709 2848 2944 2917 ell‘ugere
2975 2844 3158 2908 valuit,
3189 2851 3242 2894 et
3269 2840 3396 2893 nihil
3445 2838 3568 2892 inde
3591 2835 3771 2893 daumi

2191 2949 2400 3004 sensit:
2424 2946 2517 3001 sed
2542 2944 2694 3014 quasi
2723 2958 2788 2995 ex
2819 2939 2920 2993 alia
2944 2945 3131 2992 natura
3160 2934 3499 2995 constitutus,
3542 2929 3620 2984 sic
3648 2927 3773 2982 forti

2190 3041 2369 3095 animo
2404 3036 2683 3108 praeditus,
2734 3043 2788 3087 et
2829 3046 2923 3101 per
2964 3029 3197 3098 seipsum
3246 3025 3452 3078 virtutis
3481 3019 3775 3090 operationi

2192 3131 2422 3194 deditus,
2447 3138 2501 3183 et
2527 3127 2720 3180 malam
2747 3139 2934 3180 eorum
2960 3116 3407 3189 conspirationem
3439 3112 3640 3181 etiugit,
3671 3120 3721 3164 et
3744 3124 3775 3162 a

2193 3218 2462 3280 communi
2486 3216 2722 3273 onmium
2751 3213 3050 3284 perditione
3071 3217 3155 3266 est
3180 3213 3476 3276 exemptus.
3515 3203 3569 3259 6.
3601 3200 3667 3254 Et
3693 3216 3780 3254 se-

2195 3334 2311 3371 cum
2337 3313 2606 3384 reputavit,
2640 3312 2830 3381 inquit,
2867 3307 3111 3362 Dominus
3140 3302 3279 3357 Deus
3300 3299 3434 3372 quod
3463 3297 3658 3370 fecisset
3686 3294 3781 3347 ho-

2197 3411 2382 3463 minem
2431 3420 2582 3476 super
2625 3414 2831 3457 tcrram.
2884 3399 3012 3454 Vide
3051 3399 3240 3452 iterum
3269 3394 3488 3448 verbum
3517 3402 3779 3452 crassum,

2198 3511 2252 3556 et
2282 3509 2476 3556 nostra:
2505 3495 2750 3566 parvitati
2773 3493 3042 3548 idoneum.
3073 3489 3258 3543 Secum
3292 3483 3559 3554 reputavit,
3593 3479 3783 3550 inquit,

2203 3589 2607 3665 prmpmnituit:
2638 3603 2743 3642 non
2765 3582 2907 3655 quod
2936 3579 3243 3652 ptenltuerit
3278 3578 3462 3639 Deum,
3491 3571 3661 3636 absit;
3689 3570 3786 3625 sed

2201 3683 2494 3740 secundum
2540 3680 2824 3735 humanam
2873 3669 3314 3730 consuetudinem
3360 3665 3593 3736 loquitur
3634 3660 3790 3716 nobis

2203 3776 2380 3830 divina
2428 3771 2722 3842 Scriptura,
2773 3775 2835 3823 ut
2887 3780 2985 3820 nos
3034 3763 3226 3817 doceat
3272 3757 3512 3813 enormia
3575 3752 3786 3807 illorqu

2207 3877 2420 3941 peccata
2436 3867 2754 3922 clementem
2778 3861 2945 3915 Deum
2967 3856 3020 3911 in
3042 3851 3456 3924 indignationem
3473 3845 3791 3902 concitasse.

2207 3935 2274 4014 Et
2304 3937 2471 4015 secum
2495 3954 2766 4026 reputavit,
2797 3950 2984 4021 inquit,
3036 3946 3281 4000 Dominus
3310 3941 3449 3995 Deus
3477 3939 3609 4009 quod
3635 3935 3792 4004 fecis—

2207 4064 2278 4108 set
2324 4053 2578 4107 hominem
2620 4062 2772 4117 super
2816 4053 3020 4098 terram.
3071 4038 3207 4094 Num
3256 4034 3399 4092 enim
3431 4038 3649 4102 prepter
3692 4026 3796 4081 hoc

2211 4153 2383 4220 ipsum
2408 4141 2652 4217 produxi,
2686 4140 2874 4210 inquit,
2901 4146 2958 4191 ut
2978 4136 3028 4188 in
3047 4142 3245 4187 tantam
3277 4126 3564 4199 perniciem
3595 4125 3795 4191 lapsus.

2211 4215 2421 4310 sibiipsi
2466 4233 2777 4308 perditionis
2825 4231 2978 4284 lier'et
3014 4223 3238 4279 auctor?
3266 4221 3401 4275 Num
3427 4217 3524 4271 hac
3543 4215 3611 4269 de
3635 4225 3800 4267 causa

2213 4350 2242 4389 a
2289 4307 2549 4404 principio
2591 4334 2738 4381 tanto
2789 4321 2992 4377 honore
3031 4333 3154 4372 eum
3203 4307 3471 4381 insignivi,
3503 4315 3559 4362 et
3599 4313 3800 4359 tantam

2214 4401 2332 4502 ejus
2373 4438 2556 4481 curam
2604 4432 2691 4473 me
2739 4415 2938 4470 habere
2965 4407 3255 4473 declaravi,
3286 4412 3344 4458 ut
3363 4401 3544 4456 virtuti
3579 4409 3799 4460 vacans,

2217 4486 2422 4579 alienus
2444 4534 2474 4572 a
2501 4511 2794 4587 perditione
2818 4507 3000 4562 ﬁeret?
3033 4501 3293 4570 Quoniam
3320 4504 3496 4551 autem
3521 4486 3804 4544 clementia

2220 4631 2337 4671 mea
2389 4578 2585 4667 abusus
2633 4614 2736 4669 est,
2791 4602 2958 4656 satius
3015 4595 3236 4666 posthac
3281 4587 3442 4645 fuerit
3493 4581 3661 4637 malos
3688 4578 3807 4646 ejus

2215 4717 2441 4766 conatus
2491 4699 2767 4771 impedire.
2818 4693 2883 4747 Et
2925 4687 3178 4760 cogitavit,
3219 4685 3270 4736 7.
3291 4681 3521 4748 Dixitque
3562 4670 3811 4726 Dominus

2223 4804 2382 4865 Deus,
2410 4767 2617 4868 inquit:
2641 4790 2829 4846 Delebo
2858 4785 3111 4842 hominem
3137 4793 3284 4848 quem
3312 4772 3409 4844 feci
3427 4787 3458 4824 a
3487 4767 3616 4839 facie
3638 4776 3810 4868 teme,

2222 4855 2513 4951 abhhominle
2539 4899 2695 4957 usque
2721 4881 2790 4935 ad
2819 4893 2988 4949 pecus,
3019 4883 3066 4927 et
3093 4888 3124 4924 a
3145 4864 3411 4938 reptilibus
3439 4873 3596 4930 usque
3622 4855 3690 4909 ad
3720 4867 3809 4908 vo-

2225 4988 2386 5044 latilia
2432 4982 2580 5038 creti:
2606 4949 2726 5049 quia
2772 4985 2967 5026 mecum
3019 4961 3246 5034 reputavi
3294 4953 3428 5028 quod
3473 4949 3674 5021 fecerim
3701 4959 3813 5000 eos.

2223 5085 2355 5152 Qua:
2381 5077 2486 5134 mei
2512 5071 2674 5131 cilicii
2701 5074 2875 5131 erant,
2903 5061 3094 5131 inquit,
3134 5053 3315 5111 omnia
3343 5045 3587 5106 exhibui.
3623 5042 3706 5098 Ex
3731 5036 3820 5094 ni-

2228 5133 2356 5240 lTilo,
2384 5181 2441 5226 ut
2465 5175 2630 5232 esset,
2661 5163 2808 5217 illum
2837 5153 3087 5229 produxi,
3134 5156 3336 5202 natura:
3366 5141 3507 5196 illius
3532 5133 3821 5192 scientiam

2229 5229 2588 5322 faciendorum
2617 5229 2673 5312 et
2701 5267 2806 5307 non
2835 5243 3195 5303 faciendorum
3239 5232 3428 5298 indidi,
3476 5229 3702 5282 liberum
3736 5237 3828 5274 ar-

2231 5320 2443 5413 bitrium
2467 5347 2683 5410 donavi,
2717 5337 2968 5398 ineﬂabili
3001 5329 3280 5388 tolerantia
3302 5339 3434 5378 usus
3453 5333 3593 5380 sum,
3611 5324 3668 5370 et
3701 5320 3825 5383 post

2231 5407 2444 5516 longum
2477 5438 2607 5495 illud
2633 5407 2862 5502 tempus,
2890 5432 3084 5497 etpost
3112 5417 3528 5489 indignationem
3550 5416 3606 5464 et
3645 5407 3834 5516 minas

2562 5540 2617 5586 et
2661 5493 2805 5582 aliud
2851 5493 3106 5592 prmtinivi
3132 5523 3384 5612 tempus,
3411 5503 3621 5612 volens.
3646 5504 3701 5551 ut
3736 5493 3836 5612 illq

2235 5585 2328 5690 sua
2345 5635 2562 5705 peccata
2583 5621 2866 5683 sentiente,
2891 5607 3184 5683 indignatio
3205 5617 3322 5660 mea
3351 5597 3711 5658 revocaretur:
3733 5585 3835 5640 sed
