  <div class='ocr_page' id='page_1' title='image "/cluster/home/n/w/nwhite01/storage/ocr_20150623/53/hvd.32044054086673/190.png"; bbox 0 0 4144 6200; ppageno 0'>
   <div class='ocr_carea' id='block_1_1' title="bbox 347 369 2016 440">
    <p class='ocr_par' dir='ltr' id='par_1_1' title="bbox 347 378 2016 440">
     <span class='ocr_line' id='line_1_1' title="bbox 347 378 2016 440; baseline -0.001 -1"><span class='ocrx_word' id='word_1_1' title='bbox 347 381 443 440; x_wconf 73' lang='lat' dir='ltr'><em>ID!</em></span> <span class='ocrx_word' id='word_1_2' title='bbox 1400 380 1470 437; x_wconf 86' lang='lat' dir='ltr'><em>IN</em></span> <span class='ocrx_word' id='word_1_3' title='bbox 1502 381 1659 439; x_wconf 82' lang='lat' dir='ltr'><em>CAP.</em></span> <span class='ocrx_word' id='word_1_4' title='bbox 1685 381 1730 438; x_wconf 78' lang='grc' dir='ltr'><em>ν</em></span> <span class='ocrx_word' id='word_1_5' title='bbox 1767 380 1855 438; x_wconf 79' lang='grc' dir='ltr'><em>ΕΤ</em></span> <span class='ocrx_word' id='word_1_6' title='bbox 1889 379 1962 438; x_wconf 72' lang='lat' dir='ltr'><em>VI</em></span> <span class='ocrx_word' id='word_1_7' title='bbox 1987 378 2016 438; x_wconf 74' lang='grc' dir='ltr'>Ε</span> 
     </span>
    </p>
   </div>
   <div class='ocr_carea' id='block_1_2' title="bbox 2118 369 3775 440">
    <p class='ocr_par' dir='ltr' id='par_1_2' title="bbox 2118 369 3775 439">
     <span class='ocr_line' id='line_1_2' title="bbox 2118 369 3775 439; baseline 0 -5"><span class='ocrx_word' id='word_1_8' title='bbox 2118 377 2233 436; x_wconf 72' lang='lat' dir='ltr'><em>i&#39;ES.</em></span> <span class='ocrx_word' id='word_1_9' title='bbox 2276 377 2510 436; x_wconf 75' lang='lat' dir='ltr'><em>HOMIL.</em></span> <span class='ocrx_word' id='word_1_10' title='bbox 2553 379 2717 439; x_wconf 72' lang='lat' dir='ltr'><em>XXII.</em></span> <span class='ocrx_word' id='word_1_11' title='bbox 2899 369 2902 372; x_wconf 60' lang='grc'><em>’</em></span> <span class='ocrx_word' id='word_1_12' title='bbox 3672 376 3775 434; x_wconf 66' lang='lat'><em>£92</em></span> 
     </span>
    </p>
   </div>
   <div class='ocr_carea' id='block_1_3' title="bbox 344 486 2008 566">
    <p class='ocr_par' dir='ltr' id='par_1_3' title="bbox 344 486 2008 566">
     <span class='ocr_line' id='line_1_3' title="bbox 344 486 2008 566; baseline -0.008 -16"><span class='ocrx_word' id='word_1_13' title='bbox 344 493 552 566; x_wconf 82' lang='grc' dir='ltr'><em>ψασθαι</em></span> <span class='ocrx_word' id='word_1_14' title='bbox 579 492 672 547; x_wconf 86' lang='grc' dir='ltr'><em>διὰ</em></span> <span class='ocrx_word' id='word_1_15' title='bbox 694 491 792 563; x_wconf 83' lang='grc' dir='ltr'><em>τῆς</em></span> <span class='ocrx_word' id='word_1_16' title='bbox 821 491 914 544; x_wconf 71' lang='grc' dir='ltr'><em>ἐπὶ</em></span> <span class='ocrx_word' id='word_1_17' title='bbox 950 498 1015 544; x_wconf 74' lang='grc' dir='ltr'><em>τι.</em></span> <span class='ocrx_word' id='word_1_18' title='bbox 1046 488 1256 561; x_wconf 82' lang='grc' dir='ltr'><em>βέλτιον</em></span> <span class='ocrx_word' id='word_1_19' title='bbox 1284 488 1603 559; x_wconf 55' lang='grc' dir='ltr'><em>μεταϐολῆς,</em></span> <span class='ocrx_word' id='word_1_20' title='bbox 1638 488 1732 542; x_wconf 73' lang='grc' dir='ltr'><em>καὶ</em></span> <span class='ocrx_word' id='word_1_21' title='bbox 1756 486 1855 557; x_wconf 81' lang='grc' dir='ltr'><em>τὴν</em></span> <span class='ocrx_word' id='word_1_22' title='bbox 1881 487 2008 557; x_wconf 86' lang='grc' dir='ltr'><em>ἀρε-</em></span> 
     </span>
    </p>
   </div>
   <div class='ocr_carea' id='block_1_4' title="bbox 346 571 2010 649">
    <p class='ocr_par' dir='ltr' id='par_1_4' title="bbox 346 571 2010 649">
     <span class='ocr_line' id='line_1_4' title="bbox 346 571 2010 649; baseline -0.005 -19"><span class='ocrx_word' id='word_1_23' title='bbox 346 578 446 649; x_wconf 79' lang='grc' dir='ltr'><em>τὴν</em></span> <span class='ocrx_word' id='word_1_24' title='bbox 472 576 732 647; x_wconf 77' lang='grc' dir='ltr'><em>ἑλόμενοι,</em></span> <span class='ocrx_word' id='word_1_25' title='bbox 752 575 853 644; x_wconf 80' lang='grc' dir='ltr'><em>τῆς</em></span> <span class='ocrx_word' id='word_1_26' title='bbox 873 573 1142 644; x_wconf 81' lang='grc' dir='ltr'><em>τιμωρίας</em></span> <span class='ocrx_word' id='word_1_27' title='bbox 1161 571 1258 643; x_wconf 79' lang='grc' dir='ltr'><em>τὴν</em></span> <span class='ocrx_word' id='word_1_28' title='bbox 1279 574 1471 643; x_wconf 88' lang='grc' dir='ltr'><em>πεῖραν</em></span> <span class='ocrx_word' id='word_1_29' title='bbox 1492 571 2010 641; x_wconf 83' lang='grc' dir='ltr'><em>ἐκφύγητε.Ἕσον-</em></span> 
     </span>
    </p>
   </div>
   <div class='ocr_carea' id='block_1_5' title="bbox 347 658 2010 733">
    <p class='ocr_par' dir='ltr' id='par_1_5' title="bbox 347 658 2010 733">
     <span class='ocr_line' id='line_1_5' title="bbox 347 658 2010 733; baseline -0.003 -15"><span class='ocrx_word' id='word_1_30' title='bbox 347 682 442 718; x_wconf 80' lang='grc' dir='ltr'><em>ται</em></span> <span class='ocrx_word' id='word_1_31' title='bbox 462 661 590 733; x_wconf 85' lang='grc' dir='ltr'><em>γὰρ,</em></span> <span class='ocrx_word' id='word_1_32' title='bbox 627 663 812 732; x_wconf 76' lang='grc' dir='ltr'><em>φησὶν,</em></span> <span class='ocrx_word' id='word_1_33' title='bbox 841 666 900 716; x_wconf 92' lang='grc' dir='ltr'><em>αἰ</em></span> <span class='ocrx_word' id='word_1_34' title='bbox 939 661 1150 731; x_wconf 70' lang='grc' dir='ltr'><em>ἡμέραι</em></span> <span class='ocrx_word' id='word_1_35' title='bbox 1186 659 1384 714; x_wconf 87' lang='grc' dir='ltr'><em>αὐτῶν</em></span> <span class='ocrx_word' id='word_1_36' title='bbox 1401 661 1505 728; x_wconf 75' lang='grc' dir='ltr'><em>ἐτη</em></span> <span class='ocrx_word' id='word_1_37' title='bbox 1545 659 1761 713; x_wconf 83' lang='grc' dir='ltr'><em>ἑκατὸν</em></span> <span class='ocrx_word' id='word_1_38' title='bbox 1794 658 2010 713; x_wconf 77' lang='grc' dir='ltr'><em>εἴκοσι.</em></span> 
     </span>
    </p>
   </div>
   <div class='ocr_carea' id='block_1_6' title="bbox 350 743 2015 821">
    <p class='ocr_par' dir='ltr' id='par_1_6' title="bbox 350 743 2015 821">
     <span class='ocr_line' id='line_1_6' title="bbox 350 743 2015 821; baseline -0.005 -16"><span class='ocrx_word' id='word_1_39' title='bbox 350 755 416 805; x_wconf 77' lang='lat' dir='ltr'><em>Ol</em></span> <span class='ocrx_word' id='word_1_40' title='bbox 436 751 504 805; x_wconf 79' lang='grc' dir='ltr'><em>δὲ</em></span> <span class='ocrx_word' id='word_1_41' title='bbox 525 751 814 821; x_wconf 75' lang='grc' dir='ltr'><em>γίγαντες,</em></span> <span class='ocrx_word' id='word_1_42' title='bbox 835 749 1022 821; x_wconf 76' lang='grc' dir='ltr'><em>φησὶν,</em></span> <span class='ocrx_word' id='word_1_43' title='bbox 1045 745 1208 818; x_wconf 84' lang='grc' dir='ltr'><em>ἦσαν</em></span> <span class='ocrx_word' id='word_1_44' title='bbox 1223 747 1321 801; x_wconf 78' lang='grc' dir='ltr'><em>ἐπὶ</em></span> <span class='ocrx_word' id='word_1_45' title='bbox 1351 746 1460 816; x_wconf 82' lang='grc' dir='ltr'><em>τῆς</em></span> <span class='ocrx_word' id='word_1_46' title='bbox 1485 745 1597 816; x_wconf 83' lang='grc' dir='ltr'><em>γῆς</em></span> <span class='ocrx_word' id='word_1_47' title='bbox 1624 747 1694 799; x_wconf 82' lang='grc' dir='ltr'><em>ἐν</em></span> <span class='ocrx_word' id='word_1_48' title='bbox 1725 745 1853 810; x_wconf 86' lang='grc' dir='ltr'><em>ταῖς</em></span> <span class='ocrx_word' id='word_1_49' title='bbox 1873 743 2015 813; x_wconf 75' lang='grc' dir='ltr'><em>ἠμέ-</em></span> 
     </span>
    </p>
   </div>
   <div class='ocr_carea' id='block_1_7' title="bbox 346 833 2014 909">
    <p class='ocr_par' dir='ltr' id='par_1_7' title="bbox 346 833 2014 909">
     <span class='ocr_line' id='line_1_7' title="bbox 346 833 2014 909; baseline -0.007 -14"><span class='ocrx_word' id='word_1_50' title='bbox 346 859 480 909; x_wconf 88' lang='grc' dir='ltr'><em>ραις</em></span> <span class='ocrx_word' id='word_1_51' title='bbox 504 841 782 905; x_wconf 80' lang='grc' dir='ltr'><em>ἐκείναις.</em></span> <span class='ocrx_word' id='word_1_52' title='bbox 812 840 923 892; x_wconf 84' lang='grc' dir='ltr'><em>Καὶ</em></span> <span class='ocrx_word' id='word_1_53' title='bbox 953 839 1080 906; x_wconf 82' lang='grc' dir='ltr'><em>μετ’</em></span> <span class='ocrx_word' id='word_1_54' title='bbox 1101 836 1320 900; x_wconf 73' lang='grc' dir='ltr'><em>ἐκεῖνα,</em></span> <span class='ocrx_word' id='word_1_55' title='bbox 1348 837 1428 902; x_wconf 87' lang='grc' dir='ltr'><em>ὡς</em></span> <span class='ocrx_word' id='word_1_56' title='bbox 1454 833 1532 889; x_wconf 84' lang='grc' dir='ltr'><em>ἂν</em></span> <span class='ocrx_word' id='word_1_57' title='bbox 1557 833 2014 900; x_wconf 85' lang='grc' dir='ltr'><em>εἰσεπορεύοντο</em></span> 
     </span>
    </p>
   </div>
   <div class='ocr_carea' id='block_1_8' title="bbox 351 917 2013 998">
    <p class='ocr_par' dir='ltr' id='par_1_8' title="bbox 351 917 2013 998">
     <span class='ocr_line' id='line_1_8' title="bbox 351 917 2013 998; baseline -0.005 -16"><span class='ocrx_word' id='word_1_58' title='bbox 351 933 406 982; x_wconf 92' lang='grc' dir='ltr'><em>οἰ</em></span> <span class='ocrx_word' id='word_1_59' title='bbox 434 928 550 984; x_wconf 90' lang='grc' dir='ltr'><em>υἰοί</em></span> <span class='ocrx_word' id='word_1_60' title='bbox 568 926 673 982; x_wconf 88' lang='grc' dir='ltr'><em>τοῦ</em></span> <span class='ocrx_word' id='word_1_61' title='bbox 699 925 848 980; x_wconf 85' lang='grc' dir='ltr'><em>Θεοῦ</em></span> <span class='ocrx_word' id='word_1_62' title='bbox 865 924 1014 998; x_wconf 79' lang='grc'><em>[199]</em></span> <span class='ocrx_word' id='word_1_63' title='bbox 1032 923 1180 992; x_wconf 84' lang='grc' dir='ltr'><em>πρὸς</em></span> <span class='ocrx_word' id='word_1_64' title='bbox 1196 923 1300 989; x_wconf 83' lang='grc' dir='ltr'><em>τὰς</em></span> <span class='ocrx_word' id='word_1_65' title='bbox 1319 923 1645 992; x_wconf 85' lang='grc' dir='ltr'><em>θυγατέρας</em></span> <span class='ocrx_word' id='word_1_66' title='bbox 1660 921 1779 974; x_wconf 84' lang='grc' dir='ltr'><em>τῶν</em></span> <span class='ocrx_word' id='word_1_67' title='bbox 1793 917 2013 986; x_wconf 84' lang='grc' dir='ltr'><em>ἀνθρώ-</em></span> 
     </span>
    </p>
   </div>
   <div class='ocr_carea' id='block_1_9' title="bbox 349 1006 2015 1084">
    <p class='ocr_par' dir='ltr' id='par_1_9' title="bbox 349 1006 2015 1084">
     <span class='ocr_line' id='line_1_9' title="bbox 349 1006 2015 1084; baseline -0.007 -14"><span class='ocrx_word' id='word_1_68' title='bbox 349 1032 500 1080; x_wconf 82' lang='grc' dir='ltr'><em>πων,</em></span> <span class='ocrx_word' id='word_1_69' title='bbox 519 1015 620 1069; x_wconf 87' lang='grc' dir='ltr'><em>καί</em></span> <span class='ocrx_word' id='word_1_70' title='bbox 634 1014 977 1084; x_wconf 84' lang='grc' dir='ltr'><em>ὲγεννῶσαν</em></span> <span class='ocrx_word' id='word_1_71' title='bbox 994 1011 1249 1078; x_wconf 81' lang='grc' dir='ltr'><em>ἑαυτοῖς,</em></span> <span class='ocrx_word' id='word_1_72' title='bbox 1265 1010 1480 1064; x_wconf 78' lang='grc' dir='ltr'><em>ἐκεῖνοι</em></span> <span class='ocrx_word' id='word_1_73' title='bbox 1495 1006 1659 1080; x_wconf 81' lang='grc' dir='ltr'><em>ἦσαν</em></span> <span class='ocrx_word' id='word_1_74' title='bbox 1672 1011 1726 1063; x_wconf 93' lang='grc' dir='ltr'><em>οἰ</em></span> <span class='ocrx_word' id='word_1_75' title='bbox 1740 1009 2015 1078; x_wconf 85' lang='grc' dir='ltr'><em>γίγαντες</em></span> 
     </span>
    </p>
   </div>
   <div class='ocr_carea' id='block_1_10' title="bbox 350 1095 2015 1169">
    <p class='ocr_par' dir='ltr' id='par_1_10' title="bbox 350 1095 2015 1169">
     <span class='ocr_line' id='line_1_10' title="bbox 350 1095 2015 1169; baseline -0.007 -11"><span class='ocrx_word' id='word_1_76' title='bbox 350 1107 406 1158; x_wconf 92' lang='grc' dir='ltr'><em>οἰ</em></span> <span class='ocrx_word' id='word_1_77' title='bbox 443 1105 544 1158; x_wconf 80' lang='grc' dir='ltr'><em>ἀπ’</em></span> <span class='ocrx_word' id='word_1_78' title='bbox 575 1103 812 1169; x_wconf 89' lang='grc' dir='ltr'><em>αἰῶνος,</em></span> <span class='ocrx_word' id='word_1_79' title='bbox 851 1104 905 1156; x_wconf 94' lang='grc' dir='ltr'><em>οἰ</em></span> <span class='ocrx_word' id='word_1_80' title='bbox 940 1100 1238 1168; x_wconf 83' lang='grc' dir='ltr'><em>ἄνθρωποι</em></span> <span class='ocrx_word' id='word_1_81' title='bbox 1273 1100 1328 1152; x_wconf 90' lang='grc' dir='ltr'><em>οἰ</em></span> <span class='ocrx_word' id='word_1_82' title='bbox 1372 1097 1717 1167; x_wconf 81' lang='grc' dir='ltr'><em>ὀνομαστοί.</em></span> <span class='ocrx_word' id='word_1_83' title='bbox 1749 1095 2015 1164; x_wconf 82' lang='grc' dir='ltr'><em>Γίγαντας</em></span> 
     </span>
    </p>
   </div>
   <div class='ocr_carea' id='block_1_11' title="bbox 351 1179 2016 1260">
    <p class='ocr_par' dir='ltr' id='par_1_11' title="bbox 351 1179 2016 1260">
     <span class='ocr_line' id='line_1_11' title="bbox 351 1179 2016 1260; baseline -0.005 -19"><span class='ocrx_word' id='word_1_84' title='bbox 351 1189 583 1244; x_wconf 79' lang='grc' dir='ltr'><em>ἐνταῦθα</em></span> <span class='ocrx_word' id='word_1_85' title='bbox 615 1190 743 1253; x_wconf 76' lang='grc' dir='ltr'><em>τοὺς</em></span> <span class='ocrx_word' id='word_1_86' title='bbox 776 1187 1027 1260; x_wconf 71' lang='grc' dir='ltr'><em>ἰσχυροὺς</em></span> <span class='ocrx_word' id='word_1_87' title='bbox 1054 1186 1116 1239; x_wconf 86' lang='grc' dir='ltr'><em>τὸ</em></span> <span class='ocrx_word' id='word_1_88' title='bbox 1151 1184 1309 1256; x_wconf 89' lang='grc' dir='ltr'><em>σῶμα</em></span> <span class='ocrx_word' id='word_1_89' title='bbox 1338 1179 1492 1254; x_wconf 74' lang='grc' dir='ltr'><em>οἶμαι</em></span> <span class='ocrx_word' id='word_1_90' title='bbox 1521 1183 1699 1252; x_wconf 88' lang='grc' dir='ltr'><em>λέγειν</em></span> <span class='ocrx_word' id='word_1_91' title='bbox 1727 1182 1826 1253; x_wconf 83' lang='grc' dir='ltr'><em>τὴν</em></span> <span class='ocrx_word' id='word_1_92' title='bbox 1865 1180 2016 1235; x_wconf 88' lang='grc' dir='ltr'><em>θείαν</em></span> 
     </span>
    </p>
   </div>
   <div class='ocr_carea' id='block_1_12' title="bbox 351 1268 2012 1347">
    <p class='ocr_par' dir='ltr' id='par_1_12' title="bbox 351 1268 2012 1347">
     <span class='ocr_line' id='line_1_12' title="bbox 351 1268 2012 1347; baseline -0.004 -17"><span class='ocrx_word' id='word_1_93' title='bbox 351 1277 595 1347; x_wconf 88' lang='grc' dir='ltr'><em>Γραφήν.</em></span> <span class='ocrx_word' id='word_1_94' title='bbox 635 1276 725 1340; x_wconf 84' lang='grc' dir='ltr'><em>Ἐξ</em></span> <span class='ocrx_word' id='word_1_95' title='bbox 762 1275 1003 1340; x_wconf 83' lang='grc' dir='ltr'><em>ἐκείνων,</em></span> <span class='ocrx_word' id='word_1_96' title='bbox 1047 1273 1232 1343; x_wconf 77' lang='grc' dir='ltr'><em>φησὶν,</em></span> <span class='ocrx_word' id='word_1_97' title='bbox 1281 1275 1314 1342; x_wconf 89' lang='grc' dir='ltr'><em>ή</em></span> <span class='ocrx_word' id='word_1_98' title='bbox 1351 1272 1516 1340; x_wconf 82' lang='grc' dir='ltr'><em>γενεὰ</em></span> <span class='ocrx_word' id='word_1_99' title='bbox 1559 1269 1738 1324; x_wconf 82' lang='grc' dir='ltr'><em>αὐτῶν</em></span> <span class='ocrx_word' id='word_1_100' title='bbox 1779 1268 2012 1340; x_wconf 80' lang='grc' dir='ltr'><em>ηὐξήθη.</em></span> 
     </span>
    </p>
   </div>
   <div class='ocr_carea' id='block_1_13' title="bbox 351 1357 2015 1434">
    <p class='ocr_par' dir='ltr' id='par_1_13' title="bbox 351 1357 2015 1434">
     <span class='ocr_line' id='line_1_13' title="bbox 351 1357 2015 1434; baseline -0.005 -16"><span class='ocrx_word' id='word_1_101' title='bbox 351 1364 466 1418; x_wconf 72' lang='grc' dir='ltr'><em>Καὶ</em></span> <span class='ocrx_word' id='word_1_102' title='bbox 502 1363 609 1434; x_wconf 81' lang='grc' dir='ltr'><em>γὰρ</em></span> <span class='ocrx_word' id='word_1_103' title='bbox 637 1364 731 1417; x_wconf 69' lang='grc' dir='ltr'><em>καὶ</em></span> <span class='ocrx_word' id='word_1_104' title='bbox 771 1360 1003 1432; x_wconf 81' lang='grc' dir='ltr'><em>ἀλλαχοῦ</em></span> <span class='ocrx_word' id='word_1_105' title='bbox 1038 1361 1185 1414; x_wconf 79' lang='grc' dir='ltr'><em>ἐστιν</em></span> <span class='ocrx_word' id='word_1_106' title='bbox 1215 1361 1341 1414; x_wconf 85' lang='grc' dir='ltr'><em>ίδεῖν</em></span> <span class='ocrx_word' id='word_1_107' title='bbox 1368 1359 1526 1412; x_wconf 81' lang='grc' dir='ltr'><em>τοῦτο</em></span> <span class='ocrx_word' id='word_1_108' title='bbox 1558 1359 1876 1431; x_wconf 73' lang='grc' dir='ltr'><em>εἰρημένονο</em></span> <span class='ocrx_word' id='word_1_109' title='bbox 1901 1357 2015 1431; x_wconf 82' lang='grc' dir='ltr'><em>⁹Γί-</em></span> 
     </span>
    </p>
   </div>
   <div class='ocr_carea' id='block_1_14' title="bbox 352 1444 2012 1522">
    <p class='ocr_par' dir='ltr' id='par_1_14' title="bbox 352 1444 2012 1522">
     <span class='ocr_line' id='line_1_14' title="bbox 352 1444 2012 1522; baseline -0.004 -17"><span class='ocrx_word' id='word_1_110' title='bbox 352 1467 585 1520; x_wconf 84' lang='grc' dir='ltr'><em>γαντες,</em></span> <span class='ocrx_word' id='word_1_111' title='bbox 636 1450 819 1522; x_wconf 72' lang='grc' dir='ltr'><em>φησὶν,</em></span> <span class='ocrx_word' id='word_1_112' title='bbox 872 1452 1146 1519; x_wconf 80' lang='grc' dir='ltr'><em>ἔρχονται</em></span> <span class='ocrx_word' id='word_1_113' title='bbox 1185 1448 1292 1502; x_wconf 87' lang='grc' dir='ltr'><em>τὸν</em></span> <span class='ocrx_word' id='word_1_114' title='bbox 1330 1447 1520 1515; x_wconf 80' lang='grc' dir='ltr'><em>θυμόν</em></span> <span class='ocrx_word' id='word_1_115' title='bbox 1549 1463 1668 1515; x_wconf 84' lang='grc' dir='ltr'><em>μου</em></span> <span class='ocrx_word' id='word_1_116' title='bbox 1706 1444 1935 1498; x_wconf 84' lang='grc' dir='ltr'><em>παῦσαι</em></span> <span class='ocrx_word' id='word_1_117' title='bbox 1964 1457 2012 1499; x_wconf 70' lang='grc' dir='ltr'><em>α.</em></span> 
     </span>
    </p>
   </div>
   <div class='ocr_carea' id='block_1_15' title="bbox 351 1531 2018 1603">
    <p class='ocr_par' dir='ltr' id='par_1_15' title="bbox 351 1531 2018 1603">
     <span class='ocr_line' id='line_1_15' title="bbox 351 1531 2018 1603; baseline -0.005 -12"><span class='ocrx_word' id='word_1_118' title='bbox 351 1538 554 1592; x_wconf 76' lang='grc' dir='ltr'><em>Τοῦτον</em></span> <span class='ocrx_word' id='word_1_119' title='bbox 582 1538 637 1591; x_wconf 81' lang='grc' dir='ltr'><em>δὲ</em></span> <span class='ocrx_word' id='word_1_120' title='bbox 665 1538 756 1592; x_wconf 82' lang='grc' dir='ltr'><em>τὸν</em></span> <span class='ocrx_word' id='word_1_121' title='bbox 778 1537 883 1592; x_wconf 89' lang='grc' dir='ltr'><em>τῶν</em></span> <span class='ocrx_word' id='word_1_122' title='bbox 915 1537 1105 1590; x_wconf 80' lang='grc' dir='ltr'><em>ἑκατὸν</em></span> <span class='ocrx_word' id='word_1_123' title='bbox 1128 1536 1300 1589; x_wconf 75' lang='grc' dir='ltr'><em>εἴκοσι</em></span> <span class='ocrx_word' id='word_1_124' title='bbox 1335 1534 1470 1587; x_wconf 88' lang='grc' dir='ltr'><em>ἐτῶν</em></span> <span class='ocrx_word' id='word_1_125' title='bbox 1499 1531 1730 1603; x_wconf 82' lang='grc' dir='ltr'><em>ἀριθμὸν</em></span> <span class='ocrx_word' id='word_1_126' title='bbox 1757 1531 1902 1594; x_wconf 85' lang='grc' dir='ltr'><em>τινές</em></span> <span class='ocrx_word' id='word_1_127' title='bbox 1932 1547 2018 1582; x_wconf 81' lang='grc' dir='ltr'><em>νο-</em></span> 
     </span>
    </p>
   </div>
   <div class='ocr_carea' id='block_1_16' title="bbox 355 1617 2015 1696">
    <p class='ocr_par' dir='ltr' id='par_1_16' title="bbox 355 1617 2015 1696">
     <span class='ocr_line' id='line_1_16' title="bbox 355 1617 2015 1696; baseline -0.006 -17"><span class='ocrx_word' id='word_1_128' title='bbox 355 1625 570 1696; x_wconf 73' lang='grc' dir='ltr'><em>μίςουσι</em></span> <span class='ocrx_word' id='word_1_129' title='bbox 595 1626 686 1678; x_wconf 82' lang='grc' dir='ltr'><em>τὸν</em></span> <span class='ocrx_word' id='word_1_130' title='bbox 715 1626 839 1695; x_wconf 82' lang='grc' dir='ltr'><em>ὅρον</em></span> <span class='ocrx_word' id='word_1_131' title='bbox 865 1625 962 1696; x_wconf 82' lang='grc' dir='ltr'><em>τῆς</em></span> <span class='ocrx_word' id='word_1_132' title='bbox 993 1624 1137 1694; x_wconf 78' lang='grc' dir='ltr'><em>ζωῆς</em></span> <span class='ocrx_word' id='word_1_133' title='bbox 1163 1618 1340 1675; x_wconf 76' lang='grc' dir='ltr'><em>εἶναι’</em></span> <span class='ocrx_word' id='word_1_134' title='bbox 1379 1622 1439 1674; x_wconf 88' lang='grc' dir='ltr'><em>ού</em></span> <span class='ocrx_word' id='word_1_135' title='bbox 1470 1621 1626 1673; x_wconf 83' lang='grc' dir='ltr'><em>τοῦτο</em></span> <span class='ocrx_word' id='word_1_136' title='bbox 1657 1620 1713 1672; x_wconf 86' lang='grc' dir='ltr'><em>δέ</em></span> <span class='ocrx_word' id='word_1_137' title='bbox 1742 1617 2015 1689; x_wconf 90' lang='grc' dir='ltr'><em>σημαίνει,</em></span> 
     </span>
    </p>
   </div>
   <div class='ocr_carea' id='block_1_17' title="bbox 349 1703 2018 1781">
    <p class='ocr_par' dir='ltr' id='par_1_17' title="bbox 349 1703 2018 1781">
     <span class='ocr_line' id='line_1_17' title="bbox 349 1703 2018 1781; baseline -0.005 -17"><span class='ocrx_word' id='word_1_138' title='bbox 349 1711 487 1764; x_wconf 86' lang='grc' dir='ltr'><em>ἀλλά</em></span> <span class='ocrx_word' id='word_1_139' title='bbox 507 1709 643 1773; x_wconf 87' lang='grc' dir='ltr'><em>τέως</em></span> <span class='ocrx_word' id='word_1_140' title='bbox 661 1711 758 1781; x_wconf 78' lang='grc' dir='ltr'><em>τὴν</em></span> <span class='ocrx_word' id='word_1_141' title='bbox 782 1710 1164 1781; x_wconf 61' lang='grc' dir='ltr'><em>μακροθυμίαν</em></span> <span class='ocrx_word' id='word_1_142' title='bbox 1187 1705 1520 1774; x_wconf 86' lang='grc' dir='ltr'><em>ἐνδείξασθαι</em></span> <span class='ocrx_word' id='word_1_143' title='bbox 1547 1705 1814 1776; x_wconf 87' lang='grc' dir='ltr'><em>βούλεται,</em></span> <span class='ocrx_word' id='word_1_144' title='bbox 1833 1705 1897 1775; x_wconf 81' lang='grc' dir='ltr'><em>ἢν</em></span> <span class='ocrx_word' id='word_1_145' title='bbox 1923 1703 2018 1756; x_wconf 78' lang='grc' dir='ltr'><em>καὶ</em></span> 
     </span>
    </p>
   </div>
   <div class='ocr_carea' id='block_1_18' title="bbox 353 1791 2014 1870">
    <p class='ocr_par' dir='ltr' id='par_1_18' title="bbox 353 1791 2014 1870">
     <span class='ocr_line' id='line_1_18' title="bbox 353 1791 2014 1870; baseline -0.005 -18"><span class='ocrx_word' id='word_1_146' title='bbox 353 1798 493 1870; x_wconf 87' lang='grc' dir='ltr'><em>μετά</em></span> <span class='ocrx_word' id='word_1_147' title='bbox 535 1796 773 1852; x_wconf 77' lang='grc' dir='ltr'><em>τοσαῦτα</em></span> <span class='ocrx_word' id='word_1_148' title='bbox 822 1797 1194 1869; x_wconf 86' lang='grc' dir='ltr'><em>ἁμαρτήματα</em></span> <span class='ocrx_word' id='word_1_149' title='bbox 1251 1795 1339 1848; x_wconf 90' lang='grc' dir='ltr'><em>ἐπ’</em></span> <span class='ocrx_word' id='word_1_150' title='bbox 1389 1793 1583 1857; x_wconf 77' lang='grc' dir='ltr'><em>αὐτοὺς</em></span> <span class='ocrx_word' id='word_1_151' title='bbox 1629 1791 2014 1844; x_wconf 84' lang='grc' dir='ltr'><em>ἐπιδείκνυται.</em></span> 
     </span>
    </p>
   </div>
   <div class='ocr_carea' id='block_1_19' title="bbox 353 1875 2019 1954">
    <p class='ocr_par' dir='ltr' id='par_1_19' title="bbox 353 1875 2019 1954">
     <span class='ocr_line' id='line_1_19' title="bbox 353 1875 2019 1954; baseline -0.006 -16"><span class='ocrx_word' id='word_1_152' title='bbox 353 1884 448 1938; x_wconf 85' lang='grc' dir='ltr'><em>Ἰν’</em></span> <span class='ocrx_word' id='word_1_153' title='bbox 479 1878 572 1938; x_wconf 79' lang='grc' dir='ltr'><em>οὖν</em></span> <span class='ocrx_word' id='word_1_154' title='bbox 624 1881 882 1954; x_wconf 82' lang='grc' dir='ltr'><em>μάθωμεν</em></span> <span class='ocrx_word' id='word_1_155' title='bbox 925 1881 1019 1936; x_wconf 76' lang='grc' dir='ltr'><em>καὶ</em></span> <span class='ocrx_word' id='word_1_156' title='bbox 1055 1880 1192 1952; x_wconf 85' lang='grc' dir='ltr'><em>μετά</em></span> <span class='ocrx_word' id='word_1_157' title='bbox 1234 1880 1332 1950; x_wconf 85' lang='grc' dir='ltr'><em>τὴν</em></span> <span class='ocrx_word' id='word_1_158' title='bbox 1363 1879 1753 1950; x_wconf 88' lang='grc' dir='ltr'><em>ἀγανάκτησιν,</em></span> <span class='ocrx_word' id='word_1_159' title='bbox 1791 1876 1884 1930; x_wconf 72' lang='grc' dir='ltr'><em>καὶ</em></span> <span class='ocrx_word' id='word_1_160' title='bbox 1919 1875 2019 1947; x_wconf 77' lang='grc' dir='ltr'><em>τὴν</em></span> 
     </span>
    </p>
   </div>
   <div class='ocr_carea' id='block_1_20' title="bbox 353 1964 2020 2042">
    <p class='ocr_par' dir='ltr' id='par_1_20' title="bbox 353 1964 2020 2042">
     <span class='ocr_line' id='line_1_20' title="bbox 353 1964 2020 2042; baseline -0.005 -17"><span class='ocrx_word' id='word_1_161' title='bbox 353 1971 602 2042; x_wconf 83' lang='grc' dir='ltr'><em>ἀπειλὴν,</em></span> <span class='ocrx_word' id='word_1_162' title='bbox 631 1971 728 2024; x_wconf 66' lang='grc' dir='ltr'><em>καὶ</em></span> <span class='ocrx_word' id='word_1_163' title='bbox 760 1969 857 2041; x_wconf 76' lang='grc' dir='ltr'><em>τὴν</em></span> <span class='ocrx_word' id='word_1_164' title='bbox 877 1968 1147 2040; x_wconf 75' lang='grc' dir='ltr'><em>τοσαύτην</em></span> <span class='ocrx_word' id='word_1_165' title='bbox 1178 1967 1272 2020; x_wconf 80' lang='grc' dir='ltr'><em>τοῦ</em></span> <span class='ocrx_word' id='word_1_166' title='bbox 1294 1968 1488 2038; x_wconf 85' lang='grc' dir='ltr'><em>χρόνου</em></span> <span class='ocrx_word' id='word_1_167' title='bbox 1517 1964 1920 2037; x_wconf 81' lang='grc' dir='ltr'><em>μακροθυμίαν,</em></span> <span class='ocrx_word' id='word_1_168' title='bbox 1953 1964 2020 2034; x_wconf 74' lang='grc' dir='ltr'><em>ἣν</em></span> 
     </span>
    </p>
   </div>
   <div class='ocr_carea' id='block_1_21' title="bbox 355 2050 2022 2129">
    <p class='ocr_par' dir='ltr' id='par_1_21' title="bbox 355 2050 2022 2129">
     <span class='ocr_line' id='line_1_21' title="bbox 355 2050 2022 2129; baseline -0.006 -17"><span class='ocrx_word' id='word_1_169' title='bbox 355 2061 438 2122; x_wconf 86' lang='grc' dir='ltr'><em>είς</em></span> <span class='ocrx_word' id='word_1_170' title='bbox 475 2058 760 2129; x_wconf 89' lang='grc' dir='ltr'><em>μετάνοιαν</em></span> <span class='ocrx_word' id='word_1_171' title='bbox 795 2057 976 2120; x_wconf 81' lang='grc' dir='ltr'><em>αὐτοῖς</em></span> <span class='ocrx_word' id='word_1_172' title='bbox 1001 2056 1252 2118; x_wconf 84' lang='grc' dir='ltr'><em>δέδωκεν,</em></span> <span class='ocrx_word' id='word_1_173' title='bbox 1298 2053 1373 2115; x_wconf 82' lang='grc' dir='ltr'><em>ὡς</em></span> <span class='ocrx_word' id='word_1_174' title='bbox 1414 2053 1474 2106; x_wconf 83' lang='grc' dir='ltr'><em>ού</em></span> <span class='ocrx_word' id='word_1_175' title='bbox 1504 2052 1662 2123; x_wconf 84' lang='grc' dir='ltr'><em>μόνον</em></span> <span class='ocrx_word' id='word_1_176' title='bbox 1686 2051 1839 2104; x_wconf 78' lang='grc' dir='ltr'><em>οὐδὲν</em></span> <span class='ocrx_word' id='word_1_177' title='bbox 1863 2050 2022 2122; x_wconf 70' lang='grc' dir='ltr'><em>ἐκέριι</em></span> 
     </span>
    </p>
   </div>
   <div class='ocr_carea' id='block_1_22' title="bbox 353 2136 2019 2209">
    <p class='ocr_par' dir='ltr' id='par_1_22' title="bbox 353 2136 2019 2209">
     <span class='ocr_line' id='line_1_22' title="bbox 353 2136 2019 2209; baseline -0.004 -13"><span class='ocrx_word' id='word_1_178' title='bbox 353 2144 532 2207; x_wconf 90' lang='grc' dir='ltr'><em>δανον,</em></span> <span class='ocrx_word' id='word_1_179' title='bbox 571 2142 706 2197; x_wconf 81' lang='grc' dir='ltr'><em>ἀλλὰ</em></span> <span class='ocrx_word' id='word_1_180' title='bbox 739 2142 834 2197; x_wconf 69' lang='grc' dir='ltr'><em>καὶ</em></span> <span class='ocrx_word' id='word_1_181' title='bbox 854 2145 968 2204; x_wconf 86' lang='grc' dir='ltr'><em>τοῖς</em></span> <span class='ocrx_word' id='word_1_182' title='bbox 1004 2139 1186 2203; x_wconf 81' lang='grc' dir='ltr'><em>αὐτοῖς</em></span> <span class='ocrx_word' id='word_1_183' title='bbox 1207 2139 1516 2209; x_wconf 88' lang='grc' dir='ltr'><em>ἐπέμειναν,</em></span> <span class='ocrx_word' id='word_1_184' title='bbox 1547 2137 1635 2190; x_wconf 84' lang='grc' dir='ltr'><em>διὰ</em></span> <span class='ocrx_word' id='word_1_185' title='bbox 1654 2136 1815 2191; x_wconf 82' lang='grc' dir='ltr'><em>τοῦτό</em></span> <span class='ocrx_word' id='word_1_186' title='bbox 1835 2153 2019 2207; x_wconf 87' lang='grc' dir='ltr'><em>φησιν,</em></span> 
     </span>
    </p>
   </div>
   <div class='ocr_carea' id='block_1_23' title="bbox 369 2222 2022 2298">
    <p class='ocr_par' dir='ltr' id='par_1_23' title="bbox 369 2222 2022 2298">
     <span class='ocr_line' id='line_1_23' title="bbox 369 2222 2022 2298; baseline -0.004 -13"><span class='ocrx_word' id='word_1_187' title='bbox 369 2229 466 2296; x_wconf 78' lang='grc' dir='ltr'><em>Ὠς</em></span> <span class='ocrx_word' id='word_1_188' title='bbox 491 2229 568 2285; x_wconf 83' lang='grc' dir='ltr'><em>ἂν</em></span> <span class='ocrx_word' id='word_1_189' title='bbox 591 2229 1046 2298; x_wconf 86' lang='grc' dir='ltr'><em>εἰσεπορεύοντο</em></span> <span class='ocrx_word' id='word_1_190' title='bbox 1068 2229 1122 2281; x_wconf 91' lang='grc' dir='ltr'><em>οἰ</em></span> <span class='ocrx_word' id='word_1_191' title='bbox 1144 2225 1262 2280; x_wconf 86' lang='grc' dir='ltr'><em>υἱοί</em></span> <span class='ocrx_word' id='word_1_192' title='bbox 1291 2224 1400 2278; x_wconf 83' lang='grc' dir='ltr'><em>τοῦ</em></span> <span class='ocrx_word' id='word_1_193' title='bbox 1433 2222 1582 2278; x_wconf 89' lang='grc' dir='ltr'><em>Θεοῦ</em></span> <span class='ocrx_word' id='word_1_194' title='bbox 1602 2223 1750 2292; x_wconf 85' lang='grc' dir='ltr'><em>πρὸς</em></span> <span class='ocrx_word' id='word_1_195' title='bbox 1783 2222 1892 2289; x_wconf 87' lang='grc' dir='ltr'><em>τὰς</em></span> <span class='ocrx_word' id='word_1_196' title='bbox 1918 2227 2022 2279; x_wconf 85' lang='grc' dir='ltr'><em>θυ-</em></span> 
     </span>
    </p>
   </div>
   <div class='ocr_carea' id='block_1_24' title="bbox 357 2308 2021 2386">
    <p class='ocr_par' dir='ltr' id='par_1_24' title="bbox 357 2308 2021 2386">
     <span class='ocr_line' id='line_1_24' title="bbox 357 2308 2021 2386; baseline -0.005 -15"><span class='ocrx_word' id='word_1_197' title='bbox 357 2316 610 2386; x_wconf 82' lang='grc' dir='ltr'><em>γατέρας</em></span> <span class='ocrx_word' id='word_1_198' title='bbox 664 2315 782 2370; x_wconf 88' lang='grc' dir='ltr'><em>τῶν</em></span> <span class='ocrx_word' id='word_1_199' title='bbox 817 2311 1142 2383; x_wconf 85' lang='grc' dir='ltr'><em>ἀνθρώπων</em></span> <span class='ocrx_word' id='word_1_200' title='bbox 1160 2351 1176 2378; x_wconf 91' lang='grc'>,</span> <span class='ocrx_word' id='word_1_201' title='bbox 1225 2311 1324 2366; x_wconf 88' lang='grc' dir='ltr'><em>καί</em></span> <span class='ocrx_word' id='word_1_202' title='bbox 1380 2309 1724 2381; x_wconf 78' lang='grc' dir='ltr'><em>ἐγεννῶσαν</em></span> <span class='ocrx_word' id='word_1_203' title='bbox 1765 2308 2021 2378; x_wconf 84' lang='grc' dir='ltr'><em>ἑαυτοῖς,</em></span> 
     </span>
    </p>
   </div>
   <div class='ocr_carea' id='block_1_25' title="bbox 355 2385 2024 2473">
    <p class='ocr_par' dir='ltr' id='par_1_25' title="bbox 355 2385 2024 2473">
     <span class='ocr_line' id='line_1_25' title="bbox 355 2385 2024 2473; baseline -0.004 -17"><span class='ocrx_word' id='word_1_204' title='bbox 355 2385 574 2457; x_wconf 71' lang='grc' dir='ltr'><em>ἐκεῖνοι</em></span> <span class='ocrx_word' id='word_1_205' title='bbox 603 2399 767 2473; x_wconf 78' lang='grc' dir='ltr'><em>ἦσαν</em></span> <span class='ocrx_word' id='word_1_206' title='bbox 791 2404 846 2456; x_wconf 87' lang='grc' dir='ltr'><em>οἰ</em></span> <span class='ocrx_word' id='word_1_207' title='bbox 873 2402 1146 2471; x_wconf 74' lang='grc' dir='ltr'><em>γίγαντες</em></span> <span class='ocrx_word' id='word_1_208' title='bbox 1172 2401 1226 2453; x_wconf 92' lang='grc' dir='ltr'><em>οἰ</em></span> <span class='ocrx_word' id='word_1_209' title='bbox 1251 2398 1352 2453; x_wconf 80' lang='grc' dir='ltr'><em>ἀπ’</em></span> <span class='ocrx_word' id='word_1_210' title='bbox 1380 2399 1610 2463; x_wconf 81' lang='grc' dir='ltr'><em>αἰῶνος,</em></span> <span class='ocrx_word' id='word_1_211' title='bbox 1643 2399 1699 2452; x_wconf 93' lang='grc' dir='ltr'><em>οἰ</em></span> <span class='ocrx_word' id='word_1_212' title='bbox 1730 2395 2024 2464; x_wconf 84' lang='grc' dir='ltr'><em>ἄνθρωποι</em></span> 
     </span>
    </p>
   </div>
   <div class='ocr_carea' id='block_1_26' title="bbox 356 2479 2024 2559">
    <p class='ocr_par' dir='ltr' id='par_1_26' title="bbox 356 2479 2024 2559">
     <span class='ocr_line' id='line_1_26' title="bbox 356 2479 2024 2559; baseline -0.006 -14"><span class='ocrx_word' id='word_1_213' title='bbox 356 2493 412 2545; x_wconf 87' lang='grc' dir='ltr'><em>οἰ</em></span> <span class='ocrx_word' id='word_1_214' title='bbox 461 2489 808 2559; x_wconf 82' lang='grc' dir='ltr'><em>ὀνομαστοί.</em></span> <span class='ocrx_word' id='word_1_215' title='bbox 855 2484 1008 2550; x_wconf 76' lang='grc' dir='ltr'><em>Εἶδες</em></span> <span class='ocrx_word' id='word_1_216' title='bbox 1053 2485 1443 2556; x_wconf 78' lang='grc' dir='ltr'><em>ἀγνωμοσύνης</em></span> <span class='ocrx_word' id='word_1_217' title='bbox 1489 2483 1830 2556; x_wconf 86' lang='grc' dir='ltr'><em>ύπερϐολήν;</em></span> <span class='ocrx_word' id='word_1_218' title='bbox 1885 2479 2024 2547; x_wconf 68' lang='grc' dir='ltr'><em>εἶδες</em></span> 
     </span>
    </p>
   </div>
   <div class='ocr_carea' id='block_1_27' title="bbox 356 2570 2024 2649">
    <p class='ocr_par' dir='ltr' id='par_1_27' title="bbox 356 2570 2024 2649">
     <span class='ocr_line' id='line_1_27' title="bbox 356 2570 2024 2649; baseline -0.004 -18"><span class='ocrx_word' id='word_1_219' title='bbox 356 2577 533 2649; x_wconf 71' lang='grc' dir='ltr'><em>ψυχὴν</em></span> <span class='ocrx_word' id='word_1_220' title='bbox 577 2576 905 2646; x_wconf 84' lang='grc' dir='ltr'><em>ἀνάλγητον;</em></span> <span class='ocrx_word' id='word_1_221' title='bbox 957 2573 1093 2628; x_wconf 77' lang='grc' dir='ltr'><em>Οὔτε</em></span> <span class='ocrx_word' id='word_1_222' title='bbox 1118 2577 1146 2628; x_wconf 99' lang='lat'><em>6</em></span> <span class='ocrx_word' id='word_1_223' title='bbox 1171 2574 1274 2644; x_wconf 87' lang='grc' dir='ltr'><em>τῆς</em></span> <span class='ocrx_word' id='word_1_224' title='bbox 1315 2571 1584 2644; x_wconf 78' lang='grc' dir='ltr'><em>τιμωρίας</em></span> <span class='ocrx_word' id='word_1_225' title='bbox 1630 2571 1811 2640; x_wconf 85' lang='grc' dir='ltr'><em>φόϐος,</em></span> <span class='ocrx_word' id='word_1_226' title='bbox 1843 2570 1965 2625; x_wconf 74' lang='grc' dir='ltr'><em>οὔτε</em></span> <span class='ocrx_word' id='word_1_227' title='bbox 1994 2572 2024 2624; x_wconf 94' lang='lat'><em>6</em></span> 
     </span>
    </p>
   </div>
   <div class='ocr_carea' id='block_1_28' title="bbox 355 2652 2024 2730">
    <p class='ocr_par' dir='ltr' id='par_1_28' title="bbox 355 2652 2024 2730">
     <span class='ocr_line' id='line_1_28' title="bbox 355 2652 2024 2730; baseline -0.002 -20"><span class='ocrx_word' id='word_1_228' title='bbox 355 2660 455 2729; x_wconf 83' lang='grc' dir='ltr'><em>τῆς</em></span> <span class='ocrx_word' id='word_1_229' title='bbox 488 2658 861 2730; x_wconf 82' lang='grc' dir='ltr'><em>μακροθυμίας</em></span> <span class='ocrx_word' id='word_1_230' title='bbox 888 2656 1075 2727; x_wconf 79' lang='grc' dir='ltr'><em>χρόνος</em></span> <span class='ocrx_word' id='word_1_231' title='bbox 1093 2656 1398 2725; x_wconf 78' lang='grc' dir='ltr'><em>ἀπέστησεν</em></span> <span class='ocrx_word' id='word_1_232' title='bbox 1423 2654 1618 2716; x_wconf 82' lang='grc' dir='ltr'><em>αὐτοὺς</em></span> <span class='ocrx_word' id='word_1_233' title='bbox 1645 2652 1752 2706; x_wconf 87' lang='grc' dir='ltr'><em>τῶν</em></span> <span class='ocrx_word' id='word_1_234' title='bbox 1774 2653 2024 2724; x_wconf 84' lang='grc' dir='ltr'><em>πονηρῶν</em></span> 
     </span>
    </p>
   </div>
   <div class='ocr_carea' id='block_1_29' title="bbox 360 2739 2024 2816">
    <p class='ocr_par' dir='ltr' id='par_1_29' title="bbox 360 2739 2024 2816">
     <span class='ocr_line' id='line_1_29' title="bbox 360 2739 2024 2816; baseline -0.002 -19"><span class='ocrx_word' id='word_1_235' title='bbox 360 2744 608 2816; x_wconf 85' lang='grc' dir='ltr'><em>πράξεων</em></span> <span class='ocrx_word' id='word_1_236' title='bbox 633 2762 647 2777; x_wconf 78' lang='grc' dir='ltr'><strong>ο</strong></span> <span class='ocrx_word' id='word_1_237' title='bbox 673 2745 788 2798; x_wconf 84' lang='grc' dir='ltr'><em>ἀλλ’</em></span> <span class='ocrx_word' id='word_1_238' title='bbox 822 2743 970 2810; x_wconf 73' lang='grc' dir='ltr'><em>ἃπαξ</em></span> <span class='ocrx_word' id='word_1_239' title='bbox 1004 2742 1142 2796; x_wconf 89' lang='grc' dir='ltr'><em>κατά</em></span> <span class='ocrx_word' id='word_1_240' title='bbox 1164 2741 1422 2812; x_wconf 81' lang='grc' dir='ltr'>κρημνῶν</span> <span class='ocrx_word' id='word_1_241' title='bbox 1460 2739 1892 2809; x_wconf 81' lang='grc' dir='ltr'><em>κατενεχθέντες,</em></span> <span class='ocrx_word' id='word_1_242' title='bbox 1930 2740 2024 2793; x_wconf 70' lang='grc' dir='ltr'><em>καὶ</em></span> 
     </span>
    </p>
   </div>
   <div class='ocr_carea' id='block_1_30' title="bbox 357 2826 2023 2903">
    <p class='ocr_par' dir='ltr' id='par_1_30' title="bbox 357 2826 2023 2903">
     <span class='ocr_line' id='line_1_30' title="bbox 357 2826 2023 2903; baseline -0.004 -19"><span class='ocrx_word' id='word_1_243' title='bbox 357 2833 417 2886; x_wconf 82' lang='grc' dir='ltr'><em>τὸ</em></span> <span class='ocrx_word' id='word_1_244' title='bbox 431 2833 529 2903; x_wconf 85' lang='grc' dir='ltr'><em>τῆς</em></span> <span class='ocrx_word' id='word_1_245' title='bbox 546 2832 778 2895; x_wconf 76' lang='grc' dir='ltr'><em>διανοίας</em></span> <span class='ocrx_word' id='word_1_246' title='bbox 794 2831 947 2902; x_wconf 81' lang='grc' dir='ltr'><em>δμμα</em></span> <span class='ocrx_word' id='word_1_247' title='bbox 962 2848 1036 2901; x_wconf 91' lang='grc' dir='ltr'><em>πη</em></span> <span class='ocrx_word' id='word_1_248' title='bbox 1043 2829 1325 2901; x_wconf 84' lang='grc' dir='ltr'><em>ρωθέντες,</em></span> <span class='ocrx_word' id='word_1_249' title='bbox 1338 2827 1532 2881; x_wconf 77' lang='grc' dir='ltr'><em>οὐκέτι</em></span> <span class='ocrx_word' id='word_1_250' title='bbox 1548 2827 1750 2887; x_wconf 85' lang='grc' dir='ltr'><em>λοιπὸν,</em></span> <span class='ocrx_word' id='word_1_251' title='bbox 1774 2826 2023 2898; x_wconf 83' lang='grc' dir='ltr'><em>καθάπερ</em></span> 
     </span>
    </p>
   </div>
   <div class='ocr_carea' id='block_1_31' title="bbox 358 2915 2020 2990">
    <p class='ocr_par' dir='ltr' id='par_1_31' title="bbox 358 2915 2020 2990">
     <span class='ocr_line' id='line_1_31' title="bbox 358 2915 2020 2990; baseline -0.003 -17"><span class='ocrx_word' id='word_1_252' title='bbox 358 2919 464 2973; x_wconf 82' lang='grc' dir='ltr'><em>ύπδ</em></span> <span class='ocrx_word' id='word_1_253' title='bbox 511 2919 679 2990; x_wconf 82' lang='grc' dir='ltr'><em>μέθης</em></span> <span class='ocrx_word' id='word_1_254' title='bbox 725 2918 866 2980; x_wconf 81' lang='grc' dir='ltr'><em>τινὸς</em></span> <span class='ocrx_word' id='word_1_255' title='bbox 910 2918 1010 2987; x_wconf 82' lang='grc' dir='ltr'><em>τῆς</em></span> <span class='ocrx_word' id='word_1_256' title='bbox 1067 2917 1306 2986; x_wconf 81' lang='grc' dir='ltr'><em>πονηρᾶς</em></span> <span class='ocrx_word' id='word_1_257' title='bbox 1343 2915 1635 2986; x_wconf 74' lang='grc' dir='ltr'><em>ἐπιθυμίας</em></span> <span class='ocrx_word' id='word_1_258' title='bbox 1685 2915 2020 2969; x_wconf 87' lang='grc' dir='ltr'><em>καταϐαπτι-</em></span> 
     </span>
    </p>
   </div>
   <div class='ocr_carea' id='block_1_32' title="bbox 360 3001 2022 3074">
    <p class='ocr_par' dir='ltr' id='par_1_32' title="bbox 360 3001 2022 3074">
     <span class='ocr_line' id='line_1_32' title="bbox 360 3001 2022 3074; baseline -0.004 -14"><span class='ocrx_word' id='word_1_259' title='bbox 360 3007 597 3069; x_wconf 87' lang='grc' dir='ltr'><em>σθέντες,</em></span> <span class='ocrx_word' id='word_1_260' title='bbox 622 3006 933 3074; x_wconf 80' lang='grc' dir='ltr'><em>ἀνενεγκεῖν</em></span> <span class='ocrx_word' id='word_1_261' title='bbox 949 3003 1343 3074; x_wconf 71' lang='grc' dir='ltr'><em>ἠϐουλήθησαν,</em></span> <span class='ocrx_word' id='word_1_262' title='bbox 1364 3002 1614 3073; x_wconf 88' lang='grc' dir='ltr'><em>καθάπερ</em></span> <span class='ocrx_word' id='word_1_263' title='bbox 1641 3001 1735 3054; x_wconf 75' lang='grc' dir='ltr'><em>καὶ</em></span> <span class='ocrx_word' id='word_1_264' title='bbox 1758 3003 1917 3070; x_wconf 87' lang='grc' dir='ltr'><em>σοφός</em></span> <span class='ocrx_word' id='word_1_265' title='bbox 1937 3001 2022 3066; x_wconf 91' lang='grc' dir='ltr'><em>τίς</em></span> 
     </span>
    </p>
   </div>
   <div class='ocr_carea' id='block_1_33' title="bbox 355 3087 2020 3162">
    <p class='ocr_par' dir='ltr' id='par_1_33' title="bbox 355 3087 2020 3162">
     <span class='ocr_line' id='line_1_33' title="bbox 355 3087 2020 3162; baseline -0.001 -17"><span class='ocrx_word' id='word_1_266' title='bbox 355 3109 521 3162; x_wconf 83' lang='grc' dir='ltr'><em>φησιν</em></span> <span class='ocrx_word' id='word_1_267' title='bbox 541 3110 555 3124; x_wconf 91' lang='grc'><strong>·</strong></span> <span class='ocrx_word' id='word_1_268' title='bbox 596 3089 846 3158; x_wconf 79' lang='grc' dir='ltr'><em>Ἀσεϐὴς</em></span> <span class='ocrx_word' id='word_1_269' title='bbox 874 3089 1152 3159; x_wconf 83' lang='grc' dir='ltr'><em>ἐμπεσὼν</em></span> <span class='ocrx_word' id='word_1_270' title='bbox 1176 3091 1262 3156; x_wconf 91' lang='grc' dir='ltr'><em>εἰς</em></span> <span class='ocrx_word' id='word_1_271' title='bbox 1277 3088 1469 3154; x_wconf 80' lang='grc' dir='ltr'><em>βάθος</em></span> <span class='ocrx_word' id='word_1_272' title='bbox 1499 3087 1702 3142; x_wconf 84' lang='grc' dir='ltr'><em>κακῶν</em></span> <span class='ocrx_word' id='word_1_273' title='bbox 1727 3104 2020 3158; x_wconf 72' lang='grc' dir='ltr'><em>καταφρο-</em></span> 
     </span>
    </p>
   </div>
   <div class='ocr_carea' id='block_1_34' title="bbox 353 3175 2020 3249">
    <p class='ocr_par' dir='ltr' id='par_1_34' title="bbox 353 3175 2020 3249">
     <span class='ocr_line' id='line_1_34' title="bbox 353 3175 2020 3249; baseline -0.001 -16"><span class='ocrx_word' id='word_1_274' title='bbox 353 3181 466 3234; x_wconf 75' lang='grc' dir='ltr'><em>νεῖ.</em></span> <span class='ocrx_word' id='word_1_275' title='bbox 503 3178 683 3232; x_wconf 83' lang='grc' dir='ltr'><em>Δεινδν</em></span> <span class='ocrx_word' id='word_1_276' title='bbox 716 3177 844 3249; x_wconf 84' lang='grc' dir='ltr'><em>γὰρ,</em></span> <span class='ocrx_word' id='word_1_277' title='bbox 871 3177 1063 3243; x_wconf 81' lang='grc' dir='ltr'><em>δεινὸν,</em></span> <span class='ocrx_word' id='word_1_278' title='bbox 1098 3177 1366 3248; x_wconf 49' lang='grc' dir='ltr'><em>ἀγαπητὴ</em></span> <span class='ocrx_word' id='word_1_279' title='bbox 1393 3175 1593 3230; x_wconf 81' lang='grc' dir='ltr'><em>ἁλῶναι</em></span> <span class='ocrx_word' id='word_1_280' title='bbox 1620 3178 1741 3239; x_wconf 84' lang='grc' dir='ltr'><em>ταῖς</em></span> <span class='ocrx_word' id='word_1_281' title='bbox 1776 3175 1869 3230; x_wconf 83' lang='grc' dir='ltr'><em>τοῦ</em></span> <span class='ocrx_word' id='word_1_282' title='bbox 1901 3177 2020 3231; x_wconf 88' lang='grc' dir='ltr'><em>δια-</em></span> 
     </span>
    </p>
   </div>
   <div class='ocr_carea' id='block_1_35' title="bbox 355 3263 2021 3336">
    <p class='ocr_par' dir='ltr' id='par_1_35' title="bbox 355 3263 2021 3336">
     <span class='ocr_line' id='line_1_35' title="bbox 355 3263 2021 3336; baseline -0.001 -17"><span class='ocrx_word' id='word_1_283' title='bbox 355 3267 515 3320; x_wconf 83' lang='grc' dir='ltr'><em>ϐόλου</em></span> <span class='ocrx_word' id='word_1_284' title='bbox 548 3267 790 3334; x_wconf 87' lang='grc' dir='ltr'><em>παγίσιν.</em></span> <span class='ocrx_word' id='word_1_285' title='bbox 825 3264 890 3318; x_wconf 86' lang='grc' dir='ltr'><strong>Ἦ</strong></span> <span class='ocrx_word' id='word_1_286' title='bbox 918 3264 1026 3335; x_wconf 87' lang='grc' dir='ltr'><em>γὰρ</em></span> <span class='ocrx_word' id='word_1_287' title='bbox 1046 3263 1192 3336; x_wconf 79' lang='grc' dir='ltr'><em>ψυχὴ</em></span> <span class='ocrx_word' id='word_1_288' title='bbox 1217 3263 1399 3318; x_wconf 83' lang='grc' dir='ltr'><em>λοιπὸν</em></span> <span class='ocrx_word' id='word_1_289' title='bbox 1425 3263 1676 3334; x_wconf 87' lang='grc' dir='ltr'><em>καθάπερ</em></span> <span class='ocrx_word' id='word_1_290' title='bbox 1696 3265 1754 3318; x_wconf 88' lang='grc' dir='ltr'><em>ἐν</em></span> <span class='ocrx_word' id='word_1_291' title='bbox 1784 3263 2021 3330; x_wconf 82' lang='grc' dir='ltr'><em>δικτύοις</em></span> 
     </span>
    </p>
   </div>
   <div class='ocr_carea' id='block_1_36' title="bbox 355 3344 2022 3423">
    <p class='ocr_par' dir='ltr' id='par_1_36' title="bbox 355 3344 2022 3423">
     <span class='ocr_line' id='line_1_36' title="bbox 355 3344 2022 3423; baseline -0.001 -17"><span class='ocrx_word' id='word_1_292' title='bbox 355 3351 760 3423; x_wconf 85' lang='grc' dir='ltr'><em>ἀπειλημμένη,</em></span> <span class='ocrx_word' id='word_1_293' title='bbox 797 3351 893 3404; x_wconf 74' lang='grc' dir='ltr'><em>καὶ</em></span> <span class='ocrx_word' id='word_1_294' title='bbox 933 3349 1120 3421; x_wconf 84' lang='grc' dir='ltr'><em>ὥσπερ</em></span> <span class='ocrx_word' id='word_1_295' title='bbox 1155 3344 1219 3412; x_wconf 75' lang='grc' dir='ltr'><em>ὗς</em></span> <span class='ocrx_word' id='word_1_296' title='bbox 1249 3349 1605 3420; x_wconf 87' lang='grc' dir='ltr'><em>ἐγκυλιομένη</em></span> <span class='ocrx_word' id='word_1_297' title='bbox 1634 3349 1876 3422; x_wconf 84' lang='grc' dir='ltr'><em>βορϐόρῳ</em></span> <span class='ocrx_word' id='word_1_298' title='bbox 1897 3352 2022 3422; x_wconf 83' lang='grc' dir='ltr'><em>ήδε-</em></span> 
     </span>
    </p>
   </div>
   <div class='ocr_carea' id='block_1_37' title="bbox 356 3435 2021 3506">
    <p class='ocr_par' dir='ltr' id='par_1_37' title="bbox 356 3435 2021 3506">
     <span class='ocr_line' id='line_1_37' title="bbox 356 3435 2021 3506; baseline 0 -16"><span class='ocrx_word' id='word_1_299' title='bbox 356 3455 469 3504; x_wconf 87' lang='grc' dir='ltr'><em>ται,</em></span> <span class='ocrx_word' id='word_1_300' title='bbox 498 3437 640 3491; x_wconf 78' lang='grc' dir='ltr'><em>οὕτω</em></span> <span class='ocrx_word' id='word_1_301' title='bbox 672 3437 765 3492; x_wconf 75' lang='grc' dir='ltr'><em>καὶ</em></span> <span class='ocrx_word' id='word_1_302' title='bbox 793 3435 934 3506; x_wconf 76' lang='grc' dir='ltr'><em>αὑτὴ</em></span> <span class='ocrx_word' id='word_1_303' title='bbox 960 3436 1065 3489; x_wconf 84' lang='grc' dir='ltr'><em>ύπὸ</em></span> <span class='ocrx_word' id='word_1_304' title='bbox 1107 3435 1208 3504; x_wconf 83' lang='grc' dir='ltr'><em>τῆς</em></span> <span class='ocrx_word' id='word_1_305' title='bbox 1255 3437 1432 3505; x_wconf 76' lang='grc' dir='ltr'><em>κακῆς</em></span> <span class='ocrx_word' id='word_1_306' title='bbox 1461 3435 1745 3506; x_wconf 78' lang='grc' dir='ltr'><em>συνηθείας</em></span> <span class='ocrx_word' id='word_1_307' title='bbox 1771 3453 2021 3506; x_wconf 88' lang='grc' dir='ltr'><em>καταχω-</em></span> 
     </span>
    </p>
   </div>
   <div class='ocr_carea' id='block_1_38' title="bbox 361 3521 2022 3592">
    <p class='ocr_par' dir='ltr' id='par_1_38' title="bbox 361 3521 2022 3592">
     <span class='ocr_line' id='line_1_38' title="bbox 361 3521 2022 3592; baseline -0.001 -16"><span class='ocrx_word' id='word_1_308' title='bbox 361 3524 570 3586; x_wconf 84' lang='grc' dir='ltr'><em>σθεῖσα,</em></span> <span class='ocrx_word' id='word_1_309' title='bbox 601 3523 724 3576; x_wconf 84' lang='grc' dir='ltr'><em>ούδέ</em></span> <span class='ocrx_word' id='word_1_310' title='bbox 751 3522 1005 3592; x_wconf 87' lang='grc' dir='ltr'><em>αῐσθησιν</em></span> <span class='ocrx_word' id='word_1_311' title='bbox 1043 3521 1308 3591; x_wconf 86' lang='grc' dir='ltr'><em>λαμϐάνει</em></span> <span class='ocrx_word' id='word_1_312' title='bbox 1341 3522 1442 3590; x_wconf 83' lang='grc' dir='ltr'><em>τῆς</em></span> <span class='ocrx_word' id='word_1_313' title='bbox 1467 3521 1576 3574; x_wconf 89' lang='grc' dir='ltr'><em>τῶν</em></span> <span class='ocrx_word' id='word_1_314' title='bbox 1610 3521 2022 3591; x_wconf 83' lang='grc' dir='ltr'><em>ἁμαρτημάτων</em></span> 
     </span>
    </p>
   </div>
   <div class='ocr_carea' id='block_1_39' title="bbox 358 3605 2023 3678">
    <p class='ocr_par' dir='ltr' id='par_1_39' title="bbox 358 3605 2023 3678">
     <span class='ocr_line' id='line_1_39' title="bbox 358 3605 2023 3678; baseline -0.001 -16"><span class='ocrx_word' id='word_1_315' title='bbox 358 3609 647 3672; x_wconf 83' lang='grc' dir='ltr'><em>δυσωδίας.</em></span> <span class='ocrx_word' id='word_1_316' title='bbox 678 3608 769 3660; x_wconf 83' lang='grc' dir='ltr'><em>Διδ</em></span> <span class='ocrx_word' id='word_1_317' title='bbox 797 3609 904 3678; x_wconf 81' lang='grc' dir='ltr'><em>χρὴ</em></span> <span class='ocrx_word' id='word_1_318' title='bbox 929 3609 1120 3678; x_wconf 81' lang='grc' dir='ltr'><em>νήφειν</em></span> <span class='ocrx_word' id='word_1_319' title='bbox 1158 3607 1253 3659; x_wconf 80' lang='grc' dir='ltr'><em>καὶ</em></span> <span class='ocrx_word' id='word_1_320' title='bbox 1280 3605 1657 3676; x_wconf 84' lang='grc' dir='ltr'><em>ἐγρηγορέναι,</em></span> <span class='ocrx_word' id='word_1_321' title='bbox 1689 3606 1828 3658; x_wconf 83' lang='grc' dir='ltr'><em>ὥστε</em></span> <span class='ocrx_word' id='word_1_322' title='bbox 1861 3607 2023 3677; x_wconf 86' lang='grc' dir='ltr'><em>μηδε-</em></span> 
     </span>
    </p>
   </div>
   <div class='ocr_carea' id='block_1_40' title="bbox 364 3683 2021 3768">
    <p class='ocr_par' dir='ltr' id='par_1_40' title="bbox 364 3683 2021 3768">
     <span class='ocr_line' id='line_1_40' title="bbox 364 3683 2021 3768; baseline -0.002 -19"><span class='ocrx_word' id='word_1_323' title='bbox 364 3696 497 3767; x_wconf 82' lang='grc' dir='ltr'><em>μίαν</em></span> <span class='ocrx_word' id='word_1_324' title='bbox 523 3694 601 3765; x_wconf 82' lang='grc' dir='ltr'><strong>τῷ</strong></span> <span class='ocrx_word' id='word_1_325' title='bbox 630 3683 850 3768; x_wconf 84' lang='grc' dir='ltr'><em>πονηρῷ</em></span> <span class='ocrx_word' id='word_1_326' title='bbox 887 3693 1101 3764; x_wconf 84' lang='grc' dir='ltr'><em>δαίμονι</em></span> <span class='ocrx_word' id='word_1_327' title='bbox 1125 3692 1276 3762; x_wconf 84' lang='grc' dir='ltr'><em>παρὰ</em></span> <span class='ocrx_word' id='word_1_328' title='bbox 1301 3693 1398 3762; x_wconf 81' lang='grc' dir='ltr'><em>τὴν</em></span> <span class='ocrx_word' id='word_1_329' title='bbox 1426 3691 1598 3763; x_wconf 83' lang='grc' dir='ltr'><em>ἀρχὴν</em></span> <span class='ocrx_word' id='word_1_330' title='bbox 1617 3691 1818 3747; x_wconf 77' lang='grc' dir='ltr'><em>εἴσοδον</em></span> <span class='ocrx_word' id='word_1_331' title='bbox 1840 3709 2021 3763; x_wconf 89' lang='grc' dir='ltr'><em>παρα-</em></span> 
     </span>
    </p>
   </div>
   <div class='ocr_carea' id='block_1_41' title="bbox 361 3777 2021 3853">
    <p class='ocr_par' dir='ltr' id='par_1_41' title="bbox 361 3777 2021 3853">
     <span class='ocr_line' id='line_1_41' title="bbox 361 3777 2021 3853; baseline 0 -19"><span class='ocrx_word' id='word_1_332' title='bbox 361 3785 532 3853; x_wconf 87' lang='grc' dir='ltr'><em>σχεῖν,</em></span> <span class='ocrx_word' id='word_1_333' title='bbox 572 3783 658 3836; x_wconf 86' lang='grc' dir='ltr'><em>ῐνα</em></span> <span class='ocrx_word' id='word_1_334' title='bbox 687 3782 762 3852; x_wconf 85' lang='grc' dir='ltr'><em>μὴ</em></span> <span class='ocrx_word' id='word_1_335' title='bbox 799 3778 1078 3842; x_wconf 87' lang='grc' dir='ltr'><em>σκοτὼσας</em></span> <span class='ocrx_word' id='word_1_336' title='bbox 1104 3777 1263 3850; x_wconf 87' lang='grc' dir='ltr'><em>ήμῶν</em></span> <span class='ocrx_word' id='word_1_337' title='bbox 1292 3777 1382 3832; x_wconf 79' lang='grc' dir='ltr'><em>τὸν</em></span> <span class='ocrx_word' id='word_1_338' title='bbox 1408 3778 1683 3849; x_wconf 80' lang='grc' dir='ltr'><em>λογισμὸν,</em></span> <span class='ocrx_word' id='word_1_339' title='bbox 1711 3781 1806 3833; x_wconf 77' lang='grc' dir='ltr'><em>καὶ</em></span> <span class='ocrx_word' id='word_1_340' title='bbox 1849 3780 1909 3834; x_wconf 89' lang='lat'><em>16</em></span> <span class='ocrx_word' id='word_1_341' title='bbox 1941 3781 2021 3834; x_wconf 78' lang='grc' dir='ltr'><em>διο</em></span> 
     </span>
    </p>
   </div>
   <div class='ocr_carea' id='block_1_42' title="bbox 358 3865 2019 3940">
    <p class='ocr_par' dir='ltr' id='par_1_42' title="bbox 358 3865 2019 3940">
     <span class='ocr_line' id='line_1_42' title="bbox 358 3865 2019 3940; baseline -0.001 -17"><span class='ocrx_word' id='word_1_342' title='bbox 358 3869 611 3939; x_wconf 84' lang='grc' dir='ltr'><em>ορατικδν</em></span> <span class='ocrx_word' id='word_1_343' title='bbox 629 3869 732 3938; x_wconf 82' lang='grc' dir='ltr'><em>τῆς</em></span> <span class='ocrx_word' id='word_1_344' title='bbox 754 3866 990 3930; x_wconf 87' lang='grc' dir='ltr'><em>διανοίας</em></span> <span class='ocrx_word' id='word_1_345' title='bbox 1009 3865 1419 3935; x_wconf 82' lang='grc' dir='ltr'><em>ἀποτυφλώσας,</em></span> <span class='ocrx_word' id='word_1_346' title='bbox 1446 3869 1860 3940; x_wconf 82' lang='grc' dir='ltr'><em>παρασκευάσῃ,</em></span> <span class='ocrx_word' id='word_1_347' title='bbox 1885 3868 2019 3923; x_wconf 83' lang='grc' dir='ltr'><em>καθ-</em></span> 
     </span>
    </p>
   </div>
   <div class='ocr_carea' id='block_1_43' title="bbox 359 3953 2021 4029">
    <p class='ocr_par' dir='ltr' id='par_1_43' title="bbox 359 3953 2021 4029">
     <span class='ocr_line' id='line_1_43' title="bbox 359 3953 2021 4029; baseline -0.001 -17"><span class='ocrx_word' id='word_1_348' title='bbox 359 3960 504 4028; x_wconf 85' lang='grc' dir='ltr'><em>άπερ</em></span> <span class='ocrx_word' id='word_1_349' title='bbox 533 3955 1007 4027; x_wconf 79' lang='grc' dir='ltr'><em>ἀπεστερημένους</em></span> <span class='ocrx_word' id='word_1_350' title='bbox 1037 3954 1132 4007; x_wconf 81' lang='grc' dir='ltr'><em>τοῦ</em></span> <span class='ocrx_word' id='word_1_351' title='bbox 1171 3953 1392 4026; x_wconf 81' lang='grc' dir='ltr'><em>ήλιακού</em></span> <span class='ocrx_word' id='word_1_352' title='bbox 1423 3953 1613 4007; x_wconf 90' lang='grc' dir='ltr'><em>τούτου</em></span> <span class='ocrx_word' id='word_1_353' title='bbox 1652 3956 1848 4024; x_wconf 88' lang='grc' dir='ltr'><em>φωτὸς,</em></span> <span class='ocrx_word' id='word_1_354' title='bbox 1884 3957 2021 4029; x_wconf 82' lang='grc' dir='ltr'><em>πρὸς</em></span> 
     </span>
    </p>
   </div>
   <div class='ocr_carea' id='block_1_44' title="bbox 356 4041 2018 4116">
    <p class='ocr_par' dir='ltr' id='par_1_44' title="bbox 356 4041 2018 4116">
     <span class='ocr_line' id='line_1_44' title="bbox 356 4041 2018 4116; baseline 0 -18"><span class='ocrx_word' id='word_1_355' title='bbox 356 4046 458 4108; x_wconf 79' lang='grc' dir='ltr'><em>τὰς</em></span> <span class='ocrx_word' id='word_1_356' title='bbox 485 4046 708 4107; x_wconf 88' lang='grc' dir='ltr'><em>ἀκτῖνας</em></span> <span class='ocrx_word' id='word_1_357' title='bbox 733 4043 827 4096; x_wconf 86' lang='grc' dir='ltr'><em>τοῦ</em></span> <span class='ocrx_word' id='word_1_358' title='bbox 847 4042 946 4113; x_wconf 83' lang='grc' dir='ltr'><em>τῆς</em></span> <span class='ocrx_word' id='word_1_359' title='bbox 973 4041 1317 4113; x_wconf 81' lang='grc' dir='ltr'><em>δικαιοσύνης</em></span> <span class='ocrx_word' id='word_1_360' title='bbox 1344 4042 1497 4113; x_wconf 80' lang='grc' dir='ltr'><em>ἡλίου</em></span> <span class='ocrx_word' id='word_1_361' title='bbox 1518 4043 1649 4113; x_wconf 82' lang='grc' dir='ltr'><em>ὸρᾷν</em></span> <span class='ocrx_word' id='word_1_362' title='bbox 1671 4043 1745 4114; x_wconf 81' lang='grc' dir='ltr'><em>μὴ</em></span> <span class='ocrx_word' id='word_1_363' title='bbox 1785 4044 2018 4116; x_wconf 87' lang='grc' dir='ltr'><em>δυναμέ-</em></span> 
     </span>
    </p>
   </div>
   <div class='ocr_carea' id='block_1_45' title="bbox 356 4124 2016 4200">
    <p class='ocr_par' dir='ltr' id='par_1_45' title="bbox 356 4124 2016 4200">
     <span class='ocr_line' id='line_1_45' title="bbox 356 4124 2016 4200; baseline 0 -16"><span class='ocrx_word' id='word_1_364' title='bbox 356 4147 501 4194; x_wconf 88' lang='grc' dir='ltr'><em>νους,</em></span> <span class='ocrx_word' id='word_1_365' title='bbox 543 4129 684 4184; x_wconf 88' lang='grc' dir='ltr'><em>κατά</em></span> <span class='ocrx_word' id='word_1_366' title='bbox 708 4128 968 4200; x_wconf 84' lang='grc' dir='ltr'><em>κρημνῶν</em></span> <span class='ocrx_word' id='word_1_367' title='bbox 997 4127 1276 4200; x_wconf 89' lang='grc' dir='ltr'><em>φέρεσθαι,</em></span> <span class='ocrx_word' id='word_1_368' title='bbox 1313 4129 1450 4200; x_wconf 79' lang='grc' dir='ltr'><em>ὅπερ</em></span> <span class='ocrx_word' id='word_1_369' title='bbox 1479 4129 1572 4182; x_wconf 76' lang='grc' dir='ltr'><em>καὶ</em></span> <span class='ocrx_word' id='word_1_370' title='bbox 1595 4124 1740 4184; x_wconf 78' lang='grc' dir='ltr'><em>οὗτοι</em></span> <span class='ocrx_word' id='word_1_371' title='bbox 1771 4131 1892 4183; x_wconf 85' lang='grc' dir='ltr'><em>τότε</em></span> <span class='ocrx_word' id='word_1_372' title='bbox 1918 4148 2016 4184; x_wconf 86' lang='grc' dir='ltr'><em>πε-</em></span> 
     </span>
    </p>
   </div>
   <div class='ocr_carea' id='block_1_46' title="bbox 357 4214 2018 4287">
    <p class='ocr_par' dir='ltr' id='par_1_46' title="bbox 357 4214 2018 4287">
     <span class='ocr_line' id='line_1_46' title="bbox 357 4214 2018 4287; baseline -0.001 -17"><span class='ocrx_word' id='word_1_373' title='bbox 357 4216 633 4272; x_wconf 80' lang='grc' dir='ltr'><em>πόνθασιν.</em></span> <span class='ocrx_word' id='word_1_374' title='bbox 676 4216 874 4268; x_wconf 76' lang='grc' dir='ltr'><em>’Ἄκουε</em></span> <span class='ocrx_word' id='word_1_375' title='bbox 905 4214 1013 4286; x_wconf 83' lang='grc' dir='ltr'><em>γὰρ</em></span> <span class='ocrx_word' id='word_1_376' title='bbox 1043 4214 1206 4270; x_wconf 84' lang='grc' dir='ltr'><em>πάλιν</em></span> <span class='ocrx_word' id='word_1_377' title='bbox 1247 4215 1344 4285; x_wconf 82' lang='grc' dir='ltr'><em>τῆς</em></span> <span class='ocrx_word' id='word_1_378' title='bbox 1383 4214 1480 4268; x_wconf 82' lang='grc' dir='ltr'><em>τοῦ</em></span> <span class='ocrx_word' id='word_1_379' title='bbox 1522 4214 1656 4268; x_wconf 87' lang='grc' dir='ltr'><em>Θεοῦ</em></span> <span class='ocrx_word' id='word_1_380' title='bbox 1687 4215 2018 4287; x_wconf 83' lang='grc' dir='ltr'><em>ἀγαθότητος</em></span> 
     </span>
    </p>
   </div>
   <div class='ocr_carea' id='block_1_47' title="bbox 353 4300 2019 4373">
    <p class='ocr_par' dir='ltr' id='par_1_47' title="bbox 353 4300 2019 4373">
     <span class='ocr_line' id='line_1_47' title="bbox 353 4300 2019 4373; baseline 0 -18"><span class='ocrx_word' id='word_1_381' title='bbox 353 4304 454 4373; x_wconf 84' lang='grc' dir='ltr'><em>τὴν</em></span> <span class='ocrx_word' id='word_1_382' title='bbox 481 4300 856 4366; x_wconf 82' lang='grc' dir='ltr'><em>ἀνεξικακίαν.</em></span> <span class='ocrx_word' id='word_1_383' title='bbox 897 4300 1066 4356; x_wconf 86' lang='grc' dir='ltr'><em>Ἰδὼν</em></span> <span class='ocrx_word' id='word_1_384' title='bbox 1098 4300 1185 4363; x_wconf 85' lang='grc' dir='ltr'><em>δὲ,</em></span> <span class='ocrx_word' id='word_1_385' title='bbox 1229 4301 1382 4371; x_wconf 78' lang='grc' dir='ltr'><em>φησὶ,</em></span> <span class='ocrx_word' id='word_1_386' title='bbox 1417 4302 1634 4369; x_wconf 81' lang='grc' dir='ltr'><em>Κύριος</em></span> <span class='ocrx_word' id='word_1_387' title='bbox 1674 4303 1708 4354; x_wconf 84' lang='grc' dir='ltr'><em>ὀ</em></span> <span class='ocrx_word' id='word_1_388' title='bbox 1743 4301 1887 4368; x_wconf 83' lang='grc' dir='ltr'><em>Θεὸς</em></span> <span class='ocrx_word' id='word_1_389' title='bbox 1929 4301 2019 4355; x_wconf 85' lang='grc' dir='ltr'><em>ὅτι</em></span> 
     </span>
    </p>
   </div>
   <div class='ocr_carea' id='block_1_48' title="bbox 353 4385 2012 4455">
    <p class='ocr_par' dir='ltr' id='par_1_48' title="bbox 353 4385 2012 4455">
     <span class='ocr_line' id='line_1_48' title="bbox 353 4385 2012 4455; baseline 0 -15"><span class='ocrx_word' id='word_1_390' title='bbox 353 4388 825 4454; x_wconf 78' lang='grc' dir='ltr'><em>ἐπληθύνθησαν</em></span> <span class='ocrx_word' id='word_1_391' title='bbox 846 4388 905 4439; x_wconf 83' lang='grc' dir='ltr'><em>αἰ</em></span> <span class='ocrx_word' id='word_1_392' title='bbox 925 4387 1123 4439; x_wconf 81' lang='grc' dir='ltr'><em>κακίαι</em></span> <span class='ocrx_word' id='word_1_393' title='bbox 1150 4385 1267 4438; x_wconf 87' lang='grc' dir='ltr'><em>τῶν</em></span> <span class='ocrx_word' id='word_1_394' title='bbox 1284 4385 1609 4453; x_wconf 84' lang='grc' dir='ltr'><em>ἀνθρώπων</em></span> <span class='ocrx_word' id='word_1_395' title='bbox 1631 4385 1727 4439; x_wconf 77' lang='grc' dir='ltr'><em>ἐπὶ</em></span> <span class='ocrx_word' id='word_1_396' title='bbox 1748 4385 1858 4454; x_wconf 81' lang='grc' dir='ltr'><em>τῆς</em></span> <span class='ocrx_word' id='word_1_397' title='bbox 1879 4385 2012 4455; x_wconf 82' lang='grc' dir='ltr'><em>γῆς.</em></span> 
     </span>
    </p>
   </div>
   <div class='ocr_carea' id='block_1_49' title="bbox 355 4470 2016 4544">
    <p class='ocr_par' dir='ltr' id='par_1_49' title="bbox 355 4470 2016 4544">
     <span class='ocr_line' id='line_1_49' title="bbox 355 4470 2016 4544; baseline 0.002 -20"><span class='ocrx_word' id='word_1_398' title='bbox 355 4472 421 4524; x_wconf 87' lang='grc' dir='ltr'><em>Τί</em></span> <span class='ocrx_word' id='word_1_399' title='bbox 448 4472 697 4542; x_wconf 86' lang='grc' dir='ltr'><em>βούλεται</em></span> <span class='ocrx_word' id='word_1_400' title='bbox 737 4472 797 4526; x_wconf 88' lang='lat'><em>16</em></span> <span class='ocrx_word' id='word_1_401' title='bbox 823 4471 1129 4544; x_wconf 71' lang='grc' dir='ltr'><em>εἰρημένον,</em></span> <span class='ocrx_word' id='word_1_402' title='bbox 1168 4470 1328 4526; x_wconf 84' lang='grc' dir='ltr'><em>Ἰδὼν</em></span> <span class='ocrx_word' id='word_1_403' title='bbox 1350 4471 1451 4535; x_wconf 81' lang='grc' dir='ltr'><em>δέ;</em></span> <span class='ocrx_word' id='word_1_404' title='bbox 1479 4473 1592 4526; x_wconf 88' lang='grc' dir='ltr'><em>Ούκ</em></span> <span class='ocrx_word' id='word_1_405' title='bbox 1616 4473 1800 4543; x_wconf 83' lang='grc' dir='ltr'><em>ἐπειδὴ</em></span> <span class='ocrx_word' id='word_1_406' title='bbox 1832 4474 2016 4544; x_wconf 78' lang='grc' dir='ltr'><em>ἠγνόει</em></span> 
     </span>
    </p>
   </div>
   <div class='ocr_carea' id='block_1_50' title="bbox 351 4559 2014 4632">
    <p class='ocr_par' dir='ltr' id='par_1_50' title="bbox 351 4559 2014 4632">
     <span class='ocr_line' id='line_1_50' title="bbox 351 4559 2014 4632; baseline 0.002 -21"><span class='ocrx_word' id='word_1_407' title='bbox 351 4560 383 4611; x_wconf 91' lang='lat'><em>6</em></span> <span class='ocrx_word' id='word_1_408' title='bbox 410 4561 683 4631; x_wconf 84' lang='grc' dir='ltr'><em>Δεσπότης</em></span> <span class='ocrx_word' id='word_1_409' title='bbox 710 4576 725 4592; x_wconf 87' lang='grc'><strong>·</strong></span> <span class='ocrx_word' id='word_1_410' title='bbox 759 4559 835 4631; x_wconf 85' lang='grc' dir='ltr'><em>μὴ</em></span> <span class='ocrx_word' id='word_1_411' title='bbox 870 4559 1077 4628; x_wconf 83' lang='grc' dir='ltr'><em>γένοιτο</em></span> <span class='ocrx_word' id='word_1_412' title='bbox 1101 4575 1114 4590; x_wconf 92' lang='grc'><strong>·</strong></span> <span class='ocrx_word' id='word_1_413' title='bbox 1143 4559 1280 4613; x_wconf 86' lang='grc' dir='ltr'><em>ἀλλά</em></span> <span class='ocrx_word' id='word_1_414' title='bbox 1322 4559 1458 4631; x_wconf 80' lang='grc' dir='ltr'><em>πρὸς</em></span> <span class='ocrx_word' id='word_1_415' title='bbox 1483 4559 1581 4630; x_wconf 79' lang='grc' dir='ltr'><em>τὴν</em></span> <span class='ocrx_word' id='word_1_416' title='bbox 1615 4561 1894 4614; x_wconf 87' lang='grc' dir='ltr'><em>ἀσθένειαν</em></span> <span class='ocrx_word' id='word_1_417' title='bbox 1918 4560 2014 4632; x_wconf 78' lang='grc' dir='ltr'><em>τὴν</em></span> 
     </span>
    </p>
   </div>
   <div class='ocr_carea' id='block_1_51' title="bbox 353 4647 2015 4720">
    <p class='ocr_par' dir='ltr' id='par_1_51' title="bbox 353 4647 2015 4720">
     <span class='ocr_line' id='line_1_51' title="bbox 353 4647 2015 4720; baseline 0.002 -20"><span class='ocrx_word' id='word_1_418' title='bbox 353 4648 628 4719; x_wconf 76' lang='grc' dir='ltr'><em>ἡμετέραν</em></span> <span class='ocrx_word' id='word_1_419' title='bbox 655 4648 870 4702; x_wconf 72' lang='grc' dir='ltr'><em>ἅπαντα</em></span> <span class='ocrx_word' id='word_1_420' title='bbox 892 4648 1157 4718; x_wconf 87' lang='grc' dir='ltr'><em>διηγεῖται</em></span> <span class='ocrx_word' id='word_1_421' title='bbox 1179 4648 1213 4719; x_wconf 79' lang='grc' dir='ltr'><strong>ἡ</strong></span> <span class='ocrx_word' id='word_1_422' title='bbox 1239 4647 1360 4702; x_wconf 87' lang='grc' dir='ltr'><em>θεία</em></span> <span class='ocrx_word' id='word_1_423' title='bbox 1385 4647 1575 4719; x_wconf 89' lang='grc' dir='ltr'><em>Γραφή</em></span> <span class='ocrx_word' id='word_1_424' title='bbox 1603 4665 1618 4680; x_wconf 77' lang='grc' dir='ltr'><em>ο</em></span> <span class='ocrx_word' id='word_1_425' title='bbox 1651 4649 1738 4701; x_wconf 81' lang='grc' dir='ltr'><em>ἴνα</em></span> <span class='ocrx_word' id='word_1_426' title='bbox 1763 4650 1909 4720; x_wconf 74' lang='grc' dir='ltr'><em>ἡμᾶς</em></span> <span class='ocrx_word' id='word_1_427' title='bbox 1936 4649 2015 4703; x_wconf 86' lang='grc' dir='ltr'><em>δι·-</em></span> 
     </span>
    </p>
   </div>
   <div class='ocr_carea' id='block_1_52' title="bbox 350 4733 2014 4808">
    <p class='ocr_par' dir='ltr' id='par_1_52' title="bbox 350 4733 2014 4808">
     <span class='ocr_line' id='line_1_52' title="bbox 350 4733 2014 4808; baseline 0.002 -21"><span class='ocrx_word' id='word_1_428' title='bbox 350 4735 507 4806; x_wconf 78' lang='grc' dir='ltr'><em>δάξῃ.</em></span> <span class='ocrx_word' id='word_1_429' title='bbox 539 4737 622 4789; x_wconf 84' lang='grc' dir='ltr'><em>ὅτι</em></span> <span class='ocrx_word' id='word_1_430' title='bbox 655 4737 747 4790; x_wconf 76' lang='grc' dir='ltr'><em>καὶ</em></span> <span class='ocrx_word' id='word_1_431' title='bbox 799 4733 939 4807; x_wconf 86' lang='grc' dir='ltr'><em>μετά</em></span> <span class='ocrx_word' id='word_1_432' title='bbox 973 4734 1070 4806; x_wconf 83' lang='grc' dir='ltr'><em>τὴν</em></span> <span class='ocrx_word' id='word_1_433' title='bbox 1113 4733 1381 4806; x_wconf 85' lang='grc' dir='ltr'><em>τοσαύτην</em></span> <span class='ocrx_word' id='word_1_434' title='bbox 1422 4735 1586 4788; x_wconf 80' lang='grc' dir='ltr'><em>αὐτοῦ</em></span> <span class='ocrx_word' id='word_1_435' title='bbox 1635 4736 2014 4808; x_wconf 84' lang='grc' dir='ltr'><em>μακροθυμίαν</em></span> 
     </span>
    </p>
   </div>
   <div class='ocr_carea' id='block_1_53' title="bbox 349 4822 2013 4894">
    <p class='ocr_par' dir='ltr' id='par_1_53' title="bbox 349 4822 2013 4894">
     <span class='ocr_line' id='line_1_53' title="bbox 349 4822 2013 4894; baseline 0.002 -20"><span class='ocrx_word' id='word_1_436' title='bbox 349 4824 463 4886; x_wconf 87' lang='grc' dir='ltr'><em>τοῖς</em></span> <span class='ocrx_word' id='word_1_437' title='bbox 482 4823 664 4886; x_wconf 82' lang='grc' dir='ltr'><em>αὐτοῖς</em></span> <span class='ocrx_word' id='word_1_438' title='bbox 683 4823 965 4894; x_wconf 89' lang='grc' dir='ltr'><em>ἐπέμενον,</em></span> <span class='ocrx_word' id='word_1_439' title='bbox 992 4823 1024 4894; x_wconf 79' lang='grc' dir='ltr'>ἢ</span> <span class='ocrx_word' id='word_1_440' title='bbox 1062 4823 1153 4876; x_wconf 69' lang='grc' dir='ltr'><em>καὶ</em></span> <span class='ocrx_word' id='word_1_441' title='bbox 1200 4823 1404 4893; x_wconf 88' lang='grc' dir='ltr'><em>χείροσι</em></span> <span class='ocrx_word' id='word_1_442' title='bbox 1449 4822 1768 4893; x_wconf 87' lang='grc' dir='ltr'><em>περιέϐαλον</em></span> <span class='ocrx_word' id='word_1_443' title='bbox 1793 4825 2013 4888; x_wconf 77' lang='grc' dir='ltr'><em>ἑαυτοὺς</em></span> 
     </span>
    </p>
   </div>
   <div class='ocr_carea' id='block_1_54' title="bbox 351 4908 2013 4978">
    <p class='ocr_par' dir='ltr' id='par_1_54' title="bbox 351 4908 2013 4978">
     <span class='ocr_line' id='line_1_54' title="bbox 351 4908 2013 4978; baseline 0.002 -17"><span class='ocrx_word' id='word_1_444' title='bbox 351 4909 564 4973; x_wconf 81' lang='grc' dir='ltr'><em>κακοῖς,</em></span> <span class='ocrx_word' id='word_1_445' title='bbox 597 4908 761 4978; x_wconf 84' lang='grc' dir='ltr'><em>φησίν</em></span> <span class='ocrx_word' id='word_1_446' title='bbox 782 4925 798 4940; x_wconf 86' lang='grc'><strong>·</strong></span> <span class='ocrx_word' id='word_1_447' title='bbox 844 4908 1002 4965; x_wconf 88' lang='grc' dir='ltr'><em>Ἰδὼν</em></span> <span class='ocrx_word' id='word_1_448' title='bbox 1026 4909 1093 4962; x_wconf 88' lang='grc' dir='ltr'><em>δὲ</em></span> <span class='ocrx_word' id='word_1_449' title='bbox 1107 4910 1206 4963; x_wconf 84' lang='grc' dir='ltr'><em>’ὅτι</em></span> <span class='ocrx_word' id='word_1_450' title='bbox 1230 4910 1701 4978; x_wconf 75' lang='grc' dir='ltr'><em>ἐπληθύνθησαν</em></span> <span class='ocrx_word' id='word_1_451' title='bbox 1731 4913 1791 4965; x_wconf 91' lang='grc' dir='ltr'><em>αἰ</em></span> <span class='ocrx_word' id='word_1_452' title='bbox 1816 4911 2013 4964; x_wconf 83' lang='grc' dir='ltr'><em>κακίαι</em></span> 
     </span>
    </p>
   </div>
   <div class='ocr_carea' id='block_1_55' title="bbox 351 4993 2014 5070">
    <p class='ocr_par' dir='ltr' id='par_1_55' title="bbox 351 4993 2014 5070">
     <span class='ocr_line' id='line_1_55' title="bbox 351 4993 2014 5070; baseline 0.002 -22"><span class='ocrx_word' id='word_1_453' title='bbox 351 4993 473 5048; x_wconf 83' lang='grc' dir='ltr'><em>τῶν</em></span> <span class='ocrx_word' id='word_1_454' title='bbox 500 4993 820 5063; x_wconf 85' lang='grc' dir='ltr'><em>ἀνθρώπων</em></span> <span class='ocrx_word' id='word_1_455' title='bbox 865 4996 965 5051; x_wconf 75' lang='grc' dir='ltr'><em>ἐπὶ</em></span> <span class='ocrx_word' id='word_1_456' title='bbox 1013 4997 1126 5066; x_wconf 76' lang='grc' dir='ltr'><em>τῆς</em></span> <span class='ocrx_word' id='word_1_457' title='bbox 1156 4997 1286 5067; x_wconf 78' lang='grc' dir='ltr'><em>γῆς.</em></span> <span class='ocrx_word' id='word_1_458' title='bbox 1333 4997 1427 5050; x_wconf 86' lang='grc' dir='ltr'><em>Ἐκ</em></span> <span class='ocrx_word' id='word_1_459' title='bbox 1470 4996 1579 5067; x_wconf 86' lang='grc' dir='ltr'><em>γὰρ</em></span> <span class='ocrx_word' id='word_1_460' title='bbox 1620 4999 1719 5068; x_wconf 83' lang='grc' dir='ltr'><em>τῆς</em></span> <span class='ocrx_word' id='word_1_461' title='bbox 1772 5001 2014 5070; x_wconf 81' lang='grc' dir='ltr'><em>πονηρᾶς</em></span> 
     </span>
    </p>
   </div>
   <div class='ocr_carea' id='block_1_56' title="bbox 355 5081 2012 5157">
    <p class='ocr_par' dir='ltr' id='par_1_56' title="bbox 355 5081 2012 5157">
     <span class='ocr_line' id='line_1_56' title="bbox 355 5081 2012 5157; baseline 0.003 -24"><span class='ocrx_word' id='word_1_462' title='bbox 355 5081 556 5151; x_wconf 85' lang='grc' dir='ltr'><em>ταύτης</em></span> <span class='ocrx_word' id='word_1_463' title='bbox 579 5082 847 5155; x_wconf 87' lang='grc' dir='ltr'><em>πράξεως,</em></span> <span class='ocrx_word' id='word_1_464' title='bbox 877 5084 1128 5156; x_wconf 87' lang='grc' dir='ltr'><em>καθάπερ</em></span> <span class='ocrx_word' id='word_1_465' title='bbox 1149 5085 1256 5138; x_wconf 84' lang='grc' dir='ltr'><em>ἀπὸ</em></span> <span class='ocrx_word' id='word_1_466' title='bbox 1287 5084 1469 5155; x_wconf 82' lang='grc' dir='ltr'><em>πηγῆς</em></span> <span class='ocrx_word' id='word_1_467' title='bbox 1511 5101 1673 5147; x_wconf 90' lang='grc' dir='ltr'><em>τινος,</em></span> <span class='ocrx_word' id='word_1_468' title='bbox 1714 5085 1808 5137; x_wconf 72' lang='grc' dir='ltr'><em>καὶ</em></span> <span class='ocrx_word' id='word_1_469' title='bbox 1849 5085 2012 5157; x_wconf 74' lang='grc' dir='ltr'><em>ἔτερα</em></span> 
     </span>
    </p>
   </div>
   <div class='ocr_carea' id='block_1_57' title="bbox 355 5166 2010 5244">
    <p class='ocr_par' dir='ltr' id='par_1_57' title="bbox 355 5166 2010 5244">
     <span class='ocr_line' id='line_1_57' title="bbox 355 5166 2010 5244; baseline 0.005 -27"><span class='ocrx_word' id='word_1_470' title='bbox 355 5166 526 5221; x_wconf 87' lang='grc' dir='ltr'><em>πολλὰ</em></span> <span class='ocrx_word' id='word_1_471' title='bbox 555 5169 736 5233; x_wconf 84' lang='grc' dir='ltr'><em>αὐτοῖς</em></span> <span class='ocrx_word' id='word_1_472' title='bbox 779 5169 1021 5225; x_wconf 75' lang='grc' dir='ltr'><em>ἐτίκτετο</em></span> <span class='ocrx_word' id='word_1_473' title='bbox 1065 5172 1434 5244; x_wconf 85' lang='grc' dir='ltr'><em>ἁμαρτήματα</em></span> <span class='ocrx_word' id='word_1_474' title='bbox 1457 5189 1470 5202; x_wconf 92' lang='grc'><strong>·</strong></span> <span class='ocrx_word' id='word_1_475' title='bbox 1511 5170 1598 5224; x_wconf 83' lang='grc' dir='ltr'><em>διὰ</em></span> <span class='ocrx_word' id='word_1_476' title='bbox 1628 5171 1786 5225; x_wconf 84' lang='grc' dir='ltr'><em>τοῦτό</em></span> <span class='ocrx_word' id='word_1_477' title='bbox 1828 5190 2010 5244; x_wconf 91' lang='grc' dir='ltr'><em>φησιν,</em></span> 
     </span>
    </p>
   </div>
   <div class='ocr_carea' id='block_1_58' title="bbox 349 5255 2012 5332">
    <p class='ocr_par' dir='ltr' id='par_1_58' title="bbox 349 5255 2012 5332">
     <span class='ocr_line' id='line_1_58' title="bbox 349 5255 2012 5332; baseline 0.006 -26"><span class='ocrx_word' id='word_1_478' title='bbox 349 5256 416 5307; x_wconf 79' lang='grc' dir='ltr'><em>Αἱ</em></span> <span class='ocrx_word' id='word_1_479' title='bbox 461 5255 660 5308; x_wconf 84' lang='grc' dir='ltr'><em>κακίαι</em></span> <span class='ocrx_word' id='word_1_480' title='bbox 709 5257 830 5311; x_wconf 87' lang='grc' dir='ltr'><em>τῶν</em></span> <span class='ocrx_word' id='word_1_481' title='bbox 871 5258 1215 5328; x_wconf 77' lang='grc' dir='ltr'><em>ἀνθρώπων.</em></span> <span class='ocrx_word' id='word_1_482' title='bbox 1247 5261 1422 5313; x_wconf 81' lang='grc' dir='ltr'><em>Ὅπου</em></span> <span class='ocrx_word' id='word_1_483' title='bbox 1467 5259 1577 5330; x_wconf 84' lang='grc' dir='ltr'><em>γὰρ</em></span> <span class='ocrx_word' id='word_1_484' title='bbox 1635 5259 1881 5332; x_wconf 87' lang='grc' dir='ltr'><em>πορνεία,</em></span> <span class='ocrx_word' id='word_1_485' title='bbox 1916 5263 2012 5316; x_wconf 72' lang='grc' dir='ltr'><em>καὶ</em></span> 
     </span>
    </p>
   </div>
   <div class='ocr_carea' id='block_1_59' title="bbox 352 5338 2014 5416">
    <p class='ocr_par' dir='ltr' id='par_1_59' title="bbox 352 5338 2014 5416">
     <span class='ocr_line' id='line_1_59' title="bbox 352 5338 2014 5416; baseline 0.007 -25"><span class='ocrx_word' id='word_1_486' title='bbox 352 5338 630 5408; x_wconf 87' lang='grc' dir='ltr'><em>ἀσέλγεια,</em></span> <span class='ocrx_word' id='word_1_487' title='bbox 659 5341 752 5395; x_wconf 68' lang='grc' dir='ltr'><em>καί⁵</em></span> <span class='ocrx_word' id='word_1_488' title='bbox 793 5343 1032 5414; x_wconf 87' lang='grc' dir='ltr'><em>τοσαύτη</em></span> <span class='ocrx_word' id='word_1_489' title='bbox 1079 5345 1362 5407; x_wconf 85' lang='grc' dir='ltr'><em>ἀκολασία,</em></span> <span class='ocrx_word' id='word_1_490' title='bbox 1405 5347 1550 5410; x_wconf 81' lang='grc' dir='ltr'><em>εἰκὸς</em></span> <span class='ocrx_word' id='word_1_491' title='bbox 1583 5346 1676 5400; x_wconf 77' lang='grc' dir='ltr'><em>καὶ</em></span> <span class='ocrx_word' id='word_1_492' title='bbox 1699 5346 1889 5416; x_wconf 83' lang='grc' dir='ltr'><em>μέθην,</em></span> <span class='ocrx_word' id='word_1_493' title='bbox 1921 5349 2014 5402; x_wconf 72' lang='grc' dir='ltr'><em>καὶ</em></span> 
     </span>
    </p>
   </div>
   <div class='ocr_carea' id='block_1_60' title="bbox 351 5427 2013 5500">
    <p class='ocr_par' dir='ltr' id='par_1_60' title="bbox 351 5427 2013 5500">
     <span class='ocr_line' id='line_1_60' title="bbox 351 5427 2013 5500; baseline 0.006 -22"><span class='ocrx_word' id='word_1_494' title='bbox 351 5427 656 5498; x_wconf 85' lang='grc' dir='ltr'><em>παροινίαν,</em></span> <span class='ocrx_word' id='word_1_495' title='bbox 687 5429 784 5482; x_wconf 74' lang='grc' dir='ltr'><em>καὶ</em></span> <span class='ocrx_word' id='word_1_496' title='bbox 806 5429 1010 5500; x_wconf 80' lang='grc' dir='ltr'><em>πολλὴν</em></span> <span class='ocrx_word' id='word_1_497' title='bbox 1051 5432 1284 5496; x_wconf 85' lang='grc' dir='ltr'><em>ἀδικίαν,</em></span> <span class='ocrx_word' id='word_1_498' title='bbox 1333 5434 1426 5487; x_wconf 80' lang='grc' dir='ltr'><em>καὶ</em></span> <span class='ocrx_word' id='word_1_499' title='bbox 1474 5432 1782 5498; x_wconf 81' lang='grc' dir='ltr'><em>πλεονεξίαν</em></span> <span class='ocrx_word' id='word_1_500' title='bbox 1809 5438 1904 5487; x_wconf 70' lang='grc' dir='ltr'><em>καὶ</em></span> <span class='ocrx_word' id='word_1_501' title='bbox 1946 5436 2013 5489; x_wconf 88' lang='grc' dir='ltr'><em>τά</em></span> 
     </span>
    </p>
   </div>
   <div class='ocr_carea' id='block_1_61' title="bbox 353 5513 2008 5590">
    <p class='ocr_par' dir='ltr' id='par_1_61' title="bbox 353 5513 2008 5590">
     <span class='ocr_line' id='line_1_61' title="bbox 353 5513 2008 5590; baseline 0.006 -27"><span class='ocrx_word' id='word_1_502' title='bbox 353 5513 524 5582; x_wconf 87' lang='grc' dir='ltr'><em>μυρία</em></span> <span class='ocrx_word' id='word_1_503' title='bbox 553 5513 834 5569; x_wconf 86' lang='grc' dir='ltr'><em>τίκτεσθαι</em></span> <span class='ocrx_word' id='word_1_504' title='bbox 856 5517 1022 5572; x_wconf 88' lang='grc' dir='ltr'><em>κακά.</em></span> <span class='ocrx_word' id='word_1_505' title='bbox 1069 5517 1227 5572; x_wconf 84' lang='grc' dir='ltr'><em>Ἰδὼν</em></span> <span class='ocrx_word' id='word_1_506' title='bbox 1257 5519 1344 5583; x_wconf 82' lang='grc' dir='ltr'><em>δὲ,</em></span> <span class='ocrx_word' id='word_1_507' title='bbox 1368 5520 1520 5590; x_wconf 81' lang='grc' dir='ltr'><em>φησὶ,</em></span> <span class='ocrx_word' id='word_1_508' title='bbox 1553 5519 1766 5588; x_wconf 82' lang='grc' dir='ltr'><em>Κύριος</em></span> <span class='ocrx_word' id='word_1_509' title='bbox 1785 5523 1819 5572; x_wconf 84' lang='grc' dir='ltr'><em>ό</em></span> <span class='ocrx_word' id='word_1_510' title='bbox 1845 5520 2008 5584; x_wconf 73' lang='grc' dir='ltr'><em>Θεὸς,</em></span> 
     </span>
    </p>
   </div>
   <div class='ocr_carea' id='block_1_62' title="bbox 350 5598 2011 5676">
    <p class='ocr_par' dir='ltr' id='par_1_62' title="bbox 350 5598 2011 5676">
     <span class='ocr_line' id='line_1_62' title="bbox 350 5598 2011 5676; baseline 0.004 -25"><span class='ocrx_word' id='word_1_511' title='bbox 350 5598 440 5652; x_wconf 87' lang='grc' dir='ltr'><em>ὅτι</em></span> <span class='ocrx_word' id='word_1_512' title='bbox 473 5599 949 5670; x_wconf 75' lang='grc' dir='ltr'><em>ἐπληθύνθησαν</em></span> <span class='ocrx_word' id='word_1_513' title='bbox 976 5607 1034 5658; x_wconf 89' lang='grc' dir='ltr'><em>αἰ</em></span> <span class='ocrx_word' id='word_1_514' title='bbox 1060 5607 1258 5659; x_wconf 85' lang='grc' dir='ltr'><em>κακίαι</em></span> <span class='ocrx_word' id='word_1_515' title='bbox 1287 5605 1404 5659; x_wconf 81' lang='grc' dir='ltr'><em>τῶν</em></span> <span class='ocrx_word' id='word_1_516' title='bbox 1423 5607 1748 5676; x_wconf 81' lang='grc' dir='ltr'><em>ἀνθρώπων</em></span> <span class='ocrx_word' id='word_1_517' title='bbox 1769 5603 1867 5658; x_wconf 76' lang='grc' dir='ltr'><em>ἐπὶ</em></span> <span class='ocrx_word' id='word_1_518' title='bbox 1901 5604 2011 5674; x_wconf 79' lang='grc' dir='ltr'><em>τῆς</em></span> 
     </span>
    </p>
   </div>
   <div class='ocr_carea' id='block_1_63' title="bbox 349 5683 2014 5761">
    <p class='ocr_par' dir='ltr' id='par_1_63' title="bbox 349 5683 2014 5761">
     <span class='ocr_line' id='line_1_63' title="bbox 349 5683 2014 5761; baseline 0.004 -21"><span class='ocrx_word' id='word_1_519' title='bbox 349 5683 484 5756; x_wconf 76' lang='grc' dir='ltr'><em>γῆς.</em></span> <span class='ocrx_word' id='word_1_520' title='bbox 516 5689 615 5742; x_wconf 87' lang='grc' dir='ltr'><em>καί</em></span> <span class='ocrx_word' id='word_1_521' title='bbox 643 5687 761 5754; x_wconf 80' lang='grc' dir='ltr'><em>πᾶς</em></span> <span class='ocrx_word' id='word_1_522' title='bbox 790 5706 878 5755; x_wconf 88' lang='grc' dir='ltr'><em>τις</em></span> <span class='ocrx_word' id='word_1_523' title='bbox 901 5689 1216 5745; x_wconf 85' lang='grc' dir='ltr'><em>διανοεῖται</em></span> <span class='ocrx_word' id='word_1_524' title='bbox 1239 5693 1309 5745; x_wconf 83' lang='grc' dir='ltr'><em>έν</em></span> <span class='ocrx_word' id='word_1_525' title='bbox 1335 5693 1407 5760; x_wconf 83' lang='grc' dir='ltr'><em>τῇ</em></span> <span class='ocrx_word' id='word_1_526' title='bbox 1441 5693 1656 5761; x_wconf 83' lang='grc' dir='ltr'><em>καρδίᾳ</em></span> <span class='ocrx_word' id='word_1_527' title='bbox 1685 5691 1873 5748; x_wconf 85' lang='grc' dir='ltr'><em>αὐτοῦ</em></span> <span class='ocrx_word' id='word_1_528' title='bbox 1891 5696 2014 5749; x_wconf 83' lang='grc' dir='ltr'><em>ἐπι-</em></span> 
     </span>
    </p>
   </div>
   <div class='ocr_carea' id='block_1_64' title="bbox 347 5772 1654 5848">
    <p class='ocr_par' dir='ltr' id='par_1_64' title="bbox 347 5772 1654 5848">
     <span class='ocr_line' id='line_1_64' title="bbox 347 5772 1654 5848; baseline 0.011 -23"><span class='ocrx_word' id='word_1_529' title='bbox 347 5772 542 5843; x_wconf 76' lang='grc' dir='ltr'><em>μελῶς</em></span> <span class='ocrx_word' id='word_1_530' title='bbox 573 5776 671 5828; x_wconf 80' lang='grc' dir='ltr'><em>ἐπὶ</em></span> <span class='ocrx_word' id='word_1_531' title='bbox 699 5777 772 5829; x_wconf 79' lang='grc' dir='ltr'><em>τὰ</em></span> <span class='ocrx_word' id='word_1_532' title='bbox 797 5778 1030 5844; x_wconf 82' lang='grc' dir='ltr'><em>πονηρὰ</em></span> <span class='ocrx_word' id='word_1_533' title='bbox 1057 5777 1258 5845; x_wconf 84' lang='grc' dir='ltr'><em>πάσας</em></span> <span class='ocrx_word' id='word_1_534' title='bbox 1290 5781 1392 5844; x_wconf 80' lang='grc' dir='ltr'><em>τὰς</em></span> <span class='ocrx_word' id='word_1_535' title='bbox 1416 5779 1654 5848; x_wconf 69' lang='grc' dir='ltr'><em>ἡμέρας.</em></span> 
     </span>
    </p>
   </div>
   <div class='ocr_carea' id='block_1_65' title="bbox 408 5855 1145 5931">
    <p class='ocr_par' dir='ltr' id='par_1_65' title="bbox 408 5855 1145 5931">
     <span class='ocr_line' id='line_1_65' title="bbox 408 5855 1145 5931; baseline 0.007 -22"><span class='ocrx_word' id='word_1_536' title='bbox 408 5855 428 5882; x_wconf 79' lang='grc'><strong>⁸</strong></span> <span class='ocrx_word' id='word_1_537' title='bbox 450 5858 506 5910; x_wconf 81' lang='lat' dir='ltr'><em>In</em></span> <span class='ocrx_word' id='word_1_538' title='bbox 529 5860 648 5915; x_wconf 81' lang='lat' dir='ltr'><em>Isaia</em></span> <span class='ocrx_word' id='word_1_539' title='bbox 671 5862 852 5928; x_wconf 64' lang='lat' dir='ltr'><em>logilul&#39;</em></span> <span class='ocrx_word' id='word_1_540' title='bbox 883 5867 1145 5931; x_wconf 82' lang='grc' dir='ltr'><em>πληρῶσαι.</em></span> 
     </span>
    </p>
   </div>
   <div class='ocr_carea' id='block_1_66' title="bbox 2187 481 3773 565">
    <p class='ocr_par' dir='ltr' id='par_1_66' title="bbox 2187 481 3773 565">
     <span class='ocr_line' id='line_1_66' title="bbox 2187 481 3773 565; baseline 0.005 -26"><span class='ocrx_word' id='word_1_541' title='bbox 2187 493 2247 540; x_wconf 84' lang='grc' dir='ltr'><em>ε’.</em></span> <span class='ocrx_word' id='word_1_542' title='bbox 2273 487 2416 558; x_wconf 88' lang='grc' dir='ltr'><em>Ὅρα</em></span> <span class='ocrx_word' id='word_1_543' title='bbox 2437 487 2555 552; x_wconf 82' lang='grc' dir='ltr'><em>πῶς</em></span> <span class='ocrx_word' id='word_1_544' title='bbox 2583 485 2814 539; x_wconf 73' lang='grc' dir='ltr'><em>ἕκαστον</em></span> <span class='ocrx_word' id='word_1_545' title='bbox 2828 483 2936 538; x_wconf 89' lang='grc' dir='ltr'><em>τῶν</em></span> <span class='ocrx_word' id='word_1_546' title='bbox 2952 481 3256 556; x_wconf 76' lang='grc' dir='ltr'><em>εἰρημένων</em></span> <span class='ocrx_word' id='word_1_547' title='bbox 3284 485 3523 542; x_wconf 83' lang='grc' dir='ltr'><em>δείκνυσι·</em></span> <span class='ocrx_word' id='word_1_548' title='bbox 3535 487 3596 542; x_wconf 81' lang='lat'><em>16</em></span> <span class='ocrx_word' id='word_1_549' title='bbox 3623 488 3773 565; x_wconf 70' lang='grc' dir='ltr'><em>[εοο]</em></span> 
     </span>
    </p>
   </div>
   <div class='ocr_carea' id='block_1_67' title="bbox 2115 567 3775 644">
    <p class='ocr_par' dir='ltr' id='par_1_67' title="bbox 2115 567 3775 644">
     <span class='ocr_line' id='line_1_67' title="bbox 2115 567 3775 644; baseline 0.005 -21"><span class='ocrx_word' id='word_1_550' title='bbox 2115 573 2342 644; x_wconf 86' lang='grc' dir='ltr'><em>μέγεθος</em></span> <span class='ocrx_word' id='word_1_551' title='bbox 2361 573 2470 626; x_wconf 91' lang='grc' dir='ltr'><em>τῶν</em></span> <span class='ocrx_word' id='word_1_552' title='bbox 2491 570 2916 643; x_wconf 81' lang='grc' dir='ltr'><em>ἡμαρτημένων.</em></span> <span class='ocrx_word' id='word_1_553' title='bbox 2937 571 3155 641; x_wconf 82' lang='grc' dir='ltr'><em>Ἐπειδὴ</em></span> <span class='ocrx_word' id='word_1_554' title='bbox 3175 573 3286 642; x_wconf 75' lang='grc' dir='ltr'><em>γὰρ</em></span> <span class='ocrx_word' id='word_1_555' title='bbox 3311 567 3432 626; x_wconf 79' lang='grc' dir='ltr'><em>εἷπε</em></span> <span class='ocrx_word' id='word_1_556' title='bbox 3453 575 3775 642; x_wconf 84' lang='grc' dir='ltr'><em>καθολικῶς,</em></span> 
     </span>
    </p>
   </div>
   <div class='ocr_carea' id='block_1_68' title="bbox 2113 655 3778 733">
    <p class='ocr_par' dir='ltr' id='par_1_68' title="bbox 2113 655 3778 733">
     <span class='ocr_line' id='line_1_68' title="bbox 2113 655 3778 733; baseline 0.002 -21"><span class='ocrx_word' id='word_1_557' title='bbox 2113 661 2196 713; x_wconf 81' lang='grc' dir='ltr'><em>ὅτι</em></span> <span class='ocrx_word' id='word_1_558' title='bbox 2236 660 2734 725; x_wconf 76' lang='grc' dir='ltr'><em>Ἐπληθύνθησαν</em></span> <span class='ocrx_word' id='word_1_559' title='bbox 2752 659 2812 711; x_wconf 91' lang='grc' dir='ltr'><em>αἰ</em></span> <span class='ocrx_word' id='word_1_560' title='bbox 2840 658 3041 710; x_wconf 84' lang='grc' dir='ltr'><em>κακίαι</em></span> <span class='ocrx_word' id='word_1_561' title='bbox 3069 655 3188 711; x_wconf 88' lang='grc' dir='ltr'><em>τῶν</em></span> <span class='ocrx_word' id='word_1_562' title='bbox 3209 659 3533 726; x_wconf 83' lang='grc' dir='ltr'><em>ἀνθρώπων</em></span> <span class='ocrx_word' id='word_1_563' title='bbox 3550 661 3646 715; x_wconf 76' lang='grc' dir='ltr'><em>ἐπὶ</em></span> <span class='ocrx_word' id='word_1_564' title='bbox 3666 661 3778 733; x_wconf 79' lang='grc' dir='ltr'><em>τῆς</em></span> 
     </span>
    </p>
   </div>
   <div class='ocr_carea' id='block_1_69' title="bbox 2114 744 3776 824">
    <p class='ocr_par' dir='ltr' id='par_1_69' title="bbox 2114 744 3776 824">
     <span class='ocr_line' id='line_1_69' title="bbox 2114 744 3776 824; baseline 0.004 -25"><span class='ocrx_word' id='word_1_565' title='bbox 2114 746 2246 816; x_wconf 79' lang='grc' dir='ltr'><em>γῆς,</em></span> <span class='ocrx_word' id='word_1_566' title='bbox 2276 749 2544 819; x_wconf 86' lang='grc' dir='ltr'><em>ἐπήγαγε,</em></span> <span class='ocrx_word' id='word_1_567' title='bbox 2579 745 2686 802; x_wconf 80' lang='grc' dir='ltr'><em>Καὶ</em></span> <span class='ocrx_word' id='word_1_568' title='bbox 2716 744 2834 812; x_wconf 85' lang='grc' dir='ltr'><em>πᾶς</em></span> <span class='ocrx_word' id='word_1_569' title='bbox 2866 763 2955 811; x_wconf 88' lang='grc' dir='ltr'><em>τις</em></span> <span class='ocrx_word' id='word_1_570' title='bbox 2997 745 3043 798; x_wconf 75' lang='grc' dir='ltr'><em>ιι.</em></span> <span class='ocrx_word' id='word_1_571' title='bbox 3075 745 3292 817; x_wconf 88' lang='grc' dir='ltr'><em>Μεγάλη</em></span> <span class='ocrx_word' id='word_1_572' title='bbox 3326 747 3420 802; x_wconf 80' lang='grc' dir='ltr'><em>τοῦ</em></span> <span class='ocrx_word' id='word_1_573' title='bbox 3475 751 3714 821; x_wconf 77' lang='grc' dir='ltr'><em>ῥήματος</em></span> <span class='ocrx_word' id='word_1_574' title='bbox 3742 755 3776 824; x_wconf 84' lang='grc' dir='ltr'><strong>ἡ</strong></span> 
     </span>
    </p>
   </div>
   <div class='ocr_carea' id='block_1_70' title="bbox 2114 831 3780 908">
    <p class='ocr_par' dir='ltr' id='par_1_70' title="bbox 2114 831 3780 908">
     <span class='ocr_line' id='line_1_70' title="bbox 2114 831 3780 908; baseline 0.004 -22"><span class='ocrx_word' id='word_1_575' title='bbox 2114 833 2370 904; x_wconf 77' lang='grc' dir='ltr'><em>ἔμφασις.</em></span> <span class='ocrx_word' id='word_1_576' title='bbox 2405 835 2514 904; x_wconf 85' lang='grc' dir='ltr'><em>Ούχ</em></span> <span class='ocrx_word' id='word_1_577' title='bbox 2564 835 2593 887; x_wconf 89' lang='lat'><em>6</em></span> <span class='ocrx_word' id='word_1_578' title='bbox 2625 834 2762 896; x_wconf 86' lang='grc' dir='ltr'><em>νέος,</em></span> <span class='ocrx_word' id='word_1_579' title='bbox 2801 833 2985 902; x_wconf 71' lang='grc' dir='ltr'><em>φησιν,</em></span> <span class='ocrx_word' id='word_1_580' title='bbox 3013 831 3150 887; x_wconf 89' lang='grc' dir='ltr'><em>ἀλλὰ</em></span> <span class='ocrx_word' id='word_1_581' title='bbox 3181 835 3274 887; x_wconf 74' lang='grc' dir='ltr'><em>καὶ</em></span> <span class='ocrx_word' id='word_1_582' title='bbox 3316 837 3344 888; x_wconf 94' lang='lat'><em>6</em></span> <span class='ocrx_word' id='word_1_583' title='bbox 3373 837 3682 908; x_wconf 89' lang='grc' dir='ltr'><em>πρεσϐύτης</em></span> <span class='ocrx_word' id='word_1_584' title='bbox 3709 840 3780 894; x_wconf 76' lang='grc' dir='ltr'><em>τὰ</em></span> 
     </span>
    </p>
   </div>
   <div class='ocr_carea' id='block_1_71' title="bbox 2115 920 3780 992">
    <p class='ocr_par' dir='ltr' id='par_1_71' title="bbox 2115 920 3780 992">
     <span class='ocr_line' id='line_1_71' title="bbox 2115 920 3780 992; baseline 0.004 -18"><span class='ocrx_word' id='word_1_585' title='bbox 2115 922 2254 975; x_wconf 80' lang='grc' dir='ltr'><em>αὐτὰ</em></span> <span class='ocrx_word' id='word_1_586' title='bbox 2288 921 2367 991; x_wconf 84' lang='grc' dir='ltr'><em>τῷ</em></span> <span class='ocrx_word' id='word_1_587' title='bbox 2391 922 2496 990; x_wconf 82' lang='grc' dir='ltr'><em>νέῳ</em></span> <span class='ocrx_word' id='word_1_588' title='bbox 2525 920 2940 992; x_wconf 73' lang='grc' dir='ltr'><em>διαπράττεταιο</em></span> <span class='ocrx_word' id='word_1_589' title='bbox 2972 920 3092 973; x_wconf 83' lang='grc' dir='ltr'><em>οὐδὲ</em></span> <span class='ocrx_word' id='word_1_590' title='bbox 3123 920 3263 990; x_wconf 85' lang='grc' dir='ltr'><em>ἀνὴρ</em></span> <span class='ocrx_word' id='word_1_591' title='bbox 3299 921 3458 990; x_wconf 86' lang='grc' dir='ltr'><em>μόνον</em></span> <span class='ocrx_word' id='word_1_592' title='bbox 3477 963 3492 984; x_wconf 90' lang='grc'><em>,</em></span> <span class='ocrx_word' id='word_1_593' title='bbox 3517 925 3652 978; x_wconf 89' lang='grc' dir='ltr'><em>ἀλλά</em></span> <span class='ocrx_word' id='word_1_594' title='bbox 3684 928 3780 980; x_wconf 73' lang='grc' dir='ltr'><em>καὶ</em></span> 
     </span>
    </p>
   </div>
   <div class='ocr_carea' id='block_1_72' title="bbox 2115 1006 3782 1079">
    <p class='ocr_par' dir='ltr' id='par_1_72' title="bbox 2115 1006 3782 1079">
     <span class='ocr_line' id='line_1_72' title="bbox 2115 1006 3782 1079; baseline 0.004 -19"><span class='ocrx_word' id='word_1_595' title='bbox 2115 1009 2251 1079; x_wconf 88' lang='grc' dir='ltr'><em>γυνή</em></span> <span class='ocrx_word' id='word_1_596' title='bbox 2273 1024 2286 1038; x_wconf 82' lang='grc'><em>’</em></span> <span class='ocrx_word' id='word_1_597' title='bbox 2322 1009 2381 1061; x_wconf 87' lang='grc' dir='ltr'><em>ού</em></span> <span class='ocrx_word' id='word_1_598' title='bbox 2412 1007 2614 1072; x_wconf 86' lang='grc' dir='ltr'><em>δοῦλος,</em></span> <span class='ocrx_word' id='word_1_599' title='bbox 2640 1007 2776 1061; x_wconf 85' lang='grc' dir='ltr'><em>ἀλλὰ</em></span> <span class='ocrx_word' id='word_1_600' title='bbox 2799 1007 2892 1060; x_wconf 76' lang='grc' dir='ltr'><em>καὶ</em></span> <span class='ocrx_word' id='word_1_601' title='bbox 2919 1006 3200 1078; x_wconf 84' lang='grc' dir='ltr'><em>ἐλεύθερος</em></span> <span class='ocrx_word' id='word_1_602' title='bbox 3220 1023 3235 1038; x_wconf 75' lang='grc' dir='ltr'><em>ο</em></span> <span class='ocrx_word' id='word_1_603' title='bbox 3263 1009 3324 1062; x_wconf 90' lang='grc' dir='ltr'><em>ού</em></span> <span class='ocrx_word' id='word_1_604' title='bbox 3354 1008 3626 1074; x_wconf 89' lang='grc' dir='ltr'><em>πλούσιος,</em></span> <span class='ocrx_word' id='word_1_605' title='bbox 3645 1012 3782 1066; x_wconf 87' lang='grc' dir='ltr'><em>ἀλλά</em></span> 
     </span>
    </p>
   </div>
   <div class='ocr_carea' id='block_1_73' title="bbox 2117 1092 3778 1168">
    <p class='ocr_par' dir='ltr' id='par_1_73' title="bbox 2117 1092 3778 1168">
     <span class='ocr_line' id='line_1_73' title="bbox 2117 1092 3778 1168; baseline 0.004 -24"><span class='ocrx_word' id='word_1_606' title='bbox 2117 1094 2209 1145; x_wconf 81' lang='grc' dir='ltr'><em>καὶ</em></span> <span class='ocrx_word' id='word_1_607' title='bbox 2235 1093 2420 1164; x_wconf 88' lang='grc' dir='ltr'><em>πένης.</em></span> <span class='ocrx_word' id='word_1_608' title='bbox 2449 1094 2559 1147; x_wconf 74' lang='grc' dir='ltr'><em>Καὶ</em></span> <span class='ocrx_word' id='word_1_609' title='bbox 2579 1092 2660 1159; x_wconf 85' lang='grc' dir='ltr'><em>τὸ,</em></span> <span class='ocrx_word' id='word_1_610' title='bbox 2690 1092 3033 1158; x_wconf 85' lang='grc' dir='ltr'><em>Διανοεῖται,</em></span> <span class='ocrx_word' id='word_1_611' title='bbox 3059 1093 3258 1164; x_wconf 84' lang='grc' dir='ltr'><em>πολλήν</em></span> <span class='ocrx_word' id='word_1_612' title='bbox 3280 1092 3392 1163; x_wconf 81' lang='grc' dir='ltr'><em>ἔχει</em></span> <span class='ocrx_word' id='word_1_613' title='bbox 3415 1095 3515 1165; x_wconf 81' lang='grc' dir='ltr'><em>τὴν</em></span> <span class='ocrx_word' id='word_1_614' title='bbox 3529 1095 3778 1168; x_wconf 89' lang='grc' dir='ltr'><em>δύναμιν.</em></span> 
     </span>
    </p>
   </div>
   <div class='ocr_carea' id='block_1_74' title="bbox 2116 1180 3778 1258">
    <p class='ocr_par' dir='ltr' id='par_1_74' title="bbox 2116 1180 3778 1258">
     <span class='ocr_line' id='line_1_74' title="bbox 2116 1180 3778 1258; baseline -0.003 -22"><span class='ocrx_word' id='word_1_615' title='bbox 2116 1180 2194 1236; x_wconf 87' lang='grc' dir='ltr'><em>Ού</em></span> <span class='ocrx_word' id='word_1_616' title='bbox 2234 1181 2341 1254; x_wconf 83' lang='grc' dir='ltr'><em>γὰρ</em></span> <span class='ocrx_word' id='word_1_617' title='bbox 2374 1183 2438 1234; x_wconf 85' lang='grc' dir='ltr'><em>ὲκ</em></span> <span class='ocrx_word' id='word_1_618' title='bbox 2474 1181 2825 1252; x_wconf 80' lang='grc' dir='ltr'><em>συναρπαγῆς</em></span> <span class='ocrx_word' id='word_1_619' title='bbox 2870 1181 3028 1235; x_wconf 83' lang='grc' dir='ltr'><em>τοῦτο</em></span> <span class='ocrx_word' id='word_1_620' title='bbox 3059 1181 3442 1252; x_wconf 81' lang='grc' dir='ltr'><em>ὑπομένουσιν,</em></span> <span class='ocrx_word' id='word_1_621' title='bbox 3475 1183 3590 1236; x_wconf 80' lang='grc' dir='ltr'><em>ἀλλ’</em></span> <span class='ocrx_word' id='word_1_622' title='bbox 3619 1186 3675 1238; x_wconf 84' lang='grc' dir='ltr'><em>ἐν</em></span> <span class='ocrx_word' id='word_1_623' title='bbox 3712 1190 3778 1258; x_wconf 78' lang='grc' dir='ltr'><em>τῇ</em></span> 
     </span>
    </p>
   </div>
   <div class='ocr_carea' id='block_1_75' title="bbox 2117 1265 3784 1344">
    <p class='ocr_par' dir='ltr' id='par_1_75' title="bbox 2117 1265 3784 1344">
     <span class='ocr_line' id='line_1_75' title="bbox 2117 1265 3784 1344; baseline 0.002 -22"><span class='ocrx_word' id='word_1_624' title='bbox 2117 1269 2314 1340; x_wconf 79' lang='grc' dir='ltr'><em>καρδίᾳ</em></span> <span class='ocrx_word' id='word_1_625' title='bbox 2338 1268 2726 1338; x_wconf 85' lang='grc' dir='ltr'><em>διανοούμενοι,</em></span> <span class='ocrx_word' id='word_1_626' title='bbox 2747 1270 2839 1322; x_wconf 84' lang='grc' dir='ltr'><em>καὶ</em></span> <span class='ocrx_word' id='word_1_627' title='bbox 2865 1269 3037 1322; x_wconf 84' lang='grc' dir='ltr'><em>ταῦτα</em></span> <span class='ocrx_word' id='word_1_628' title='bbox 3067 1269 3188 1323; x_wconf 89' lang='grc' dir='ltr'><em>καθ’</em></span> <span class='ocrx_word' id='word_1_629' title='bbox 3221 1270 3459 1340; x_wconf 81' lang='grc' dir='ltr'><em>ἑκάστην</em></span> <span class='ocrx_word' id='word_1_630' title='bbox 3488 1265 3635 1344; x_wconf 82' lang='grc' dir='ltr'><em>ὥραν</em></span> <span class='ocrx_word' id='word_1_631' title='bbox 3657 1272 3784 1343; x_wconf 82' lang='grc' dir='ltr'><em>βου-</em></span> 
     </span>
    </p>
   </div>
   <div class='ocr_carea' id='block_1_76' title="bbox 2115 1356 3782 1428">
    <p class='ocr_par' dir='ltr' id='par_1_76' title="bbox 2115 1356 3782 1428">
     <span class='ocr_line' id='line_1_76' title="bbox 2115 1356 3782 1428; baseline 0.004 -20"><span class='ocrx_word' id='word_1_632' title='bbox 2115 1356 2417 1427; x_wconf 85' lang='grc' dir='ltr'><em>λευόμενοι,</em></span> <span class='ocrx_word' id='word_1_633' title='bbox 2451 1356 2544 1411; x_wconf 67' lang='grc' dir='ltr'><em>καὶ¹</em></span> <span class='ocrx_word' id='word_1_634' title='bbox 2577 1359 2634 1411; x_wconf 89' lang='grc' dir='ltr'><em>ἐν</em></span> <span class='ocrx_word' id='word_1_635' title='bbox 2665 1357 2871 1421; x_wconf 88' lang='grc' dir='ltr'><em>τούτοις</em></span> <span class='ocrx_word' id='word_1_636' title='bbox 2889 1357 2987 1428; x_wconf 81' lang='grc' dir='ltr'><em>τὴν</em></span> <span class='ocrx_word' id='word_1_637' title='bbox 3020 1356 3252 1428; x_wconf 80' lang='grc' dir='ltr'><em>σπουδὴν</em></span> <span class='ocrx_word' id='word_1_638' title='bbox 3278 1356 3512 1428; x_wconf 76' lang='grc' dir='ltr'><em>ἔχοντες,</em></span> <span class='ocrx_word' id='word_1_639' title='bbox 3547 1360 3640 1413; x_wconf 77' lang='grc' dir='ltr'><em>καὶ</em></span> <span class='ocrx_word' id='word_1_640' title='bbox 3662 1361 3782 1415; x_wconf 83' lang='grc' dir='ltr'><em>οὐδὲ</em></span> 
     </span>
    </p>
   </div>
   <div class='ocr_carea' id='block_1_77' title="bbox 2116 1442 3784 1515">
    <p class='ocr_par' dir='ltr' id='par_1_77' title="bbox 2116 1442 3784 1515">
     <span class='ocr_line' id='line_1_77' title="bbox 2116 1442 3784 1515; baseline 0.003 -18"><span class='ocrx_word' id='word_1_641' title='bbox 2116 1444 2305 1508; x_wconf 85' lang='grc' dir='ltr'><em>ἁπλῶς</em></span> <span class='ocrx_word' id='word_1_642' title='bbox 2351 1446 2444 1498; x_wconf 81' lang='grc' dir='ltr'><em>καὶ</em></span> <span class='ocrx_word' id='word_1_643' title='bbox 2476 1443 2551 1507; x_wconf 85' lang='grc' dir='ltr'><em>ὡς</em></span> <span class='ocrx_word' id='word_1_644' title='bbox 2589 1444 2779 1514; x_wconf 73' lang='grc' dir='ltr'><em>ἔτυχεν</em></span> <span class='ocrx_word' id='word_1_645' title='bbox 2814 1442 2962 1508; x_wconf 76' lang='grc' dir='ltr'><em>ἅπαξ</em></span> <span class='ocrx_word' id='word_1_646' title='bbox 2994 1443 3026 1515; x_wconf 80' lang='grc' dir='ltr'>ἢ</span> <span class='ocrx_word' id='word_1_647' title='bbox 3077 1443 3329 1514; x_wconf 89' lang='grc' dir='ltr'><em>δεύτερον</em></span> <span class='ocrx_word' id='word_1_648' title='bbox 3367 1445 3784 1502; x_wconf 73' lang='grc' dir='ltr'><em>ὑποσκελισθένο</em></span> 
     </span>
    </p>
   </div>
   <div class='ocr_carea' id='block_1_78' title="bbox 2116 1533 3785 1607">
    <p class='ocr_par' dir='ltr' id='par_1_78' title="bbox 2116 1533 3785 1607">
     <span class='ocr_line' id='line_1_78' title="bbox 2116 1533 3785 1607; baseline 0.003 -23"><span class='ocrx_word' id='word_1_649' title='bbox 2116 1550 2207 1596; x_wconf 87' lang='grc' dir='ltr'><em>τες</em></span> <span class='ocrx_word' id='word_1_650' title='bbox 2241 1533 2463 1603; x_wconf 80' lang='grc' dir='ltr'><em>ὑπὸτῆς</em></span> <span class='ocrx_word' id='word_1_651' title='bbox 2488 1533 2782 1604; x_wconf 88' lang='grc' dir='ltr'><em>ἁμαρτίας,</em></span> <span class='ocrx_word' id='word_1_652' title='bbox 2816 1533 3061 1586; x_wconf 80' lang='grc' dir='ltr'><em>ἵστανται</em></span> <span class='ocrx_word' id='word_1_653' title='bbox 3090 1533 3187 1603; x_wconf 83' lang='grc' dir='ltr'><em>τῆς</em></span> <span class='ocrx_word' id='word_1_654' title='bbox 3206 1533 3424 1598; x_wconf 90' lang='grc' dir='ltr'><em>κακίας,</em></span> <span class='ocrx_word' id='word_1_655' title='bbox 3455 1533 3569 1588; x_wconf 78' lang='grc' dir='ltr'><em>ἀλλ’</em></span> <span class='ocrx_word' id='word_1_656' title='bbox 3592 1537 3785 1607; x_wconf 82' lang='grc' dir='ltr'><em>ἐπιμε-</em></span> 
     </span>
    </p>
   </div>
   <div class='ocr_carea' id='block_1_79' title="bbox 2117 1615 3781 1689">
    <p class='ocr_par' dir='ltr' id='par_1_79' title="bbox 2117 1615 3781 1689">
     <span class='ocr_line' id='line_1_79' title="bbox 2117 1615 3781 1689; baseline 0.005 -23"><span class='ocrx_word' id='word_1_657' title='bbox 2117 1616 2223 1679; x_wconf 85' lang='grc' dir='ltr'><em>λῶς</em></span> <span class='ocrx_word' id='word_1_658' title='bbox 2255 1615 2456 1687; x_wconf 87' lang='grc' dir='ltr'><em>ταύτην</em></span> <span class='ocrx_word' id='word_1_659' title='bbox 2491 1618 2860 1687; x_wconf 86' lang='grc' dir='ltr'><em>μετέρχονται,</em></span> <span class='ocrx_word' id='word_1_660' title='bbox 2893 1617 2985 1669; x_wconf 73' lang='grc' dir='ltr'><em>καὶ</em></span> <span class='ocrx_word' id='word_1_661' title='bbox 3011 1616 3079 1670; x_wconf 75' lang='grc' dir='ltr'><em>τὰ</em></span> <span class='ocrx_word' id='word_1_662' title='bbox 3106 1617 3318 1687; x_wconf 88' lang='grc' dir='ltr'><em>πονηρά</em></span> <span class='ocrx_word' id='word_1_663' title='bbox 3341 1617 3781 1689; x_wconf 86' lang='grc' dir='ltr'><em>διαπράττονται·</em></span> 
     </span>
    </p>
   </div>
   <div class='ocr_carea' id='block_1_80' title="bbox 2118 1703 3782 1779">
    <p class='ocr_par' dir='ltr' id='par_1_80' title="bbox 2118 1703 3782 1779">
     <span class='ocr_line' id='line_1_80' title="bbox 2118 1703 3782 1779; baseline 0.003 -23"><span class='ocrx_word' id='word_1_664' title='bbox 2118 1703 2261 1757; x_wconf 78' lang='grc' dir='ltr'><em>τοῦτ’</em></span> <span class='ocrx_word' id='word_1_665' title='bbox 2284 1703 2398 1756; x_wconf 80' lang='grc' dir='ltr'><em>ἔστι</em></span> <span class='ocrx_word' id='word_1_666' title='bbox 2444 1703 2581 1774; x_wconf 87' lang='grc' dir='ltr'><em>μετά</em></span> <span class='ocrx_word' id='word_1_667' title='bbox 2617 1703 2816 1774; x_wconf 83' lang='grc' dir='ltr'><em>πολλῆς</em></span> <span class='ocrx_word' id='word_1_668' title='bbox 2868 1704 2967 1774; x_wconf 87' lang='grc' dir='ltr'><em>τῆς</em></span> <span class='ocrx_word' id='word_1_669' title='bbox 2997 1703 3254 1774; x_wconf 86' lang='grc' dir='ltr'><em>σπουδῆς,</em></span> <span class='ocrx_word' id='word_1_670' title='bbox 3279 1705 3429 1760; x_wconf 74' lang='grc' dir='ltr'><em>οὐδὲν</em></span> <span class='ocrx_word' id='word_1_671' title='bbox 3466 1708 3782 1779; x_wconf 80' lang='grc' dir='ltr'><em>παρέργως,</em></span> 
     </span>
    </p>
   </div>
   <div class='ocr_carea' id='block_1_81' title="bbox 2117 1790 3785 1866">
    <p class='ocr_par' dir='ltr' id='par_1_81' title="bbox 2117 1790 3785 1866">
     <span class='ocr_line' id='line_1_81' title="bbox 2117 1790 3785 1866; baseline 0.002 -22"><span class='ocrx_word' id='word_1_672' title='bbox 2117 1791 2266 1844; x_wconf 80' lang='grc' dir='ltr'><em>οὐδὲν</em></span> <span class='ocrx_word' id='word_1_673' title='bbox 2295 1790 2656 1861; x_wconf 78' lang='grc' dir='ltr'><em>ἠμελημένως</em></span> <span class='ocrx_word' id='word_1_674' title='bbox 2686 1791 2778 1842; x_wconf 82' lang='grc' dir='ltr'><em>ὑπ’</em></span> <span class='ocrx_word' id='word_1_675' title='bbox 2813 1790 2991 1843; x_wconf 83' lang='grc' dir='ltr'><em>αὐτῶν</em></span> <span class='ocrx_word' id='word_1_676' title='bbox 3017 1791 3246 1859; x_wconf 78' lang='grc' dir='ltr'><em>γίνεται,</em></span> <span class='ocrx_word' id='word_1_677' title='bbox 3277 1791 3396 1845; x_wconf 88' lang='grc' dir='ltr'><em>ούδέ</em></span> <span class='ocrx_word' id='word_1_678' title='bbox 3419 1794 3556 1865; x_wconf 86' lang='grc' dir='ltr'><em>πρὸς</em></span> <span class='ocrx_word' id='word_1_679' title='bbox 3579 1793 3785 1866; x_wconf 73' lang='grc' dir='ltr'><em>βραχὺν</em></span> 
     </span>
    </p>
   </div>
   <div class='ocr_carea' id='block_1_82' title="bbox 2118 1875 3786 1951">
    <p class='ocr_par' dir='ltr' id='par_1_82' title="bbox 2118 1875 3786 1951">
     <span class='ocr_line' id='line_1_82' title="bbox 2118 1875 3786 1951; baseline 0.003 -23"><span class='ocrx_word' id='word_1_680' title='bbox 2118 1877 2329 1949; x_wconf 72' lang='grc' dir='ltr'><em>χρόνον,</em></span> <span class='ocrx_word' id='word_1_681' title='bbox 2356 1875 2489 1930; x_wconf 87' lang='grc' dir='ltr'><em>άλλά</em></span> <span class='ocrx_word' id='word_1_682' title='bbox 2518 1877 2694 1938; x_wconf 82' lang='grc' dir='ltr'><em>πάσας</em></span> <span class='ocrx_word' id='word_1_683' title='bbox 2722 1875 2818 1939; x_wconf 82' lang='grc' dir='ltr'><em>τὰς</em></span> <span class='ocrx_word' id='word_1_684' title='bbox 2846 1877 3080 1947; x_wconf 79' lang='grc' dir='ltr'><em>ἡμέρας,</em></span> <span class='ocrx_word' id='word_1_685' title='bbox 3113 1879 3292 1931; x_wconf 77' lang='grc' dir='ltr'><em>πᾶσαν</em></span> <span class='ocrx_word' id='word_1_686' title='bbox 3311 1878 3489 1932; x_wconf 80' lang='grc' dir='ltr'><em>αὐτῶν</em></span> <span class='ocrx_word' id='word_1_687' title='bbox 3512 1879 3610 1950; x_wconf 83' lang='grc' dir='ltr'><em>τὴν</em></span> <span class='ocrx_word' id='word_1_688' title='bbox 3640 1881 3786 1951; x_wconf 78' lang='grc' dir='ltr'><em>ζωὴν</em></span> 
     </span>
    </p>
   </div>
   <div class='ocr_carea' id='block_1_83' title="bbox 2119 1961 3783 2036">
    <p class='ocr_par' dir='ltr' id='par_1_83' title="bbox 2119 1961 3783 2036">
     <span class='ocr_line' id='line_1_83' title="bbox 2119 1961 3783 2036; baseline 0.002 -20"><span class='ocrx_word' id='word_1_689' title='bbox 2119 1965 2200 2027; x_wconf 84' lang='grc' dir='ltr'><em>εἰς</em></span> <span class='ocrx_word' id='word_1_690' title='bbox 2237 1964 2394 2017; x_wconf 78' lang='grc' dir='ltr'><em>τοῦτο</em></span> <span class='ocrx_word' id='word_1_691' title='bbox 2443 1963 2944 2018; x_wconf 86' lang='grc' dir='ltr'><em>καταναλίσκουσιν.</em></span> <span class='ocrx_word' id='word_1_692' title='bbox 2997 1961 3149 2028; x_wconf 84' lang='grc' dir='ltr'><em>Εἶδες</em></span> <span class='ocrx_word' id='word_1_693' title='bbox 3181 1966 3446 2036; x_wconf 85' lang='grc' dir='ltr'><em>πονηρίας</em></span> <span class='ocrx_word' id='word_1_694' title='bbox 3493 1968 3783 2034; x_wconf 83' lang='grc' dir='ltr'><em>ἐπίτασιν;</em></span> 
     </span>
    </p>
   </div>
   <div class='ocr_carea' id='block_1_84' title="bbox 2120 2046 3786 2124">
    <p class='ocr_par' dir='ltr' id='par_1_84' title="bbox 2120 2046 3786 2124">
     <span class='ocr_line' id='line_1_84' title="bbox 2120 2046 3786 2124; baseline 0.002 -22"><span class='ocrx_word' id='word_1_695' title='bbox 2120 2046 2255 2115; x_wconf 72' lang='grc' dir='ltr'><em>εἶδες</em></span> <span class='ocrx_word' id='word_1_696' title='bbox 2311 2049 2429 2113; x_wconf 88' lang='grc' dir='ltr'><em>πῶς</em></span> <span class='ocrx_word' id='word_1_697' title='bbox 2473 2050 2704 2119; x_wconf 84' lang='grc' dir='ltr'><em>μελέτην</em></span> <span class='ocrx_word' id='word_1_698' title='bbox 2754 2051 2816 2102; x_wconf 85' lang='grc' dir='ltr'><em>τὸ</em></span> <span class='ocrx_word' id='word_1_699' title='bbox 2870 2052 3100 2120; x_wconf 85' lang='grc' dir='ltr'><em>πρᾶγμα</em></span> <span class='ocrx_word' id='word_1_700' title='bbox 3155 2051 3452 2118; x_wconf 76' lang='grc' dir='ltr'><em>ἐποιοῦντο,</em></span> <span class='ocrx_word' id='word_1_701' title='bbox 3513 2054 3786 2124; x_wconf 81' lang='grc' dir='ltr'><em>ἐπιμελῶς</em></span> 
     </span>
    </p>
   </div>
   <div class='ocr_carea' id='block_1_85' title="bbox 2121 2136 3786 2212">
    <p class='ocr_par' dir='ltr' id='par_1_85' title="bbox 2121 2136 3786 2212">
     <span class='ocr_line' id='line_1_85' title="bbox 2121 2136 3786 2212; baseline 0.005 -23"><span class='ocrx_word' id='word_1_702' title='bbox 2121 2137 2336 2190; x_wconf 73' lang='grc' dir='ltr'><em>ἅπαντα</em></span> <span class='ocrx_word' id='word_1_703' title='bbox 2377 2136 2446 2189; x_wconf 75' lang='grc' dir='ltr'><em>τὰ</em></span> <span class='ocrx_word' id='word_1_704' title='bbox 2476 2138 2687 2207; x_wconf 84' lang='grc' dir='ltr'><em>πονηρά</em></span> <span class='ocrx_word' id='word_1_705' title='bbox 2731 2136 3204 2207; x_wconf 85' lang='grc' dir='ltr'><em>διαπραττόμενοι,</em></span> <span class='ocrx_word' id='word_1_706' title='bbox 3264 2140 3355 2193; x_wconf 79' lang='grc' dir='ltr'><em>καὶ</em></span> <span class='ocrx_word' id='word_1_707' title='bbox 3406 2141 3556 2194; x_wconf 85' lang='grc' dir='ltr'><em>πᾶσα</em></span> <span class='ocrx_word' id='word_1_708' title='bbox 3599 2142 3786 2212; x_wconf 77' lang='grc' dir='ltr'><em>ἡλικία</em></span> 
     </span>
    </p>
   </div>
   <div class='ocr_carea' id='block_1_86' title="bbox 2122 2223 3782 2299">
    <p class='ocr_par' dir='ltr' id='par_1_86' title="bbox 2122 2223 3782 2299">
     <span class='ocr_line' id='line_1_86' title="bbox 2122 2223 3782 2299; baseline 0.007 -25"><span class='ocrx_word' id='word_1_709' title='bbox 2122 2223 2258 2294; x_wconf 77' lang='grc' dir='ltr'><em>πρὸς</em></span> <span class='ocrx_word' id='word_1_710' title='bbox 2290 2223 2387 2294; x_wconf 83' lang='grc' dir='ltr'><em>τὴν</em></span> <span class='ocrx_word' id='word_1_711' title='bbox 2442 2224 2542 2294; x_wconf 79' lang='grc' dir='ltr'><em>τῆς</em></span> <span class='ocrx_word' id='word_1_712' title='bbox 2591 2225 2789 2288; x_wconf 87' lang='grc' dir='ltr'><em>κακίας</em></span> <span class='ocrx_word' id='word_1_713' title='bbox 2845 2226 3106 2296; x_wconf 87' lang='grc' dir='ltr'><em>ἐργασίαν</em></span> <span class='ocrx_word' id='word_1_714' title='bbox 3145 2227 3467 2298; x_wconf 85' lang='grc' dir='ltr'><em>ηύτομόλει;</em></span> <span class='ocrx_word' id='word_1_715' title='bbox 3519 2229 3646 2298; x_wconf 85' lang='grc' dir='ltr'><em>Πᾶς</em></span> <span class='ocrx_word' id='word_1_716' title='bbox 3673 2249 3782 2299; x_wconf 81' lang='grc' dir='ltr'><em>τις,</em></span> 
     </span>
    </p>
   </div>
   <div class='ocr_carea' id='block_1_87' title="bbox 2123 2309 3786 2389">
    <p class='ocr_par' dir='ltr' id='par_1_87' title="bbox 2123 2309 3786 2389">
     <span class='ocr_line' id='line_1_87' title="bbox 2123 2309 3786 2389; baseline 0.007 -28"><span class='ocrx_word' id='word_1_717' title='bbox 2123 2309 2316 2380; x_wconf 59' lang='grc' dir='ltr'><em>φησίν</em></span> <span class='ocrx_word' id='word_1_718' title='bbox 2346 2310 2524 2380; x_wconf 85' lang='grc' dir='ltr'><em>ούδὲή</em></span> <span class='ocrx_word' id='word_1_719' title='bbox 2558 2310 2734 2381; x_wconf 78' lang='grc' dir='ltr'><em>ἄωρος</em></span> <span class='ocrx_word' id='word_1_720' title='bbox 2769 2310 2975 2380; x_wconf 85' lang='grc' dir='ltr'><em>ἡλικία,</em></span> <span class='ocrx_word' id='word_1_721' title='bbox 3011 2313 3133 2366; x_wconf 84' lang='grc' dir='ltr'><em>οὐδὲ</em></span> <span class='ocrx_word' id='word_1_722' title='bbox 3168 2315 3200 2384; x_wconf 87' lang='grc' dir='ltr'><em>ή</em></span> <span class='ocrx_word' id='word_1_723' title='bbox 3235 2316 3598 2387; x_wconf 70' lang='grc' dir='ltr'><em>ἀπειρόκακος</em></span> <span class='ocrx_word' id='word_1_724' title='bbox 3628 2319 3786 2389; x_wconf 80' lang='grc' dir='ltr'><em>ἀμοι-</em></span> 
     </span>
    </p>
   </div>
   <div class='ocr_carea' id='block_1_88' title="bbox 2123 2393 3783 2478">
    <p class='ocr_par' dir='ltr' id='par_1_88' title="bbox 2123 2393 3783 2478">
     <span class='ocr_line' id='line_1_88' title="bbox 2123 2393 3783 2478; baseline 0.008 -29"><span class='ocrx_word' id='word_1_725' title='bbox 2123 2415 2216 2468; x_wconf 85' lang='grc' dir='ltr'><em>ρος</em></span> <span class='ocrx_word' id='word_1_726' title='bbox 2246 2393 2337 2468; x_wconf 77' lang='grc' dir='ltr'><em>ἦν,</em></span> <span class='ocrx_word' id='word_1_727' title='bbox 2366 2397 2482 2451; x_wconf 86' lang='grc' dir='ltr'><em>ἀλλ’</em></span> <span class='ocrx_word' id='word_1_728' title='bbox 2509 2398 2714 2462; x_wconf 80' lang='grc' dir='ltr'><em>εὐθέως</em></span> <span class='ocrx_word' id='word_1_729' title='bbox 2745 2399 2840 2453; x_wconf 73' lang='grc' dir='ltr'><em>καὶ</em></span> <span class='ocrx_word' id='word_1_730' title='bbox 2873 2401 2937 2452; x_wconf 87' lang='grc' dir='ltr'><em>ἐκ</em></span> <span class='ocrx_word' id='word_1_731' title='bbox 2970 2403 3269 2473; x_wconf 86' lang='grc' dir='ltr'><em>προοιμίων</em></span> <span class='ocrx_word' id='word_1_732' title='bbox 3307 2405 3406 2476; x_wconf 82' lang='grc' dir='ltr'><em>τὴν</em></span> <span class='ocrx_word' id='word_1_733' title='bbox 3447 2407 3622 2478; x_wconf 82' lang='grc' dir='ltr'><em>κακὴν</em></span> <span class='ocrx_word' id='word_1_734' title='bbox 3651 2407 3783 2462; x_wconf 76' lang='grc' dir='ltr'><em>ταύ-</em></span> 
     </span>
    </p>
   </div>
   <div class='ocr_carea' id='block_1_89' title="bbox 2121 2484 3784 2564">
    <p class='ocr_par' dir='ltr' id='par_1_89' title="bbox 2121 2484 3784 2564">
     <span class='ocr_line' id='line_1_89' title="bbox 2121 2484 3784 2564; baseline 0.006 -27"><span class='ocrx_word' id='word_1_735' title='bbox 2121 2501 2220 2555; x_wconf 90' lang='grc' dir='ltr'><em>την</em></span> <span class='ocrx_word' id='word_1_736' title='bbox 2275 2484 2507 2554; x_wconf 76' lang='grc' dir='ltr'><em>ἅμιλλαν</em></span> <span class='ocrx_word' id='word_1_737' title='bbox 2556 2485 2756 2550; x_wconf 86' lang='grc' dir='ltr'><em>πάντες</em></span> <span class='ocrx_word' id='word_1_738' title='bbox 2805 2487 3104 2550; x_wconf 77' lang='grc' dir='ltr'><em>ἐποιοῦντο,</em></span> <span class='ocrx_word' id='word_1_739' title='bbox 3164 2490 3390 2555; x_wconf 73' lang='grc' dir='ltr'><em>ἕκαστος</em></span> <span class='ocrx_word' id='word_1_740' title='bbox 3420 2493 3511 2545; x_wconf 88' lang='grc' dir='ltr'><em>τὸν</em></span> <span class='ocrx_word' id='word_1_741' title='bbox 3560 2495 3784 2564; x_wconf 86' lang='grc' dir='ltr'><em>πλησίον</em></span> 
     </span>
    </p>
   </div>
   <div class='ocr_carea' id='block_1_90' title="bbox 2122 2571 3783 2654">
    <p class='ocr_par' dir='ltr' id='par_1_90' title="bbox 2122 2571 3783 2654">
     <span class='ocr_line' id='line_1_90' title="bbox 2122 2571 3783 2654; baseline 0.006 -28"><span class='ocrx_word' id='word_1_742' title='bbox 2122 2571 2552 2644; x_wconf 84' lang='grc' dir='ltr'><em>ὑπερϐάλλεσθαι</em></span> <span class='ocrx_word' id='word_1_743' title='bbox 2583 2573 2902 2643; x_wconf 78' lang='grc' dir='ltr'><em>φιλονεικῶν</em></span> <span class='ocrx_word' id='word_1_744' title='bbox 2924 2575 2983 2628; x_wconf 86' lang='grc' dir='ltr'><em>ἐν</em></span> <span class='ocrx_word' id='word_1_745' title='bbox 3012 2580 3078 2647; x_wconf 84' lang='grc' dir='ltr'><em>τῇ</em></span> <span class='ocrx_word' id='word_1_746' title='bbox 3111 2577 3219 2631; x_wconf 90' lang='grc' dir='ltr'><em>τῶν</em></span> <span class='ocrx_word' id='word_1_747' title='bbox 3266 2580 3516 2649; x_wconf 81' lang='grc' dir='ltr'><em>πράξεων</em></span> <span class='ocrx_word' id='word_1_748' title='bbox 3542 2599 3783 2654; x_wconf 85' lang='grc' dir='ltr'><em>παρανο-</em></span> 
     </span>
    </p>
   </div>
   <div class='ocr_carea' id='block_1_91' title="bbox 2125 2658 3784 2738">
    <p class='ocr_par' dir='ltr' id='par_1_91' title="bbox 2125 2658 3784 2738">
     <span class='ocr_line' id='line_1_91' title="bbox 2125 2658 3784 2738; baseline 0.008 -28"><span class='ocrx_word' id='word_1_749' title='bbox 2125 2658 2244 2731; x_wconf 78' lang='grc' dir='ltr'><em>μίᾳ.</em></span> <span class='ocrx_word' id='word_1_750' title='bbox 2281 2659 2482 2714; x_wconf 86' lang='grc' dir='ltr'><em>Ἐννόει</em></span> <span class='ocrx_word' id='word_1_751' title='bbox 2511 2661 2618 2732; x_wconf 86' lang='grc' dir='ltr'><em>γάρ</em></span> <span class='ocrx_word' id='word_1_752' title='bbox 2668 2677 2759 2732; x_wconf 91' lang='grc' dir='ltr'><em>μοι</em></span> <span class='ocrx_word' id='word_1_753' title='bbox 2793 2661 3029 2716; x_wconf 80' lang='grc' dir='ltr'><em>ἐνταῦθα</em></span> <span class='ocrx_word' id='word_1_754' title='bbox 3055 2662 3153 2735; x_wconf 77' lang='grc' dir='ltr'><em>τὴν</em></span> <span class='ocrx_word' id='word_1_755' title='bbox 3202 2665 3646 2738; x_wconf 80' lang='grc' dir='ltr'><em>ὑπερϐάλλουσαν</em></span> <span class='ocrx_word' id='word_1_756' title='bbox 3687 2670 3784 2723; x_wconf 80' lang='grc' dir='ltr'><em>τοῦ</em></span> 
     </span>
    </p>
   </div>
   <div class='ocr_carea' id='block_1_92' title="bbox 2120 2744 3784 2826">
    <p class='ocr_par' dir='ltr' id='par_1_92' title="bbox 2120 2744 3784 2826">
     <span class='ocr_line' id='line_1_92' title="bbox 2120 2744 3784 2826; baseline 0.007 -29"><span class='ocrx_word' id='word_1_757' title='bbox 2120 2744 2328 2799; x_wconf 89' lang='grc' dir='ltr'><em>δικαίου</em></span> <span class='ocrx_word' id='word_1_758' title='bbox 2356 2746 2568 2815; x_wconf 85' lang='grc' dir='ltr'><em>σοφίαν,</em></span> <span class='ocrx_word' id='word_1_759' title='bbox 2598 2747 2679 2801; x_wconf 84' lang='grc' dir='ltr'><em>ὅτι</em></span> <span class='ocrx_word' id='word_1_760' title='bbox 2701 2749 2757 2800; x_wconf 87' lang='grc' dir='ltr'><em>ἐν</em></span> <span class='ocrx_word' id='word_1_761' title='bbox 2789 2747 3025 2817; x_wconf 87' lang='grc' dir='ltr'><em>τοσαύτῃ</em></span> <span class='ocrx_word' id='word_1_762' title='bbox 3051 2750 3236 2806; x_wconf 85' lang='grc' dir='ltr'><em>κακῶν</em></span> <span class='ocrx_word' id='word_1_763' title='bbox 3281 2755 3571 2825; x_wconf 85' lang='grc' dir='ltr'><em>συμφωνίᾳ</em></span> <span class='ocrx_word' id='word_1_764' title='bbox 3597 2754 3784 2826; x_wconf 78' lang='grc' dir='ltr'><em>ἴσχυσε</em></span> 
     </span>
    </p>
   </div>
   <div class='ocr_carea' id='block_1_93' title="bbox 2119 2832 3784 2910">
    <p class='ocr_par' dir='ltr' id='par_1_93' title="bbox 2119 2832 3784 2910">
     <span class='ocr_line' id='line_1_93' title="bbox 2119 2832 3784 2910; baseline 0.008 -26"><span class='ocrx_word' id='word_1_765' title='bbox 2119 2832 2218 2910; x_wconf 76' lang='grc' dir='ltr'><em>τὴν</em></span> <span class='ocrx_word' id='word_1_766' title='bbox 2248 2832 2425 2904; x_wconf 85' lang='grc' dir='ltr'><em>λύμην</em></span> <span class='ocrx_word' id='word_1_767' title='bbox 2456 2833 2756 2903; x_wconf 87' lang='grc' dir='ltr'><em>διαφυγεῖν,</em></span> <span class='ocrx_word' id='word_1_768' title='bbox 2779 2835 2874 2889; x_wconf 74' lang='grc' dir='ltr'><em>καὶ</em></span> <span class='ocrx_word' id='word_1_769' title='bbox 2918 2837 3187 2907; x_wconf 87' lang='grc' dir='ltr'><em>μηδεμίαν</em></span> <span class='ocrx_word' id='word_1_770' title='bbox 3231 2841 3480 2894; x_wconf 82' lang='grc' dir='ltr'><em>ἐντεῦθεν</em></span> <span class='ocrx_word' id='word_1_771' title='bbox 3530 2841 3784 2907; x_wconf 83' lang='grc' dir='ltr'><em>δέξασθαι</em></span> 
     </span>
    </p>
   </div>
   <div class='ocr_carea' id='block_1_94' title="bbox 2122 2918 3786 3000">
    <p class='ocr_par' dir='ltr' id='par_1_94' title="bbox 2122 2918 3786 3000">
     <span class='ocr_line' id='line_1_94' title="bbox 2122 2918 3786 3000; baseline 0.004 -29"><span class='ocrx_word' id='word_1_772' title='bbox 2122 2918 2345 2990; x_wconf 86' lang='grc' dir='ltr'><em>βλάϐην,</em></span> <span class='ocrx_word' id='word_1_773' title='bbox 2383 2920 2519 2973; x_wconf 88' lang='grc' dir='ltr'><em>ἀλλά</em></span> <span class='ocrx_word' id='word_1_774' title='bbox 2544 2920 2793 2992; x_wconf 87' lang='grc' dir='ltr'><em>καθάπερ</em></span> <span class='ocrx_word' id='word_1_775' title='bbox 2831 2921 2892 2987; x_wconf 87' lang='grc' dir='ltr'><em>ἐξ</em></span> <span class='ocrx_word' id='word_1_776' title='bbox 2938 2924 3130 2994; x_wconf 82' lang='grc' dir='ltr'><em>ἐτέρας</em></span> <span class='ocrx_word' id='word_1_777' title='bbox 3168 2925 3381 2994; x_wconf 87' lang='grc' dir='ltr'><em>φύσεως</em></span> <span class='ocrx_word' id='word_1_778' title='bbox 3412 2930 3786 3000; x_wconf 67' lang='grc' dir='ltr'><em>συγκείμενος,</em></span> 
     </span>
    </p>
   </div>
   <div class='ocr_carea' id='block_1_95' title="bbox 2119 3005 3785 3082">
    <p class='ocr_par' dir='ltr' id='par_1_95' title="bbox 2119 3005 3785 3082">
     <span class='ocr_line' id='line_1_95' title="bbox 2119 3005 3785 3082; baseline 0.005 -22"><span class='ocrx_word' id='word_1_779' title='bbox 2119 3005 2291 3070; x_wconf 82' lang='grc' dir='ltr'><em>οὓτως</em></span> <span class='ocrx_word' id='word_1_780' title='bbox 2331 3008 2640 3080; x_wconf 73' lang='grc' dir='ltr'><em>ἐρρωμένον</em></span> <span class='ocrx_word' id='word_1_781' title='bbox 2687 3011 2940 3082; x_wconf 83' lang='grc' dir='ltr'><em>φρόνημα</em></span> <span class='ocrx_word' id='word_1_782' title='bbox 2972 3011 3277 3078; x_wconf 79' lang='grc' dir='ltr'><em>ἀναλαϐὼν,</em></span> <span class='ocrx_word' id='word_1_783' title='bbox 3307 3016 3402 3068; x_wconf 76' lang='grc' dir='ltr'><em>καὶ</em></span> <span class='ocrx_word' id='word_1_784' title='bbox 3451 3015 3659 3070; x_wconf 84' lang='grc' dir='ltr'><em>οἴκοθεν</em></span> <span class='ocrx_word' id='word_1_785' title='bbox 3692 3019 3785 3072; x_wconf 69' lang='grc' dir='ltr'><em>ἐπὶ</em></span> 
     </span>
    </p>
   </div>
   <div class='ocr_carea' id='block_1_96' title="bbox 2119 3093 3784 3176">
    <p class='ocr_par' dir='ltr' id='par_1_96' title="bbox 2119 3093 3784 3176">
     <span class='ocr_line' id='line_1_96' title="bbox 2119 3093 3784 3176; baseline 0.007 -29"><span class='ocrx_word' id='word_1_786' title='bbox 2119 3093 2216 3166; x_wconf 85' lang='grc' dir='ltr'><em>τὴν</em></span> <span class='ocrx_word' id='word_1_787' title='bbox 2245 3095 2345 3165; x_wconf 80' lang='grc' dir='ltr'><em>τῆς</em></span> <span class='ocrx_word' id='word_1_788' title='bbox 2377 3097 2578 3169; x_wconf 81' lang='grc' dir='ltr'><em>ἀρετῆς</em></span> <span class='ocrx_word' id='word_1_789' title='bbox 2610 3097 2946 3169; x_wconf 87' lang='grc' dir='ltr'><em>κατόρθωσιν</em></span> <span class='ocrx_word' id='word_1_790' title='bbox 2999 3099 3261 3167; x_wconf 84' lang='grc' dir='ltr'><em>σπεύσας,</em></span> <span class='ocrx_word' id='word_1_791' title='bbox 3323 3103 3415 3156; x_wconf 80' lang='grc' dir='ltr'><em>καὶ</em></span> <span class='ocrx_word' id='word_1_792' title='bbox 3455 3102 3553 3174; x_wconf 80' lang='grc' dir='ltr'><em>τὴν</em></span> <span class='ocrx_word' id='word_1_793' title='bbox 3609 3105 3784 3176; x_wconf 83' lang='grc' dir='ltr'><em>κακὴν</em></span> 
     </span>
    </p>
   </div>
   <div class='ocr_carea' id='block_1_97' title="bbox 2119 3182 3784 3257">
    <p class='ocr_par' dir='ltr' id='par_1_97' title="bbox 2119 3182 3784 3257">
     <span class='ocr_line' id='line_1_97' title="bbox 2119 3182 3784 3257; baseline 0.007 -23"><span class='ocrx_word' id='word_1_794' title='bbox 2119 3182 2296 3234; x_wconf 80' lang='grc' dir='ltr'><em>αὐτῶν</em></span> <span class='ocrx_word' id='word_1_795' title='bbox 2318 3183 2636 3252; x_wconf 90' lang='grc' dir='ltr'><em>συμφωνίαν</em></span> <span class='ocrx_word' id='word_1_796' title='bbox 2671 3184 2914 3254; x_wconf 80' lang='grc' dir='ltr'><em>διέφυγε,</em></span> <span class='ocrx_word' id='word_1_797' title='bbox 2959 3186 3053 3239; x_wconf 80' lang='grc' dir='ltr'><em>καὶ</em></span> <span class='ocrx_word' id='word_1_798' title='bbox 3108 3187 3211 3257; x_wconf 80' lang='grc' dir='ltr'><em>τῆς</em></span> <span class='ocrx_word' id='word_1_799' title='bbox 3254 3188 3392 3243; x_wconf 87' lang='grc' dir='ltr'><em>κατά</em></span> <span class='ocrx_word' id='word_1_800' title='bbox 3443 3190 3659 3245; x_wconf 87' lang='grc' dir='ltr'><em>πάντων</em></span> <span class='ocrx_word' id='word_1_801' title='bbox 3700 3194 3784 3244; x_wconf 91' lang='grc' dir='ltr'><em>ἐν-</em></span> 
     </span>
    </p>
   </div>
   <div class='ocr_carea' id='block_1_98' title="bbox 2121 3270 3780 3348">
    <p class='ocr_par' dir='ltr' id='par_1_98' title="bbox 2121 3270 3780 3348">
     <span class='ocr_line' id='line_1_98' title="bbox 2121 3270 3780 3348; baseline 0.007 -25"><span class='ocrx_word' id='word_1_802' title='bbox 2121 3270 2376 3341; x_wconf 86' lang='grc' dir='ltr'><em>εχθείσης</em></span> <span class='ocrx_word' id='word_1_803' title='bbox 2413 3271 2794 3342; x_wconf 85' lang='grc' dir='ltr'><em>πανωλεθρίας</em></span> <span class='ocrx_word' id='word_1_804' title='bbox 2833 3272 2992 3337; x_wconf 81' lang='grc' dir='ltr'><em>ἐκτὸς</em></span> <span class='ocrx_word' id='word_1_805' title='bbox 3037 3274 3248 3342; x_wconf 86' lang='grc' dir='ltr'><em>γέγονε.</em></span> <span class='ocrx_word' id='word_1_806' title='bbox 3280 3275 3392 3330; x_wconf 86' lang='grc' dir='ltr'><em>Καί</em></span> <span class='ocrx_word' id='word_1_807' title='bbox 3423 3277 3780 3348; x_wconf 82' lang='grc' dir='ltr'><em>ἐνεθυμήθη,</em></span> 
     </span>
    </p>
   </div>
   <div class='ocr_carea' id='block_1_99' title="bbox 2120 3359 3782 3432">
    <p class='ocr_par' dir='ltr' id='par_1_99' title="bbox 2120 3359 3782 3432">
     <span class='ocr_line' id='line_1_99' title="bbox 2120 3359 3782 3432; baseline 0.007 -22"><span class='ocrx_word' id='word_1_808' title='bbox 2120 3359 2275 3428; x_wconf 75' lang='grc' dir='ltr'><em>φησὶ,</em></span> <span class='ocrx_word' id='word_1_809' title='bbox 2303 3359 2517 3428; x_wconf 85' lang='grc' dir='ltr'><em>Κύριος</em></span> <span class='ocrx_word' id='word_1_810' title='bbox 2546 3362 2580 3414; x_wconf 84' lang='grc' dir='ltr'><strong><em>ό</em></strong></span> <span class='ocrx_word' id='word_1_811' title='bbox 2607 3360 2771 3426; x_wconf 82' lang='grc' dir='ltr'><em>Θεὸς,</em></span> <span class='ocrx_word' id='word_1_812' title='bbox 2802 3362 2892 3414; x_wconf 87' lang='grc' dir='ltr'><em>ὅτι</em></span> <span class='ocrx_word' id='word_1_813' title='bbox 2931 3361 3182 3429; x_wconf 83' lang='grc' dir='ltr'><em>ἐποίησε</em></span> <span class='ocrx_word' id='word_1_814' title='bbox 3201 3363 3310 3418; x_wconf 82' lang='grc' dir='ltr'><em>τὸν</em></span> <span class='ocrx_word' id='word_1_815' title='bbox 3347 3364 3660 3432; x_wconf 75' lang='grc' dir='ltr'><em>ἄνθρωπον</em></span> <span class='ocrx_word' id='word_1_816' title='bbox 3682 3369 3782 3422; x_wconf 80' lang='grc' dir='ltr'><em>ἐπὶ</em></span> 
     </span>
    </p>
   </div>
   <div class='ocr_carea' id='block_1_100' title="bbox 2118 3444 3783 3520">
    <p class='ocr_par' dir='ltr' id='par_1_100' title="bbox 2118 3444 3783 3520">
     <span class='ocr_line' id='line_1_100' title="bbox 2118 3444 3783 3520; baseline 0.006 -22"><span class='ocrx_word' id='word_1_817' title='bbox 2118 3444 2231 3512; x_wconf 81' lang='grc' dir='ltr'><em>τῆς</em></span> <span class='ocrx_word' id='word_1_818' title='bbox 2255 3445 2388 3515; x_wconf 83' lang='grc' dir='ltr'><em>γῆς.</em></span> <span class='ocrx_word' id='word_1_819' title='bbox 2420 3447 2560 3516; x_wconf 86' lang='grc' dir='ltr'><em>Ὅρα</em></span> <span class='ocrx_word' id='word_1_820' title='bbox 2590 3447 2753 3500; x_wconf 86' lang='grc' dir='ltr'><em>πάλιν</em></span> <span class='ocrx_word' id='word_1_821' title='bbox 2785 3447 2982 3511; x_wconf 82' lang='grc' dir='ltr'><em>λέξεως</em></span> <span class='ocrx_word' id='word_1_822' title='bbox 3010 3447 3293 3519; x_wconf 87' lang='grc' dir='ltr'><em>παχύτητα</em></span> <span class='ocrx_word' id='word_1_823' title='bbox 3319 3452 3411 3503; x_wconf 85' lang='grc' dir='ltr'><em>καὶ</em></span> <span class='ocrx_word' id='word_1_824' title='bbox 3437 3454 3783 3520; x_wconf 84' lang='grc' dir='ltr'><em>συγκατάϐα-</em></span> 
     </span>
    </p>
   </div>
   <div class='ocr_carea' id='block_1_101' title="bbox 2119 3528 3782 3610">
    <p class='ocr_par' dir='ltr' id='par_1_101' title="bbox 2119 3528 3782 3610">
     <span class='ocr_line' id='line_1_101' title="bbox 2119 3528 3782 3610; baseline 0.008 -30"><span class='ocrx_word' id='word_1_825' title='bbox 2119 3545 2222 3581; x_wconf 90' lang='grc' dir='ltr'><em>σιν.</em></span> <span class='ocrx_word' id='word_1_826' title='bbox 2275 3528 2664 3598; x_wconf 82' lang='grc' dir='ltr'><em>Ἑνεθυμήθη,</em></span> <span class='ocrx_word' id='word_1_827' title='bbox 2711 3531 2896 3600; x_wconf 86' lang='grc' dir='ltr'><em>φησὶν,</em></span> <span class='ocrx_word' id='word_1_828' title='bbox 2937 3533 3057 3586; x_wconf 78' lang='grc' dir='ltr'><em>ἀντὶ</em></span> <span class='ocrx_word' id='word_1_829' title='bbox 3088 3533 3205 3598; x_wconf 83' lang='grc' dir='ltr'><em>τού,</em></span> <span class='ocrx_word' id='word_1_830' title='bbox 3240 3537 3629 3610; x_wconf 84' lang='grc' dir='ltr'><em>Μετεμελήθη·</em></span> <span class='ocrx_word' id='word_1_831' title='bbox 3681 3541 3782 3593; x_wconf 77' lang='grc' dir='ltr'><em>οὐκ</em></span> 
     </span>
    </p>
   </div>
   <div class='ocr_carea' id='block_1_102' title="bbox 2118 3614 3783 3696">
    <p class='ocr_par' dir='ltr' id='par_1_102' title="bbox 2118 3614 3783 3696">
     <span class='ocr_line' id='line_1_102' title="bbox 2118 3614 3783 3696; baseline 0.008 -31"><span class='ocrx_word' id='word_1_832' title='bbox 2118 3614 2306 3684; x_wconf 85' lang='grc' dir='ltr'><em>ἐπειδὴ</em></span> <span class='ocrx_word' id='word_1_833' title='bbox 2335 3614 2716 3684; x_wconf 85' lang='grc' dir='ltr'><em>μεταμελεῖται</em></span> <span class='ocrx_word' id='word_1_834' title='bbox 2741 3616 2904 3680; x_wconf 79' lang='grc' dir='ltr'><em>Θεόςο</em></span> <span class='ocrx_word' id='word_1_835' title='bbox 2940 3619 3015 3687; x_wconf 80' lang='grc' dir='ltr'><em>μὴ</em></span> <span class='ocrx_word' id='word_1_836' title='bbox 3057 3619 3293 3686; x_wconf 83' lang='grc' dir='ltr'><em>γένοιτο⁶</em></span> <span class='ocrx_word' id='word_1_837' title='bbox 3347 3621 3482 3676; x_wconf 89' lang='grc' dir='ltr'><em>ἀλλά</em></span> <span class='ocrx_word' id='word_1_838' title='bbox 3511 3624 3652 3678; x_wconf 86' lang='grc' dir='ltr'><em>κατὰ</em></span> <span class='ocrx_word' id='word_1_839' title='bbox 3683 3625 3783 3696; x_wconf 74' lang='grc' dir='ltr'><em>τὴν</em></span> 
     </span>
    </p>
   </div>
   <div class='ocr_carea' id='block_1_103' title="bbox 2121 3699 3778 3784">
    <p class='ocr_par' dir='ltr' id='par_1_103' title="bbox 2121 3699 3778 3784">
     <span class='ocr_line' id='line_1_103' title="bbox 2121 3699 3778 3784; baseline 0.008 -32"><span class='ocrx_word' id='word_1_840' title='bbox 2121 3699 2405 3771; x_wconf 87' lang='grc' dir='ltr'><em>συνήθειαν</em></span> <span class='ocrx_word' id='word_1_841' title='bbox 2424 3701 2520 3772; x_wconf 83' lang='grc' dir='ltr'><em>τὴν</em></span> <span class='ocrx_word' id='word_1_842' title='bbox 2548 3701 2892 3774; x_wconf 89' lang='grc' dir='ltr'><em>ἀνθρωπίνην</em></span> <span class='ocrx_word' id='word_1_843' title='bbox 2909 3705 2942 3774; x_wconf 90' lang='grc' dir='ltr'><em>ή</em></span> <span class='ocrx_word' id='word_1_844' title='bbox 2950 3706 3039 3774; x_wconf 81' lang='grc' dir='ltr'><em>μίν</em></span> <span class='ocrx_word' id='word_1_845' title='bbox 3059 3705 3363 3775; x_wconf 83' lang='grc' dir='ltr'><em>διαλέγεται</em></span> <span class='ocrx_word' id='word_1_846' title='bbox 3381 3710 3413 3779; x_wconf 85' lang='grc' dir='ltr'><em>ή</em></span> <span class='ocrx_word' id='word_1_847' title='bbox 3431 3709 3548 3764; x_wconf 89' lang='grc' dir='ltr'><em>θεία</em></span> <span class='ocrx_word' id='word_1_848' title='bbox 3567 3711 3607 3763; x_wconf 90' lang='grc' dir='ltr'><strong>Γ</strong></span> <span class='ocrx_word' id='word_1_849' title='bbox 3613 3713 3778 3784; x_wconf 84' lang='grc' dir='ltr'><em>ραφὴ,</em></span> 
     </span>
    </p>
   </div>
   <div class='ocr_carea' id='block_1_104' title="bbox 2120 3786 3782 3869">
    <p class='ocr_par' dir='ltr' id='par_1_104' title="bbox 2120 3786 3782 3869">
     <span class='ocr_line' id='line_1_104' title="bbox 2120 3786 3782 3869; baseline 0.01 -31"><span class='ocrx_word' id='word_1_850' title='bbox 2120 3786 2205 3839; x_wconf 76' lang='grc' dir='ltr'><em>ἵνα</em></span> <span class='ocrx_word' id='word_1_851' title='bbox 2232 3786 2416 3858; x_wconf 80' lang='grc' dir='ltr'><em>διδάξῃ</em></span> <span class='ocrx_word' id='word_1_852' title='bbox 2436 3789 2602 3858; x_wconf 75' lang='grc' dir='ltr'><em>ἡμᾶς,</em></span> <span class='ocrx_word' id='word_1_853' title='bbox 2634 3789 2716 3842; x_wconf 84' lang='grc' dir='ltr'><em>ὅτι</em></span> <span class='ocrx_word' id='word_1_854' title='bbox 2747 3791 2780 3860; x_wconf 87' lang='grc' dir='ltr'><em>ή</em></span> <span class='ocrx_word' id='word_1_855' title='bbox 2811 3791 3082 3864; x_wconf 84' lang='grc' dir='ltr'><em>ὑπερϐολὴ</em></span> <span class='ocrx_word' id='word_1_856' title='bbox 3112 3793 3220 3848; x_wconf 88' lang='grc' dir='ltr'><em>τῶν</em></span> <span class='ocrx_word' id='word_1_857' title='bbox 3245 3797 3653 3869; x_wconf 77' lang='grc' dir='ltr'><em>ἡμαρτημένων</em></span> <span class='ocrx_word' id='word_1_858' title='bbox 3682 3803 3782 3854; x_wconf 79' lang='grc' dir='ltr'><em>αύ-</em></span> 
     </span>
    </p>
   </div>
   <div class='ocr_carea' id='block_1_105' title="bbox 2117 3876 3781 3956">
    <p class='ocr_par' dir='ltr' id='par_1_105' title="bbox 2117 3876 3781 3956">
     <span class='ocr_line' id='line_1_105' title="bbox 2117 3876 3781 3956; baseline 0.009 -28"><span class='ocrx_word' id='word_1_859' title='bbox 2117 3877 2227 3938; x_wconf 85' lang='grc' dir='ltr'><em>τοῖς</em></span> <span class='ocrx_word' id='word_1_860' title='bbox 2254 3877 2334 3938; x_wconf 90' lang='grc' dir='ltr'><em>είς</em></span> <span class='ocrx_word' id='word_1_861' title='bbox 2379 3876 2646 3946; x_wconf 87' lang='grc' dir='ltr'><em>τοσαύτην</em></span> <span class='ocrx_word' id='word_1_862' title='bbox 2691 3878 3060 3950; x_wconf 87' lang='grc' dir='ltr'><em>ἀγανάκτησιν</em></span> <span class='ocrx_word' id='word_1_863' title='bbox 3109 3883 3200 3935; x_wconf 85' lang='grc' dir='ltr'><em>τὸν</em></span> <span class='ocrx_word' id='word_1_864' title='bbox 3228 3883 3604 3956; x_wconf 82' lang='grc' dir='ltr'><em>φιλάνθρωπον</em></span> <span class='ocrx_word' id='word_1_865' title='bbox 3648 3889 3781 3944; x_wconf 81' lang='grc' dir='ltr'><em>Θεὸν</em></span> 
     </span>
    </p>
   </div>
   <div class='ocr_carea' id='block_1_106' title="bbox 2116 3961 3779 4040">
    <p class='ocr_par' dir='ltr' id='par_1_106' title="bbox 2116 3961 3779 4040">
     <span class='ocr_line' id='line_1_106' title="bbox 2116 3961 3779 4040; baseline 0.01 -27"><span class='ocrx_word' id='word_1_866' title='bbox 2116 3961 2312 4032; x_wconf 82' lang='grc' dir='ltr'><em>ήγαγε.</em></span> <span class='ocrx_word' id='word_1_867' title='bbox 2361 3961 2472 4016; x_wconf 75' lang='grc' dir='ltr'><em>Καὶ</em></span> <span class='ocrx_word' id='word_1_868' title='bbox 2524 3962 2877 4033; x_wconf 78' lang='grc' dir='ltr'><em>ἐνεθυμήθη,</em></span> <span class='ocrx_word' id='word_1_869' title='bbox 2936 3967 3092 4035; x_wconf 67' lang='grc' dir='ltr'><em>φησι,</em></span> <span class='ocrx_word' id='word_1_870' title='bbox 3133 3970 3349 4036; x_wconf 84' lang='grc' dir='ltr'><em>Κύριος</em></span> <span class='ocrx_word' id='word_1_871' title='bbox 3399 3974 3432 4025; x_wconf 83' lang='grc' dir='ltr'><em>ὀ</em></span> <span class='ocrx_word' id='word_1_872' title='bbox 3485 3975 3647 4040; x_wconf 86' lang='grc' dir='ltr'><em>Θεὸς,</em></span> <span class='ocrx_word' id='word_1_873' title='bbox 3687 3975 3779 4030; x_wconf 82' lang='grc' dir='ltr'><em>ὅτι</em></span> 
     </span>
    </p>
   </div>
   <div class='ocr_carea' id='block_1_107' title="bbox 2115 4049 3776 4130">
    <p class='ocr_par' dir='ltr' id='par_1_107' title="bbox 2115 4049 3776 4130">
     <span class='ocr_line' id='line_1_107' title="bbox 2115 4049 3776 4130; baseline 0.008 -28"><span class='ocrx_word' id='word_1_874' title='bbox 2115 4049 2364 4117; x_wconf 79' lang='grc' dir='ltr'><em>ἐποίησε</em></span> <span class='ocrx_word' id='word_1_875' title='bbox 2385 4050 2493 4104; x_wconf 89' lang='grc' dir='ltr'><em>τὸν</em></span> <span class='ocrx_word' id='word_1_876' title='bbox 2519 4051 2832 4119; x_wconf 80' lang='grc' dir='ltr'><em>ἄνθρωπον</em></span> <span class='ocrx_word' id='word_1_877' title='bbox 2847 4053 2944 4106; x_wconf 75' lang='grc' dir='ltr'><em>ἐπὶ</em></span> <span class='ocrx_word' id='word_1_878' title='bbox 2970 4053 3078 4122; x_wconf 84' lang='grc' dir='ltr'><em>τῆς</em></span> <span class='ocrx_word' id='word_1_879' title='bbox 3098 4055 3230 4124; x_wconf 80' lang='grc' dir='ltr'><em>γῆς.</em></span> <span class='ocrx_word' id='word_1_880' title='bbox 3252 4057 3344 4130; x_wconf 84' lang='grc' dir='ltr'><em>Μὴ</em></span> <span class='ocrx_word' id='word_1_881' title='bbox 3365 4060 3473 4130; x_wconf 86' lang='grc' dir='ltr'><em>γὰρ</em></span> <span class='ocrx_word' id='word_1_882' title='bbox 3494 4060 3583 4114; x_wconf 85' lang='grc' dir='ltr'><em>διὰ</em></span> <span class='ocrx_word' id='word_1_883' title='bbox 3600 4063 3776 4127; x_wconf 82' lang='grc' dir='ltr'><em>τούτο,</em></span> 
     </span>
    </p>
   </div>
   <div class='ocr_carea' id='block_1_108' title="bbox 2117 4136 3780 4208">
    <p class='ocr_par' dir='ltr' id='par_1_108' title="bbox 2117 4136 3780 4208">
     <span class='ocr_line' id='line_1_108' title="bbox 2117 4136 3780 4208; baseline 0.01 -21"><span class='ocrx_word' id='word_1_884' title='bbox 2117 4137 2270 4204; x_wconf 75' lang='grc' dir='ltr'><em>φησὶ,</em></span> <span class='ocrx_word' id='word_1_885' title='bbox 2304 4136 2466 4191; x_wconf 85' lang='grc' dir='ltr'><em>αὐτὸν</em></span> <span class='ocrx_word' id='word_1_886' title='bbox 2494 4139 2838 4208; x_wconf 72' lang='grc' dir='ltr'><em>παρήγαγον,</em></span> <span class='ocrx_word' id='word_1_887' title='bbox 2886 4139 2974 4193; x_wconf 80' lang='grc' dir='ltr'><em>ἵνα</em></span> <span class='ocrx_word' id='word_1_888' title='bbox 2999 4142 3080 4203; x_wconf 81' lang='grc' dir='ltr'><em>είς</em></span> <span class='ocrx_word' id='word_1_889' title='bbox 3108 4143 3360 4198; x_wconf 81' lang='grc' dir='ltr'><em>τοσοῦτον</em></span> <span class='ocrx_word' id='word_1_890' title='bbox 3399 4145 3612 4200; x_wconf 76' lang='grc' dir='ltr'><em>ὄλισθον</em></span> <span class='ocrx_word' id='word_1_891' title='bbox 3648 4165 3780 4203; x_wconf 59' lang='grc' dir='ltr'><em>κατα</em></span> 
     </span>
    </p>
   </div>
   <div class='ocr_carea' id='block_1_109' title="bbox 2115 4223 3780 4301">
    <p class='ocr_par' dir='ltr' id='par_1_109' title="bbox 2115 4223 3780 4301">
     <span class='ocr_line' id='line_1_109' title="bbox 2115 4223 3780 4301; baseline 0.009 -27"><span class='ocrx_word' id='word_1_892' title='bbox 2115 4224 2352 4294; x_wconf 74' lang='grc' dir='ltr'><em>ενεχθεὶς</em></span> <span class='ocrx_word' id='word_1_893' title='bbox 2377 4223 2648 4287; x_wconf 90' lang='grc' dir='ltr'><em>ἀπωλείας</em></span> <span class='ocrx_word' id='word_1_894' title='bbox 2678 4225 2854 4295; x_wconf 83' lang='grc' dir='ltr'><em>έαυτῷ</em></span> <span class='ocrx_word' id='word_1_895' title='bbox 2878 4225 3049 4290; x_wconf 87' lang='grc' dir='ltr'><em>αίτιος</em></span> <span class='ocrx_word' id='word_1_896' title='bbox 3071 4233 3308 4301; x_wconf 76' lang='grc' dir='ltr'><em>καταστῇ</em></span> <span class='ocrx_word' id='word_1_897' title='bbox 3339 4248 3354 4296; x_wconf 89' lang='grc'>;</span> <span class='ocrx_word' id='word_1_898' title='bbox 3400 4232 3500 4287; x_wconf 84' lang='grc' dir='ltr'><em>Διὰ</em></span> <span class='ocrx_word' id='word_1_899' title='bbox 3527 4234 3686 4288; x_wconf 78' lang='grc' dir='ltr'><em>τοῦτο</em></span> <span class='ocrx_word' id='word_1_900' title='bbox 3718 4236 3780 4300; x_wconf 85' lang='grc' dir='ltr'><em>ἐξ</em></span> 
     </span>
    </p>
   </div>
   <div class='ocr_carea' id='block_1_110' title="bbox 2115 4311 3778 4394">
    <p class='ocr_par' dir='ltr' id='par_1_110' title="bbox 2115 4311 3778 4394">
     <span class='ocr_line' id='line_1_110' title="bbox 2115 4311 3778 4394; baseline 0.008 -30"><span class='ocrx_word' id='word_1_901' title='bbox 2115 4312 2290 4383; x_wconf 83' lang='grc' dir='ltr'><em>ἀρχῆς</em></span> <span class='ocrx_word' id='word_1_902' title='bbox 2331 4311 2426 4365; x_wconf 76' lang='grc' dir='ltr'><em>καὶ</em></span> <span class='ocrx_word' id='word_1_903' title='bbox 2465 4315 2530 4366; x_wconf 89' lang='grc' dir='ltr'><em>ἐκ</em></span> <span class='ocrx_word' id='word_1_904' title='bbox 2561 4313 2862 4384; x_wconf 87' lang='grc' dir='ltr'><em>προοιμίων</em></span> <span class='ocrx_word' id='word_1_905' title='bbox 2909 4315 3179 4386; x_wconf 84' lang='grc' dir='ltr'><em>τοσαύτης</em></span> <span class='ocrx_word' id='word_1_906' title='bbox 3221 4318 3429 4388; x_wconf 72' lang='grc' dir='ltr'><em>ἠξίωσα</em></span> <span class='ocrx_word' id='word_1_907' title='bbox 3487 4322 3649 4376; x_wconf 82' lang='grc' dir='ltr'><em>αὑτὸν</em></span> <span class='ocrx_word' id='word_1_908' title='bbox 3679 4325 3778 4394; x_wconf 86' lang='grc' dir='ltr'><em>τῆς</em></span> 
     </span>
    </p>
   </div>
   <div class='ocr_carea' id='block_1_111' title="bbox 2113 4399 3779 4482">
    <p class='ocr_par' dir='ltr' id='par_1_111' title="bbox 2113 4399 3779 4482">
     <span class='ocr_line' id='line_1_111' title="bbox 2113 4399 3779 4482; baseline 0.008 -31"><span class='ocrx_word' id='word_1_909' title='bbox 2113 4400 2299 4470; x_wconf 84' lang='grc' dir='ltr'><em>τιμῆς,</em></span> <span class='ocrx_word' id='word_1_910' title='bbox 2333 4399 2427 4454; x_wconf 74' lang='grc' dir='ltr'><em>καὶ</em></span> <span class='ocrx_word' id='word_1_911' title='bbox 2458 4400 2723 4472; x_wconf 81' lang='grc' dir='ltr'><em>τοσαύτην</em></span> <span class='ocrx_word' id='word_1_912' title='bbox 2771 4401 2897 4472; x_wconf 78' lang='grc' dir='ltr'><em>περὶ</em></span> <span class='ocrx_word' id='word_1_913' title='bbox 2927 4402 3088 4456; x_wconf 81' lang='grc' dir='ltr'><em>αὐτὸν</em></span> <span class='ocrx_word' id='word_1_914' title='bbox 3118 4405 3478 4476; x_wconf 83' lang='grc' dir='ltr'><em>ἐπεδειξάμην</em></span> <span class='ocrx_word' id='word_1_915' title='bbox 3517 4410 3618 4480; x_wconf 84' lang='grc' dir='ltr'><em>τὴν</em></span> <span class='ocrx_word' id='word_1_916' title='bbox 3645 4412 3779 4482; x_wconf 86' lang='grc' dir='ltr'><em>πρό-</em></span> 
     </span>
    </p>
   </div>
   <div class='ocr_carea' id='block_1_112' title="bbox 2115 4487 3774 4564">
    <p class='ocr_par' dir='ltr' id='par_1_112' title="bbox 2115 4487 3774 4564">
     <span class='ocr_line' id='line_1_112' title="bbox 2115 4487 3774 4564; baseline 0.006 -25"><span class='ocrx_word' id='word_1_917' title='bbox 2115 4503 2284 4553; x_wconf 87' lang='grc' dir='ltr'><em>νοιαν,</em></span> <span class='ocrx_word' id='word_1_918' title='bbox 2321 4488 2406 4541; x_wconf 80' lang='grc' dir='ltr'><em>ἵνα</em></span> <span class='ocrx_word' id='word_1_919' title='bbox 2431 4487 2531 4558; x_wconf 83' lang='grc' dir='ltr'><em>τὴν</em></span> <span class='ocrx_word' id='word_1_920' title='bbox 2557 4488 2759 4560; x_wconf 85' lang='grc' dir='ltr'><em>ἀρετὴν</em></span> <span class='ocrx_word' id='word_1_921' title='bbox 2791 4489 3043 4554; x_wconf 86' lang='grc' dir='ltr'><em>ἐλόμενος</em></span> <span class='ocrx_word' id='word_1_922' title='bbox 3067 4492 3223 4554; x_wconf 84' lang='grc' dir='ltr'><em>ἐκτὸς</em></span> <span class='ocrx_word' id='word_1_923' title='bbox 3249 4492 3346 4561; x_wconf 84' lang='grc' dir='ltr'><em>τῆς</em></span> <span class='ocrx_word' id='word_1_924' title='bbox 3369 4493 3640 4558; x_wconf 73' lang='grc' dir='ltr'><em>ἀπωλείας</em></span> <span class='ocrx_word' id='word_1_925' title='bbox 3678 4497 3774 4564; x_wconf 82' lang='grc' dir='ltr'><em>γέ-</em></span> 
     </span>
    </p>
   </div>
   <div class='ocr_carea' id='block_1_113' title="bbox 2113 4575 3778 4656">
    <p class='ocr_par' dir='ltr' id='par_1_113' title="bbox 2113 4575 3778 4656">
     <span class='ocr_line' id='line_1_113' title="bbox 2113 4575 3778 4656; baseline 0.007 -30"><span class='ocrx_word' id='word_1_926' title='bbox 2113 4591 2290 4643; x_wconf 89' lang='grc' dir='ltr'><em>νηται.</em></span> <span class='ocrx_word' id='word_1_927' title='bbox 2327 4575 2543 4646; x_wconf 80' lang='grc' dir='ltr'><em>Ἐπειδὴ</em></span> <span class='ocrx_word' id='word_1_928' title='bbox 2576 4576 2632 4629; x_wconf 83' lang='grc' dir='ltr'><em>δὲ</em></span> <span class='ocrx_word' id='word_1_929' title='bbox 2654 4578 2753 4630; x_wconf 90' lang='grc' dir='ltr'><em>ούκ</em></span> <span class='ocrx_word' id='word_1_930' title='bbox 2773 4578 2853 4641; x_wconf 88' lang='grc' dir='ltr'><em>είς</em></span> <span class='ocrx_word' id='word_1_931' title='bbox 2875 4577 2993 4631; x_wconf 87' lang='grc' dir='ltr'><em>δέον</em></span> <span class='ocrx_word' id='word_1_932' title='bbox 3009 4580 3276 4649; x_wconf 87' lang='grc' dir='ltr'><em>ἐχρήσατο</em></span> <span class='ocrx_word' id='word_1_933' title='bbox 3303 4584 3366 4651; x_wconf 80' lang='grc' dir='ltr'><em>τῇ</em></span> <span class='ocrx_word' id='word_1_934' title='bbox 3397 4582 3778 4656; x_wconf 77' lang='grc' dir='ltr'><em>φιλανθρωπίᾳ</em></span> 
     </span>
    </p>
   </div>
   <div class='ocr_carea' id='block_1_114' title="bbox 2111 4663 3775 4740">
    <p class='ocr_par' dir='ltr' id='par_1_114' title="bbox 2111 4663 3775 4740">
     <span class='ocr_line' id='line_1_114' title="bbox 2111 4663 3775 4740; baseline 0.005 -26"><span class='ocrx_word' id='word_1_935' title='bbox 2111 4663 2179 4732; x_wconf 79' lang='grc' dir='ltr'><em>τῇ</em></span> <span class='ocrx_word' id='word_1_936' title='bbox 2209 4664 2338 4733; x_wconf 85' lang='grc' dir='ltr'><em>ἐμῇ,</em></span> <span class='ocrx_word' id='word_1_937' title='bbox 2376 4663 2582 4732; x_wconf 83' lang='grc' dir='ltr'><em>βέλτιον</em></span> <span class='ocrx_word' id='word_1_938' title='bbox 2614 4663 2798 4716; x_wconf 83' lang='grc' dir='ltr'><em>λοιπὸν</em></span> <span class='ocrx_word' id='word_1_939' title='bbox 2827 4665 3128 4734; x_wconf 81' lang='grc' dir='ltr'><em>ἐκκοπῆναι</em></span> <span class='ocrx_word' id='word_1_940' title='bbox 3156 4666 3316 4718; x_wconf 79' lang='grc' dir='ltr'><em>αὐτοῦ</em></span> <span class='ocrx_word' id='word_1_941' title='bbox 3339 4667 3435 4737; x_wconf 76' lang='grc' dir='ltr'><em>τὴν</em></span> <span class='ocrx_word' id='word_1_942' title='bbox 3452 4670 3628 4740; x_wconf 77' lang='grc' dir='ltr'><em>κακὴν</em></span> <span class='ocrx_word' id='word_1_943' title='bbox 3655 4672 3775 4724; x_wconf 88' lang='grc' dir='ltr'><em>ἐπι-</em></span> 
     </span>
    </p>
   </div>
   <div class='ocr_carea' id='block_1_115' title="bbox 2113 4747 3772 4823">
    <p class='ocr_par' dir='ltr' id='par_1_115' title="bbox 2113 4747 3772 4823">
     <span class='ocr_line' id='line_1_115' title="bbox 2113 4747 3772 4823; baseline 0.005 -21"><span class='ocrx_word' id='word_1_944' title='bbox 2113 4749 2380 4822; x_wconf 86' lang='grc' dir='ltr'><em>χείρησιν.</em></span> <span class='ocrx_word' id='word_1_945' title='bbox 2442 4750 2554 4804; x_wconf 79' lang='grc' dir='ltr'><em>Καὶ</em></span> <span class='ocrx_word' id='word_1_946' title='bbox 2589 4748 2890 4818; x_wconf 83' lang='grc' dir='ltr'><em>διενοήθη,</em></span> <span class='ocrx_word' id='word_1_947' title='bbox 2925 4751 3022 4804; x_wconf 80' lang='grc' dir='ltr'><em>καί</em></span> <span class='ocrx_word' id='word_1_948' title='bbox 3060 4747 3190 4804; x_wconf 83' lang='grc' dir='ltr'><em>εἷπε</em></span> <span class='ocrx_word' id='word_1_949' title='bbox 3238 4754 3453 4819; x_wconf 79' lang='grc' dir='ltr'><em>Κύριος</em></span> <span class='ocrx_word' id='word_1_950' title='bbox 3502 4758 3536 4809; x_wconf 84' lang='grc' dir='ltr'><em>ό</em></span> <span class='ocrx_word' id='word_1_951' title='bbox 3591 4759 3772 4823; x_wconf 90' lang='grc' dir='ltr'><em>Θεός·</em></span> 
     </span>
    </p>
   </div>
   <div class='ocr_carea' id='block_1_116' title="bbox 2127 4836 3776 4909">
    <p class='ocr_par' dir='ltr' id='par_1_116' title="bbox 2127 4836 3776 4909">
     <span class='ocr_line' id='line_1_116' title="bbox 2127 4836 3776 4909; baseline 0.01 -27"><span class='ocrx_word' id='word_1_952' title='bbox 2127 4837 2454 4906; x_wconf 71' lang='grc' dir='ltr'><em>Ἆπαλείψω</em></span> <span class='ocrx_word' id='word_1_953' title='bbox 2479 4837 2586 4890; x_wconf 87' lang='grc' dir='ltr'><em>τὸν</em></span> <span class='ocrx_word' id='word_1_954' title='bbox 2609 4836 2921 4903; x_wconf 79' lang='grc' dir='ltr'><em>ἄνθρωπον</em></span> <span class='ocrx_word' id='word_1_955' title='bbox 2947 4837 3020 4890; x_wconf 82' lang='grc' dir='ltr'><em>ὸν</em></span> <span class='ocrx_word' id='word_1_956' title='bbox 3031 4836 3288 4905; x_wconf 83' lang='grc' dir='ltr'><em>ἐποίησα</em></span> <span class='ocrx_word' id='word_1_957' title='bbox 3309 4839 3426 4893; x_wconf 84' lang='grc' dir='ltr'><em>ἀπὸ</em></span> <span class='ocrx_word' id='word_1_958' title='bbox 3451 4842 3776 4909; x_wconf 82' lang='grc' dir='ltr'><em>προσώπου</em></span> 
     </span>
    </p>
   </div>
   <div class='ocr_carea' id='block_1_117' title="bbox 2113 4922 3773 4997">
    <p class='ocr_par' dir='ltr' id='par_1_117' title="bbox 2113 4922 3773 4997">
     <span class='ocr_line' id='line_1_117' title="bbox 2113 4922 3773 4997; baseline 0.002 -18"><span class='ocrx_word' id='word_1_959' title='bbox 2113 4925 2224 4993; x_wconf 85' lang='grc' dir='ltr'><em>τῆς</em></span> <span class='ocrx_word' id='word_1_960' title='bbox 2247 4924 2374 4995; x_wconf 80' lang='grc' dir='ltr'><em>γῆς,</em></span> <span class='ocrx_word' id='word_1_961' title='bbox 2401 4923 2520 4979; x_wconf 84' lang='grc' dir='ltr'><em>ἀπὸ</em></span> <span class='ocrx_word' id='word_1_962' title='bbox 2543 4923 2857 4990; x_wconf 81' lang='grc' dir='ltr'><em>ἀνθρώπου</em></span> <span class='ocrx_word' id='word_1_963' title='bbox 2876 4922 2987 4988; x_wconf 78' lang='grc' dir='ltr'><em>ἕως</em></span> <span class='ocrx_word' id='word_1_964' title='bbox 3021 4924 3302 4990; x_wconf 78' lang='grc' dir='ltr'><em>κτήνους,</em></span> <span class='ocrx_word' id='word_1_965' title='bbox 3333 4928 3427 4980; x_wconf 84' lang='grc' dir='ltr'><em>καί</em></span> <span class='ocrx_word' id='word_1_966' title='bbox 3455 4928 3571 4980; x_wconf 83' lang='grc' dir='ltr'><em>ἀπὸ</em></span> <span class='ocrx_word' id='word_1_967' title='bbox 3599 4929 3773 4997; x_wconf 70' lang='grc' dir='ltr'><em>ἐρπευ</em></span> 
     </span>
    </p>
   </div>
   <div class='ocr_carea' id='block_1_118' title="bbox 2113 5009 3776 5083">
    <p class='ocr_par' dir='ltr' id='par_1_118' title="bbox 2113 5009 3776 5083">
     <span class='ocr_line' id='line_1_118' title="bbox 2113 5009 3776 5083; baseline 0.002 -16"><span class='ocrx_word' id='word_1_968' title='bbox 2113 5013 2232 5067; x_wconf 84' lang='grc' dir='ltr'><em>τῶν</em></span> <span class='ocrx_word' id='word_1_969' title='bbox 2257 5013 2368 5078; x_wconf 85' lang='grc' dir='ltr'><em>ἓως</em></span> <span class='ocrx_word' id='word_1_970' title='bbox 2389 5009 2677 5064; x_wconf 81' lang='grc' dir='ltr'><em>πετεινῶν</em></span> <span class='ocrx_word' id='word_1_971' title='bbox 2697 5010 2800 5065; x_wconf 86' lang='grc' dir='ltr'><em>τοῦ</em></span> <span class='ocrx_word' id='word_1_972' title='bbox 2817 5010 3100 5077; x_wconf 85' lang='grc' dir='ltr'><em>οὐρανοῦ,</em></span> <span class='ocrx_word' id='word_1_973' title='bbox 3131 5010 3220 5065; x_wconf 86' lang='grc' dir='ltr'><em>ὅτι</em></span> <span class='ocrx_word' id='word_1_974' title='bbox 3247 5013 3640 5083; x_wconf 79' lang='grc' dir='ltr'><em>ἐνεθυμήθην,</em></span> <span class='ocrx_word' id='word_1_975' title='bbox 3684 5018 3776 5072; x_wconf 87' lang='grc' dir='ltr'><em>ὄτι</em></span> 
     </span>
    </p>
   </div>
   <div class='ocr_carea' id='block_1_119' title="bbox 2110 5097 3770 5173">
    <p class='ocr_par' dir='ltr' id='par_1_119' title="bbox 2110 5097 3770 5173">
     <span class='ocr_line' id='line_1_119' title="bbox 2110 5097 3770 5173; baseline 0.002 -19"><span class='ocrx_word' id='word_1_976' title='bbox 2110 5101 2367 5168; x_wconf 84' lang='grc' dir='ltr'><em>ἐποίησα</em></span> <span class='ocrx_word' id='word_1_977' title='bbox 2395 5099 2634 5163; x_wconf 84' lang='grc' dir='ltr'><em>αὐτούς.</em></span> <span class='ocrx_word' id='word_1_978' title='bbox 2661 5097 2898 5167; x_wconf 77' lang='grc' dir='ltr'><em>Τά,παρ’</em></span> <span class='ocrx_word' id='word_1_979' title='bbox 2927 5097 3076 5170; x_wconf 70' lang='grc'>[201]</span> <span class='ocrx_word' id='word_1_980' title='bbox 3103 5099 3339 5170; x_wconf 84' lang='grc' dir='ltr'><em>ἐμαυτοῦ</em></span> <span class='ocrx_word' id='word_1_981' title='bbox 3369 5102 3565 5167; x_wconf 84' lang='grc' dir='ltr'><em>πάντα,</em></span> <span class='ocrx_word' id='word_1_982' title='bbox 3585 5105 3770 5173; x_wconf 69' lang='grc' dir='ltr'><em>φησιν,</em></span> 
     </span>
    </p>
   </div>
   <div class='ocr_carea' id='block_1_120' title="bbox 2111 5183 3775 5261">
    <p class='ocr_par' dir='ltr' id='par_1_120' title="bbox 2111 5183 3775 5261">
     <span class='ocr_line' id='line_1_120' title="bbox 2111 5183 3775 5261; baseline 0.002 -19"><span class='ocrx_word' id='word_1_983' title='bbox 2111 5187 2492 5258; x_wconf 81' lang='grc' dir='ltr'><em>ἐπεδειξάμην.</em></span> <span class='ocrx_word' id='word_1_984' title='bbox 2535 5186 2667 5239; x_wconf 84' lang='grc' dir='ltr'><em>Ἀπὸ</em></span> <span class='ocrx_word' id='word_1_985' title='bbox 2691 5184 2785 5239; x_wconf 83' lang='grc' dir='ltr'><em>τού</em></span> <span class='ocrx_word' id='word_1_986' title='bbox 2833 5187 2906 5256; x_wconf 82' lang='grc' dir='ltr'><em>μὴ</em></span> <span class='ocrx_word' id='word_1_987' title='bbox 2944 5185 3097 5249; x_wconf 73' lang='grc' dir='ltr'><em>ὄντος</em></span> <span class='ocrx_word' id='word_1_988' title='bbox 3140 5189 3220 5249; x_wconf 91' lang='grc' dir='ltr'><em>είς</em></span> <span class='ocrx_word' id='word_1_989' title='bbox 3252 5187 3313 5239; x_wconf 84' lang='lat'><em>16</em></span> <span class='ocrx_word' id='word_1_990' title='bbox 3345 5183 3485 5242; x_wconf 79' lang='grc' dir='ltr'><em>εἶναι</em></span> <span class='ocrx_word' id='word_1_991' title='bbox 3527 5193 3775 5261; x_wconf 87' lang='grc' dir='ltr'><em>παρήγα-</em></span> 
     </span>
    </p>
   </div>
   <div class='ocr_carea' id='block_1_121' title="bbox 2111 5272 3774 5348">
    <p class='ocr_par' dir='ltr' id='par_1_121' title="bbox 2111 5272 3774 5348">
     <span class='ocr_line' id='line_1_121' title="bbox 2111 5272 3774 5348; baseline 0.002 -19"><span class='ocrx_word' id='word_1_992' title='bbox 2111 5293 2228 5345; x_wconf 87' lang='grc' dir='ltr'><em>γον,</em></span> <span class='ocrx_word' id='word_1_993' title='bbox 2260 5274 2358 5346; x_wconf 81' lang='grc' dir='ltr'><em>τὴν</em></span> <span class='ocrx_word' id='word_1_994' title='bbox 2385 5273 2586 5342; x_wconf 88' lang='grc' dir='ltr'><em>γνῶσιν</em></span> <span class='ocrx_word' id='word_1_995' title='bbox 2632 5272 2742 5326; x_wconf 89' lang='grc' dir='ltr'><em>τῶν</em></span> <span class='ocrx_word' id='word_1_996' title='bbox 2775 5275 3065 5343; x_wconf 88' lang='grc' dir='ltr'><em>πρακτέων</em></span> <span class='ocrx_word' id='word_1_997' title='bbox 3094 5274 3187 5326; x_wconf 80' lang='grc' dir='ltr'><em>καὶ</em></span> <span class='ocrx_word' id='word_1_998' title='bbox 3215 5274 3324 5327; x_wconf 91' lang='grc' dir='ltr'><em>τῶν</em></span> <span class='ocrx_word' id='word_1_999' title='bbox 3358 5277 3432 5346; x_wconf 85' lang='grc' dir='ltr'><em>μὴ</em></span> <span class='ocrx_word' id='word_1_1000' title='bbox 3484 5278 3774 5348; x_wconf 88' lang='grc' dir='ltr'><em>πρακτέων</em></span> 
     </span>
    </p>
   </div>
   <div class='ocr_carea' id='block_1_122' title="bbox 2111 5360 3774 5437">
    <p class='ocr_par' dir='ltr' id='par_1_122' title="bbox 2111 5360 3774 5437">
     <span class='ocr_line' id='line_1_122' title="bbox 2111 5360 3774 5437; baseline -0.001 -17"><span class='ocrx_word' id='word_1_1001' title='bbox 2111 5364 2344 5432; x_wconf 69' lang='grc' dir='ltr'><em>ἐνέθηκα</em></span> <span class='ocrx_word' id='word_1_1002' title='bbox 2369 5365 2438 5434; x_wconf 79' lang='grc' dir='ltr'><em>τῇ</em></span> <span class='ocrx_word' id='word_1_1003' title='bbox 2475 5361 2656 5430; x_wconf 80' lang='grc' dir='ltr'><em>φύσει,</em></span> <span class='ocrx_word' id='word_1_1004' title='bbox 2682 5361 2742 5413; x_wconf 82' lang='grc' dir='ltr'><em>τὸ</em></span> <span class='ocrx_word' id='word_1_1005' title='bbox 2784 5360 3126 5424; x_wconf 81' lang='grc' dir='ltr'><em>αὐτεξούσιον</em></span> <span class='ocrx_word' id='word_1_1006' title='bbox 3166 5361 3550 5434; x_wconf 83' lang='grc' dir='ltr'><em>ἐδωρησάμην,</em></span> <span class='ocrx_word' id='word_1_1007' title='bbox 3578 5366 3774 5437; x_wconf 78' lang='grc' dir='ltr'><em>ἀφάτῳ</em></span> 
     </span>
    </p>
   </div>
   <div class='ocr_carea' id='block_1_123' title="bbox 2111 5447 3774 5523">
    <p class='ocr_par' dir='ltr' id='par_1_123' title="bbox 2111 5447 3774 5523">
     <span class='ocr_line' id='line_1_123' title="bbox 2111 5447 3774 5523; baseline 0.002 -20"><span class='ocrx_word' id='word_1_1008' title='bbox 2111 5454 2177 5522; x_wconf 76' lang='grc' dir='ltr'><em>τῇ</em></span> <span class='ocrx_word' id='word_1_1009' title='bbox 2213 5449 2561 5521; x_wconf 85' lang='grc' dir='ltr'><em>μακροθυμίᾳ</em></span> <span class='ocrx_word' id='word_1_1010' title='bbox 2586 5447 2925 5519; x_wconf 85' lang='grc' dir='ltr'><em>ἐχρησάμην,</em></span> <span class='ocrx_word' id='word_1_1011' title='bbox 2961 5448 3053 5500; x_wconf 72' lang='grc' dir='ltr'><em>καὶ</em></span> <span class='ocrx_word' id='word_1_1012' title='bbox 3083 5448 3224 5518; x_wconf 89' lang='grc' dir='ltr'><em>μετά</em></span> <span class='ocrx_word' id='word_1_1013' title='bbox 3252 5449 3344 5502; x_wconf 85' lang='grc' dir='ltr'><em>τὸν</em></span> <span class='ocrx_word' id='word_1_1014' title='bbox 3395 5451 3560 5504; x_wconf 84' lang='grc' dir='ltr'><em>πολὺν</em></span> <span class='ocrx_word' id='word_1_1015' title='bbox 3584 5454 3774 5523; x_wconf 88' lang='grc' dir='ltr'><em>χρόνον</em></span> 
     </span>
    </p>
   </div>
   <div class='ocr_carea' id='block_1_124' title="bbox 2111 5533 3772 5611">
    <p class='ocr_par' dir='ltr' id='par_1_124' title="bbox 2111 5533 3772 5611">
     <span class='ocr_line' id='line_1_124' title="bbox 2111 5533 3772 5611; baseline 0.001 -21"><span class='ocrx_word' id='word_1_1016' title='bbox 2111 5539 2338 5602; x_wconf 71' lang='grc' dir='ltr'><em>ἐκεῖνον,</em></span> <span class='ocrx_word' id='word_1_1017' title='bbox 2394 5535 2488 5588; x_wconf 81' lang='grc' dir='ltr'><em>καὶ</em></span> <span class='ocrx_word' id='word_1_1018' title='bbox 2540 5533 2638 5604; x_wconf 80' lang='grc' dir='ltr'><em>τήν</em></span> <span class='ocrx_word' id='word_1_1019' title='bbox 2691 5533 3064 5603; x_wconf 87' lang='grc' dir='ltr'><em>ἀγανάκτησιν</em></span> <span class='ocrx_word' id='word_1_1020' title='bbox 3086 5573 3106 5598; x_wconf 74' lang='grc'><em>,,</em></span> <span class='ocrx_word' id='word_1_1021' title='bbox 3145 5534 3239 5588; x_wconf 79' lang='grc' dir='ltr'><em>καὶ</em></span> <span class='ocrx_word' id='word_1_1022' title='bbox 3265 5535 3371 5606; x_wconf 81' lang='grc' dir='ltr'><em>’τήν</em></span> <span class='ocrx_word' id='word_1_1023' title='bbox 3415 5536 3664 5608; x_wconf 77' lang='grc' dir='ltr'><em>ἀπειλήν,</em></span> <span class='ocrx_word' id='word_1_1024' title='bbox 3705 5539 3772 5611; x_wconf 80' lang='grc' dir='ltr'><em>ἢν</em></span> 
     </span>
    </p>
   </div>
   <div class='ocr_carea' id='block_1_125' title="bbox 2112 5619 3773 5695">
    <p class='ocr_par' dir='ltr' id='par_1_125' title="bbox 2112 5619 3773 5695">
     <span class='ocr_line' id='line_1_125' title="bbox 2112 5619 3773 5695; baseline -0.003 -17"><span class='ocrx_word' id='word_1_1025' title='bbox 2112 5621 2284 5685; x_wconf 84' lang='grc' dir='ltr'><em>εἷπον,</em></span> <span class='ocrx_word' id='word_1_1026' title='bbox 2305 5623 2398 5677; x_wconf 74' lang='grc' dir='ltr'><em>καὶ</em></span> <span class='ocrx_word' id='word_1_1027' title='bbox 2415 5621 2604 5690; x_wconf 78' lang='grc' dir='ltr'><em>ἑτέραν</em></span> <span class='ocrx_word' id='word_1_1028' title='bbox 2638 5619 2974 5693; x_wconf 89' lang='grc' dir='ltr'><em>προθεσμίαν</em></span> <span class='ocrx_word' id='word_1_1029' title='bbox 2991 5619 3186 5692; x_wconf 83' lang='grc' dir='ltr'><em>ὥρισα,</em></span> <span class='ocrx_word' id='word_1_1030' title='bbox 3223 5621 3546 5695; x_wconf 86' lang='grc' dir='ltr'><em>βουλόμενος</em></span> <span class='ocrx_word' id='word_1_1031' title='bbox 3575 5625 3773 5691; x_wconf 77' lang='grc' dir='ltr'><em>αὐτοὺς</em></span> 
     </span>
    </p>
   </div>
   <div class='ocr_carea' id='block_1_126' title="bbox 2171 5864 2916 5927">
    <p class='ocr_par' dir='ltr' id='par_1_126' title="bbox 2171 5864 2916 5927">
     <span class='ocr_line' id='line_1_126' title="bbox 2171 5864 2916 5927; baseline -0.004 -11"><span class='ocrx_word' id='word_1_1032' title='bbox 2171 5866 2201 5916; x_wconf 88' lang='lat' dir='ltr'><strong>b</strong></span> <span class='ocrx_word' id='word_1_1033' title='bbox 2227 5864 2444 5927; x_wconf 74' lang='lat' dir='ltr'><em>Quatuor</em></span> <span class='ocrx_word' id='word_1_1034' title='bbox 2486 5879 2596 5916; x_wconf 81' lang='lat' dir='ltr'><em>mss.</em></span> <span class='ocrx_word' id='word_1_1035' title='bbox 2633 5871 2723 5922; x_wconf 78' lang='grc' dir='ltr'><em>πᾶς</em></span> <span class='ocrx_word' id='word_1_1036' title='bbox 2767 5866 2916 5922; x_wconf 77' lang='grc' dir='ltr'><em>ὅστις.</em></span> 
     </span>
    </p>
   </div>
  </div>
