4116 6196
451 327 553 382 193

445 447 568 514 quia
596 444 760 498 etiam
779 442 856 498 sic
881 440 1012 496 nihil
1043 438 1335 507 lucrifacio,
1367 454 1464 495 nec
1491 438 1728 510 proficio,
1771 438 1912 508 cogit
1939 451 2033 492 ne-

445 537 670 588 cchitas
699 544 756 587 ut
783 533 956 586 minas
985 546 1147 602 opere
1169 530 1488 600 compleam,
1515 540 1570 585 et
1593 530 1840 585 omnibus
1860 528 2032 584 modis

447 624 615 680 deleri
641 624 763 679 illos
783 640 993 689 curem,
1025 638 1087 678 ac
1111 623 1249 677 sicut
1288 623 1483 676 malum
1509 622 1773 692 quoddam
1803 621 2033 676 fermen-

447 734 560 779 tum
598 719 842 774 aboleam
895 713 1064 770 totum
1112 714 1321 770 illorum
1365 729 1553 784 genus,
1592 723 1746 768 utne
1777 714 2034 782 posterio-

448 815 595 868 ribus
621 807 1056 882 generationibus
1084 806 1336 877 pcccaudi
1362 805 1608 862 doctores
1633 804 1781 859 ﬁant.
1812 803 1878 857 li:
1905 805 2033 858 dixit

448 906 699 960 Dominus
742 903 880 957 Deus
915 917 935 955 :
967 900 1156 956 Delebo
1196 899 1449 954 hominem
1491 914 1638 968 quem
1687 898 1787 968 feci
1838 913 1870 949 a
1905 897 2034 963 facie

446 1005 615 1060 terra,
663 993 726 1048 ab
773 995 975 1048 homine
1017 1007 1173 1062 usque
1217 992 1285 1045 ad
1327 1005 1497 1060 pecus.
1529 987 1646 1044 lam
1675 987 1813 1042 forte
1838 987 2033 1042 dixerit

445 1087 674 1158 aliquis:
701 1088 875 1156 Quare
898 1100 1019 1140 cum
1043 1083 1203 1139 homo
1234 1086 1284 1138 in
1313 1084 1507 1138 malum
1537 1084 1841 1152 declinavit,
1871 1086 2032 1141 etiam

443 1177 596 1234 bruta
642 1177 884 1233 eamdem
931 1191 1143 1247 poenam
1174 1177 1477 1232 sustinent?
1504 1175 1693 1230 Merito
1720 1191 1869 1232 sane.
1895 1176 2030 1232 Num

447 1279 667 1340 propter
709 1285 864 1326 suum
910 1271 1144 1339 ipsorum
1189 1285 1342 1324 usmn
1387 1269 1643 1340 producta
1693 1276 1820 1323 sunt
1849 1268 2033 1324 bruta?

447 1360 671 1431 Propter
697 1362 964 1417 hominem
984 1360 1120 1416 facta
1148 1371 1268 1415 sunt
1288 1360 1401 1430 (a).
1420 1359 1548 1413 Cum
1576 1358 1661 1413 hic
1687 1359 1844 1424 igitur
1866 1375 1897 1415 e
1923 1375 2036 1414 tne-

444 1453 538 1508 dio
586 1455 878 1522 auferatur,
924 1455 1045 1525 quis
1091 1455 1302 1509 illorum
1343 1467 1472 1508 usus
1512 1453 1690 1507 esset?
1739 1453 1940 1508 idcirco
1980 1463 2036 1509 et

447 1545 604 1600 istam
659 1561 869 1614 pinnam
921 1561 1260 1602 communem
1310 1545 1506 1608 ferunt.
1557 1557 1608 1600 ut
1660 1546 2034 1616 indignationis

444 1638 757 1707 gravitatem
798 1638 1102 1694 addiscatis.
1138 1639 1206 1694 Et
1232 1638 1370 1694 sicut
1394 1637 1462 1692 ab
1495 1637 1649 1692 initio
1672 1653 1792 1693 cum
1833 1639 2038 1708 primus

447 1730 608 1786 homo
635 1740 929 1801 peccasset,
961 1740 1100 1787 terra
1130 1730 1561 1786 maledictionem
1590 1731 1797 1800 accepit
1828 1748 1843 1785 :
1873 1730 1952 1786 sic
1981 1740 2035 1786 et

445 1837 586 1878 nunc
611 1837 731 1878 cum
776 1822 1071 1877 aholendus
1100 1832 1243 1878 esset
1271 1821 1454 1882 homo,
1498 1821 1651 1876 bru'a
1679 1835 1891 1890 quoque
1917 1821 2030 1877 cla—

443 1915 528 1971 dis
551 1917 695 1972 socia
727 1918 876 1972 liunt.
905 1915 1364 1983 Quemadmodum
1390 1915 1532 1971 enim
1571 1928 1695 1970 cum
1721 1912 1882 1968 homo
1907 1928 2031 1982 gra-

449 2014 535 2060 tus
562 2005 619 2060 lit
648 2006 781 2071 Deo,
810 2010 1050 2062 creatura
1099 2021 1309 2076 quoque
1348 2005 1594 2060 humanae
1621 2004 1889 2058 felicitatis
1914 2020 2034 2074 par-

448 2096 618 2165 ticeps
657 2105 760 2160 est,
809 2097 948 2152 sicut
989 2097 1173 2153 beatus
1203 2097 1395 2152 Paulus
1441 2097 1648 2172 inquit:
1686 2095 1818 2162 Quia
1849 2108 1894 2150 et
1922 2099 2033 2165 ipsa

446 2197 680 2242 creature
707 2187 996 2242 liberabitur
1035 2205 1067 2242 a
1097 2189 1332 2244 seruitute
1367 2189 1702 2259 corruptionis
1742 2189 1794 2242 in
1824 2188 2030 2244 liberta-

447 2288 547 2333 tein
589 2279 814 2348 ﬁliorum
856 2279 1037 2349 gloria:
1077 2278 1174 2335 Dei
1218 2280 1391 2350 (Rom.
1419 2281 1474 2338 8.
1504 2280 1633 2350 2i):
1660 2280 1739 2338 sic
1786 2289 1842 2336 et
1890 2295 2032 2336 nunc

443 2383 564 2423 cum
593 2368 756 2425 homo
777 2366 849 2424 ob
871 2369 1261 2426 multitudinem
1281 2378 1616 2440 peccatorum
1641 2369 1959 2441 puniendus,
1977 2377 2033 2426 et

445 2459 731 2515 universali
748 2460 1027 2530 perditioni
1042 2461 1329 2518 tradendus
1352 2471 1514 2530 esset,
1527 2463 1688 2518 etiam
1695 2461 1959 2533 jumenta,
1976 2471 2033 2520 et

444 2550 675 2618 reptilia,
691 2560 746 2606 et
765 2552 993 2610 volatilia
1015 2553 1130 2608 caeli
1146 2553 1303 2609 simul
1322 2563 1546 2623 pereunt
1561 2554 1778 2621 diluvio,
1796 2553 1936 2625 quod
1952 2564 2035 2610 to-

446 2650 557 2694 tum
583 2642 768 2697 orbem
786 2642 1094 2698 invasurum
1121 2653 1259 2700 erat.
1283 2645 1350 2701 Et
1369 2649 1506 2701 sicut
1530 2645 1585 2701 ia
1605 2645 1788 2714 domo,
1814 2644 2032 2718 quando

445 2732 492 2788 is
514 2733 605 2803 qui
633 2743 825 2802 pmest
854 2737 908 2791 in
955 2735 1370 2806 indignationem
1394 2739 1596 2792 domini
1618 2739 1826 2802 incidit,
1855 2739 2032 2795 solent

443 2826 796 2881 comministri
841 2842 1032 2883 omnes
1073 2829 1124 2884 ei
1151 2827 1438 2884 condolere
1463 2846 1474 2883 :
1506 2830 1576 2883 ita
1598 2839 1652 2884 et
1681 2829 1768 2885 hic
1795 2829 1945 2899 quasi
1976 2830 2029 2885 in

443 2916 605 2971 domo
649 2917 955 2986 hominibus
987 2918 1352 2988 pereuntibus,
1397 2921 1575 2974 omnia
1619 2935 1738 2990 qua:
1767 2921 1819 2975 in
1849 2921 2026 2986 domo,

443 3019 499 3064 et
552 3025 672 3079 quae
721 3009 822 3066 sub
870 3011 1015 3066 illius
1063 3021 1216 3066 erant
1266 3011 1526 3077 dominio,
1580 3028 1800 3070 necesse
1849 3013 2030 3069 fuitin

443 3099 688 3156 eamdem
718 3116 927 3170 [mnam
961 3101 1214 3157 incidant.
1244 3102 1312 3156 Et
1339 3119 1535 3158 mecum
1567 3106 1813 3172 reputavi,
1838 3106 2026 3176 inquit,

443 3191 579 3258 quod
610 3192 812 3262 [etaim
853 3193 990 3248 illos.
1046 3192 1223 3249 Verbo
1266 3192 1369 3248 hoc
1408 3204 1664 3264 quantum
1710 3211 1770 3252 se
1834 3205 2031 3252 nostra:

446 3283 732 3339 humilitati
774 3284 1131 3354 attemperat?
1169 3284 1308 3340 Nunt
1352 3286 1616 3349 volebam,
1663 3287 1852 3356 inquit,
1885 3295 2030 3342 tanta

444 3374 562 3428 illos
587 3389 744 3445 paena
772 3375 966 3444 plecti?
1005 3374 1108 3444 ipsi
1138 3390 1224 3430 me
1247 3386 1586 3445 peccatorum
1623 3376 1950 3432 immanitate
1978 3378 2032 3432 in

444 3477 647 3522 tantam
694 3468 1008 3521 invexerunt
1055 3466 1494 3535 indignationem.
1543 3464 1807 3522 Caeterum
1833 3483 1901 3522 ne
1930 3483 2030 3537 pu-

447 3569 621 3614 temus
643 3557 1005 3612 omnimodam
1030 3557 1371 3613 abolitionem
1401 3557 1616 3613 humani
1658 3560 1868 3628 generis
1893 3559 2028 3627 ﬁeri,

449 3651 805 3720 radicitusque
831 3661 1072 3707 naturam
1099 3661 1336 3706 nostram
1365 3651 1741 3707 eradicandam
1770 3671 1784 3708 :
1825 3653 1921 3710 sed
1945 3654 2031 3709 di-

447 3757 658 3798 scamus
701 3752 955 3813 quantum
999 3743 1198 3797 malum
1253 3744 1322 3798 sit
1363 3753 1661 3815 peccatum,
1695 3755 1752 3801 et
1778 3757 2031 3816 quantum

449 3834 646 3889 bonum
667 3835 834 3890 virtus
863 3852 877 3888 :
905 3844 962 3890 et
985 3834 1126 3904 quod
1152 3834 1338 3889 melior
1361 3836 1432 3890 sit
1455 3850 1592 3890 unus
1616 3836 1816 3894 faciens
1839 3838 2031 3892 volun-

448 3934 609 3979 tatem
657 3925 884 3992 Domini,
927 3940 1086 3995 quam
1127 3925 1313 3980 decem
1351 3927 1518 3981 millia
1563 3929 2030 3998 praevaricatorem

452 4013 636 4085 (Eccli.
664 4017 754 4071 i6.
775 4017 850 4086 3),
879 4017 1006 4071 dicit
1040 4034 1056 4070 :
1086 4015 1141 4073 8.
1173 4015 1289 4072 Noe
1311 4028 1476 4072 autem
1504 4019 1690 4075 invenit
1708 4021 1922 4091 gratiam
1942 4038 2031 4076 co-

445 4123 557 4159 ram
589 4106 802 4161 Domino
831 4105 957 4165 Deo.
988 4106 1222 4162 Tametsi
1265 4109 1550 4164 multitudo
1591 4113 1796 4175 omnis,
1839 4111 2028 4182 inquit,

447 4201 499 4253 in
531 4208 729 4254 tantam
761 4201 1015 4255 malitiam
1046 4201 1312 4268 inciderit,
1355 4203 1530 4270 justus
1559 4212 1738 4258 tamen
1771 4204 1857 4260 hic
1886 4207 2030 4260 scin-

445 4295 611 4348 tillatn
638 4294 847 4349 virtutis
875 4296 1140 4362 servavit,
1176 4295 1302 4350 duttt
1334 4295 1414 4352 his
1443 4297 1691 4350 omnibus
1720 4299 1863 4352 omni
1891 4305 2028 4354 tem-

445 4401 574 4454 pore
623 4385 876 4456 loquitur,
924 4395 980 4440 et
1004 4385 1131 4439 dum
1160 4385 1475 4440 adhortatur
1503 4395 1560 4441 ut
1587 4402 1614 4439 a
1643 4387 1842 4442 malitia
1885 4387 2031 4444 desi-

444 4485 610 4540 stant,
635 4476 796 4532 simul
821 4493 882 4532 se
904 4477 1112 4531 interim
1144 4477 1370 4533 liberum
1394 4478 1462 4536 ab
1489 4478 1697 4535 illorum
1731 4480 1816 4537 lue
1842 4496 2030 4538 serva-

447 4567 536 4622 vit.
561 4567 783 4638 insuper
804 4568 943 4623 sicut
964 4568 1038 4624 illi
1064 4568 1216 4622 malis
1240 4569 1490 4638 operibus
1516 4571 1832 4628 clementem
1860 4573 2028 4628 Deum

444 4658 511 4713 ad
557 4659 972 4732 indignationem
1018 4673 1434 4731 provocaverant
1478 4681 1492 4718 :
1542 4669 1620 4719 sic
1667 4665 1800 4735 ipse,
1834 4667 2029 4721 virtute

448 4749 675 4819 pollens,
712 4751 940 4806 Gratiam
983 4753 1168 4807 invenit
1195 4770 1364 4808 coram
1407 4754 1626 4810 Domino
1655 4755 1780 4815 Deo.
1810 4755 1930 4810 Non
1959 4767 2030 4810 est

447 4838 589 4892 enim
622 4857 946 4909 personarum
971 4853 1206 4913 acceptor
1231 4843 1363 4900 Deus
1386 4845 1522 4916 (Act.
1557 4846 1644 4901 10.
1677 4846 1787 4917 51).
1832 4845 2026 4901 Verum

445 4936 499 4982 et
542 4928 588 4983 si
640 4929 692 4983 itt
739 4941 880 4986 tanta
923 4933 1262 4989 multitudine
1291 4936 1524 4990 inveniat
1566 4935 1834 4991 hominem
1866 4953 2026 4990 unum

445 5034 566 5088 qua:
608 5021 707 5075 sibi
748 5023 934 5092 placita
960 5034 1084 5079 sunt
1127 5024 1436 5091 facientem,
1481 5041 1585 5080 non
1635 5027 1902 5096 despicit:
1933 5028 2027 5082 sed

446 5125 540 5164 sua
570 5111 719 5166 illum
749 5113 997 5184 dignatur
1025 5131 1174 5183 cura,
1215 5125 1270 5172 et
1309 5127 1456 5172 tanto
1483 5117 1737 5186 majorem
1770 5118 1912 5172 illius
1944 5135 2027 5173 ra-

446 5202 644 5257 tionem
693 5204 873 5270 habet,
917 5217 1137 5275 quanto,
1183 5223 1303 5262 cum
1337 5217 1414 5262 tot
1452 5208 1688 5278 tantique
1714 5219 1815 5262 smt
1845 5211 1930 5280 qui
1959 5211 2024 5264 ad

442 5293 641 5346 malum
690 5311 810 5349 ctuti
851 5296 1086 5362 trahunt,
1133 5297 1246 5368 ipse
1287 5300 1616 5355 constantius
1650 5303 1858 5355 viitntis
1888 5304 2022 5356 viain

440 5397 672 5441 5012131115
701 5400 804 5446 est.

438 5605 574 5715 03a)
615 5612 745 5656 Itane
782 5609 1042 5658 lectionem
1078 5611 1430 5674 amplectimur,
1467 5611 1582 5661 licet
1621 5613 1668 5661 in
1705 5624 1803 5660 uno
1838 5621 2023 5666 tantum

530 5670 604 5715 ιω
627 5677 925 5715 oomnareat.
975 5670 1029 5715 lu
1053 5670 1160 5715 aliis
1181 5673 1380 5715 det-rant
1407 5673 1484 5715 ha:
1512 5686 1655 5715 mens
1697 5673 1866 5715 merita
1886 5689 2017 5715 unm-

530 5670 604 5716 ιω
627 5677 925 5734 compareat.
975 5670 1029 5720 in
1053 5670 1383 5722 aliis'decrant
1407 5673 1484 5719 hx
1512 5686 1671 5728 voces.
1697 5673 1866 5726 trcrilo
1886 5689 2020 5739 sane,

439 5739 717 5803 (Eixémc),
739 5747 793 5792 et
813 5755 981 5791 manca
1005 5740 1256 5790 sententia
1281 5739 1563 5792 videbatur.

1350 321 1416 378 IN
1453 321 1607 378 CAP.
1648 319 1712 375 Υ.
1753 317 1839 374 ΕΤ
1879 315 1968 372 \‘l.
2009 314 2264 373 GENES-
2301 319 2524 376 ilOMlL
2570 323 2714 379 XXII

3613 337 3716 394 191

2222 435 2274 490 6.
2315 434 2522 490 Moralis
2565 439 2865 505 exhortatio,
2916 444 3180 498 avaritiam
3207 445 3260 498 in
3305 447 3513 502 decursu
3557 454 3716 508 horta-

2142 527 2290 580 tionis
2319 529 2580 599 pro/ligat.
2609 557 2681 568 —
2709 530 2760 583 Id
2791 531 3038 599 scientes,
3066 535 3131 588 ad
3157 534 3209 590 id
3235 552 3394 591 unum
3419 553 3722 608 spectemus

2139 617 2278 685 quod
2303 617 2397 687 ipsi
2427 618 2617 686 placet,
2641 630 2695 674 et
2719 621 2880 676 eflicit
2912 633 2966 676 ut
2987 623 3151 692 ipsius
3169 627 3390 695 gratiam
3414 629 3567 686 nobis
3586 645 3726 688 con-

2139 707 2377 762 cilictnus
2405 726 2418 761 :
2453 725 2622 780 neque
2644 711 2913 766 hominum
2943 715 3210 782 amicitiae,
3236 734 3406 788 neque
3437 733 3729 784 consuetu-

2139 795 2245 850 dini
2275 798 2343 851 ita
2380 798 2696 867 serviamus,
2730 810 2787 857 ut
2818 803 3025 859 virtutis
3050 806 3298 863 faciamus
3316 809 3598 878 jacturam,
3624 818 3722 875 sed

2143 886 2234 942 Dei
2289 889 2588 957 tolerantia,
2623 904 2777 962 prout
2817 895 2991 962 decet,
3025 906 3272 952 utamur:
3303 909 3358 954 et
3390 901 3516 957 dum
3546 904 3726 963 adhuc

2140 986 2346 1050 tempus
2387 981 2662 1050 habemus,
2695 1001 2905 1042 omnem
2937 987 3265 1059 deponcntes
3293 991 3574 1062 ignaviam,
3609 997 3722 1054 vir-

2142 1080 2303 1126 tutem
2349 1089 2608 1140 amemus,
2660 1090 3041 1150 peccatumque
3084 1083 3208 1138 odio
3252 1083 3560 1145 habeamus.
3607 1089 3724 1146 Nisi

2138 1164 2281 1217 enim
2307 1174 2362 1219 et
2380 1166 2445 1220 ad
2474 1168 2626 1223 istam
2648 1185 2830 1227 amore
2854 1183 2908 1228 et
2925 1173 3190 1230 desiderio
3209 1176 3438 1247 quodam
3459 1179 3720 1238 immenso

2139 1267 2236 1307 nos
2264 1256 2664 1325 contulerimus,
2713 1269 2768 1315 et
2793 1263 3075 1333 nequitiam
3105 1266 3258 1322 valde
3284 1267 3554 1325 oderimus
3584 1287 3599 1324 :
3626 1287 3722 1326 ne-

2139 1359 2243 1412 que
2269 1345 2425 1415 hujus
2454 1348 2702 1405 damnum
2730 1353 2984 1426 ellugere,
3037 1373 3210 1428 neque
3257 1359 3400 1415 illam
3430 1363 3719 1434 amplexari

2141 1435 2448 1501 poterimus.
2478 1437 2628 1505 Quod
2657 1442 2796 1496 enim
2826 1444 2992 1498 virtus
3016 1460 3149 1516 opus
3181 1447 3373 1504 habeat
3395 1448 3458 1505 iis
3485 1453 3574 1522 qui
3600 1469 3718 1509 eam

2140 1527 2544 1593 concupiscunt.
2578 1539 2630 1584 et
2657 1531 2770 1601 ejus
2801 1534 3063 1590 desiderio
3105 1538 3476 1609 exardescunt,
3524 1545 3591 1598 de
3621 1545 3722 1600 hac

2139 1615 2452 1683 prophetam
2501 1619 2625 1673 andi
2691 1623 2953 1679 dicentem
2989 1625 3239 1684 :Judicia
3292 1629 3498 1687 Domini
3563 1651 3720 1703 uera,

2128 1704 2413 1773 justiﬁcata
2460 1709 2511 1762 in
2557 1710 2810 1781 idipsum,
2861 1715 3213 1772 desiderabilia
3258 1737 3409 1791 super
3449 1740 3630 1778 aurum
3675 1737 3722 1780 et

2136 1796 2360 1868 lapidem
2398 1803 2670 1870 pretiosum
2697 1807 2906 1860 multum
2945 1807 3116 1878 (Paul.
3152 1811 3237 1868 18.
3269 1813 3358 1883 10)
3390 1831 3404 1868 :
3446 1831 3551 1870 non
3579 1819 3720 1888 quod

2138 1905 2242 1947 non
2275 1892 2443 1962 magis
2469 1894 2863 1963 desiderabilia,
2894 1900 2989 1956 sed
3018 1903 3142 1972 quia
3182 1905 3321 1977 apud
3361 1923 3460 1962 nos
3502 1925 3606 1964 non
3635 1912 3720 1966 iu-

2136 1985 2419 2042 veniuntur
2446 1988 2567 2052 alia,
2614 2005 2735 2059 qua:
2790 1991 2870 2046 his
2927 1995 3162 2050 materiis
3207 1997 3314 2052 sint
3361 2001 3717 2067 pretiosiora:

2141 2084 2417 2145 propterea
2466 2079 2641 2134 subdit
2676 2098 2688 2135 :
2721 2080 2788 2136 Et
2815 2082 3043 2138 dulciora
3065 2101 3218 2157 super
3242 2090 3339 2144 mel
3366 2100 3412 2144 et
3439 2096 3626 2162 favum.
3659 2095 3722 2148 Et

2137 2167 2224 2223 hic
2248 2183 2457 2240 quoque
2487 2171 2609 2241 quia
2651 2189 2754 2228 non
2809 2175 3010 2233 invenit
3034 2179 3175 2248 quod
3207 2193 3392 2238 natura
3423 2187 3579 2242 melle
3602 2188 3722 2242 dnt-

2136 2256 2249 2311 cius
2275 2267 2454 2325 esset,
2486 2260 2581 2314 hac
2611 2262 2956 2321 similitudine
2986 2283 3112 2324 usus
3162 2279 3264 2327 est.
3319 2272 3480 2342 Igitur
3521 2278 3656 2330 sicut
3687 2278 3722 2332 ii

2135 2346 2224 2418 qui
2247 2349 2300 2402 in
2324 2348 2530 2420 Lopibus
2557 2351 2868 2423 colligendis
2893 2353 3164 2415 insaniunt
3205 2360 3470 2419 desiderio
3496 2374 3551 2419 et
3590 2381 3722 2421 con-

2137 2436 2462 2505 cupiscentia
2489 2439 2738 2509 quadam,
2770 2443 2822 2498 in
2852 2443 2956 2499 hoc
2985 2447 3296 2504 incumbunt
3325 2468 3516 2523 magno
3549 2457 3724 2512 studio

2138 2539 2193 2582 et
2219 2537 2437 2596 conatu,
2461 2541 2514 2585 et
2543 2547 2829 2604 numquam
2854 2535 3137 2606 explentur
3179 2557 3191 2592 :
3221 2544 3439 2599 aiaritia
3465 2547 3605 2600 enim
3638 2548 3721 2602 itt-

2138 2618 2396 2674 satiabilis
2440 2627 2522 2675 εει
2569 2620 2924 2681 ebrietaszet
2969 2627 3106 2682 sicut
3154 2631 3308 2697 ebrii,
3355 2644 3552 2703 quanto
3604 2638 3724 2708 plus

2138 2709 2263 2762 vino
2287 2722 2348 2764 se
2395 2707 2737 2780 ingurgitent,
2770 2723 2916 2770 tanto
2941 2717 3108 2788 magis
3133 2719 3200 2774 ad
3225 2721 3367 2780 sitim
3394 2707 3726 2784 inﬂamman-

2138 2806 2263 2854 tur:
2294 2801 2374 2856 sic
2423 2811 2480 2857 et
2532 2793 2615 2858 isti
2661 2821 2872 2878 quoque
2923 2808 3179 2864 insaniam
3232 2813 3370 2869 banc
3416 2817 3719 2874 indomitam

2136 2906 2425 2962 numquam
2449 2893 2638 2950 sistere
2662 2906 2904 2966 possunt,
2927 2900 3022 2955 sed
3045 2913 3245 2970 quanto
3269 2906 3435 2975 magis
3458 2922 3582 2964 suas
3597 2925 3724 2982 Opes

2136 2981 2319 3052 augeri
2348 2983 2544 3051 vident,
2570 2993 2718 3041 tanto
2742 3001 2795 3042 et
2820 2991 3249 3060 concupiscentia
3274 2997 3442 3066 magis
3468 2981 3682 3068 ﬂagrant
3706 3017 3721 3055 :

2135 3088 2310 3145 neque
2334 3085 2489 3131 antea
2517 3091 2546 3130 a
2575 3077 2809 3148 pessimo
2835 3083 3074 3152 appetitu
3115 3085 3217 3140 hoc
3244 3085 3527 3157 absistunt,
3558 3091 3725 3148 donec

2139 3167 2192 3218 in
2236 3164 2408 3234 ipsum
2449 3167 2664 3221 malitia:
2713 3169 3029 3238 profundum
3061 3173 3455 3234 descenderint.
3482 3179 3646 3250 igitur
3678 3183 3724 3238 si

2136 3255 2211 3311 illi
2243 3257 2596 3327 perniciosam
2626 3258 2764 3316 hanc
2805 3264 3287 3331 concupiscentiam
3315 3269 3571 3328 malorum
3610 3289 3727 3329 om—

2136 3347 2282 3401 nium
2332 3362 2546 3404 causam
2576 3364 2698 3405 cum
2746 3361 2886 3406 tanta
2926 3357 3271 3413 contentione
3297 3369 3484 3414 curant
3515 3379 3529 3414 :
3559 3365 3726 3420 multo

2132 3435 2325 3506 justius
2339 3447 2422 3491 est
2441 3452 2538 3493 nos
2545 3437 2743 3508 judicia
2766 3440 2995 3510 Domini,
3011 3459 3129 3514 qua:
3145 3461 3501 3516 superaurtnn
3517 3461 3641 3506 sunt
3664 3463 3719 3508 et

2137 3527 2365 3600 lapidem
2394 3529 2684 3600 pretiosum
2727 3532 3297 3604 multum,semperin
3339 3551 3517 3594 mente
3543 3553 3721 3597 nostra

2138 3634 2372 3684 versare,
2405 3621 2642 3691 nihilque
2681 3623 2969 3692 pretiosius
2995 3625 3187 3682 virtute
3235 3628 3348 3699 ipsa
3375 3632 3681 3691 existimare
3703 3678 3720 3701 ,

2138 3710 2232 3766 sed
2281 3712 2592 3768 exscindere
2619 3729 2684 3768 ex
2711 3715 2889 3769 animo
2929 3727 3113 3772 nostro
3151 3718 3461 3778 all'ectiones
3487 3722 3604 3781 illas
3630 3741 3724 3796 pc-

2135 3804 2346 3860 stiferas
2372 3819 2581 3870 omnes,
2608 3815 2663 3860 et
2689 3805 2827 3860 scire
2857 3809 3200 3878 temporalem
3227 3810 3370 3867 illam
3399 3815 3719 3886 voluptatein

2138 3905 2450 3966 perpetuum
2481 3912 2668 3967 parere
2709 3898 2886 3955 solere
2930 3901 3193 3968 dolorem,
3239 3913 3293 3960 et
3340 3905 3444 3962 line
3490 3913 3720 3965 carentia

2137 3997 2419 4055 tormenta,
2440 3991 2836 4061 cavendumque
2855 4007 2976 4049 esse
2995 4009 3062 4050 ne
3087 3995 3414 4066 decipiemus
3439 4015 3535 4056 nos
3555 4003 3720 4072 ipsos,

2137 4097 2310 4152 neque
2337 4093 2580 4152 putemus
2607 4083 2694 4139 hic
2722 4082 2878 4139 linem
2911 4083 3184 4142 habituras
3212 4102 3332 4144 esse
3375 4105 3459 4144 res
3490 4103 3719 4162 nostras.

2136 4170 2193 4227 id
2222 4188 2352 4228 vero
2373 4173 2615 4229 sentiunt
2640 4173 2898 4244 plerique,
2929 4175 3050 4230 licet
3068 4177 3244 4234 verbis
3269 4193 3374 4236 non
3403 4180 3682 4250 loquantur
3706 4201 3718 4236 :

2137 4278 2258 4318 nam
2307 4263 2529 4322 credere
2556 4279 2615 4321 se
2660 4263 2846 4320 dicunt
2891 4270 3358 4335 resurrectionem,
3397 4279 3452 4326 et
3493 4270 3720 4328 fututam

2137 4356 2537 4413 retributionem
2571 4373 2586 4412 :
2613 4356 2707 4412 sed
2727 4371 2827 4427 ego
2850 4373 2956 4414 non
2983 4359 3200 4416 attendo
3218 4363 3400 4428 verba,
3423 4363 3518 4420 sed
3544 4367 3722 4435 quoti-

2135 4450 2293 4506 diana
2336 4459 2504 4520 gesta.
2552 4450 2684 4507 Nam
2713 4451 2758 4506 si
2787 4453 3231 4509 resurrectionem
3259 4465 3536 4526 exspectas
3563 4465 3725 4513 etre-

2138 4542 2504 4609 tribntionem,
2530 4557 2696 4612 quare
2741 4541 2809 4595 ita
2839 4545 3118 4610 praesentis
3147 4545 3267 4600 vita:
3294 4546 3476 4614 gloria:
3512 4547 3722 4602 deditus

2135 4633 2244 4689 es?
2270 4634 2466 4700 Quare,
2515 4632 2603 4689 dic
2639 4631 2789 4696 mihi,
2821 4633 3057 4702 quotidie
3099 4635 3304 4690 crucias
3355 4646 3439 4701 te,
3472 4637 3720 4704 pecunias

2140 4724 2320 4794 plures
2349 4737 2506 4794 quam
2537 4737 2696 4779 arena
2726 4721 2794 4776 sit
2815 4722 3093 4792 colligens,
3118 4733 3174 4776 et
3197 4737 3374 4792 agros,
3415 4733 3468 4779 et
3489 4724 3717 4790 domes.

2134 4821 2190 4868 et
2230 4811 2447 4868 balneas
2474 4825 2680 4874 emens,
2726 4819 2887 4878 atque
2931 4811 3047 4865 hac
3085 4827 3229 4880 saepe
3271 4828 3364 4882 per
3405 4815 3640 4883 rapinam
3665 4827 3719 4872 et

2134 4902 2408 4958 avaritiam
2452 4900 2799 4965 corradendo,
2826 4910 2882 4956 et
2911 4901 3036 4958 illud
3079 4903 3350 4973 prephetie
3379 4905 3575 4962 dictum
3619 4909 3716 4964 int-

2135 4994 2371 5064 plendo:
2413 4994 2497 5048 νω
2536 4993 2624 5064 qui
2671 4995 2983 5064 coniungunt
3033 4995 3237 5052 domum
3281 4999 3350 5052 ad
3399 5001 3623 5066 domum,
3670 5010 3716 5055 et

2134 5101 2313 5156 agrum
2341 5101 2465 5156 agro
2491 5086 2750 5154 capulant,
2797 5095 2849 5140 ut
2877 5087 3040 5141 vicino
3082 5088 3318 5156 auferant
3340 5090 3533 5159 aliquid
3561 5089 3714 5158 (laci.

2135 5179 2188 5234 ὅ.
2221 5177 2318 5248 8)?
2348 5181 2536 5233 Annon
2561 5177 2676 5235 haec
2697 5179 2932 5250 quotidie
2952 5179 3134 5236 videre
3149 5193 3228 5237 est
3255 5182 3278 5236 t
3305 5182 3374 5237 Et
3397 5182 3484 5238 ille
3501 5184 3715 5254 quidem

2133 5268 2262 5324 dicit
2291 5286 2304 5324 :
2336 5268 2494 5339 hujus
2537 5269 2730 5324 domus
2775 5269 3152 5325 obscuritatem
3202 5279 3258 5326 et
3299 5273 3537 5328 umbram
3583 5289 3714 5330 mea:

2138 5361 2274 5430 parit
2297 5377 2313 5426 ;
2341 5369 2398 5416 et
2422 5359 2657 5416 infmitos
2677 5369 2962 5430 praetextus
2981 5363 3265 5432 excogitat,
3289 5371 3346 5419 ut
3367 5379 3486 5420 eam
3512 5367 3711 5436 rapiat;

2133 5450 2270 5506 alius
2303 5459 2477 5506 autent
2524 5460 2732 5519 raptum
2780 5451 2994 5520 pauperi
3043 5466 3248 5521 agrum,
3292 5467 3391 5508 suo
3418 5455 3713 5524 COnjungit.

2134 5541 2246 5597 iioc
2287 5550 2463 5597 autem
2509 5540 2678 5595 multo
2725 5541 2916 5610 majus,
2945 5552 2996 5596 et
3027 5545 3195 5614 magis
3242 5544 3576 5612 admirabile,
3616 5549 3718 5602 mi-

2134 5630 2337 5705 n'usque
2363 5635 2517 5688 venia
2543 5632 2782 5701 dignum,
2813 5633 2950 5703 quod
2983 5650 3117 5689 unus
3145 5653 3246 5688 ttt.o
3272 5639 3566 5708 eodemque
3596 5640 3715 5694 loco

2136 5729 2376 5785 habitatis
2401 5736 2452 5782 ct
2492 5725 2705 5792 sedens,
2739 5741 2881 5796 saepe
2926 5728 3032 5784 alio
3058 5740 3304 5800 transire,
3335 5749 3508 5804 usque
3531 5736 3576 5790 si
3609 5732 3718 5786 \ein
