4102 6204
417 477 512 543 let,
546 476 747 541 valens,
795 471 878 527 vel
906 471 976 526 ob
1020 472 1193 526 varias
1218 474 1616 541 occupationes,
1648 470 1733 525 vel
1761 470 2001 539 corporis

416 564 722 619 valetudine
766 550 1289 632 alligatusfubique
1336 568 1509 616 tamen
1554 569 1608 615 et
1655 561 1706 614 in
1755 558 2002 613 omnibus

416 657 586 712 ferme
611 654 854 721 urbibus,
876 654 1204 710 monimenta
1224 654 1461 709 avaritia:
1487 667 1598 707 suae
1625 650 1922 721 possidere,
1946 659 2002 705 et

414 747 747 805 immortales
795 747 1015 801 malitia:
1053 761 1163 801 suae
1190 745 1467 800 columnas
1505 751 1740 798 statuere
1765 741 1952 811 satagit
1981 756 1997 794 :

412 850 467 893 et
523 847 738 909 peccata
786 836 1026 907 quidem,
1069 851 1137 892 ex
1179 836 1371 906 quibus
1412 834 1527 889 haac
1554 833 1731 888 omnia
1778 832 1998 887 collecta

411 939 561 995 sunt,
592 944 694 985 suo
723 928 923 998 imponi
953 926 1132 997 capiti,
1165 927 1446 995 ferensque
1473 939 1689 995 gravem
1716 937 1778 978 ac
1803 936 1999 977 onero-

413 1040 529 1078 sam
558 1022 754 1078 molem
779 1037 882 1077 non
916 1019 1078 1074 sentit
1109 1037 1122 1073 :
1150 1019 1268 1073 aliis
1296 1028 1472 1072 autem
1500 1032 1674 1081 usum,
1701 1016 1790 1085 qui
1819 1030 1886 1069 ex
1914 1013 2000 1069 his

416 1113 604 1170 haberi
656 1120 853 1183 potest,
884 1109 1148 1173 concedit,
1182 1124 1289 1163 non
1316 1108 1488 1163 solum
1538 1115 1659 1177 post
1698 1104 2001 1175 emigratio-

415 1220 540 1260 nem
569 1219 635 1257 ex
665 1202 765 1256 hac
794 1202 923 1264 vita,
970 1199 1065 1255 sed
1092 1199 1252 1254 etiam
1296 1207 1579 1267 antequam
1610 1195 1732 1250 hinc
1754 1192 1998 1263 egredia-

415 1304 523 1350 tur.
554 1293 685 1348 Nam
715 1291 925 1347 etiamsi
955 1308 1060 1345 nun
1093 1291 1289 1344 invitus
1316 1288 1395 1343 eis
1424 1287 1671 1349 nudetur,
1716 1300 1746 1339 a
1772 1283 1998 1339 familia-

414 1388 560 1441 ribus
585 1386 700 1440 hzec
727 1384 904 1438 omnia
931 1384 1274 1452 dissipantur,
1306 1389 1362 1435 et
1397 1388 1455 1433 ut
1484 1380 1553 1433 ita
1580 1378 1774 1442 dicam,
1797 1376 1999 1429 dilace-

414 1486 633 1531 rautur:
655 1491 828 1545 neque
850 1475 964 1544 ipse
983 1473 1068 1529 vel
1094 1473 1371 1528 millesima
1400 1485 1584 1527 eorum
1608 1478 1757 1538 parte
1782 1466 1995 1521 fruitur.

415 1571 479 1622 Et
497 1567 622 1637 quid
651 1566 773 1621 dico
798 1564 1028 1620 fruitur?
1053 1562 1352 1630 Quomodo,
1376 1576 1497 1616 cum
1525 1560 1735 1613 nonnisi
1758 1568 1995 1612 ventrem

415 1677 579 1714 unum
622 1658 835 1725 habeat,
882 1656 1052 1729 possit
1098 1663 1175 1711 tot
1223 1670 1383 1726 opum
1422 1651 1812 1708 multitudinem
1842 1651 1993 1704 absuo

414 1768 561 1807 mere
578 1752 604 1805 ?

485 1846 538 1898 7.
588 1843 655 1897 At
683 1841 945 1897 malorum
986 1838 1221 1895 omnium
1265 1851 1428 1891 causa
1470 1844 1554 1891 est
1600 1847 1734 1888 vana
1776 1829 1939 1903 gloria
1974 1845 1989 1881 :

411 1934 553 2007 quod
579 1948 771 2003 nempe
799 1932 930 1987 velit
954 1945 1146 1984 nomen
1168 1944 1320 1983 suum
1343 1927 1542 1998 imponi
1574 1926 1736 1997 agris,
1770 1922 1993 1989 balneis,

411 2036 466 2081 et
493 2026 720 2080 a'dibus.
772 2023 902 2091 Quae
928 2021 1019 2076 tibi
1072 2020 1198 2075 hinc
1233 2020 1431 2074 utilitas
1451 2060 1467 2083 ,
1515 2019 1675 2073 homo
1695 2057 1710 2083 ,
1740 2030 1859 2071 cum
1887 2029 1993 2069 non

412 2118 580 2174 nmlto
609 2128 757 2187 post,
789 2113 924 2168 febri
958 2114 1206 2183 quapiam
1240 2121 1291 2166 te
1318 2109 1647 2181 cnrripienle
1668 2147 1684 2172 ,
1714 2107 1998 2175 animaque

410 2209 591 2264 subito
614 2206 861 2261 evolante
885 2244 902 2270 ,
950 2202 1123 2257 nudus
1149 2211 1204 2255 et
1230 2215 1426 2255 vacuus
1466 2195 1846 2268 relinquendus
1874 2194 1950 2249 sis
1976 2209 1993 2248 :

412 2301 522 2353 imo
558 2297 753 2351 virtute
791 2293 1004 2365 quidem
1049 2290 1278 2346 nudatus
1303 2331 1319 2356 ,
1364 2289 1591 2345 vestitus
1630 2296 1809 2341 autem
1859 2284 1996 2354 inju-

412 2388 553 2443 stitia
573 2428 588 2452 ,
621 2384 819 2456 rapinis
838 2424 854 2449 ,
890 2381 1132 2448 avaritia,
1157 2380 1463 2452 gemitibus,
1491 2378 1796 2448 ejulatibus,
1824 2376 1999 2447 lacry-

414 2480 515 2534 mis
535 2476 898 2548 orphanon
920 2515 937 2540 ,
968 2473 1173 2528 insidiis
1194 2514 1209 2537 ,
1241 2472 1422 2527 dolis?
1471 2469 1754 2539 Quomodo
1793 2467 1997 2537 poteris

413 2567 640 2639 grandes
668 2574 1075 2637 prementesque
1106 2564 1223 2618 illas
1251 2563 1487 2617 sarcinas
1533 2569 1875 2637 peccatorum
1917 2557 1996 2613 fe-

410 2673 558 2722 rens,
587 2673 680 2727 per
706 2665 984 2727 angustam
1011 2653 1152 2708 illam
1170 2661 1376 2724 portam
1406 2652 1625 2718 intrare,
1654 2666 1773 2719 qua:
1800 2662 1995 2719 capere

413 2748 596 2817 nequit
636 2746 831 2800 molem
860 2752 1019 2798 tantae
1054 2741 1468 2813 magnitudinis?
1493 2740 1859 2798 Necessarium
1891 2739 1994 2793 ita-

411 2853 517 2907 que
546 2834 679 2890 foris
703 2849 920 2889 manere
944 2875 959 2900 ,
1006 2842 1061 2888 et
1086 2831 1341 2887 oneribus
1365 2832 1471 2886 illis
1497 2839 1771 2901 gravatum
1800 2828 1994 2884 frustra

412 2929 674 3000 paenitere
697 2969 713 2993 ,
754 2942 876 2982 cum
917 2924 1028 2996 jam
1073 2932 1197 2979 ante
1234 2922 1420 2978 oculos
1448 2930 1626 2992 parata
1652 2920 1858 2976 videbis
1884 2930 1996 2975 tor-

412 3030 591 3078 menta
616 3060 632 3084 ,
673 3026 729 3074 et
775 3019 952 3087 ignem
981 3016 1128 3071 illum
1161 3014 1450 3070 terribilem
1492 3028 1555 3068 ac
1583 3027 1873 3082 numquam
1901 3025 1995 3065 ex-

411 3109 786 3182 stinguendum
817 3121 1163 3176 vermemque
1194 3119 1481 3174 numquam
1510 3105 1846 3158 moriturum.
1877 3100 1993 3157 Cae-

412 3215 589 3258 terum
633 3200 678 3254 si
721 3214 879 3269 quam
922 3204 1121 3252 nostra:
1176 3195 1365 3250 salutis
1410 3194 1667 3249 habemus
1706 3192 1991 3261 rationem,

410 3297 541 3349 dum
570 3291 745 3347 adhuc
770 3297 981 3358 tempus
1006 3287 1298 3349 habemus,
1330 3284 1649 3340 desistamus
1676 3298 1706 3337 a
1735 3282 1991 3352 nequitia,

410 3391 679 3440 sectemur
704 3378 975 3442 virtutem,
1006 3390 1195 3431 vanam
1224 3375 1451 3445 gloriam
1470 3372 1843 3443 despiciamus.
1859 3370 1993 3429 Nam

413 3476 612 3532 idcirco
639 3486 774 3526 vana
801 3469 1023 3535 dicitur,
1060 3468 1183 3538 quia
1214 3466 1387 3521 inanis
1412 3474 1522 3530 est,
1562 3473 1617 3521 et
1657 3464 1791 3520 nihil
1832 3464 1994 3520 habet

412 3563 607 3620 stabile
651 3574 823 3631 neque
870 3558 1083 3612 firmum
1108 3555 1130 3610 ξ
1156 3555 1251 3611 sal
1281 3555 1454 3610 solum
1480 3564 1563 3610 est
1590 3555 1870 3609 oculorum
1899 3553 1996 3608 de-

408 3653 624 3726 eeptio,
653 3660 710 3706 et
738 3649 1043 3720 priusquam
1075 3654 1351 3718 appareat,
1376 3645 1573 3700 avolat.
1622 3646 1811 3700 Annon
1837 3653 1893 3700 et
1916 3644 1995 3698 vi-

410 3746 603 3800 demus
630 3756 774 3812 sape
792 3781 807 3805 ,
836 3755 958 3795 eum
979 3780 995 3805 ,
1025 3754 1183 3808 quem
1215 3737 1373 3791 hodie
1402 3736 1708 3807 praecedunt
1751 3737 1989 3802 lictores,

412 3848 468 3894 et
490 3837 690 3906 stipant
713 3832 990 3897 satellites,
1014 3843 1135 3885 cras
1158 3828 1211 3883 in
1239 3842 1509 3884 carcerem
1539 3827 1759 3898 conjici,
1789 3834 1846 3883 et
1871 3842 1994 3881 cum

415 3924 849 3983 malefactoribus
890 3921 1091 3977 versari
1121 3918 1241 3991 (a)?
1287 3918 1426 3986 Quid
1463 3917 1564 3973 hac
1589 3932 1723 3973 vana
1748 3925 1807 3972 et
1849 3916 1994 3972 inani

411 4021 577 4092 gloria
610 4014 879 4072 fallacius?
926 4011 1080 4079 Quod
1123 4012 1169 4066 si
1216 4011 1270 4066 in
1312 4010 1412 4065 hac
1438 4010 1545 4065 vita
1575 4007 1992 4063 vicissitudinem

414 4113 551 4166 hanc
566 4108 776 4172 evadat,
793 4104 1013 4160 omnino
1044 4116 1190 4158 mors
1216 4102 1437 4157 veniens
1462 4100 1767 4156 felicitatem
1792 4098 1997 4154 abscin-

412 4202 525 4265 det,
556 4207 612 4253 et
640 4211 800 4267 quem
850 4192 1010 4248 hodie
1035 4192 1089 4245 in
1116 4192 1232 4245 foro
1260 4205 1451 4261 magna
1481 4204 1672 4260 pompa
1698 4188 1994 4243 comitaba-

414 4302 530 4353 tur,
558 4287 647 4356 qui
685 4286 739 4338 in
768 4296 1039 4338 carcerem
1060 4278 1396 4347 coujiciebat,
1426 4288 1482 4347 et
1506 4281 1560 4332 in
1591 4279 1729 4334 solio
1753 4278 1991 4344 sedebat,

413 4381 715 4439 inlhtbatur,
739 4383 795 4429 et
819 4372 1063 4426 homines
1090 4370 1223 4423 alios
1242 4370 1391 4439 quasi
1413 4369 1628 4424 umbras
1647 4368 1993 4438 despiciebat,

414 4474 461 4525 is
490 4467 666 4521 subito
693 4472 875 4533 postea
898 4460 1097 4530 jacebit
1123 4467 1363 4513 mortuus
1390 4459 1592 4529 absque
1630 4460 1825 4528 spiritu
1849 4500 1864 4524 ,
1899 4459 1997 4514 f0:-

418 4572 535 4615 tore
576 4557 798 4626 plenus,
847 4549 1046 4621 petitus
1091 4548 1386 4604 innumeris
1418 4549 1673 4604 conviciis
1691 4564 1812 4605 cum
1840 4550 1996 4605 abiis

414 4663 552 4722 quos
596 4644 802 4717 pridem
851 4640 1043 4711 injuria
1080 4638 1257 4694 aﬂ'ecit
1279 4679 1295 4706 ,
1346 4649 1459 4694 tum
1492 4640 1561 4694 ab
1596 4641 1659 4693 iis
1681 4655 1814 4710 quos
1844 4656 1997 4695 num-

414 4755 575 4813 quam
606 4736 745 4791 laesit
767 4774 783 4800 ,
825 4731 1235 4788 condolentibus
1266 4740 1441 4787 tamen
1472 4730 1537 4785 iis
1560 4731 1648 4799 qui
1679 4730 1748 4786 ab
1776 4731 1879 4786 isto
1909 4732 1994 4785 in-

414 4832 553 4904 juria
597 4827 771 4884 affecti
819 4826 1048 4881 fuerant.
1104 4822 1241 4892 Quid
1270 4822 1371 4879 hoc
1396 4823 1753 4879 miserabilius
1802 4823 1997 4878 fuerit?

414 4921 653 4979 Collecta
686 4927 861 4972 autem
886 4916 1064 4971 omnia
1110 4929 1478 4984 sarpeuumero
1504 4914 1702 4969 inimici
1732 4922 1787 4969 et
1815 4913 1997 4969 hostes

418 5017 559 5070 inter
608 5026 669 5066 se
722 5009 1020 5080 partiuntur
1063 5016 1118 5061 et
1161 5006 1771 5075 distribuuutzpeccata
1817 5015 1996 5060 autem

419 5120 515 5175 per
543 5117 662 5174 qua:
692 5099 805 5154 haec
826 5106 1136 5153 coacervata
1164 5104 1323 5162 sunt,
1350 5111 1532 5151 secum
1561 5095 1755 5162 aufert,
1786 5096 1855 5152 de
1877 5096 1998 5166 qui-

418 5197 518 5250 bus
545 5192 772 5260 diligens
799 5198 853 5243 et
875 5198 1119 5243 accurata
1147 5187 1281 5240 ratio
1302 5186 1564 5256 exigetur.
1594 5186 1717 5241 Ideo
1746 5186 1994 5252 obsecro,

420 5295 478 5337 ut
502 5281 765 5351 fugientes
791 5293 978 5333 vanam
1021 5277 1159 5331 hanc
1196 5274 1419 5345 gloriam
1445 5316 1460 5340 ,
1499 5290 1677 5330 veram
1722 5275 1997 5331 desidere-

422 5387 565 5439 mus,
591 5378 646 5425 et
670 5384 789 5440 qua:
816 5368 1063 5423 omnibus
1090 5366 1251 5421 duret
1276 5366 1519 5420 saeculis:
1551 5377 1606 5421 et
1640 5381 1811 5436 neque
1837 5381 1997 5435 opum

485 5547 559 5607 (is)
595 5552 834 5607 Tempore
862 5543 1181 5607 ωλι-γεοειρωὶ
1219 5553 1314 5590 non
1338 5540 1496 5607 semel
1509 5541 1691 5607 accidit
1714 5544 1771 5592 ut
1787 5536 2003 5600 prtefecti

426 5602 611 5661 autalti
679 5602 971 5667 optimates,
1001 5618 1065 5653 ex
1105 5602 1801 5667 imperatoristndignatione,
1829 5617 2004 5653 munus

422 5663 724 5774 amitterent,
747 5668 864 5715 etin
887 5679 1136 5715 carcerem
1159 5663 1365 5725 entijccti
1388 5663 1643 5726 aliquando
1677 5667 1822 5715 etiam
1844 5668 2007 5728 capite

423 5737 684 5775 truncath
706 5739 782 5775 ur.

1121 354 1179 411 S.
1218 352 1495 411 10.81“le
1523 349 1996 408 CHRYSOSTOMI
2035 351 2349 409 ARCHIEP.
2388 352 2921 410 CONSTANTINOI’.

3584 355 3684 412 196

2108 485 2259 525 amor
2286 486 2383 525 nos
2403 473 2705 543 supplautet
2727 516 2742 539 ,
2790 490 2961 544 neque
2988 473 3433 544 concupiscentia:
3471 475 3684 530 flamina

2105 572 2313 628 exurat,
2344 577 2515 632 neque
2543 564 2677 617 livor
2703 574 2758 619 et
2787 565 2981 619 invidia
3008 576 3310 634 torqueant,
3339 582 3514 636 neque
3541 567 3685 621 furor

2104 660 2158 705 et
2202 651 2278 705 ira
2309 667 2406 706 nos
2434 652 2719 708 incendant
2745 672 2759 707 :
2790 654 2884 709 sed
2914 654 3011 708 has
3039 670 3227 711 omnes
3257 656 3424 711 malas
3458 667 3513 710 et
3559 672 3683 725 pcr-

2106 743 2332 799 nicinsas
2359 744 2665 801 affectiones
2707 761 2831 801 rore
2868 745 3097 815 Spiritus
3124 747 3524 817 exstinguentes
3548 788 3562 811 ,
3590 748 3674 802 de-

2104 836 2390 905 Spiciamus
2416 836 2714 905 praesentia,
2740 837 3103 892 desideremus
3129 837 3322 902 futura,
3352 838 3405 892 in
3429 838 3681 893 memoria

2112 925 2404 981 habeamus
2431 927 2663 982 futurum
2686 927 2827 983 diem
2846 970 2861 993 ,
2890 944 3184 999 magnaque
3216 929 3485 998 diligentia
3520 930 3677 983 vitam

2106 1017 2461 1073 instituamus.
2492 1018 2674 1088 Neque
2697 1018 2839 1074 enim
2866 1018 2966 1073 hac
2989 1019 3057 1073 de
3087 1034 3243 1073 causa
3273 1020 3323 1072 in
3352 1020 3488 1074 hanc
3520 1021 3684 1075 vitam

2107 1110 2214 1163 nati
2237 1125 2443 1175 sumus,
2472 1120 2531 1164 ut
2550 1110 2722 1166 solum
2748 1110 3091 1165 comedamus
3119 1118 3174 1164 et
3201 1110 3465 1165 bibamus.

2175 1201 2581 1272 Temperantiam
2627 1202 2887 1273 prtedicat.
2928 1231 2999 1243 -—
3047 1202 3160 1256 Non
3197 1203 3300 1256 vita
3342 1212 3425 1257 est
3470 1211 3677 1271 propter

2103 1292 2281 1346 cibum
2321 1301 2376 1347 et
2417 1302 2596 1362 potum
2618 1332 2635 1362 ,
2680 1291 2774 1347 sed
2816 1302 3035 1364 propter
3059 1292 3219 1346 vitam
3248 1292 3399 1347 cibus
3422 1302 3478 1347 et
3507 1302 3681 1361 potus.

2102 1381 2180 1436 Ne
2199 1397 2326 1453 ergo
2351 1382 2678 1437 invertamus
2700 1382 2962 1449 ordinem,
2992 1398 3159 1452 neque
3185 1383 3262 1437 sic
3286 1383 3457 1437 ventri
3487 1393 3539 1436 et
3558 1398 3679 1436 car-

2102 1472 2187 1527 nis
2232 1472 2589 1542 voluptatibus
2635 1474 2950 1540 serviamus,
2996 1473 3145 1543 quasi
3187 1489 3305 1529 eam
3351 1474 3423 1528 ob
3467 1489 3683 1529 causam

2103 1564 2225 1618 facti
2257 1565 2424 1618 simus
2453 1582 2467 1618 :
2499 1563 2595 1619 sed
2637 1573 2945 1634 reputantes
2979 1564 3230 1618 damnum
3270 1563 3411 1635 quod
3442 1564 3563 1619 inde
3589 1579 3683 1617 na-

2100 1656 2286 1721 scitur,
2328 1657 2647 1727 castigemus
2688 1666 2863 1713 motus
2900 1658 3114 1723 carnis;
3159 1671 3227 1712 ne
3271 1657 3439 1712 simus
3466 1670 3681 1725 segnes.

2102 1761 2202 1800 nec
2232 1747 2603 1815 permittamus
2629 1747 2774 1802 illam
2817 1747 3073 1803 adversus
3109 1748 3338 1802 animam
3380 1748 3679 1817 insurgere.

2101 1838 2230 1893 Nam
2260 1840 2302 1893 si
2336 1839 2531 1895 Paulus
2573 1839 2664 1896 ille
2710 1840 2827 1895 talis
2873 1850 2927 1894 et
2970 1848 3181 1905 tantus,
3211 1840 3298 1909 qui
3328 1840 3479 1908 quasi
3509 1840 3681 1892 alatus

2101 1946 2197 2001 per
2226 1940 2392 1985 totum
2419 1932 2602 1987 orbem
2642 1932 3067 1997 transcurrebat,
3094 1930 3462 2000 corporalibus
3487 1944 3682 1985 neces-

2100 2022 2342 2076 sitatibus
2370 2022 2613 2091 superior
2649 2021 2818 2077 factus
2835 2063 2852 2088 ,
2880 2030 2933 2075 et
2961 2037 3274 2076 arcanorum
3316 2022 3527 2077 illorum
3554 2036 3679 2074 ver-

2099 2112 2289 2167 borum
2317 2112 2562 2180 auditor,
2605 2128 2723 2182 quae
2750 2125 2915 2182 usque
2944 2113 2995 2166 in
3028 2112 3166 2166 hunc
3194 2111 3334 2166 diem
3373 2111 3506 2166 alius
3525 2110 3680 2165 audi-

2100 2204 2175 2257 vit
2202 2202 2399 2269 nullus,
2429 2202 2668 2258 scribens
2695 2201 2904 2257 dicebat
2937 2220 2950 2257 :
2980 2201 3180 2273 Castigo
3205 2218 3389 2271 corpus
3413 2217 3599 2265 meum,
3628 2210 3679 2255 et

2098 2295 2151 2348 in
2172 2295 2455 2348 servitutem
2478 2292 2685 2364 redigo,
2733 2310 2797 2347 ne
2833 2294 2961 2359 forte
3001 2292 3116 2346 aliis
3150 2292 3433 2362 prwdimns
3459 2292 3567 2362 ipse
3594 2308 3681 2344 re-

2099 2386 2284 2456 probus
2302 2387 2529 2441 inveniar
2546 2387 2627 2458 (l.
2652 2386 2775 2443 Cor.
2796 2386 2850 2442 9.
2870 2386 2963 2458 27)
2993 2404 3006 2441 :
3033 2387 3077 2441 si
3107 2386 3268 2457 igitur
3287 2386 3397 2453 ille,
3423 2387 3513 2456 qui
3536 2395 3681 2439 tanta

2097 2477 2344 2547 dignatus
2368 2485 2452 2533 est
2488 2476 2657 2547 gratia
2681 2517 2697 2542 ,
2746 2487 2865 2547 post
2890 2487 3033 2531 tanta
3059 2486 3115 2531 et
3151 2477 3275 2531 talia
3302 2492 3463 2546 opera
3483 2516 3499 2541 ,
3542 2491 3679 2546 opus

2100 2565 2328 2621 habebat
2378 2575 2435 2621 ut
2480 2567 2799 2636 castigaret,
2848 2566 2904 2621 in
2951 2568 3258 2622 servitutem
3284 2566 3684 2636 redigeret,ae

2101 2657 2347 2727 potestati
2390 2655 2734 2727 dominioque
2775 2658 2966 2711 animze
3006 2658 3246 2726 corporis
3287 2657 3529 2712 lascivias
3552 2656 3681 2709 sub-

2093 2747 2281 2817 jiceret
2311 2765 2325 2801 :
2352 2748 2574 2817 castigat
2615 2748 2757 2802 enim
2783 2748 2902 2816 quis
2938 2746 3079 2816 quod
3106 2747 3360 2817 insurgit,
3388 2756 3443 2802 et
3484 2748 3535 2801 in
3564 2762 3679 2801 ser-

2098 2838 2318 2892 vitutem
2348 2837 2540 2907 redigit
2583 2837 2636 2892 id
2675 2837 2816 2908 quod
2854 2836 3000 2892 frena
3041 2837 3212 2906 rejicit
3242 2854 3256 2893 :
3287 2838 3410 2908 quid
3437 2838 3681 2893 dicemus

2098 2942 2198 2982 nos
2223 2969 2239 2993 ,
2273 2927 2365 2997 qui
2402 2928 2649 2982 omnibus
2672 2928 2953 2983 virtutibus
2977 2927 3214 2982 destituti
3240 2968 3255 2992 ,
3287 2929 3534 2983 omnibus
3556 2943 3677 2998 pec-

2095 3020 2229 3074 catis
2257 3018 2463 3074 onerati
2491 3032 2675 3073 sumus
2695 3058 2712 3084 ,
2743 3029 2799 3073 et
2837 3027 3095 3088 praeterea
3138 3034 3380 3090 magnam
3413 3019 3675 3089 ignaviam

2096 3125 2208 3182 prze
2237 3097 2390 3165 nobis
2414 3108 2671 3164 ferimus?
2711 3107 2845 3163 Num
2873 3108 3113 3164 inducias
3134 3108 3293 3164 habet
3319 3110 3417 3163 hoc
3442 3108 3681 3164 bellum?

2097 3218 2226 3258 num
2271 3212 2480 3271 tempus
2521 3198 2862 3270 aggrediendi
2910 3200 3277 3271 assignatum?
3326 3197 3549 3268 Semper
3579 3213 3679 3252 nos

2096 3292 2315 3364 vigilare
2344 3300 2399 3347 et
2420 3290 2631 3345 sobrios
2650 3301 2777 3344 esse
2800 3298 3044 3361 Oportet,
3091 3298 3146 3345 et
3183 3304 3472 3358 numquam
3500 3290 3554 3343 in
3585 3304 3675 3343 se-

2096 3384 2324 3440 curitate
2371 3381 2609 3453 degere:
2649 3380 2772 3453 quia
2818 3395 2925 3434 non
2973 3389 3058 3435 est
3103 3380 3421 3449 praefinitum
3466 3390 3677 3447 tempus

2097 3472 2310 3543 quando
2357 3486 2455 3527 nos
2500 3485 2846 3542 aggressurus
2886 3478 2971 3525 est
3012 3470 3200 3525 hostis.
3256 3470 3418 3541 Igitur
3462 3484 3674 3539 semper

2098 3564 2251 3619 nobis
2279 3577 2405 3619 cura
2429 3562 2533 3629 sit,
2580 3576 2794 3631 semper
2820 3560 3034 3615 solliciti
3063 3562 3232 3615 simus
3269 3560 3338 3617 de
3374 3560 3546 3615 salute
3575 3576 3675 3614 no-

2096 3664 2206 3709 stra
2230 3696 2246 3721 ,
2274 3662 2333 3709 ut
2368 3654 2445 3709 sic
2469 3667 2754 3722 numquam
2779 3652 3074 3722 expugnari
3105 3653 3400 3721 possimus,
3432 3661 3487 3707 et
3506 3651 3678 3706 bosti~

2097 3746 2177 3802 les
2202 3745 2513 3816 effugientes
2541 3744 2780 3810 insidias,
2804 3743 3220 3799 misericordiam
3245 3760 3275 3798 a
3300 3745 3408 3799 Deo
3428 3760 3680 3816 assequa~

2099 3851 2219 3891 mur
2242 3875 2258 3900 ,
2305 3837 2472 3905 gratia
2500 3844 2555 3888 et
2597 3834 3026 3888 miserationibus
3054 3832 3320 3903 Unigeniti
3358 3835 3478 3904 ejus
3500 3876 3516 3901 ,
3556 3851 3675 3891 cuin

2098 3942 2205 3997 quo
2230 3926 2373 3981 Patri
2398 3967 2414 3991 ,
2445 3925 2607 3980 simul
2632 3934 2687 3981 et
2714 3924 2933 3995 Spiritui
2967 3933 3151 3980 sancto
3178 3925 3241 3979 sit
3270 3925 3438 3995 gloria
3457 3968 3472 3991 ,
3510 3926 3680 3994 impe-

2097 4018 2258 4083 rium,
2287 4016 2478 4083 honor,
2498 4031 2638 4071 nunc
2652 4025 2704 4071 et
2720 4030 2951 4085 semper,
2978 4026 3032 4071 et
3053 4016 3104 4070 in
3128 4016 3320 4071 szecula
3337 4017 3675 4072 seculorum.

2097 4111 2290 4165 Amen.

2633 4218 2910 4274 [IOMILIA
2952 4218 3138 4273 XXIII.

2112 4332 2218 4392 Noe
2252 4341 2419 4385 autem
2455 4330 2639 4384 invenit
2666 4331 2883 4402 gratiam
2923 4346 3095 4383 coram
3136 4329 3351 4385 Domino
3382 4329 3510 4386 Deo.
3557 4332 3682 4387 Ista

2172 4432 2337 4477 autem
2360 4432 2474 4475 sunt
2499 4421 2841 4491 generationes
2869 4418 3005 4474 Noe.
3038 4418 3153 4474 Noe
3176 4420 3325 4474 homo
3343 4423 3535 4492 justus,
3560 4439 3678 4492 per-

2172 4517 2333 4583 fectus
2364 4512 2603 4565 exsistens
2628 4511 2679 4564 in
2704 4511 3023 4581 generatione
3046 4526 3139 4564 sua
3162 4524 3182 4567 :
3214 4510 3319 4565 Deo
3346 4511 3535 4581 placuit
3568 4512 3681 4568 Noe

2173 4602 2327 4675 (Gen.
2357 4603 2410 4658 6.
2436 4603 2515 4672 9).

2172 4724 2224 4778 l.
2274 4720 2484 4775 Virtutis
2512 4720 2873 4790 praerogativae.
2900 4749 2973 4761 —
2994 4719 3210 4775 Vidistis
3239 4722 3291 4774 In
3321 4719 3385 4774 iis
3403 4735 3520 4789 qua:
3544 4719 3683 4774 dicta

2101 4822 2246 4878 sunt,
2271 4821 2467 4883 quanta
2492 4808 2685 4864 divina:
2731 4810 3109 4864 misericordia:
3152 4810 3481 4881 magnitudo,
3524 4824 3681 4878 quam

2104 4906 2290 4975 ingens
2312 4900 2627 4957 tolerantia?
2653 4898 2859 4954 vidistis
2895 4900 3192 4969 hominum,
3219 4901 3307 4970 qui
3339 4910 3466 4953 tunc
3506 4909 3681 4959 erant,

2106 5002 2469 5065 portentosam
2526 4991 2820 5045 malitiam?
2862 4991 3123 5046 didicistis
3177 5000 3369 5059 quanta
3417 4989 3575 5045 fuerit
3630 4990 3681 5041 in

2104 5084 2277 5140 media
2308 5091 2450 5137 tanta
2478 5081 2813 5136 multitudine
2833 5081 2961 5151 justi
2988 5080 3174 5146 virtus,
3202 5089 3256 5135 et
3279 5096 3437 5152 quam
3471 5079 3603 5134 nihil
3633 5078 3683 5131 ei

2106 5173 2347 5228 nocuerit
2384 5172 2466 5227 vel
2495 5172 2706 5225 illorum
2737 5171 2789 5225 in
2817 5172 3015 5224 malum
3042 5172 3389 5240 conspiratio,
3426 5170 3507 5224 vel
3539 5172 3681 5240 quod

2105 5266 2251 5319 solus
2294 5264 2348 5318 in
2392 5262 2568 5317 medio
2608 5263 2829 5316 istorum
2874 5262 3223 5331 interceptus,
3266 5264 3423 5332 longe
3470 5262 3683 5317 diversa

2107 5354 2387 5410 incesserit
2414 5353 2531 5406 via?
2552 5352 2683 5406 Nam
2713 5351 2862 5420 quasi
2892 5351 3217 5421 gubernator
3241 5353 3493 5420 optimus,
3529 5368 3683 5407 men-

2107 5446 2174 5500 tis
2198 5445 2406 5499 clavum
2425 5457 2614 5513 magna
2640 5441 2906 5512 vigilantia
2928 5441 3211 5510 arripiens,
3240 5443 3416 5497 navim
3444 5459 3594 5497 suam
3617 5443 3687 5496 ab

2108 5534 2430 5591 irruentibus
2454 5533 2669 5587 malitiae
2696 5532 2941 5601 procellis
2970 5532 3237 5603 submergi
3287 5551 3392 5588 non
3440 5545 3523 5590 est
3558 5548 3683 5603 pas—

2106 5642 2218 5688 sus,
2259 5625 2350 5679 scd
2397 5624 2566 5678 factus
2612 5631 2927 5691 tempestate
2975 5625 3261 5692 potentior,
3306 5625 3429 5679 licet
3476 5626 3526 5677 in
3575 5625 3685 5677 alto

2107 5721 2351 5788 jactatus,
2380 5716 2528 5783 quasi
2559 5715 2609 5769 in
2651 5724 2803 5785 portu
2851 5714 3081 5782 sederet,
3106 5718 3312 5772 virtutis
3349 5716 3682 5787 gubernacu-
