4116 6196
295 345 319 402 ί
329 345 394 402 95

285 479 466 532 μενος,
498 459 538 530 ἢ
565 459 632 512 δι’
656 456 850 530 ἑτέραν
879 455 1002 510 τινά
1037 454 1378 527 πραγμάτων
1405 458 1722 527 περίστασιν
1741 495 1758 523 ,
1795 457 1828 527 ἢ
1858 458 1953 510 καὶ

283 549 390 603 ὑπὸ
415 550 515 620 τῆς
534 547 628 600 106
658 547 909 617 σώματος
924 544 1234 616 ἀρρωστίας
1265 545 1658 615 πεπεδημένος,
1675 544 1952 613 πανταχοῦ

282 636 381 690 καὶ
413 637 470 688 ἐν
496 636 718 696 πάσαις,
744 633 820 696 ὡς
848 634 1046 694 εἰπεῖν,
1077 633 1194 693 ταῖς
1226 629 1413 682 πόλεσι
1440 629 1687 700 βούλεται
1711 632 1954 701 ὑπομνή-

286 739 433 792 ματα
469 722 568 792 τῆς
620 720 827 783 οίκείας
878 717 1190 783 πλεονεξίας
1248 716 1566 786 κεκτῆσθαι,
1612 718 1706 771 καὶ
1752 717 1952 788 στήλας

281 808 584 871 ἀθανάτους
612 809 710 878 τῆς
731 808 940 869 οἰκείας
970 806 1169 868 κακίας
1197 804 1346 874 παρὰ
1374 806 1537 858 πᾶσιν
1557 804 1721 874 ἔχειν,
1751 804 1846 858 καὶ
1883 807 1952 859 τά

283 895 387 965 μὲν
411 895 809 966 ἁμαρτήματα,
842 894 901 959 ἐξ
922 887 997 947 ὧν
1022 893 1236 946 ἅπαντα
1264 891 1437 945 ταῦτα
1469 892 1747 962 συνελέγη,
1779 895 1845 963 τῇ
1873 894 1948 946 ol-

285 979 409 1049 κείᾳ
439 979 712 1050 ἐπιτίθησι
742 978 973 1050 κεφαλῇ,
1001 978 1096 1031 καὶ
1126 976 1343 1048 φορτίον
1366 977 1501 1047 βαρὺ
1525 977 1619 1030 καὶ
1647 977 1950 1030 δυσϐάστα-

283 1080 410 1117 κτον
440 1064 835 1134 ἐπιφερόμενος
883 1065 985 1117 οὑκ
1027 1063 1338 1118 αίσθάνεται
1361 1080 1376 1094 ο
1414 1064 1510 1134 τὴν
1557 1063 1706 1116 δὲέκ
1744 1063 1950 1118 τούτων

283 1149 584 1203 ἀπόλαυσιν
618 1149 826 1220 ἑτέροις
870 1152 1208 1220 παραχωρεῖ,
1251 1150 1311 1202 οὑ
1341 1149 1480 1218 μετά
1523 1149 1623 1218 τὴν
1655 1152 1754 1220 τῆς
1803 1148 1948 1220 ζωῆς

285 1235 616 1304 μετάστασιν
651 1237 834 1307 μόνον,
865 1236 1003 1290 ἀλλά
1045 1236 1137 1288 καὶ
1167 1235 1270 1306 πρὸ
1300 1237 1398 1304 τῆς
1444 1235 1691 1290 ἐντεῦθεν
1742 1236 1943 1302 ἐξόδου.

282 1321 402 1374 Κᾶν
425 1321 534 1394 γάρ
557 1322 631 1394 μή
655 1322 802 1376 άκων
825 1323 1005 1377 αὑτῶν
1029 1321 1309 1393 γυμνωθῇ,
1335 1321 1438 1374 ὑπὸ
1460 1321 1564 1374 τῶν
1586 1321 1946 1392 ᾠκειωμένων

281 1406 595 1475 διασπᾶται,
609 1409 683 1472 ὡς
699 1411 892 1475 εἰπεῖν,
915 1410 1010 1463 καὶ
1033 1409 1490 1480 διασπαράττεται
1515 1409 1730 1463 ἅπαντα
1750 1409 1944 1474 ταῦτα,

281 1496 377 1548 καὶ
404 1495 524 1548 οὐδὲ
548 1495 642 1549 τοὺ
673 1497 964 1550 πολλοστοῦ
995 1496 1173 1551 αὐτῶν
1212 1496 1412 1567 μέρους
1453 1499 1510 1550 ἐν
1539 1497 1833 1550 ἀπολαύσει
1863 1498 1946 1566 γί-

280 1598 453 1636 νεται.
479 1583 544 1635 Τί
579 1583 633 1636 δὲ
662 1583 803 1652 λέγω
832 1585 888 1638 ἐν
920 1583 1212 1638 ἀπολαύσει
1236 1600 1250 1649 ;
1288 1585 1384 1636 Ἂν
1412 1584 1519 1655 γὰρ
1547 1584 1798 1656 βουληθῇ,
1828 1586 1944 1648 πῶς

280 1666 504 1738 ἀρκέσει
534 1667 660 1738 μίαν
686 1668 824 1739 ἔχων
850 1670 1094 1741 γαστέρα
1122 1670 1258 1740 πρὸς
1297 1669 1517 1723 τοσοῦτο
1562 1669 1764 1740 πλῆθος
1808 1688 1943 1742 χρη-

282 1753 467 1823 μάτων
489 1771 506 1820 ;

349 1839 418 1904 ζ’.
448 1840 608 1894 Ἀλλά
621 1841 728 1895 τῶν
746 1841 930 1896 κακῶν
952 1842 1205 1897 ἁπάντων
1219 1843 1280 1897 16
1295 1845 1383 1898 αττ
1391 1847 1514 1916 ιονή
1533 1843 1825 1911 κενοδοξία,
1849 1846 1943 1900 καὶ

277 1925 339 1978 16
367 1926 652 1996 βούλεσθαι
676 1929 776 2000 τὴν
801 1929 1170 2001 προσηγορίαν
1189 1932 1501 1986 ἐπικεῖσθαι
1526 1932 1620 2004 τὴν
1637 1933 1800 1987 αὑτοῦ
1827 1938 1943 1999 τοῖς

279 2013 489 2082 ἀγροῖς,
518 2016 630 2076 τοῖς
657 2013 976 2084 βαλανείοις,
1001 2020 1122 2080 ταῖς
1151 2019 1372 2084 οίκίαις.
1422 2020 1489 2073 Τί
1524 2036 1605 2073 σοι
1641 2020 1704 2073 16
1728 2021 1938 2090 ὄφελος,

279 2097 558 2166 ἄνθρωπε,
608 2099 738 2152 ὅταν
773 2101 891 2170 μετ’
927 2103 989 2155 οὑ
1037 2103 1194 2167 πολὺ,
1241 2105 1476 2176 πυρετοῦ
1525 2105 1937 2171 καταλαϐόντος,

277 2182 474 2252 ἀθρόον
502 2184 850 2258 ἀφιπταμένη
879 2188 1077 2259 ἡψυχὴ
1115 2190 1496 2263 καταλιμπάνῃ
1523 2209 1583 2244 σε
1609 2191 1813 2263 ἔρημον
1846 2194 1940 2248 καὶ

285 2268 504 2338 γυμνὸν,
538 2271 737 2341 μᾶλλον
784 2273 840 2326 δὲ
873 2274 1071 2346 ἀρετῆς
1103 2277 1200 2346 μὲν
1221 2279 1659 2348 γεγυμνωμένον,
1710 2279 1940 2349 περιϐε-

279 2355 544 2426 ϐλημένον
567 2358 625 2412 δέ
653 2359 751 2423 τὰς
778 2360 1012 2425 ἀδικίας,
1048 2364 1148 2426 τάς
1186 2366 1458 2436 ἁρπαγὰς,
1479 2367 1578 2430 τὰς
1606 2367 1937 2434 πλεονεξίας,

275 2444 401 2506 τοὺς
430 2448 784 2515 στεναγμοὺς,
815 2449 904 2502 τὸν
926 2450 1178 2522 ὀδυρμὺν,
1207 2453 1276 2505 τά
1298 2453 1506 2524 δάκρυα
1533 2455 1641 2508 τῶν
1667 2455 1935 2527 ὀρφανῶν,

274 2529 376 2593 τάς
407 2531 718 2600 ἐπιϐουλάς,
768 2537 894 2600 τοὺς
943 2538 1159 2602 δόλους;
1213 2541 1336 2604 Πῶς
1386 2542 1586 2613 δυνήσῃ
1617 2542 1686 2595 τά
1728 2543 1940 2613 μεγάλα

273 2616 446 2672 ταῦτα
472 2619 668 2690 φορτία
692 2622 800 2675 τῶν
848 2623 1258 2696 ἁμαρτημάτων
1306 2628 1442 2699 ἔχων
1475 2630 1815 2700 ἐπικείμενα,
1840 2631 1938 2702 τὴν

276 2704 470 2788 στενὴν
502 2705 678 2777 πύλην
703 2707 916 2780 ἐκείνην
951 2709 1232 2781 διαϐῆναι,
1271 2715 1371 2784 τὴν
1415 2715 1476 2768 οὑ
1504 2716 1809 2788 δυναμένην
1853 2718 1939 2771 δέ-

275 2787 468 2854 ξασθαι
496 2790 588 2844 τὸν
611 2793 774 2861 δγκον
804 2793 898 2846 τοῦ
921 2796 1176 2850 τοσούτου
1212 2795 1508 2868 μεγέθους;
1563 2787 1796 2875 Ἀνάγκη
1832 2805 1938 2857 τοί-

273 2889 370 2928 νυν
395 2877 500 2942 ἐξω
529 2879 789 2948 μένοντα,
803 2881 895 2934 καὶ
925 2881 1028 2934 ὑπὸ
1050 2882 1158 2935 τῶν
1188 2886 1421 2954 φορτίων
1452 2886 1654 2940 τούτων
1676 2888 1937 2962 βαρούμε-

274 2977 364 3013 νον
389 2963 627 3033 ἀνήνυτα
658 2968 1102 3035 μεταγινώσκειν,
1137 2970 1236 3042 ήδη
1263 2971 1368 3042 πρὸ
1397 2972 1504 3026 τῶν
1548 2973 1841 3046 ὀφθαλμῶν
1869 2977 1939 3030 τά

279 3046 606 3122 κολαστήρια
629 3051 840 3122 ὁρῶντα
874 3054 1303 3125 ηὐτρεπισμένα,
1337 3058 1430 3110 καὶ
1449 3058 1511 3111 16
1548 3059 1659 3130 πῦρ
1681 3063 1854 3115 ἐκεῖνο
1877 3063 1939 3116 τὺ

274 3133 501 3220 φοϐερὸν
527 3138 621 3190 καὶ
653 3139 922 3209 μηδέποτε
974 3140 1351 3213 σϐεννύμενον,
1411 3146 1506 3198 καὶ
1539 3147 1631 3200 τὸν
1680 3149 1937 3220 σκώληκα

271 3218 364 3307 160
382 3220 755 3293 ἀτελεύτητον.
801 3225 940 3278 Ἀλλ’
967 3227 1020 3280 ετ
1047 3245 1130 3290 τις
1156 3231 1290 3300 ήμῖν
1324 3230 1481 3300 λόγος
1517 3233 1614 3305 τῆς
1662 3218 1939 3307 σωτηρίας

272 3306 369 3376 τῆς
391 3308 690 3396 Δἡμετέρας,
740 3312 814 3375 ὡς
871 3313 951 3366 ἔτι
986 3315 1174 3386 καιρὸν
1227 3317 1444 3389 ἔχομεν,
1477 3306 1938 3396 ἀποστῶμενίτῆς

273 3393 487 3479 κακίας,
523 3399 616 3450 καὶ
646 3399 744 3469 τὴν
781 3402 982 3472 ἀρετὴν
1016 3404 1460 3476 μεταδιώξωμεν,
1509 3409 1602 3479 τῆς
1635 3393 1937 3478 κενοδοξίας

271 3476 635 3574 ὑπερίδωμεν.
675 3487 795 3574 ΔΔιὰ
839 3486 993 3539 τοῦτο
1047 3491 1156 3560 γάρ
1203 3494 1298 3544 καὶ⁵
1335 3495 1466 3564 κενή
1504 3476 1743 3563 λέγεται,
1784 3476 1935 3574 [ἰοί]

271 3565 460 3634 ἐπειδὴ
474 3566 718 3656 διάκενος
742 3575 856 3624 ἐστι
889 3575 982 3644 καὶ
1004 3575 1156 3628 οὐδὲν
1184 3577 1382 3647 ἔχουσα
1408 3579 1642 3650 βέϐαιον,
1668 3565 1806 3639 οὑδὲ-
1836 3565 1935 3656 μό-ἶ

272 3667 447 3747 νιμον,
480 3652 593 3748 ἀλλ’
629 3655 824 3748 ἀπάτηΔ
854 3658 1019 3748 μόνον
1063 3661 1357 3733 ὀφθαλμῶν
1386 3667 1684 3736 τυγχάνει,
1735 3652 1864 3743 πρὶν
1899 3675 1931 3748 η

272 3736 916 3829 φανῆναιγάφιπταμένη.
959 3747 1029 3800 Ἦ
1057 3748 1154 3819 οὑχ
1184 3749 1401 3821 ὁρῶμεν
1437 3754 1528 3806 160
1557 3736 1794 3829 σήμερον
1829 3736 1934 3814 61.6

267 3823 718 3921 τῶνβαϐδούχων
741 3835 1218 3921 προπεμπόμενον,
1242 3841 1336 3893 καὶ
1360 3841 1466 3894 ὑπὸ
1487 3842 1595 3897 τῶν
1610 3823 1932 3921 δορυφόρων

269 3910 660 4005 κυκλούμενον,
715 3918 905 3990 αὑριον
955 3923 1215 3988 πολλάκις
1245 3926 1613 4000 δεσμωτήριον
1657 3910 1928 4005 οἰκοῦντα,

268 3999 543 4096 καίημετά.
572 4004 679 4057 τῶν
704 4007 1023 4096 κακούργων
1063 4015 1458 4085 στρεφόμενονς
1509 4020 1573 4072 Τί
1599 4021 1804 4093 ταύτης
1833 3999 1932 4096 τῆς

267 4085 435 4185 κενῇ-ς
460 4090 554 4142 καὶ
583 4093 817 4185 ματαίας
843 4095 999 4185 δόξης
1027 4099 1463 4173 ἀπατηλάτερονς
1523 4105 1584 4159 El
1615 4108 1672 4162 δὲ
1723 4085 1817 4162 καὶ

264 4172 324 4224 ἐν
346 4173 424 4243 τῷ
458 4178 687 4265 παρόντι
714 4181 782 4234 τά
808 4181 908 4252 τῆς
932 4186 1232 4259 μεταϐολῆς
1254 4172 1415 4244 αὑτὸν
1443 4192 1742 4265 ἐκδέξηται,
1775 4199 1805 4250 6
1833 4172 1932 4252 θάΞ

264 4276 422 4323 νατος
450 4264 937 4358 πάχτωςᾳέπελθὼν
963 4272 1175 4343 διέκοψε
1194 4276 1292 4346 τὴν
1320 4264 1636 4348 εὐημερίαν,
1660 4283 1753 4335 καὶ
1779 4286 1808 4337 6
1832 4287 1930 4358 σή-

463 4350 641 4444 σοϐῶν
667 4353 887 4444 ἐπὶλτῆς
911 4357 1137 4444 ἀγορᾶς,
1185 4362 1279 4414 καὶ
1325 4366 1403 4427 εἰς
1440 4365 1810 4440 δεσμωτήριον
1837 4350 1929 4444 ἐμ-

269 4430 494 4526 ϐάλλων,
555 4438 652 4526 καὶ
701 4439 796 4493 ἐπὶ
852 4442 940 4495 106
973 4444 1163 4515 θρόνου
1210 4430 1550 4519 καθήμενος,
1580 4430 1928 4526 καὶημεγάλα

271 4519 469 4617 φρσιῖη,
523 4524 787 4617 τοὺς
816 4529 1060 4596 ἅπαντας
1092 4535 1412 4606 ἀνθρώπους
1451 4539 1526 4603 ὼς
1557 4519 1729 4606 σκιάς-
1759 4519 1924 4617 ὁρῶν,

266 4604 554 4703 ἀθρόον-τῇ
587 4613 716 4684 ἐξῆς
745 4618 917 4703 κεῖται
954 4620 1145 4690 νεκρὸς
1185 4604 1405 4688 ἀπνους,
1445 4604 1707 4693 δυσωδίας
1757 4604 1925 4703 ἐμπεί

264 4692 594 4784 πλησμένος,
649 4701 869 4774 μυρίαις
907 4709 1259 4778 κατηγορίαις
1301 4710 1643 4784 βαλλόμενος,
1677 4692 1923 4776 ὑπδτῶν

261 4779 648 4872 ἀδικηθέντων,
677 4789 780 4842 ὑπὸ
798 4791 908 4844 τῶν
929 4793 1094 4864 μηδὲν
1117 4779 1500 4867 ἀδικηθέντων,
1521 4779 1924 4872 συναλγούντων

394 4869 729 4962 ἀδικηθεῖσι.
745 4877 811 4930 Τί
831 4878 926 4932 106
953 4881 1195 4936 τοιούτου
1219 4883 1577 4958 ἐλεεινότερον
1603 4869 1798 4957 γένοιτ’
1819 4893 1921 4962 άν;

263 4950 366 5044 βαι
399 4954 466 5008 τά
491 4957 590 5026 μέν
620 4960 942 5031 συλλεγέντα
964 4967 1177 5023 ᾶπαντα
1211 4950 1682 5044 πολλάκιςέχθροὶ
1711 4978 1805 5030 καὶ

260 5039 438 5109 λέμιοι
472 5045 608 5114 πρὸς
622 5047 883 5121 ἀλλήλους
909 5054 1246 5126 διενείμαντο
1264 5075 1276 5089 ·
1313 5059 1381 5111 τά
1405 5058 1461 5110 δὲ
1489 5039 1558 5112 ἐκ
1578 5039 1781 5116 ⁴τούτων
1801 5065 1922 5119 ἐπι-

261 5129 601 5216 σωρευθέντα
660 5146 686 5175 ι
745 5137 894 5210 αὑτῷ
949 5142 1319 5214 ἁμαρτήματα
1365 5143 1542 5197 λαὸὼν
1589 5147 1796 5215 ἄπεισι,
1824 5151 1922 5216 τὰς

259 5213 637 5312 ὑπὲρπούτων
666 5223 961 5312 ἀπολογίας
1001 5232 1139 5298 μετά
1159 5213 1369 5302 πολλῆς
1395 5213 1793 5306 ἀπαιτούμενος
1823 5213 1921 5312 τῆς

256 5301 565 5396 ἀκριϐείας.
606 5308 698 5363 Διὸ
718 5314 1041 5383 παρακαλῶ,
1071 5301 1361 5385 φεύγοντες
1397 5319 1493 5390 τὴν
1527 5301 1686 5393 κενήν
1718 5301 1921 5396 ταύτην

256 5388 435 5454 δόξαν,
481 5394 580 5464 τήν
605 5396 780 5470 άληθῆ
839 5403 1182 5475 ποθήσωμεν,
1221 5408 1315 5460 καὶ
1354 5388 1793 5471 διαιωνίζουσανο
1825 5388 1921 5466 κάὶ

259 5480 399 5548 μήτε
427 5486 723 5555 χρημάτων
755 5489 895 5561 ιρως
935 5494 1081 5564 ἡμᾶς
1107 5495 1528 5561 ὑποσκελιζέτω,
1568 5499 1706 5569 μήτε
1741 5498 1920 5552 ἐπιθυε

578 5635 943 5702 ίκσωρευθένταο
992 5640 1101 5691 δίοι
1127 5644 1266 5694 mum
1310 5658 1422 5694 ωδε.
1463 5647 1546 5703 τὰς
1587 5649 1702 5712 ὑπὲρ
1735 5648 1914 5697 τούτων

258 5693 569 5751 παρανομίας.

1433 341 1498 398 ΙΝ
1537 342 1689 398 CAP.
1732 341 1798 397 Vl
1839 339 2086 400 GENES.
2131 341 2358 400 IIOMIL.
2393 343 2583 399 XXIII.

2066 458 2194 526 μίας
2217 459 2346 526 φλὸξ
2375 459 2736 522 κατακαιέτω,
2785 460 2917 530 μήτε
2956 459 3150 530 φθόνος
3180 458 3275 515 καὶ
3325 459 3590 529 βασκανία
3618 479 3701 531 τη-

2058 543 2223 607 κέτω,
2259 547 2395 615 μήτε
2416 547 2584 615 θυμὸς
2615 547 2942 616 ἐμπρησμὸν
2972 550 3102 616 ἡμῖν
3128 547 3551 617 ἀπεργαζέσθω·
3577 548 3712 600 ἀλλά

2057 630 2232 682 πάντα
2256 632 2424 685 ταῦτα
2448 632 2516 685 τά
2537 633 2746 703 πονηρά
2783 633 2877 686 καὶ
2897 633 3112 703 ὀλέθρια
3144 635 3289 706 πάθῃ
3326 637 3390 705 τῇ
3419 634 3593 705 δρόσῳ
3619 634 3712 688 τοῦ

2057 716 2372 786 Πνεύματος
2421 719 2852 782 κατασϐέσαντες
2885 719 3222 789 ὑπερίδωμεν
3263 721 3372 772 τῶν
3410 721 3712 791 παρόντων,

2056 801 2382 872 ποθήσωμεν
2412 803 2477 856 τά
2517 804 2796 874 μέλλοντα,
2821 804 3025 857 ἔννοιάν
3050 821 3170 856 τινα
3192 805 3442 875 λάϐωμεν
3465 807 3564 876 τῆς
3587 808 3706 876 μελ-

2054 886 2253 958 λούσης
2288 889 2519 960 ὴμέρας,
2550 891 2643 943 καὶ
2672 890 2870 961 πολλὴν
2893 889 2986 943 τοῦ
3021 891 3135 960 βίου
3163 889 3258 960 τὴν
3279 891 3559 961 ἀκρίϐειαν
3591 895 3709 945 ἐπι·

2051 971 2374 1043 δειξώμεθα.
2406 975 2538 1028 Οὑδὲ
2568 976 2673 1047 γάρ
2702 976 2787 1030 διὰ
2815 975 2972 1029 τοῦτο
3000 977 3078 1038 είς
3108 975 3198 1028 τὸν
3227 975 3340 1045 βίον
3369 977 3554 1031 τοῦτον
3577 996 3710 1048 παρ⁸

2051 1059 2317 1130 ήχθημεν,
2351 1062 2435 1114 ἵνα
2472 1063 2630 1132 μόνον
2649 1063 2916 1133 ἐσθίωμεν
2947 1064 3040 1117 καὶ
3078 1062 3340 1133 πίνωμεν.

2119 1147 2194 1199 Οὑ
2231 1148 2291 1199 16
2320 1148 2418 1219 ζῇν
2444 1149 2532 1202 διά
2559 1151 2620 1202 τὸ
2648 1153 2837 1219 φαγεῖν
2866 1151 2960 1203 καὶ
2993 1152 3132 1203 πιεῖν
3182 1149 3422 1218 γέγονεν,
3455 1147 3588 1201 ἀλλά
3620 1149 3710 1201 διά

2046 1233 2108 1286 16
2137 1233 2236 1303 ζῇν
2265 1234 2325 1286 16
2353 1239 2544 1304 φαγεῖν
2583 1237 2675 1289 καὶ
2706 1240 2867 1290 πιεῖν.
2903 1237 2993 1308 Μή
3037 1237 3216 1289 τοίνυν
3267 1237 3709 1308 ἀντιστρέφωμεν

2046 1320 2145 1392 τὴν
2173 1321 2344 1389 τάξιν,
2375 1325 2508 1394 μήτε
2537 1323 2611 1386 ὡς
2651 1323 2717 1375 δι’
2747 1323 2879 1376 αὑτὸ
2912 1323 3191 1393 γενόμενοι
3217 1321 3360 1375 οὑτω
3410 1325 3475 1394 τῇ
3510 1325 3706 1393 γαστρὶ

2046 1407 2404 1478 δουλεύωμεν,
2435 1410 2526 1462 καὶ
2555 1413 2675 1473 ταῖς
2712 1413 2808 1480 τῆς
2836 1411 3036 1480 σαρκὸς
3063 1410 3305 1481 ἡδοναῖς·
3335 1408 3471 1464 ἀλλά
3497 1411 3597 1480 τὴν
3619 1412 3707 1463 ἐν-

2045 1494 2234 1547 τεῦθεν
2268 1497 2400 1566 ήμῖν
2425 1496 2748 1566 τικτομένην
2799 1497 3001 1567 βλάϐην
3053 1497 3511 1567 ἀναλογιζόμενοι,
3547 1515 3708 1550 κατα-

2047 1582 2351 1652 στέλλωμεν
2371 1585 2468 1653 τῆς
2495 1584 2696 1653 σαρκὸς
2723 1583 2792 1637 τά
2812 1585 3108 1654 κινήματα,
3129 1585 3223 1636 καὶ
3253 1584 3326 1654 μὴ
3351 1583 3704 1655 ῥᾳθυμῶμεν.

2049 1669 2181 1740 μηδὲ
2212 1670 2582 1740 συγχωρῶμεν
2613 1671 2784 1740 αὐτὴν
2833 1671 3316 1734 κατεξανίστασθαι
3354 1670 3454 1740 τῆς
3504 1671 3701 1740 ψυχῆς.

2045 1757 2106 1810 Εἰ
2139 1756 2247 1827 γάρ
2300 1757 2508 1820 Παῦλος
2554 1759 2584 1810 6
2605 1756 2856 1820 τοσοῦτος
2907 1757 3001 1811 καὶ
3037 1757 3370 1828 τηλικοῦτος,
3399 1759 3433 1810 6
3454 1757 3705 1828 καθάπερ

2044 1843 2349 1915 ὑπόπτερος
2375 1843 2472 1914 τήν
2501 1845 2825 1915 οἰκουμένην
2870 1844 3183 1916 διαδραμὼν
3210 1846 3445 1911 ἃπασαν,
3475 1845 3568 1898 καὶ
3591 1845 3703 1898 τῶν

2042 1929 2367 1998 σωματικῶν
2397 1930 2652 1998 ἀναγκῶν
2682 1929 2950 2001 ἀνώτερος
2985 1931 3244 1998 γεγονὼς,
3282 1931 3503 1986 καὶτῶν
3529 1933 3703 2003 ἀρῤή·

2039 2032 2148 2068 των
2180 2017 2401 2070 ἐκείνων
2445 2018 2706 2088 ῥημάτων
2751 2017 2982 2071 ἀκοῦσαι
3010 2016 3380 2083 καταξιωθεὶς,
3408 2013 3484 2072 ὧν
3536 2019 3698 2090 μέχρι

2038 2101 2140 2172 τῆς
2166 2105 2402 2174 σήμερον
2418 2104 2590 2167 οὐδεὶς
2620 2103 2777 2168 ἄλλος
2793 2106 3012 2174 ἢκουσε,
3031 2105 3256 2176 γράφων
3267 2105 3451 2174 έλεγεν
3465 2121 3482 2136 ο
3522 2106 3697 2158 Tm»-

2040 2189 2216 2250 πιάζω
2243 2208 2356 2259 μου
2389 2191 2456 2245 τὸ
2491 2189 2681 2260 σῶμα,
2716 2192 2812 2244 καὶ
2841 2190 3216 2262 δουλαγωγῶ,
3241 2192 3451 2262 μήπως
3485 2192 3698 2261 ἄλλοις

2040 2279 2306 2345 κηρύξας
2337 2277 2520 2344 αὐτὸς
2542 2277 2826 2347 ἀδόκιμος
2858 2279 3141 2348 γένωμαι’
3174 2281 3221 2331 εί
3271 2281 3448 2333 τοίνυν
3494 2282 3729 2348 ἐκεῖνος]

2037 2364 2067 2417 6
2096 2363 2361 2434 τοσαύτης
2389 2363 2638 2429 ἀξιωθεὶς
2681 2365 2918 2434 χάριτος.
2956 2365 3093 2435 μετά
3136 2365 3372 2420 τοσαῦτα
3426 2367 3519 2420 καὶ
3557 2367 3701 2436 τηλι-

2039 2450 2213 2503 καῦτα
2251 2451 2650 2521 κατορθώματα
2678 2451 2846 2504 ἐδεῖτο
2881 2451 2974 2504 τοῦ
3007 2452 3366 2516 ὑπωπιάζειν,
3409 2453 3503 2506 κα)⁵
3555 2453 3701 2507 δουλ-

2041 2539 2295 2606 αγωγεῖν,
2323 2540 2414 2591 καὶ
2439 2538 2758 2592 ὑποτάττειν
2780 2540 2844 2609 τῇ
2881 2539 2978 2608 τῆς
3003 2538 3179 2609 ψυχῆς
3210 2538 3442 2610 ἐξουσίᾳ,
3470 2542 3564 2594 καὶ
3593 2542 3699 2595 ὑπὸ

2036 2623 2134 2694 τὴν
2167 2626 2368 2692 ταύτης
2403 2624 2602 2695 ἀρετὴν
2628 2620 2766 2677 εἶναι
2818 2625 2990 2676 ποιεῖν
3015 2625 3109 2677 106
3155 2623 3403 2694 σώματος
3453 2625 3523 2678 τά
3551 2642 3699 2699 σκιρ-

2034 2711 2256 2780 τήματα
2307 2711 2644 2777 (ὑπωπιάζει
2676 2711 2783 2781 γάρ
2823 2729 2904 2774 τις
2939 2711 2999 2764 16
3032 2711 3570 2782 κατεξανιστάμενον,
3602 2715 3698 2768 καὶ

2034 2796 2364 2865 δουλαγωγεῖ
2388 2797 2447 2849 τὸ
2480 2796 2722 2868 ἀφηνιῶν
2755 2799 2837 2868 ὶ³)·
2871 2797 2924 2851 τί
2951 2793 3043 2851 οὖν
3075 2798 3140 2851 ἂν
3187 2799 3431 2869 εἴποιμεν
3454 2802 3614 2871 ἡμεῖς
3645 2802 3696 2854 οῖ

2037 2883 2255 2936 πάντων
2287 2883 2482 2954 ἔρημοι
2514 2882 2624 2936 τῶν
2645 2883 2884 2951 ἀγαθῶν,
2935 2885 2986 2937 οί
3017 2884 3258 2955 φορτίοις
3286 2885 3697 2956 ἁμαρτημάτων

2039 2968 2188 3043 [205]
2222 2971 2609 3043 βεϐαρημένοι,
2637 2973 2729 3024 καί
2760 2971 2898 3042 πρὸς
2942 2971 3152 3035 τούτοις
3182 2972 3382 3044 πολλὴν
3411 2972 3508 3043 τὴν
3540 2973 3697 3044 ρᾳθυ-

2040 3058 2168 3128 μίαν
2187 3058 2656 3130 ἐπιδεικνύμενοι;
2689 3058 2780 3130 Μὴ
2810 3057 2918 3130 γάρ
2945 3059 3232 3130 ἀνακωχὴν
3260 3059 3371 3131 ἔχει
3395 3061 3425 3113 6
3463 3060 3704 3130 πόλεμος

2035 3139 2220 3211 οὗτοςς
2251 3145 2324 3217 μὴ
2373 3145 2481 3217 γάρ
2524 3145 2715 3217 καιρὸν
2771 3145 3066 3210 ἐπιθέσεως
3114 3147 3407 3219 κέκτηται;
3459 3149 3694 3202 Πάντοτε

2039 3235 2225 3304 νήφειν
2251 3235 2345 3287 καὶ
2373 3234 2733 3305 ἐγρηγορέναι
2750 3233 2847 3296 δεῖ,
2871 3233 2966 3287 καὶ
2996 3235 3260 3305 μηδέποτε
3277 3235 3336 3288 ἐν
3361 3235 3515 3306 ἀδείᾳ
3533 3231 3694 3290 εἶναι·

2037 3321 2157 3373 ἐπεὶ
2193 3320 2326 3390 μηδέ
2366 3321 2481 3373 ἐστι
2515 3319 2705 3391 καιρὸς
2738 3320 3041 3391 ὡρισμένος
3072 3323 3170 3392 τῆς
3211 3319 3304 3374 τοῦ
3334 3320 3697 3391 πολεμοῦντος

2037 3407 2132 3460 καὶ
2168 3405 2585 3476 ἐπεμϐαίνοντος
2613 3417 2636 3445 ο
2670 3407 2800 3476 ήμῖν
2829 3405 3141 3469 ἐπιθέσεως.
3186 3405 3296 3458 Ἀεὶ
3328 3405 3506 3458 τοίνυν
3531 3424 3697 3482 φρονο

2033 3493 2290 3562 τίζωμεν,
2312 3493 2396 3545 ἀεὶ
2428 3491 2778 3563 μεριμνώμεν
2800 3491 2926 3561 περὶ
2951 3491 3050 3561 τῆς
3077 3490 3347 3561 σωτηρίας
3374 3490 3473 3561 τῆς
3498 3493 3696 3561 ἡμετέ-

2037 3597 2158 3652 ρας,
2194 3579 2278 3632 ῐνα
2311 3578 2452 3631 οὑτω
2499 3576 2813 3647 δυνηθῶμεν
2867 3579 2962 3630 καὶ
2989 3578 3142 3629 αὑτοὶ
3195 3577 3458 3631 ἀνάλωτοι
3491 3582 3692 3649 μεῖναι,

2035 3667 2130 3720 καὶ
2160 3666 2258 3729 τὰς
2290 3663 2442 3734 παρά
2490 3661 2582 3716 106
2618 3662 2875 3732 πολεμίου
2923 3663 3167 3732 μηχανὰς
3210 3664 3559 3734 διαφυγόντες
3593 3667 3694 3738 τῆς

2035 3751 2188 3824 παρὰ
2223 3750 2314 3804 τοῦ
2363 3748 2497 3802 Θεοῦ
2547 3748 2955 3820 φιλανθρωπίας
3005 3749 3344 3819 ἀξιωθῶμεν,
3392 3751 3572 3822 χάριτι
3599 3755 3694 3808 καὶ

2033 3839 2334 3908 οίκτιρμοῖς
2353 3836 2446 3889 τοῦ
2469 3834 2803 3903 Μονογενοῦς
2830 3834 3016 3900 αὑτοῦ,
3044 3835 3162 3906 μεθ’
3187 3830 3248 3890 οὑ
3271 3836 3350 3907 τῷ
3380 3838 3552 3909 Πατρὶ
3577 3839 3693 3910 ἀμα

2032 3923 2112 3993 τῷ
2143 3921 2284 3993 άγίῳ
2318 3921 2592 3992 Πνεύματι
2623 3919 2768 3986 δόξα,
2794 3922 3013 3994 κράτος,
3043 3922 3198 3994 τιμὴ,
3231 3923 3326 3978 νῦν
3349 3925 3442 3978 καὶ
3469 3926 3578 3990 ἀεὶ,
3599 3928 3694 3982 καὶ

2033 4010 2112 4073 είς
2143 4011 2270 4073 τοὺς
2299 4009 2501 4072 αἰῶνας
2527 4007 2637 4062 τῶν
2664 4007 2893 4062 αἰώνων.
2939 4009 3128 4079 Ἀμήν.

2659 4097 2901 4150 ΟΜΙΛῙΔ
2933 4097 3059 4150 Kl".

2031 4183 2159 4238 Νῶε
2184 4182 2252 4237 δὲ
2271 4177 2410 4251 εὗρε
2438 4181 2611 4251 χάριν
2637 4183 2914 4236 ἐναντίον
2931 4184 3150 4251 Kvplov
3174 4183 3281 4239 τοῦ
3311 4184 3480 4240 Θεοῦ.
3507 4183 3690 4244 Αὖται

2097 4253 2168 4306 δὲ
2214 4255 2274 4306 αἱ
2306 4251 2586 4323 γενέσεις
2627 4252 2771 4323 Νῶε.
2802 4251 2931 4306 Νῶε
2967 4253 3284 4323 ἀνθρώποις
3309 4253 3556 4323 δίκαιος,
3597 4257 3689 4311 τό-

2095 4327 2259 4446 ὶινεέυς
2291 4319 2375 4375 ὢν
2404 4322 2474 4375 ἐν
2494 4319 2568 4391 τῇ
2602 4321 2779 4391 γενεᾷ
2804 4322 2990 4377 αὑτοῦ
3010 4341 3023 4355 ·
3054 4319 3134 4390 τῷ
3162 4319 3283 4390 Θεῷ
3316 4319 3690 4396 εὑηρέὰτησε

2146 4410 2241 4446 ωε.

2146 4410 2241 4446 ωε.

2097 4486 2168 4534 α’.
2198 4478 2380 4532 Εῖδετε
2409 4480 2465 4532 ἐν
2484 4481 2594 4542 τοῖς
2609 4478 2708 4550 ἤδη
2741 4479 2997 4550 ῥηθεῖσιν,
3021 4479 3142 4534 ὅσον
3157 4480 3257 4551 τῆς
3285 4482 3690 4554 φιλανθρωπίας

2025 4567 2119 4620 106
2144 4568 2280 4622 Θεοῦ
2308 4568 2368 4620 16
2395 4566 2644 4637 μέγεθος,
2673 4567 2766 4618 καὶ
2799 4567 2936 4635 πόση
2962 4566 3126 4620 αὑτοῦ
3153 4570 3252 4636 τῆς
3274 4568 3621 4632 ἀνεξικακίας
3654 4571 3688 4641 ή

2026 4654 2340 4725 ὑπερϐολή;
2374 4655 2544 4707 εἰδετε
2581 4651 2691 4705 τῶν
2718 4652 2840 4704 τότε
2872 4652 3172 4722 ἀνθρώπων
3216 4653 3316 4722 τῆς
3359 4655 3554 4716 κακίας
3589 4655 3688 4724 τὴν

2025 4741 2273 4792 ἐπίτασιν
2297 4755 2310 4801 ς
2333 4739 2672 4809 κατεμάθετε
2710 4738 2768 4789 ἐν
2795 4738 2944 4807 μέσῳ
2975 4737 3213 4806 τοσούτῳ
3245 4738 3438 4807 πλήθει
3458 4740 3557 4808 δση
3590 4739 3685 4792 106

2023 4824 2231 4878 δικαίου
2261 4826 2482 4893 γέγονεν
2520 4825 2554 4891 ὴ
2579 4821 2766 4892 ἀρετὴ,
2788 4823 2878 4874 καὶ
2898 4824 2978 4874 ὅτι
2997 4822 3147 4874 οὑδέν
3174 4822 3335 4875 αὑτὸν
3359 4822 3682 4894 ἐλυμήνατο,

2023 4911 2144 4964 οὔτε
2173 4913 2208 4982 ή
2237 4909 2524 4980 συμφωνία
2555 4906 2778 4960 ἐκείνων
2799 4907 2892 4959 ἐπὶ
2912 4907 3013 4977 τὴν
3045 4908 3241 4961 κακίαν
3275 4908 3535 4978 ῥέπουσα,
3559 4909 3682 4962 οὔτε

2021 4996 2084 5049 16
2119 4996 2276 5064 μόνον
2307 4997 2364 5047 ἐν
2397 4994 2545 5064 μέσῳ
2561 4991 2764 5044 τούτων
2801 4992 3153 5062 ἀπειλῆφθαι,
3185 4994 3276 5047 καὶ
3303 4994 3403 5064 τὴν
3434 4994 3682 5048 ἐναντίαν

2022 5081 2228 5134 ὁδεύειν
2261 5079 2413 5144 6660;
2474 5076 2738 5149 Καθάπερ
2798 5077 2906 5150 γάρ
2955 5079 3292 5150 κυϐερνήτης
3316 5081 3534 5152 ἀριστος
3555 5083 3680 5148 τοὺς

2022 5169 2119 5239 τῆς
2148 5166 2385 5229 διανοίας
2413 5167 2604 5230 οτακας
2636 5166 2774 5236 μετὰ
2810 5165 3005 5238 πολλῆς
3045 5167 3145 5236 τῆς
3175 5168 3480 5239 ἀγρυπνίας
3513 5185 3679 5238 μετα-

2022 5253 2410 5324 χειριζόμενος,
2441 5255 2540 5306 οὑκ
2567 5253 2717 5322 ἠφίει
2747 5253 3245 5324 καταϐαπτισθῆναι
3272 5254 3334 5308 16
3354 5255 3558 5324 σκάφος
3575 5257 3680 5310 ὑπὺ

2020 5340 2119 5410 τῆς
2150 5339 2506 5410 σφοδρότητος
2533 5339 2641 5394 τῶν
2689 5339 2787 5410 τῆς
2827 5341 3024 5402 κακίας
3059 5341 3336 5409 κυμάτων,
3384 5342 3519 5395 ἀλλά
3543 5343 3682 5397 ἀνώο

2022 5441 2176 5495 τερος
2208 5423 2301 5477 τοῦ
2333 5426 2596 5496 χειμῶνος
2618 5422 2880 5493 γεγονὼς,
2914 5425 3007 5477 καὶ
3044 5425 3296 5494 πελάγιος
3321 5426 3579 5493 σαλεύων,
3603 5428 3685 5494 ὡς

2029 5591 2043 5606 .
2087 5529 2112 5567 ιι
2148 5528 2382 5600 Ἀρηνιῶν
2425 5542 2487 5577 ex
2529 5528 2722 5578 duobus
2756 5542 2871 5578 mss.
2899 5528 3380 5581 restituimuszanle
3420 5532 3681 5595 legebam!

2021 5607 2264 5652 αφηνιουν.

2087 5653 2112 5720 ξ
2149 5651 2280 5720 μεμε,
2309 5650 2818 5720 καὶΠὲπεμδαίγοντος.
2859 5655 3038 5706 desum
3082 5655 3129 5704 in
3172 5653 3393 5717 plurimis
3419 5669 3558 5717 ωδε..
3590 5655 3681 5709 πω

2035 5712 2279 5760 habemur
2317 5715 2367 5758 in
2392 5710 2584 5759 ιιοτςει
2617 5711 2727 5761 Sav.
