4116 6196
467 331 572 386 Ιθῗ

461 448 521 500 ἐν
543 443 719 516 λιμένι
735 441 1062 512 καθήμενος,
1083 433 1228 490 οὕτω
1247 438 1344 509 τῆς
1358 437 1561 508 ἀρετῆς
1574 437 1635 490 τὸ
1652 409 2130 505 πηδάλιονῖθύνων

463 532 620 594 ἐκτὸς
647 527 835 582 ἑαυτὸν
879 524 1179 593 κατέστησε
1204 523 1300 576 τοῦ
1333 523 1618 594 μέλλοντος
1665 520 1956 575 κλυδωνίου
2004 520 2130 581 τοὺς

460 617 601 672 uti
626 615 724 683 τήν
749 613 1073 682 οἰκουμένην
1113 610 1357 674 ἅπαντας
1395 607 1822 680 καταλήψεσθαι.
1866 605 2131 659 Τοσοῦτον

461 703 608 754 ἐστιν
653 698 823 769 ἀρετὴ
875 700 1126 770 πρᾶγμα,
1180 696 1467 757 ἀθάνατον,
1516 697 1611 748 καὶ
1660 694 1980 765 ἀχείρωτον,
2029 691 2131 744 οὐκ

458 781 606 839 εἶκον
629 787 750 848 ταῖς
769 783 864 838 τοῦ
899 785 1166 855 παρόντος
1201 783 1314 853 βίου
1343 782 1703 853 ἀνωμαλίαις,
1735 781 1848 835 ἀλλ’
1873 778 2130 851 ὑπεράνω

457 873 565 925 τῶν
587 871 688 942 τῆς
717 871 916 935 κακίας
944 871 1176 924 δικτύων
1195 870 1571 940 ἀφιπταμένη,
1594 868 1847 937 καθάπερ
1868 867 1959 935 ἀφ’
1991 865 2130 936 ὑψη-

457 959 557 1030 λῆς
592 975 739 1022 τινος
785 960 1036 1022 σκοπιᾶς,
1072 958 1243 1020 οὕτως
1275 957 1493 1010 ἀπαντα
1547 957 1614 1010 τά
1641 955 1956 1027 ἀνθρώπινα
1994 953 2130 1007 καθ-

454 1046 663 1117 ορῶσα,
701 1045 912 1109 οὐδενὸς
957 1044 1341 1098 ἐπαισθάνεται
1370 1043 1479 1096 τῶν
1512 1047 1624 1106 τοῖς
1656 1043 1836 1106 ἀλλοις
1869 1040 2129 1112 λυπηρῶν

458 1131 819 1203 φαινομένων.
868 1131 1006 1183 Ἀλλ’
1053 1130 1242 1200 ὥσπερ
1269 1132 1297 1182 6
1341 1130 1436 1182 ἐπὶ
1469 1130 1674 1200 πέτρας
1723 1128 1868 1191 τινὸς
1919 1129 2128 1199 ὑψηλῆς

458 1221 631 1284 ἐστὼς
656 1220 934 1291 καταγελᾷ
963 1219 1073 1274 τῶν
1094 1237 1163 1273 κυ
1173 1219 1380 1290 μάτων,
1402 1218 1621 1272 ἐπειδὰν
1643 1219 1728 1290 ῖδῃ
1758 1218 1933 1272 ταῦτα
1958 1234 2127 1288 προσ-

459 1305 776 1378 ρηγνύμενα
813 1308 910 1376 μὲν
960 1308 1027 1376 τῇ
1068 1307 1266 1377 πέτρᾳ,
1316 1309 1393 1369 εἰς
1447 1307 1615 1376 ἀφρὸν
1643 1306 1700 1359 δὲ
1733 1305 1895 1368 εὐθὺς
1916 1304 2127 1358 διαλυό-

463 1411 601 1464 μενα
622 1409 639 1426 ο
679 1392 821 1446 οὕτω
850 1392 914 1463 δὴ
952 1391 1049 1445 καὶ¹
1081 1395 1110 1446 6
1159 1391 1256 1463 τὴν
1312 1394 1513 1464 ἀρετήν
1545 1391 1761 1463 μετιὼν,
1803 1395 1860 1446 ἐν
1896 1392 2129 1460 ἀσφαλεῖ

459 1481 644 1552 χωρίῳ
675 1479 954 1543 καθεστὼς
978 1480 1130 1532 οὐδὲν
1151 1479 1312 1550 ἀηδὲς
1336 1480 1595 1550 ὑπομένει
1614 1480 1719 1533 ὑπὸ
1735 1479 1836 1548 τῆς
1863 1480 1970 1532 τῶν
1993 1496 2129 1550 πρα-

457 1569 685 1636 γμάτων
711 1568 975 1638 ταραχῆς,
1003 1566 1117 1620 ἀλλ’
1146 1568 1203 1620 ἐν
1224 1566 1422 1637 ήσυχία
1439 1556 1758 1638 κάθηταιτῇ
1779 1567 1886 1620 τῶν
1912 1567 2126 1620 οἰκείων

457 1653 732 1725 λογισμῶν
759 1653 1046 1725 ἐντρυφῶν
1073 1652 1301 1724 γαλήνῃ,
1337 1653 1434 1706 καὶ
1465 1653 1683 1718 ἐννοῶν,
1736 1654 1811 1716 ώς
1839 1652 1991 1706 οὐδὲν
2016 1653 2127 1706 τῶν

458 1741 742 1812 ποταμίων
796 1741 1082 1811 ῥευμάτων
1135 1741 1407 1812 διενήνοχε
1457 1741 1528 1794 τά
1562 1739 1657 1794 τοῦ
1713 1739 1979 1810 παρόντος
2010 1738 2125 1809 βίου

457 1829 758 1898 πράγματα
795 1827 934 1898 μετά
954 1829 1224 1896 τοσαύτης
1251 1827 1498 1890 εὐκολίας
1519 1828 1613 1880 καὶ
1637 1825 1815 1896 ῥύμης
1847 1824 2124 1896 παρατρέ-

457 1931 642 1984 χοντα.
677 1913 945 1984 Καθάπερ
979 1914 1086 1984 γάρ
1119 1915 1266 1968 ἐστιν
1305 1914 1432 1967 ἰδεῖν
1461 1914 1530 1970 τά
1562 1913 1664 1984 τῆς
1712 1913 1988 1984 Θαλάσσης
2029 1911 2125 1966 κύο

461 2018 608 2070 ματα
633 2000 726 2054 νῦν
760 2001 857 2072 μὲν
893 2004 974 2064 εἰς
1003 2002 1136 2071 ῦψος
1169 2003 1376 2069 ἄφατον
1403 2002 1688 2072 αἰρόμενα,
1717 2000 1912 2072 ἀθρόον
1931 1999 1988 2052 δέ
2021 2000 2125 2053 πά-

455 2086 540 2139 λιν
561 2087 958 2157 ταπεινούμενα
977 2108 990 2120 ·
1018 2089 1108 2142 τὸν
1136 2089 1298 2142 αὐτὸν
1323 2090 1388 2160 δὴ
1413 2089 1611 2160 τρόπον
1642 2089 1736 2142 καὶ
1766 2090 1892 2151 τοὺς
1923 2086 2126 2157 ἀρετῆς

457 2175 612 2248 [206]
643 2175 1000 2247 ἀμελοῦντας,
1027 2179 1120 2232 καὶ
1170 2179 1270 2249 τήν
1323 2179 1522 2233 κακίαν
1557 2179 1839 2249 μετιόντας
1884 2177 2120 2248 ὁρῶμεν,

455 2262 554 2316 νῦν
584 2262 682 2332 μὲν
715 2263 1271 2336 μεγαλοφρονοῦντας,
1297 2267 1389 2319 καὶ
1417 2266 1516 2329 τάς
1541 2265 1712 2336 ὀφρῦς
1743 2263 2120 2327 ἀνασπῶντας,

455 2349 552 2402 καὶ
583 2351 711 2421 περὶ
732 2349 801 2404 τά
821 2350 914 2404 τοῦ
945 2351 1211 2422 παρόντος
1243 2351 1358 2421 βίου
1403 2352 1702 2423 πράγματα
1733 2350 2121 2420 ἐπτοημένους,

455 2435 650 2506 ἀθρόον
673 2437 730 2490 δὲ
745 2439 1225 2509 ταπεινουμένους,
1256 2440 1348 2493 καὶ
1367 2441 1447 2502 εἰς
1475 2439 1708 2508 ἐσχάτην
1729 2438 2122 2507 ἐλαυνομένους

454 2525 667 2579 πενίαν.
705 2525 939 2591 Τούτους
967 2527 1076 2600 γάρ
1109 2528 1203 2581 καὶ
1225 2529 1255 2580 6
1287 2527 1554 2598 μακάριος
1587 2527 1750 2578 Δαυῖδ
1777 2528 1805 2579 ὀ
1838 2526 2121 2596 προφήτης

453 2612 823 2683 αἰνιττόμενος
873 2615 1059 2684 ἐλεγεο
1105 2615 1202 2684 Μὴ
1257 2616 1446 2684 φοϐοῦ
1488 2616 1634 2668 ὅταν
1662 2614 1980 2683 πλουτήσῃ
2014 2614 2121 2668 ἇν-

451 2709 706 2770 θρωπος,
737 2705 775 2772 ἢ
803 2704 948 2757 ὅταν
969 2701 1286 2772 πληθυνθῇ
1313 2704 1353 2771 ἠ
1385 2705 1533 2767 δόξα
1564 2703 1670 2758 τοῦ
1701 2704 1870 2756 οτκου
1901 2701 2117 2756 αὐτοῦ·

451 2787 543 2840 ὅτι
569 2791 681 2843 οὐκ
719 2789 789 2842 ἐν
809 2787 888 2853 τῷ
904 2789 1314 2855 ἀποθνήσκειν
1327 2789 1514 2843 αὑτὸν
1531 2789 1782 2858 λήψεται
1807 2788 1880 2842 τὰ
1902 2788 2117 2844 πάντα.

454 2877 558 2931 Καὶ
592 2877 771 2941 καλῶς
808 2872 949 2938 εἷπε,
971 2875 1069 2943 Μὴ
1099 2875 1308 2944 φοϐοῦ.
1342 2877 1433 2946 Μή
1471 2893 1527 2929 σε
1565 2875 1884 2947 θορυϐείτω,
1931 2875 2117 2946 φησιν,

376 3023 382 3030 ,
451 2967 487 3033 ή
521 2963 616 3018 τοῦ
664 2963 892 3018 πλούτου
934 2963 1240 3034 περιουσία,
1272 2964 1368 3017 καὶ
1399 2964 1554 3034 ήτῆς
1582 2963 1739 3027 δόξης
1770 2963 2115 3034 περιφάνεια.

455 3051 617 3122 Ὀψει
657 3052 766 3122 γάρ
795 3053 910 3122 μετ’
936 3051 995 3103 ού
1027 3049 1160 3104 πολὺ
1197 3049 1372 3119 χαμαὶ
1424 3049 1693 3118 κείμενον,
1740 3050 2117 3121 ἀνενέργητον,

450 3139 664 3212 νεκρὸν,
697 3137 1048 3208 ἐρριμμένον,
1081 3135 1386 3206 σκωλήκων
1416 3135 1734 3204 γιγνόμενον
1764 3136 1990 3206 τροφὴν,
2020 3154 2115 3205 γυο

457 3223 586 3292 μνὸν
607 3222 808 3276 τούτων
835 3222 1092 3275 ἁπάντων
1121 3222 1461 3291 γιγνόμενον,
1506 3222 1601 3274 καὶ
1646 3221 1796 3274 ούδέν
1835 3221 1971 3283 ὅλως
1999 3221 2116 3292 μεθ’

452 3310 645 3364 ἑαυτοῦ
671 3311 991 3378 ἀπενεγκεῖν
1020 3307 1332 3378 δυνηθέντα,
1359 3307 1474 3361 ἀλλ’
1497 3306 1732 3361 ἐνταῦθα
1765 3308 1979 3361 ἅπαντα
2015 3325 2117 3361 κα-

451 3395 767 3451 ταλιπόντα.
793 3397 884 3466 Μή
904 3395 1080 3449 τοίνυν
1108 3397 1176 3448 τά
1204 3395 1447 3465 παρόντα
1480 3393 1602 3447 ἰδὼν
1629 3393 1962 3466 άγωνιάτῃς,
1983 3396 2117 3466 μηδέ

457 3483 767 3556 μακαρίσῃς
797 3482 888 3536 τὸν
939 3481 1079 3548 μετά
1107 3481 1312 3554 βραχὺν
1364 3481 1551 3552 χρόνον
1585 3482 1643 3534 ἐν
1684 3481 1890 3553 ἐρημίᾳ.
1914 3481 2117 3535 τούτων

456 3570 715 3641 μέλλοντα
749 3569 1013 3639 γίνεσθαι.
1051 3569 1302 3622 Τοιοῦτον
1334 3569 1443 3638 γάρ
1482 3571 1514 3639 ή
1549 3569 1800 3640 παροῦσα
1826 3569 2115 3640 εύημερία,

452 3657 547 3711 καὶ
575 3659 608 3728 ή
635 3656 730 3710 τοῦ
758 3656 986 3710 πλούτου
1018 3656 1179 3726 φύσις
1202 3673 1217 3688 ο
1247 3656 1308 3710 ού
1346 3657 1716 3727 συναποδημεῖ
1730 3659 1841 3720 τοῖς
1871 3657 2118 3712 ἐντεῦθεν

455 3743 890 3815 μεθισταμένοις,
917 3745 1031 3798 ἀλλ’
1061 3743 1291 3798 ἐνταῦθα
1319 3743 1490 3815 αὐτὴν
1520 3744 1739 3798 ἃπασαν
1792 3743 2118 3800 καταλιπόν-

449 3849 562 3894 τες,
588 3831 785 3900 γυμνοὶ
808 3831 902 3883 καὶ
930 3831 1124 3900 ἔρημοι
1153 3831 1368 3892 ἀπίασι,
1404 3830 1569 3899 μόνην
1603 3829 1700 3900 τὴν
1740 3830 1938 3884 κακίαν
1963 3847 2120 3901 περι-

450 3917 796 3987 ϐεϐλημένοι,
828 3917 920 3970 καὶ
949 3917 1020 3969 τά
1039 3919 1102 3969 ἐκ
1123 3915 1324 3986 ταύτης
1353 3916 1538 3978 αὐτοῖς
1579 3916 1908 3984 συλλεγέντα
1933 3917 2111 3988 ἀμαρ-

451 4004 711 4073 τημάτων
763 4003 980 4074 φορτία.
1030 4003 1152 4056 Ἐπὶ
1175 4002 1234 4056 δέ
1257 4003 1360 4072 τῆς
1408 4002 1611 4073 ἀρετῆς
1639 4002 1880 4057 τοιοῦτον
1928 4003 2114 4057 οὐδέν·

450 4091 588 4145 ἀλλά
615 4091 708 4144 καὶ
738 4090 970 4144 ἐνταῦθα
1009 4091 1310 4162 ἀνωτέρους
1353 4089 1462 4142 τῶν
1498 4089 1953 4144 ἐπιϐουλευόντων
1982 4091 2117 4144 καθ-

455 4177 655 4249 ίστησι,
675 4177 768 4231 καὶ
797 4176 1106 4239 ἀναλώτους
1137 4175 1450 4246 ἐργάζεται,
1484 4177 1580 4229 καὶ
1611 4175 1834 4246 διηνεκῆ
1866 4177 1964 4247 τὴν
1997 4177 2118 4247 ήδο-

451 4266 547 4336 νήν
575 4264 880 4335 χαρίζεται,
906 4265 998 4316 καὶ
1027 4263 1126 4315 οὐκ
1154 4264 1346 4333 ἀφίησι
1373 4263 1473 4332 τῆς
1486 4262 1594 4316 τῶν
1617 4264 1956 4334 πραγμάτων
1978 4265 2118 4318 ἀνω-

456 4352 652 4422 μαλίας
671 4349 921 4418 αἴσθησιν
945 4347 1149 4410 λαϐεῖν,
1183 4348 1277 4400 καὶ
1310 4349 1559 4401 ἐντεῦθεν
1587 4349 1924 4420 ἀποδημοῦσι
1975 4368 2114 4422 συμ-

454 4436 794 4508 μεθίσταται,
829 4435 923 4487 καὶ
959 4434 1080 4486 τότε
1112 4433 1374 4499 μάλιστα,
1417 4435 1506 4488 ὅτε
1545 4436 1816 4507 χρῄζομεν
1853 4439 1952 4508 τῆς
1982 4441 2115 4510 παρ.

449 4524 619 4594 αὐτῆς
653 4521 986 4592 συμμαχίας,
1041 4521 1134 4574 καὶ
1193 4521 1334 4576 κατά
1364 4521 1462 4593 τὴν
1491 4523 1704 4595 ἡμέραν
1753 4527 1970 4596 ἐκείνην
2017 4527 2116 4598 τήν

449 4611 686 4684 φοϐεράν
737 4608 937 4680 πολλὴν
983 4611 1113 4680 ήμῖν
1146 4609 1373 4680 παρέχει
1429 4611 1529 4682 τὴν
1590 4611 1860 4683 βοήθειαν,
1909 4615 2116 4686 ήμερον

449 4702 582 4771 ἡμῖν
615 4695 927 4752 καθιστῶσα
978 4696 1072 4748 τοῦ
1104 4697 1356 4751 δικαστοῦ
1388 4698 1448 4755 τὸ
1481 4699 1666 4770 ὄμμαο
1719 4703 1813 4754 καὶ
1863 4701 2114 4774 καθάπερ

449 4785 680 4840 ἐνταῦθα
707 4784 989 4854 παρόντων
1010 4783 1117 4837 τῶν
1143 4784 1332 4838 δεινῶν
1356 4786 1658 4857 ἀνωτέρους
1687 4788 1977 4860 καθίστησι
2003 4789 2112 4844 τῶν

447 4873 656 4934 δεινῶν,
695 4871 836 4924 οὓτω
866 4871 960 4923 καὶ
987 4872 1044 4923 ἐν
1070 4870 1146 4941 τῷ
1171 4871 1417 4942 μέλλοντι
1459 4872 1757 4944 ἐξαρπάζει
1787 4876 1911 4938 τοὺς
1942 4875 2112 4946 αὐτὴν

448 4957 881 5030 ἐπιφερομένους
905 4957 1012 5010 τῶν
1046 4957 1417 5028 κολαστηρίων
1451 4961 1696 5016 ἐκείνων.
1728 4961 1831 5015 Καὶ
1865 4963 1924 5016 οὐ
1954 4962 2113 5018 τοῦτο

450 5046 630 5117 μόνον,
660 5045 774 5098 ἀλλ’
805 5043 886 5096 ἐτι
911 5045 1005 5097 καὶ
1030 5045 1127 5114 τῆς
1149 5044 1257 5097 τῶν
1284 5047 1610 5118 ἀπορρήτων
1635 5049 1852 5115 ἀγαθῶν
1874 5051 2113 5105 ἀπολαύ-

447 5151 586 5194 σεως
608 5131 863 5202 πρόξενος
895 5133 1025 5202 ἡμῖν
1051 5133 1279 5201 γίνεται.
1322 5133 1432 5186 Καὶ
1453 5133 1541 5186 ἵνα
1571 5134 1769 5207 μάθῃς,
1819 5138 1901 5190 ὅτι
1938 5140 2109 5194 ταῦτα

445 5218 617 5281 οὕτως
648 5219 779 5288 ἔχει,
834 5218 929 5271 καὶ
978 5219 1076 5289 οὐχ
1129 5219 1314 5275 ἁπλῶς
1366 5219 1458 5273 καὶ
1492 5222 1612 5291 εἰκῆ
1656 5224 2110 5292 ψυχαγωγοῦντες

446 5305 588 5377 ὑμᾶς
619 5306 825 5369 τούτοις
848 5305 1163 5376 κεχρήμεθα
1195 5309 1307 5368 τοῖς
1337 5307 1596 5377 ῥήμασιν,
1629 5309 1693 5360 ἐκ
1725 5311 1831 5360 τῶν
1861 5310 1954 5361 νῦν
1982 5329 2110 5382 προ-

436 5393 711 5462 κειμένων
741 5391 912 5456 δεῖξαι
953 5392 1283 5464 πειράσομαι
1321 5395 1387 5464 τῇ
1421 5393 1664 5464 ὑμετέρᾳ
1715 5395 1921 5468 ἀγάπῃ.
1967 5398 2108 5469 Ὅρα

442 5478 553 5549 γὰρ
580 5479 694 5541 πῶς
727 5478 756 5529 6
785 5477 1084 5549 θαυμάσιος
1131 5471 1304 5546 οὗτος,
1344 5481 1372 5533 6
1421 5479 1545 5533 Νῶε
1578 5480 1740 5549 λέγω,
1781 5485 1980 5545 παντὸς
2014 5485 2105 5538 τοῦ

440 5563 549 5616 τῶν
583 5563 884 5637 ἀνθρώπων
925 5566 1114 5633 γένους
1141 5567 1221 5630 εἰς
1268 5567 1363 5638 τήν
1393 5570 1514 5622 κατ’
1537 5569 1714 5620 αὐτῶν
1739 5569 2108 5641 ἀγανάκτησιν

441 5649 882 5720 ἐκκαλεσαμένου
925 5653 1016 5704 τὸν
1067 5653 1445 5724 φιλάνθρωπον
1499 5657 1795 5727 Δεσπότην,
1834 5651 1989 5722 οὗτος
2020 5658 2106 5713 διὰ

445 5736 540 5804 τῆς
571 5737 778 5798 οἰκείας
798 5737 1033 5808 ἠδυνήθη
1057 5742 1256 5811 ἀρετῆς
1288 5745 1381 5796 καὶ
1416 5745 1518 5813 τῆς
1549 5747 1976 5819 ἀγανακτήσεως
2008 5749 2103 5820 τήν

437 5823 641 5890 πεῖραν
668 5820 969 5888 διαφυγεῖν,
1017 5827 1110 5876 καὶ
1150 5827 1348 5897 πολλὴν
1375 5831 1472 5900 τὴν
1501 5833 1628 5902 παρ’
1680 5834 1848 5886 αὐτοῦ
1894 5833 2102 5887 εὔνοιαν

438 5905 860 5976 ἐφελκύσατθαι.
893 5906 996 5960 Καὶ
1021 5911 1064 5963 εί
1097 5910 1296 5981 βούλει,
1325 5915 1460 5978 τέως
1481 5919 1737 5988 περὶτῶν
1766 5923 1822 5976 ἐν
1857 5920 1932 5992 τῷ
1962 5938 2100 5994 παρ-

1260 323 1317 381 8.
1357 318 1642 376 JOANNIS
1683 312 2118 375 οιιῐιγεοετοι

2225 310 2539 400 ΑίὶρίἰίΕΡ.
2581 305 3120 366 CONSTANTIXUP.

3790 299 3889 356 198

2232 427 2348 480 όντι
2381 427 2480 498 βίῳ
2503 426 2889 495 διαλεχθῶμεν.
2919 424 3077 483 Ἴσως
3098 419 3204 494 γάρ
3227 434 3368 481 τινες
3389 419 3505 482 τοῖς
3534 417 3783 488 μέλλουσι
3800 421 3895 473 καὶ

2237 514 2312 584 μὴ
2340 513 2637 584 ὁρωμένοις
2666 508 3056 564 διαπιστοῦσιν.
3095 506 3322 574 Ἰδωμεν
3351 505 3530 557 τοίνυν
3562 505 3626 556 ἐκ
3668 502 3778 556 τῶν
3810 507 3897 558 ἐν-

2233 598 2407 653 ταῦθα
2426 597 2748 667 γινομένων,
2780 595 2901 648 τίνα
2932 594 3030 662 μέν
3049 593 3174 654 τοὺς
3207 590 3341 662 πρὸς
3367 589 3464 661 τὴν
3511 591 3710 642 κακίαν
3737 591 3899 644 αύτο-

2236 686 2573 756 μολήσαντας
2610 682 2899 748 διεδέξατο,
2933 681 3092 735 τίνων
3130 679 3186 731 δὲ
3212 679 3240 730 6
3288 677 3384 748 τὴν
3413 677 3611 748 ἀρετήν
3644 678 3899 746 ἐλόμενος

2235 772 2459 842 ἠξιώθη.
2500 770 2715 841 Ἐπειδὴ
2744 770 2853 841 γάρ
2872 768 2961 822 διά
2976 768 3074 837 τὴν
3107 765 3306 837 πολλὴν
3332 769 3430 836 τῆς
3477 767 3674 828 κακίας
3700 764 3897 817 ἐπίτα-

2238 877 2322 912 σιν
2359 859 2678 929 ἀπεφήνατο
2706 857 2734 909 6
2766 855 2968 925 ἀγαθὸς
3015 855 3146 918 Θεὸς
3202 852 3545 923 πανωλεθρίᾳ
3577 851 3636 904 τὸ
3669 851 3774 905 τῶν
3803 853 3900 905 άνο

2234 946 2465 1014 θρώπων
2524 945 2679 1014 γένος
2737 943 3138 1006 καταδικάσειν,
3177 938 3365 1004 εἰπὼν,
3415 940 3744 1006 Ἃπιιλείψω
3791 940 3900 992 τὸν

2232 1034 2564 1102 ἄνθρωπον,
2593 1032 2665 1086 ὃν
2687 1032 2967 1097 ἐποίησα,
3004 1028 3123 1084 ἀπὸ
3156 1026 3479 1095 προσώπου
3507 1024 3617 1092 τῆς
3645 1025 3776 1095 τῆς.
3803 1028 3898 1079 m‘.

2231 1116 2442 1182 δεικνὺς
2468 1118 2566 1189 τῆς
2588 1118 3010 1186 ἀγανακτήσεως
3029 1114 3190 1168 αὑτοῦ
3210 1114 3306 1184 τὴν
3323 1111 3644 1184 ὑπερϐολήν,
3671 1113 3731 1164 ού
3754 1114 3899 1166 κατὰ

2229 1204 2322 1256 τοῦ
2354 1204 2462 1258 τῶν
2490 1202 2796 1276 ἀνθρώπων
2827 1203 3016 1271 γένους
3050 1200 3210 1271 μόνον
3240 1202 3338 1270 τὴν
3374 1200 3646 1266 ἀπόφασιν
3679 1199 3900 1270 ὲξήνετ·

2231 1309 2348 1356 κεν,
2377 1291 2513 1345 ἀλλά
2541 1293 2636 1344 καὶ
2660 1290 2802 1344 κατά
2831 1290 3047 1343 πάντων
3069 1288 3176 1341 τῶν
3203 1287 3436 1356 κτηνῶν,
3469 1288 3562 1340 καὶ
3595 1287 3701 1340 τῶν
3732 1289 3901 1356 ἐρπε-

2228 1381 2358 1444 τῶν,
2396 1381 2491 1433 καὶ
2538 1379 2646 1432 τῶν
2689 1378 2952 1432 πετεινῶν
2977 1394 2992 1408 ·
3042 1377 3150 1429 τῶν
3193 1376 3302 1446 γὰρ
3351 1374 3673 1447 ἀνθρώπων,
3710 1375 3780 1427 δι’
3804 1374 3900 1437 οὓς

2229 1467 2398 1521 ταῦτα
2435 1466 2714 1538 παρήχθη,
2741 1463 3074 1518 ἀπόλλυσθαι
3099 1462 3250 1534 [207]
3287 1461 3606 1532 μελλόντων,
3641 1461 3735 1514 καὶ
3766 1462 3900 1513 ύποο

2230 1553 2466 1624 ϐρυχίων
2515 1553 2778 1621 γίνεσθαι,
2841 1551 3066 1613 εἰκότως
3100 1549 3210 1602 καὶ·
3244 1548 3417 1602 ταῦτα
3472 1548 3573 1617 τῆς
3628 1548 3901 1618 τιμωρίας

2229 1639 2668 1710 συναπήλαυσεν’
2699 1639 2885 1710 ἐπειδὴ
2922 1635 3015 1693 οὖν
3051 1640 3084 1709 ή
3116 1637 3388 1705 ἀπόφασις
3416 1636 3664 1706 ἀόριστος
3683 1631 3772 1706 ἦν,
3803 1637 3900 1688 καὶ

2227 1727 2482 1796 οὐδεμίαν
2519 1727 2716 1796 ἔχουσα
2743 1727 3029 1796 διαίρεσιν,
3067 1725 3154 1779 ἵνα
3193 1725 3371 1796 μάθῃς
3413 1724 3472 1777 τὸ
3503 1723 3900 1794 ἀπροσωπόλη-

2228 1831 2360 1866 πτον
2384 1814 2481 1866 τοῦ
2509 1812 2669 1878 Θεοῦ,
2696 1814 2791 1867 καὶ
2821 1815 2902 1866 ὅτι
2949 1815 3068 1876 ταῖς
3121 1811 3372 1883 καρδίαις
3421 1813 3543 1872 ταῖς
3597 1809 3898 1880 ήμετέραις

2228 1899 2542 1970 ἐμϐατεύων
2561 1900 2752 1954 οὐδένα
2776 1901 3030 1970 περιορᾷ,
3057 1899 3193 1952 ἀλλά
3221 1899 3321 1952 κᾶν
3352 1897 3552 1969 μικράν
3579 1914 3698 1950 τινα
3724 1897 3899 1965 ἀφορο

2230 1987 2336 2057 μὴν
2363 1985 2499 2060 εὕρῃ
2533 1989 2662 2058 παρ’
2709 1987 2867 2058 ήμῶν
2892 1987 3308 2058 εἰσφερομένην,
3341 1985 3544 2054 ἄφατον
3575 1983 3740 2038 αὐτοῦ
3772 1986 3897 2036 ἐπι-

2225 2077 2496 2132 δείκνυται
2537 2079 2635 2148 τὴν
2665 2078 3096 2147 φιλανθρωπίαν,
3155 2077 3382 2148 φησὶνή
3433 2074 3642 2146 Γραφὴ,
3702 2074 3790 2127 ἵνα
3815 2073 3893 2144 μή

2225 2166 2534 2236 νομίσωμεν
2592 2167 2676 2219 ὅτι
2713 2166 2983 2236 παντελὴς
3036 2164 3341 2234 ἀφανισμδς
3389 2162 3594 2231 γίνεται
3650 2160 3743 2214 τοῦ
3784 2160 3892 2212 τῶν

2225 2251 2527 2323 ἀνθρώπων
2546 2253 2756 2322 γένους,
2779 2251 2914 2306 ἀλλὰ
2944 2253 3183 2321 γνῶμεν,
3211 2252 3293 2304 ὅτι
3321 2250 3408 2303 διά
3436 2250 3534 2319 τὴν
3564 2247 3768 2302 οἰκείαν
3792 2249 3892 2301 αύ-

2225 2339 2319 2392 τοῦ
2351 2339 2664 2410 ἀγαθότητα
2695 2340 2888 2409 ἀφίησι
2915 2337 3189 2408 σπινθῆρά
3217 2354 3338 2390 τινα
3362 2336 3652 2400 σώζεσθαι,
3680 2335 3774 2388 καὶ
3812 2334 3896 2404 ῥί-

2226 2425 2324 2490 ζαν
2352 2425 2430 2495 τῷ
2453 2426 2561 2479 τῶν
2593 2426 2894 2497 ἀνθρώπων
2923 2426 3104 2493 γένει,
3144 2423 3285 2477 ῶστε
3322 2423 3482 2477 πάλιν
3519 2424 3598 2485 εἰς
3649 2423 3895 2492 μακροὺς

2225 2513 2518 2582 ἐκταθῆναι
2542 2513 2768 2577 κλάδους
2794 2530 2807 2543 ’
2833 2511 2962 2567 Νῶε
2991 2513 3079 2577 δὲ,
3120 2512 3305 2582 φησὶν,
3349 2506 3485 2578 εὗρε
3521 2509 3696 2580 χάριν
3726 2509 3895 2562 ἐναν-

2223 2599 2352 2652 τιον
2374 2599 2478 2651 τοῦ
2518 2598 2683 2652 Θεοῦ.

2296 2683 2361 2754 β’.
2394 2684 2594 2736 Σκόπει
2615 2684 2712 2753 τῆς
2739 2683 2960 2755 Γραφῆς
2985 2683 3082 2754 τὴν
3106 2683 3407 2754 ἀκρίϐειαν,
3453 2683 3599 2744 ὅπως
3625 2681 3746 2734 οὐδὲ
3792 2683 3891 2750 τὴν

2223 2771 2488 2841 τυχοῦσαν
2513 2769 2781 2840 συλλαϐήν
2806 2769 2952 2823 ἐστιν
2975 2770 3149 2840 εὑρεῖν
3165 2769 3349 2834 ἁπλῶς
3367 2769 3644 2839 κειμένην.
3671 2768 3892 2838 Ἐπειδὴ

2223 2861 2332 2930 γάρ
2355 2861 2591 2927 ἐδίδαξεν
2623 2861 2770 2931 ήμᾶς
2795 2859 2892 2930 τήν
2941 2859 3244 2932 ὑπερϐολὴν
3266 2859 3365 2929 τῆς
3414 2857 3610 2921 κακίας
3658 2857 3765 2909 τῶν
3793 2858 3895 2909 ἀνευ

2225 2947 2477 3018 θρώπων,
2506 2946 2720 3015 καὶτῆς
2751 2947 3019 3017 τιμωρίας
3061 2947 3121 2999 τὸ
3164 2937 3392 3016 μέγεθος
3442 2946 3543 3014 τῆς
3591 2943 3894 3014 μελλούσης

2223 3039 2522 3108 ἐπάγεσθαι
2547 3040 2660 3101 τοῖς
2693 3036 2898 3108 ταύτης
2926 3037 3203 3108 ἐργάταις,
3233 3036 3473 3090 διδάσκει
3495 3037 3641 3106 ἡμᾶς
3667 3035 3763 3088 καὶ
3794 3035 3894 3088 τὸν

2222 3127 2279 3179 ἐν
2307 3125 2546 3195 τοσούτῳ
2573 3123 2767 3195 πλήθει
2789 3123 3084 3194 δυνηθέντα
3124 3124 3222 3194 τήν
3259 3123 3458 3195 ἀρετὴν
3491 3123 3746 3192 ἀκέραιον
3773 3122 3894 3175 δια-

2223 3217 2414 3272 σῶσαι.
2454 3218 2608 3271 Ἔστι
2641 3217 2741 3285 μὲν
2763 3215 2872 3288 γάρ
2896 3217 2989 3269 καὶ
3019 3214 3140 3269 καθ’
3179 3215 3378 3285 ἑαυτὴν
3412 3215 3446 3282 ή
3473 3213 3642 3283 ἀρετὴ
3673 3212 3890 3281 θαυμα-

2223 3307 2341 3376 στή.
2371 3306 2539 3358 Ὅταν
2586 3305 2644 3358 δέ
2679 3304 2773 3357 καὶ⁵
2815 3304 2874 3355 ἐν
2911 3303 3060 3372 μέσῳ
3087 3301 3196 3354 τῶν
3234 3299 3549 3354 κωλυόντων
3601 3299 3889 3366 τυγχάνων

2220 3409 2304 3452 τις
2332 3389 2534 3464 ταύτην
2571 3389 2752 3460 μετίῃ,
2788 3387 2967 3454 πολλῷ
3004 3386 3201 3457 μᾶλλ.ον
3244 3383 3688 3454 θαυμαστοτέραν
3717 3384 3889 3450 αὐτὴν

2220 3477 2526 3546 ἀποφαίνει.
2565 3475 2662 3529 Διά
2695 3474 2852 3528 τοῦτο
2881 3473 3070 3544 ῶσπερ
3099 3469 3448 3540 θαυμάζουσα
3478 3471 3568 3522 τὸν
3613 3469 3820 3521 δίκαιον
3854 3471 3887 3538 ἠ

2223 3566 2346 3620 θεία
2372 3566 2564 3636 ι’ραφή
2609 3581 2794 3636 φησιν,
2829 3564 2908 3616 ὅτι
2965 3559 3166 3631 μεταξὺ
3212 3560 3319 3612 τῶν
3361 3558 3629 3612 τοσούτων
3657 3556 3745 3609 διά
3788 3557 3889 3626 τὴν

2222 3655 2422 3708 κακίαν
2477 3653 2775 3724 μελλόντων
2809 3649 3231 3719 ἀγανακτήσεως
3291 3644 3604 3718 πειρᾶσθαι,
3651 3643 3782 3696 Νῶε
3819 3643 3885 3696 δὲ

2222 3738 2360 3810 εὗρε
2387 3740 2562 3810 χάριν
2579 3739 2856 3800 ἐναντίον
2878 3737 3097 3805 Kvplov
3134 3734 3240 3788 τοῦ
3296 3731 3460 3787 Θεοῦ.
3495 3727 3650 3799 Εὗρε
3687 3730 3884 3800 χάριν,

2223 3828 2334 3882 ἀλλ’
2377 3827 2680 3881 Ἑναντίον
2725 3826 2834 3880 τοῦ
2888 3823 3063 3879 Θεοῦ*
3090 3823 3188 3893 οὐχ
3229 3819 3434 3884 ἁπλῶς,
3488 3816 3645 3887 Εὗρε
3689 3819 3884 3886 χάριν,

2223 3914 2361 3978 ἀλλ’,
2412 3915 2724 3968 Ἐναντίον
2775 3912 2992 3980 Kvplov
3038 3909 3145 3964 τοῦ
3175 3907 3352 3963 Θεοῦο
3398 3908 3486 3960 ἵνα
3518 3907 3662 3976 ἡμᾶς
3702 3904 3886 3974 διδάξῃ

2221 4001 2303 4054 ὃτι
2324 4001 2420 4053 ’ένα
2439 3999 2626 4053 τοῦτον
2645 3995 2757 4070 εἷχε
2775 3999 2864 4052 τὸν
2897 3997 3118 4062 σκοπὸν,
3147 3996 3286 4050 ὥστε
3309 3994 3399 4048 τὸν
3428 3993 3726 4062 ἀκοίμητον
3741 3993 3886 4044 ἐκεῖ-

2223 4105 2312 4140 νον
2336 4086 2614 4157 ὀφθαλμὸν
2632 4086 2926 4156 ,ἐπαινέτην
2944 4084 3106 4155 ἔχειν,
3129 4084 3224 4138 καί
3245 4082 3417 4146 οὐδεὶς
3441 4079 3586 4152 αύτῷ
3613 4079 3767 4148 λόγος
3787 4079 3888 4148 τῆς

2203 4173 2330 4225 θεῶν
2351 4171 2654 4244 ἀνθρώπων
2676 4171 2854 4241 δόξης,
2875 4171 2995 4224 ούδέ
3013 4171 3113 4241 τῆς
3135 4170 3376 4239 ἀτιμίας,
3401 4168 3495 4222 καὶ
3517 4167 3609 4219 τοῦ
3630 4166 3885 4234 γέλωτος.

2223 4260 2381 4323 Εἰκὸς
2402 4259 2510 4330 γὰρ
2544 4259 2706 4312 αὑτὸν
2735 4257 3060 4320 ἀπεναντίας
3092 4256 3263 4310 ἅπασι
3285 4254 3384 4326 τήν
3417 4255 3616 4324 ἀρετὴν
3643 4253 3887 4322 μετιέναι

2223 4346 2544 4416 βουλόμενον
2603 4345 2799 4415 πολλὴν
2837 4344 3128 4412 ὑπομένειν
3160 4343 3261 4413 τὴν
3293 4341 3490 4412 χλεύην
3539 4340 3628 4394 καὶ
3663 4340 3752 4391 τὸν
3791 4340 3886 4406 γέ-

2221 4425 2384 4488 λωτα,
2427 4427 2642 4480 πάντων
2664 4423 2772 4476 τῶν
2793 4425 2891 4490 τὴν
2920 4422 3120 4475 κακίαν
3151 4420 3444 4490 μετιόντων
3492 4416 3759 4470 εἰωθότων
3799 4418 3888 4470 ἀεὶ

2220 4501 2586 4556 ἐπισκώπτειν
2612 4502 2738 4564 τοὺς
2769 4500 2971 4570 ταύτην
2997 4498 3217 4569 φεύγειν
3239 4497 3612 4569 βουλομένους,
3637 4497 3734 4549 καί¹
3757 4497 3889 4566 ἀρε-

2218 4580 2317 4649 τὴν
2346 4580 2722 4651 αἱρουμένους,
2774 4579 2910 4650 ὅπερ
2940 4579 3034 4632 καὶ
3074 4577 3166 4630 νῦν
3201 4577 3459 4639 πολλάκις
3501 4576 3728 4644 γίνεται.
3774 4574 3890 4628 Καί⁵

2220 4659 2448 4722 πολλοὺς
2475 4659 2584 4710 τῶν
2616 4658 2876 4728 ῥᾳθύμων
2899 4658 3114 4728 ὁρῶμεν
3155 4657 3228 4727 μὴ
3262 4657 3522 4726 φέροντας
3553 4654 3643 4708 τὸν
3672 4653 3887 4722 γέλωτα

2218 4739 2314 4791 καὶ
2359 4738 2459 4809 τὴν
2487 4737 2801 4807 χλευασίαν,
2843 4736 2979 4789 ἀλλά
3011 4737 3392 4807 προτιμῶντας
3441 4736 3541 4806 τὴν
3570 4735 3722 4805 παρά
3773 4731 3886 4786 τῶν

2218 4821 2314 4876 ἀνθ
2325 4818 2518 4892 ρώπων
2540 4816 2694 4880 δόξαν
2722 4817 2823 4886 τῆς
2853 4815 3084 4887 ἀληθοῦς
3112 4816 3205 4869 καὶ
3241 4816 3326 4869 ἀεὶ
3359 4814 3644 4884 μενούσης,
3678 4813 3882 4892 ὑποσυ-

2221 4890 2480 4972 ρομένους
2512 4899 2605 4951 καὶ
2630 4897 3199 4966 συγκατασπωμένους
3218 4899 3285 4966 τῇ
3308 4895 3416 4948 τῶν
3443 4895 3647 4965 ἐτέρων
3675 4891 3770 4972 ἀνθ
3780 4890 3882 4972 ρώς

2218 4968 2336 5034 πων
2366 4978 2554 5048 κακία.
2585 4977 2778 5046 Ψυχῆς
2804 4975 2912 5045 γάρ
2961 4976 3076 5028 ἐστι
3121 4973 3371 5042 γενναίας
3425 4974 3518 5026 καὶ
3565 4971 3777 5042 στερρῷ
3803 4968 3882 5038 τῷ

2219 5061 2523 5130 φρονήματι
2547 5072 2718 5126 κεχρη
2727 5055 2894 5125 μένης
2911 5053 2972 5106 τὸ
2994 5053 3285 5123 δυνηθῆναι
3305 5053 3578 5120 ἀντισχεῖν
3604 5053 3738 5130 πρδς
3754 5051 3884 5130 τοὺς

2215 5128 2490 5207 διασύρειν
2520 5133 2895 5205 βουλομένους,
2927 5133 3022 5185 καλ⁸
3055 5132 3127 5202 μή
3162 5131 3300 5202 πρὸς
3328 5131 3620 5201 ἀρέσκειαν
3641 5128 3746 5181 τῶν
3784 5129 3883 5180 ἀν-

2217 5215 2451 5286 θρώπων
2505 5231 2558 5266 τι
2601 5212 3047 5283 διαπράττεσθαι,
3088 5212 3223 5265 ἀλλὰ
3270 5212 3406 5282 πρὸς
3445 5211 3536 5264 τὸν
3586 5211 3884 5280 ἀκοίμητον

2217 5296 2421 5346 ἐκεῖνον
2449 5292 2721 5361 ὀφθαλμὸν
2750 5291 2945 5345 τείνειν
2977 5291 3036 5344 τὸ
3057 5292 3232 5362 ὄμμα,
3259 5291 3352 5343 καὶ
3379 5291 3479 5361 τὴν
3520 5291 3648 5360 παρ’
3673 5290 3881 5341 ἐκείνου

2216 5371 2492 5443 εὐφημίαν
2529 5370 2685 5439 μόνον
2707 5370 3016 5440 ἀναμένειν,
3071 5369 3397 5423 καὶτούτων
3439 5369 3730 5438 ύπερορᾷν,
3786 5365 3883 5418 καὶ

2222 5451 2382 5520 μηδὲν
2408 5448 2655 5520 ήγεϊσθαι
2683 5449 2860 5501 αὐτῶν
2884 5449 2972 5501 τὸν
2999 5449 3234 5510 ἔπαινον,
3264 5450 3399 5520 μήτε
3421 5447 3514 5500 τὸν
3537 5446 3723 5515 ψόγον,
3743 5444 3885 5498 ἀλλὰ

2129 5545 2135 5553 ·
2218 5529 2465 5596 καθάπερ
2493 5526 2650 5589 σκιάς
2679 5526 3051 5597 καὶίὸνείρατα
3079 5526 3465 5599 παρατρέχειν.
3506 5526 3615 5577 Καὶ
3646 5522 3884 5576 ἐνταῦθα.

2218 5607 2316 5675 μὲν
2344 5606 2526 5659 πολλοὶ
2554 5605 2813 5667 πολλάκις
2839 5604 2936 5675 τὴν
2959 5606 3112 5676 ὓϐριν
3136 5606 3196 5658 ού
3223 5607 3476 5675 φέροντες
3498 5604 3629 5657 δέκα
3652 5603 3684 5672 ἢ
3706 5602 3883 5655 εἴκοσι

2214 5685 2534 5755 ἀνθρώπων,
2567 5685 2600 5754 ἢ
2637 5685 2731 5736 καὶ
2762 5683 3078 5746 ἐλαττόνων,
3111 5684 3577 5753 ὑπεσκελίσθησαν
3623 5681 3716 5734 καὶ
3747 5697 3886 5732 κατ-

2213 5766 2426 5819 έπεσον.
2460 5766 2631 5816 Ἐστι
2663 5763 2771 5831 γὰρ
2791 5765 3051 5832 αἰσχύνη
3073 5765 3384 5832 ἐπάγουσα
3415 5762 3723 5831 ἁμαρτίαν.
3745 5758 3887 5813 Οὐδὲ

2212 5842 2318 5911 γάρ
2347 5841 2405 5893 τὸ
2431 5842 2590 5911 τυχόν
2617 5845 2761 5895 ἐστιν
2801 5843 3070 5915 ὑπεριδεῖν
3093 5845 3202 5898 τῶν
3228 5843 3610 5908 ὀνειδιζόντων,
3654 5841 3750 5894 καὶ
3773 5855 3878 5891 κα-

2211 5919 2581 5993 ταγελώντων,
2630 5923 2720 5978 καὶ
2760 5925 3038 5996 κωμῳδεῖν
3087 5924 3453 5996 βουλομένων·
3506 5921 3621 5977 ἀλλ’
3650 5917 3802 5992 [208]
3841 5920 3879 5972 6
