4116 6196
353 343 452 400 197

349 453 455 506 Ιιιιιι
483 448 759 519 dirigebat,
789 454 842 500 et
867 460 896 497 a
921 440 1125 496 diluvio
1150 450 1339 492 omnes
1362 435 1507 488 orbis
1540 430 1740 486 incolas
1763 427 1922 481 deva-

350 551 558 596 staturo
592 517 656 592 se
685 535 960 606 eripiebat.
993 531 1166 584 Tanta
1214 539 1301 580 res
1343 531 1428 579 est
1451 521 1638 585 virtus,
1683 527 1792 572 tam
1831 517 1929 569 itu-

351 628 614 690 murtalis,
665 635 770 678 tam
812 623 1033 683 invicta,
1079 627 1185 672 tam
1218 613 1350 669 nihil
1391 613 1588 666 cedens
1625 609 1782 676 hujus
1808 607 1929 659 vita:

351 715 702 772 varietatibus
728 730 741 766 :
773 711 868 765 sed
908 725 1070 778 super
1108 705 1322 760 malitia:
1351 702 1482 756 retia
1509 700 1748 760 volitans,
1779 695 1926 766 quasi

351 823 384 862 e
408 805 622 861 sublimi
647 801 860 871 specula
883 798 1132 869 quadam,
1177 796 1255 850 sic
1281 791 1458 848 omnia
1487 790 1712 844 humana
1748 786 1929 854 despi-

351 896 445 957 cit,
478 893 608 948 nihil
633 891 772 962 quod
801 890 920 943 aliis
949 887 1232 941 molestum
1277 883 1346 937 sit
1369 881 1553 937 sentit.
1583 879 1687 934 Sed
1722 878 1859 932 sicut
1885 877 1930 928 is

354 985 442 1054 qui
475 998 638 1051 super
672 980 941 1036 excelsam
985 987 1186 1046 petram
1238 983 1362 1038 stat,
1394 972 1587 1025 ﬂuctus
1613 969 1767 1030 ridet,
1798 981 1930 1036 quos

355 1075 496 1128 videt
525 1073 590 1127 ad
619 1085 820 1142 petram
855 1083 1046 1137 magno
1075 1067 1274 1135 itupetu
1301 1063 1576 1134 disrumpi,
1599 1075 1662 1114 ac
1693 1060 1932 1126 protinus

355 1165 406 1218 in
446 1177 688 1231 spumam
731 1160 864 1213 solvi
898 1176 912 1212 :
943 1159 1014 1211 ita
1045 1166 1100 1211 et
1141 1156 1230 1224 qui
1277 1153 1461 1207 virtuti
1489 1152 1579 1205 dat
1620 1163 1836 1218 operam
1876 1148 1932 1200 in

356 1269 548 1310 securo
575 1253 896 1309 constitutus
936 1250 1075 1314 loco,
1127 1245 1260 1302 nihil
1301 1245 1518 1299 insuave
1556 1241 1656 1296 fert
1701 1255 1731 1292 a
1771 1240 1933 1292 rebus

357 1345 696 1408 turbulentis,
723 1343 817 1398 sed
855 1339 1168 1411 tranquiiltts
1208 1337 1386 1390 animo
1430 1344 1485 1389 et
1525 1333 1734 1403 quietus
1761 1329 1930 1396 sedet,

358 1434 709 1505 intelligitque
748 1446 834 1486 res
860 1431 1017 1499 hujus
1044 1428 1166 1482 vita:
1190 1426 1320 1481 nihil
1354 1424 1568 1478 differre
1602 1422 1670 1475 ab
1697 1419 1933 1475 amnium

360 1526 593 1586 liuentis,
619 1531 804 1591 utpote
832 1536 950 1591 quae
972 1529 1075 1573 tam
1098 1517 1285 1586 rapido
1304 1529 1462 1570 cursu
1487 1521 1773 1567 transeant.
1802 1509 1933 1564 Nam

359 1619 497 1670 sicut
524 1617 704 1670 videre
731 1615 853 1668 licet
880 1613 1042 1667 maris
1061 1611 1251 1664 ﬂuctus
1279 1622 1423 1662 nunc
1449 1604 1662 1671 quidem
1693 1603 1744 1656 in
1771 1601 1935 1654 altunt

361 1707 568 1772 extolli,
601 1721 720 1759 mox
749 1712 926 1757 autem
954 1700 1180 1770 deprimi
1208 1718 1222 1754 :
1246 1699 1318 1753 ita
1356 1707 1412 1752 et
1445 1694 1690 1749 videmus
1727 1707 1822 1746 eos
1848 1689 1939 1758 qui

365 1797 616 1850 virtutem
643 1801 1010 1855 contemnunt,
1039 1800 1092 1845 et
1120 1788 1369 1859 nequitim
1387 1787 1514 1840 dant
1538 1798 1776 1852 Operam,
1798 1795 1938 1834 nunc

361 1887 574 1956 quidem
599 1884 824 1940 sublime
849 1897 1059 1956 sapere,
1098 1890 1152 1933 et
1171 1876 1451 1947 supercilia
1477 1874 1754 1938 extollere,
1781 1881 1938 1940 atque

365 1954 521 2042 hujus
551 1975 671 2026 vita:
697 1971 852 2026 curis
896 1954 1130 2024 intentos
1159 1983 1300 2034 esse,
1347 1966 1524 2020 subito
1552 1972 1728 2018 autem
1759 1961 1935 2029 dojici,

365 2073 420 2116 et
445 2063 511 2116 ad
540 2071 838 2116 extremam
864 2059 1048 2114 venire
1095 2059 1348 2126 inopiam.
1390 2055 1536 2120 Quos
1564 2054 1749 2108 beatus
1774 2051 1937 2105 David

367 2151 725 2215 subindicans,
768 2149 978 2203 dicebat
1009 2165 1023 2202 :
1058 2146 1140 2201 Ne
1183 2146 1406 2200 timueris
1439 2160 1553 2198 cum
1593 2143 1729 2196 dives
1771 2145 1938 2213 {actus

371 2242 522 2310 fuerit
550 2239 721 2304 homo,
761 2238 840 2292 vel
883 2253 997 2291 cum
1037 2235 1370 2304 multiplicata
1393 2235 1542 2303 fuerit
1569 2233 1732 2303 gloria
1760 2232 1940 2286 domus

367 2333 478 2400 ejus
496 2346 516 2384 :
539 2330 657 2400 quia
693 2346 808 2383 cum
841 2329 1082 2383 interierit
1111 2343 1212 2381 non
1237 2335 1399 2380 suntet
1443 2324 1612 2378 omnia
1641 2321 1814 2394 (Paul.
1846 2322 1937 2378 48.

369 2421 484 2491 17).
524 2421 592 2475 Et
632 2421 766 2474 bene
810 2420 963 2484 dixit,
1004 2418 1089 2472 Ne
1126 2417 1373 2471 timueris.
1424 2415 1503 2471 Ne
1545 2425 1595 2469 te
1635 2415 1940 2480 conturbet,

367 2509 545 2565 dicere
573 2509 706 2576 vult,
728 2509 906 2563 divitis
921 2507 1241 2562 abundantia
1261 2514 1316 2560 et
1341 2506 1521 2574 gloriae
1550 2504 1820 2574 splendor.
1854 2502 1944 2559 Vi-

369 2599 521 2654 debis
549 2599 689 2653 enim
740 2614 844 2652 non
876 2597 1044 2652 ntulto
1073 2606 1191 2666 post
1219 2596 1364 2650 humi
1388 2595 1674 2665 jaccutem,
1715 2603 1769 2650 et
1808 2595 1939 2650 nihil

370 2689 580 2757 operari
629 2689 924 2755 valentem,
980 2696 1245 2742 mortuum
1292 2685 1519 2741 cadaver
1577 2685 1842 2742 vermibus
1890 2686 1942 2740 itt

371 2781 518 2836 cibos
544 2780 832 2850 objeetum,
875 2779 1182 2850 nudumque
1215 2778 1306 2834 his
1335 2777 1581 2832 omnibus
1607 2776 1826 2840 factum,
1853 2776 1944 2846 qui

372 2871 502 2925 nihil
532 2872 719 2924 horum
760 2873 979 2924 onmino
1005 2885 1184 2924 secum
1212 2867 1424 2924 auferre
1453 2869 1702 2938 potuerit,
1735 2866 1828 2922 sed
1859 2866 1945 2922 hic

373 2962 545 3016 omnia
590 2961 885 3030 reliquerit.
927 2959 1006 3015 Ne
1042 2960 1198 3029 igitur
1236 2959 1426 3013 anxius
1463 2959 1538 3013 sis
1582 2973 1702 3013 cum
1749 2956 1947 3012 videris

372 3052 651 3123 praesentia
685 3067 700 3106 :
729 3067 901 3121 neque
943 3050 1157 3104 beatum
1194 3049 1342 3103 dicas
1371 3063 1491 3103 eum
1522 3049 1610 3120 qui
1638 3057 1758 3118 post
1787 3048 1946 3102 breve

374 3153 582 3214 tempus
609 3144 676 3198 ab
719 3143 802 3198 his
829 3141 1077 3196 omnibus
1106 3142 1443 3197 dcstituetur.
1488 3140 1759 3210 Ejusmodi
1802 3141 1944 3194 enim

376 3244 454 3290 est
476 3249 708 3305 prazsens
732 3236 972 3300 felicitas,
995 3247 1044 3290 et
1072 3235 1370 3288 divitiarum
1402 3243 1607 3298 natura,
1637 3243 1692 3286 ttt
1716 3249 1820 3287 non
1845 3249 1946 3287 una

376 3327 761 3394 commigrent,
821 3341 944 3380 cum
989 3325 1114 3380 hinc
1163 3325 1321 3380 fuerit
1373 3323 1695 3378 abeundum.
1748 3323 1949 3377 Divites

377 3423 516 3472 enim
549 3419 631 3472 his
657 3419 904 3473 omnibus
931 3417 1149 3479 relictis,
1183 3417 1306 3470 mtdi
1335 3416 1458 3470 hinc
1485 3416 1804 3479 abscedunt,
1837 3427 1950 3468 tan-

383 3517 494 3563 tum
517 3508 718 3563 malitia
752 3509 948 3569 vestiti,
978 3517 1032 3561 et
1056 3519 1392 3576 peccatorum
1417 3506 1669 3560 oneribus
1696 3506 1816 3561 inde
1841 3505 1951 3560 col-

381 3599 550 3652 lectis.
594 3599 662 3650 At
694 3597 847 3666 longe
879 3611 1032 3649 secus
1072 3595 1228 3649 habet
1257 3598 1443 3660 virtus,
1469 3611 1589 3663 quae
1632 3597 1716 3650 hic
1743 3612 1951 3666 quoque

387 3689 713 3758 potentiores
741 3673 1173 3751 insidiatoribus,
1219 3695 1272 3738 et
1317 3684 1473 3754 plane
1515 3684 1738 3739 invictos
1783 3685 1953 3742 reddit

381 3793 528 3842 suos,
555 3777 966 3846 continuumque
986 3775 1187 3847 prtebet
1208 3776 1550 3843 voluptatem,
1580 3787 1630 3830 et
1663 3793 1729 3831 ne
1754 3777 1951 3833 sentire

381 3869 596 3939 quidem
640 3869 765 3922 sinit
797 3883 972 3922 rerum
1022 3869 1239 3922 istarum
1284 3868 1691 3936 inaeqmlitatetn
1721 3887 1735 3923 :
1762 3867 1856 3923 sed
1898 3879 1952 3924 et

387 3958 514 4012 hinc
531 3959 920 4028 emigrantibus
949 3957 1196 4012 comitem
1225 3973 1284 4013 se
1315 3957 1481 4020 addit,
1509 3968 1564 4013 et
1601 3967 1722 4013 tunc
1750 3959 1954 4028 potissi-

384 4065 551 4114 tuum,
577 4064 696 4102 cum
719 4049 835 4116 ejus
862 4047 1096 4103 subsidio
1120 4063 1356 4117 egemus.
1387 4049 1438 4101 in
1459 4048 1651 4118 dieque
1679 4048 1768 4103 illo
1795 4050 1952 4103 terri-

386 4139 472 4190 bili
514 4152 760 4207 magnum
807 4137 958 4191 nobis
994 4145 1204 4204 praestat
1249 4136 1526 4202 auxilium,
1559 4140 1772 4206 plaeans
1802 4137 1955 4192 nobis

382 4226 583 4281 Judicis
608 4226 816 4280 oculum
842 4243 856 4280 :
883 4237 938 4280 et
963 4226 1101 4280 sicut
1131 4225 1214 4279 hic
1239 4228 1305 4279 ab
1333 4227 1699 4295 ingruentibus
1729 4226 1955 4281 infer-tu-

387 4319 508 4379 niis,
553 4319 622 4370 ita
671 4326 726 4372 et
772 4317 824 4370 in
867 4316 1040 4370 futuro
1082 4332 1141 4371 se
1183 4316 1423 4370 colentes
1463 4332 1493 4368 a
1539 4318 1817 4370 tormentis
1855 4317 1957 4371 illis

385 4407 561 4476 eripit.
587 4405 769 4475 Neque
801 4408 900 4460 hoc
929 4408 1098 4458 solum
1127 4406 1253 4474 agit,
1290 4405 1382 4458 sed
1420 4417 1472 4459 et
1498 4405 1776 4460 ineffabilia
1804 4407 1958 4463 nobis

390 4496 545 4558 liena,
581 4495 771 4564 quibus
801 4496 1053 4557 fruamur,
1085 4495 1350 4547 conciliat.
1391 4493 1455 4547 Et
1483 4503 1537 4547 ut
1562 4497 1700 4550 scias
1735 4495 1849 4550 haec
1885 4497 1957 4551 ita

387 4601 504 4640 sese
539 4585 756 4650 habere,
784 4601 955 4654 neque
985 4600 1081 4638 ttos
1110 4585 1160 4638 in
1189 4599 1380 4636 vanum
1411 4594 1464 4639 et
1499 4584 1689 4640 frustra
1717 4587 1782 4640 ad
1810 4587 1952 4641 blatt-

386 4673 636 4729 diendntn
679 4675 762 4728 bis
811 4675 986 4728 verbis
1031 4675 1103 4726 uti
1132 4699 1145 4728 .
1170 4675 1382 4727 tentaho
1437 4691 1577 4729 nunc
1613 4692 1682 4730 ex
1722 4679 1802 4731 his
1841 4694 1960 4748 qua:

392 4768 656 4836 proposita
707 4776 832 4821 sunt
883 4765 1090 4820 caritati
1139 4778 1326 4819 vestrm
1373 4765 1423 4818 id
1478 4768 1780 4822 ostendere.
1833 4769 1961 4823 Vide

390 4857 533 4910 enim
571 4858 836 4924 quomodo
877 4858 1220 4911 admirandus
1251 4858 1338 4911 ille
1370 4859 1468 4924 vir,
1513 4858 1626 4914 Noe
1654 4860 1792 4922 dico,
1844 4860 1960 4914 uni-

392 4960 547 5000 verso
577 4947 844 4999 hominum
866 4963 1059 5016 genere
1084 4949 1338 5004 adversus
1364 4951 1706 5018 semetipsum
1733 4951 1966 5006 clemen-

392 5037 520 5092 tiam
551 5036 754 5090 Domini
778 5037 844 5090 ad
873 5039 1194 5093 iracundiam
1223 5052 1541 5108 provocante
1566 5058 1577 5092 :
1599 5042 1703 5105 ille,
1727 5043 1959 5111 inquam,

389 5128 535 5182 solus
575 5143 670 5182 sua
714 5130 908 5182 virtute
955 5134 1118 5198 potuit
1163 5143 1215 5184 et
1260 5132 1632 5201 indignationis
1676 5134 1961 5201 periculum

392 5218 646 5289 eﬂugere,
681 5229 736 5272 et
784 5235 1024 5288 u.agnaut
1072 5222 1160 5276 Dei
1191 5222 1614 5275 benevolentiam
1657 5224 1756 5276 sibi
1782 5226 1962 5280 conci-

399 5309 547 5363 liare.
573 5311 669 5373 Ac,
698 5308 742 5361 si
775 5310 964 5377 placet,
993 5312 1270 5380 loquamur
1300 5313 1367 5367 de
1405 5312 1468 5365 iis
1493 5327 1610 5380 qnze
1638 5313 1687 5365 in
1721 5314 1967 5382 praesenti

395 5399 502 5453 vita
541 5401 810 5454 eveniunt.
856 5403 993 5457 Sunt
1034 5405 1176 5458 enint
1208 5403 1448 5458 fortassis
1495 5405 1653 5473 aliqui
1686 5404 1874 5461 futuris
1909 5417 1964 5463 et

389 5487 754 5544 invisibilibus
787 5508 972 5561 parum
1011 5494 1310 5548 credentes.
1368 5494 1647 5549 Videamus
1688 5495 1863 5568 itaque
1899 5514 1964 5552 ex

395 5575 462 5630 iis
489 5592 606 5646 quae
632 5579 718 5632 hic
743 5581 1018 5644 eveniunt,
1049 5584 1220 5650 qualia
1243 5585 1554 5654 contingunt
1586 5585 1649 5639 iis
1669 5588 1756 5654 qui
1787 5590 1970 5656 nequi-

393 5666 480 5720 tia:
509 5681 568 5721 tte
596 5666 814 5734 dedunt,
845 5679 900 5726 et
919 5672 1092 5740 qualia
1123 5676 1313 5746 accipit
1338 5677 1382 5732 is
1405 5679 1494 5748 qui
1526 5679 1771 5736 virtutem
1799 5694 1966 5738 secta-

1356 325 1418 379 ΙΝ
1455 323 1586 378 CAP
1652 319 1734 372 \‘l.
1765 312 2005 372 GENl-lS.
2049 311 2276 367 ιιωιιι..
2319 312 2502 369 ΧΧῚΙ.

3511 325 3610 382 to;

2042 432 2142 477 tur.
2188 424 2468 494 Postquam
2509 427 2648 478 enim
2687 425 2856 481 bonus
2898 428 3036 483 Deus
3078 430 3146 484 ob
3186 431 3371 504 ingens
3396 437 3613 494 malitia!

2031 527 2372 585 augmentum
2416 518 2733 572 sententiam
2780 520 2896 574 tulit
2934 537 3056 577 esse
3111 523 3398 581 ltumanum
3443 544 3610 599 genus

2035 606 2320 661 universali
2361 606 2593 676 pernicie
2623 609 2968 677 puniendum,
2997 620 3051 666 et
3077 612 3214 668 dixit
3243 633 3256 669 :
3290 615 3477 672 Delebo
3517 623 3609 672 Im-

2034 695 2217 748 minem
2241 713 2385 763 quem
2414 697 2531 766 feci,
2555 713 2587 749 a
2608 697 2735 764 [acie
2759 709 2904 752 term:
2926 716 2945 754 :
2965 709 3018 754 et
3047 714 3348 760 monstrans
3371 709 3610 778 indigna-

2035 785 2192 839 tionis
2245 799 2356 869 suze
2410 786 2865 856 magnitudinem,
2923 806 3027 843 non
3077 803 3259 847 contra
3318 798 3602 853 humanum

2034 872 2311 926 dumtaxat
2350 890 2516 943 genus
2559 879 2878 932 sententiam
2924 881 3162 948 protulit,
3209 884 3303 938 sed
3332 894 3389 941 et
3423 903 3610 945 contra

2034 964 2211 1017 omnia
2237 963 2499 1032 jutnenta,
2547 976 2602 1021 et
2639 968 2863 1035 rcptilia,
2910 979 2965 1023 et
3007 969 3238 1026 Volatilia
3268 991 3281 1027 :
3310 990 3428 1030 cum
3470 982 3608 1033 enint

2036 1053 2256 1120 perituri
2286 1063 2339 1108 et
2362 1055 2733 1125 submergendi
2764 1057 3006 1114 homines
3025 1077 3222 1128 essent,
3247 1077 3460 1134 prepter
3478 1084 3614 1138 quos

2039 1140 2154 1194 hrec
2192 1140 2330 1195 facta
2374 1153 2518 1208 sunt,
2540 1144 2660 1212 jure
2703 1161 2767 1199 ac
2821 1149 3012 1200 merito
3051 1149 3140 1205 ilia
3185 1168 3394 1222 quoque
3437 1170 3610 1225 poenzc

2034 1231 2304 1284 consortio
2338 1233 2483 1300 paria
2517 1231 2703 1290 fuere:
2738 1235 2894 1305 igitur
2936 1251 3055 1290 cum
3085 1243 3347 1297 sententia
3378 1247 3612 1302 nondum

2038 1322 2294 1388 pra-finita
2335 1334 2497 1388 esset,
2553 1341 2655 1394 qua
2696 1327 2785 1380 alii
2839 1328 2905 1379 ab
2944 1328 3062 1382 aliis
3104 1345 3528 1401 secernerentur,
3560 1351 3617 1393 ut.

2037 1410 2210 1463 discas
2235 1427 2390 1481 quant
2419 1429 2524 1467 non
2553 1415 2620 1467 sit
2659 1430 3004 1484 personarum
3035 1433 3283 1490 acceptor
3322 1423 3481 1492 Deus,
3521 1430 3615 1482 scd

2039 1499 2090 1552 in
2117 1501 2276 1553 corda
2302 1513 2481 1555 nostra
2515 1502 2816 1572 ingrediens
2843 1506 3046 1560 nullum
3069 1509 3344 1580 despiciat,
3376 1527 3428 1570 et
3455 1519 3497 1570 si
3533 1521 3614 1574 vel

2047 1605 2261 1657 parvam
2288 1593 2571 1660 quamdam
2598 1596 2929 1649 occasionem
2967 1613 3063 1652 nos
3087 1602 3389 1668 afferamus,
3431 1607 3615 1662 inelfa-

2042 1680 2198 1732 bilem
2224 1697 2372 1735 suam
2405 1682 2641 1736 declaret
2660 1686 3099 1754 miscricordiatn,
3131 1692 3298 1762 inquit
3323 1695 3616 1768 Scriptura,

2042 1781 2097 1822 ttt
2141 1786 2206 1825 ne
2237 1779 2404 1825 totum
2445 1787 2616 1842 genus
2661 1773 2952 1831 humanum
2993 1779 3308 1837 abolendum
3350 1797 3617 1859 putemus,

2038 1861 2131 1913 sed
2162 1862 2411 1927 sciamus,
2459 1863 2631 1932 ipsum
2673 1882 2766 1935 per
2805 1883 2954 1922 suam
2988 1869 3274 1928 bonitatem
3319 1880 3621 1950 relinquere

2039 1953 2322 2007 scintillam
2370 1964 2425 2008 et
2468 1955 2701 2010 radicem
2744 1961 3025 2028 quamdam
3065 1965 3284 2031 salvam,
3333 1979 3390 2024 ut
3425 1972 3613 2028 iterum

2046 2045 2331 2100 humanum
2360 2063 2526 2118 genus
2555 2048 2607 2102 itt
2653 2066 2901 2118 proceros
2931 2055 3140 2109 extendi
3187 2061 3354 2126 possit
3397 2077 3572 2119 ramos
3599 2082 3612 2118 :

2042 2137 2178 2205 Noe,
2207 2138 2397 2208 inquit,
2429 2141 2614 2194 invenit
2642 2144 2857 2212 gratiam
2881 2160 3051 2199 coram
3077 2147 3200 2203 Deo.

2109 2228 2163 2282 2.
2209 2230 2338 2286 Vide
2364 2230 2652 2301 Scriptura:
2677 2233 3028 2304 diligentiam,
3059 2242 3326 2308 quomodo
3358 2260 3426 2300 ne
3451 2249 3610 2318 syllaa

1982 2383 1984 2385 _
2042 2317 2162 2372 bam
2183 2321 2396 2390 quidem
2419 2338 2575 2376 unam
2601 2325 2839 2380 inutilem
2862 2329 3148 2385 contineat.
3179 2332 3312 2390 Nam
3341 2317 3618 2408 postquam

2043 2425 2142 2465 nos
2170 2413 2350 2466 docuit
2393 2415 2704 2483 gravitatem
2746 2420 2994 2487 nequitia:
3032 2419 3327 2492 hominum,
3369 2437 3422 2483 et
3446 2446 3620 2499 preme

2047 2504 2464 2574 magnitudinem
2514 2506 2770 2576 improbis
2812 2508 3176 2578 inferendam,
3221 2517 3420 2574 indicat
3468 2524 3621 2580 nobis

2047 2611 2169 2649 eum
2195 2596 2284 2665 qui
2323 2595 2376 2650 itt
2409 2603 2549 2650 tanta
2582 2598 2918 2656 multitudine
2949 2606 3178 2670 potuerit
3213 2607 3473 2666 sinceram
3504 2628 3621 2669 ser-

2046 2700 2172 2739 Vare
2212 2686 2482 2740 virtutem.
2528 2686 2626 2741 Est
2661 2689 2804 2743 enim
2839 2692 3005 2747 virtus
3054 2696 3214 2750 etiarn
3257 2713 3351 2768 per
3391 2704 3618 2772 scipsam

2045 2775 2390 2830 admirabilis.
2419 2776 2568 2844 Quod
2611 2778 2655 2831 si
2699 2780 2818 2849 quis
2846 2782 2986 2838 illam
3029 2786 3081 2839 itt
3121 2789 3298 2844 medio
3335 2797 3622 2862 prohiben-

2049 2868 2178 2920 tium
2222 2867 2394 2933 colat,
2450 2871 2616 2923 utulto
2668 2875 3113 2932 admirabiliorem
3160 2881 3326 2950 ipsam
3367 2883 3618 2946 ostendit.

2049 2959 2338 3028 Propterea
2373 2961 2550 3014 divina
2580 2961 2852 3030 Scriptura
2894 2969 3041 3034 quasi
3069 2970 3380 3029 admirando
3421 2977 3622 3046 justum

2048 3050 2265 3106 dicitde
2295 3052 2407 3120 illo,
2438 3055 2487 3106 in
2511 3053 2687 3109 medio
2717 3055 2928 3112 illorum
2958 3061 3046 3128 qui
3084 3062 3500 3135 indignationem
3531 3072 3625 3130 Dei

2049 3144 2320 3209 experturi
2361 3154 2516 3198 erant
2549 3155 2812 3212 versante,
2849 3147 2964 3204 Noe
2997 3163 3160 3206 autem
3204 3161 3389 3213 invenit
3411 3166 3627 3232 gratiam

2057 3250 2226 3286 coram
2257 3234 2473 3289 Domino
2492 3235 2617 3290 Deo.
2645 3235 2845 3294 Invenit
2867 3244 3104 3312 gratiora,
3128 3248 3239 3312 sed,
3269 3249 3449 3306 Coram
3475 3253 3582 3310 Deo
3607 3273 3627 3314 :

2063 3342 2168 3379 non
2201 3325 2532 3395 simpliciter,
2563 3326 2762 3383 Invenit
2793 3334 3028 3401 gratiam,
3056 3337 3170 3402 sed,
3201 3339 3383 3395 Coram
3411 3343 3627 3403 Domino

2056 3415 2162 3469 Deo
2191 3431 2210 3469 :
2231 3425 2286 3468 ut
2311 3430 2408 3469 nos
2455 3416 2664 3483 doceat,
2695 3420 2864 3488 ipsum
2892 3439 3052 3476 unum
3090 3426 3338 3484 habuisse
3380 3447 3623 3504 scopum,

2056 3519 2112 3561 ut
2148 3507 2215 3560 ab
2253 3506 2343 3561 illo
2382 3507 2536 3560 oculo
2563 3507 2889 3576 laudaretur,
2923 3515 3008 3582 qui
3036 3516 3323 3573 dormitare
3349 3526 3623 3596 sopiriqne

2056 3599 2261 3663 nescit,
2299 3595 2534 3665 nihilque
2585 3600 2853 3657 curavisse
2911 3602 3191 3660 humanam
3243 3611 3488 3680 gloriam,
3536 3595 3628 3674 vel

2057 3688 2419 3760 ignominiam,
2441 3691 2524 3745 vel
2554 3692 2871 3747 irrisioncut.
2893 3694 3190 3752 Verisimile
3216 3702 3354 3754 enim
3377 3715 3460 3759 est
3476 3723 3625 3776 eum,

2057 3796 2176 3836 cum
2209 3794 2401 3852 praner
2426 3799 2628 3840 morem
2658 3784 2892 3839 omnium
2925 3786 3171 3842 virtutem
3212 3793 3433 3861 coleret,
3463 3796 3630 3857 fuisse

2058 3874 2438 3930 subsannatum
2474 3887 2528 3930 et
2556 3877 2769 3931 irrisum
2811 3879 2880 3932 ab
2921 3880 3168 3935 omnibus
3210 3887 3500 3955 nequitiam
3541 3907 3627 3949 se-

2057 3969 2344 4033 ctantibus,
2373 3969 2862 4038 quiconsueverant
2893 3985 2987 4025 eos
3011 3975 3102 4040 qui
3133 3975 3271 4029 illam
3300 3981 3548 4048 vitarent,
3574 3994 3631 4041 et

2061 4059 2306 4112 Vil‘ltllt'ltl
2348 4061 2801 4128 amplexarentur,
2851 4063 3112 4131 irridere;
3152 4068 3202 4121 id
3231 4071 3453 4136 quod-et
3490 4092 3632 4134 nunc

2059 4162 2202 4218 swpe
2246 4149 2359 4204 ﬁeri
2399 4150 2557 4205 solet.
2587 4149 2944 4220 Videmusque
2971 4170 3162 4225 segnes
3192 4162 3387 4218 multos
3412 4167 3504 4234 qui
3547 4170 3632 4223 ri-

2059 4255 2178 4293 sum
2211 4250 2265 4294 et
2304 4240 2768 4297 subsannationem
2809 4243 2949 4300 ferre
2989 4261 3276 4317 nequeunt,
3312 4255 3406 4308 sed
3441 4260 3630 4324 pmfe-

2060 4341 2185 4384 runt
2213 4332 2496 4386 humanam
2522 4332 2744 4402 gloriam
2772 4349 2913 4390 verte
2954 4344 3009 4390 et
3036 4338 3339 4409 immortali,
3380 4347 3634 4407 abstracti

2061 4429 2117 4474 et
2143 4421 2316 4474 allecti
2346 4423 2414 4477 ab
2441 4424 2665 4477 aliorum
2697 4423 2970 4480 hominum
3014 4430 3230 4485 malitia.
3261 4435 3464 4491 Anima:
3487 4442 3631 4498 enim

2064 4511 2213 4566 fortis
2237 4524 2290 4566 et
2320 4515 2614 4568 constantis
2660 4526 2762 4581 cst,
2806 4530 2962 4585 posse
2983 4518 3243 4576 obsistere
3276 4525 3339 4580 iis
3363 4530 3451 4596 qui
3485 4533 3635 4587 avel-

2062 4602 2172 4657 lere
2199 4603 2508 4667 ntoliuntnr,
2539 4612 2592 4658 et
2621 4603 2946 4661 nihilfacere
2973 4619 3030 4662 ut
3060 4610 3362 4669 hominibus
3385 4617 3592 4684 placeat
3618 4640 3632 4675 :

2062 4692 2156 4748 sed
2181 4693 2390 4747 oculum
2421 4708 2574 4746 suum
2613 4695 2888 4750 intendere
2914 4696 2982 4750 ad
3012 4698 3161 4753 illum
3194 4701 3480 4772 insopitum
3506 4724 3637 4763 oeu-

2065 4784 2194 4848 lum,
2227 4793 2281 4839 et
2307 4784 2374 4837 ab
2401 4800 2466 4839 eo
2495 4785 2668 4838 solum
2703 4785 2926 4854 gloriam
2950 4801 3283 4858 exspectare,
3305 4795 3636 4868 istorumque

2061 4875 2282 4944 gloriam
2327 4874 2620 4942 despicere,
2665 4875 2963 4944 Itullittsque
3008 4878 3095 4946 pili
3137 4880 3311 4937 facere
3351 4886 3634 4945 humanam

2065 4961 2274 5016 laudem
2302 4962 2379 5015 vel
2411 4963 2672 5029 convicia,
2699 4962 2795 5017 sed
2824 4977 2886 5018 ea
2913 4968 3317 5033 przetermittere
3340 4984 3396 5028 ut
3425 4977 3637 5034 umbras

2065 5063 2120 5107 et
2158 5053 2385 5105 somnia.
2409 5051 2524 5106 Jam
2555 5051 2642 5106 hic
2683 5069 2826 5124 sa'pc
2852 5055 3001 5110 tnulti
3031 5073 3135 5113 non
3169 5059 3397 5118 ferentes
3421 5065 3639 5135 injurias

2065 5140 2249 5195 decent
2290 5151 2381 5194 aut
2419 5141 2602 5210 viginti
2649 5142 2946 5212 hominum,
2991 5147 3076 5201 vel
3118 5151 3278 5205 etiam
3310 5157 3636 5226 pauciorum,

2065 5231 2384 5299 supplantati
2411 5242 2611 5287 suntet
2637 5247 2974 5290 corruerunt.
3004 5236 3094 5290 Est
3127 5241 3258 5294 enim
3283 5249 3515 5315 confusio
3542 5255 3639 5306 du-

2066 5339 2182 5376 cens
2224 5323 2275 5375 in
2315 5334 2571 5394 peceatum
2600 5324 2787 5390 (Eccti.
2829 5327 2884 5380 4.
2924 5326 3038 5394 25).
3084 5328 3265 5399 Neque
3303 5348 3519 5402 parvum
3561 5349 3641 5395 est

2068 5412 2344 5483 despicere
2368 5415 2653 5469 irridentes
2679 5425 2732 5468 et
2756 5418 3140 5483 exprobrantes
3167 5430 3220 5475 et
3247 5422 3445 5480 salibus
3473 5428 3643 5483 inces~

2070 5516 2296 5560 sentes:
2328 5520 2381 5558 at
2421 5507 2595 5574 justus
2635 5506 2722 5560 ille
2775 5523 2878 5561 non
2927 5511 3050 5564 talis
3099 5523 3232 5565 erat.
3277 5513 3458 5587 Neque
3500 5522 3641 5576 enim

2074 5605 2277 5651 tan'um
2307 5597 2491 5651 decem
2521 5607 2575 5650 et
2621 5597 2802 5664 viginti
2830 5611 2885 5655 et
2910 5610 3123 5656 centum
3157 5602 3418 5675 homines,
3460 5611 3551 5664 sed
3590 5624 3641 5669 et

2073 5703 2286 5744 omnem
2319 5688 2590 5744 hominum
2613 5698 2877 5760 naturam,
2903 5703 2956 5748 et
2979 5700 3058 5749 tot
3084 5697 3349 5764 ntyriadas
3373 5699 3637 5772 despexit.
