  <div class='ocr_page' id='page_1' title='image "/cluster/home/n/w/nwhite01/storage/ocr_20150623/53/hvd.32044054086673/197.png"; bbox 0 0 4102 6204; ppageno 0'>
   <div class='ocr_carea' id='block_1_1' title="bbox 483 355 585 408">
    <p class='ocr_par' dir='ltr' id='par_1_1' title="bbox 483 355 585 408">
     <span class='ocr_line' id='line_1_1' title="bbox 483 355 585 408; baseline 0.02 -2"><span class='ocrx_word' id='word_1_1' title='bbox 483 355 585 408; x_wconf 70' lang='grc'><strong>199</strong></span> 
     </span>
    </p>
   </div>
   <div class='ocr_carea' id='block_1_2' title="bbox 483 458 2053 526">
    <p class='ocr_par' dir='ltr' id='par_1_2' title="bbox 483 458 2053 526">
     <span class='ocr_line' id='line_1_2' title="bbox 483 458 2053 526; baseline -0.003 -8"><span class='ocrx_word' id='word_1_2' title='bbox 483 461 784 520; x_wconf 76' lang='lat' dir='ltr'><strong>\‘erisimilc</strong></span> <span class='ocrx_word' id='word_1_3' title='bbox 807 459 949 515; x_wconf 89' lang='lat' dir='ltr'><strong>enim</strong></span> <span class='ocrx_word' id='word_1_4' title='bbox 981 467 1063 514; x_wconf 91' lang='lat' dir='ltr'><strong>est</strong></span> <span class='ocrx_word' id='word_1_5' title='bbox 1092 471 1281 516; x_wconf 89' lang='lat' dir='ltr'><strong>omnes</strong></span> <span class='ocrx_word' id='word_1_6' title='bbox 1322 458 1444 513; x_wconf 90' lang='lat' dir='ltr'><strong>lllos</strong></span> <span class='ocrx_word' id='word_1_7' title='bbox 1497 458 1701 526; x_wconf 83' lang='lat' dir='ltr'><strong>risisse,</strong></span> <span class='ocrx_word' id='word_1_8' title='bbox 1731 458 2053 525; x_wconf 80' lang='lat' dir='ltr'><strong>traduxisse,</strong></span> 
     </span>
    </p>
   </div>
   <div class='ocr_carea' id='block_1_3' title="bbox 478 548 2055 615">
    <p class='ocr_par' dir='ltr' id='par_1_3' title="bbox 478 548 2055 615">
     <span class='ocr_line' id='line_1_3' title="bbox 478 548 2055 615; baseline -0.003 -6"><span class='ocrx_word' id='word_1_9' title='bbox 478 551 910 614; x_wconf 85' lang='lat' dir='ltr'><strong>subsannavisse,</strong></span> <span class='ocrx_word' id='word_1_10' title='bbox 951 548 1308 604; x_wconf 88' lang='lat' dir='ltr'><strong>debacchatos</strong></span> <span class='ocrx_word' id='word_1_11' title='bbox 1345 563 1485 615; x_wconf 82' lang='lat' dir='ltr'><strong>esse,</strong></span> <span class='ocrx_word' id='word_1_12' title='bbox 1528 563 1590 603; x_wconf 91' lang='lat' dir='ltr'><strong>ac</strong></span> <span class='ocrx_word' id='word_1_13' title='bbox 1617 548 1753 603; x_wconf 91' lang='lat' dir='ltr'><strong>forte</strong></span> <span class='ocrx_word' id='word_1_14' title='bbox 1787 550 1968 614; x_wconf 89' lang='lat' dir='ltr'><strong>etiam,</strong></span> <span class='ocrx_word' id='word_1_15' title='bbox 2011 550 2055 606; x_wconf 87' lang='lat' dir='ltr'><strong>si</strong></span> 
     </span>
    </p>
   </div>
   <div class='ocr_carea' id='block_1_4' title="bbox 479 637 2054 712">
    <p class='ocr_par' dir='ltr' id='par_1_4' title="bbox 479 637 2054 712">
     <span class='ocr_line' id='line_1_4' title="bbox 479 637 2054 712; baseline -0.001 -18"><span class='ocrx_word' id='word_1_16' title='bbox 479 641 729 712; x_wconf 83' lang='lat' dir='ltr'><strong>possibile</strong></span> <span class='ocrx_word' id='word_1_17' title='bbox 772 637 980 704; x_wconf 87' lang='lat' dir='ltr'><strong>fuisset,</strong></span> <span class='ocrx_word' id='word_1_18' title='bbox 1029 638 1324 693; x_wconf 86' lang='lat' dir='ltr'><strong>dilacerare</strong></span> <span class='ocrx_word' id='word_1_19' title='bbox 1350 639 1604 693; x_wconf 90' lang='lat' dir='ltr'><strong>voluisse.</strong></span> <span class='ocrx_word' id='word_1_20' title='bbox 1645 638 1868 708; x_wconf 87' lang='lat' dir='ltr'><strong>Semper</strong></span> <span class='ocrx_word' id='word_1_21' title='bbox 1909 637 2054 694; x_wconf 89' lang='lat' dir='ltr'><strong>enim</strong></span> 
     </span>
    </p>
   </div>
   <div class='ocr_carea' id='block_1_5' title="bbox 476 729 2052 799">
    <p class='ocr_par' dir='ltr' id='par_1_5' title="bbox 476 729 2052 799">
     <span class='ocr_line' id='line_1_5' title="bbox 476 729 2052 799; baseline -0.003 -12"><span class='ocrx_word' id='word_1_22' title='bbox 476 742 661 787; x_wconf 86' lang='lat' dir='ltr'><strong>contra</strong></span> <span class='ocrx_word' id='word_1_23' title='bbox 709 731 958 785; x_wconf 73' lang='lat' dir='ltr'><strong>virtutem</strong></span> <span class='ocrx_word' id='word_1_24' title='bbox 1004 729 1200 783; x_wconf 84' lang='lat' dir='ltr'><strong>insanit</strong></span> <span class='ocrx_word' id='word_1_25' title='bbox 1253 729 1451 784; x_wconf 90' lang='lat' dir='ltr'><strong>malitia</strong></span> <span class='ocrx_word' id='word_1_26' title='bbox 1483 747 1496 784; x_wconf 92' lang='lat'>:</span> <span class='ocrx_word' id='word_1_27' title='bbox 1527 731 1672 799; x_wconf 88' lang='lat' dir='ltr'><strong>atqui</strong></span> <span class='ocrx_word' id='word_1_28' title='bbox 1719 745 1825 784; x_wconf 90' lang='lat' dir='ltr'><strong>non</strong></span> <span class='ocrx_word' id='word_1_29' title='bbox 1880 730 2052 784; x_wconf 91' lang='lat' dir='ltr'><strong>solum</strong></span> 
     </span>
    </p>
   </div>
   <div class='ocr_carea' id='block_1_6' title="bbox 478 818 2052 887">
    <p class='ocr_par' dir='ltr' id='par_1_6' title="bbox 478 818 2052 887">
     <span class='ocr_line' id='line_1_6' title="bbox 478 818 2052 887; baseline -0.003 -10"><span class='ocrx_word' id='word_1_30' title='bbox 478 822 608 877; x_wconf 81' lang='lat' dir='ltr'><strong>nihil</strong></span> <span class='ocrx_word' id='word_1_31' title='bbox 636 822 707 876; x_wconf 91' lang='lat' dir='ltr'><strong>illi</strong></span> <span class='ocrx_word' id='word_1_32' title='bbox 749 828 927 887; x_wconf 87' lang='lat' dir='ltr'><strong>nocet,</strong></span> <span class='ocrx_word' id='word_1_33' title='bbox 971 819 1064 874; x_wconf 90' lang='lat' dir='ltr'><strong>sed</strong></span> <span class='ocrx_word' id='word_1_34' title='bbox 1105 827 1159 874; x_wconf 89' lang='lat' dir='ltr'><strong>et</strong></span> <span class='ocrx_word' id='word_1_35' title='bbox 1200 819 1499 874; x_wconf 88' lang='lat' dir='ltr'><strong>infestando</strong></span> <span class='ocrx_word' id='word_1_36' title='bbox 1541 818 1814 873; x_wconf 77' lang='lat' dir='ltr'><strong>fortiorem</strong></span> <span class='ocrx_word' id='word_1_37' title='bbox 1859 819 2052 874; x_wconf 83' lang='lat' dir='ltr'><strong>reddit.</strong></span> 
     </span>
    </p>
   </div>
   <div class='ocr_carea' id='block_1_7' title="bbox 477 907 2056 979">
    <p class='ocr_par' dir='ltr' id='par_1_7' title="bbox 477 907 2056 979">
     <span class='ocr_line' id='line_1_7' title="bbox 477 907 2056 979; baseline -0.001 -12"><span class='ocrx_word' id='word_1_38' title='bbox 477 912 709 967; x_wconf 83' lang='lat' dir='ltr'><strong>Tantum</strong></span> <span class='ocrx_word' id='word_1_39' title='bbox 733 912 878 966; x_wconf 84' lang='lat' dir='ltr'><strong>enim</strong></span> <span class='ocrx_word' id='word_1_40' title='bbox 917 909 1126 965; x_wconf 88' lang='lat' dir='ltr'><strong>virtutis</strong></span> <span class='ocrx_word' id='word_1_41' title='bbox 1155 918 1237 963; x_wconf 93' lang='lat' dir='ltr'><strong>est</strong></span> <span class='ocrx_word' id='word_1_42' title='bbox 1263 910 1444 974; x_wconf 90' lang='lat' dir='ltr'><strong>robur,</strong></span> <span class='ocrx_word' id='word_1_43' title='bbox 1461 907 1536 963; x_wconf 61' lang='grc' dir='ltr'>«ιι</span> <span class='ocrx_word' id='word_1_44' title='bbox 1567 908 1816 978; x_wconf 89' lang='lat' dir='ltr'><strong>patiendo</strong></span> <span class='ocrx_word' id='word_1_45' title='bbox 1840 918 2056 979; x_wconf 88' lang='lat' dir='ltr'><strong>superet</strong></span> 
     </span>
    </p>
   </div>
   <div class='ocr_carea' id='block_1_8' title="bbox 477 999 2052 1073">
    <p class='ocr_par' dir='ltr' id='par_1_8' title="bbox 477 999 2052 1073">
     <span class='ocr_line' id='line_1_8' title="bbox 477 999 2052 1073; baseline -0.002 -15"><span class='ocrx_word' id='word_1_46' title='bbox 477 1021 574 1058; x_wconf 83' lang='lat' dir='ltr'><strong>eos</strong></span> <span class='ocrx_word' id='word_1_47' title='bbox 599 1004 690 1073; x_wconf 86' lang='lat' dir='ltr'><strong>qui</strong></span> <span class='ocrx_word' id='word_1_48' title='bbox 718 1002 984 1070; x_wconf 73' lang='lat' dir='ltr'><strong>negotium</strong></span> <span class='ocrx_word' id='word_1_49' title='bbox 1029 1001 1128 1055; x_wconf 85' lang='lat' dir='ltr'><strong>sibi</strong></span> <span class='ocrx_word' id='word_1_50' title='bbox 1169 1001 1388 1064; x_wconf 88' lang='lat' dir='ltr'><strong>faciant,</strong></span> <span class='ocrx_word' id='word_1_51' title='bbox 1438 1009 1493 1054; x_wconf 90' lang='lat' dir='ltr'><strong>et</strong></span> <span class='ocrx_word' id='word_1_52' title='bbox 1529 1016 1649 1055; x_wconf 87' lang='lat' dir='ltr'><strong>cum</strong></span> <span class='ocrx_word' id='word_1_53' title='bbox 1693 999 2052 1070; x_wconf 88' lang='lat' dir='ltr'><strong>impugnatur,</strong></span> 
     </span>
    </p>
   </div>
   <div class='ocr_carea' id='block_1_9' title="bbox 480 1091 2051 1162">
    <p class='ocr_par' dir='ltr' id='par_1_9' title="bbox 480 1091 2051 1162">
     <span class='ocr_line' id='line_1_9' title="bbox 480 1091 2051 1162; baseline -0.002 -14"><span class='ocrx_word' id='word_1_54' title='bbox 480 1095 721 1150; x_wconf 80' lang='lat' dir='ltr'><strong>hostibus</strong></span> <span class='ocrx_word' id='word_1_55' title='bbox 750 1094 841 1148; x_wconf 82' lang='lat' dir='ltr'><strong>fiat</strong></span> <span class='ocrx_word' id='word_1_56' title='bbox 864 1093 1150 1162; x_wconf 90' lang='lat' dir='ltr'><strong>potentior.</strong></span> <span class='ocrx_word' id='word_1_57' title='bbox 1185 1093 1358 1162; x_wconf 91' lang='lat' dir='ltr'><strong>Atque</strong></span> <span class='ocrx_word' id='word_1_58' title='bbox 1403 1091 1455 1146; x_wconf 93' lang='lat' dir='ltr'><strong>id</strong></span> <span class='ocrx_word' id='word_1_59' title='bbox 1505 1093 1558 1146; x_wconf 93' lang='lat' dir='ltr'><strong>in</strong></span> <span class='ocrx_word' id='word_1_60' title='bbox 1585 1092 1765 1147; x_wconf 89' lang='lat' dir='ltr'><strong>multis</strong></span> <span class='ocrx_word' id='word_1_61' title='bbox 1791 1092 2051 1147; x_wconf 87' lang='lat' dir='ltr'><strong>videmus.</strong></span> 
     </span>
    </p>
   </div>
   <div class='ocr_carea' id='block_1_10' title="bbox 443 1181 2050 1252">
    <p class='ocr_par' dir='ltr' id='par_1_10' title="bbox 443 1181 2050 1252">
     <span class='ocr_line' id='line_1_10' title="bbox 443 1181 2050 1252; baseline -0.002 -13"><span class='ocrx_word' id='word_1_62' title='bbox 443 1239 455 1252; x_wconf 72' lang='grc'><em>,</em></span> <span class='ocrx_word' id='word_1_63' title='bbox 477 1187 743 1239; x_wconf 78' lang='lat' dir='ltr'><strong>Caeterum</strong></span> <span class='ocrx_word' id='word_1_64' title='bbox 771 1191 827 1236; x_wconf 92' lang='lat' dir='ltr'><strong>ut</strong></span> <span class='ocrx_word' id='word_1_65' title='bbox 863 1184 1011 1236; x_wconf 87' lang='lat' dir='ltr'><strong>vobis</strong></span> <span class='ocrx_word' id='word_1_66' title='bbox 1039 1183 1351 1237; x_wconf 81' lang='lat' dir='ltr'><strong>occasiones</strong></span> <span class='ocrx_word' id='word_1_67' title='bbox 1373 1182 1704 1251; x_wconf 76' lang='lat' dir='ltr'><strong>praebeamus</strong></span> <span class='ocrx_word' id='word_1_68' title='bbox 1729 1200 1742 1237; x_wconf 92' lang='lat'><strong>:</strong></span> <span class='ocrx_word' id='word_1_69' title='bbox 1771 1181 1855 1236; x_wconf 88' lang='lat' dir='ltr'><strong>Da</strong></span> <span class='ocrx_word' id='word_1_70' title='bbox 1881 1184 2050 1250; x_wconf 89' lang='lat' dir='ltr'><strong>enim,</strong></span> 
     </span>
    </p>
   </div>
   <div class='ocr_carea' id='block_1_11' title="bbox 478 1274 2051 1346">
    <p class='ocr_par' dir='ltr' id='par_1_11' title="bbox 478 1274 2051 1346">
     <span class='ocr_line' id='line_1_11' title="bbox 478 1274 2051 1346; baseline -0.001 -16"><span class='ocrx_word' id='word_1_71' title='bbox 478 1276 670 1346; x_wconf 82' lang='lat' dir='ltr'><strong>inquit,</strong></span> <span class='ocrx_word' id='word_1_72' title='bbox 702 1275 916 1344; x_wconf 75' lang='lat' dir='ltr'><strong>sapienti</strong></span> <span class='ocrx_word' id='word_1_73' title='bbox 943 1274 1272 1337; x_wconf 80' lang='lat' dir='ltr'><strong>occasionem,</strong></span> <span class='ocrx_word' id='word_1_74' title='bbox 1304 1287 1350 1326; x_wconf 87' lang='lat' dir='ltr'><strong>et</strong></span> <span class='ocrx_word' id='word_1_75' title='bbox 1377 1275 1649 1343; x_wconf 78' lang='lat' dir='ltr'><strong>sapientior</strong></span> <span class='ocrx_word' id='word_1_76' title='bbox 1675 1277 1766 1328; x_wconf 87' lang='lat' dir='ltr'><strong>erit</strong></span> <span class='ocrx_word' id='word_1_77' title='bbox 1797 1274 1974 1345; x_wconf 87' lang='lat' dir='ltr'><strong>(Prov.</strong></span> <span class='ocrx_word' id='word_1_78' title='bbox 1997 1275 2051 1331; x_wconf 89' lang='lat'><strong>9.</strong></span> 
     </span>
    </p>
   </div>
   <div class='ocr_carea' id='block_1_12' title="bbox 477 1364 2054 1437">
    <p class='ocr_par' dir='ltr' id='par_1_12' title="bbox 477 1364 2054 1437">
     <span class='ocr_line' id='line_1_12' title="bbox 477 1364 2054 1437; baseline 0 -17"><span class='ocrx_word' id='word_1_79' title='bbox 477 1367 574 1437; x_wconf 83' lang='lat'><strong>9):</strong></span> <span class='ocrx_word' id='word_1_80' title='bbox 604 1379 782 1434; x_wconf 75' lang='lat' dir='ltr'><strong>operae</strong></span> <span class='ocrx_word' id='word_1_81' title='bbox 825 1365 1054 1432; x_wconf 89' lang='lat' dir='ltr'><strong>pretium</strong></span> <span class='ocrx_word' id='word_1_82' title='bbox 1097 1364 1252 1418; x_wconf 87' lang='lat' dir='ltr'><strong>fuerit</strong></span> <span class='ocrx_word' id='word_1_83' title='bbox 1291 1373 1344 1418; x_wconf 88' lang='lat' dir='ltr'><strong>et</strong></span> <span class='ocrx_word' id='word_1_84' title='bbox 1381 1380 1444 1418; x_wconf 85' lang='lat' dir='ltr'><strong>ex</strong></span> <span class='ocrx_word' id='word_1_85' title='bbox 1494 1365 1688 1431; x_wconf 82' lang='lat' dir='ltr'><strong>Veteri,</strong></span> <span class='ocrx_word' id='word_1_86' title='bbox 1730 1379 1783 1420; x_wconf 81' lang='lat' dir='ltr'><strong>et</strong></span> <span class='ocrx_word' id='word_1_87' title='bbox 1811 1382 1877 1420; x_wconf 84' lang='lat' dir='ltr'><strong>ex</strong></span> <span class='ocrx_word' id='word_1_88' title='bbox 1906 1366 2054 1422; x_wconf 86' lang='lat' dir='ltr'><strong>Novo</strong></span> 
     </span>
    </p>
   </div>
   <div class='ocr_carea' id='block_1_13' title="bbox 476 1454 2052 1526">
    <p class='ocr_par' dir='ltr' id='par_1_13' title="bbox 476 1454 2052 1526">
     <span class='ocr_line' id='line_1_13' title="bbox 476 1454 2052 1526; baseline 0 -14"><span class='ocrx_word' id='word_1_89' title='bbox 476 1456 822 1512; x_wconf 82' lang='lat' dir='ltr'><strong>Testamento</strong></span> <span class='ocrx_word' id='word_1_90' title='bbox 859 1454 1147 1522; x_wconf 73' lang='lat' dir='ltr'><strong>Scriptum</strong></span> <span class='ocrx_word' id='word_1_91' title='bbox 1187 1454 1338 1508; x_wconf 84' lang='lat' dir='ltr'><strong>vobis</strong></span> <span class='ocrx_word' id='word_1_92' title='bbox 1362 1455 1551 1510; x_wconf 76' lang='lat' dir='ltr'><strong>all‘erre</strong></span> <span class='ocrx_word' id='word_1_93' title='bbox 1579 1457 1840 1525; x_wconf 86' lang='lat' dir='ltr'><strong>exempla.</strong></span> <span class='ocrx_word' id='word_1_94' title='bbox 1868 1456 2052 1526; x_wconf 84' lang='lat' dir='ltr'><strong>Itaque</strong></span> 
     </span>
    </p>
   </div>
   <div class='ocr_carea' id='block_1_14' title="bbox 474 1544 2050 1616">
    <p class='ocr_par' dir='ltr' id='par_1_14' title="bbox 474 1544 2050 1616">
     <span class='ocr_line' id='line_1_14' title="bbox 474 1544 2050 1616; baseline 0.001 -15"><span class='ocrx_word' id='word_1_95' title='bbox 474 1547 668 1616; x_wconf 80' lang='lat' dir='ltr'><strong>cogita,</strong></span> <span class='ocrx_word' id='word_1_96' title='bbox 703 1545 927 1598; x_wconf 88' lang='lat' dir='ltr'><strong>obsecro</strong></span> <span class='ocrx_word' id='word_1_97' title='bbox 973 1553 1053 1608; x_wconf 89' lang='lat' dir='ltr'><strong>te,</strong></span> <span class='ocrx_word' id='word_1_98' title='bbox 1093 1544 1224 1598; x_wconf 87' lang='lat' dir='ltr'><strong>Abel</strong></span> <span class='ocrx_word' id='word_1_99' title='bbox 1252 1560 1424 1600; x_wconf 91' lang='lat' dir='ltr'><strong>nonne</strong></span> <span class='ocrx_word' id='word_1_100' title='bbox 1464 1546 1670 1600; x_wconf 84' lang='lat' dir='ltr'><strong>occisus</strong></span> <span class='ocrx_word' id='word_1_101' title='bbox 1714 1555 1796 1601; x_wconf 92' lang='lat' dir='ltr'><strong>est</strong></span> <span class='ocrx_word' id='word_1_102' title='bbox 1843 1562 1873 1600; x_wconf 83' lang='grc' dir='ltr'><strong>ιι</strong></span> <span class='ocrx_word' id='word_1_103' title='bbox 1920 1548 2050 1602; x_wconf 84' lang='lat' dir='ltr'><strong>Cain</strong></span> 
     </span>
    </p>
   </div>
   <div class='ocr_carea' id='block_1_15' title="bbox 480 1633 2052 1709">
    <p class='ocr_par' dir='ltr' id='par_1_15' title="bbox 480 1633 2052 1709">
     <span class='ocr_line' id='line_1_15' title="bbox 480 1633 2052 1709; baseline 0.001 -18"><span class='ocrx_word' id='word_1_104' title='bbox 480 1636 632 1709; x_wconf 77' lang='lat' dir='ltr'><strong>(Gen.</strong></span> <span class='ocrx_word' id='word_1_105' title='bbox 663 1634 759 1705; x_wconf 68' lang='lat'><strong>4)?</strong></span> <span class='ocrx_word' id='word_1_106' title='bbox 802 1649 979 1688; x_wconf 90' lang='lat' dir='ltr'><strong>nonne</strong></span> <span class='ocrx_word' id='word_1_107' title='bbox 1025 1633 1170 1688; x_wconf 91' lang='lat' dir='ltr'><strong>humi</strong></span> <span class='ocrx_word' id='word_1_108' title='bbox 1209 1637 1545 1704; x_wconf 76' lang='lat' dir='ltr'><strong>prostratus?</strong></span> <span class='ocrx_word' id='word_1_109' title='bbox 1585 1636 1689 1691; x_wconf 89' lang='lat' dir='ltr'><strong>Sed</strong></span> <span class='ocrx_word' id='word_1_110' title='bbox 1733 1652 1801 1692; x_wconf 90' lang='lat' dir='ltr'><strong>ne</strong></span> <span class='ocrx_word' id='word_1_111' title='bbox 1839 1647 2052 1708; x_wconf 80' lang='lat' dir='ltr'><strong>spectes</strong></span> 
     </span>
    </p>
   </div>
   <div class='ocr_carea' id='block_1_16' title="bbox 473 1724 2048 1797">
    <p class='ocr_par' dir='ltr' id='par_1_16' title="bbox 473 1724 2048 1797">
     <span class='ocr_line' id='line_1_16' title="bbox 473 1724 2048 1797; baseline 0.001 -18"><span class='ocrx_word' id='word_1_112' title='bbox 473 1725 616 1794; x_wconf 89' lang='lat' dir='ltr'><strong>quod</strong></span> <span class='ocrx_word' id='word_1_113' title='bbox 661 1724 1017 1797; x_wconf 72' lang='lat' dir='ltr'><strong>pnevalnerit,</strong></span> <span class='ocrx_word' id='word_1_114' title='bbox 1061 1725 1426 1794; x_wconf 86' lang='lat' dir='ltr'><strong>occideritque</strong></span> <span class='ocrx_word' id='word_1_115' title='bbox 1466 1741 1586 1780; x_wconf 88' lang='lat' dir='ltr'><strong>eum</strong></span> <span class='ocrx_word' id='word_1_116' title='bbox 1629 1727 1713 1781; x_wconf 92' lang='lat' dir='ltr'><strong>cui</strong></span> <span class='ocrx_word' id='word_1_117' title='bbox 1762 1729 2048 1796; x_wconf 80' lang='lat' dir='ltr'><strong>invidebat,</strong></span> 
     </span>
    </p>
   </div>
   <div class='ocr_carea' id='block_1_17' title="bbox 474 1812 2046 1884">
    <p class='ocr_par' dir='ltr' id='par_1_17' title="bbox 474 1812 2046 1884">
     <span class='ocr_line' id='line_1_17' title="bbox 474 1812 2046 1884; baseline 0.003 -16"><span class='ocrx_word' id='word_1_118' title='bbox 474 1812 606 1868; x_wconf 87' lang='lat' dir='ltr'><strong>nihil</strong></span> <span class='ocrx_word' id='word_1_119' title='bbox 630 1814 698 1868; x_wconf 89' lang='lat' dir='ltr'><strong>ah</strong></span> <span class='ocrx_word' id='word_1_120' title='bbox 727 1813 818 1867; x_wconf 89' lang='lat' dir='ltr'><strong>illo</strong></span> <span class='ocrx_word' id='word_1_121' title='bbox 841 1813 1032 1876; x_wconf 70' lang='lat' dir='ltr'><strong>laesus;</strong></span> <span class='ocrx_word' id='word_1_122' title='bbox 1063 1813 1158 1868; x_wconf 89' lang='lat' dir='ltr'><strong>sed</strong></span> <span class='ocrx_word' id='word_1_123' title='bbox 1194 1815 1470 1883; x_wconf 86' lang='lat' dir='ltr'><strong>sequentia</strong></span> <span class='ocrx_word' id='word_1_124' title='bbox 1502 1816 1746 1884; x_wconf 78' lang='lat' dir='ltr'><strong>expende</strong></span> <span class='ocrx_word' id='word_1_125' title='bbox 1776 1834 1790 1872; x_wconf 92' lang='lat'><strong>:</strong></span> <span class='ocrx_word' id='word_1_126' title='bbox 1819 1826 1878 1870; x_wconf 91' lang='lat' dir='ltr'><strong>ut</strong></span> <span class='ocrx_word' id='word_1_127' title='bbox 1903 1818 2046 1872; x_wconf 90' lang='lat' dir='ltr'><strong>scili-</strong></span> 
     </span>
    </p>
   </div>
   <div class='ocr_carea' id='block_1_18' title="bbox 473 1902 2052 1975">
    <p class='ocr_par' dir='ltr' id='par_1_18' title="bbox 473 1902 2052 1975">
     <span class='ocr_line' id='line_1_18' title="bbox 473 1902 2052 1975; baseline 0.005 -20"><span class='ocrx_word' id='word_1_128' title='bbox 473 1912 560 1956; x_wconf 94' lang='lat' dir='ltr'><strong>cet</strong></span> <span class='ocrx_word' id='word_1_129' title='bbox 591 1902 798 1957; x_wconf 85' lang='lat' dir='ltr'><strong>occisus</strong></span> <span class='ocrx_word' id='word_1_130' title='bbox 839 1902 928 1957; x_wconf 89' lang='lat' dir='ltr'><strong>ille</strong></span> <span class='ocrx_word' id='word_1_131' title='bbox 969 1903 1035 1957; x_wconf 88' lang='lat' dir='ltr'><strong>ad</strong></span> <span class='ocrx_word' id='word_1_132' title='bbox 1076 1902 1180 1958; x_wconf 90' lang='lat' dir='ltr'><strong>hoc</strong></span> <span class='ocrx_word' id='word_1_133' title='bbox 1221 1919 1388 1973; x_wconf 89' lang='lat' dir='ltr'><strong>usque</strong></span> <span class='ocrx_word' id='word_1_134' title='bbox 1429 1914 1636 1974; x_wconf 91' lang='lat' dir='ltr'><strong>tempus</strong></span> <span class='ocrx_word' id='word_1_135' title='bbox 1664 1907 1979 1975; x_wconf 79' lang='lat' dir='ltr'><strong>praedicetur</strong></span> <span class='ocrx_word' id='word_1_136' title='bbox 1997 1918 2052 1963; x_wconf 90' lang='lat' dir='ltr'><strong>et</strong></span> 
     </span>
    </p>
   </div>
   <div class='ocr_carea' id='block_1_19' title="bbox 471 1995 2050 2064">
    <p class='ocr_par' dir='ltr' id='par_1_19' title="bbox 471 1995 2050 2064">
     <span class='ocr_line' id='line_1_19' title="bbox 471 1995 2050 2064; baseline 0.003 -17"><span class='ocrx_word' id='word_1_137' title='bbox 471 2003 783 2060; x_wconf 83' lang='lat' dir='ltr'><strong>coronetur,</strong></span> <span class='ocrx_word' id='word_1_138' title='bbox 813 2008 912 2047; x_wconf 91' lang='lat' dir='ltr'><strong>nec</strong></span> <span class='ocrx_word' id='word_1_139' title='bbox 936 2002 1135 2047; x_wconf 91' lang='lat' dir='ltr'><strong>tantum</strong></span> <span class='ocrx_word' id='word_1_140' title='bbox 1161 2002 1368 2064; x_wconf 88' lang='lat' dir='ltr'><strong>tempus</strong></span> <span class='ocrx_word' id='word_1_141' title='bbox 1391 1995 1506 2063; x_wconf 85' lang='lat' dir='ltr'><strong>ejus</strong></span> <span class='ocrx_word' id='word_1_142' title='bbox 1535 1998 1842 2051; x_wconf 84' lang='lat' dir='ltr'><strong>memoriam</strong></span> <span class='ocrx_word' id='word_1_143' title='bbox 1872 1999 2050 2052; x_wconf 86' lang='lat' dir='ltr'><strong>immi-</strong></span> 
     </span>
    </p>
   </div>
   <div class='ocr_carea' id='block_1_20' title="bbox 472 2081 2048 2152">
    <p class='ocr_par' dir='ltr' id='par_1_20' title="bbox 472 2081 2048 2152">
     <span class='ocr_line' id='line_1_20' title="bbox 472 2081 2048 2152; baseline 0.003 -15"><span class='ocrx_word' id='word_1_144' title='bbox 472 2090 634 2148; x_wconf 88' lang='lat' dir='ltr'><strong>nuat;</strong></span> <span class='ocrx_word' id='word_1_145' title='bbox 673 2089 729 2135; x_wconf 90' lang='lat' dir='ltr'><strong>at</strong></span> <span class='ocrx_word' id='word_1_146' title='bbox 765 2081 853 2152; x_wconf 89' lang='lat' dir='ltr'><strong>qui</strong></span> <span class='ocrx_word' id='word_1_147' title='bbox 880 2082 1076 2138; x_wconf 92' lang='lat' dir='ltr'><strong>occidit</strong></span> <span class='ocrx_word' id='word_1_148' title='bbox 1123 2091 1178 2138; x_wconf 92' lang='lat' dir='ltr'><strong>et</strong></span> <span class='ocrx_word' id='word_1_149' title='bbox 1207 2084 1505 2152; x_wconf 67' lang='lat' dir='ltr'><strong>praevaluit,</strong></span> <span class='ocrx_word' id='word_1_150' title='bbox 1542 2085 1850 2142; x_wconf 90' lang='lat' dir='ltr'><strong>etiamtunc</strong></span> <span class='ocrx_word' id='word_1_151' title='bbox 1885 2087 2048 2143; x_wconf 90' lang='lat' dir='ltr'><strong>vitam</strong></span> 
     </span>
    </p>
   </div>
   <div class='ocr_carea' id='block_1_21' title="bbox 471 2175 2050 2250">
    <p class='ocr_par' dir='ltr' id='par_1_21' title="bbox 471 2175 2050 2250">
     <span class='ocr_line' id='line_1_21' title="bbox 471 2175 2050 2250; baseline 0.005 -22"><span class='ocrx_word' id='word_1_152' title='bbox 471 2183 644 2230; x_wconf 89' lang='lat' dir='ltr'><strong>morte</strong></span> <span class='ocrx_word' id='word_1_153' title='bbox 695 2175 993 2244; x_wconf 73' lang='lat' dir='ltr'><strong>graviorem</strong></span> <span class='ocrx_word' id='word_1_154' title='bbox 1042 2175 1384 2241; x_wconf 88' lang='lat' dir='ltr'><strong>sustinuerit,</strong></span> <span class='ocrx_word' id='word_1_155' title='bbox 1429 2186 1586 2248; x_wconf 90' lang='lat' dir='ltr'><strong>atque</strong></span> <span class='ocrx_word' id='word_1_156' title='bbox 1613 2194 1678 2234; x_wconf 86' lang='lat' dir='ltr'><strong>ex</strong></span> <span class='ocrx_word' id='word_1_157' title='bbox 1715 2195 1781 2235; x_wconf 92' lang='lat' dir='ltr'><strong>eo</strong></span> <span class='ocrx_word' id='word_1_158' title='bbox 1813 2190 2050 2250; x_wconf 89' lang='lat' dir='ltr'><strong>tempore</strong></span> 
     </span>
    </p>
   </div>
   <div class='ocr_carea' id='block_1_22' title="bbox 470 2265 2047 2334">
    <p class='ocr_par' dir='ltr' id='par_1_22' title="bbox 470 2265 2047 2334">
     <span class='ocr_line' id='line_1_22' title="bbox 470 2265 2047 2334; baseline 0.005 -17"><span class='ocrx_word' id='word_1_159' title='bbox 470 2280 639 2334; x_wconf 89' lang='lat' dir='ltr'><strong>usque</strong></span> <span class='ocrx_word' id='word_1_160' title='bbox 665 2265 716 2318; x_wconf 95' lang='lat' dir='ltr'><strong>in</strong></span> <span class='ocrx_word' id='word_1_161' title='bbox 749 2265 1062 2320; x_wconf 90' lang='lat' dir='ltr'><strong>hodiernum</strong></span> <span class='ocrx_word' id='word_1_162' title='bbox 1105 2266 1410 2331; x_wconf 89' lang='lat' dir='ltr'><strong>infametur,</strong></span> <span class='ocrx_word' id='word_1_163' title='bbox 1444 2277 1498 2322; x_wconf 91' lang='lat' dir='ltr'><strong>et</strong></span> <span class='ocrx_word' id='word_1_164' title='bbox 1522 2269 1771 2324; x_wconf 91' lang='lat' dir='ltr'><strong>omnibus</strong></span> <span class='ocrx_word' id='word_1_165' title='bbox 1795 2285 2047 2325; x_wconf 81' lang='lat' dir='ltr'><strong>exsecra-</strong></span> 
     </span>
    </p>
   </div>
   <div class='ocr_carea' id='block_1_23' title="bbox 471 2355 2046 2428">
    <p class='ocr_par' dir='ltr' id='par_1_23' title="bbox 471 2355 2046 2428">
     <span class='ocr_line' id='line_1_23' title="bbox 471 2355 2046 2428; baseline 0.004 -20"><span class='ocrx_word' id='word_1_166' title='bbox 471 2355 602 2409; x_wconf 90' lang='lat' dir='ltr'><strong>tioni</strong></span> <span class='ocrx_word' id='word_1_167' title='bbox 643 2355 919 2420; x_wconf 78' lang='lat' dir='ltr'><strong>habeatur,</strong></span> <span class='ocrx_word' id='word_1_168' title='bbox 951 2371 1070 2410; x_wconf 92' lang='lat' dir='ltr'><strong>cum</strong></span> <span class='ocrx_word' id='word_1_169' title='bbox 1112 2357 1202 2412; x_wconf 90' lang='lat' dir='ltr'><strong>ille</strong></span> <span class='ocrx_word' id='word_1_170' title='bbox 1241 2357 1478 2428; x_wconf 88' lang='lat' dir='ltr'><strong>qu0tidie</strong></span> <span class='ocrx_word' id='word_1_171' title='bbox 1506 2360 1744 2412; x_wconf 90' lang='lat' dir='ltr'><strong>omnium</strong></span> <span class='ocrx_word' id='word_1_172' title='bbox 1771 2374 1864 2415; x_wconf 92' lang='lat' dir='ltr'><strong>ore</strong></span> <span class='ocrx_word' id='word_1_173' title='bbox 1901 2361 2046 2415; x_wconf 89' lang='lat' dir='ltr'><strong>cele-</strong></span> 
     </span>
    </p>
   </div>
   <div class='ocr_carea' id='block_1_24' title="bbox 471 2447 2043 2520">
    <p class='ocr_par' dir='ltr' id='par_1_24' title="bbox 471 2447 2043 2520">
     <span class='ocr_line' id='line_1_24' title="bbox 471 2447 2043 2520; baseline 0.003 -18"><span class='ocrx_word' id='word_1_174' title='bbox 471 2449 674 2502; x_wconf 88' lang='lat' dir='ltr'><strong>bretur.</strong></span> <span class='ocrx_word' id='word_1_175' title='bbox 702 2448 769 2502; x_wconf 83' lang='lat' dir='ltr'><strong>Et</strong></span> <span class='ocrx_word' id='word_1_176' title='bbox 810 2447 925 2503; x_wconf 85' lang='lat' dir='ltr'><strong>haec</strong></span> <span class='ocrx_word' id='word_1_177' title='bbox 950 2449 1160 2517; x_wconf 89' lang='lat' dir='ltr'><strong>quidem</strong></span> <span class='ocrx_word' id='word_1_178' title='bbox 1190 2449 1242 2503; x_wconf 93' lang='lat' dir='ltr'><strong>in</strong></span> <span class='ocrx_word' id='word_1_179' title='bbox 1271 2451 1522 2519; x_wconf 80' lang='lat' dir='ltr'><strong>praesenti</strong></span> <span class='ocrx_word' id='word_1_180' title='bbox 1547 2452 1652 2506; x_wconf 90' lang='lat' dir='ltr'><strong>vita</strong></span> <span class='ocrx_word' id='word_1_181' title='bbox 1679 2469 1693 2504; x_wconf 89' lang='lat'><strong>:</strong></span> <span class='ocrx_word' id='word_1_182' title='bbox 1717 2467 1834 2520; x_wconf 81' lang='lat' dir='ltr'><strong>quae</strong></span> <span class='ocrx_word' id='word_1_183' title='bbox 1862 2461 2043 2507; x_wconf 90' lang='lat' dir='ltr'><strong>autem</strong></span> 
     </span>
    </p>
   </div>
   <div class='ocr_carea' id='block_1_25' title="bbox 470 2535 2044 2611">
    <p class='ocr_par' dir='ltr' id='par_1_25' title="bbox 470 2535 2044 2611">
     <span class='ocr_line' id='line_1_25' title="bbox 470 2535 2044 2611; baseline 0.003 -21"><span class='ocrx_word' id='word_1_184' title='bbox 470 2537 524 2590; x_wconf 91' lang='lat' dir='ltr'><strong>in</strong></span> <span class='ocrx_word' id='word_1_185' title='bbox 560 2535 737 2590; x_wconf 89' lang='lat' dir='ltr'><strong>futuro</strong></span> <span class='ocrx_word' id='word_1_186' title='bbox 762 2537 958 2591; x_wconf 84' lang='lat' dir='ltr'><strong>saeculo</strong></span> <span class='ocrx_word' id='word_1_187' title='bbox 988 2538 1316 2607; x_wconf 81' lang='lat' dir='ltr'><strong>contingent,</strong></span> <span class='ocrx_word' id='word_1_188' title='bbox 1347 2539 1465 2607; x_wconf 89' lang='lat' dir='ltr'><strong>quis</strong></span> <span class='ocrx_word' id='word_1_189' title='bbox 1495 2553 1692 2606; x_wconf 91' lang='lat' dir='ltr'><strong>sermo,</strong></span> <span class='ocrx_word' id='word_1_190' title='bbox 1733 2556 1851 2611; x_wconf 77' lang='lat' dir='ltr'><strong>quae</strong></span> <span class='ocrx_word' id='word_1_191' title='bbox 1889 2555 2044 2598; x_wconf 90' lang='lat' dir='ltr'><strong>mens</strong></span> 
     </span>
    </p>
   </div>
   <div class='ocr_carea' id='block_1_26' title="bbox 466 2628 2044 2701">
    <p class='ocr_par' dir='ltr' id='par_1_26' title="bbox 466 2628 2044 2701">
     <span class='ocr_line' id='line_1_26' title="bbox 466 2628 2044 2701; baseline 0.004 -21"><span class='ocrx_word' id='word_1_192' title='bbox 466 2642 720 2682; x_wconf 84' lang='lat' dir='ltr'><strong>enarrare</strong></span> <span class='ocrx_word' id='word_1_193' title='bbox 751 2628 968 2696; x_wconf 84' lang='lat' dir='ltr'><strong>posset?</strong></span> <span class='ocrx_word' id='word_1_194' title='bbox 993 2629 1068 2681; x_wconf 90' lang='lat' dir='ltr'><strong>Ae</strong></span> <span class='ocrx_word' id='word_1_195' title='bbox 1093 2629 1208 2682; x_wconf 90' lang='lat' dir='ltr'><strong>scio</strong></span> <span class='ocrx_word' id='word_1_196' title='bbox 1227 2629 1439 2699; x_wconf 89' lang='lat' dir='ltr'><strong>quidem</strong></span> <span class='ocrx_word' id='word_1_197' title='bbox 1475 2647 1590 2695; x_wconf 91' lang='lat' dir='ltr'><strong>vos,</strong></span> <span class='ocrx_word' id='word_1_198' title='bbox 1622 2641 1803 2701; x_wconf 78' lang='lat' dir='ltr'><strong>utpote</strong></span> <span class='ocrx_word' id='word_1_199' title='bbox 1833 2632 2044 2687; x_wconf 91' lang='lat' dir='ltr'><strong>intelle-</strong></span> 
     </span>
    </p>
   </div>
   <div class='ocr_carea' id='block_1_27' title="bbox 465 2717 2045 2791">
    <p class='ocr_par' dir='ltr' id='par_1_27' title="bbox 465 2717 2045 2791">
     <span class='ocr_line' id='line_1_27' title="bbox 465 2717 2045 2791; baseline 0.006 -22"><span class='ocrx_word' id='word_1_200' title='bbox 465 2724 555 2770; x_wconf 90' lang='lat' dir='ltr'><strong>ctu</strong></span> <span class='ocrx_word' id='word_1_201' title='bbox 585 2717 856 2786; x_wconf 81' lang='lat' dir='ltr'><strong>praeditos,</strong></span> <span class='ocrx_word' id='word_1_202' title='bbox 901 2718 1064 2772; x_wconf 90' lang='lat' dir='ltr'><strong>multa</strong></span> <span class='ocrx_word' id='word_1_203' title='bbox 1094 2719 1217 2772; x_wconf 89' lang='lat' dir='ltr'><strong>talia</strong></span> <span class='ocrx_word' id='word_1_204' title='bbox 1247 2721 1299 2773; x_wconf 90' lang='lat' dir='ltr'><strong>in</strong></span> <span class='ocrx_word' id='word_1_205' title='bbox 1332 2718 1620 2791; x_wconf 88' lang='lat' dir='ltr'><strong>Scripturis</strong></span> <span class='ocrx_word' id='word_1_206' title='bbox 1659 2730 1910 2777; x_wconf 85' lang='lat' dir='ltr'><strong>contenta</strong></span> <span class='ocrx_word' id='word_1_207' title='bbox 1953 2739 2045 2778; x_wconf 85' lang='lat' dir='ltr'><strong>re-</strong></span> 
     </span>
    </p>
   </div>
   <div class='ocr_carea' id='block_1_28' title="bbox 466 2807 2041 2876">
    <p class='ocr_par' dir='ltr' id='par_1_28' title="bbox 466 2807 2041 2876">
     <span class='ocr_line' id='line_1_28' title="bbox 466 2807 2041 2876; baseline 0.007 -17"><span class='ocrx_word' id='word_1_208' title='bbox 466 2816 715 2876; x_wconf 88' lang='lat' dir='ltr'><strong>perturos</strong></span> <span class='ocrx_word' id='word_1_209' title='bbox 757 2821 895 2862; x_wconf 87' lang='lat' dir='ltr'><strong>esse.</strong></span> <span class='ocrx_word' id='word_1_210' title='bbox 946 2807 1076 2862; x_wconf 86' lang='lat' dir='ltr'><strong>Nam</strong></span> <span class='ocrx_word' id='word_1_211' title='bbox 1124 2809 1226 2863; x_wconf 75' lang='lat' dir='ltr'><strong>illa:</strong></span> <span class='ocrx_word' id='word_1_212' title='bbox 1266 2809 1363 2865; x_wconf 89' lang='lat' dir='ltr'><strong>hac</strong></span> <span class='ocrx_word' id='word_1_213' title='bbox 1392 2811 1458 2865; x_wconf 91' lang='lat' dir='ltr'><strong>de</strong></span> <span class='ocrx_word' id='word_1_214' title='bbox 1505 2827 1662 2868; x_wconf 85' lang='lat' dir='ltr'><strong>causa</strong></span> <span class='ocrx_word' id='word_1_215' title='bbox 1711 2815 1763 2869; x_wconf 92' lang='lat' dir='ltr'><strong>in</strong></span> <span class='ocrx_word' id='word_1_216' title='bbox 1806 2824 2041 2869; x_wconf 90' lang='lat' dir='ltr'><strong>nostram</strong></span> 
     </span>
    </p>
   </div>
   <div class='ocr_carea' id='block_1_29' title="bbox 466 2893 2038 2969">
    <p class='ocr_par' dir='ltr' id='par_1_29' title="bbox 466 2893 2038 2969">
     <span class='ocr_line' id='line_1_29' title="bbox 466 2893 2038 2969; baseline 0.007 -21"><span class='ocrx_word' id='word_1_217' title='bbox 466 2893 747 2948; x_wconf 86' lang='lat' dir='ltr'><strong>utilitatem</strong></span> <span class='ocrx_word' id='word_1_218' title='bbox 795 2905 919 2950; x_wconf 88' lang='lat' dir='ltr'><strong>sunt</strong></span> <span class='ocrx_word' id='word_1_219' title='bbox 959 2898 1192 2968; x_wconf 83' lang='lat' dir='ltr'><strong>scriptae,</strong></span> <span class='ocrx_word' id='word_1_220' title='bbox 1235 2907 1294 2952; x_wconf 90' lang='lat' dir='ltr'><strong>ut</strong></span> <span class='ocrx_word' id='word_1_221' title='bbox 1323 2900 1435 2954; x_wconf 85' lang='lat' dir='ltr'><strong>haec</strong></span> <span class='ocrx_word' id='word_1_222' title='bbox 1467 2899 1754 2969; x_wconf 87' lang='lat' dir='ltr'><strong>discentes,</strong></span> <span class='ocrx_word' id='word_1_223' title='bbox 1781 2905 2038 2958; x_wconf 90' lang='lat' dir='ltr'><strong>malitiam</strong></span> 
     </span>
    </p>
   </div>
   <div class='ocr_carea' id='block_1_30' title="bbox 465 2986 2044 3057">
    <p class='ocr_par' dir='ltr' id='par_1_30' title="bbox 465 2986 2044 3057">
     <span class='ocr_line' id='line_1_30' title="bbox 465 2986 2044 3057; baseline 0.008 -19"><span class='ocrx_word' id='word_1_224' title='bbox 465 2986 727 3055; x_wconf 76' lang='lat' dir='ltr'><strong>fugiamus</strong></span> <span class='ocrx_word' id='word_1_225' title='bbox 755 2986 1108 3057; x_wconf 86' lang='lat' dir='ltr'><strong>virtutemque</strong></span> <span class='ocrx_word' id='word_1_226' title='bbox 1137 2989 1392 3044; x_wconf 90' lang='lat' dir='ltr'><strong>colamus.</strong></span> <span class='ocrx_word' id='word_1_227' title='bbox 1415 2989 1506 3044; x_wconf 85' lang='lat' dir='ltr'><strong>Vis</strong></span> <span class='ocrx_word' id='word_1_228' title='bbox 1531 3003 1582 3045; x_wconf 93' lang='lat' dir='ltr'><strong>et</strong></span> <span class='ocrx_word' id='word_1_229' title='bbox 1612 2993 1662 3046; x_wconf 91' lang='lat' dir='ltr'><strong>in</strong></span> <span class='ocrx_word' id='word_1_230' title='bbox 1683 2992 1831 3047; x_wconf 73' lang='lat' dir='ltr'><strong>Novo</strong></span> <span class='ocrx_word' id='word_1_231' title='bbox 1859 2995 2044 3051; x_wconf 84' lang='lat' dir='ltr'><strong>Testa-</strong></span> 
     </span>
    </p>
   </div>
   <div class='ocr_carea' id='block_1_31' title="bbox 470 3075 2040 3144">
    <p class='ocr_par' dir='ltr' id='par_1_31' title="bbox 470 3075 2040 3144">
     <span class='ocr_line' id='line_1_31' title="bbox 470 3075 2040 3144; baseline 0.009 -16"><span class='ocrx_word' id='word_1_232' title='bbox 470 3085 653 3130; x_wconf 87' lang='lat' dir='ltr'><strong>mento</strong></span> <span class='ocrx_word' id='word_1_233' title='bbox 694 3075 921 3144; x_wconf 88' lang='lat' dir='ltr'><strong>idipsum</strong></span> <span class='ocrx_word' id='word_1_234' title='bbox 979 3077 1196 3132; x_wconf 77' lang='lat' dir='ltr'><strong>videre?</strong></span> <span class='ocrx_word' id='word_1_235' title='bbox 1237 3079 1368 3133; x_wconf 88' lang='lat' dir='ltr'><strong>Audi</strong></span> <span class='ocrx_word' id='word_1_236' title='bbox 1409 3079 1623 3137; x_wconf 90' lang='lat' dir='ltr'><strong>beatum</strong></span> <span class='ocrx_word' id='word_1_237' title='bbox 1665 3082 1860 3139; x_wconf 86' lang='lat' dir='ltr'><strong>Lucam</strong></span> <span class='ocrx_word' id='word_1_238' title='bbox 1903 3086 2040 3142; x_wconf 82' lang='lat' dir='ltr'><strong>istud</strong></span> 
     </span>
    </p>
   </div>
   <div class='ocr_carea' id='block_1_32' title="bbox 465 3164 2043 3242">
    <p class='ocr_par' dir='ltr' id='par_1_32' title="bbox 465 3164 2043 3242">
     <span class='ocr_line' id='line_1_32' title="bbox 465 3164 2043 3242; baseline 0.01 -24"><span class='ocrx_word' id='word_1_239' title='bbox 465 3164 638 3234; x_wconf 88' lang='lat' dir='ltr'><strong>ipsum</strong></span> <span class='ocrx_word' id='word_1_240' title='bbox 681 3164 749 3219; x_wconf 89' lang='lat' dir='ltr'><strong>de</strong></span> <span class='ocrx_word' id='word_1_241' title='bbox 774 3167 1029 3234; x_wconf 80' lang='lat' dir='ltr'><strong>apostolis</strong></span> <span class='ocrx_word' id='word_1_242' title='bbox 1054 3178 1378 3232; x_wconf 89' lang='lat' dir='ltr'><strong>narrantem,</strong></span> <span class='ocrx_word' id='word_1_243' title='bbox 1411 3170 1499 3240; x_wconf 90' lang='lat' dir='ltr'><strong>qui</strong></span> <span class='ocrx_word' id='word_1_244' title='bbox 1527 3171 1774 3242; x_wconf 85' lang='lat' dir='ltr'><strong>flagellati</strong></span> <span class='ocrx_word' id='word_1_245' title='bbox 1803 3190 1833 3230; x_wconf 91' lang='lat' dir='ltr'><strong>a</strong></span> <span class='ocrx_word' id='word_1_246' title='bbox 1861 3178 2043 3233; x_wconf 85' lang='lat' dir='ltr'><strong>conci-</strong></span> 
     </span>
    </p>
   </div>
   <div class='ocr_carea' id='block_1_33' title="bbox 464 3253 2042 3334">
    <p class='ocr_par' dir='ltr' id='par_1_33' title="bbox 464 3253 2042 3334">
     <span class='ocr_line' id='line_1_33' title="bbox 464 3253 2042 3334; baseline 0.011 -28"><span class='ocrx_word' id='word_1_247' title='bbox 464 3253 942 3324; x_wconf 27' lang='lat' dir='ltr'><strong>lioldiscesseruut</strong></span> <span class='ocrx_word' id='word_1_248' title='bbox 985 3255 1298 3326; x_wconf 72' lang='lat' dir='ltr'><strong>gaudentes,</strong></span> <span class='ocrx_word' id='word_1_249' title='bbox 1337 3274 1403 3314; x_wconf 90' lang='lat' dir='ltr'><strong>eo</strong></span> <span class='ocrx_word' id='word_1_250' title='bbox 1443 3261 1582 3331; x_wconf 92' lang='lat' dir='ltr'><strong>quod</strong></span> <span class='ocrx_word' id='word_1_251' title='bbox 1626 3263 1771 3334; x_wconf 88' lang='lat' dir='ltr'><strong>digni</strong></span> <span class='ocrx_word' id='word_1_252' title='bbox 1816 3265 2042 3324; x_wconf 90' lang='lat' dir='ltr'><strong>fuissent</strong></span> 
     </span>
    </p>
   </div>
   <div class='ocr_carea' id='block_1_34' title="bbox 463 3341 2038 3424">
    <p class='ocr_par' dir='ltr' id='par_1_34' title="bbox 463 3341 2038 3424">
     <span class='ocr_line' id='line_1_34' title="bbox 463 3341 2038 3424; baseline 0.012 -29"><span class='ocrx_word' id='word_1_253' title='bbox 463 3341 629 3397; x_wconf 84' lang='lat' dir='ltr'><strong>habiti</strong></span> <span class='ocrx_word' id='word_1_254' title='bbox 670 3345 759 3414; x_wconf 91' lang='lat' dir='ltr'><strong>qui</strong></span> <span class='ocrx_word' id='word_1_255' title='bbox 802 3360 899 3414; x_wconf 91' lang='lat' dir='ltr'><strong>pro</strong></span> <span class='ocrx_word' id='word_1_256' title='bbox 943 3346 1158 3401; x_wconf 88' lang='lat' dir='ltr'><strong>nomine</strong></span> <span class='ocrx_word' id='word_1_257' title='bbox 1198 3346 1396 3403; x_wconf 88' lang='lat' dir='ltr'><strong>Christi</strong></span> <span class='ocrx_word' id='word_1_258' title='bbox 1449 3351 1649 3407; x_wconf 89' lang='lat' dir='ltr'><strong>ferrent</strong></span> <span class='ocrx_word' id='word_1_259' title='bbox 1699 3355 2038 3424; x_wconf 75' lang='lat' dir='ltr'><strong>ignominiam</strong></span> 
     </span>
    </p>
   </div>
   <div class='ocr_carea' id='block_1_35' title="bbox 463 3433 2040 3511">
    <p class='ocr_par' dir='ltr' id='par_1_35' title="bbox 463 3433 2040 3511">
     <span class='ocr_line' id='line_1_35' title="bbox 463 3433 2040 3511; baseline 0.013 -26"><span class='ocrx_word' id='word_1_260' title='bbox 463 3434 598 3504; x_wconf 71' lang='lat' dir='ltr'><strong>(Act.</strong></span> <span class='ocrx_word' id='word_1_261' title='bbox 622 3433 677 3488; x_wconf 85' lang='lat'><strong>5.</strong></span> <span class='ocrx_word' id='word_1_262' title='bbox 709 3434 821 3502; x_wconf 75' lang='lat' dir='ltr'><strong>4t).</strong></span> <span class='ocrx_word' id='word_1_263' title='bbox 845 3435 1079 3491; x_wconf 86' lang='lat' dir='ltr'><strong>Tametsi</strong></span> <span class='ocrx_word' id='word_1_264' title='bbox 1110 3435 1314 3508; x_wconf 81' lang='lat' dir='ltr'><strong>ﬂagella</strong></span> <span class='ocrx_word' id='word_1_265' title='bbox 1343 3455 1446 3495; x_wconf 93' lang='lat' dir='ltr'><strong>non</strong></span> <span class='ocrx_word' id='word_1_266' title='bbox 1469 3443 1644 3511; x_wconf 88' lang='lat' dir='ltr'><strong>gaudii</strong></span> <span class='ocrx_word' id='word_1_267' title='bbox 1670 3446 1775 3500; x_wconf 88' lang='lat' dir='ltr'><strong>sint</strong></span> <span class='ocrx_word' id='word_1_268' title='bbox 1801 3450 2040 3505; x_wconf 78' lang='lat' dir='ltr'><strong>occasio-</strong></span> 
     </span>
    </p>
   </div>
   <div class='ocr_carea' id='block_1_36' title="bbox 462 3525 2036 3609">
    <p class='ocr_par' dir='ltr' id='par_1_36' title="bbox 462 3525 2036 3609">
     <span class='ocr_line' id='line_1_36' title="bbox 462 3525 2036 3609; baseline 0.012 -33"><span class='ocrx_word' id='word_1_269' title='bbox 462 3539 578 3592; x_wconf 88' lang='lat' dir='ltr'><strong>nes,</strong></span> <span class='ocrx_word' id='word_1_270' title='bbox 618 3525 713 3580; x_wconf 87' lang='lat' dir='ltr'><strong>sed</strong></span> <span class='ocrx_word' id='word_1_271' title='bbox 762 3526 988 3580; x_wconf 81' lang='lat' dir='ltr'><strong>tristitue</strong></span> <span class='ocrx_word' id='word_1_272' title='bbox 1028 3535 1085 3581; x_wconf 86' lang='lat' dir='ltr'><strong>et</strong></span> <span class='ocrx_word' id='word_1_273' title='bbox 1122 3531 1366 3584; x_wconf 74' lang='lat' dir='ltr'><strong>maeroris</strong></span> <span class='ocrx_word' id='word_1_274' title='bbox 1398 3548 1411 3584; x_wconf 93' lang='lat'>:</span> <span class='ocrx_word' id='word_1_275' title='bbox 1443 3531 1790 3590; x_wconf 87' lang='lat' dir='ltr'><strong>nihilominus</strong></span> <span class='ocrx_word' id='word_1_276' title='bbox 1831 3538 2036 3609; x_wconf 82' lang='lat' dir='ltr'><strong>ﬂagella</strong></span> 
     </span>
    </p>
   </div>
   <div class='ocr_carea' id='block_1_37' title="bbox 462 3615 2032 3700">
    <p class='ocr_par' dir='ltr' id='par_1_37' title="bbox 462 3615 2032 3700">
     <span class='ocr_line' id='line_1_37' title="bbox 462 3615 2032 3700; baseline 0.01 -31"><span class='ocrx_word' id='word_1_277' title='bbox 462 3623 679 3685; x_wconf 87' lang='lat' dir='ltr'><strong>propter</strong></span> <span class='ocrx_word' id='word_1_278' title='bbox 708 3615 896 3680; x_wconf 85' lang='lat' dir='ltr'><strong>Deum.</strong></span> <span class='ocrx_word' id='word_1_279' title='bbox 925 3625 981 3670; x_wconf 89' lang='lat' dir='ltr'><strong>et</strong></span> <span class='ocrx_word' id='word_1_280' title='bbox 998 3630 1156 3672; x_wconf 85' lang='lat' dir='ltr'><strong>causa</strong></span> <span class='ocrx_word' id='word_1_281' title='bbox 1189 3631 1576 3692; x_wconf 89' lang='lat' dir='ltr'><strong>propterquam</strong></span> <span class='ocrx_word' id='word_1_282' title='bbox 1608 3624 2032 3700; x_wconf 85' lang='lat' dir='ltr'><strong>flagellabantur,</strong></span> 
     </span>
    </p>
   </div>
   <div class='ocr_carea' id='block_1_38' title="bbox 461 3704 2034 3785">
    <p class='ocr_par' dir='ltr' id='par_1_38' title="bbox 461 3704 2034 3785">
     <span class='ocr_line' id='line_1_38' title="bbox 461 3704 2034 3785; baseline 0.013 -26"><span class='ocrx_word' id='word_1_283' title='bbox 461 3704 710 3775; x_wconf 85' lang='lat' dir='ltr'><strong>gaudium</strong></span> <span class='ocrx_word' id='word_1_284' title='bbox 733 3705 814 3762; x_wconf 91' lang='lat' dir='ltr'><strong>eis</strong></span> <span class='ocrx_word' id='word_1_285' title='bbox 841 3707 1134 3776; x_wconf 88' lang='lat' dir='ltr'><strong>pariebant.</strong></span> <span class='ocrx_word' id='word_1_286' title='bbox 1179 3712 1246 3764; x_wconf 85' lang='lat' dir='ltr'><strong>At</strong></span> <span class='ocrx_word' id='word_1_287' title='bbox 1276 3711 1310 3765; x_wconf 93' lang='lat' dir='ltr'><strong>ii</strong></span> <span class='ocrx_word' id='word_1_288' title='bbox 1338 3715 1426 3782; x_wconf 90' lang='lat' dir='ltr'><strong>qui</strong></span> <span class='ocrx_word' id='word_1_289' title='bbox 1455 3714 1803 3785; x_wconf 86' lang='lat' dir='ltr'><strong>tlagellarant,</strong></span> <span class='ocrx_word' id='word_1_290' title='bbox 1833 3721 1884 3776; x_wconf 92' lang='lat' dir='ltr'><strong>in</strong></span> <span class='ocrx_word' id='word_1_291' title='bbox 1917 3739 2034 3780; x_wconf 88' lang='lat' dir='ltr'><strong>ma-</strong></span> 
     </span>
    </p>
   </div>
   <div class='ocr_carea' id='block_1_39' title="bbox 459 3798 2035 3869">
    <p class='ocr_par' dir='ltr' id='par_1_39' title="bbox 459 3798 2035 3869">
     <span class='ocr_line' id='line_1_39' title="bbox 459 3798 2035 3869; baseline 0.012 -19"><span class='ocrx_word' id='word_1_292' title='bbox 459 3813 562 3867; x_wconf 90' lang='lat' dir='ltr'><strong>gna</strong></span> <span class='ocrx_word' id='word_1_293' title='bbox 602 3798 764 3852; x_wconf 70' lang='lat' dir='ltr'><strong>aanimi</strong></span> <span class='ocrx_word' id='word_1_294' title='bbox 793 3800 1227 3856; x_wconf 88' lang='lat' dir='ltr'><strong>consternatione</strong></span> <span class='ocrx_word' id='word_1_295' title='bbox 1264 3812 1319 3856; x_wconf 88' lang='lat' dir='ltr'><strong>ct</strong></span> <span class='ocrx_word' id='word_1_296' title='bbox 1365 3803 1695 3864; x_wconf 68' lang='lat' dir='ltr'><strong>hmsitatione</strong></span> <span class='ocrx_word' id='word_1_297' title='bbox 1723 3813 2035 3869; x_wconf 88' lang='lat' dir='ltr'><strong>nesciebant</strong></span> 
     </span>
    </p>
   </div>
   <div class='ocr_carea' id='block_1_40' title="bbox 459 3889 2034 3972">
    <p class='ocr_par' dir='ltr' id='par_1_40' title="bbox 459 3889 2034 3972">
     <span class='ocr_line' id='line_1_40' title="bbox 459 3889 2034 3972; baseline 0.013 -33"><span class='ocrx_word' id='word_1_298' title='bbox 459 3889 587 3958; x_wconf 78' lang='lat' dir='ltr'><strong>quid</strong></span> <span class='ocrx_word' id='word_1_299' title='bbox 625 3889 879 3944; x_wconf 84' lang='lat' dir='ltr'><strong>facerent.</strong></span> <span class='ocrx_word' id='word_1_300' title='bbox 909 3891 1044 3945; x_wconf 83' lang='lat' dir='ltr'><strong>Audi</strong></span> <span class='ocrx_word' id='word_1_301' title='bbox 1069 3892 1211 3946; x_wconf 92' lang='lat' dir='ltr'><strong>enim</strong></span> <span class='ocrx_word' id='word_1_302' title='bbox 1240 3893 1378 3960; x_wconf 86' lang='lat' dir='ltr'><strong>illos,</strong></span> <span class='ocrx_word' id='word_1_303' title='bbox 1409 3899 1680 3964; x_wconf 89' lang='lat' dir='ltr'><strong>quomodo</strong></span> <span class='ocrx_word' id='word_1_304' title='bbox 1706 3913 1828 3970; x_wconf 87' lang='lat' dir='ltr'><strong>post</strong></span> <span class='ocrx_word' id='word_1_305' title='bbox 1853 3901 2034 3972; x_wconf 81' lang='lat' dir='ltr'><strong>ﬂagel-</strong></span> 
     </span>
    </p>
   </div>
   <div class='ocr_carea' id='block_1_41' title="bbox 461 3978 2034 4062">
    <p class='ocr_par' dir='ltr' id='par_1_41' title="bbox 461 3978 2034 4062">
     <span class='ocr_line' id='line_1_41' title="bbox 461 3978 2034 4062; baseline 0.011 -31"><span class='ocrx_word' id='word_1_306' title='bbox 461 3979 712 4033; x_wconf 89' lang='lat' dir='ltr'><strong>lationem</strong></span> <span class='ocrx_word' id='word_1_307' title='bbox 753 3978 932 4033; x_wconf 92' lang='lat' dir='ltr'><strong>animo</strong></span> <span class='ocrx_word' id='word_1_308' title='bbox 958 3981 1236 4062; x_wconf 84' lang='lat' dir='ltr'><strong>fluctuent,</strong></span> <span class='ocrx_word' id='word_1_309' title='bbox 1275 3992 1332 4037; x_wconf 91' lang='lat' dir='ltr'><strong>et</strong></span> <span class='ocrx_word' id='word_1_310' title='bbox 1369 3985 1589 4040; x_wconf 88' lang='lat' dir='ltr'><strong>dicant:</strong></span> <span class='ocrx_word' id='word_1_311' title='bbox 1625 3988 1761 4054; x_wconf 81' lang='lat' dir='ltr'><strong>Quid</strong></span> <span class='ocrx_word' id='word_1_312' title='bbox 1793 3993 2034 4062; x_wconf 75' lang='lat' dir='ltr'><strong>faciemus</strong></span> 
     </span>
    </p>
   </div>
   <div class='ocr_carea' id='block_1_42' title="bbox 459 4059 2030 4150">
    <p class='ocr_par' dir='ltr' id='par_1_42' title="bbox 459 4059 2030 4150">
     <span class='ocr_line' id='line_1_42' title="bbox 459 4059 2030 4150; baseline 0.01 -28"><span class='ocrx_word' id='word_1_313' title='bbox 459 4069 879 4124; x_wconf 73' lang='lat' dir='ltr'><strong>horninibus‘istis</strong></span> <span class='ocrx_word' id='word_1_314' title='bbox 903 4067 1038 4141; x_wconf 80' lang='lat' dir='ltr'><strong>(Act.</strong></span> <span class='ocrx_word' id='word_1_315' title='bbox 1069 4059 1121 4126; x_wconf 74' lang='grc' dir='ltr'><strong>ξι.</strong></span> <span class='ocrx_word' id='word_1_316' title='bbox 1158 4072 1284 4142; x_wconf 83' lang='lat' dir='ltr'><strong>l6)?</strong></span> <span class='ocrx_word' id='word_1_317' title='bbox 1307 4073 1443 4140; x_wconf 79' lang='lat' dir='ltr'><strong>Quid</strong></span> <span class='ocrx_word' id='word_1_318' title='bbox 1475 4077 1609 4132; x_wconf 90' lang='lat' dir='ltr'><strong>dicis</strong></span> <span class='ocrx_word' id='word_1_319' title='bbox 1629 4078 1654 4130; x_wconf 77' lang='grc' dir='ltr'><strong>ι</strong></span> <span class='ocrx_word' id='word_1_320' title='bbox 1682 4059 2030 4150; x_wconf 79' lang='lat' dir='ltr'><strong>Flagellastis,</strong></span> 
     </span>
    </p>
   </div>
   <div class='ocr_carea' id='block_1_43' title="bbox 459 4159 2033 4231">
    <p class='ocr_par' dir='ltr' id='par_1_43' title="bbox 459 4159 2033 4231">
     <span class='ocr_line' id='line_1_43' title="bbox 459 4159 2033 4231; baseline 0.01 -19"><span class='ocrx_word' id='word_1_321' title='bbox 459 4160 754 4214; x_wconf 90' lang='lat' dir='ltr'><strong>innumeris</strong></span> <span class='ocrx_word' id='word_1_322' title='bbox 798 4159 952 4213; x_wconf 89' lang='lat' dir='ltr'><strong>malis</strong></span> <span class='ocrx_word' id='word_1_323' title='bbox 995 4175 1090 4215; x_wconf 90' lang='lat' dir='ltr'><strong>eos</strong></span> <span class='ocrx_word' id='word_1_324' title='bbox 1117 4162 1394 4231; x_wconf 85' lang='lat' dir='ltr'><strong>afl‘ecistis,</strong></span> <span class='ocrx_word' id='word_1_325' title='bbox 1425 4176 1481 4221; x_wconf 89' lang='lat' dir='ltr'><strong>et</strong></span> <span class='ocrx_word' id='word_1_326' title='bbox 1521 4168 1696 4224; x_wconf 89' lang='lat' dir='ltr'><strong>adhuc</strong></span> <span class='ocrx_word' id='word_1_327' title='bbox 1738 4172 2033 4228; x_wconf 79' lang='lat' dir='ltr'><strong>dubitatis?</strong></span> 
     </span>
    </p>
   </div>
   <div class='ocr_carea' id='block_1_44' title="bbox 455 4248 2028 4334">
    <p class='ocr_par' dir='ltr' id='par_1_44' title="bbox 455 4248 2028 4334">
     <span class='ocr_line' id='line_1_44' title="bbox 455 4248 2028 4334; baseline 0.01 -32"><span class='ocrx_word' id='word_1_328' title='bbox 455 4248 588 4302; x_wconf 77' lang='lat' dir='ltr'><strong>Tam</strong></span> <span class='ocrx_word' id='word_1_329' title='bbox 627 4249 778 4302; x_wconf 88' lang='lat' dir='ltr'><strong>fortis</strong></span> <span class='ocrx_word' id='word_1_330' title='bbox 813 4249 1114 4319; x_wconf 86' lang='lat' dir='ltr'><strong>invictaque</strong></span> <span class='ocrx_word' id='word_1_331' title='bbox 1146 4266 1231 4308; x_wconf 89' lang='lat' dir='ltr'><strong>res</strong></span> <span class='ocrx_word' id='word_1_332' title='bbox 1256 4263 1340 4309; x_wconf 90' lang='lat' dir='ltr'><strong>est</strong></span> <span class='ocrx_word' id='word_1_333' title='bbox 1362 4257 1546 4324; x_wconf 88' lang='lat' dir='ltr'><strong>virtus,</strong></span> <span class='ocrx_word' id='word_1_334' title='bbox 1575 4269 1628 4314; x_wconf 89' lang='lat' dir='ltr'><strong>et</strong></span> <span class='ocrx_word' id='word_1_335' title='bbox 1657 4262 1780 4316; x_wconf 92' lang='lat' dir='ltr'><strong>dum</strong></span> <span class='ocrx_word' id='word_1_336' title='bbox 1811 4265 2028 4334; x_wconf 89' lang='lat' dir='ltr'><strong>patitur,</strong></span> 
     </span>
    </p>
   </div>
   <div class='ocr_carea' id='block_1_45' title="bbox 459 4341 919 4396">
    <p class='ocr_par' dir='ltr' id='par_1_45' title="bbox 459 4341 919 4396">
     <span class='ocr_line' id='line_1_45' title="bbox 459 4341 919 4396; baseline -0.002 -2"><span class='ocrx_word' id='word_1_337' title='bbox 459 4341 711 4396; x_wconf 82' lang='lat' dir='ltr'><strong>laedentes</strong></span> <span class='ocrx_word' id='word_1_338' title='bbox 736 4341 919 4394; x_wconf 87' lang='lat' dir='ltr'><strong>vincit.</strong></span> 
     </span>
    </p>
   </div>
   <div class='ocr_carea' id='block_1_46' title="bbox 530 4430 2030 4503">
    <p class='ocr_par' dir='ltr' id='par_1_46' title="bbox 530 4430 2030 4503">
     <span class='ocr_line' id='line_1_46' title="bbox 530 4430 2030 4503; baseline 0.013 -18"><span class='ocrx_word' id='word_1_339' title='bbox 530 4431 584 4485; x_wconf 74' lang='lat'><strong>3.</strong></span> <span class='ocrx_word' id='word_1_340' title='bbox 625 4430 729 4485; x_wconf 89' lang='lat' dir='ltr'><strong>Sed</strong></span> <span class='ocrx_word' id='word_1_341' title='bbox 770 4445 839 4485; x_wconf 90' lang='lat' dir='ltr'><strong>ne</strong></span> <span class='ocrx_word' id='word_1_342' title='bbox 869 4431 1122 4501; x_wconf 79' lang='lat' dir='ltr'><strong>prolixior</strong></span> <span class='ocrx_word' id='word_1_343' title='bbox 1159 4433 1230 4488; x_wconf 90' lang='lat' dir='ltr'><strong>sit</strong></span> <span class='ocrx_word' id='word_1_344' title='bbox 1251 4449 1450 4502; x_wconf 89' lang='lat' dir='ltr'><strong>sermo,</strong></span> <span class='ocrx_word' id='word_1_345' title='bbox 1480 4443 1837 4497; x_wconf 84' lang='lat' dir='ltr'><strong>necessarium</strong></span> <span class='ocrx_word' id='word_1_346' title='bbox 1871 4444 2030 4503; x_wconf 89' lang='lat' dir='ltr'><strong>fuerit</strong></span> 
     </span>
    </p>
   </div>
   <div class='ocr_carea' id='block_1_47' title="bbox 459 4520 2031 4599">
    <p class='ocr_par' dir='ltr' id='par_1_47' title="bbox 459 4520 2031 4599">
     <span class='ocr_line' id='line_1_47' title="bbox 459 4520 2031 4599; baseline 0.011 -25"><span class='ocrx_word' id='word_1_347' title='bbox 459 4531 516 4575; x_wconf 93' lang='lat' dir='ltr'><strong>nt</strong></span> <span class='ocrx_word' id='word_1_348' title='bbox 535 4521 728 4576; x_wconf 86' lang='lat' dir='ltr'><strong>iterum</strong></span> <span class='ocrx_word' id='word_1_349' title='bbox 757 4520 824 4575; x_wconf 91' lang='lat' dir='ltr'><strong>ad</strong></span> <span class='ocrx_word' id='word_1_350' title='bbox 849 4521 1050 4591; x_wconf 91' lang='lat' dir='ltr'><strong>justmn</strong></span> <span class='ocrx_word' id='word_1_351' title='bbox 1080 4533 1318 4579; x_wconf 91' lang='lat' dir='ltr'><strong>nostrum</strong></span> <span class='ocrx_word' id='word_1_352' title='bbox 1349 4527 1650 4599; x_wconf 90' lang='lat' dir='ltr'><strong>redeamus,</strong></span> <span class='ocrx_word' id='word_1_353' title='bbox 1677 4544 1732 4589; x_wconf 91' lang='lat' dir='ltr'><strong>et</strong></span> <span class='ocrx_word' id='word_1_354' title='bbox 1765 4550 1884 4590; x_wconf 90' lang='lat' dir='ltr'><strong>cum</strong></span> <span class='ocrx_word' id='word_1_355' title='bbox 1913 4548 2031 4592; x_wconf 90' lang='lat' dir='ltr'><strong>stu-</strong></span> 
     </span>
    </p>
   </div>
   <div class='ocr_carea' id='block_1_48' title="bbox 454 4613 2030 4695">
    <p class='ocr_par' dir='ltr' id='par_1_48' title="bbox 454 4613 2030 4695">
     <span class='ocr_line' id='line_1_48' title="bbox 454 4613 2030 4695; baseline 0.013 -30"><span class='ocrx_word' id='word_1_356' title='bbox 454 4626 583 4682; x_wconf 87' lang='lat' dir='ltr'><strong>pore</strong></span> <span class='ocrx_word' id='word_1_357' title='bbox 606 4613 932 4667; x_wconf 85' lang='lat' dir='ltr'><strong>admiremur</strong></span> <span class='ocrx_word' id='word_1_358' title='bbox 955 4614 1094 4668; x_wconf 90' lang='lat' dir='ltr'><strong>illins</strong></span> <span class='ocrx_word' id='word_1_359' title='bbox 1123 4615 1330 4672; x_wconf 89' lang='lat' dir='ltr'><strong>virtutis</strong></span> <span class='ocrx_word' id='word_1_360' title='bbox 1359 4621 1737 4688; x_wconf 75' lang='lat' dir='ltr'><strong>praestantiam,</strong></span> <span class='ocrx_word' id='word_1_361' title='bbox 1761 4633 2030 4695; x_wconf 89' lang='lat' dir='ltr'><strong>quomodo</strong></span> 
     </span>
    </p>
   </div>
   <div class='ocr_carea' id='block_1_49' title="bbox 454 4703 2028 4781">
    <p class='ocr_par' dir='ltr' id='par_1_49' title="bbox 454 4703 2028 4781">
     <span class='ocr_line' id='line_1_49' title="bbox 454 4703 2028 4781; baseline 0.011 -23"><span class='ocrx_word' id='word_1_362' title='bbox 454 4719 650 4773; x_wconf 88' lang='lat' dir='ltr'><strong>nempe</strong></span> <span class='ocrx_word' id='word_1_363' title='bbox 677 4703 929 4773; x_wconf 92' lang='lat' dir='ltr'><strong>populum</strong></span> <span class='ocrx_word' id='word_1_364' title='bbox 969 4705 1254 4775; x_wconf 89' lang='lat' dir='ltr'><strong>ridentem,</strong></span> <span class='ocrx_word' id='word_1_365' title='bbox 1285 4708 1664 4781; x_wconf 78' lang='lat' dir='ltr'><strong>ludificantem,</strong></span> <span class='ocrx_word' id='word_1_366' title='bbox 1693 4717 2028 4776; x_wconf 86' lang='lat' dir='ltr'><strong>subsannan-</strong></span> 
     </span>
    </p>
   </div>
   <div class='ocr_carea' id='block_1_50' title="bbox 453 4794 2025 4867">
    <p class='ocr_par' dir='ltr' id='par_1_50' title="bbox 453 4794 2025 4867">
     <span class='ocr_line' id='line_1_50' title="bbox 453 4794 2025 4867; baseline 0.011 -17"><span class='ocrx_word' id='word_1_367' title='bbox 453 4804 581 4860; x_wconf 89' lang='lat' dir='ltr'><strong>tem,</strong></span> <span class='ocrx_word' id='word_1_368' title='bbox 613 4794 979 4850; x_wconf 83' lang='lat' dir='ltr'><strong>traducentem</strong></span> <span class='ocrx_word' id='word_1_369' title='bbox 1012 4795 1226 4867; x_wconf 89' lang='lat' dir='ltr'><strong>(iterum</strong></span> <span class='ocrx_word' id='word_1_370' title='bbox 1249 4800 1390 4855; x_wconf 91' lang='lat' dir='ltr'><strong>enim</strong></span> <span class='ocrx_word' id='word_1_371' title='bbox 1409 4801 1594 4857; x_wconf 90' lang='lat' dir='ltr'><strong>eadem</strong></span> <span class='ocrx_word' id='word_1_372' title='bbox 1619 4804 1740 4860; x_wconf 90' lang='lat' dir='ltr'><strong>dico</strong></span> <span class='ocrx_word' id='word_1_373' title='bbox 1765 4818 1819 4863; x_wconf 91' lang='lat' dir='ltr'><strong>et</strong></span> <span class='ocrx_word' id='word_1_374' title='bbox 1844 4809 2025 4866; x_wconf 88' lang='lat' dir='ltr'><strong>dicere</strong></span> 
     </span>
    </p>
   </div>
   <div class='ocr_carea' id='block_1_51' title="bbox 449 4882 2026 4965">
    <p class='ocr_par' dir='ltr' id='par_1_51' title="bbox 449 4882 2026 4965">
     <span class='ocr_line' id='line_1_51' title="bbox 449 4882 2026 4965; baseline 0.01 -28"><span class='ocrx_word' id='word_1_375' title='bbox 449 4896 558 4938; x_wconf 84' lang='lat' dir='ltr'><strong>non</strong></span> <span class='ocrx_word' id='word_1_376' title='bbox 596 4882 841 4953; x_wconf 84' lang='lat' dir='ltr'><strong>cessabo)</strong></span> <span class='ocrx_word' id='word_1_377' title='bbox 887 4883 1166 4953; x_wconf 88' lang='lat' dir='ltr'><strong>despicere</strong></span> <span class='ocrx_word' id='word_1_378' title='bbox 1205 4894 1260 4941; x_wconf 89' lang='lat' dir='ltr'><strong>et</strong></span> <span class='ocrx_word' id='word_1_379' title='bbox 1290 4903 1544 4959; x_wconf 88' lang='lat' dir='ltr'><strong>superare</strong></span> <span class='ocrx_word' id='word_1_380' title='bbox 1585 4897 1835 4962; x_wconf 90' lang='lat' dir='ltr'><strong>potuerit.</strong></span> <span class='ocrx_word' id='word_1_381' title='bbox 1880 4897 2026 4965; x_wconf 88' lang='lat' dir='ltr'><strong>Quo-</strong></span> 
     </span>
    </p>
   </div>
   <div class='ocr_carea' id='block_1_52' title="bbox 454 4972 2022 5058">
    <p class='ocr_par' dir='ltr' id='par_1_52' title="bbox 454 4972 2022 5058">
     <span class='ocr_line' id='line_1_52' title="bbox 454 4972 2022 5058; baseline 0.012 -31"><span class='ocrx_word' id='word_1_382' title='bbox 454 4973 651 5028; x_wconf 75' lang='lat' dir='ltr'><strong>modo?</strong></span> <span class='ocrx_word' id='word_1_383' title='bbox 694 4972 808 5044; x_wconf 85' lang='lat' dir='ltr'><strong>Ego</strong></span> <span class='ocrx_word' id='word_1_384' title='bbox 837 4972 1032 5029; x_wconf 86' lang='lat' dir='ltr'><strong>dicam.</strong></span> <span class='ocrx_word' id='word_1_385' title='bbox 1063 4975 1196 5041; x_wconf 92' lang='lat' dir='ltr'><strong>Quia</strong></span> <span class='ocrx_word' id='word_1_386' title='bbox 1223 4979 1474 5033; x_wconf 90' lang='lat' dir='ltr'><strong>continuo</strong></span> <span class='ocrx_word' id='word_1_387' title='bbox 1511 4981 1578 5036; x_wconf 90' lang='lat' dir='ltr'><strong>ad</strong></span> <span class='ocrx_word' id='word_1_388' title='bbox 1605 4987 1816 5041; x_wconf 90' lang='lat' dir='ltr'><strong>oculum</strong></span> <span class='ocrx_word' id='word_1_389' title='bbox 1852 4989 2022 5058; x_wconf 90' lang='lat' dir='ltr'><strong>illum,</strong></span> 
     </span>
    </p>
   </div>
   <div class='ocr_carea' id='block_1_53' title="bbox 449 5063 2025 5145">
    <p class='ocr_par' dir='ltr' id='par_1_53' title="bbox 449 5063 2025 5145">
     <span class='ocr_line' id='line_1_53' title="bbox 449 5063 2025 5145; baseline 0.013 -29"><span class='ocrx_word' id='word_1_390' title='bbox 449 5064 538 5134; x_wconf 88' lang='lat' dir='ltr'><strong>qui</strong></span> <span class='ocrx_word' id='word_1_391' title='bbox 567 5063 674 5118; x_wconf 89' lang='lat' dir='ltr'><strong>falli</strong></span> <span class='ocrx_word' id='word_1_392' title='bbox 701 5064 970 5133; x_wconf 90' lang='lat' dir='ltr'><strong>sopirique</strong></span> <span class='ocrx_word' id='word_1_393' title='bbox 997 5065 1198 5134; x_wconf 89' lang='lat' dir='ltr'><strong>nequit,</strong></span> <span class='ocrx_word' id='word_1_394' title='bbox 1219 5079 1395 5123; x_wconf 87' lang='lat' dir='ltr'><strong>mente</strong></span> <span class='ocrx_word' id='word_1_395' title='bbox 1420 5075 1675 5142; x_wconf 82' lang='lat' dir='ltr'><strong>respexit,</strong></span> <span class='ocrx_word' id='word_1_396' title='bbox 1699 5086 1878 5145; x_wconf 88' lang='lat' dir='ltr'><strong>postea</strong></span> <span class='ocrx_word' id='word_1_397' title='bbox 1907 5079 2025 5137; x_wconf 79' lang='lat' dir='ltr'><strong>haec</strong></span> 
     </span>
    </p>
   </div>
   <div class='ocr_carea' id='block_1_54' title="bbox 447 5153 2025 5230">
    <p class='ocr_par' dir='ltr' id='par_1_54' title="bbox 447 5153 2025 5230">
     <span class='ocr_line' id='line_1_54' title="bbox 447 5153 2025 5230; baseline 0.012 -22"><span class='ocrx_word' id='word_1_398' title='bbox 447 5153 622 5208; x_wconf 83' lang='lat' dir='ltr'><strong>omnia</strong></span> <span class='ocrx_word' id='word_1_399' title='bbox 652 5154 802 5224; x_wconf 90' lang='lat' dir='ltr'><strong>quasi</strong></span> <span class='ocrx_word' id='word_1_400' title='bbox 826 5168 932 5208; x_wconf 92' lang='lat' dir='ltr'><strong>non</strong></span> <span class='ocrx_word' id='word_1_401' title='bbox 953 5163 1134 5208; x_wconf 90' lang='lat' dir='ltr'><strong>essent</strong></span> <span class='ocrx_word' id='word_1_402' title='bbox 1161 5156 1383 5210; x_wconf 81' lang='lat' dir='ltr'><strong>curavit.</strong></span> <span class='ocrx_word' id='word_1_403' title='bbox 1411 5159 1476 5213; x_wconf 84' lang='lat' dir='ltr'><strong>Et</strong></span> <span class='ocrx_word' id='word_1_404' title='bbox 1497 5164 1733 5230; x_wconf 86' lang='lat' dir='ltr'><strong>profecto</strong></span> <span class='ocrx_word' id='word_1_405' title='bbox 1748 5167 1826 5222; x_wconf 90' lang='lat' dir='ltr'><strong>sic</strong></span> <span class='ocrx_word' id='word_1_406' title='bbox 1852 5183 1911 5224; x_wconf 88' lang='lat' dir='ltr'><strong>se</strong></span> <span class='ocrx_word' id='word_1_407' title='bbox 1937 5185 2025 5226; x_wconf 88' lang='lat' dir='ltr'><strong>res</strong></span> 
     </span>
    </p>
   </div>
   <div class='ocr_carea' id='block_1_55' title="bbox 452 5238 2025 5322">
    <p class='ocr_par' dir='ltr' id='par_1_55' title="bbox 452 5238 2025 5322">
     <span class='ocr_line' id='line_1_55' title="bbox 452 5238 2025 5322; baseline 0.011 -24"><span class='ocrx_word' id='word_1_408' title='bbox 452 5244 630 5312; x_wconf 87' lang='lat' dir='ltr'><strong>habet,</strong></span> <span class='ocrx_word' id='word_1_409' title='bbox 653 5253 713 5298; x_wconf 89' lang='lat' dir='ltr'><strong>ut</strong></span> <span class='ocrx_word' id='word_1_410' title='bbox 734 5259 855 5299; x_wconf 89' lang='lat' dir='ltr'><strong>cum</strong></span> <span class='ocrx_word' id='word_1_411' title='bbox 876 5245 996 5314; x_wconf 87' lang='lat' dir='ltr'><strong>quis</strong></span> <span class='ocrx_word' id='word_1_412' title='bbox 1022 5243 1123 5300; x_wconf 90' lang='lat' dir='ltr'><strong>hoc</strong></span> <span class='ocrx_word' id='word_1_413' title='bbox 1141 5262 1321 5303; x_wconf 89' lang='lat' dir='ltr'><strong>amore</strong></span> <span class='ocrx_word' id='word_1_414' title='bbox 1345 5238 1556 5307; x_wconf 87' lang='lat' dir='ltr'><strong>saucius</strong></span> <span class='ocrx_word' id='word_1_415' title='bbox 1577 5263 1676 5322; x_wconf 90' lang='lat' dir='ltr'><strong>est,</strong></span> <span class='ocrx_word' id='word_1_416' title='bbox 1701 5265 1754 5311; x_wconf 90' lang='lat' dir='ltr'><strong>et</strong></span> <span class='ocrx_word' id='word_1_417' title='bbox 1782 5257 1833 5312; x_wconf 92' lang='lat' dir='ltr'><strong>in</strong></span> <span class='ocrx_word' id='word_1_418' title='bbox 1858 5259 2025 5315; x_wconf 89' lang='lat' dir='ltr'><strong>Deum</strong></span> 
     </span>
    </p>
   </div>
   <div class='ocr_carea' id='block_1_56' title="bbox 447 5335 2020 5420">
    <p class='ocr_par' dir='ltr' id='par_1_56' title="bbox 447 5335 2020 5420">
     <span class='ocr_line' id='line_1_56' title="bbox 447 5335 2020 5420; baseline 0.01 -30"><span class='ocrx_word' id='word_1_419' title='bbox 447 5336 716 5392; x_wconf 87' lang='lat' dir='ltr'><strong>desiderio</strong></span> <span class='ocrx_word' id='word_1_420' title='bbox 736 5350 836 5392; x_wconf 85' lang='lat' dir='ltr'><strong>suo</strong></span> <span class='ocrx_word' id='word_1_421' title='bbox 864 5335 1049 5403; x_wconf 91' lang='lat' dir='ltr'><strong>tendit,</strong></span> <span class='ocrx_word' id='word_1_422' title='bbox 1081 5337 1213 5393; x_wconf 91' lang='lat' dir='ltr'><strong>nihil</strong></span> <span class='ocrx_word' id='word_1_423' title='bbox 1239 5339 1524 5398; x_wconf 88' lang='lat' dir='ltr'><strong>visibilium</strong></span> <span class='ocrx_word' id='word_1_424' title='bbox 1547 5345 1754 5412; x_wconf 84' lang='lat' dir='ltr'><strong>videat;</strong></span> <span class='ocrx_word' id='word_1_425' title='bbox 1781 5349 1872 5404; x_wconf 89' lang='lat' dir='ltr'><strong>sed</strong></span> <span class='ocrx_word' id='word_1_426' title='bbox 1905 5365 2020 5420; x_wconf 63' lang='lat' dir='ltr'><strong>per.</strong></span> 
     </span>
    </p>
   </div>
   <div class='ocr_carea' id='block_1_57' title="bbox 451 5427 2023 5502">
    <p class='ocr_par' dir='ltr' id='par_1_57' title="bbox 451 5427 2023 5502">
     <span class='ocr_line' id='line_1_57' title="bbox 451 5427 2023 5502; baseline 0.011 -24"><span class='ocrx_word' id='word_1_427' title='bbox 451 5435 608 5494; x_wconf 89' lang='lat' dir='ltr'><strong>petuo</strong></span> <span class='ocrx_word' id='word_1_428' title='bbox 635 5440 756 5481; x_wconf 91' lang='lat' dir='ltr'><strong>eum</strong></span> <span class='ocrx_word' id='word_1_429' title='bbox 795 5441 954 5495; x_wconf 87' lang='lat' dir='ltr'><strong>quem</strong></span> <span class='ocrx_word' id='word_1_430' title='bbox 985 5427 1254 5484; x_wconf 90' lang='lat' dir='ltr'><strong>desiderat</strong></span> <span class='ocrx_word' id='word_1_431' title='bbox 1280 5431 1614 5502; x_wconf 87' lang='lat' dir='ltr'><strong>imaginetur,</strong></span> <span class='ocrx_word' id='word_1_432' title='bbox 1643 5447 1798 5493; x_wconf 92' lang='lat' dir='ltr'><strong>nocte</strong></span> <span class='ocrx_word' id='word_1_433' title='bbox 1821 5440 2023 5498; x_wconf 88' lang='lat' dir='ltr'><strong>scilicet</strong></span> 
     </span>
    </p>
   </div>
   <div class='ocr_carea' id='block_1_58' title="bbox 445 5517 2022 5595">
    <p class='ocr_par' dir='ltr' id='par_1_58' title="bbox 445 5517 2022 5595">
     <span class='ocr_line' id='line_1_58' title="bbox 445 5517 2022 5595; baseline 0.013 -28"><span class='ocrx_word' id='word_1_434' title='bbox 445 5526 608 5586; x_wconf 75' lang='lat' dir='ltr'><strong>atque</strong></span> <span class='ocrx_word' id='word_1_435' title='bbox 643 5517 752 5583; x_wconf 90' lang='lat' dir='ltr'><strong>die,</strong></span> <span class='ocrx_word' id='word_1_436' title='bbox 784 5518 986 5573; x_wconf 90' lang='lat' dir='ltr'><strong>cubans</strong></span> <span class='ocrx_word' id='word_1_437' title='bbox 1013 5529 1068 5574; x_wconf 89' lang='lat' dir='ltr'><strong>et</strong></span> <span class='ocrx_word' id='word_1_438' title='bbox 1108 5535 1352 5590; x_wconf 88' lang='lat' dir='ltr'><strong>surgens.</strong></span> <span class='ocrx_word' id='word_1_439' title='bbox 1393 5523 1470 5579; x_wconf 82' lang='lat' dir='ltr'><strong>Ne</strong></span> <span class='ocrx_word' id='word_1_440' title='bbox 1497 5523 1657 5595; x_wconf 79' lang='lat' dir='ltr'><strong>igitur</strong></span> <span class='ocrx_word' id='word_1_441' title='bbox 1693 5530 1883 5585; x_wconf 89' lang='lat' dir='ltr'><strong>mirum</strong></span> <span class='ocrx_word' id='word_1_442' title='bbox 1928 5532 2022 5589; x_wconf 88' lang='lat' dir='ltr'><strong>tibi</strong></span> 
     </span>
    </p>
   </div>
   <div class='ocr_carea' id='block_1_59' title="bbox 445 5605 2020 5688">
    <p class='ocr_par' dir='ltr' id='par_1_59' title="bbox 445 5605 2020 5688">
     <span class='ocr_line' id='line_1_59' title="bbox 445 5605 2020 5688; baseline 0.014 -32"><span class='ocrx_word' id='word_1_443' title='bbox 445 5606 535 5666; x_wconf 84' lang='lat' dir='ltr'><strong>sit.</strong></span> <span class='ocrx_word' id='word_1_444' title='bbox 583 5605 630 5659; x_wconf 91' lang='lat' dir='ltr'><strong>si</strong></span> <span class='ocrx_word' id='word_1_445' title='bbox 664 5615 718 5661; x_wconf 92' lang='lat' dir='ltr'><strong>et</strong></span> <span class='ocrx_word' id='word_1_446' title='bbox 741 5607 916 5675; x_wconf 81' lang='lat' dir='ltr'><strong>justus</strong></span> <span class='ocrx_word' id='word_1_447' title='bbox 943 5609 1030 5664; x_wconf 91' lang='lat' dir='ltr'><strong>ille</strong></span> <span class='ocrx_word' id='word_1_448' title='bbox 1066 5611 1232 5664; x_wconf 89' lang='lat' dir='ltr'><strong>semel</strong></span> <span class='ocrx_word' id='word_1_449' title='bbox 1263 5627 1329 5667; x_wconf 88' lang='lat' dir='ltr'><strong>eo</strong></span> <span class='ocrx_word' id='word_1_450' title='bbox 1359 5613 1529 5669; x_wconf 91' lang='lat' dir='ltr'><strong>solum</strong></span> <span class='ocrx_word' id='word_1_451' title='bbox 1565 5619 1872 5688; x_wconf 86' lang='lat' dir='ltr'><strong>respiciens,</strong></span> <span class='ocrx_word' id='word_1_452' title='bbox 1913 5638 2020 5678; x_wconf 91' lang='lat' dir='ltr'><strong>non</strong></span> 
     </span>
    </p>
   </div>
   <div class='ocr_carea' id='block_1_60' title="bbox 447 5689 2015 5777">
    <p class='ocr_par' dir='ltr' id='par_1_60' title="bbox 447 5689 2015 5777">
     <span class='ocr_line' id='line_1_60' title="bbox 447 5689 2015 5777; baseline 0.024 -41"><span class='ocrx_word' id='word_1_453' title='bbox 447 5695 660 5750; x_wconf 72' lang='lat' dir='ltr'><strong>curam</strong></span> <span class='ocrx_word' id='word_1_454' title='bbox 701 5705 797 5746; x_wconf 86' lang='lat' dir='ltr'><strong>eos</strong></span> <span class='ocrx_word' id='word_1_455' title='bbox 816 5689 908 5761; x_wconf 87' lang='lat' dir='ltr'><strong>qui</strong></span> <span class='ocrx_word' id='word_1_456' title='bbox 938 5694 1283 5764; x_wconf 79' lang='lat' dir='ltr'><strong>supplantare</strong></span> <span class='ocrx_word' id='word_1_457' title='bbox 1314 5704 1482 5777; x_wconf 86' lang='lat' dir='ltr'><strong>ipsqu</strong></span> <span class='ocrx_word' id='word_1_458' title='bbox 1509 5710 1858 5768; x_wconf 84' lang='lat' dir='ltr'><strong>conabantur.</strong></span> <span class='ocrx_word' id='word_1_459' title='bbox 1883 5713 2015 5772; x_wconf 84' lang='lat' dir='ltr'><strong>Nam</strong></span> 
     </span>
    </p>
   </div>
   <div class='ocr_carea' id='block_1_61' title="bbox 1174 343 2995 409">
    <p class='ocr_par' dir='ltr' id='par_1_61' title="bbox 1174 343 2995 409">
     <span class='ocr_line' id='line_1_61' title="bbox 1174 343 2995 409; baseline 0.004 -8"><span class='ocrx_word' id='word_1_460' title='bbox 1174 344 1235 401; x_wconf 79' lang='lat' dir='ltr'><strong>S.</strong></span> <span class='ocrx_word' id='word_1_461' title='bbox 1273 343 1553 402; x_wconf 74' lang='lat' dir='ltr'><strong>JOANNIS</strong></span> <span class='ocrx_word' id='word_1_462' title='bbox 1588 343 2066 402; x_wconf 73' lang='lat' dir='ltr'><strong>CllRYSOS&#39;IOMl</strong></span> <span class='ocrx_word' id='word_1_463' title='bbox 2103 344 2421 405; x_wconf 78' lang='lat' dir='ltr'><strong>ARClllEP.</strong></span> <span class='ocrx_word' id='word_1_464' title='bbox 2459 349 2995 409; x_wconf 70' lang='lat' dir='ltr'><strong>CONSTANTINOP.</strong></span> 
     </span>
    </p>
   </div>
   <div class='ocr_carea' id='block_1_62' title="bbox 3631 357 3752 415">
    <p class='ocr_par' dir='ltr' id='par_1_62' title="bbox 3631 357 3752 415">
     <span class='ocr_line' id='line_1_62' title="bbox 3631 357 3752 415; baseline -0.008 0"><span class='ocrx_word' id='word_1_465' title='bbox 3631 357 3752 415; x_wconf 63' lang='grc' dir='ltr'>εισι)</span> 
     </span>
    </p>
   </div>
   <div class='ocr_carea' id='block_1_63' title="bbox 2166 455 3749 536">
    <p class='ocr_par' dir='ltr' id='par_1_63' title="bbox 2166 455 3749 536">
     <span class='ocr_line' id='line_1_63' title="bbox 2166 455 3749 536; baseline 0.007 -22"><span class='ocrx_word' id='word_1_466' title='bbox 2166 460 2402 515; x_wconf 72' lang='lat' dir='ltr'><strong>exhibito</strong></span> <span class='ocrx_word' id='word_1_467' title='bbox 2434 464 2613 518; x_wconf 86' lang='lat' dir='ltr'><strong>studio</strong></span> <span class='ocrx_word' id='word_1_468' title='bbox 2641 480 2758 530; x_wconf 92' lang='lat' dir='ltr'><strong>suo,</strong></span> <span class='ocrx_word' id='word_1_469' title='bbox 2791 475 2845 520; x_wconf 93' lang='lat' dir='ltr'><strong>et</strong></span> <span class='ocrx_word' id='word_1_470' title='bbox 2882 465 3116 520; x_wconf 88' lang='lat' dir='ltr'><strong>divinam</strong></span> <span class='ocrx_word' id='word_1_471' title='bbox 3161 455 3384 536; x_wconf 83' lang='lat' dir='ltr'><strong>gratiam</strong></span> <span class='ocrx_word' id='word_1_472' title='bbox 3426 477 3632 534; x_wconf 89' lang='lat' dir='ltr'><strong>nactus,</strong></span> <span class='ocrx_word' id='word_1_473' title='bbox 3663 470 3749 525; x_wconf 77' lang='lat' dir='ltr'><strong>his</strong></span> 
     </span>
    </p>
   </div>
   <div class='ocr_carea' id='block_1_64' title="bbox 2164 550 3746 629">
    <p class='ocr_par' dir='ltr' id='par_1_64' title="bbox 2164 550 3746 629">
     <span class='ocr_line' id='line_1_64' title="bbox 2164 550 3746 629; baseline 0.006 -28"><span class='ocrx_word' id='word_1_474' title='bbox 2164 550 2411 605; x_wconf 87' lang='lat' dir='ltr'><strong>omnibus</strong></span> <span class='ocrx_word' id='word_1_475' title='bbox 2434 553 2679 621; x_wconf 85' lang='lat' dir='ltr'><strong>superior</strong></span> <span class='ocrx_word' id='word_1_476' title='bbox 2707 564 2838 608; x_wconf 89' lang='lat' dir='ltr'><strong>erat.</strong></span> <span class='ocrx_word' id='word_1_477' title='bbox 2874 554 2984 608; x_wconf 82' lang='lat' dir='ltr'><strong>Noe</strong></span> <span class='ocrx_word' id='word_1_478' title='bbox 3005 556 3169 620; x_wconf 89' lang='lat' dir='ltr'><strong>enim,</strong></span> <span class='ocrx_word' id='word_1_479' title='bbox 3200 556 3387 626; x_wconf 90' lang='lat' dir='ltr'><strong>inquit,</strong></span> <span class='ocrx_word' id='word_1_480' title='bbox 3415 558 3602 610; x_wconf 83' lang='lat' dir='ltr'><strong>invenit</strong></span> <span class='ocrx_word' id='word_1_481' title='bbox 3627 576 3746 629; x_wconf 86' lang='lat' dir='ltr'><strong>gra-</strong></span> 
     </span>
    </p>
   </div>
   <div class='ocr_carea' id='block_1_65' title="bbox 2165 642 3746 720">
    <p class='ocr_par' dir='ltr' id='par_1_65' title="bbox 2165 642 3746 720">
     <span class='ocr_line' id='line_1_65' title="bbox 2165 642 3746 720; baseline 0.008 -27"><span class='ocrx_word' id='word_1_482' title='bbox 2165 642 2283 694; x_wconf 86' lang='lat' dir='ltr'><strong>tiam</strong></span> <span class='ocrx_word' id='word_1_483' title='bbox 2309 659 2477 695; x_wconf 89' lang='lat' dir='ltr'><strong>coram</strong></span> <span class='ocrx_word' id='word_1_484' title='bbox 2505 642 2724 698; x_wconf 86' lang='lat' dir='ltr'><strong>Domino</strong></span> <span class='ocrx_word' id='word_1_485' title='bbox 2749 645 2880 699; x_wconf 89' lang='lat' dir='ltr'><strong>Deo.</strong></span> <span class='ocrx_word' id='word_1_486' title='bbox 2913 646 3144 700; x_wconf 84' lang='lat' dir='ltr'><strong>Tametsi</strong></span> <span class='ocrx_word' id='word_1_487' title='bbox 3167 647 3311 701; x_wconf 90' lang='lat' dir='ltr'><strong>omni</strong></span> <span class='ocrx_word' id='word_1_488' title='bbox 3343 649 3618 704; x_wconf 90' lang='lat' dir='ltr'><strong>hominum</strong></span> <span class='ocrx_word' id='word_1_489' title='bbox 3649 667 3746 720; x_wconf 88' lang='lat' dir='ltr'><strong>ge-</strong></span> 
     </span>
    </p>
   </div>
   <div class='ocr_carea' id='block_1_66' title="bbox 2165 731 3748 810">
    <p class='ocr_par' dir='ltr' id='par_1_66' title="bbox 2165 731 3748 810">
     <span class='ocr_line' id='line_1_66' title="bbox 2165 731 3748 810; baseline 0.006 -26"><span class='ocrx_word' id='word_1_490' title='bbox 2165 731 2298 796; x_wconf 83' lang='lat' dir='ltr'><strong>neri,</strong></span> <span class='ocrx_word' id='word_1_491' title='bbox 2325 732 2467 802; x_wconf 89' lang='lat' dir='ltr'><strong>quod</strong></span> <span class='ocrx_word' id='word_1_492' title='bbox 2499 742 2622 788; x_wconf 90' lang='lat' dir='ltr'><strong>tunc</strong></span> <span class='ocrx_word' id='word_1_493' title='bbox 2661 745 2798 800; x_wconf 86' lang='lat' dir='ltr'><strong>erat,</strong></span> <span class='ocrx_word' id='word_1_494' title='bbox 2845 752 2949 789; x_wconf 91' lang='lat' dir='ltr'><strong>non</strong></span> <span class='ocrx_word' id='word_1_495' title='bbox 2979 746 3122 791; x_wconf 88' lang='lat' dir='ltr'><strong>esset</strong></span> <span class='ocrx_word' id='word_1_496' title='bbox 3157 747 3362 807; x_wconf 84' lang='lat' dir='ltr'><strong>gratus,</strong></span> <span class='ocrx_word' id='word_1_497' title='bbox 3391 755 3566 810; x_wconf 90' lang='lat' dir='ltr'><strong>neque</strong></span> <span class='ocrx_word' id='word_1_498' title='bbox 3595 757 3748 795; x_wconf 80' lang='lat' dir='ltr'><strong>anta-</strong></span> 
     </span>
    </p>
   </div>
   <div class='ocr_carea' id='block_1_67' title="bbox 2166 818 3748 901">
    <p class='ocr_par' dir='ltr' id='par_1_67' title="bbox 2166 818 3748 901">
     <span class='ocr_line' id='line_1_67' title="bbox 2166 818 3748 901; baseline 0.009 -28"><span class='ocrx_word' id='word_1_499' title='bbox 2166 818 2307 885; x_wconf 88' lang='lat' dir='ltr'><strong>bilis,</strong></span> <span class='ocrx_word' id='word_1_500' title='bbox 2338 836 2403 875; x_wconf 90' lang='lat' dir='ltr'><strong>eo</strong></span> <span class='ocrx_word' id='word_1_501' title='bbox 2435 822 2575 891; x_wconf 88' lang='lat' dir='ltr'><strong>quod</strong></span> <span class='ocrx_word' id='word_1_502' title='bbox 2603 824 2818 878; x_wconf 87' lang='lat' dir='ltr'><strong>nolebat</strong></span> <span class='ocrx_word' id='word_1_503' title='bbox 2855 826 3096 880; x_wconf 89' lang='lat' dir='ltr'><strong>eamdem</strong></span> <span class='ocrx_word' id='word_1_504' title='bbox 3127 827 3372 883; x_wconf 90' lang='lat' dir='ltr'><strong>incedere</strong></span> <span class='ocrx_word' id='word_1_505' title='bbox 3401 830 3561 898; x_wconf 79' lang='lat' dir='ltr'><strong>viam,</strong></span> <span class='ocrx_word' id='word_1_506' title='bbox 3583 848 3748 901; x_wconf 86' lang='lat' dir='ltr'><strong>quam</strong></span> 
     </span>
    </p>
   </div>
   <div class='ocr_carea' id='block_1_68' title="bbox 2164 908 3750 984">
    <p class='ocr_par' dir='ltr' id='par_1_68' title="bbox 2164 908 3750 984">
     <span class='ocr_line' id='line_1_68' title="bbox 2164 908 3750 984; baseline 0.009 -22"><span class='ocrx_word' id='word_1_507' title='bbox 2164 908 2235 963; x_wconf 92' lang='lat' dir='ltr'><strong>illi</strong></span> <span class='ocrx_word' id='word_1_508' title='bbox 2267 927 2280 963; x_wconf 88' lang='lat'><strong>:</strong></span> <span class='ocrx_word' id='word_1_509' title='bbox 2310 911 2447 980; x_wconf 89' lang='lat' dir='ltr'><strong>apud</strong></span> <span class='ocrx_word' id='word_1_510' title='bbox 2487 928 2608 966; x_wconf 90' lang='lat' dir='ltr'><strong>eum</strong></span> <span class='ocrx_word' id='word_1_511' title='bbox 2654 923 2830 970; x_wconf 90' lang='lat' dir='ltr'><strong>tamen</strong></span> <span class='ocrx_word' id='word_1_512' title='bbox 2887 917 2976 984; x_wconf 92' lang='lat' dir='ltr'><strong>qui</strong></span> <span class='ocrx_word' id='word_1_513' title='bbox 3019 916 3180 971; x_wconf 89' lang='lat' dir='ltr'><strong>corda</strong></span> <span class='ocrx_word' id='word_1_514' title='bbox 3231 928 3498 973; x_wconf 79' lang='lat' dir='ltr'><strong>scrutatur</strong></span> <span class='ocrx_word' id='word_1_515' title='bbox 3544 921 3750 977; x_wconf 82' lang='lat' dir='ltr'><strong>invenit</strong></span> 
     </span>
    </p>
   </div>
   <div class='ocr_carea' id='block_1_69' title="bbox 2161 1002 3747 1084">
    <p class='ocr_par' dir='ltr' id='par_1_69' title="bbox 2161 1002 3747 1084">
     <span class='ocr_line' id='line_1_69' title="bbox 2161 1002 3747 1084; baseline 0.008 -29"><span class='ocrx_word' id='word_1_516' title='bbox 2161 1002 2409 1072; x_wconf 82' lang='lat' dir='ltr'><strong>gratiam,</strong></span> <span class='ocrx_word' id='word_1_517' title='bbox 2444 1006 2534 1074; x_wconf 88' lang='lat' dir='ltr'><strong>qui</strong></span> <span class='ocrx_word' id='word_1_518' title='bbox 2578 1016 2632 1060; x_wconf 91' lang='lat' dir='ltr'><strong>et</strong></span> <span class='ocrx_word' id='word_1_519' title='bbox 2671 1007 2814 1062; x_wconf 89' lang='lat' dir='ltr'><strong>illius</strong></span> <span class='ocrx_word' id='word_1_520' title='bbox 2855 1017 3088 1063; x_wconf 76' lang='lat' dir='ltr'><strong>mentem</strong></span> <span class='ocrx_word' id='word_1_521' title='bbox 3137 1012 3470 1080; x_wconf 87' lang='lat' dir='ltr'><strong>approbavit.</strong></span> <span class='ocrx_word' id='word_1_522' title='bbox 3523 1014 3586 1067; x_wconf 86' lang='lat' dir='ltr'><strong>Et</strong></span> <span class='ocrx_word' id='word_1_523' title='bbox 3615 1014 3747 1084; x_wconf 83' lang='lat' dir='ltr'><strong>quid</strong></span> 
     </span>
    </p>
   </div>
   <div class='ocr_carea' id='block_1_70' title="bbox 2160 1092 3741 1171">
    <p class='ocr_par' dir='ltr' id='par_1_70' title="bbox 2160 1092 3741 1171">
     <span class='ocr_line' id='line_1_70' title="bbox 2160 1092 3741 1171; baseline 0.008 -25"><span class='ocrx_word' id='word_1_524' title='bbox 2160 1092 2362 1157; x_wconf 91' lang='lat' dir='ltr'><strong>damni,</strong></span> <span class='ocrx_word' id='word_1_525' title='bbox 2390 1094 2498 1162; x_wconf 89' lang='lat' dir='ltr'><strong>die,</strong></span> <span class='ocrx_word' id='word_1_526' title='bbox 2537 1097 2827 1164; x_wconf 90' lang='lat' dir='ltr'><strong>oriebatur,</strong></span> <span class='ocrx_word' id='word_1_527' title='bbox 2852 1100 2993 1168; x_wconf 89' lang='lat' dir='ltr'><strong>quod</strong></span> <span class='ocrx_word' id='word_1_528' title='bbox 3037 1115 3066 1153; x_wconf 88' lang='lat' dir='ltr'><strong>a</strong></span> <span class='ocrx_word' id='word_1_529' title='bbox 3093 1102 3484 1171; x_wconf 85' lang='lat' dir='ltr'><strong>congeneribus</strong></span> <span class='ocrx_word' id='word_1_530' title='bbox 3513 1104 3741 1158; x_wconf 84' lang='lat' dir='ltr'><strong>subsan-</strong></span> 
     </span>
    </p>
   </div>
   <div class='ocr_carea' id='block_1_71' title="bbox 2161 1187 3748 1261">
    <p class='ocr_par' dir='ltr' id='par_1_71' title="bbox 2161 1187 3748 1261">
     <span class='ocr_line' id='line_1_71' title="bbox 2161 1187 3748 1261; baseline 0.008 -25"><span class='ocrx_word' id='word_1_531' title='bbox 2161 1193 2377 1238; x_wconf 89' lang='lat' dir='ltr'><strong>naretur</strong></span> <span class='ocrx_word' id='word_1_532' title='bbox 2401 1195 2456 1240; x_wconf 93' lang='lat' dir='ltr'><strong>et</strong></span> <span class='ocrx_word' id='word_1_533' title='bbox 2499 1187 2814 1242; x_wconf 87' lang='lat' dir='ltr'><strong>irrideretur</strong></span> <span class='ocrx_word' id='word_1_534' title='bbox 2842 1207 2855 1242; x_wconf 89' lang='lat'><strong>:</strong></span> <span class='ocrx_word' id='word_1_535' title='bbox 2884 1204 3004 1244; x_wconf 91' lang='lat' dir='ltr'><strong>cum</strong></span> <span class='ocrx_word' id='word_1_536' title='bbox 3037 1191 3083 1245; x_wconf 90' lang='lat' dir='ltr'><strong>is</strong></span> <span class='ocrx_word' id='word_1_537' title='bbox 3123 1193 3212 1261; x_wconf 92' lang='lat' dir='ltr'><strong>qui</strong></span> <span class='ocrx_word' id='word_1_538' title='bbox 3255 1192 3411 1247; x_wconf 84' lang='lat' dir='ltr'><strong>finxit</strong></span> <span class='ocrx_word' id='word_1_539' title='bbox 3439 1203 3598 1248; x_wconf 82' lang='lat' dir='ltr'><strong>corda</strong></span> <span class='ocrx_word' id='word_1_540' title='bbox 3644 1211 3748 1248; x_wconf 83' lang='lat' dir='ltr'><strong>no-</strong></span> 
     </span>
    </p>
   </div>
   <div class='ocr_carea' id='block_1_72' title="bbox 2159 1275 3747 1352">
    <p class='ocr_par' dir='ltr' id='par_1_72' title="bbox 2159 1275 3747 1352">
     <span class='ocr_line' id='line_1_72' title="bbox 2159 1275 3747 1352; baseline 0.009 -26"><span class='ocrx_word' id='word_1_541' title='bbox 2159 1281 2291 1340; x_wconf 86' lang='lat' dir='ltr'><strong>stra,</strong></span> <span class='ocrx_word' id='word_1_542' title='bbox 2345 1283 2401 1330; x_wconf 90' lang='lat' dir='ltr'><strong>et</strong></span> <span class='ocrx_word' id='word_1_543' title='bbox 2448 1275 2699 1346; x_wconf 86' lang='lat' dir='ltr'><strong>intelligit</strong></span> <span class='ocrx_word' id='word_1_544' title='bbox 2743 1279 2920 1333; x_wconf 90' lang='lat' dir='ltr'><strong>omnia</strong></span> <span class='ocrx_word' id='word_1_545' title='bbox 2967 1295 3127 1350; x_wconf 90' lang='lat' dir='ltr'><strong>opera</strong></span> <span class='ocrx_word' id='word_1_546' title='bbox 3175 1291 3380 1346; x_wconf 89' lang='lat' dir='ltr'><strong>nostra,</strong></span> <span class='ocrx_word' id='word_1_547' title='bbox 3427 1283 3747 1352; x_wconf 74' lang='lat' dir='ltr'><strong>praedicaret</strong></span> 
     </span>
    </p>
   </div>
   <div class='ocr_carea' id='block_1_73' title="bbox 2160 1365 3740 1444">
    <p class='ocr_par' dir='ltr' id='par_1_73' title="bbox 2160 1365 3740 1444">
     <span class='ocr_line' id='line_1_73' title="bbox 2160 1365 3740 1444; baseline 0.006 -26"><span class='ocrx_word' id='word_1_548' title='bbox 2160 1365 2308 1420; x_wconf 91' lang='lat' dir='ltr'><strong>illum</strong></span> <span class='ocrx_word' id='word_1_549' title='bbox 2342 1375 2396 1421; x_wconf 89' lang='lat' dir='ltr'><strong>et</strong></span> <span class='ocrx_word' id='word_1_550' title='bbox 2423 1371 2746 1424; x_wconf 80' lang='lat' dir='ltr'><strong>coronaret?</strong></span> <span class='ocrx_word' id='word_1_551' title='bbox 2772 1381 2826 1425; x_wconf 91' lang='lat' dir='ltr'><strong>et</strong></span> <span class='ocrx_word' id='word_1_552' title='bbox 2851 1387 2970 1442; x_wconf 72' lang='lat' dir='ltr'><strong>quae</strong></span> <span class='ocrx_word' id='word_1_553' title='bbox 2995 1373 3195 1428; x_wconf 89' lang='lat' dir='ltr'><strong>utilitas</strong></span> <span class='ocrx_word' id='word_1_554' title='bbox 3226 1373 3450 1441; x_wconf 90' lang='lat' dir='ltr'><strong>homini,</strong></span> <span class='ocrx_word' id='word_1_555' title='bbox 3482 1376 3528 1430; x_wconf 92' lang='lat' dir='ltr'><strong>si</strong></span> <span class='ocrx_word' id='word_1_556' title='bbox 3567 1377 3740 1444; x_wconf 85' lang='lat' dir='ltr'><strong>ipsum</strong></span> 
     </span>
    </p>
   </div>
   <div class='ocr_carea' id='block_1_74' title="bbox 2161 1456 3739 1527">
    <p class='ocr_par' dir='ltr' id='par_1_74' title="bbox 2161 1456 3739 1527">
     <span class='ocr_line' id='line_1_74' title="bbox 2161 1456 3739 1527; baseline 0.008 -20"><span class='ocrx_word' id='word_1_557' title='bbox 2161 1462 2303 1508; x_wconf 90' lang='lat' dir='ltr'><strong>totus</strong></span> <span class='ocrx_word' id='word_1_558' title='bbox 2343 1456 2492 1511; x_wconf 90' lang='lat' dir='ltr'><strong>orbis</strong></span> <span class='ocrx_word' id='word_1_559' title='bbox 2547 1457 2842 1514; x_wconf 90' lang='lat' dir='ltr'><strong>admiretur</strong></span> <span class='ocrx_word' id='word_1_560' title='bbox 2889 1469 2946 1516; x_wconf 90' lang='lat' dir='ltr'><strong>et</strong></span> <span class='ocrx_word' id='word_1_561' title='bbox 2987 1461 3197 1527; x_wconf 89' lang='lat' dir='ltr'><strong>laudet;</strong></span> <span class='ocrx_word' id='word_1_562' title='bbox 3247 1462 3508 1519; x_wconf 86' lang='lat' dir='ltr'><strong>Conditor</strong></span> <span class='ocrx_word' id='word_1_563' title='bbox 3559 1475 3739 1520; x_wconf 89' lang='lat' dir='ltr'><strong>autem</strong></span> 
     </span>
    </p>
   </div>
   <div class='ocr_carea' id='block_1_75' title="bbox 2157 1547 3739 1623">
    <p class='ocr_par' dir='ltr' id='par_1_75' title="bbox 2157 1547 3739 1623">
     <span class='ocr_line' id='line_1_75' title="bbox 2157 1547 3739 1623; baseline 0.008 -24"><span class='ocrx_word' id='word_1_564' title='bbox 2157 1548 2418 1612; x_wconf 90' lang='lat' dir='ltr'><strong>omnium,</strong></span> <span class='ocrx_word' id='word_1_565' title='bbox 2452 1558 2505 1602; x_wconf 88' lang='lat' dir='ltr'><strong>et</strong></span> <span class='ocrx_word' id='word_1_566' title='bbox 2530 1547 2701 1603; x_wconf 84' lang='lat' dir='ltr'><strong>Judex</strong></span> <span class='ocrx_word' id='word_1_567' title='bbox 2747 1551 2834 1619; x_wconf 89' lang='lat' dir='ltr'><strong>qui</strong></span> <span class='ocrx_word' id='word_1_568' title='bbox 2863 1551 3032 1620; x_wconf 90' lang='lat' dir='ltr'><strong>decipi</strong></span> <span class='ocrx_word' id='word_1_569' title='bbox 3063 1553 3272 1623; x_wconf 91' lang='lat' dir='ltr'><strong>nequit,</strong></span> <span class='ocrx_word' id='word_1_570' title='bbox 3300 1555 3352 1608; x_wconf 90' lang='lat' dir='ltr'><strong>in</strong></span> <span class='ocrx_word' id='word_1_571' title='bbox 3383 1555 3471 1610; x_wconf 90' lang='lat' dir='ltr'><strong>die</strong></span> <span class='ocrx_word' id='word_1_572' title='bbox 3499 1556 3592 1610; x_wconf 91' lang='lat' dir='ltr'><strong>illo</strong></span> <span class='ocrx_word' id='word_1_573' title='bbox 3626 1567 3739 1611; x_wconf 88' lang='lat' dir='ltr'><strong>ter-</strong></span> 
     </span>
    </p>
   </div>
   <div class='ocr_carea' id='block_1_76' title="bbox 2157 1635 3740 1722">
    <p class='ocr_par' dir='ltr' id='par_1_76' title="bbox 2157 1635 3740 1722">
     <span class='ocr_line' id='line_1_76' title="bbox 2157 1635 3740 1722; baseline 0.009 -35"><span class='ocrx_word' id='word_1_574' title='bbox 2157 1635 2294 1688; x_wconf 90' lang='lat' dir='ltr'><strong>ribili</strong></span> <span class='ocrx_word' id='word_1_575' title='bbox 2339 1638 2792 1694; x_wconf 88' lang='lat' dir='ltr'><strong>condemnaturus</strong></span> <span class='ocrx_word' id='word_1_576' title='bbox 2836 1641 2939 1696; x_wconf 87' lang='lat' dir='ltr'><strong>sit?</strong></span> <span class='ocrx_word' id='word_1_577' title='bbox 2980 1643 3179 1712; x_wconf 89' lang='lat' dir='ltr'><strong>Itaque,</strong></span> <span class='ocrx_word' id='word_1_578' title='bbox 3212 1645 3408 1709; x_wconf 89' lang='lat' dir='ltr'><strong>dilecti,</strong></span> <span class='ocrx_word' id='word_1_579' title='bbox 3459 1646 3740 1722; x_wconf 26' lang='lat' dir='ltr'><strong>cumlha&#39;c</strong></span> 
     </span>
    </p>
   </div>
   <div class='ocr_carea' id='block_1_77' title="bbox 2157 1725 3737 1802">
    <p class='ocr_par' dir='ltr' id='par_1_77' title="bbox 2157 1725 3737 1802">
     <span class='ocr_line' id='line_1_77' title="bbox 2157 1725 3737 1802; baseline 0.01 -25"><span class='ocrx_word' id='word_1_580' title='bbox 2157 1725 2309 1780; x_wconf 80' lang='lat' dir='ltr'><strong>nobis</strong></span> <span class='ocrx_word' id='word_1_581' title='bbox 2352 1737 2625 1796; x_wconf 89' lang='lat' dir='ltr'><strong>comperta</strong></span> <span class='ocrx_word' id='word_1_582' title='bbox 2669 1731 2800 1799; x_wconf 88' lang='lat' dir='ltr'><strong>sint,</strong></span> <span class='ocrx_word' id='word_1_583' title='bbox 2827 1733 3024 1786; x_wconf 92' lang='lat' dir='ltr'><strong>nullius</strong></span> <span class='ocrx_word' id='word_1_584' title='bbox 3056 1734 3207 1802; x_wconf 89' lang='lat' dir='ltr'><strong>pensi</strong></span> <span class='ocrx_word' id='word_1_585' title='bbox 3235 1735 3528 1790; x_wconf 86' lang='lat' dir='ltr'><strong>habeamus</strong></span> <span class='ocrx_word' id='word_1_586' title='bbox 3559 1738 3737 1792; x_wconf 89' lang='lat' dir='ltr'><strong>homi-</strong></span> 
     </span>
    </p>
   </div>
   <div class='ocr_carea' id='block_1_78' title="bbox 2157 1817 3739 1898">
    <p class='ocr_par' dir='ltr' id='par_1_78' title="bbox 2157 1817 3739 1898">
     <span class='ocr_line' id='line_1_78' title="bbox 2157 1817 3739 1898; baseline 0.009 -29"><span class='ocrx_word' id='word_1_587' title='bbox 2157 1831 2281 1870; x_wconf 92' lang='lat' dir='ltr'><strong>num</strong></span> <span class='ocrx_word' id='word_1_588' title='bbox 2329 1817 2562 1886; x_wconf 88' lang='lat' dir='ltr'><strong>laudem,</strong></span> <span class='ocrx_word' id='word_1_589' title='bbox 2596 1835 2772 1890; x_wconf 90' lang='lat' dir='ltr'><strong>neque</strong></span> <span class='ocrx_word' id='word_1_590' title='bbox 2799 1823 2866 1877; x_wconf 90' lang='lat' dir='ltr'><strong>ab</strong></span> <span class='ocrx_word' id='word_1_591' title='bbox 2910 1825 3014 1878; x_wconf 93' lang='lat' dir='ltr'><strong>illis</strong></span> <span class='ocrx_word' id='word_1_592' title='bbox 3041 1827 3302 1882; x_wconf 87' lang='lat' dir='ltr'><strong>celebrari</strong></span> <span class='ocrx_word' id='word_1_593' title='bbox 3339 1831 3528 1898; x_wconf 87' lang='lat' dir='ltr'><strong>quovis</strong></span> <span class='ocrx_word' id='word_1_594' title='bbox 3576 1833 3739 1885; x_wconf 86' lang='lat' dir='ltr'><strong>modo</strong></span> 
     </span>
    </p>
   </div>
   <div class='ocr_carea' id='block_1_79' title="bbox 2153 1910 3740 1990">
    <p class='ocr_par' dir='ltr' id='par_1_79' title="bbox 2153 1910 3740 1990">
     <span class='ocr_line' id='line_1_79' title="bbox 2153 1910 3740 1990; baseline 0.011 -30"><span class='ocrx_word' id='word_1_595' title='bbox 2153 1921 2494 1976; x_wconf 79' lang='lat' dir='ltr'><strong>quaeramus:</strong></span> <span class='ocrx_word' id='word_1_596' title='bbox 2523 1910 2618 1965; x_wconf 86' lang='lat' dir='ltr'><strong>sed</strong></span> <span class='ocrx_word' id='word_1_597' title='bbox 2663 1925 2881 1983; x_wconf 90' lang='lat' dir='ltr'><strong>propter</strong></span> <span class='ocrx_word' id='word_1_598' title='bbox 2920 1915 3066 1970; x_wconf 91' lang='lat' dir='ltr'><strong>illum</strong></span> <span class='ocrx_word' id='word_1_599' title='bbox 3116 1919 3287 1972; x_wconf 86' lang='lat' dir='ltr'><strong>solum</strong></span> <span class='ocrx_word' id='word_1_600' title='bbox 3331 1921 3420 1990; x_wconf 91' lang='lat' dir='ltr'><strong>qui</strong></span> <span class='ocrx_word' id='word_1_601' title='bbox 3468 1931 3740 1977; x_wconf 89' lang='lat' dir='ltr'><strong>scrutatur</strong></span> 
     </span>
    </p>
   </div>
   <div class='ocr_carea' id='block_1_80' title="bbox 2153 1997 3740 2081">
    <p class='ocr_par' dir='ltr' id='par_1_80' title="bbox 2153 1997 3740 2081">
     <span class='ocr_line' id='line_1_80' title="bbox 2153 1997 3740 2081; baseline 0.01 -30"><span class='ocrx_word' id='word_1_602' title='bbox 2153 1997 2313 2052; x_wconf 88' lang='lat' dir='ltr'><strong>corda</strong></span> <span class='ocrx_word' id='word_1_603' title='bbox 2365 2009 2421 2054; x_wconf 91' lang='lat' dir='ltr'><strong>et</strong></span> <span class='ocrx_word' id='word_1_604' title='bbox 2457 2015 2637 2070; x_wconf 89' lang='lat' dir='ltr'><strong>renes,</strong></span> <span class='ocrx_word' id='word_1_605' title='bbox 2677 2004 2889 2058; x_wconf 90' lang='lat' dir='ltr'><strong>virtutis</strong></span> <span class='ocrx_word' id='word_1_606' title='bbox 2918 2019 3079 2076; x_wconf 82' lang='lat' dir='ltr'><strong>Opera</strong></span> <span class='ocrx_word' id='word_1_607' title='bbox 3119 2007 3393 2075; x_wconf 87' lang='lat' dir='ltr'><strong>faciamus,</strong></span> <span class='ocrx_word' id='word_1_608' title='bbox 3436 2021 3490 2066; x_wconf 90' lang='lat' dir='ltr'><strong>et</strong></span> <span class='ocrx_word' id='word_1_609' title='bbox 3519 2024 3740 2081; x_wconf 87' lang='lat' dir='ltr'><strong>peccata</strong></span> 
     </span>
    </p>
   </div>
   <div class='ocr_carea' id='block_1_81' title="bbox 2153 2086 2433 2157">
    <p class='ocr_par' dir='ltr' id='par_1_81' title="bbox 2153 2086 2433 2157">
     <span class='ocr_line' id='line_1_81' title="bbox 2153 2086 2433 2157; baseline 0.004 -16"><span class='ocrx_word' id='word_1_610' title='bbox 2153 2086 2433 2157; x_wconf 88' lang='lat' dir='ltr'><strong>fugiamus.</strong></span> 
     </span>
    </p>
   </div>
   <div class='ocr_carea' id='block_1_82' title="bbox 2221 2177 3739 2259">
    <p class='ocr_par' dir='ltr' id='par_1_82' title="bbox 2221 2177 3739 2259">
     <span class='ocr_line' id='line_1_82' title="bbox 2221 2177 3739 2259; baseline 0.011 -29"><span class='ocrx_word' id='word_1_611' title='bbox 2221 2177 2453 2234; x_wconf 85' lang='lat' dir='ltr'><strong>Laudari</strong></span> <span class='ocrx_word' id='word_1_612' title='bbox 2495 2180 2811 2238; x_wconf 84' lang='lat' dir='ltr'><strong>Christianus</strong></span> <span class='ocrx_word' id='word_1_613' title='bbox 2853 2186 2917 2239; x_wconf 90' lang='lat' dir='ltr'><strong>ab</strong></span> <span class='ocrx_word' id='word_1_614' title='bbox 2941 2185 3170 2242; x_wconf 85' lang='lat' dir='ltr'><strong>omnibus</strong></span> <span class='ocrx_word' id='word_1_615' title='bbox 3220 2191 3405 2259; x_wconf 82' lang='lat' dir='ltr'><strong>nequit.</strong></span> <span class='ocrx_word' id='word_1_616' title='bbox 3433 2220 3504 2231; x_wconf 89' lang='lat'><strong>--</strong></span> <span class='ocrx_word' id='word_1_617' title='bbox 3536 2191 3739 2258; x_wconf 79' lang='lat' dir='ltr'><strong>Quam-</strong></span> 
     </span>
    </p>
   </div>
   <div class='ocr_carea' id='block_1_83' title="bbox 2150 2271 3736 2351">
    <p class='ocr_par' dir='ltr' id='par_1_83' title="bbox 2150 2271 3736 2351">
     <span class='ocr_line' id='line_1_83' title="bbox 2150 2271 3736 2351; baseline 0.009 -26"><span class='ocrx_word' id='word_1_618' title='bbox 2150 2271 2333 2326; x_wconf 92' lang='lat' dir='ltr'><strong>obrem</strong></span> <span class='ocrx_word' id='word_1_619' title='bbox 2368 2271 2611 2330; x_wconf 88' lang='lat' dir='ltr'><strong>Christus</strong></span> <span class='ocrx_word' id='word_1_620' title='bbox 2635 2275 2884 2334; x_wconf 89' lang='lat' dir='ltr'><strong>erudiens</strong></span> <span class='ocrx_word' id='word_1_621' title='bbox 2922 2294 3021 2333; x_wconf 92' lang='lat' dir='ltr'><strong>nos</strong></span> <span class='ocrx_word' id='word_1_622' title='bbox 3044 2288 3100 2334; x_wconf 92' lang='lat' dir='ltr'><strong>ut</strong></span> <span class='ocrx_word' id='word_1_623' title='bbox 3131 2295 3196 2336; x_wconf 88' lang='lat' dir='ltr'><strong>ne</strong></span> <span class='ocrx_word' id='word_1_624' title='bbox 3245 2283 3522 2351; x_wconf 82' lang='lat' dir='ltr'><strong>captandis</strong></span> <span class='ocrx_word' id='word_1_625' title='bbox 3554 2284 3736 2340; x_wconf 75' lang='lat' dir='ltr'><strong>homi-</strong></span> 
     </span>
    </p>
   </div>
   <div class='ocr_carea' id='block_1_84' title="bbox 2151 2366 3734 2441">
    <p class='ocr_par' dir='ltr' id='par_1_84' title="bbox 2151 2366 3734 2441">
     <span class='ocr_line' id='line_1_84' title="bbox 2151 2366 3734 2441; baseline 0.009 -23"><span class='ocrx_word' id='word_1_626' title='bbox 2151 2381 2278 2419; x_wconf 90' lang='lat' dir='ltr'><strong>num</strong></span> <span class='ocrx_word' id='word_1_627' title='bbox 2322 2366 2566 2421; x_wconf 88' lang='lat' dir='ltr'><strong>laudibus</strong></span> <span class='ocrx_word' id='word_1_628' title='bbox 2598 2368 2884 2437; x_wconf 91' lang='lat' dir='ltr'><strong>inhicmns,</strong></span> <span class='ocrx_word' id='word_1_629' title='bbox 2931 2382 3052 2441; x_wconf 92' lang='lat' dir='ltr'><strong>post</strong></span> <span class='ocrx_word' id='word_1_630' title='bbox 3095 2373 3258 2427; x_wconf 85' lang='lat' dir='ltr'><strong>multa</strong></span> <span class='ocrx_word' id='word_1_631' title='bbox 3288 2374 3388 2427; x_wconf 87' lang='lat' dir='ltr'><strong>alia</strong></span> <span class='ocrx_word' id='word_1_632' title='bbox 3434 2377 3646 2432; x_wconf 89' lang='lat' dir='ltr'><strong>tandem</strong></span> <span class='ocrx_word' id='word_1_633' title='bbox 3680 2387 3734 2433; x_wconf 86' lang='lat' dir='ltr'><strong>et</strong></span> 
     </span>
    </p>
   </div>
   <div class='ocr_carea' id='block_1_85' title="bbox 2152 2454 3733 2530">
    <p class='ocr_par' dir='ltr' id='par_1_85' title="bbox 2152 2454 3733 2530">
     <span class='ocr_line' id='line_1_85' title="bbox 2152 2454 3733 2530; baseline 0.009 -22"><span class='ocrx_word' id='word_1_634' title='bbox 2152 2454 2251 2511; x_wconf 88' lang='lat' dir='ltr'><strong>hoc</strong></span> <span class='ocrx_word' id='word_1_635' title='bbox 2290 2456 2486 2520; x_wconf 87' lang='lat' dir='ltr'><strong>intulit,</strong></span> <span class='ocrx_word' id='word_1_636' title='bbox 2534 2459 2714 2512; x_wconf 75' lang='lat' dir='ltr'><strong>dicens</strong></span> <span class='ocrx_word' id='word_1_637' title='bbox 2749 2477 2762 2512; x_wconf 88' lang='lat'><strong>:</strong></span> <span class='ocrx_word' id='word_1_638' title='bbox 2797 2459 2885 2514; x_wconf 81' lang='lat' dir='ltr'><strong>Vae</strong></span> <span class='ocrx_word' id='word_1_639' title='bbox 2932 2463 3086 2528; x_wconf 82' lang='lat' dir='ltr'><strong>robis,</strong></span> <span class='ocrx_word' id='word_1_640' title='bbox 3136 2466 3337 2530; x_wconf 82' lang='lat' dir='ltr'><strong>quando</strong></span> <span class='ocrx_word' id='word_1_641' title='bbox 3387 2465 3733 2522; x_wconf 76' lang='lat' dir='ltr'><strong>benedixeriut</strong></span> 
     </span>
    </p>
   </div>
   <div class='ocr_carea' id='block_1_86' title="bbox 2148 2547 3736 2626">
    <p class='ocr_par' dir='ltr' id='par_1_86' title="bbox 2148 2547 3736 2626">
     <span class='ocr_line' id='line_1_86' title="bbox 2148 2547 3736 2626; baseline 0.009 -27"><span class='ocrx_word' id='word_1_642' title='bbox 2148 2547 2282 2600; x_wconf 76' lang='lat' dir='ltr'><strong>vobis</strong></span> <span class='ocrx_word' id='word_1_643' title='bbox 2308 2565 2476 2603; x_wconf 85' lang='lat' dir='ltr'><strong>omnes</strong></span> <span class='ocrx_word' id='word_1_644' title='bbox 2505 2550 2728 2604; x_wconf 80' lang='lat' dir='ltr'><strong>homines</strong></span> <span class='ocrx_word' id='word_1_645' title='bbox 2749 2551 2896 2623; x_wconf 87' lang='lat' dir='ltr'><strong>(Luc.</strong></span> <span class='ocrx_word' id='word_1_646' title='bbox 2922 2553 2973 2607; x_wconf 87' lang='lat'><strong>6.</strong></span> <span class='ocrx_word' id='word_1_647' title='bbox 3001 2554 3114 2624; x_wconf 68' lang='lat'><strong>26).</strong></span> <span class='ocrx_word' id='word_1_648' title='bbox 3145 2552 3432 2610; x_wconf 87' lang='lat' dir='ltr'><strong>Considera</strong></span> <span class='ocrx_word' id='word_1_649' title='bbox 3464 2559 3736 2626; x_wconf 84' lang='lat' dir='ltr'><strong>quomodo</strong></span> 
     </span>
    </p>
   </div>
   <div class='ocr_carea' id='block_1_87' title="bbox 2148 2636 3730 2716">
    <p class='ocr_par' dir='ltr' id='par_1_87' title="bbox 2148 2636 3730 2716">
     <span class='ocr_line' id='line_1_87' title="bbox 2148 2636 3730 2716; baseline 0.007 -23"><span class='ocrx_word' id='word_1_650' title='bbox 2148 2653 2243 2707; x_wconf 86' lang='lat' dir='ltr'><strong>per</strong></span> <span class='ocrx_word' id='word_1_651' title='bbox 2278 2636 2366 2692; x_wconf 73' lang='lat' dir='ltr'><strong>Vw</strong></span> <span class='ocrx_word' id='word_1_652' title='bbox 2388 2639 2541 2694; x_wconf 91' lang='lat' dir='ltr'><strong>nobis</strong></span> <span class='ocrx_word' id='word_1_653' title='bbox 2568 2639 2803 2696; x_wconf 83' lang='lat' dir='ltr'><strong>declarat</strong></span> <span class='ocrx_word' id='word_1_654' title='bbox 2831 2645 3122 2713; x_wconf 81' lang='lat' dir='ltr'><strong>quotuplex</strong></span> <span class='ocrx_word' id='word_1_655' title='bbox 3153 2645 3272 2699; x_wconf 91' lang='lat' dir='ltr'><strong>illos</strong></span> <span class='ocrx_word' id='word_1_656' title='bbox 3302 2661 3460 2716; x_wconf 71' lang='lat' dir='ltr'><strong>poena</strong></span> <span class='ocrx_word' id='word_1_657' title='bbox 3493 2659 3730 2704; x_wconf 89' lang='lat' dir='ltr'><strong>maneat.</strong></span> 
     </span>
    </p>
   </div>
   <div class='ocr_carea' id='block_1_88' title="bbox 2154 2726 3732 2810">
    <p class='ocr_par' dir='ltr' id='par_1_88' title="bbox 2154 2726 3732 2810">
     <span class='ocr_line' id='line_1_88' title="bbox 2154 2726 3732 2810; baseline 0.01 -29"><span class='ocrx_word' id='word_1_658' title='bbox 2154 2726 2242 2781; x_wconf 80' lang='lat' dir='ltr'><strong>Vae</strong></span> <span class='ocrx_word' id='word_1_659' title='bbox 2266 2729 2407 2783; x_wconf 89' lang='lat' dir='ltr'><strong>enim</strong></span> <span class='ocrx_word' id='word_1_660' title='bbox 2438 2729 2659 2786; x_wconf 92' lang='lat' dir='ltr'><strong>lamenti</strong></span> <span class='ocrx_word' id='word_1_661' title='bbox 2702 2733 2944 2787; x_wconf 91' lang='lat' dir='ltr'><strong>nuntium</strong></span> <span class='ocrx_word' id='word_1_662' title='bbox 2993 2736 3211 2790; x_wconf 86' lang='lat' dir='ltr'><strong>verbum</strong></span> <span class='ocrx_word' id='word_1_663' title='bbox 3257 2747 3338 2793; x_wconf 91' lang='lat' dir='ltr'><strong>est</strong></span> <span class='ocrx_word' id='word_1_664' title='bbox 3364 2757 3377 2796; x_wconf 91' lang='lat'><strong>:</strong></span> <span class='ocrx_word' id='word_1_665' title='bbox 3409 2740 3549 2796; x_wconf 89' lang='lat' dir='ltr'><strong>unde</strong></span> <span class='ocrx_word' id='word_1_666' title='bbox 3577 2743 3732 2810; x_wconf 85' lang='lat' dir='ltr'><strong>quasi</strong></span> 
     </span>
    </p>
   </div>
   <div class='ocr_carea' id='block_1_89' title="bbox 2147 2819 3731 2900">
    <p class='ocr_par' dir='ltr' id='par_1_89' title="bbox 2147 2819 3731 2900">
     <span class='ocr_line' id='line_1_89' title="bbox 2147 2819 3731 2900; baseline 0.008 -26"><span class='ocrx_word' id='word_1_667' title='bbox 2147 2819 2371 2876; x_wconf 90' lang='lat' dir='ltr'><strong>miseros</strong></span> <span class='ocrx_word' id='word_1_668' title='bbox 2414 2838 2508 2878; x_wconf 88' lang='lat' dir='ltr'><strong>eos</strong></span> <span class='ocrx_word' id='word_1_669' title='bbox 2550 2839 2747 2879; x_wconf 89' lang='lat' dir='ltr'><strong>vocans</strong></span> <span class='ocrx_word' id='word_1_670' title='bbox 2768 2866 2782 2890; x_wconf 93' lang='lat'><strong>,</strong></span> <span class='ocrx_word' id='word_1_671' title='bbox 2825 2826 2951 2881; x_wconf 92' lang='lat' dir='ltr'><strong>dicit</strong></span> <span class='ocrx_word' id='word_1_672' title='bbox 2984 2843 2999 2881; x_wconf 92' lang='lat'><strong>:</strong></span> <span class='ocrx_word' id='word_1_673' title='bbox 3032 2827 3120 2882; x_wconf 72' lang='lat' dir='ltr'><strong>Va:</strong></span> <span class='ocrx_word' id='word_1_674' title='bbox 3161 2830 3316 2896; x_wconf 85' lang='lat' dir='ltr'><strong>vobis,</strong></span> <span class='ocrx_word' id='word_1_675' title='bbox 3349 2833 3551 2900; x_wconf 87' lang='lat' dir='ltr'><strong>quando</strong></span> <span class='ocrx_word' id='word_1_676' title='bbox 3581 2833 3731 2888; x_wconf 81' lang='lat' dir='ltr'><strong>bene-</strong></span> 
     </span>
    </p>
   </div>
   <div class='ocr_carea' id='block_1_90' title="bbox 2147 2915 3730 2991">
    <p class='ocr_par' dir='ltr' id='par_1_90' title="bbox 2147 2915 3730 2991">
     <span class='ocr_line' id='line_1_90' title="bbox 2147 2915 3730 2991; baseline 0.009 -25"><span class='ocrx_word' id='word_1_677' title='bbox 2147 2915 2364 2968; x_wconf 79' lang='lat' dir='ltr'><strong>dixerint</strong></span> <span class='ocrx_word' id='word_1_678' title='bbox 2388 2916 2524 2970; x_wconf 77' lang='lat' dir='ltr'><strong>vobis</strong></span> <span class='ocrx_word' id='word_1_679' title='bbox 2553 2933 2722 2971; x_wconf 84' lang='lat' dir='ltr'><strong>omnes</strong></span> <span class='ocrx_word' id='word_1_680' title='bbox 2761 2918 3004 2974; x_wconf 80' lang='lat' dir='ltr'><strong>homines.</strong></span> <span class='ocrx_word' id='word_1_681' title='bbox 3033 2921 3098 2974; x_wconf 81' lang='lat' dir='ltr'><strong>Et</strong></span> <span class='ocrx_word' id='word_1_682' title='bbox 3131 2921 3250 2976; x_wconf 85' lang='lat' dir='ltr'><strong>vide</strong></span> <span class='ocrx_word' id='word_1_683' title='bbox 3275 2938 3432 2991; x_wconf 88' lang='lat' dir='ltr'><strong>quam</strong></span> <span class='ocrx_word' id='word_1_684' title='bbox 3464 2934 3620 2980; x_wconf 86' lang='lat' dir='ltr'><strong>caute</strong></span> <span class='ocrx_word' id='word_1_685' title='bbox 3644 2926 3730 2981; x_wconf 87' lang='lat' dir='ltr'><strong>di-</strong></span> 
     </span>
    </p>
   </div>
   <div class='ocr_carea' id='block_1_91' title="bbox 2144 3004 3726 3078">
    <p class='ocr_par' dir='ltr' id='par_1_91' title="bbox 2144 3004 3726 3078">
     <span class='ocr_line' id='line_1_91' title="bbox 2144 3004 3726 3078; baseline 0.005 -18"><span class='ocrx_word' id='word_1_686' title='bbox 2144 3013 2308 3060; x_wconf 89' lang='lat' dir='ltr'><strong>ctum.</strong></span> <span class='ocrx_word' id='word_1_687' title='bbox 2336 3004 2452 3060; x_wconf 88' lang='lat' dir='ltr'><strong>Non</strong></span> <span class='ocrx_word' id='word_1_688' title='bbox 2481 3007 2789 3076; x_wconf 90' lang='lat' dir='ltr'><strong>simpliciter</strong></span> <span class='ocrx_word' id='word_1_689' title='bbox 2811 3007 2961 3075; x_wconf 90' lang='lat' dir='ltr'><strong>dixit,</strong></span> <span class='ocrx_word' id='word_1_690' title='bbox 2982 3009 3248 3078; x_wconf 88' lang='lat' dir='ltr'><strong>homines,</strong></span> <span class='ocrx_word' id='word_1_691' title='bbox 3267 3011 3383 3078; x_wconf 89' lang='lat' dir='ltr'><strong>sed,</strong></span> <span class='ocrx_word' id='word_1_692' title='bbox 3415 3011 3598 3069; x_wconf 85' lang='lat' dir='ltr'><strong>Omnes</strong></span> <span class='ocrx_word' id='word_1_693' title='bbox 3625 3015 3726 3068; x_wconf 76' lang='lat' dir='ltr'><strong>Ito-</strong></span> 
     </span>
    </p>
   </div>
   <div class='ocr_carea' id='block_1_92' title="bbox 2144 3095 3732 3175">
    <p class='ocr_par' dir='ltr' id='par_1_92' title="bbox 2144 3095 3732 3175">
     <span class='ocr_line' id='line_1_92' title="bbox 2144 3095 3732 3175; baseline 0.008 -26"><span class='ocrx_word' id='word_1_694' title='bbox 2144 3097 2321 3150; x_wconf 83' lang='lat' dir='ltr'><strong>mines.</strong></span> <span class='ocrx_word' id='word_1_695' title='bbox 2353 3095 2684 3165; x_wconf 90' lang='lat' dir='ltr'><strong>lmpossibile</strong></span> <span class='ocrx_word' id='word_1_696' title='bbox 2725 3100 2866 3154; x_wconf 89' lang='lat' dir='ltr'><strong>enim</strong></span> <span class='ocrx_word' id='word_1_697' title='bbox 2899 3111 3002 3166; x_wconf 90' lang='lat' dir='ltr'><strong>est,</strong></span> <span class='ocrx_word' id='word_1_698' title='bbox 3048 3111 3106 3156; x_wconf 90' lang='lat' dir='ltr'><strong>ut</strong></span> <span class='ocrx_word' id='word_1_699' title='bbox 3146 3103 3229 3156; x_wconf 91' lang='lat' dir='ltr'><strong>vir</strong></span> <span class='ocrx_word' id='word_1_700' title='bbox 3267 3104 3464 3172; x_wconf 84' lang='lat' dir='ltr'><strong>probus</strong></span> <span class='ocrx_word' id='word_1_701' title='bbox 3499 3106 3587 3173; x_wconf 87' lang='lat' dir='ltr'><strong>qui</strong></span> <span class='ocrx_word' id='word_1_702' title='bbox 3629 3121 3732 3175; x_wconf 90' lang='lat' dir='ltr'><strong>per</strong></span> 
     </span>
    </p>
   </div>
   <div class='ocr_carea' id='block_1_93' title="bbox 2143 3187 3731 3257">
    <p class='ocr_par' dir='ltr' id='par_1_93' title="bbox 2143 3187 3731 3257">
     <span class='ocr_line' id='line_1_93' title="bbox 2143 3187 3731 3257; baseline 0.006 -17"><span class='ocrx_word' id='word_1_703' title='bbox 2143 3194 2420 3256; x_wconf 85' lang='lat' dir='ltr'><strong>angustam</strong></span> <span class='ocrx_word' id='word_1_704' title='bbox 2447 3195 2504 3240; x_wconf 93' lang='lat' dir='ltr'><strong>et</strong></span> <span class='ocrx_word' id='word_1_705' title='bbox 2524 3195 2724 3242; x_wconf 88' lang='lat' dir='ltr'><strong>arctam</strong></span> <span class='ocrx_word' id='word_1_706' title='bbox 2753 3187 2966 3243; x_wconf 90' lang='lat' dir='ltr'><strong>virtutis</strong></span> <span class='ocrx_word' id='word_1_707' title='bbox 3008 3190 3151 3245; x_wconf 91' lang='lat' dir='ltr'><strong>viam</strong></span> <span class='ocrx_word' id='word_1_708' title='bbox 3185 3191 3440 3257; x_wconf 87' lang='lat' dir='ltr'><strong>ambulat,</strong></span> <span class='ocrx_word' id='word_1_709' title='bbox 3471 3202 3528 3249; x_wconf 90' lang='lat' dir='ltr'><strong>et</strong></span> <span class='ocrx_word' id='word_1_710' title='bbox 3566 3209 3731 3249; x_wconf 78' lang='lat' dir='ltr'><strong>man-</strong></span> 
     </span>
    </p>
   </div>
   <div class='ocr_carea' id='block_1_94' title="bbox 2141 3277 3726 3350">
    <p class='ocr_par' dir='ltr' id='par_1_94' title="bbox 2141 3277 3726 3350">
     <span class='ocr_line' id='line_1_94' title="bbox 2141 3277 3726 3350; baseline 0.006 -19"><span class='ocrx_word' id='word_1_711' title='bbox 2141 3277 2265 3331; x_wconf 89' lang='lat' dir='ltr'><strong>data</strong></span> <span class='ocrx_word' id='word_1_712' title='bbox 2293 3277 2535 3346; x_wconf 89' lang='lat' dir='ltr'><strong>sequitur</strong></span> <span class='ocrx_word' id='word_1_713' title='bbox 2560 3277 2777 3342; x_wconf 86' lang='lat' dir='ltr'><strong>Christi,</strong></span> <span class='ocrx_word' id='word_1_714' title='bbox 2808 3279 2876 3335; x_wconf 92' lang='lat' dir='ltr'><strong>ab</strong></span> <span class='ocrx_word' id='word_1_715' title='bbox 2898 3280 3146 3335; x_wconf 88' lang='lat' dir='ltr'><strong>omnibus</strong></span> <span class='ocrx_word' id='word_1_716' title='bbox 3172 3281 3438 3350; x_wconf 82' lang='lat' dir='ltr'><strong>laudetur,</strong></span> <span class='ocrx_word' id='word_1_717' title='bbox 3468 3292 3524 3339; x_wconf 94' lang='lat' dir='ltr'><strong>et</strong></span> <span class='ocrx_word' id='word_1_718' title='bbox 3547 3285 3726 3340; x_wconf 85' lang='lat' dir='ltr'><strong>admi-</strong></span> 
     </span>
    </p>
   </div>
   <div class='ocr_carea' id='block_1_95' title="bbox 2141 3368 3726 3445">
    <p class='ocr_par' dir='ltr' id='par_1_95' title="bbox 2141 3368 3726 3445">
     <span class='ocr_line' id='line_1_95' title="bbox 2141 3368 3726 3445; baseline 0.006 -23"><span class='ocrx_word' id='word_1_719' title='bbox 2141 3369 2331 3424; x_wconf 90' lang='lat' dir='ltr'><strong>rationi</strong></span> <span class='ocrx_word' id='word_1_720' title='bbox 2361 3368 2636 3424; x_wconf 85' lang='lat' dir='ltr'><strong>habeatur.</strong></span> <span class='ocrx_word' id='word_1_721' title='bbox 2664 3369 2758 3425; x_wconf 83' lang='lat' dir='ltr'><strong>Est</strong></span> <span class='ocrx_word' id='word_1_722' title='bbox 2782 3372 2926 3427; x_wconf 85' lang='lat' dir='ltr'><strong>enim</strong></span> <span class='ocrx_word' id='word_1_723' title='bbox 2954 3381 3010 3428; x_wconf 91' lang='lat' dir='ltr'><strong>et</strong></span> <span class='ocrx_word' id='word_1_724' title='bbox 3035 3373 3124 3427; x_wconf 89' lang='lat' dir='ltr'><strong>illa</strong></span> <span class='ocrx_word' id='word_1_725' title='bbox 3146 3374 3334 3444; x_wconf 88' lang='lat' dir='ltr'><strong>ingens</strong></span> <span class='ocrx_word' id='word_1_726' title='bbox 3359 3376 3579 3445; x_wconf 84' lang='lat' dir='ltr'><strong>malitia,</strong></span> <span class='ocrx_word' id='word_1_727' title='bbox 3609 3379 3726 3432; x_wconf 86' lang='lat' dir='ltr'><strong>vir-</strong></span> 
     </span>
    </p>
   </div>
   <div class='ocr_carea' id='block_1_96' title="bbox 2143 3459 3724 3538">
    <p class='ocr_par' dir='ltr' id='par_1_96' title="bbox 2143 3459 3724 3538">
     <span class='ocr_line' id='line_1_96' title="bbox 2143 3459 3724 3538; baseline 0.009 -26"><span class='ocrx_word' id='word_1_728' title='bbox 2143 3459 2241 3513; x_wconf 92' lang='lat' dir='ltr'><strong>tuti</strong></span> <span class='ocrx_word' id='word_1_729' title='bbox 2266 3459 2556 3515; x_wconf 86' lang='lat' dir='ltr'><strong>adversari.</strong></span> <span class='ocrx_word' id='word_1_730' title='bbox 2579 3461 2810 3518; x_wconf 88' lang='lat' dir='ltr'><strong>Proinde</strong></span> <span class='ocrx_word' id='word_1_731' title='bbox 2830 3463 3084 3520; x_wconf 91' lang='lat' dir='ltr'><strong>Dominus</strong></span> <span class='ocrx_word' id='word_1_732' title='bbox 3103 3469 3280 3521; x_wconf 89' lang='lat' dir='ltr'><strong>sciens</strong></span> <span class='ocrx_word' id='word_1_733' title='bbox 3301 3482 3405 3523; x_wconf 93' lang='lat' dir='ltr'><strong>non</strong></span> <span class='ocrx_word' id='word_1_734' title='bbox 3429 3483 3586 3538; x_wconf 83' lang='lat' dir='ltr'><strong>posse</strong></span> <span class='ocrx_word' id='word_1_735' title='bbox 3603 3470 3724 3526; x_wconf 85' lang='lat' dir='ltr'><strong>ﬁeri</strong></span> 
     </span>
    </p>
   </div>
   <div class='ocr_carea' id='block_1_97' title="bbox 2141 3549 3722 3628">
    <p class='ocr_par' dir='ltr' id='par_1_97' title="bbox 2141 3549 3722 3628">
     <span class='ocr_line' id='line_1_97' title="bbox 2141 3549 3722 3628; baseline 0.007 -24"><span class='ocrx_word' id='word_1_736' title='bbox 2141 3559 2198 3604; x_wconf 92' lang='lat' dir='ltr'><strong>ut</strong></span> <span class='ocrx_word' id='word_1_737' title='bbox 2225 3549 2270 3604; x_wconf 91' lang='lat' dir='ltr'><strong>is</strong></span> <span class='ocrx_word' id='word_1_738' title='bbox 2294 3549 2644 3620; x_wconf 90' lang='lat' dir='ltr'><strong>quivirtutem</strong></span> <span class='ocrx_word' id='word_1_739' title='bbox 2673 3552 2952 3623; x_wconf 83' lang='lat' dir='ltr'><strong>diligenter</strong></span> <span class='ocrx_word' id='word_1_740' title='bbox 2967 3565 3202 3622; x_wconf 81' lang='lat' dir='ltr'><strong>exercet,</strong></span> <span class='ocrx_word' id='word_1_741' title='bbox 3224 3557 3360 3612; x_wconf 88' lang='lat' dir='ltr'><strong>etab</strong></span> <span class='ocrx_word' id='word_1_742' title='bbox 3381 3559 3497 3628; x_wconf 87' lang='lat' dir='ltr'><strong>ipso</strong></span> <span class='ocrx_word' id='word_1_743' title='bbox 3517 3567 3722 3616; x_wconf 90' lang='lat' dir='ltr'><strong>tantum</strong></span> 
     </span>
    </p>
   </div>
   <div class='ocr_carea' id='block_1_98' title="bbox 2139 3639 3724 3713">
    <p class='ocr_par' dir='ltr' id='par_1_98' title="bbox 2139 3639 3724 3713">
     <span class='ocr_line' id='line_1_98' title="bbox 2139 3639 3724 3713; baseline 0.008 -19"><span class='ocrx_word' id='word_1_744' title='bbox 2139 3639 2348 3696; x_wconf 89' lang='lat' dir='ltr'><strong>laudem</strong></span> <span class='ocrx_word' id='word_1_745' title='bbox 2366 3650 2425 3696; x_wconf 90' lang='lat' dir='ltr'><strong>ut</strong></span> <span class='ocrx_word' id='word_1_746' title='bbox 2440 3643 2663 3713; x_wconf 87' lang='lat' dir='ltr'><strong>accipiat</strong></span> <span class='ocrx_word' id='word_1_747' title='bbox 2683 3646 3036 3713; x_wconf 74' lang='lat' dir='ltr'><strong>praestolatur,</strong></span> <span class='ocrx_word' id='word_1_748' title='bbox 3059 3647 3126 3700; x_wconf 93' lang='lat' dir='ltr'><strong>ab</strong></span> <span class='ocrx_word' id='word_1_749' title='bbox 3149 3648 3394 3710; x_wconf 63' lang='lat' dir='ltr'><strong>omnibus</strong></span> <span class='ocrx_word' id='word_1_750' title='bbox 3417 3650 3724 3708; x_wconf 78' lang='lat' dir='ltr'><strong>hominibus</strong></span> 
     </span>
    </p>
   </div>
   <div class='ocr_carea' id='block_1_99' title="bbox 2139 3731 3719 3813">
    <p class='ocr_par' dir='ltr' id='par_1_99' title="bbox 2139 3731 3719 3813">
     <span class='ocr_line' id='line_1_99' title="bbox 2139 3731 3719 3813; baseline 0.008 -28"><span class='ocrx_word' id='word_1_751' title='bbox 2139 3731 2400 3799; x_wconf 91' lang='lat' dir='ltr'><strong>laudetur,</strong></span> <span class='ocrx_word' id='word_1_752' title='bbox 2431 3741 2485 3788; x_wconf 91' lang='lat' dir='ltr'><strong>et</strong></span> <span class='ocrx_word' id='word_1_753' title='bbox 2513 3733 2650 3789; x_wconf 88' lang='lat' dir='ltr'><strong>bene</strong></span> <span class='ocrx_word' id='word_1_754' title='bbox 2676 3733 2874 3801; x_wconf 87' lang='lat' dir='ltr'><strong>audiat,</strong></span> <span class='ocrx_word' id='word_1_755' title='bbox 2917 3736 3036 3790; x_wconf 91' lang='lat' dir='ltr'><strong>ideo</strong></span> <span class='ocrx_word' id='word_1_756' title='bbox 3073 3739 3298 3794; x_wconf 90' lang='lat' dir='ltr'><strong>miseros</strong></span> <span class='ocrx_word' id='word_1_757' title='bbox 3325 3750 3482 3794; x_wconf 90' lang='lat' dir='ltr'><strong>vocat</strong></span> <span class='ocrx_word' id='word_1_758' title='bbox 3509 3756 3604 3796; x_wconf 85' lang='lat' dir='ltr'><strong>eos</strong></span> <span class='ocrx_word' id='word_1_759' title='bbox 3627 3744 3719 3813; x_wconf 91' lang='lat' dir='ltr'><strong>qui</strong></span> 
     </span>
    </p>
   </div>
   <div class='ocr_carea' id='block_1_100' title="bbox 2137 3823 3716 3903">
    <p class='ocr_par' dir='ltr' id='par_1_100' title="bbox 2137 3823 3716 3903">
     <span class='ocr_line' id='line_1_100' title="bbox 2137 3823 3716 3903; baseline 0.008 -27"><span class='ocrx_word' id='word_1_760' title='bbox 2137 3832 2354 3894; x_wconf 90' lang='lat' dir='ltr'><strong>propter</strong></span> <span class='ocrx_word' id='word_1_761' title='bbox 2397 3823 2680 3879; x_wconf 89' lang='lat' dir='ltr'><strong>humanam</strong></span> <span class='ocrx_word' id='word_1_762' title='bbox 2730 3826 2938 3882; x_wconf 90' lang='lat' dir='ltr'><strong>laudem</strong></span> <span class='ocrx_word' id='word_1_763' title='bbox 2968 3828 3218 3884; x_wconf 89' lang='lat' dir='ltr'><strong>virtutem</strong></span> <span class='ocrx_word' id='word_1_764' title='bbox 3261 3833 3552 3903; x_wconf 85' lang='lat' dir='ltr'><strong>negligunt.</strong></span> <span class='ocrx_word' id='word_1_765' title='bbox 3583 3834 3716 3893; x_wconf 77' lang='lat' dir='ltr'><strong>Nam</strong></span> 
     </span>
    </p>
   </div>
   <div class='ocr_carea' id='block_1_101' title="bbox 2135 3914 3716 3994">
    <p class='ocr_par' dir='ltr' id='par_1_101' title="bbox 2135 3914 3716 3994">
     <span class='ocr_line' id='line_1_101' title="bbox 2135 3914 3716 3994; baseline 0.007 -24"><span class='ocrx_word' id='word_1_766' title='bbox 2135 3914 2393 3970; x_wconf 88' lang='lat' dir='ltr'><strong>celebrari</strong></span> <span class='ocrx_word' id='word_1_767' title='bbox 2423 3915 2491 3969; x_wconf 90' lang='lat' dir='ltr'><strong>ab</strong></span> <span class='ocrx_word' id='word_1_768' title='bbox 2517 3917 2781 3982; x_wconf 91' lang='lat' dir='ltr'><strong>omnibus,</strong></span> <span class='ocrx_word' id='word_1_769' title='bbox 2813 3919 3100 3974; x_wconf 89' lang='lat' dir='ltr'><strong>maximum</strong></span> <span class='ocrx_word' id='word_1_770' title='bbox 3146 3921 3304 3978; x_wconf 89' lang='lat' dir='ltr'><strong>fuerit</strong></span> <span class='ocrx_word' id='word_1_771' title='bbox 3343 3934 3716 3994; x_wconf 86' lang='lat' dir='ltr'><strong>argumentum</strong></span> 
     </span>
    </p>
   </div>
   <div class='ocr_carea' id='block_1_102' title="bbox 2137 4006 3713 4082">
    <p class='ocr_par' dir='ltr' id='par_1_102' title="bbox 2137 4006 3713 4082">
     <span class='ocr_line' id='line_1_102' title="bbox 2137 4006 3713 4082; baseline 0.01 -25"><span class='ocrx_word' id='word_1_772' title='bbox 2137 4021 2240 4058; x_wconf 90' lang='lat' dir='ltr'><strong>non</strong></span> <span class='ocrx_word' id='word_1_773' title='bbox 2261 4020 2502 4076; x_wconf 87' lang='lat' dir='ltr'><strong>magnam</strong></span> <span class='ocrx_word' id='word_1_774' title='bbox 2526 4006 2707 4063; x_wconf 88' lang='lat' dir='ltr'><strong>haberi</strong></span> <span class='ocrx_word' id='word_1_775' title='bbox 2729 4009 2936 4065; x_wconf 87' lang='lat' dir='ltr'><strong>virtutis</strong></span> <span class='ocrx_word' id='word_1_776' title='bbox 2961 4012 3241 4068; x_wconf 91' lang='lat' dir='ltr'><strong>rationem.</strong></span> <span class='ocrx_word' id='word_1_777' title='bbox 3265 4015 3544 4082; x_wconf 87' lang='lat' dir='ltr'><strong>Quomodo</strong></span> <span class='ocrx_word' id='word_1_778' title='bbox 3569 4018 3713 4072; x_wconf 88' lang='lat' dir='ltr'><strong>enim</strong></span> 
     </span>
    </p>
   </div>
   <div class='ocr_carea' id='block_1_103' title="bbox 2135 4095 3712 4176">
    <p class='ocr_par' dir='ltr' id='par_1_103' title="bbox 2135 4095 3712 4176">
     <span class='ocr_line' id='line_1_103' title="bbox 2135 4095 3712 4176; baseline 0.008 -28"><span class='ocrx_word' id='word_1_779' title='bbox 2135 4095 2204 4149; x_wconf 89' lang='lat' dir='ltr'><strong>ab</strong></span> <span class='ocrx_word' id='word_1_780' title='bbox 2229 4096 2477 4150; x_wconf 88' lang='lat' dir='ltr'><strong>omnibus</strong></span> <span class='ocrx_word' id='word_1_781' title='bbox 2502 4096 2714 4166; x_wconf 89' lang='lat' dir='ltr'><strong>probari</strong></span> <span class='ocrx_word' id='word_1_782' title='bbox 2746 4100 2941 4169; x_wconf 91' lang='lat' dir='ltr'><strong>poterit</strong></span> <span class='ocrx_word' id='word_1_783' title='bbox 2965 4102 3046 4156; x_wconf 92' lang='lat' dir='ltr'><strong>vir</strong></span> <span class='ocrx_word' id='word_1_784' title='bbox 3069 4102 3261 4171; x_wconf 91' lang='lat' dir='ltr'><strong>bonus,</strong></span> <span class='ocrx_word' id='word_1_785' title='bbox 3290 4105 3336 4160; x_wconf 91' lang='lat' dir='ltr'><strong>si</strong></span> <span class='ocrx_word' id='word_1_786' title='bbox 3376 4106 3486 4160; x_wconf 90' lang='lat' dir='ltr'><strong>vult</strong></span> <span class='ocrx_word' id='word_1_787' title='bbox 3521 4107 3712 4176; x_wconf 87' lang='lat' dir='ltr'><strong>injuria</strong></span> 
     </span>
    </p>
   </div>
   <div class='ocr_carea' id='block_1_104' title="bbox 2133 4184 3707 4268">
    <p class='ocr_par' dir='ltr' id='par_1_104' title="bbox 2133 4184 3707 4268">
     <span class='ocr_line' id='line_1_104' title="bbox 2133 4184 3707 4268; baseline 0.01 -31"><span class='ocrx_word' id='word_1_788' title='bbox 2133 4184 2351 4240; x_wconf 84' lang='lat' dir='ltr'><strong>atl‘ectos</strong></span> <span class='ocrx_word' id='word_1_789' title='bbox 2379 4186 2587 4256; x_wconf 89' lang='lat' dir='ltr'><strong>eripere</strong></span> <span class='ocrx_word' id='word_1_790' title='bbox 2607 4188 2763 4244; x_wconf 89' lang='lat' dir='ltr'><strong>abiis</strong></span> <span class='ocrx_word' id='word_1_791' title='bbox 2785 4191 2872 4260; x_wconf 91' lang='lat' dir='ltr'><strong>qui</strong></span> <span class='ocrx_word' id='word_1_792' title='bbox 2901 4191 3090 4262; x_wconf 88' lang='lat' dir='ltr'><strong>injuria</strong></span> <span class='ocrx_word' id='word_1_793' title='bbox 3117 4192 3372 4263; x_wconf 80' lang='lat' dir='ltr'><strong>afﬁciunt,</strong></span> <span class='ocrx_word' id='word_1_794' title='bbox 3399 4205 3454 4252; x_wconf 92' lang='lat' dir='ltr'><strong>et</strong></span> <span class='ocrx_word' id='word_1_795' title='bbox 3483 4211 3580 4253; x_wconf 89' lang='lat' dir='ltr'><strong>eos</strong></span> <span class='ocrx_word' id='word_1_796' title='bbox 3617 4200 3707 4268; x_wconf 89' lang='lat' dir='ltr'><strong>qui</strong></span> 
     </span>
    </p>
   </div>
   <div class='ocr_carea' id='block_1_105' title="bbox 2135 4275 3713 4349">
    <p class='ocr_par' dir='ltr' id='par_1_105' title="bbox 2135 4275 3713 4349">
     <span class='ocr_line' id='line_1_105' title="bbox 2135 4275 3713 4349; baseline 0.011 -21"><span class='ocrx_word' id='word_1_797' title='bbox 2135 4285 2412 4341; x_wconf 79' lang='lat' dir='ltr'><strong>vexantur,</strong></span> <span class='ocrx_word' id='word_1_798' title='bbox 2443 4275 2599 4332; x_wconf 89' lang='lat' dir='ltr'><strong>abiis</strong></span> <span class='ocrx_word' id='word_1_799' title='bbox 2625 4279 2713 4349; x_wconf 93' lang='lat' dir='ltr'><strong>qui</strong></span> <span class='ocrx_word' id='word_1_800' title='bbox 2744 4280 2879 4334; x_wconf 87' lang='lat' dir='ltr'><strong>male</strong></span> <span class='ocrx_word' id='word_1_801' title='bbox 2916 4280 3152 4338; x_wconf 84' lang='lat' dir='ltr'><strong>faciunt?</strong></span> <span class='ocrx_word' id='word_1_802' title='bbox 3193 4285 3259 4340; x_wconf 86' lang='lat' dir='ltr'><strong>Et</strong></span> <span class='ocrx_word' id='word_1_803' title='bbox 3297 4286 3488 4342; x_wconf 89' lang='lat' dir='ltr'><strong>iterum</strong></span> <span class='ocrx_word' id='word_1_804' title='bbox 3528 4289 3573 4342; x_wconf 91' lang='lat' dir='ltr'><strong>si</strong></span> <span class='ocrx_word' id='word_1_805' title='bbox 3602 4289 3713 4346; x_wconf 86' lang='lat' dir='ltr'><strong>vult</strong></span> 
     </span>
    </p>
   </div>
   <div class='ocr_carea' id='block_1_106' title="bbox 2133 4365 3714 4450">
    <p class='ocr_par' dir='ltr' id='par_1_106' title="bbox 2133 4365 3714 4450">
     <span class='ocr_line' id='line_1_106' title="bbox 2133 4365 3714 4450; baseline 0.013 -32"><span class='ocrx_word' id='word_1_806' title='bbox 2133 4365 2401 4434; x_wconf 86' lang='lat' dir='ltr'><strong>corrigere</strong></span> <span class='ocrx_word' id='word_1_807' title='bbox 2426 4378 2726 4437; x_wconf 87' lang='lat' dir='ltr'><strong>peccantes,</strong></span> <span class='ocrx_word' id='word_1_808' title='bbox 2753 4381 2807 4426; x_wconf 91' lang='lat' dir='ltr'><strong>et</strong></span> <span class='ocrx_word' id='word_1_809' title='bbox 2832 4373 3050 4430; x_wconf 88' lang='lat' dir='ltr'><strong>laudare</strong></span> <span class='ocrx_word' id='word_1_810' title='bbox 3074 4376 3210 4432; x_wconf 89' lang='lat' dir='ltr'><strong>bene</strong></span> <span class='ocrx_word' id='word_1_811' title='bbox 3246 4389 3486 4450; x_wconf 86' lang='lat' dir='ltr'><strong>agentes,</strong></span> <span class='ocrx_word' id='word_1_812' title='bbox 3532 4395 3714 4438; x_wconf 77' lang='lat' dir='ltr'><strong>nonne</strong></span> 
     </span>
    </p>
   </div>
   <div class='ocr_carea' id='block_1_107' title="bbox 2132 4454 3715 4537">
    <p class='ocr_par' dir='ltr' id='par_1_107' title="bbox 2132 4454 3715 4537">
     <span class='ocr_line' id='line_1_107' title="bbox 2132 4454 3715 4537; baseline 0.013 -30"><span class='ocrx_word' id='word_1_813' title='bbox 2132 4454 2419 4511; x_wconf 86' lang='lat' dir='ltr'><strong>verisimile</strong></span> <span class='ocrx_word' id='word_1_814' title='bbox 2451 4467 2553 4525; x_wconf 91' lang='lat' dir='ltr'><strong>est,</strong></span> <span class='ocrx_word' id='word_1_815' title='bbox 2580 4474 2702 4514; x_wconf 85' lang='lat' dir='ltr'><strong>eum</strong></span> <span class='ocrx_word' id='word_1_816' title='bbox 2741 4459 2811 4515; x_wconf 90' lang='lat' dir='ltr'><strong>ab</strong></span> <span class='ocrx_word' id='word_1_817' title='bbox 2838 4461 2956 4517; x_wconf 89' lang='lat' dir='ltr'><strong>aliis</strong></span> <span class='ocrx_word' id='word_1_818' title='bbox 2998 4464 3343 4537; x_wconf 88' lang='lat' dir='ltr'><strong>laudandum,</strong></span> <span class='ocrx_word' id='word_1_819' title='bbox 3377 4468 3448 4526; x_wconf 90' lang='lat' dir='ltr'><strong>ab</strong></span> <span class='ocrx_word' id='word_1_820' title='bbox 3486 4471 3604 4527; x_wconf 89' lang='lat' dir='ltr'><strong>aliis</strong></span> <span class='ocrx_word' id='word_1_821' title='bbox 3632 4472 3715 4528; x_wconf 83' lang='lat' dir='ltr'><strong>vi-</strong></span> 
     </span>
    </p>
   </div>
   <div class='ocr_carea' id='block_1_108' title="bbox 2129 4548 3706 4625">
    <p class='ocr_par' dir='ltr' id='par_1_108' title="bbox 2129 4548 3706 4625">
     <span class='ocr_line' id='line_1_108' title="bbox 2129 4548 3706 4625; baseline 0.003 -23"><span class='ocrx_word' id='word_1_822' title='bbox 2129 4548 2490 4618; x_wconf 89' lang='lat' dir='ltr'><strong>tuperandum</strong></span> <span class='ocrx_word' id='word_1_823' title='bbox 2515 4552 2661 4606; x_wconf 85' lang='lat' dir='ltr'><strong>esse?</strong></span> <span class='ocrx_word' id='word_1_824' title='bbox 2677 4551 2962 4619; x_wconf 86' lang='lat' dir='ltr'><strong>Propterea</strong></span> <span class='ocrx_word' id='word_1_825' title='bbox 2987 4563 3178 4621; x_wconf 83' lang='lat' dir='ltr'><strong>tnqutt:</strong></span> <span class='ocrx_word' id='word_1_826' title='bbox 3203 4557 3287 4608; x_wconf 77' lang='lat' dir='ltr'><strong>Va:</strong></span> <span class='ocrx_word' id='word_1_827' title='bbox 3308 4558 3469 4621; x_wconf 83' lang='lat' dir='ltr'><strong>vobis,</strong></span> <span class='ocrx_word' id='word_1_828' title='bbox 3491 4554 3706 4625; x_wconf 83' lang='lat' dir='ltr'><strong>quando</strong></span> 
     </span>
    </p>
   </div>
   <div class='ocr_carea' id='block_1_109' title="bbox 2124 4637 3702 4712">
    <p class='ocr_par' dir='ltr' id='par_1_109' title="bbox 2124 4637 3702 4712">
     <span class='ocr_line' id='line_1_109' title="bbox 2124 4637 3702 4712; baseline 0.003 -17"><span class='ocrx_word' id='word_1_829' title='bbox 2124 4639 2266 4694; x_wconf 78' lang='lat' dir='ltr'><strong>vobis</strong></span> <span class='ocrx_word' id='word_1_830' title='bbox 2289 4637 2643 4692; x_wconf 78' lang='lat' dir='ltr'><strong>benedixerint</strong></span> <span class='ocrx_word' id='word_1_831' title='bbox 2656 4654 2833 4693; x_wconf 86' lang='lat' dir='ltr'><strong>omnes</strong></span> <span class='ocrx_word' id='word_1_832' title='bbox 2847 4640 3101 4694; x_wconf 83' lang='lat' dir='ltr'><strong>homines.</strong></span> <span class='ocrx_word' id='word_1_833' title='bbox 3118 4641 3404 4707; x_wconf 86' lang='lat' dir='ltr'><strong>Quomodo</strong></span> <span class='ocrx_word' id='word_1_834' title='bbox 3416 4644 3578 4712; x_wconf 89' lang='lat' dir='ltr'><strong>igitur</strong></span> <span class='ocrx_word' id='word_1_835' title='bbox 3591 4661 3702 4700; x_wconf 91' lang='lat' dir='ltr'><strong>non</strong></span> 
     </span>
    </p>
   </div>
   <div class='ocr_carea' id='block_1_110' title="bbox 2124 4730 3699 4804">
    <p class='ocr_par' dir='ltr' id='par_1_110' title="bbox 2124 4730 3699 4804">
     <span class='ocr_line' id='line_1_110' title="bbox 2124 4730 3699 4804; baseline 0.002 -18"><span class='ocrx_word' id='word_1_836' title='bbox 2124 4730 2227 4786; x_wconf 88' lang='lat' dir='ltr'><strong>erit</strong></span> <span class='ocrx_word' id='word_1_837' title='bbox 2255 4730 2617 4785; x_wconf 85' lang='lat' dir='ltr'><strong>admiratione</strong></span> <span class='ocrx_word' id='word_1_838' title='bbox 2648 4742 2703 4786; x_wconf 90' lang='lat' dir='ltr'><strong>et</strong></span> <span class='ocrx_word' id='word_1_839' title='bbox 2733 4732 2894 4786; x_wconf 88' lang='lat' dir='ltr'><strong>laude</strong></span> <span class='ocrx_word' id='word_1_840' title='bbox 2919 4733 3118 4804; x_wconf 91' lang='lat' dir='ltr'><strong>dignus</strong></span> <span class='ocrx_word' id='word_1_841' title='bbox 3145 4734 3327 4803; x_wconf 88' lang='lat' dir='ltr'><strong>justus</strong></span> <span class='ocrx_word' id='word_1_842' title='bbox 3352 4736 3473 4799; x_wconf 90' lang='lat' dir='ltr'><strong>iste,</strong></span> <span class='ocrx_word' id='word_1_843' title='bbox 3519 4737 3612 4803; x_wconf 89' lang='lat' dir='ltr'><strong>qui</strong></span> <span class='ocrx_word' id='word_1_844' title='bbox 3636 4752 3699 4790; x_wconf 89' lang='lat' dir='ltr'><strong>ea</strong></span> 
     </span>
    </p>
   </div>
   <div class='ocr_carea' id='block_1_111' title="bbox 2124 4821 3704 4894">
    <p class='ocr_par' dir='ltr' id='par_1_111' title="bbox 2124 4821 3704 4894">
     <span class='ocr_line' id='line_1_111' title="bbox 2124 4821 3704 4894; baseline 0.001 -18"><span class='ocrx_word' id='word_1_845' title='bbox 2124 4837 2246 4891; x_wconf 70' lang='lat' dir='ltr'><strong>qua:</strong></span> <span class='ocrx_word' id='word_1_846' title='bbox 2263 4821 2518 4876; x_wconf 87' lang='lat' dir='ltr'><strong>Christus</strong></span> <span class='ocrx_word' id='word_1_847' title='bbox 2543 4822 2838 4877; x_wconf 89' lang='lat' dir='ltr'><strong>adveniens</strong></span> <span class='ocrx_word' id='word_1_848' title='bbox 2863 4822 3070 4887; x_wconf 82' lang='lat' dir='ltr'><strong>docuit,</strong></span> <span class='ocrx_word' id='word_1_849' title='bbox 3099 4825 3251 4892; x_wconf 90' lang='lat' dir='ltr'><strong>prius</strong></span> <span class='ocrx_word' id='word_1_850' title='bbox 3278 4825 3390 4893; x_wconf 89' lang='lat' dir='ltr'><strong>ipse</strong></span> <span class='ocrx_word' id='word_1_851' title='bbox 3414 4839 3444 4878; x_wconf 91' lang='lat' dir='ltr'><strong>a</strong></span> <span class='ocrx_word' id='word_1_852' title='bbox 3465 4825 3582 4894; x_wconf 91' lang='lat' dir='ltr'><strong>lege</strong></span> <span class='ocrx_word' id='word_1_853' title='bbox 3603 4840 3704 4878; x_wconf 87' lang='lat' dir='ltr'><strong>na-</strong></span> 
     </span>
    </p>
   </div>
   <div class='ocr_carea' id='block_1_112' title="bbox 2127 4911 3742 4984">
    <p class='ocr_par' dir='ltr' id='par_1_112' title="bbox 2127 4911 3742 4984">
     <span class='ocr_line' id='line_1_112' title="bbox 2127 4911 3742 4984; baseline 0.002 -19"><span class='ocrx_word' id='word_1_854' title='bbox 2127 4919 2262 4966; x_wconf 83' lang='lat' dir='ltr'><strong>turae</strong></span> <span class='ocrx_word' id='word_1_855' title='bbox 2279 4911 2526 4976; x_wconf 89' lang='lat' dir='ltr'><strong>edoctus,</strong></span> <span class='ocrx_word' id='word_1_856' title='bbox 2548 4912 2885 4968; x_wconf 86' lang='lat' dir='ltr'><strong>deditissitna</strong></span> <span class='ocrx_word' id='word_1_857' title='bbox 2909 4929 3071 4983; x_wconf 89' lang='lat' dir='ltr'><strong>opera</strong></span> <span class='ocrx_word' id='word_1_858' title='bbox 3098 4915 3433 4984; x_wconf 87' lang='lat' dir='ltr'><strong>adimplevit,</strong></span> <span class='ocrx_word' id='word_1_859' title='bbox 3459 4915 3704 4969; x_wconf 83' lang='lat' dir='ltr'><strong>laudem-</strong></span> <span class='ocrx_word' id='word_1_860' title='bbox 3739 4939 3742 4941; x_wconf 54' lang='grc' dir='ltr'>λ</span> 
     </span>
    </p>
   </div>
   <div class='ocr_carea' id='block_1_113' title="bbox 2123 5000 3704 5076">
    <p class='ocr_par' dir='ltr' id='par_1_113' title="bbox 2123 5000 3704 5076">
     <span class='ocr_line' id='line_1_113' title="bbox 2123 5000 3704 5076; baseline 0.003 -20"><span class='ocrx_word' id='word_1_861' title='bbox 2123 5016 2231 5071; x_wconf 88' lang='lat' dir='ltr'><strong>que</strong></span> <span class='ocrx_word' id='word_1_862' title='bbox 2254 5000 2550 5056; x_wconf 88' lang='lat' dir='ltr'><strong>humanam</strong></span> <span class='ocrx_word' id='word_1_863' title='bbox 2570 5005 3228 5074; x_wconf 87' lang='lat' dir='ltr'><strong>contemnendo,gratiam</strong></span> <span class='ocrx_word' id='word_1_864' title='bbox 3253 5005 3396 5076; x_wconf 88' lang='lat' dir='ltr'><strong>apud</strong></span> <span class='ocrx_word' id='word_1_865' title='bbox 3411 5005 3580 5060; x_wconf 87' lang='lat' dir='ltr'><strong>Deum</strong></span> <span class='ocrx_word' id='word_1_866' title='bbox 3605 5020 3704 5076; x_wconf 90' lang='lat' dir='ltr'><strong>per</strong></span> 
     </span>
    </p>
   </div>
   <div class='ocr_carea' id='block_1_114' title="bbox 2123 5092 3703 5168">
    <p class='ocr_par' dir='ltr' id='par_1_114' title="bbox 2123 5092 3703 5168">
     <span class='ocr_line' id='line_1_114' title="bbox 2123 5092 3703 5168; baseline 0.003 -22"><span class='ocrx_word' id='word_1_867' title='bbox 2123 5092 2380 5146; x_wconf 89' lang='lat' dir='ltr'><strong>virtutem</strong></span> <span class='ocrx_word' id='word_1_868' title='bbox 2410 5092 2654 5149; x_wconf 89' lang='lat' dir='ltr'><strong>invenire</strong></span> <span class='ocrx_word' id='word_1_869' title='bbox 2684 5095 2928 5150; x_wconf 80' lang='lat' dir='ltr'><strong>studuit?</strong></span> <span class='ocrx_word' id='word_1_870' title='bbox 2955 5094 3070 5149; x_wconf 87' lang='lat' dir='ltr'><strong>Noe</strong></span> <span class='ocrx_word' id='word_1_871' title='bbox 3091 5095 3259 5164; x_wconf 91' lang='lat' dir='ltr'><strong>enim,</strong></span> <span class='ocrx_word' id='word_1_872' title='bbox 3286 5097 3483 5168; x_wconf 89' lang='lat' dir='ltr'><strong>inquit,</strong></span> <span class='ocrx_word' id='word_1_873' title='bbox 3505 5098 3703 5153; x_wconf 76' lang='lat' dir='ltr'><strong>invenit</strong></span> 
     </span>
    </p>
   </div>
   <div class='ocr_carea' id='block_1_115' title="bbox 2125 5185 3707 5260">
    <p class='ocr_par' dir='ltr' id='par_1_115' title="bbox 2125 5185 3707 5260">
     <span class='ocr_line' id='line_1_115' title="bbox 2125 5185 3707 5260; baseline 0.006 -23"><span class='ocrx_word' id='word_1_874' title='bbox 2125 5186 2354 5255; x_wconf 86' lang='lat' dir='ltr'><strong>gratiam</strong></span> <span class='ocrx_word' id='word_1_875' title='bbox 2373 5200 2554 5239; x_wconf 87' lang='lat' dir='ltr'><strong>coram</strong></span> <span class='ocrx_word' id='word_1_876' title='bbox 2581 5185 2800 5240; x_wconf 86' lang='lat' dir='ltr'><strong>Domino</strong></span> <span class='ocrx_word' id='word_1_877' title='bbox 2826 5186 2951 5241; x_wconf 87' lang='lat' dir='ltr'><strong>Deo.</strong></span> <span class='ocrx_word' id='word_1_878' title='bbox 2983 5187 3249 5243; x_wconf 81' lang='lat' dir='ltr'><strong>Caeterum</strong></span> <span class='ocrx_word' id='word_1_879' title='bbox 3272 5190 3451 5258; x_wconf 90' lang='lat' dir='ltr'><strong>ipsum</strong></span> <span class='ocrx_word' id='word_1_880' title='bbox 3482 5199 3707 5260; x_wconf 82' lang='lat' dir='ltr'><strong>propter</strong></span> 
     </span>
    </p>
   </div>
   <div class='ocr_carea' id='block_1_116' title="bbox 2125 5277 3704 5350">
    <p class='ocr_par' dir='ltr' id='par_1_116' title="bbox 2125 5277 3704 5350">
     <span class='ocr_line' id='line_1_116' title="bbox 2125 5277 3704 5350; baseline 0.003 -18"><span class='ocrx_word' id='word_1_881' title='bbox 2125 5278 2354 5332; x_wconf 89' lang='lat' dir='ltr'><strong>virtutes</strong></span> <span class='ocrx_word' id='word_1_882' title='bbox 2382 5291 2521 5348; x_wconf 89' lang='lat' dir='ltr'><strong>quas</strong></span> <span class='ocrx_word' id='word_1_883' title='bbox 2561 5277 2789 5333; x_wconf 89' lang='lat' dir='ltr'><strong>habebat</strong></span> <span class='ocrx_word' id='word_1_884' title='bbox 2827 5277 3103 5335; x_wconf 83' lang='lat' dir='ltr'><strong>invenisse</strong></span> <span class='ocrx_word' id='word_1_885' title='bbox 3126 5280 3358 5350; x_wconf 88' lang='lat' dir='ltr'><strong>gratiam</strong></span> <span class='ocrx_word' id='word_1_886' title='bbox 3387 5295 3576 5336; x_wconf 88' lang='lat' dir='ltr'><strong>coram</strong></span> <span class='ocrx_word' id='word_1_887' title='bbox 3596 5280 3704 5336; x_wconf 85' lang='lat' dir='ltr'><strong>Do-</strong></span> 
     </span>
    </p>
   </div>
   <div class='ocr_carea' id='block_1_117' title="bbox 2126 5367 3700 5442">
    <p class='ocr_par' dir='ltr' id='par_1_117' title="bbox 2126 5367 3700 5442">
     <span class='ocr_line' id='line_1_117' title="bbox 2126 5367 3700 5442; baseline 0.001 -20"><span class='ocrx_word' id='word_1_888' title='bbox 2126 5369 2276 5422; x_wconf 92' lang='lat' dir='ltr'><strong>mino</strong></span> <span class='ocrx_word' id='word_1_889' title='bbox 2316 5367 2450 5435; x_wconf 91' lang='lat' dir='ltr'><strong>Deo,</strong></span> <span class='ocrx_word' id='word_1_890' title='bbox 2482 5369 2722 5423; x_wconf 84' lang='lat' dir='ltr'><strong>narravit</strong></span> <span class='ocrx_word' id='word_1_891' title='bbox 2755 5368 2912 5423; x_wconf 88' lang='lat' dir='ltr'><strong>nobis</strong></span> <span class='ocrx_word' id='word_1_892' title='bbox 2941 5369 3286 5426; x_wconf 87' lang='lat' dir='ltr'><strong>admirabilis</strong></span> <span class='ocrx_word' id='word_1_893' title='bbox 3317 5371 3410 5426; x_wconf 89' lang='lat' dir='ltr'><strong>ille</strong></span> <span class='ocrx_word' id='word_1_894' title='bbox 3435 5371 3700 5442; x_wconf 86' lang='lat' dir='ltr'><strong>propheta</strong></span> 
     </span>
    </p>
   </div>
   <div class='ocr_carea' id='block_1_118' title="bbox 2126 5458 3701 5532">
    <p class='ocr_par' dir='ltr' id='par_1_118' title="bbox 2126 5458 3701 5532">
     <span class='ocr_line' id='line_1_118' title="bbox 2126 5458 3701 5532; baseline 0.002 -19"><span class='ocrx_word' id='word_1_895' title='bbox 2126 5459 2332 5529; x_wconf 86' lang='lat' dir='ltr'><strong>Spiritu</strong></span> <span class='ocrx_word' id='word_1_896' title='bbox 2359 5469 2548 5514; x_wconf 89' lang='lat' dir='ltr'><strong>sancto</strong></span> <span class='ocrx_word' id='word_1_897' title='bbox 2573 5458 2785 5514; x_wconf 84' lang='lat' dir='ltr'><strong>aﬂlatus</strong></span> <span class='ocrx_word' id='word_1_898' title='bbox 2819 5475 2832 5512; x_wconf 90' lang='lat'><strong>:</strong></span> <span class='ocrx_word' id='word_1_899' title='bbox 2866 5474 3044 5528; x_wconf 80' lang='lat' dir='ltr'><strong>operae</strong></span> <span class='ocrx_word' id='word_1_900' title='bbox 3075 5462 3309 5530; x_wconf 91' lang='lat' dir='ltr'><strong>pretium</strong></span> <span class='ocrx_word' id='word_1_901' title='bbox 3346 5461 3531 5532; x_wconf 90' lang='lat' dir='ltr'><strong>itaque</strong></span> <span class='ocrx_word' id='word_1_902' title='bbox 3563 5469 3701 5516; x_wconf 91' lang='lat' dir='ltr'><strong>utet</strong></span> 
     </span>
    </p>
   </div>
   <div class='ocr_carea' id='block_1_119' title="bbox 2125 5551 3700 5622">
    <p class='ocr_par' dir='ltr' id='par_1_119' title="bbox 2125 5551 3700 5622">
     <span class='ocr_line' id='line_1_119' title="bbox 2125 5551 3700 5622; baseline -0.002 -14"><span class='ocrx_word' id='word_1_903' title='bbox 2125 5551 2406 5621; x_wconf 74' lang='lat' dir='ltr'><strong>aequentia</strong></span> <span class='ocrx_word' id='word_1_904' title='bbox 2434 5552 2729 5616; x_wconf 88' lang='lat' dir='ltr'><strong>discamus,</strong></span> <span class='ocrx_word' id='word_1_905' title='bbox 2754 5558 2810 5606; x_wconf 89' lang='lat' dir='ltr'><strong>et</strong></span> <span class='ocrx_word' id='word_1_906' title='bbox 2833 5551 3117 5606; x_wconf 87' lang='lat' dir='ltr'><strong>videamus</strong></span> <span class='ocrx_word' id='word_1_907' title='bbox 3139 5552 3270 5622; x_wconf 89' lang='lat' dir='ltr'><strong>quid</strong></span> <span class='ocrx_word' id='word_1_908' title='bbox 3296 5552 3364 5608; x_wconf 90' lang='lat' dir='ltr'><strong>de</strong></span> <span class='ocrx_word' id='word_1_909' title='bbox 3387 5553 3481 5606; x_wconf 89' lang='lat' dir='ltr'><strong>illo</strong></span> <span class='ocrx_word' id='word_1_910' title='bbox 3503 5551 3700 5608; x_wconf 84' lang='lat' dir='ltr'><strong>sentiat</strong></span> 
     </span>
    </p>
   </div>
   <div class='ocr_carea' id='block_1_120' title="bbox 2126 5641 3699 5716">
    <p class='ocr_par' dir='ltr' id='par_1_120' title="bbox 2126 5641 3699 5716">
     <span class='ocr_line' id='line_1_120' title="bbox 2126 5641 3699 5716; baseline -0.001 -20"><span class='ocrx_word' id='word_1_911' title='bbox 2126 5642 2290 5698; x_wconf 87' lang='lat' dir='ltr'><strong>Deus.</strong></span> <span class='ocrx_word' id='word_1_912' title='bbox 2325 5643 2379 5698; x_wconf 89' lang='lat'><strong>9.</strong></span> <span class='ocrx_word' id='word_1_913' title='bbox 2419 5641 2518 5696; x_wconf 77' lang='lat' dir='ltr'><strong>Ila:</strong></span> <span class='ocrx_word' id='word_1_914' title='bbox 2539 5652 2734 5709; x_wconf 86' lang='lat' dir='ltr'><strong>autem,</strong></span> <span class='ocrx_word' id='word_1_915' title='bbox 2761 5643 2959 5715; x_wconf 90' lang='lat' dir='ltr'><strong>inquit,</strong></span> <span class='ocrx_word' id='word_1_916' title='bbox 2989 5657 3110 5700; x_wconf 81' lang='lat' dir='ltr'><strong>sunt</strong></span> <span class='ocrx_word' id='word_1_917' title='bbox 3133 5646 3496 5716; x_wconf 83' lang='lat' dir='ltr'><strong>generationes</strong></span> <span class='ocrx_word' id='word_1_918' title='bbox 3532 5643 3647 5698; x_wconf 80' lang='lat' dir='ltr'><strong>Noe</strong></span> <span class='ocrx_word' id='word_1_919' title='bbox 3682 5659 3699 5696; x_wconf 89' lang='lat'><strong><em>:</em></strong></span> 
     </span>
    </p>
   </div>
   <div class='ocr_carea' id='block_1_121' title="bbox 2130 5733 3700 5810">
    <p class='ocr_par' dir='ltr' id='par_1_121' title="bbox 2130 5733 3700 5810">
     <span class='ocr_line' id='line_1_121' title="bbox 2130 5733 3700 5810; baseline 0 -22"><span class='ocrx_word' id='word_1_920' title='bbox 2130 5733 2245 5789; x_wconf 81' lang='lat' dir='ltr'><strong>Noe</strong></span> <span class='ocrx_word' id='word_1_921' title='bbox 2271 5735 2421 5789; x_wconf 83' lang='lat' dir='ltr'><strong>homo</strong></span> <span class='ocrx_word' id='word_1_922' title='bbox 2448 5735 2637 5798; x_wconf 74' lang='lat' dir='ltr'><strong>iustus,</strong></span> <span class='ocrx_word' id='word_1_923' title='bbox 2667 5735 2930 5806; x_wconf 71' lang='lat' dir='ltr'><strong>perfectus</strong></span> <span class='ocrx_word' id='word_1_924' title='bbox 2963 5738 3022 5808; x_wconf 75' lang='lat' dir='ltr'><strong>in</strong></span> <span class='ocrx_word' id='word_1_925' title='bbox 3061 5741 3393 5810; x_wconf 78' lang='lat' dir='ltr'><strong>generatione</strong></span> <span class='ocrx_word' id='word_1_926' title='bbox 3419 5753 3516 5792; x_wconf 83' lang='lat' dir='ltr'><strong>sua</strong></span> <span class='ocrx_word' id='word_1_927' title='bbox 3541 5752 3562 5799; x_wconf 80' lang='lat'><strong>,&#39;</strong></span> <span class='ocrx_word' id='word_1_928' title='bbox 3593 5733 3700 5788; x_wconf 73' lang='lat' dir='ltr'><strong>Deo</strong></span> 
     </span>
    </p>
   </div>
  </div>
