  <div class='ocr_page' id='page_1' title='image "/cluster/home/n/w/nwhite01/storage/ocr_20150623/53/hvd.32044054086673/198.png"; bbox 0 0 4102 6204; ppageno 0'>
   <div class='ocr_carea' id='block_1_1' title="bbox 319 167 424 227">
    <p class='ocr_par' dir='ltr' id='par_1_1' title="bbox 319 167 424 227">
     <span class='ocr_line' id='line_1_1' title="bbox 319 167 424 227; baseline 0.038 -4"><span class='ocrx_word' id='word_1_1' title='bbox 319 167 344 223; x_wconf 75' lang='grc'><strong>1</strong></span> <span class='ocrx_word' id='word_1_2' title='bbox 355 171 424 227; x_wconf 77' lang='lat'>99</span> 
     </span>
    </p>
   </div>
   <div class='ocr_carea' id='block_1_2' title="bbox 317 276 1986 363">
    <p class='ocr_par' dir='ltr' id='par_1_2' title="bbox 317 276 1986 363">
     <span class='ocr_line' id='line_1_2' title="bbox 317 276 1986 363; baseline 0.008 -29"><span class='ocrx_word' id='word_1_3' title='bbox 317 281 523 348; x_wconf 85' lang='grc' dir='ltr'>δίκαιος</span> <span class='ocrx_word' id='word_1_4' title='bbox 543 276 696 349; x_wconf 71' lang='lat'><em>06:0;</em></span> <span class='ocrx_word' id='word_1_5' title='bbox 731 286 830 357; x_wconf 81' lang='grc' dir='ltr'>οὐχ</span> <span class='ocrx_word' id='word_1_6' title='bbox 847 286 1041 352; x_wconf 79' lang='grc' dir='ltr'>οὕτως.</span> <span class='ocrx_word' id='word_1_7' title='bbox 1087 289 1162 341; x_wconf 87' lang='grc' dir='ltr'>Ού</span> <span class='ocrx_word' id='word_1_8' title='bbox 1197 288 1358 359; x_wconf 89' lang='grc' dir='ltr'>μόνον</span> <span class='ocrx_word' id='word_1_9' title='bbox 1398 291 1506 363; x_wconf 87' lang='grc' dir='ltr'>γάρ</span> <span class='ocrx_word' id='word_1_10' title='bbox 1524 292 1658 346; x_wconf 99' lang='grc' dir='ltr'>δέκα</span> <span class='ocrx_word' id='word_1_11' title='bbox 1694 296 1787 347; x_wconf 64' lang='grc' dir='ltr'>καῖ⁵</span> <span class='ocrx_word' id='word_1_12' title='bbox 1814 295 1986 349; x_wconf 72' lang='grc' dir='ltr'>εἴκοσι</span> 
     </span>
    </p>
   </div>
   <div class='ocr_carea' id='block_1_3' title="bbox 319 372 1987 451">
    <p class='ocr_par' dir='ltr' id='par_1_3' title="bbox 319 372 1987 451">
     <span class='ocr_line' id='line_1_3' title="bbox 319 372 1987 451; baseline 0.008 -29"><span class='ocrx_word' id='word_1_13' title='bbox 319 372 414 424; x_wconf 79' lang='grc' dir='ltr'>καί</span> <span class='ocrx_word' id='word_1_14' title='bbox 442 373 636 426; x_wconf 82' lang='grc' dir='ltr'>ἑκατὸν</span> <span class='ocrx_word' id='word_1_15' title='bbox 664 373 984 445; x_wconf 85' lang='grc' dir='ltr'>ἀνθρώπων,</span> <span class='ocrx_word' id='word_1_16' title='bbox 1025 375 1162 428; x_wconf 86' lang='grc' dir='ltr'>ἀλλά</span> <span class='ocrx_word' id='word_1_17' title='bbox 1188 377 1282 428; x_wconf 85' lang='grc' dir='ltr'>καὶ</span> <span class='ocrx_word' id='word_1_18' title='bbox 1305 375 1486 447; x_wconf 81' lang='grc' dir='ltr'>πάσης</span> <span class='ocrx_word' id='word_1_19' title='bbox 1509 379 1609 449; x_wconf 83' lang='grc' dir='ltr'>τῆς</span> <span class='ocrx_word' id='word_1_20' title='bbox 1635 381 1744 434; x_wconf 89' lang='grc' dir='ltr'>τῶν</span> <span class='ocrx_word' id='word_1_21' title='bbox 1775 380 1987 451; x_wconf 78' lang='grc' dir='ltr'>ἀνθρώ-</span> 
     </span>
    </p>
   </div>
   <div class='ocr_carea' id='block_1_4' title="bbox 320 456 1986 536">
    <p class='ocr_par' dir='ltr' id='par_1_4' title="bbox 320 456 1986 536">
     <span class='ocr_line' id='line_1_4' title="bbox 320 456 1986 536; baseline 0.01 -29"><span class='ocrx_word' id='word_1_22' title='bbox 320 472 437 509; x_wconf 87' lang='grc' dir='ltr'>πων</span> <span class='ocrx_word' id='word_1_23' title='bbox 465 456 699 525; x_wconf 87' lang='grc' dir='ltr'>φύσεως,</span> <span class='ocrx_word' id='word_1_24' title='bbox 733 461 828 514; x_wconf 74' lang='grc' dir='ltr'>καὶ</span> <span class='ocrx_word' id='word_1_25' title='bbox 858 461 1132 532; x_wconf 82' lang='grc' dir='ltr'>μυριάδων</span> <span class='ocrx_word' id='word_1_26' title='bbox 1160 462 1433 516; x_wconf 81' lang='grc' dir='ltr'>τοσούτων</span> <span class='ocrx_word' id='word_1_27' title='bbox 1485 464 1786 536; x_wconf 84' lang='grc' dir='ltr'>ὑπερεῖδεν.</span> <span class='ocrx_word' id='word_1_28' title='bbox 1826 467 1986 531; x_wconf 74' lang='grc' dir='ltr'>Εἰκὸς</span> 
     </span>
    </p>
   </div>
   <div class='ocr_carea' id='block_1_5' title="bbox 319 541 1984 623">
    <p class='ocr_par' dir='ltr' id='par_1_5' title="bbox 319 541 1984 623">
     <span class='ocr_line' id='line_1_5' title="bbox 319 541 1984 623; baseline 0.008 -29"><span class='ocrx_word' id='word_1_29' title='bbox 319 541 428 614; x_wconf 78' lang='grc' dir='ltr'>γὰρ</span> <span class='ocrx_word' id='word_1_30' title='bbox 456 543 702 609; x_wconf 77' lang='grc' dir='ltr'>ἅπαντας</span> <span class='ocrx_word' id='word_1_31' title='bbox 736 545 933 610; x_wconf 79' lang='grc' dir='ltr'>αὐτοὺς</span> <span class='ocrx_word' id='word_1_32' title='bbox 979 549 1282 619; x_wconf 80' lang='grc' dir='ltr'>καταγελᾷν</span> <span class='ocrx_word' id='word_1_33' title='bbox 1304 589 1320 612; x_wconf 91' lang='grc'>,</span> <span class='ocrx_word' id='word_1_34' title='bbox 1350 552 1651 621; x_wconf 82' lang='grc' dir='ltr'>κωμῳδεῖν,</span> <span class='ocrx_word' id='word_1_35' title='bbox 1684 553 1984 623; x_wconf 76' lang='grc' dir='ltr'>χλευάζειν,</span> 
     </span>
    </p>
   </div>
   <div class='ocr_carea' id='block_1_6' title="bbox 320 627 1986 704">
    <p class='ocr_par' dir='ltr' id='par_1_6' title="bbox 320 627 1986 704">
     <span class='ocr_line' id='line_1_6' title="bbox 320 627 1986 704; baseline 0.01 -26"><span class='ocrx_word' id='word_1_36' title='bbox 320 627 520 698; x_wconf 76' lang='grc' dir='ltr'>πολλὴν</span> <span class='ocrx_word' id='word_1_37' title='bbox 547 629 650 700; x_wconf 83' lang='grc' dir='ltr'>τὴν</span> <span class='ocrx_word' id='word_1_38' title='bbox 673 631 958 702; x_wconf 81' lang='grc' dir='ltr'>παροινίαν</span> <span class='ocrx_word' id='word_1_39' title='bbox 983 635 1110 704; x_wconf 75' lang='grc' dir='ltr'>περὶ</span> <span class='ocrx_word' id='word_1_40' title='bbox 1132 636 1295 689; x_wconf 78' lang='grc' dir='ltr'>αὑτὸν</span> <span class='ocrx_word' id='word_1_41' title='bbox 1321 636 1744 703; x_wconf 85' lang='grc' dir='ltr'>ἐπιδείκνυσθαι,</span> <span class='ocrx_word' id='word_1_42' title='bbox 1773 640 1902 704; x_wconf 83' lang='grc' dir='ltr'>ίσως</span> <span class='ocrx_word' id='word_1_43' title='bbox 1929 640 1986 693; x_wconf 79' lang='grc' dir='ltr'>δὲ</span> 
     </span>
    </p>
   </div>
   <div class='ocr_carea' id='block_1_7' title="bbox 319 712 1989 798">
    <p class='ocr_par' dir='ltr' id='par_1_7' title="bbox 319 712 1989 798">
     <span class='ocr_line' id='line_1_7' title="bbox 319 712 1989 798; baseline 0.008 -33"><span class='ocrx_word' id='word_1_44' title='bbox 319 712 354 782; x_wconf 76' lang='grc' dir='ltr'>ἢ</span> <span class='ocrx_word' id='word_1_45' title='bbox 380 716 474 766; x_wconf 74' lang='grc' dir='ltr'>καὶ</span> <span class='ocrx_word' id='word_1_46' title='bbox 501 715 785 786; x_wconf 88' lang='grc' dir='ltr'>βούλεσθαι</span> <span class='ocrx_word' id='word_1_47' title='bbox 812 717 1062 790; x_wconf 81' lang='grc' dir='ltr'>διασπᾷν,</span> <span class='ocrx_word' id='word_1_48' title='bbox 1105 722 1154 773; x_wconf 89' lang='grc' dir='ltr'>εἰ</span> <span class='ocrx_word' id='word_1_49' title='bbox 1180 717 1292 775; x_wconf 74' lang='grc' dir='ltr'>οἷόν</span> <span class='ocrx_word' id='word_1_50' title='bbox 1313 739 1373 775; x_wconf 84' lang='grc' dir='ltr'>τε</span> <span class='ocrx_word' id='word_1_51' title='bbox 1402 719 1491 794; x_wconf 74' lang='grc' dir='ltr'>ἦν.</span> <span class='ocrx_word' id='word_1_52' title='bbox 1534 724 1740 796; x_wconf 82' lang='grc' dir='ltr'><strong>Πολλὴν</strong></span> <span class='ocrx_word' id='word_1_53' title='bbox 1763 725 1870 798; x_wconf 83' lang='grc' dir='ltr'>γάρ</span> <span class='ocrx_word' id='word_1_54' title='bbox 1900 727 1989 779; x_wconf 72' lang='grc' dir='ltr'>ἀεὶ</span> 
     </span>
    </p>
   </div>
   <div class='ocr_carea' id='block_1_8' title="bbox 319 802 1987 884">
    <p class='ocr_par' dir='ltr' id='par_1_8' title="bbox 319 802 1987 884">
     <span class='ocr_line' id='line_1_8' title="bbox 319 802 1987 884; baseline 0.007 -31"><span class='ocrx_word' id='word_1_55' title='bbox 319 802 419 871; x_wconf 87' lang='grc' dir='ltr'>τὴν</span> <span class='ocrx_word' id='word_1_56' title='bbox 451 804 645 872; x_wconf 86' lang='grc' dir='ltr'>μανίαν</span> <span class='ocrx_word' id='word_1_57' title='bbox 671 805 1036 860; x_wconf 85' lang='grc' dir='ltr'>ἐπιδείκνυται</span> <span class='ocrx_word' id='word_1_58' title='bbox 1064 809 1097 878; x_wconf 76' lang='grc' dir='ltr'>ἡ</span> <span class='ocrx_word' id='word_1_59' title='bbox 1127 809 1293 862; x_wconf 81' lang='grc' dir='ltr'>κακία</span> <span class='ocrx_word' id='word_1_60' title='bbox 1319 811 1459 864; x_wconf 90' lang='grc' dir='ltr'>κατά</span> <span class='ocrx_word' id='word_1_61' title='bbox 1477 811 1576 882; x_wconf 86' lang='grc' dir='ltr'>τῆς</span> <span class='ocrx_word' id='word_1_62' title='bbox 1605 812 1805 884; x_wconf 83' lang='grc' dir='ltr'>ἀρετῆς</span> <span class='ocrx_word' id='word_1_63' title='bbox 1827 830 1841 844; x_wconf 79' lang='grc' dir='ltr'><strong>ο</strong></span> <span class='ocrx_word' id='word_1_64' title='bbox 1870 812 1987 866; x_wconf 86' lang='grc' dir='ltr'>ἀλλ’</span> 
     </span>
    </p>
   </div>
   <div class='ocr_carea' id='block_1_9' title="bbox 319 889 1986 969">
    <p class='ocr_par' dir='ltr' id='par_1_9' title="bbox 319 889 1986 969">
     <span class='ocr_line' id='line_1_9' title="bbox 319 889 1986 969; baseline 0.008 -29"><span class='ocrx_word' id='word_1_65' title='bbox 319 889 379 940; x_wconf 88' lang='lat' dir='ltr'><em>o6</em></span> <span class='ocrx_word' id='word_1_66' title='bbox 424 889 583 958; x_wconf 90' lang='grc' dir='ltr'>μόνον</span> <span class='ocrx_word' id='word_1_67' title='bbox 615 891 766 944; x_wconf 81' lang='grc' dir='ltr'>οὐδὲν</span> <span class='ocrx_word' id='word_1_68' title='bbox 794 893 963 964; x_wconf 79' lang='grc' dir='ltr'>αὐτὴν</span> <span class='ocrx_word' id='word_1_69' title='bbox 1016 893 1262 963; x_wconf 83' lang='grc' dir='ltr'>βλάπτει,</span> <span class='ocrx_word' id='word_1_70' title='bbox 1315 896 1454 950; x_wconf 90' lang='grc' dir='ltr'>ἀλλά</span> <span class='ocrx_word' id='word_1_71' title='bbox 1483 900 1578 953; x_wconf 79' lang='grc' dir='ltr'>καὶ</span> <span class='ocrx_word' id='word_1_72' title='bbox 1627 900 1690 953; x_wconf 83' lang='grc' dir='ltr'>τὸ</span> <span class='ocrx_word' id='word_1_73' title='bbox 1731 899 1986 969; x_wconf 80' lang='grc' dir='ltr'>πολεμεῖν</span> 
     </span>
    </p>
   </div>
   <div class='ocr_carea' id='block_1_10' title="bbox 323 977 1989 1060">
    <p class='ocr_par' dir='ltr' id='par_1_10' title="bbox 323 977 1989 1060">
     <span class='ocr_line' id='line_1_10' title="bbox 323 977 1989 1060; baseline 0.007 -32"><span class='ocrx_word' id='word_1_74' title='bbox 323 977 677 1050; x_wconf 66' lang='grc' dir='ltr'>ἰσχυροτέραν</span> <span class='ocrx_word' id='word_1_75' title='bbox 703 981 872 1052; x_wconf 82' lang='grc' dir='ltr'>αὐτὴν</span> <span class='ocrx_word' id='word_1_76' title='bbox 905 982 1296 1054; x_wconf 74' lang='grc' dir='ltr'>ἀπεργάζεται.</span> <span class='ocrx_word' id='word_1_77' title='bbox 1328 985 1576 1058; x_wconf 80' lang='grc' dir='ltr'>Τοσαύτη</span> <span class='ocrx_word' id='word_1_78' title='bbox 1610 990 1720 1060; x_wconf 90' lang='grc' dir='ltr'>γάρ</span> <span class='ocrx_word' id='word_1_79' title='bbox 1747 989 1845 1060; x_wconf 83' lang='grc' dir='ltr'>τῆς</span> <span class='ocrx_word' id='word_1_80' title='bbox 1865 989 1989 1058; x_wconf 86' lang='grc' dir='ltr'>ἀρε-</span> 
     </span>
    </p>
   </div>
   <div class='ocr_carea' id='block_1_11' title="bbox 320 1063 1987 1145">
    <p class='ocr_par' dir='ltr' id='par_1_11' title="bbox 320 1063 1987 1145">
     <span class='ocr_line' id='line_1_11' title="bbox 320 1063 1987 1145; baseline 0.005 -28"><span class='ocrx_word' id='word_1_81' title='bbox 320 1063 421 1134; x_wconf 79' lang='grc' dir='ltr'>τῆς</span> <span class='ocrx_word' id='word_1_82' title='bbox 456 1067 488 1136; x_wconf 79' lang='grc' dir='ltr'><strong>ἡ</strong></span> <span class='ocrx_word' id='word_1_83' title='bbox 525 1067 695 1137; x_wconf 83' lang='grc' dir='ltr'>ἰσχὺς,</span> <span class='ocrx_word' id='word_1_84' title='bbox 724 1068 808 1120; x_wconf 85' lang='grc' dir='ltr'>ὃτι</span> <span class='ocrx_word' id='word_1_85' title='bbox 833 1070 892 1122; x_wconf 86' lang='grc' dir='ltr'>ἐν</span> <span class='ocrx_word' id='word_1_86' title='bbox 918 1068 996 1139; x_wconf 88' lang='grc' dir='ltr'>τῷ</span> <span class='ocrx_word' id='word_1_87' title='bbox 1028 1070 1260 1140; x_wconf 85' lang='grc' dir='ltr'>πάσχειν</span> <span class='ocrx_word' id='word_1_88' title='bbox 1298 1072 1404 1126; x_wconf 88' lang='grc' dir='ltr'>τῶν</span> <span class='ocrx_word' id='word_1_89' title='bbox 1447 1074 1744 1130; x_wconf 83' lang='grc' dir='ltr'>ποιούντων</span> <span class='ocrx_word' id='word_1_90' title='bbox 1769 1073 1987 1145; x_wconf 87' lang='grc' dir='ltr'>περιγί-</span> 
     </span>
    </p>
   </div>
   <div class='ocr_carea' id='block_1_12' title="bbox 320 1154 1986 1231">
    <p class='ocr_par' dir='ltr' id='par_1_12' title="bbox 320 1154 1986 1231">
     <span class='ocr_line' id='line_1_12' title="bbox 320 1154 1986 1231; baseline 0.009 -29"><span class='ocrx_word' id='word_1_91' title='bbox 320 1167 491 1214; x_wconf 88' lang='grc' dir='ltr'>νεται,</span> <span class='ocrx_word' id='word_1_92' title='bbox 527 1154 621 1205; x_wconf 73' lang='grc' dir='ltr'>καὶ</span> <span class='ocrx_word' id='word_1_93' title='bbox 654 1155 711 1206; x_wconf 91' lang='grc' dir='ltr'>ἐν</span> <span class='ocrx_word' id='word_1_94' title='bbox 738 1155 816 1224; x_wconf 88' lang='grc' dir='ltr'>τῷ</span> <span class='ocrx_word' id='word_1_95' title='bbox 845 1167 871 1195; x_wconf 74' lang='grc' dir='ltr'>α</span> <span class='ocrx_word' id='word_1_96' title='bbox 904 1155 1260 1226; x_wconf 89' lang='grc' dir='ltr'>πολεμεῖσθαι</span> <span class='ocrx_word' id='word_1_97' title='bbox 1287 1158 1396 1212; x_wconf 90' lang='grc' dir='ltr'>τῶν</span> <span class='ocrx_word' id='word_1_98' title='bbox 1442 1160 1819 1231; x_wconf 74' lang='grc' dir='ltr'>πολεμούντων</span> <span class='ocrx_word' id='word_1_99' title='bbox 1847 1163 1986 1216; x_wconf 86' lang='grc' dir='ltr'>ἀνω-</span> 
     </span>
    </p>
   </div>
   <div class='ocr_carea' id='block_1_13' title="bbox 320 1238 1985 1316">
    <p class='ocr_par' dir='ltr' id='par_1_13' title="bbox 320 1238 1985 1316">
     <span class='ocr_line' id='line_1_13' title="bbox 320 1238 1985 1316; baseline 0.008 -26"><span class='ocrx_word' id='word_1_100' title='bbox 320 1238 458 1309; x_wconf 80' lang='grc' dir='ltr'>τέρα</span> <span class='ocrx_word' id='word_1_101' title='bbox 481 1238 821 1294; x_wconf 76' lang='grc' dir='ltr'>καθίσταται.</span> <span class='ocrx_word' id='word_1_102' title='bbox 848 1242 958 1296; x_wconf 99' lang='lat' dir='ltr'>Kal</span> <span class='ocrx_word' id='word_1_103' title='bbox 989 1241 1148 1296; x_wconf 89' lang='grc' dir='ltr'>τοῦτο</span> <span class='ocrx_word' id='word_1_104' title='bbox 1173 1243 1348 1298; x_wconf 75' lang='grc' dir='ltr'>ἔνεστι</span> <span class='ocrx_word' id='word_1_105' title='bbox 1388 1245 1486 1316; x_wconf 82' lang='grc' dir='ltr'>μὲν</span> <span class='ocrx_word' id='word_1_106' title='bbox 1508 1247 1572 1301; x_wconf 83' lang='grc' dir='ltr'>ἐκ</span> <span class='ocrx_word' id='word_1_107' title='bbox 1618 1248 1827 1302; x_wconf 88' lang='grc' dir='ltr'>πολλῶν</span> <span class='ocrx_word' id='word_1_108' title='bbox 1857 1266 1985 1303; x_wconf 87' lang='grc' dir='ltr'>συν-</span> 
     </span>
    </p>
   </div>
   <div class='ocr_carea' id='block_1_14' title="bbox 325 1326 1986 1410">
    <p class='ocr_par' dir='ltr' id='par_1_14' title="bbox 325 1326 1986 1410">
     <span class='ocr_line' id='line_1_14' title="bbox 325 1326 1986 1410; baseline 0.008 -32"><span class='ocrx_word' id='word_1_109' title='bbox 325 1326 470 1410; x_wconf 83' lang='grc' dir='ltr'>ιδεῖν.</span> <span class='ocrx_word' id='word_1_110' title='bbox 502 1327 618 1380; x_wconf 88' lang='grc' dir='ltr'>Ἷνα</span> <span class='ocrx_word' id='word_1_111' title='bbox 755 1328 1007 1400; x_wconf 83' lang='grc' dir='ltr'>ἀφορμὰς</span> <span class='ocrx_word' id='word_1_112' title='bbox 1047 1331 1176 1400; x_wconf 89' lang='grc' dir='ltr'>ύμῖν</span> <span class='ocrx_word' id='word_1_113' title='bbox 1219 1333 1590 1404; x_wconf 86' lang='grc' dir='ltr'>παράσχωμεν</span> <span class='ocrx_word' id='word_1_114' title='bbox 1639 1335 1836 1404; x_wconf 84' lang='grc' dir='ltr'>(Δίδου</span> <span class='ocrx_word' id='word_1_115' title='bbox 1876 1337 1986 1410; x_wconf 92' lang='grc' dir='ltr'>γάρ</span> 
     </span>
    </p>
   </div>
   <div class='ocr_carea' id='block_1_15' title="bbox 321 1408 1989 1487">
    <p class='ocr_par' dir='ltr' id='par_1_15' title="bbox 321 1408 1989 1487">
     <span class='ocr_line' id='line_1_15' title="bbox 321 1408 1989 1487; baseline 0.007 -27"><span class='ocrx_word' id='word_1_116' title='bbox 321 1408 472 1477; x_wconf 78' lang='grc' dir='ltr'>φησὶ,</span> <span class='ocrx_word' id='word_1_117' title='bbox 503 1409 672 1478; x_wconf 72' lang='grc' dir='ltr'>σοφῷ</span> <span class='ocrx_word' id='word_1_118' title='bbox 723 1411 1020 1480; x_wconf 74' lang='grc' dir='ltr'>ἀφορμὴν,</span> <span class='ocrx_word' id='word_1_119' title='bbox 1046 1413 1145 1466; x_wconf 81' lang='grc' dir='ltr'>καὶ</span> <span class='ocrx_word' id='word_1_120' title='bbox 1176 1414 1515 1483; x_wconf 70' lang='grc' dir='ltr'>σοφώτερος</span> <span class='ocrx_word' id='word_1_121' title='bbox 1545 1417 1739 1485; x_wconf 72' lang='grc' dir='ltr'>ἔσται)</span> <span class='ocrx_word' id='word_1_122' title='bbox 1762 1457 1778 1483; x_wconf 94' lang='grc'>,</span> <span class='ocrx_word' id='word_1_123' title='bbox 1826 1408 1989 1487; x_wconf 86' lang='grc' dir='ltr'>ἀναγ-</span> 
     </span>
    </p>
   </div>
   <div class='ocr_carea' id='block_1_16' title="bbox 319 1498 1988 1576">
    <p class='ocr_par' dir='ltr' id='par_1_16' title="bbox 319 1498 1988 1576">
     <span class='ocr_line' id='line_1_16' title="bbox 319 1498 1988 1576; baseline 0.007 -28"><span class='ocrx_word' id='word_1_124' title='bbox 319 1498 474 1548; x_wconf 84' lang='grc' dir='ltr'>καῖον</span> <span class='ocrx_word' id='word_1_125' title='bbox 504 1499 598 1551; x_wconf 82' lang='grc' dir='ltr'>καὶ</span> <span class='ocrx_word' id='word_1_126' title='bbox 632 1499 696 1551; x_wconf 87' lang='grc' dir='ltr'>ἐκ</span> <span class='ocrx_word' id='word_1_127' title='bbox 725 1498 826 1569; x_wconf 84' lang='grc' dir='ltr'>τῆς</span> <span class='ocrx_word' id='word_1_128' title='bbox 863 1500 1104 1563; x_wconf 85' lang='grc' dir='ltr'>Παλαιᾶς</span> <span class='ocrx_word' id='word_1_129' title='bbox 1138 1503 1234 1554; x_wconf 79' lang='grc' dir='ltr'>καὶ</span> <span class='ocrx_word' id='word_1_130' title='bbox 1267 1505 1331 1555; x_wconf 88' lang='grc' dir='ltr'>ἐκ</span> <span class='ocrx_word' id='word_1_131' title='bbox 1359 1503 1458 1573; x_wconf 86' lang='grc' dir='ltr'>τῆς</span> <span class='ocrx_word' id='word_1_132' title='bbox 1479 1505 1684 1575; x_wconf 83' lang='grc' dir='ltr'>Καινῆς</span> <span class='ocrx_word' id='word_1_133' title='bbox 1713 1505 1780 1558; x_wconf 87' lang='grc' dir='ltr'>τά</span> <span class='ocrx_word' id='word_1_134' title='bbox 1809 1523 1988 1576; x_wconf 81' lang='grc' dir='ltr'>παρα-</span> 
     </span>
    </p>
   </div>
   <div class='ocr_carea' id='block_1_17' title="bbox 317 1577 1982 1656">
    <p class='ocr_par' dir='ltr' id='par_1_17' title="bbox 317 1577 1982 1656">
     <span class='ocr_line' id='line_1_17' title="bbox 317 1577 1982 1656; baseline 0.008 -27"><span class='ocrx_word' id='word_1_135' title='bbox 317 1577 583 1648; x_wconf 88' lang='grc' dir='ltr'>δείγματα</span> <span class='ocrx_word' id='word_1_136' title='bbox 604 1581 734 1649; x_wconf 84' lang='grc' dir='ltr'>ὑμῖν</span> <span class='ocrx_word' id='word_1_137' title='bbox 760 1586 1122 1652; x_wconf 84' lang='grc' dir='ltr'>παραγαγεῖν.</span> <span class='ocrx_word' id='word_1_138' title='bbox 1148 1584 1350 1639; x_wconf 87' lang='grc' dir='ltr'>Ἐννόει</span> <span class='ocrx_word' id='word_1_139' title='bbox 1380 1603 1468 1656; x_wconf 90' lang='grc' dir='ltr'>μοι</span> <span class='ocrx_word' id='word_1_140' title='bbox 1491 1586 1668 1641; x_wconf 81' lang='grc' dir='ltr'>τοίνυν</span> <span class='ocrx_word' id='word_1_141' title='bbox 1687 1586 1778 1642; x_wconf 80' lang='grc' dir='ltr'>τὸν</span> <span class='ocrx_word' id='word_1_142' title='bbox 1799 1589 1982 1642; x_wconf 76' lang='grc' dir='ltr'>Ἀδελο</span> 
     </span>
    </p>
   </div>
   <div class='ocr_carea' id='block_1_18' title="bbox 317 1663 1985 1746">
    <p class='ocr_par' dir='ltr' id='par_1_18' title="bbox 317 1663 1985 1746">
     <span class='ocr_line' id='line_1_18' title="bbox 317 1663 1985 1746; baseline 0.008 -32"><span class='ocrx_word' id='word_1_143' title='bbox 317 1663 437 1733; x_wconf 83' lang='grc' dir='ltr'>ούχί</span> <span class='ocrx_word' id='word_1_144' title='bbox 465 1665 701 1736; x_wconf 83' lang='grc' dir='ltr'>ἀνῃρέθη</span> <span class='ocrx_word' id='word_1_145' title='bbox 740 1666 846 1719; x_wconf 83' lang='lat'><em>61:6</em></span> <span class='ocrx_word' id='word_1_146' title='bbox 877 1667 972 1720; x_wconf 87' lang='grc' dir='ltr'>τοῦ</span> <span class='ocrx_word' id='word_1_147' title='bbox 1021 1669 1192 1734; x_wconf 83' lang='grc' dir='ltr'>Κάῖν;</span> <span class='ocrx_word' id='word_1_148' title='bbox 1222 1672 1343 1741; x_wconf 78' lang='grc' dir='ltr'>οὐχὶ</span> <span class='ocrx_word' id='word_1_149' title='bbox 1390 1671 1484 1725; x_wconf 81' lang='grc' dir='ltr'>ἐπὶ</span> <span class='ocrx_word' id='word_1_150' title='bbox 1528 1672 1624 1726; x_wconf 88' lang='grc' dir='ltr'>τοῦ</span> <span class='ocrx_word' id='word_1_151' title='bbox 1656 1673 1885 1744; x_wconf 79' lang='grc' dir='ltr'>ἐδάφους</span> <span class='ocrx_word' id='word_1_152' title='bbox 1916 1670 1985 1746; x_wconf 80' lang='grc' dir='ltr'>ἦν</span> 
     </span>
    </p>
   </div>
   <div class='ocr_carea' id='block_1_19' title="bbox 317 1751 1987 1833">
    <p class='ocr_par' dir='ltr' id='par_1_19' title="bbox 317 1751 1987 1833">
     <span class='ocr_line' id='line_1_19' title="bbox 317 1751 1987 1833; baseline 0.009 -32"><span class='ocrx_word' id='word_1_153' title='bbox 317 1751 684 1821; x_wconf 74' lang='grc' dir='ltr'>ἐρῤιμμὲνος;</span> <span class='ocrx_word' id='word_1_154' title='bbox 726 1753 886 1807; x_wconf 83' lang='grc' dir='ltr'>Ἀλλά</span> <span class='ocrx_word' id='word_1_155' title='bbox 925 1755 1003 1827; x_wconf 76' lang='grc' dir='ltr'>μὴ</span> <span class='ocrx_word' id='word_1_156' title='bbox 1026 1755 1185 1809; x_wconf 89' lang='grc' dir='ltr'>τοῦτο</span> <span class='ocrx_word' id='word_1_157' title='bbox 1215 1757 1442 1825; x_wconf 90' lang='grc' dir='ltr'>σκόπει,</span> <span class='ocrx_word' id='word_1_158' title='bbox 1481 1759 1564 1813; x_wconf 85' lang='grc' dir='ltr'>δτι</span> <span class='ocrx_word' id='word_1_159' title='bbox 1591 1761 1860 1833; x_wconf 86' lang='grc' dir='ltr'>ἐκράτησε</span> <span class='ocrx_word' id='word_1_160' title='bbox 1890 1763 1987 1816; x_wconf 72' lang='grc' dir='ltr'>καὶ</span> 
     </span>
    </p>
   </div>
   <div class='ocr_carea' id='block_1_20' title="bbox 317 1838 1986 1920">
    <p class='ocr_par' dir='ltr' id='par_1_20' title="bbox 317 1838 1986 1920">
     <span class='ocr_line' id='line_1_20' title="bbox 317 1838 1986 1920; baseline 0.01 -33"><span class='ocrx_word' id='word_1_161' title='bbox 317 1838 684 1908; x_wconf 74' lang='grc' dir='ltr'>περιεγένετο,</span> <span class='ocrx_word' id='word_1_162' title='bbox 719 1840 814 1894; x_wconf 76' lang='grc' dir='ltr'>καὶ</span> <span class='ocrx_word' id='word_1_163' title='bbox 837 1841 1012 1894; x_wconf 81' lang='grc' dir='ltr'>ἀνεῖλε</span> <span class='ocrx_word' id='word_1_164' title='bbox 1035 1843 1124 1896; x_wconf 75' lang='grc' dir='ltr'>τὸν</span> <span class='ocrx_word' id='word_1_165' title='bbox 1162 1839 1546 1915; x_wconf 78' lang='grc' dir='ltr'>φθονούμενον,</span> <span class='ocrx_word' id='word_1_166' title='bbox 1581 1849 1675 1901; x_wconf 74' lang='grc' dir='ltr'>καὶ</span> <span class='ocrx_word' id='word_1_167' title='bbox 1699 1849 1850 1902; x_wconf 81' lang='grc' dir='ltr'>οὐδὲν</span> <span class='ocrx_word' id='word_1_168' title='bbox 1870 1851 1986 1920; x_wconf 76' lang='grc' dir='ltr'>ηδι-</span> 
     </span>
    </p>
   </div>
   <div class='ocr_carea' id='block_1_21' title="bbox 319 1923 1986 2007">
    <p class='ocr_par' dir='ltr' id='par_1_21' title="bbox 319 1923 1986 2007">
     <span class='ocr_line' id='line_1_21' title="bbox 319 1923 1986 2007; baseline 0.01 -33"><span class='ocrx_word' id='word_1_169' title='bbox 319 1923 528 1992; x_wconf 78' lang='grc' dir='ltr'>κηκότα</span> <span class='ocrx_word' id='word_1_170' title='bbox 552 1939 565 1954; x_wconf 86' lang='grc'><strong>·</strong></span> <span class='ocrx_word' id='word_1_171' title='bbox 603 1925 739 1979; x_wconf 87' lang='grc' dir='ltr'>ἀλλά</span> <span class='ocrx_word' id='word_1_172' title='bbox 775 1927 844 1979; x_wconf 86' lang='grc' dir='ltr'>τά</span> <span class='ocrx_word' id='word_1_173' title='bbox 887 1929 1024 1997; x_wconf 87' lang='grc' dir='ltr'>μετὰ</span> <span class='ocrx_word' id='word_1_174' title='bbox 1072 1929 1245 1983; x_wconf 85' lang='grc' dir='ltr'>ταῦτα</span> <span class='ocrx_word' id='word_1_175' title='bbox 1278 1931 1514 2000; x_wconf 78' lang='grc' dir='ltr'>λογίζου,</span> <span class='ocrx_word' id='word_1_176' title='bbox 1537 1935 1620 1988; x_wconf 81' lang='grc' dir='ltr'>ὅτι</span> <span class='ocrx_word' id='word_1_177' title='bbox 1649 1937 1678 1988; x_wconf 99' lang='lat'>6</span> <span class='ocrx_word' id='word_1_178' title='bbox 1708 1937 1805 2007; x_wconf 80' lang='grc' dir='ltr'>μὲν</span> <span class='ocrx_word' id='word_1_179' title='bbox 1835 1938 1986 1991; x_wconf 87' lang='grc' dir='ltr'>ἀναι-</span> 
     </span>
    </p>
   </div>
   <div class='ocr_carea' id='block_1_22' title="bbox 324 2007 1987 2092">
    <p class='ocr_par' dir='ltr' id='par_1_22' title="bbox 324 2007 1987 2092">
     <span class='ocr_line' id='line_1_22' title="bbox 324 2007 1987 2092; baseline 0.011 -33"><span class='ocrx_word' id='word_1_180' title='bbox 324 2007 522 2076; x_wconf 77' lang='grc' dir='ltr'>ρεθεὶς,</span> <span class='ocrx_word' id='word_1_181' title='bbox 564 2009 623 2076; x_wconf 78' lang='grc' dir='ltr'>ἐξ</span> <span class='ocrx_word' id='word_1_182' title='bbox 673 2011 880 2064; x_wconf 87' lang='grc' dir='ltr'>ἐκείνου</span> <span class='ocrx_word' id='word_1_183' title='bbox 911 2014 1072 2084; x_wconf 86' lang='grc' dir='ltr'>μέχρι</span> <span class='ocrx_word' id='word_1_184' title='bbox 1116 2014 1211 2067; x_wconf 90' lang='grc' dir='ltr'>τοῦ</span> <span class='ocrx_word' id='word_1_185' title='bbox 1241 2017 1336 2069; x_wconf 92' lang='grc' dir='ltr'>νῦν</span> <span class='ocrx_word' id='word_1_186' title='bbox 1385 2019 1839 2092; x_wconf 88' lang='grc' dir='ltr'>άνακηρύττεται,</span> <span class='ocrx_word' id='word_1_187' title='bbox 1892 2025 1987 2077; x_wconf 74' lang='grc' dir='ltr'>καὶ</span> 
     </span>
    </p>
   </div>
   <div class='ocr_carea' id='block_1_23' title="bbox 324 2095 1987 2179">
    <p class='ocr_par' dir='ltr' id='par_1_23' title="bbox 324 2095 1987 2179">
     <span class='ocr_line' id='line_1_23' title="bbox 324 2095 1987 2179; baseline 0.011 -33"><span class='ocrx_word' id='word_1_188' title='bbox 324 2095 701 2164; x_wconf 87' lang='grc' dir='ltr'>στεφανοῦται,</span> <span class='ocrx_word' id='word_1_189' title='bbox 759 2097 854 2150; x_wconf 75' lang='grc' dir='ltr'>καὶ</span> <span class='ocrx_word' id='word_1_190' title='bbox 886 2100 914 2150; x_wconf 88' lang='lat'>6</span> <span class='ocrx_word' id='word_1_191' title='bbox 959 2101 1214 2166; x_wconf 88' lang='grc' dir='ltr'>τοσοῦτος</span> <span class='ocrx_word' id='word_1_192' title='bbox 1247 2103 1440 2174; x_wconf 85' lang='grc' dir='ltr'>χρόνος</span> <span class='ocrx_word' id='word_1_193' title='bbox 1488 2107 1587 2175; x_wconf 83' lang='grc' dir='ltr'>τὴν</span> <span class='ocrx_word' id='word_1_194' title='bbox 1633 2108 1852 2179; x_wconf 80' lang='grc' dir='ltr'>μνήμην</span> <span class='ocrx_word' id='word_1_195' title='bbox 1887 2111 1987 2164; x_wconf 83' lang='grc' dir='ltr'>οὐκ</span> 
     </span>
    </p>
   </div>
   <div class='ocr_carea' id='block_1_24' title="bbox 322 2181 1986 2261">
    <p class='ocr_par' dir='ltr' id='par_1_24' title="bbox 322 2181 1986 2261">
     <span class='ocr_line' id='line_1_24' title="bbox 322 2181 1986 2261; baseline 0.009 -27"><span class='ocrx_word' id='word_1_196' title='bbox 322 2181 596 2252; x_wconf 79' lang='grc' dir='ltr'>ἐμάρανεν</span> <span class='ocrx_word' id='word_1_197' title='bbox 618 2200 634 2216; x_wconf 79' lang='grc' dir='ltr'><strong><em>ο</em></strong></span> <span class='ocrx_word' id='word_1_198' title='bbox 669 2185 698 2236; x_wconf 89' lang='lat'>6</span> <span class='ocrx_word' id='word_1_199' title='bbox 751 2182 808 2236; x_wconf 79' lang='grc' dir='ltr'>δὲ</span> <span class='ocrx_word' id='word_1_200' title='bbox 838 2185 1060 2250; x_wconf 87' lang='grc' dir='ltr'>ἀνελὼν,</span> <span class='ocrx_word' id='word_1_201' title='bbox 1095 2187 1190 2242; x_wconf 78' lang='grc' dir='ltr'>καὶ</span> <span class='ocrx_word' id='word_1_202' title='bbox 1230 2190 1668 2261; x_wconf 86' lang='grc' dir='ltr'>περιγενόμενος,</span> <span class='ocrx_word' id='word_1_203' title='bbox 1721 2195 1814 2247; x_wconf 77' lang='grc' dir='ltr'>καὶ</span> <span class='ocrx_word' id='word_1_204' title='bbox 1863 2195 1986 2249; x_wconf 85' lang='grc' dir='ltr'>τότε</span> 
     </span>
    </p>
   </div>
   <div class='ocr_carea' id='block_1_25' title="bbox 323 2268 1987 2354">
    <p class='ocr_par' dir='ltr' id='par_1_25' title="bbox 323 2268 1987 2354">
     <span class='ocr_line' id='line_1_25' title="bbox 323 2268 1987 2354; baseline 0.007 -31"><span class='ocrx_word' id='word_1_205' title='bbox 323 2268 468 2354; x_wconf 75' lang='grc' dir='ltr'>ζωὴν</span> <span class='ocrx_word' id='word_1_206' title='bbox 491 2269 720 2354; x_wconf 74' lang='grc' dir='ltr'>θανάτου</span> <span class='ocrx_word' id='word_1_207' title='bbox 749 2270 1054 2344; x_wconf 84' lang='grc' dir='ltr'>βαρυτέραν</span> <span class='ocrx_word' id='word_1_208' title='bbox 1087 2275 1346 2346; x_wconf 82' lang='grc' dir='ltr'>ὑπέμενε,</span> <span class='ocrx_word' id='word_1_209' title='bbox 1375 2277 1472 2331; x_wconf 74' lang='grc' dir='ltr'>καὶ</span> <span class='ocrx_word' id='word_1_210' title='bbox 1501 2279 1562 2343; x_wconf 82' lang='grc' dir='ltr'>ἐξ</span> <span class='ocrx_word' id='word_1_211' title='bbox 1584 2279 1792 2334; x_wconf 89' lang='grc' dir='ltr'>ἐκείνου</span> <span class='ocrx_word' id='word_1_212' title='bbox 1824 2281 1987 2354; x_wconf 86' lang='grc' dir='ltr'>μέχρι</span> 
     </span>
    </p>
   </div>
   <div class='ocr_carea' id='block_1_26' title="bbox 321 2351 1987 2438">
    <p class='ocr_par' dir='ltr' id='par_1_26' title="bbox 321 2351 1987 2438">
     <span class='ocr_line' id='line_1_26' title="bbox 321 2351 1987 2438; baseline 0.01 -31"><span class='ocrx_word' id='word_1_213' title='bbox 321 2353 416 2408; x_wconf 90' lang='grc' dir='ltr'>τοῦ</span> <span class='ocrx_word' id='word_1_214' title='bbox 440 2355 536 2408; x_wconf 89' lang='grc' dir='ltr'>νῦν</span> <span class='ocrx_word' id='word_1_215' title='bbox 560 2351 712 2421; x_wconf 75' lang='grc' dir='ltr'>οὗτος</span> <span class='ocrx_word' id='word_1_216' title='bbox 741 2359 842 2428; x_wconf 90' lang='grc' dir='ltr'>μὲν</span> <span class='ocrx_word' id='word_1_217' title='bbox 871 2360 1266 2430; x_wconf 87' lang='grc' dir='ltr'>στηλιτεύεται,</span> <span class='ocrx_word' id='word_1_218' title='bbox 1303 2365 1398 2418; x_wconf 77' lang='grc' dir='ltr'>καὶ</span> <span class='ocrx_word' id='word_1_219' title='bbox 1439 2364 1539 2429; x_wconf 83' lang='grc' dir='ltr'>τὰς</span> <span class='ocrx_word' id='word_1_220' title='bbox 1565 2366 1718 2438; x_wconf 87' lang='grc' dir='ltr'>παρά</span> <span class='ocrx_word' id='word_1_221' title='bbox 1771 2351 1987 2424; x_wconf 79' lang='grc' dir='ltr'>πάντων</span> 
     </span>
    </p>
   </div>
   <div class='ocr_carea' id='block_1_27' title="bbox 322 2442 1986 2526">
    <p class='ocr_par' dir='ltr' id='par_1_27' title="bbox 322 2442 1986 2526">
     <span class='ocr_line' id='line_1_27' title="bbox 322 2442 1986 2526; baseline 0.008 -30"><span class='ocrx_word' id='word_1_222' title='bbox 322 2442 654 2514; x_wconf 83' lang='grc' dir='ltr'>κατηγορίας</span> <span class='ocrx_word' id='word_1_223' title='bbox 686 2443 922 2514; x_wconf 83' lang='grc' dir='ltr'>δέχεται,</span> <span class='ocrx_word' id='word_1_224' title='bbox 953 2449 1162 2513; x_wconf 88' lang='grc' dir='ltr'>ἐκεῖνος</span> <span class='ocrx_word' id='word_1_225' title='bbox 1191 2449 1247 2504; x_wconf 77' lang='grc' dir='ltr'>δέ</span> <span class='ocrx_word' id='word_1_226' title='bbox 1269 2450 1395 2505; x_wconf 78' lang='grc' dir='ltr'>καθ’</span> <span class='ocrx_word' id='word_1_227' title='bbox 1419 2452 1657 2522; x_wconf 77' lang='grc' dir='ltr'>ἑκάστην</span> <span class='ocrx_word' id='word_1_228' title='bbox 1685 2454 1898 2526; x_wconf 81' lang='grc' dir='ltr'>ἡμέραν</span> <span class='ocrx_word' id='word_1_229' title='bbox 1927 2457 1986 2510; x_wconf 90' lang='grc' dir='ltr'>ἐν</span> 
     </span>
    </p>
   </div>
   <div class='ocr_carea' id='block_1_28' title="bbox 319 2529 1988 2614">
    <p class='ocr_par' dir='ltr' id='par_1_28' title="bbox 319 2529 1988 2614">
     <span class='ocr_line' id='line_1_28' title="bbox 319 2529 1988 2614; baseline 0.01 -35"><span class='ocrx_word' id='word_1_230' title='bbox 319 2529 433 2591; x_wconf 88' lang='grc' dir='ltr'>τοῖς</span> <span class='ocrx_word' id='word_1_231' title='bbox 457 2529 711 2582; x_wconf 82' lang='grc' dir='ltr'>ἁπάντων</span> <span class='ocrx_word' id='word_1_232' title='bbox 735 2531 918 2602; x_wconf 80' lang='grc' dir='ltr'>ᾄδεται</span> <span class='ocrx_word' id='word_1_233' title='bbox 941 2534 1192 2606; x_wconf 85' lang='grc' dir='ltr'>στόμασι.</span> <span class='ocrx_word' id='word_1_234' title='bbox 1218 2537 1330 2591; x_wconf 89' lang='lat' dir='ltr'>Kal</span> <span class='ocrx_word' id='word_1_235' title='bbox 1347 2537 1520 2592; x_wconf 87' lang='grc' dir='ltr'>ταῦτα</span> <span class='ocrx_word' id='word_1_236' title='bbox 1541 2539 1642 2609; x_wconf 80' lang='grc' dir='ltr'>μὲν</span> <span class='ocrx_word' id='word_1_237' title='bbox 1664 2541 1724 2595; x_wconf 85' lang='grc' dir='ltr'>ἐν</span> <span class='ocrx_word' id='word_1_238' title='bbox 1742 2541 1821 2612; x_wconf 84' lang='grc' dir='ltr'>τῷ</span> <span class='ocrx_word' id='word_1_239' title='bbox 1848 2560 1988 2614; x_wconf 80' lang='grc' dir='ltr'>παρ-</span> 
     </span>
    </p>
   </div>
   <div class='ocr_carea' id='block_1_29' title="bbox 319 2615 1986 2699">
    <p class='ocr_par' dir='ltr' id='par_1_29' title="bbox 319 2615 1986 2699">
     <span class='ocr_line' id='line_1_29' title="bbox 319 2615 1986 2699; baseline 0.011 -32"><span class='ocrx_word' id='word_1_240' title='bbox 319 2615 434 2669; x_wconf 91' lang='grc' dir='ltr'>όντι</span> <span class='ocrx_word' id='word_1_241' title='bbox 453 2616 570 2688; x_wconf 83' lang='grc' dir='ltr'>βίῳ,</span> <span class='ocrx_word' id='word_1_242' title='bbox 603 2619 670 2672; x_wconf 89' lang='grc' dir='ltr'>τά</span> <span class='ocrx_word' id='word_1_243' title='bbox 693 2618 750 2673; x_wconf 78' lang='grc' dir='ltr'>δὲ</span> <span class='ocrx_word' id='word_1_244' title='bbox 781 2621 840 2673; x_wconf 88' lang='grc' dir='ltr'>ἐν</span> <span class='ocrx_word' id='word_1_245' title='bbox 866 2621 944 2692; x_wconf 85' lang='grc' dir='ltr'>τῷ</span> <span class='ocrx_word' id='word_1_246' title='bbox 981 2623 1228 2692; x_wconf 86' lang='grc' dir='ltr'>μέλλοντι</span> <span class='ocrx_word' id='word_1_247' title='bbox 1265 2626 1424 2680; x_wconf 90' lang='grc' dir='ltr'>αἰῶνι</span> <span class='ocrx_word' id='word_1_248' title='bbox 1470 2631 1621 2692; x_wconf 86' lang='grc' dir='ltr'>ποῖος</span> <span class='ocrx_word' id='word_1_249' title='bbox 1645 2629 1819 2699; x_wconf 89' lang='grc' dir='ltr'>λόγος,</span> <span class='ocrx_word' id='word_1_250' title='bbox 1858 2631 1986 2685; x_wconf 89' lang='grc' dir='ltr'>ποία</span> 
     </span>
    </p>
   </div>
   <div class='ocr_carea' id='block_1_30' title="bbox 321 2701 1987 2785">
    <p class='ocr_par' dir='ltr' id='par_1_30' title="bbox 321 2701 1987 2785">
     <span class='ocr_line' id='line_1_30' title="bbox 321 2701 1987 2785; baseline 0.01 -31"><span class='ocrx_word' id='word_1_251' title='bbox 321 2701 524 2757; x_wconf 86' lang='grc' dir='ltr'>διάνοια</span> <span class='ocrx_word' id='word_1_252' title='bbox 558 2707 904 2776; x_wconf 83' lang='grc' dir='ltr'>παραστῆσαι</span> <span class='ocrx_word' id='word_1_253' title='bbox 923 2707 1212 2780; x_wconf 84' lang='grc' dir='ltr'>δυνήσεται</span> <span class='ocrx_word' id='word_1_254' title='bbox 1238 2713 1380 2778; x_wconf 78' lang='grc' dir='ltr'>;Καὶ</span> <span class='ocrx_word' id='word_1_255' title='bbox 1397 2709 1522 2766; x_wconf 76' lang='grc' dir='ltr'>,οῖδα</span> <span class='ocrx_word' id='word_1_256' title='bbox 1549 2715 1647 2785; x_wconf 81' lang='grc' dir='ltr'>μὲν</span> <span class='ocrx_word' id='word_1_257' title='bbox 1673 2717 1754 2769; x_wconf 86' lang='grc' dir='ltr'>δτι</span> <span class='ocrx_word' id='word_1_258' title='bbox 1778 2719 1987 2771; x_wconf 78' lang='grc' dir='ltr'>συνετοὶ</span> 
     </span>
    </p>
   </div>
   <div class='ocr_carea' id='block_1_31' title="bbox 320 2790 1986 2875">
    <p class='ocr_par' dir='ltr' id='par_1_31' title="bbox 320 2790 1986 2875">
     <span class='ocr_line' id='line_1_31' title="bbox 320 2790 1986 2875; baseline 0.008 -32"><span class='ocrx_word' id='word_1_259' title='bbox 320 2790 471 2875; x_wconf 73' lang='grc' dir='ltr'>ὄντες</span> <span class='ocrx_word' id='word_1_260' title='bbox 509 2794 677 2847; x_wconf 76' lang='grc' dir='ltr'>πολλὰ</span> <span class='ocrx_word' id='word_1_261' title='bbox 729 2795 824 2848; x_wconf 71' lang='grc' dir='ltr'>καὶ</span> <span class='ocrx_word' id='word_1_262' title='bbox 876 2796 1110 2867; x_wconf 83' lang='grc' dir='ltr'>διάφορα</span> <span class='ocrx_word' id='word_1_263' title='bbox 1161 2798 1326 2870; x_wconf 73' lang='grc' dir='ltr'>ἕτερα</span> <span class='ocrx_word' id='word_1_264' title='bbox 1361 2800 1584 2854; x_wconf 88' lang='grc' dir='ltr'>τοιαῦτα</span> <span class='ocrx_word' id='word_1_265' title='bbox 1637 2803 1896 2873; x_wconf 82' lang='grc' dir='ltr'>εὑρήσετε</span> <span class='ocrx_word' id='word_1_266' title='bbox 1928 2805 1986 2856; x_wconf 86' lang='grc' dir='ltr'>ἐν</span> 
     </span>
    </p>
   </div>
   <div class='ocr_carea' id='block_1_32' title="bbox 318 2881 1986 2960">
    <p class='ocr_par' dir='ltr' id='par_1_32' title="bbox 318 2881 1986 2960">
     <span class='ocr_line' id='line_1_32' title="bbox 318 2881 1986 2960; baseline 0.008 -29"><span class='ocrx_word' id='word_1_267' title='bbox 318 2881 440 2942; x_wconf 89' lang='grc' dir='ltr'>ταῖς</span> <span class='ocrx_word' id='word_1_268' title='bbox 467 2881 707 2950; x_wconf 89' lang='grc' dir='ltr'>Γραφαῖς</span> <span class='ocrx_word' id='word_1_269' title='bbox 739 2884 987 2954; x_wconf 89' lang='grc' dir='ltr'>κείμενα.</span> <span class='ocrx_word' id='word_1_270' title='bbox 1020 2885 1120 2939; x_wconf 83' lang='grc' dir='ltr'>Διά</span> <span class='ocrx_word' id='word_1_271' title='bbox 1162 2887 1270 2957; x_wconf 83' lang='grc' dir='ltr'>γάρ</span> <span class='ocrx_word' id='word_1_272' title='bbox 1307 2887 1464 2940; x_wconf 91' lang='grc' dir='ltr'>τοῦτο</span> <span class='ocrx_word' id='word_1_273' title='bbox 1495 2888 1802 2959; x_wconf 87' lang='grc' dir='ltr'>γέγραπται</span> <span class='ocrx_word' id='word_1_274' title='bbox 1850 2891 1986 2960; x_wconf 88' lang='lat'><em>1:96;</em></span> 
     </span>
    </p>
   </div>
   <div class='ocr_carea' id='block_1_33' title="bbox 318 2967 1986 3046">
    <p class='ocr_par' dir='ltr' id='par_1_33' title="bbox 318 2967 1986 3046">
     <span class='ocr_line' id='line_1_33' title="bbox 318 2967 1986 3046; baseline 0.008 -27"><span class='ocrx_word' id='word_1_275' title='bbox 318 2967 582 3036; x_wconf 85' lang='grc' dir='ltr'>ὠφέλειαν</span> <span class='ocrx_word' id='word_1_276' title='bbox 609 2970 704 3040; x_wconf 83' lang='grc' dir='ltr'>τὴν</span> <span class='ocrx_word' id='word_1_277' title='bbox 733 2971 1031 3042; x_wconf 76' lang='grc' dir='ltr'>ἡμετέραν,</span> <span class='ocrx_word' id='word_1_278' title='bbox 1065 2971 1207 3025; x_wconf 87' lang='grc' dir='ltr'>ὥστε</span> <span class='ocrx_word' id='word_1_279' title='bbox 1244 2972 1418 3027; x_wconf 85' lang='grc' dir='ltr'>ταῦτα</span> <span class='ocrx_word' id='word_1_280' title='bbox 1462 2975 1831 3044; x_wconf 83' lang='grc' dir='ltr'>μανθάνοντας</span> <span class='ocrx_word' id='word_1_281' title='bbox 1855 2977 1986 3046; x_wconf 82' lang='grc' dir='ltr'>φεύ·-</span> 
     </span>
    </p>
   </div>
   <div class='ocr_carea' id='block_1_34' title="bbox 319 3054 1985 3133">
    <p class='ocr_par' dir='ltr' id='par_1_34' title="bbox 319 3054 1985 3133">
     <span class='ocr_line' id='line_1_34' title="bbox 319 3054 1985 3133; baseline 0.007 -28"><span class='ocrx_word' id='word_1_282' title='bbox 319 3069 435 3121; x_wconf 91' lang='grc' dir='ltr'>γειν</span> <span class='ocrx_word' id='word_1_283' title='bbox 472 3054 572 3123; x_wconf 90' lang='grc' dir='ltr'>μέν</span> <span class='ocrx_word' id='word_1_284' title='bbox 620 3055 717 3126; x_wconf 80' lang='grc' dir='ltr'>τὴν</span> <span class='ocrx_word' id='word_1_285' title='bbox 769 3056 990 3122; x_wconf 83' lang='grc' dir='ltr'>κακίαν,</span> <span class='ocrx_word' id='word_1_286' title='bbox 1024 3060 1297 3129; x_wconf 82' lang='grc' dir='ltr'>προτιμᾷν</span> <span class='ocrx_word' id='word_1_287' title='bbox 1329 3060 1385 3113; x_wconf 89' lang='grc' dir='ltr'>δὲ</span> <span class='ocrx_word' id='word_1_288' title='bbox 1413 3059 1512 3130; x_wconf 82' lang='grc' dir='ltr'>τὴν</span> <span class='ocrx_word' id='word_1_289' title='bbox 1544 3063 1763 3133; x_wconf 84' lang='grc' dir='ltr'>ἀρετήν.</span> <span class='ocrx_word' id='word_1_290' title='bbox 1797 3063 1985 3118; x_wconf 87' lang='grc' dir='ltr'>Βούλει</span> 
     </span>
    </p>
   </div>
   <div class='ocr_carea' id='block_1_35' title="bbox 319 3140 1987 3220">
    <p class='ocr_par' dir='ltr' id='par_1_35' title="bbox 319 3140 1987 3220">
     <span class='ocr_line' id='line_1_35' title="bbox 319 3140 1987 3220; baseline 0.008 -28"><span class='ocrx_word' id='word_1_291' title='bbox 319 3140 414 3193; x_wconf 76' lang='grc' dir='ltr'>καὶ</span> <span class='ocrx_word' id='word_1_292' title='bbox 439 3141 497 3193; x_wconf 91' lang='grc' dir='ltr'>ἐν</span> <span class='ocrx_word' id='word_1_293' title='bbox 522 3143 590 3212; x_wconf 74' lang='grc' dir='ltr'>τῇ</span> <span class='ocrx_word' id='word_1_294' title='bbox 618 3143 792 3214; x_wconf 84' lang='grc' dir='ltr'>Καινῇ</span> <span class='ocrx_word' id='word_1_295' title='bbox 823 3143 881 3196; x_wconf 87' lang='lat'>:6</span> <span class='ocrx_word' id='word_1_296' title='bbox 903 3144 1034 3197; x_wconf 82' lang='lat' dir='ltr'><em>a6:6</em></span> <span class='ocrx_word' id='word_1_297' title='bbox 1063 3145 1222 3198; x_wconf 86' lang='grc' dir='ltr'>τοῦτο</span> <span class='ocrx_word' id='word_1_298' title='bbox 1251 3146 1377 3198; x_wconf 90' lang='grc' dir='ltr'>ἰδεῖν</span> <span class='ocrx_word' id='word_1_299' title='bbox 1400 3163 1415 3212; x_wconf 89' lang='lat'>;</span> <span class='ocrx_word' id='word_1_300' title='bbox 1456 3149 1654 3202; x_wconf 76' lang='grc' dir='ltr'>’Ἄκουε</span> <span class='ocrx_word' id='word_1_301' title='bbox 1674 3149 1769 3202; x_wconf 89' lang='grc' dir='ltr'>τοῦ</span> <span class='ocrx_word' id='word_1_302' title='bbox 1811 3168 1987 3220; x_wconf 90' lang='grc' dir='ltr'>μακα-</span> 
     </span>
    </p>
   </div>
   <div class='ocr_carea' id='block_1_36' title="bbox 322 3226 1984 3306">
    <p class='ocr_par' dir='ltr' id='par_1_36' title="bbox 322 3226 1984 3306">
     <span class='ocr_line' id='line_1_36' title="bbox 322 3226 1984 3306; baseline 0.009 -29"><span class='ocrx_word' id='word_1_303' title='bbox 322 3226 436 3296; x_wconf 84' lang='grc' dir='ltr'>ρίου</span> <span class='ocrx_word' id='word_1_304' title='bbox 463 3228 646 3281; x_wconf 80' lang='grc' dir='ltr'>Λουκᾶ</span> <span class='ocrx_word' id='word_1_305' title='bbox 663 3228 724 3280; x_wconf 83' lang='grc' dir='ltr'>τὸ</span> <span class='ocrx_word' id='word_1_306' title='bbox 755 3230 884 3283; x_wconf 81' lang='grc' dir='ltr'>αὐτὸ</span> <span class='ocrx_word' id='word_1_307' title='bbox 908 3231 1066 3284; x_wconf 88' lang='grc' dir='ltr'>τοῦτο</span> <span class='ocrx_word' id='word_1_308' title='bbox 1080 3231 1437 3302; x_wconf 83' lang='grc' dir='ltr'>διηγουμένου</span> <span class='ocrx_word' id='word_1_309' title='bbox 1462 3236 1590 3306; x_wconf 82' lang='grc' dir='ltr'>περὶ</span> <span class='ocrx_word' id='word_1_310' title='bbox 1613 3237 1722 3290; x_wconf 91' lang='grc' dir='ltr'>τῶν</span> <span class='ocrx_word' id='word_1_311' title='bbox 1752 3237 1984 3291; x_wconf 83' lang='grc' dir='ltr'>ἀποστό-</span> 
     </span>
    </p>
   </div>
   <div class='ocr_carea' id='block_1_37' title="bbox 319 3313 1984 3395">
    <p class='ocr_par' dir='ltr' id='par_1_37' title="bbox 319 3313 1984 3395">
     <span class='ocr_line' id='line_1_37' title="bbox 319 3313 1984 3395; baseline 0.008 -31"><span class='ocrx_word' id='word_1_312' title='bbox 319 3313 446 3376; x_wconf 87' lang='grc' dir='ltr'>λων,</span> <span class='ocrx_word' id='word_1_313' title='bbox 484 3314 565 3367; x_wconf 83' lang='grc' dir='ltr'>ὅτι</span> <span class='ocrx_word' id='word_1_314' title='bbox 617 3317 1055 3384; x_wconf 86' lang='grc' dir='ltr'>μαστιγωθέντες</span> <span class='ocrx_word' id='word_1_315' title='bbox 1087 3317 1396 3389; x_wconf 84' lang='grc' dir='ltr'>ἀνεχώρουν</span> <span class='ocrx_word' id='word_1_316' title='bbox 1441 3321 1550 3373; x_wconf 82' lang='grc' dir='ltr'>ἀπὸ</span> <span class='ocrx_word' id='word_1_317' title='bbox 1582 3322 1674 3374; x_wconf 91' lang='grc' dir='ltr'>τοῦ</span> <span class='ocrx_word' id='word_1_318' title='bbox 1708 3325 1984 3395; x_wconf 85' lang='grc' dir='ltr'>συνεδρίου</span> 
     </span>
    </p>
   </div>
   <div class='ocr_carea' id='block_1_38' title="bbox 319 3401 1985 3477">
    <p class='ocr_par' dir='ltr' id='par_1_38' title="bbox 319 3401 1985 3477">
     <span class='ocr_line' id='line_1_38' title="bbox 319 3401 1985 3477; baseline 0.006 -25"><span class='ocrx_word' id='word_1_319' title='bbox 319 3401 617 3470; x_wconf 87' lang='grc' dir='ltr'>χαίροντες,</span> <span class='ocrx_word' id='word_1_320' title='bbox 671 3402 752 3454; x_wconf 82' lang='grc' dir='ltr'>ὅτι</span> <span class='ocrx_word' id='word_1_321' title='bbox 803 3403 1219 3472; x_wconf 78' lang='grc' dir='ltr'>κατηξιώθησαν</span> <span class='ocrx_word' id='word_1_322' title='bbox 1258 3405 1399 3476; x_wconf 77' lang='grc' dir='ltr'>ὑπὲρ</span> <span class='ocrx_word' id='word_1_323' title='bbox 1439 3405 1532 3458; x_wconf 88' lang='grc' dir='ltr'>τοῦ</span> <span class='ocrx_word' id='word_1_324' title='bbox 1580 3408 1841 3477; x_wconf 87' lang='grc' dir='ltr'>ὀνόματος</span> <span class='ocrx_word' id='word_1_325' title='bbox 1892 3410 1985 3462; x_wconf 88' lang='grc' dir='ltr'>τοῦ</span> 
     </span>
    </p>
   </div>
   <div class='ocr_carea' id='block_1_39' title="bbox 320 3483 1987 3561">
    <p class='ocr_par' dir='ltr' id='par_1_39' title="bbox 320 3483 1987 3561">
     <span class='ocr_line' id='line_1_39' title="bbox 320 3483 1987 3561; baseline 0.007 -27"><span class='ocrx_word' id='word_1_326' title='bbox 320 3483 557 3552; x_wconf 80' lang='grc' dir='ltr'>Χριστοῦ</span> <span class='ocrx_word' id='word_1_327' title='bbox 581 3483 965 3554; x_wconf 71' lang='grc' dir='ltr'>ἀτιμασθῆναι.</span> <span class='ocrx_word' id='word_1_328' title='bbox 1008 3485 1200 3538; x_wconf 86' lang='grc' dir='ltr'>Καίτοι</span> <span class='ocrx_word' id='word_1_329' title='bbox 1233 3503 1294 3554; x_wconf 84' lang='grc' dir='ltr'>γε</span> <span class='ocrx_word' id='word_1_330' title='bbox 1320 3489 1377 3540; x_wconf 72' lang='lat' dir='ltr'>al</span> <span class='ocrx_word' id='word_1_331' title='bbox 1426 3488 1688 3557; x_wconf 86' lang='grc' dir='ltr'>μάστιγες</span> <span class='ocrx_word' id='word_1_332' title='bbox 1711 3491 1772 3542; x_wconf 83' lang='grc' dir='ltr'>ού</span> <span class='ocrx_word' id='word_1_333' title='bbox 1811 3493 1987 3561; x_wconf 82' lang='grc' dir='ltr'>χαρᾶς</span> 
     </span>
    </p>
   </div>
   <div class='ocr_carea' id='block_1_40' title="bbox 318 3563 1986 3643">
    <p class='ocr_par' dir='ltr' id='par_1_40' title="bbox 318 3563 1986 3643">
     <span class='ocr_line' id='line_1_40' title="bbox 318 3563 1986 3643; baseline 0.005 -22"><span class='ocrx_word' id='word_1_334' title='bbox 318 3563 459 3638; x_wconf 84' lang='grc' dir='ltr'>ἦσαν</span> <span class='ocrx_word' id='word_1_335' title='bbox 490 3570 757 3640; x_wconf 76' lang='grc' dir='ltr'>ἀφορμαὶ,</span> <span class='ocrx_word' id='word_1_336' title='bbox 786 3569 923 3624; x_wconf 88' lang='grc' dir='ltr'>άλλά</span> <span class='ocrx_word' id='word_1_337' title='bbox 946 3569 1123 3640; x_wconf 84' lang='grc' dir='ltr'>λύπης</span> <span class='ocrx_word' id='word_1_338' title='bbox 1156 3573 1251 3625; x_wconf 76' lang='grc' dir='ltr'>καὶ</span> <span class='ocrx_word' id='word_1_339' title='bbox 1297 3572 1568 3643; x_wconf 72' lang='grc' dir='ltr'>ἀθυμίαις⁸</span> <span class='ocrx_word' id='word_1_340' title='bbox 1615 3575 1751 3628; x_wconf 83' lang='grc' dir='ltr'>ἀλλὰ</span> <span class='ocrx_word' id='word_1_341' title='bbox 1797 3578 1852 3630; x_wconf 71' lang='lat' dir='ltr'>al</span> <span class='ocrx_word' id='word_1_342' title='bbox 1898 3577 1986 3630; x_wconf 77' lang='grc' dir='ltr'>διὰ</span> 
     </span>
    </p>
   </div>
   <div class='ocr_carea' id='block_1_41' title="bbox 319 3657 1984 3732">
    <p class='ocr_par' dir='ltr' id='par_1_41' title="bbox 319 3657 1984 3732">
     <span class='ocr_line' id='line_1_41' title="bbox 319 3657 1984 3732; baseline 0.005 -23"><span class='ocrx_word' id='word_1_343' title='bbox 319 3659 410 3712; x_wconf 78' lang='grc' dir='ltr'>τὸν</span> <span class='ocrx_word' id='word_1_344' title='bbox 437 3657 568 3710; x_wconf 84' lang='grc' dir='ltr'>Θεὸν</span> <span class='ocrx_word' id='word_1_345' title='bbox 592 3658 870 3727; x_wconf 83' lang='grc' dir='ltr'>μάστιγες,</span> <span class='ocrx_word' id='word_1_346' title='bbox 905 3659 1000 3711; x_wconf 72' lang='grc' dir='ltr'>καὶ</span> <span class='ocrx_word' id='word_1_347' title='bbox 1021 3661 1054 3728; x_wconf 77' lang='grc' dir='ltr'>ἡ</span> <span class='ocrx_word' id='word_1_348' title='bbox 1083 3659 1356 3724; x_wconf 86' lang='grc' dir='ltr'>ὑπόθεσις,</span> <span class='ocrx_word' id='word_1_349' title='bbox 1398 3661 1464 3714; x_wconf 83' lang='grc' dir='ltr'>δι’</span> <span class='ocrx_word' id='word_1_350' title='bbox 1500 3663 1565 3732; x_wconf 80' lang='grc' dir='ltr'>ἢν</span> <span class='ocrx_word' id='word_1_351' title='bbox 1608 3663 1984 3732; x_wconf 85' lang='grc' dir='ltr'>ἐμαστίζοντο,</span> 
     </span>
    </p>
   </div>
   <div class='ocr_carea' id='block_1_42' title="bbox 319 3745 1986 3819">
    <p class='ocr_par' dir='ltr' id='par_1_42' title="bbox 319 3745 1986 3819">
     <span class='ocr_line' id='line_1_42' title="bbox 319 3745 1986 3819; baseline 0.005 -21"><span class='ocrx_word' id='word_1_352' title='bbox 319 3747 417 3816; x_wconf 82' lang='grc' dir='ltr'>τὴν</span> <span class='ocrx_word' id='word_1_353' title='bbox 455 3745 629 3816; x_wconf 83' lang='grc' dir='ltr'>χαράν</span> <span class='ocrx_word' id='word_1_354' title='bbox 650 3745 832 3808; x_wconf 86' lang='grc' dir='ltr'>αὐτοῖς</span> <span class='ocrx_word' id='word_1_355' title='bbox 860 3745 1062 3801; x_wconf 75' lang='grc' dir='ltr'>ἔτικτε.</span> <span class='ocrx_word' id='word_1_356' title='bbox 1099 3749 1209 3802; x_wconf 91' lang='lat' dir='ltr'>Kal</span> <span class='ocrx_word' id='word_1_357' title='bbox 1243 3750 1291 3801; x_wconf 85' lang='grc' dir='ltr'>οί</span> <span class='ocrx_word' id='word_1_358' title='bbox 1325 3749 1426 3819; x_wconf 84' lang='grc' dir='ltr'>μὲν</span> <span class='ocrx_word' id='word_1_359' title='bbox 1459 3749 1903 3819; x_wconf 83' lang='grc' dir='ltr'>μαστιγώσαντες</span> <span class='ocrx_word' id='word_1_360' title='bbox 1928 3756 1986 3807; x_wconf 86' lang='grc' dir='ltr'>ἐν</span> 
     </span>
    </p>
   </div>
   <div class='ocr_carea' id='block_1_43' title="bbox 319 3830 1986 3904">
    <p class='ocr_par' dir='ltr' id='par_1_43' title="bbox 319 3830 1986 3904">
     <span class='ocr_line' id='line_1_43' title="bbox 319 3830 1986 3904; baseline 0.007 -22"><span class='ocrx_word' id='word_1_361' title='bbox 319 3830 524 3900; x_wconf 77' lang='grc' dir='ltr'>ἀπορία</span> <span class='ocrx_word' id='word_1_362' title='bbox 548 3830 714 3900; x_wconf 86' lang='grc' dir='ltr'>πολλῇ</span> <span class='ocrx_word' id='word_1_363' title='bbox 749 3831 844 3884; x_wconf 74' lang='grc' dir='ltr'>καί¹</span> <span class='ocrx_word' id='word_1_364' title='bbox 869 3832 1153 3904; x_wconf 79' lang='grc' dir='ltr'>ἀμηχανίᾳ</span> <span class='ocrx_word' id='word_1_365' title='bbox 1187 3834 1638 3904; x_wconf 84' lang='grc' dir='ltr'>καθεστήκεισαν,</span> <span class='ocrx_word' id='word_1_366' title='bbox 1667 3838 1767 3892; x_wconf 87' lang='grc' dir='ltr'>οὐκ</span> <span class='ocrx_word' id='word_1_367' title='bbox 1788 3839 1986 3904; x_wconf 88' lang='grc' dir='ltr'>εἰδότες</span> 
     </span>
    </p>
   </div>
   <div class='ocr_carea' id='block_1_44' title="bbox 318 3915 1985 3996">
    <p class='ocr_par' dir='ltr' id='par_1_44' title="bbox 318 3915 1985 3996">
     <span class='ocr_line' id='line_1_44' title="bbox 318 3915 1985 3996; baseline 0.007 -27"><span class='ocrx_word' id='word_1_368' title='bbox 318 3917 348 3969; x_wconf 83' lang='grc' dir='ltr'>ὅ</span> <span class='ocrx_word' id='word_1_369' title='bbox 375 3934 427 3969; x_wconf 92' lang='grc' dir='ltr'>τι</span> <span class='ocrx_word' id='word_1_370' title='bbox 466 3915 764 3987; x_wconf 76' lang='grc' dir='ltr'>πράξωσιν.</span> <span class='ocrx_word' id='word_1_371' title='bbox 806 3919 1002 3974; x_wconf 74' lang='grc' dir='ltr'>Ἄκουε</span> <span class='ocrx_word' id='word_1_372' title='bbox 1036 3919 1147 3991; x_wconf 80' lang='grc' dir='ltr'>γὰρ</span> <span class='ocrx_word' id='word_1_373' title='bbox 1172 3921 1352 3974; x_wconf 81' lang='grc' dir='ltr'>αὐτῶν</span> <span class='ocrx_word' id='word_1_374' title='bbox 1382 3921 1476 3975; x_wconf 80' lang='grc' dir='ltr'>καὶ</span> <span class='ocrx_word' id='word_1_375' title='bbox 1501 3922 1640 3992; x_wconf 77' lang='grc' dir='ltr'>μετὰ</span> <span class='ocrx_word' id='word_1_376' title='bbox 1669 3923 1769 3988; x_wconf 80' lang='grc' dir='ltr'>τὰς</span> <span class='ocrx_word' id='word_1_377' title='bbox 1793 3925 1985 3996; x_wconf 64' lang='grc' dir='ltr'>μάστιε</span> 
     </span>
    </p>
   </div>
   <div class='ocr_carea' id='block_1_45' title="bbox 321 4001 1986 4078">
    <p class='ocr_par' dir='ltr' id='par_1_45' title="bbox 321 4001 1986 4078">
     <span class='ocr_line' id='line_1_45' title="bbox 321 4001 1986 4078; baseline 0.005 -25"><span class='ocrx_word' id='word_1_378' title='bbox 321 4019 424 4071; x_wconf 87' lang='grc' dir='ltr'>γας</span> <span class='ocrx_word' id='word_1_379' title='bbox 453 4001 874 4072; x_wconf 87' lang='grc' dir='ltr'>διαπορούντων,</span> <span class='ocrx_word' id='word_1_380' title='bbox 926 4004 1020 4056; x_wconf 79' lang='grc' dir='ltr'>καὶ</span> <span class='ocrx_word' id='word_1_381' title='bbox 1041 4004 1305 4073; x_wconf 81' lang='grc' dir='ltr'>λεγόντων</span> <span class='ocrx_word' id='word_1_382' title='bbox 1328 4021 1339 4034; x_wconf 82' lang='lat'><strong><em>°</em></strong></span> <span class='ocrx_word' id='word_1_383' title='bbox 1379 4007 1439 4060; x_wconf 85' lang='grc' dir='ltr'>Τί</span> <span class='ocrx_word' id='word_1_384' title='bbox 1488 4008 1819 4077; x_wconf 79' lang='grc' dir='ltr'>ποιήσομεν</span> <span class='ocrx_word' id='word_1_385' title='bbox 1865 4012 1986 4078; x_wconf 84' lang='grc' dir='ltr'>τοῖς</span> 
     </span>
    </p>
   </div>
   <div class='ocr_carea' id='block_1_46' title="bbox 317 4088 1985 4169">
    <p class='ocr_par' dir='ltr' id='par_1_46' title="bbox 317 4088 1985 4169">
     <span class='ocr_line' id='line_1_46' title="bbox 317 4088 1985 4169; baseline 0.005 -26"><span class='ocrx_word' id='word_1_386' title='bbox 317 4088 646 4156; x_wconf 80' lang='grc' dir='ltr'>ἀνθρώποις</span> <span class='ocrx_word' id='word_1_387' title='bbox 695 4091 958 4155; x_wconf 85' lang='grc' dir='ltr'>τούτοις;</span> <span class='ocrx_word' id='word_1_388' title='bbox 996 4091 1061 4144; x_wconf 87' lang='grc' dir='ltr'>Τί</span> <span class='ocrx_word' id='word_1_389' title='bbox 1119 4091 1328 4160; x_wconf 88' lang='grc' dir='ltr'>λέγεις;</span> <span class='ocrx_word' id='word_1_390' title='bbox 1399 4094 1775 4165; x_wconf 81' lang='grc' dir='ltr'>Ἐμαστίξατε,</span> <span class='ocrx_word' id='word_1_391' title='bbox 1819 4099 1985 4169; x_wconf 87' lang='grc' dir='ltr'>μυρία</span> 
     </span>
    </p>
   </div>
   <div class='ocr_carea' id='block_1_47' title="bbox 316 4175 1984 4255">
    <p class='ocr_par' dir='ltr' id='par_1_47' title="bbox 316 4175 1984 4255">
     <span class='ocr_line' id='line_1_47' title="bbox 316 4175 1984 4255; baseline 0.004 -25"><span class='ocrx_word' id='word_1_392' title='bbox 316 4175 463 4230; x_wconf 88' lang='grc' dir='ltr'>κακά</span> <span class='ocrx_word' id='word_1_393' title='bbox 487 4176 794 4246; x_wconf 80' lang='grc' dir='ltr'>διεθήκατε,</span> <span class='ocrx_word' id='word_1_394' title='bbox 828 4179 920 4231; x_wconf 80' lang='grc' dir='ltr'>καί</span> <span class='ocrx_word' id='word_1_395' title='bbox 946 4178 1028 4231; x_wconf 73' lang='grc' dir='ltr'>ἔτι</span> <span class='ocrx_word' id='word_1_396' title='bbox 1054 4180 1309 4249; x_wconf 83' lang='grc' dir='ltr'>ἀπορεῖτε</span> <span class='ocrx_word' id='word_1_397' title='bbox 1329 4197 1343 4246; x_wconf 88' lang='grc'><strong>;</strong></span> <span class='ocrx_word' id='word_1_398' title='bbox 1367 4180 1633 4234; x_wconf 90' lang='grc' dir='ltr'>Τοσοῦτόν</span> <span class='ocrx_word' id='word_1_399' title='bbox 1655 4183 1801 4235; x_wconf 87' lang='grc' dir='ltr'>ἐστιν</span> <span class='ocrx_word' id='word_1_400' title='bbox 1833 4186 1984 4255; x_wconf 79' lang='grc' dir='ltr'>ἰσχυ-</span> 
     </span>
    </p>
   </div>
   <div class='ocr_carea' id='block_1_48' title="bbox 319 4263 1985 4344">
    <p class='ocr_par' dir='ltr' id='par_1_48' title="bbox 319 4263 1985 4344">
     <span class='ocr_line' id='line_1_48' title="bbox 319 4263 1985 4344; baseline 0.006 -30"><span class='ocrx_word' id='word_1_401' title='bbox 319 4263 412 4334; x_wconf 78' lang='grc' dir='ltr'>ρδν</span> <span class='ocrx_word' id='word_1_402' title='bbox 446 4264 681 4333; x_wconf 81' lang='grc' dir='ltr'>πρᾶγμα</span> <span class='ocrx_word' id='word_1_403' title='bbox 721 4264 815 4316; x_wconf 75' lang='grc' dir='ltr'>καὶ</span> <span class='ocrx_word' id='word_1_404' title='bbox 846 4265 1143 4336; x_wconf 88' lang='grc' dir='ltr'>ἀχείρωτον</span> <span class='ocrx_word' id='word_1_405' title='bbox 1172 4267 1206 4337; x_wconf 78' lang='grc' dir='ltr'><strong>ἡ</strong></span> <span class='ocrx_word' id='word_1_406' title='bbox 1237 4267 1403 4337; x_wconf 78' lang='grc' dir='ltr'>ἀρετὴ</span> <span class='ocrx_word' id='word_1_407' title='bbox 1423 4305 1439 4332; x_wconf 93' lang='grc'>,</span> <span class='ocrx_word' id='word_1_408' title='bbox 1495 4267 1590 4321; x_wconf 75' lang='grc' dir='ltr'>καὶ</span> <span class='ocrx_word' id='word_1_409' title='bbox 1634 4269 1692 4322; x_wconf 87' lang='grc' dir='ltr'>ἐν</span> <span class='ocrx_word' id='word_1_410' title='bbox 1734 4269 1880 4341; x_wconf 83' lang='grc' dir='ltr'>αὐτῷ</span> <span class='ocrx_word' id='word_1_411' title='bbox 1908 4271 1985 4344; x_wconf 78' lang='grc' dir='ltr'>τῷ</span> 
     </span>
    </p>
   </div>
   <div class='ocr_carea' id='block_1_49' title="bbox 317 4351 1457 4424">
    <p class='ocr_par' dir='ltr' id='par_1_49' title="bbox 317 4351 1457 4424">
     <span class='ocr_line' id='line_1_49' title="bbox 317 4351 1457 4424; baseline 0.004 -21"><span class='ocrx_word' id='word_1_412' title='bbox 317 4351 546 4422; x_wconf 85' lang='grc' dir='ltr'>πάσχειν</span> <span class='ocrx_word' id='word_1_413' title='bbox 577 4351 686 4404; x_wconf 89' lang='grc' dir='ltr'>τῶν</span> <span class='ocrx_word' id='word_1_414' title='bbox 716 4352 1011 4405; x_wconf 82' lang='grc' dir='ltr'>ποιούντων</span> <span class='ocrx_word' id='word_1_415' title='bbox 1040 4353 1457 4424; x_wconf 83' lang='grc' dir='ltr'>περιγινομένη.</span> 
     </span>
    </p>
   </div>
   <div class='ocr_carea' id='block_1_50' title="bbox 389 4437 1985 4512">
    <p class='ocr_par' dir='ltr' id='par_1_50' title="bbox 389 4437 1985 4512">
     <span class='ocr_line' id='line_1_50' title="bbox 389 4437 1985 4512; baseline 0.003 -20"><span class='ocrx_word' id='word_1_416' title='bbox 389 4443 458 4506; x_wconf 88' lang='grc' dir='ltr'>γ’.</span> <span class='ocrx_word' id='word_1_417' title='bbox 491 4437 630 4491; x_wconf 82' lang='grc' dir='ltr'>Ἀλλ’</span> <span class='ocrx_word' id='word_1_418' title='bbox 664 4438 751 4491; x_wconf 80' lang='grc' dir='ltr'>ἵνα</span> <span class='ocrx_word' id='word_1_419' title='bbox 768 4437 842 4509; x_wconf 81' lang='grc' dir='ltr'>μὴ</span> <span class='ocrx_word' id='word_1_420' title='bbox 873 4438 1079 4509; x_wconf 75' lang='grc' dir='ltr'>μακρὸν</span> <span class='ocrx_word' id='word_1_421' title='bbox 1109 4439 1351 4510; x_wconf 89' lang='grc' dir='ltr'>ποιῶμεν</span> <span class='ocrx_word' id='word_1_422' title='bbox 1372 4439 1464 4493; x_wconf 81' lang='grc' dir='ltr'>τὸν</span> <span class='ocrx_word' id='word_1_423' title='bbox 1489 4439 1666 4508; x_wconf 87' lang='grc' dir='ltr'>λόγον,</span> <span class='ocrx_word' id='word_1_424' title='bbox 1691 4441 1985 4512; x_wconf 80' lang='grc' dir='ltr'>ἀναγκαῖον</span> 
     </span>
    </p>
   </div>
   <div class='ocr_carea' id='block_1_51' title="bbox 316 4523 1985 4600">
    <p class='ocr_par' dir='ltr' id='par_1_51' title="bbox 316 4523 1985 4600">
     <span class='ocr_line' id='line_1_51' title="bbox 316 4523 1985 4600; baseline 0.002 -22"><span class='ocrx_word' id='word_1_425' title='bbox 316 4524 478 4578; x_wconf 85' lang='grc' dir='ltr'>πάλιν</span> <span class='ocrx_word' id='word_1_426' title='bbox 499 4523 815 4578; x_wconf 88' lang='grc' dir='ltr'>ἐπανελθεῖν</span> <span class='ocrx_word' id='word_1_427' title='bbox 840 4525 936 4576; x_wconf 67' lang='grc' dir='ltr'>ἐπὶ</span> <span class='ocrx_word' id='word_1_428' title='bbox 957 4525 1050 4577; x_wconf 84' lang='grc' dir='ltr'>τὸν</span> <span class='ocrx_word' id='word_1_429' title='bbox 1076 4524 1282 4578; x_wconf 89' lang='grc' dir='ltr'>δίκαιον</span> <span class='ocrx_word' id='word_1_430' title='bbox 1300 4525 1509 4594; x_wconf 86' lang='grc' dir='ltr'>τοῦτον,</span> <span class='ocrx_word' id='word_1_431' title='bbox 1529 4527 1624 4580; x_wconf 67' lang='grc' dir='ltr'>καὶ⁵</span> <span class='ocrx_word' id='word_1_432' title='bbox 1645 4527 1985 4600; x_wconf 84' lang='grc' dir='ltr'>ἐκπλαγῆναι</span> 
     </span>
    </p>
   </div>
   <div class='ocr_carea' id='block_1_52' title="bbox 313 4603 1982 4683">
    <p class='ocr_par' dir='ltr' id='par_1_52' title="bbox 313 4603 1982 4683">
     <span class='ocr_line' id='line_1_52' title="bbox 313 4603 1982 4683; baseline 0.002 -17"><span class='ocrx_word' id='word_1_433' title='bbox 313 4611 480 4666; x_wconf 84' lang='grc' dir='ltr'>αὐτοῦ</span> <span class='ocrx_word' id='word_1_434' title='bbox 509 4612 607 4680; x_wconf 78' lang='grc' dir='ltr'>τῆς</span> <span class='ocrx_word' id='word_1_435' title='bbox 636 4611 838 4682; x_wconf 83' lang='grc' dir='ltr'>ἀρετῆς</span> <span class='ocrx_word' id='word_1_436' title='bbox 869 4611 967 4682; x_wconf 81' lang='grc' dir='ltr'>τὴν</span> <span class='ocrx_word' id='word_1_437' title='bbox 994 4611 1318 4683; x_wconf 77' lang='grc' dir='ltr'>ὑπερϐολὴν,</span> <span class='ocrx_word' id='word_1_438' title='bbox 1355 4613 1473 4678; x_wconf 85' lang='grc' dir='ltr'>πῶς</span> <span class='ocrx_word' id='word_1_439' title='bbox 1502 4613 1688 4683; x_wconf 85' lang='grc' dir='ltr'>ίσχυσε</span> <span class='ocrx_word' id='word_1_440' title='bbox 1729 4603 1982 4669; x_wconf 73' lang='grc' dir='ltr'>τοσούτου</span> 
     </span>
    </p>
   </div>
   <div class='ocr_carea' id='block_1_53' title="bbox 310 4690 1985 4773">
    <p class='ocr_par' dir='ltr' id='par_1_53' title="bbox 310 4690 1985 4773">
     <span class='ocr_line' id='line_1_53' title="bbox 310 4690 1985 4773; baseline 0.002 -21"><span class='ocrx_word' id='word_1_441' title='bbox 310 4698 484 4769; x_wconf 77' lang='grc' dir='ltr'>δήμου</span> <span class='ocrx_word' id='word_1_442' title='bbox 513 4690 942 4766; x_wconf 79' lang='grc' dir='ltr'>καταγελῶντος,</span> <span class='ocrx_word' id='word_1_443' title='bbox 970 4697 1414 4769; x_wconf 77' lang='grc' dir='ltr'>έπεμϐαίνοντος,</span> <span class='ocrx_word' id='word_1_444' title='bbox 1436 4699 1809 4770; x_wconf 75' lang='grc' dir='ltr'>χλευάζοντος,</span> <span class='ocrx_word' id='word_1_445' title='bbox 1836 4719 1985 4773; x_wconf 87' lang='grc' dir='ltr'>κωμ-</span> 
     </span>
    </p>
   </div>
   <div class='ocr_carea' id='block_1_54' title="bbox 313 4783 1984 4855">
    <p class='ocr_par' dir='ltr' id='par_1_54' title="bbox 313 4783 1984 4855">
     <span class='ocr_line' id='line_1_54' title="bbox 313 4783 1984 4855; baseline 0.003 -19"><span class='ocrx_word' id='word_1_446' title='bbox 313 4783 575 4854; x_wconf 86' lang='grc' dir='ltr'>ῳδοῦντος</span> <span class='ocrx_word' id='word_1_447' title='bbox 609 4784 798 4853; x_wconf 83' lang='grc' dir='ltr'>(πάλιν</span> <span class='ocrx_word' id='word_1_448' title='bbox 825 4785 932 4855; x_wconf 79' lang='grc' dir='ltr'>γάρ</span> <span class='ocrx_word' id='word_1_449' title='bbox 963 4783 1030 4837; x_wconf 79' lang='grc' dir='ltr'>τά</span> <span class='ocrx_word' id='word_1_450' title='bbox 1061 4784 1201 4838; x_wconf 76' lang='grc' dir='ltr'>αὐτὰ</span> <span class='ocrx_word' id='word_1_451' title='bbox 1247 4785 1410 4852; x_wconf 87' lang='grc' dir='ltr'>λέγω,</span> <span class='ocrx_word' id='word_1_452' title='bbox 1431 4786 1523 4838; x_wconf 80' lang='grc' dir='ltr'>καί</span> <span class='ocrx_word' id='word_1_453' title='bbox 1567 4785 1738 4854; x_wconf 85' lang='grc' dir='ltr'>λέγων</span> <span class='ocrx_word' id='word_1_454' title='bbox 1767 4787 1828 4840; x_wconf 83' lang='grc' dir='ltr'>οὐ</span> <span class='ocrx_word' id='word_1_455' title='bbox 1847 4788 1984 4841; x_wconf 87' lang='grc' dir='ltr'>παύ-</span> 
     </span>
    </p>
   </div>
   <div class='ocr_carea' id='block_1_55' title="bbox 316 4870 1983 4942">
    <p class='ocr_par' dir='ltr' id='par_1_55' title="bbox 316 4870 1983 4942">
     <span class='ocr_line' id='line_1_55' title="bbox 316 4870 1983 4942; baseline 0.002 -18"><span class='ocrx_word' id='word_1_456' title='bbox 316 4871 515 4938; x_wconf 90' lang='grc' dir='ltr'>σομαι)</span> <span class='ocrx_word' id='word_1_457' title='bbox 549 4870 841 4939; x_wconf 81' lang='grc' dir='ltr'>ὑπεριδεῖν,</span> <span class='ocrx_word' id='word_1_458' title='bbox 872 4872 965 4924; x_wconf 76' lang='grc' dir='ltr'>καὶ</span> <span class='ocrx_word' id='word_1_459' title='bbox 1011 4870 1280 4942; x_wconf 84' lang='grc' dir='ltr'>άνώτερος</span> <span class='ocrx_word' id='word_1_460' title='bbox 1317 4871 1588 4939; x_wconf 85' lang='grc' dir='ltr'>γενέσθαι.</span> <span class='ocrx_word' id='word_1_461' title='bbox 1640 4873 1794 4938; x_wconf 89' lang='grc' dir='ltr'>Πῶς;</span> <span class='ocrx_word' id='word_1_462' title='bbox 1841 4875 1983 4942; x_wconf 84' lang='grc' dir='ltr'>Ἐγὼ</span> 
     </span>
    </p>
   </div>
   <div class='ocr_carea' id='block_1_56' title="bbox 321 4952 1985 5028">
    <p class='ocr_par' dir='ltr' id='par_1_56' title="bbox 321 4952 1985 5028">
     <span class='ocr_line' id='line_1_56' title="bbox 321 4952 1985 5028; baseline 0.002 -19"><span class='ocrx_word' id='word_1_463' title='bbox 321 4952 478 5023; x_wconf 73' lang='grc' dir='ltr'>λέγωο</span> <span class='ocrx_word' id='word_1_464' title='bbox 508 4953 724 5025; x_wconf 81' lang='grc' dir='ltr'>Ἐπειδὴ</span> <span class='ocrx_word' id='word_1_465' title='bbox 743 4955 1007 5023; x_wconf 80' lang='grc' dir='ltr'>διηνεκῶς</span> <span class='ocrx_word' id='word_1_466' title='bbox 1033 4956 1180 5028; x_wconf 83' lang='grc' dir='ltr'>ἐώρα</span> <span class='ocrx_word' id='word_1_467' title='bbox 1203 4955 1339 5026; x_wconf 84' lang='grc' dir='ltr'>πρὸς</span> <span class='ocrx_word' id='word_1_468' title='bbox 1354 4956 1445 5008; x_wconf 85' lang='grc' dir='ltr'>τὸν</span> <span class='ocrx_word' id='word_1_469' title='bbox 1466 4957 1761 5027; x_wconf 87' lang='grc' dir='ltr'>ἀκοίμητον</span> <span class='ocrx_word' id='word_1_470' title='bbox 1785 4957 1985 5026; x_wconf 85' lang='grc' dir='ltr'>ὀφθαλ-</span> 
     </span>
    </p>
   </div>
   <div class='ocr_carea' id='block_1_57' title="bbox 319 5039 1980 5116">
    <p class='ocr_par' dir='ltr' id='par_1_57' title="bbox 319 5039 1980 5116">
     <span class='ocr_line' id='line_1_57' title="bbox 319 5039 1980 5116; baseline 0.005 -25"><span class='ocrx_word' id='word_1_471' title='bbox 319 5041 437 5110; x_wconf 75' lang='grc' dir='ltr'>μὸν,</span> <span class='ocrx_word' id='word_1_472' title='bbox 477 5041 592 5093; x_wconf 84' lang='grc' dir='ltr'>ἐκεῖ</span> <span class='ocrx_word' id='word_1_473' title='bbox 633 5043 928 5112; x_wconf 75' lang='grc' dir='ltr'>τεταμένον</span> <span class='ocrx_word' id='word_1_474' title='bbox 975 5039 1089 5113; x_wconf 82' lang='grc' dir='ltr'>εἶχε</span> <span class='ocrx_word' id='word_1_475' title='bbox 1135 5044 1235 5112; x_wconf 82' lang='grc' dir='ltr'>τῆς</span> <span class='ocrx_word' id='word_1_476' title='bbox 1265 5041 1413 5114; x_wconf 68' lang='grc'>[209]</span> <span class='ocrx_word' id='word_1_477' title='bbox 1445 5043 1684 5107; x_wconf 88' lang='grc' dir='ltr'>διανοίας</span> <span class='ocrx_word' id='word_1_478' title='bbox 1713 5045 1774 5096; x_wconf 84' lang='grc' dir='ltr'>τὸ</span> <span class='ocrx_word' id='word_1_479' title='bbox 1803 5044 1980 5116; x_wconf 76' lang='grc' dir='ltr'>ὄμμα,</span> 
     </span>
    </p>
   </div>
   <div class='ocr_carea' id='block_1_58' title="bbox 317 5127 1977 5202">
    <p class='ocr_par' dir='ltr' id='par_1_58' title="bbox 317 5127 1977 5202">
     <span class='ocr_line' id='line_1_58' title="bbox 317 5127 1977 5202; baseline 0.004 -22"><span class='ocrx_word' id='word_1_480' title='bbox 317 5127 408 5180; x_wconf 79' lang='grc' dir='ltr'>καὶ</span> <span class='ocrx_word' id='word_1_481' title='bbox 439 5127 622 5180; x_wconf 80' lang='grc' dir='ltr'>λοιπὸν</span> <span class='ocrx_word' id='word_1_482' title='bbox 649 5127 854 5182; x_wconf 86' lang='grc' dir='ltr'>τούτων</span> <span class='ocrx_word' id='word_1_483' title='bbox 888 5129 1144 5184; x_wconf 79' lang='grc' dir='ltr'>ἁπάντων</span> <span class='ocrx_word' id='word_1_484' title='bbox 1175 5130 1252 5194; x_wconf 85' lang='grc' dir='ltr'>ὡς</span> <span class='ocrx_word' id='word_1_485' title='bbox 1281 5130 1432 5183; x_wconf 81' lang='grc' dir='ltr'>οὐδὲν</span> <span class='ocrx_word' id='word_1_486' title='bbox 1475 5130 1646 5183; x_wconf 80' lang='grc' dir='ltr'>ὄντων</span> <span class='ocrx_word' id='word_1_487' title='bbox 1673 5131 1977 5202; x_wconf 76' lang='grc' dir='ltr'>ἐφρόντιζε.</span> 
     </span>
    </p>
   </div>
   <div class='ocr_carea' id='block_1_59' title="bbox 314 5211 1980 5288">
    <p class='ocr_par' dir='ltr' id='par_1_59' title="bbox 314 5211 1980 5288">
     <span class='ocr_line' id='line_1_59' title="bbox 314 5211 1980 5288; baseline 0.003 -20"><span class='ocrx_word' id='word_1_488' title='bbox 314 5216 427 5268; x_wconf 83' lang='grc' dir='ltr'>Καὶ</span> <span class='ocrx_word' id='word_1_489' title='bbox 453 5213 562 5284; x_wconf 80' lang='grc' dir='ltr'>γάρ</span> <span class='ocrx_word' id='word_1_490' title='bbox 585 5211 758 5277; x_wconf 80' lang='grc' dir='ltr'>οὕτως</span> <span class='ocrx_word' id='word_1_491' title='bbox 790 5215 907 5286; x_wconf 70' lang='grc' dir='ltr'>ἔχει</span> <span class='ocrx_word' id='word_1_492' title='bbox 927 5229 942 5247; x_wconf 89' lang='grc'><strong>·</strong></span> <span class='ocrx_word' id='word_1_493' title='bbox 978 5215 1199 5270; x_wconf 83' lang='grc' dir='ltr'>ἐπειδάν</span> <span class='ocrx_word' id='word_1_494' title='bbox 1242 5217 1352 5286; x_wconf 87' lang='grc' dir='ltr'>γάρ</span> <span class='ocrx_word' id='word_1_495' title='bbox 1389 5233 1472 5278; x_wconf 91' lang='grc' dir='ltr'>τις</span> <span class='ocrx_word' id='word_1_496' title='bbox 1498 5215 1680 5287; x_wconf 85' lang='grc' dir='ltr'>τρωθῇ</span> <span class='ocrx_word' id='word_1_497' title='bbox 1705 5216 1785 5287; x_wconf 83' lang='grc' dir='ltr'>τῷ</span> <span class='ocrx_word' id='word_1_498' title='bbox 1817 5217 1980 5288; x_wconf 85' lang='grc' dir='ltr'>ἐρωτι</span> 
     </span>
    </p>
   </div>
   <div class='ocr_carea' id='block_1_60' title="bbox 313 5299 1978 5378">
    <p class='ocr_par' dir='ltr' id='par_1_60' title="bbox 313 5299 1978 5378">
     <span class='ocr_line' id='line_1_60' title="bbox 313 5299 1978 5378; baseline 0.002 -24"><span class='ocrx_word' id='word_1_499' title='bbox 313 5303 524 5370; x_wconf 81' lang='grc' dir='ltr'>ἐκείνῳ,</span> <span class='ocrx_word' id='word_1_500' title='bbox 555 5299 648 5352; x_wconf 79' lang='grc' dir='ltr'>καί</span> <span class='ocrx_word' id='word_1_501' title='bbox 671 5301 751 5364; x_wconf 86' lang='grc' dir='ltr'>εἰς</span> <span class='ocrx_word' id='word_1_502' title='bbox 779 5301 872 5354; x_wconf 80' lang='grc' dir='ltr'>τὸν</span> <span class='ocrx_word' id='word_1_503' title='bbox 896 5302 1031 5372; x_wconf 80' lang='lat'><em>1:96;</em></span> <span class='ocrx_word' id='word_1_504' title='bbox 1056 5305 1148 5357; x_wconf 86' lang='lat' dir='ltr'><em>:6v</em></span> <span class='ocrx_word' id='word_1_505' title='bbox 1179 5303 1310 5357; x_wconf 84' lang='grc' dir='ltr'>Θεὸν</span> <span class='ocrx_word' id='word_1_506' title='bbox 1333 5303 1494 5356; x_wconf 90' lang='grc' dir='ltr'>πόθον</span> <span class='ocrx_word' id='word_1_507' title='bbox 1520 5303 1710 5356; x_wconf 79' lang='grc' dir='ltr'>ἐαυτὸν</span> <span class='ocrx_word' id='word_1_508' title='bbox 1741 5304 1978 5378; x_wconf 85' lang='grc' dir='ltr'>ἐκτείνῃ,</span> 
     </span>
    </p>
   </div>
   <div class='ocr_carea' id='block_1_61' title="bbox 313 5387 1979 5461">
    <p class='ocr_par' dir='ltr' id='par_1_61' title="bbox 313 5387 1979 5461">
     <span class='ocr_line' id='line_1_61' title="bbox 313 5387 1979 5461; baseline 0.003 -20"><span class='ocrx_word' id='word_1_509' title='bbox 313 5388 463 5441; x_wconf 77' lang='grc' dir='ltr'>οὐδὲν</span> <span class='ocrx_word' id='word_1_510' title='bbox 483 5387 671 5456; x_wconf 75' lang='grc' dir='ltr'>ἓτερον</span> <span class='ocrx_word' id='word_1_511' title='bbox 694 5388 798 5458; x_wconf 77' lang='grc' dir='ltr'>ὁρᾷ</span> <span class='ocrx_word' id='word_1_512' title='bbox 824 5388 934 5442; x_wconf 89' lang='grc' dir='ltr'>τῶν</span> <span class='ocrx_word' id='word_1_513' title='bbox 964 5389 1279 5461; x_wconf 83' lang='grc' dir='ltr'>δρωμένων,</span> <span class='ocrx_word' id='word_1_514' title='bbox 1304 5391 1442 5445; x_wconf 87' lang='grc' dir='ltr'>άλλά</span> <span class='ocrx_word' id='word_1_515' title='bbox 1468 5390 1730 5461; x_wconf 76' lang='grc' dir='ltr'>διηνεκῶς</span> <span class='ocrx_word' id='word_1_516' title='bbox 1774 5392 1979 5446; x_wconf 87' lang='grc' dir='ltr'>ἐκεῖνον</span> 
     </span>
    </p>
   </div>
   <div class='ocr_carea' id='block_1_62' title="bbox 313 5472 1976 5548">
    <p class='ocr_par' dir='ltr' id='par_1_62' title="bbox 313 5472 1976 5548">
     <span class='ocr_line' id='line_1_62' title="bbox 313 5472 1976 5548; baseline 0 -20"><span class='ocrx_word' id='word_1_517' title='bbox 313 5473 642 5541; x_wconf 82' lang='grc' dir='ltr'>φαντάζεται</span> <span class='ocrx_word' id='word_1_518' title='bbox 667 5473 759 5525; x_wconf 81' lang='grc' dir='ltr'>τὸν</span> <span class='ocrx_word' id='word_1_519' title='bbox 787 5472 1138 5544; x_wconf 85' lang='grc' dir='ltr'>ποθούμενον,</span> <span class='ocrx_word' id='word_1_520' title='bbox 1161 5478 1256 5529; x_wconf 74' lang='grc' dir='ltr'>καὶ</span> <span class='ocrx_word' id='word_1_521' title='bbox 1282 5481 1339 5531; x_wconf 81' lang='grc' dir='ltr'>ἐν</span> <span class='ocrx_word' id='word_1_522' title='bbox 1366 5479 1542 5542; x_wconf 79' lang='grc' dir='ltr'>νυκτὶ,</span> <span class='ocrx_word' id='word_1_523' title='bbox 1574 5477 1668 5529; x_wconf 83' lang='grc' dir='ltr'>καί</span> <span class='ocrx_word' id='word_1_524' title='bbox 1690 5477 1748 5529; x_wconf 63' lang='grc' dir='ltr'>ἐκ·</span> <span class='ocrx_word' id='word_1_525' title='bbox 1772 5478 1976 5548; x_wconf 71' lang='grc' dir='ltr'>ἡμέρᾳ,</span> 
     </span>
    </p>
   </div>
   <div class='ocr_carea' id='block_1_63' title="bbox 313 5558 1978 5640">
    <p class='ocr_par' dir='ltr' id='par_1_63' title="bbox 313 5558 1978 5640">
     <span class='ocr_line' id='line_1_63' title="bbox 313 5558 1978 5640; baseline 0.004 -28"><span class='ocrx_word' id='word_1_526' title='bbox 313 5562 402 5612; x_wconf 74' lang='grc' dir='ltr'>καὶ</span> <span class='ocrx_word' id='word_1_527' title='bbox 424 5558 829 5630; x_wconf 83' lang='grc' dir='ltr'>κοιταζόμενος,</span> <span class='ocrx_word' id='word_1_528' title='bbox 856 5560 1393 5640; x_wconf 75' lang='grc' dir='ltr'>καὶδιανιστάμενος.</span> <span class='ocrx_word' id='word_1_529' title='bbox 1420 5565 1511 5634; x_wconf 81' lang='grc' dir='ltr'><strong>Μὴ</strong></span> <span class='ocrx_word' id='word_1_530' title='bbox 1539 5563 1718 5616; x_wconf 89' lang='grc' dir='ltr'>τοίνυν</span> <span class='ocrx_word' id='word_1_531' title='bbox 1759 5581 1817 5616; x_wconf 81' lang='grc' dir='ltr'>σε</span> <span class='ocrx_word' id='word_1_532' title='bbox 1839 5563 1978 5630; x_wconf 76' lang='grc' dir='ltr'>ξενι-</span> 
     </span>
    </p>
   </div>
   <div class='ocr_carea' id='block_1_64' title="bbox 313 5641 1980 5722">
    <p class='ocr_par' dir='ltr' id='par_1_64' title="bbox 313 5641 1980 5722">
     <span class='ocr_line' id='line_1_64' title="bbox 313 5641 1980 5722; baseline 0.005 -25"><span class='ocrx_word' id='word_1_533' title='bbox 313 5646 472 5712; x_wconf 85' lang='grc' dir='ltr'>ζέτω,</span> <span class='ocrx_word' id='word_1_534' title='bbox 491 5647 542 5700; x_wconf 87' lang='grc' dir='ltr'>εἰ</span> <span class='ocrx_word' id='word_1_535' title='bbox 580 5647 675 5699; x_wconf 79' lang='grc' dir='ltr'>καὶ</span> <span class='ocrx_word' id='word_1_536' title='bbox 706 5646 735 5698; x_wconf 92' lang='lat'>6</span> <span class='ocrx_word' id='word_1_537' title='bbox 757 5645 966 5710; x_wconf 86' lang='grc' dir='ltr'>δίκαιος</span> <span class='ocrx_word' id='word_1_538' title='bbox 997 5641 1150 5711; x_wconf 80' lang='lat'><em>06:0;</em></span> <span class='ocrx_word' id='word_1_539' title='bbox 1173 5649 1320 5716; x_wconf 73' lang='grc' dir='ltr'>ἅπαξ</span> <span class='ocrx_word' id='word_1_540' title='bbox 1343 5651 1462 5704; x_wconf 85' lang='grc' dir='ltr'>ἐκεῖ</span> <span class='ocrx_word' id='word_1_541' title='bbox 1487 5649 1670 5713; x_wconf 90' lang='grc' dir='ltr'>τείνας</span> <span class='ocrx_word' id='word_1_542' title='bbox 1689 5648 1856 5704; x_wconf 83' lang='grc' dir='ltr'>αὑτοῦ</span> <span class='ocrx_word' id='word_1_543' title='bbox 1879 5652 1980 5722; x_wconf 64' lang='grc' dir='ltr'>τὴν</span> 
     </span>
    </p>
   </div>
   <div class='ocr_carea' id='block_1_65' title="bbox 378 5749 1977 5824">
    <p class='ocr_par' dir='ltr' id='par_1_65' title="bbox 378 5749 1977 5824">
     <span class='ocr_line' id='line_1_65' title="bbox 378 5749 1977 5824; baseline 0.003 -26"><span class='ocrx_word' id='word_1_544' title='bbox 378 5749 501 5824; x_wconf 52' lang='grc' dir='ltr'>τεξσ</span> <span class='ocrx_word' id='word_1_545' title='bbox 540 5753 650 5801; x_wconf 83' lang='lat' dir='ltr'>Sav.</span> <span class='ocrx_word' id='word_1_546' title='bbox 691 5758 744 5810; x_wconf 68' lang='lat' dir='ltr'><strong>et</strong></span> <span class='ocrx_word' id='word_1_547' title='bbox 781 5764 869 5802; x_wconf 79' lang='lat' dir='ltr'>sex</span> <span class='ocrx_word' id='word_1_548' title='bbox 919 5764 1030 5800; x_wconf 85' lang='lat' dir='ltr'><strong>mss.</strong></span> <span class='ocrx_word' id='word_1_549' title='bbox 1083 5751 1257 5802; x_wconf 75' lang='lat' dir='ltr'>Morel.</span> <span class='ocrx_word' id='word_1_550' title='bbox 1296 5755 1390 5802; x_wconf 87' lang='grc' dir='ltr'>τῶν</span> <span class='ocrx_word' id='word_1_551' title='bbox 1422 5753 1650 5802; x_wconf 79' lang='grc' dir='ltr'>τοιούτων</span> <span class='ocrx_word' id='word_1_552' title='bbox 1695 5755 1977 5818; x_wconf 72' lang='grc' dir='ltr'>περιγίνεται</span> 
     </span>
    </p>
   </div>
   <div class='ocr_carea' id='block_1_66' title="bbox 318 5827 506 5872">
    <p class='ocr_par' dir='ltr' id='par_1_66' title="bbox 318 5827 506 5872">
     <span class='ocr_line' id='line_1_66' title="bbox 318 5827 506 5872; baseline 0 -12"><span class='ocrx_word' id='word_1_553' title='bbox 318 5831 397 5862; x_wconf 75' lang='grc' dir='ltr'>και</span> <span class='ocrx_word' id='word_1_554' title='bbox 419 5827 506 5872; x_wconf 87' lang='grc' dir='ltr'>τῳ.</span> 
     </span>
    </p>
   </div>
   <div class='ocr_carea' id='block_1_67' title="bbox 1460 175 2594 236">
    <p class='ocr_par' dir='ltr' id='par_1_67' title="bbox 1460 175 2594 236">
     <span class='ocr_line' id='line_1_67' title="bbox 1460 175 2594 236; baseline 0.004 -8"><span class='ocrx_word' id='word_1_555' title='bbox 1460 175 1526 231; x_wconf 79' lang='grc' dir='ltr'>ΙΝ</span> <span class='ocrx_word' id='word_1_556' title='bbox 1556 178 1704 234; x_wconf 83' lang='lat' dir='ltr'>CAP.</span> <span class='ocrx_word' id='word_1_557' title='bbox 1748 177 1816 234; x_wconf 81' lang='lat' dir='ltr'>Vl</span> <span class='ocrx_word' id='word_1_558' title='bbox 1852 177 2096 236; x_wconf 74' lang='lat' dir='ltr'>GENES.</span> <span class='ocrx_word' id='word_1_559' title='bbox 2137 177 2366 234; x_wconf 77' lang='lat' dir='ltr'>HOMIL.</span> <span class='ocrx_word' id='word_1_560' title='bbox 2409 176 2594 234; x_wconf 76' lang='lat' dir='ltr'>XXIII.</span> 
     </span>
    </p>
   </div>
   <div class='ocr_carea' id='block_1_68' title="bbox 3655 174 3764 231">
    <p class='ocr_par' dir='ltr' id='par_1_68' title="bbox 3655 174 3764 231">
     <span class='ocr_line' id='line_1_68' title="bbox 3655 174 3764 231; baseline 0.018 -2"><span class='ocrx_word' id='word_1_561' title='bbox 3655 174 3764 231; x_wconf 72' lang='lat'>900</span> 
     </span>
    </p>
   </div>
   <div class='ocr_carea' id='block_1_69' title="bbox 2092 284 3760 362">
    <p class='ocr_par' dir='ltr' id='par_1_69' title="bbox 2092 284 3760 362">
     <span class='ocr_line' id='line_1_69' title="bbox 2092 284 3760 362; baseline -0.003 -14"><span class='ocrx_word' id='word_1_562' title='bbox 2092 295 2354 360; x_wconf 88' lang='grc' dir='ltr'>διάνοιαν,</span> <span class='ocrx_word' id='word_1_563' title='bbox 2408 292 2625 356; x_wconf 79' lang='grc' dir='ltr'>οὐδενὸς</span> <span class='ocrx_word' id='word_1_564' title='bbox 2659 291 2942 362; x_wconf 72' lang='grc' dir='ltr'>ἐφρόντιζε</span> <span class='ocrx_word' id='word_1_565' title='bbox 2978 284 3088 345; x_wconf 87' lang='grc' dir='ltr'>τῶν</span> <span class='ocrx_word' id='word_1_566' title='bbox 3149 289 3526 354; x_wconf 78' lang='grc' dir='ltr'>ὑποσκελίζειν</span> <span class='ocrx_word' id='word_1_567' title='bbox 3552 289 3760 358; x_wconf 76' lang='grc' dir='ltr'>ἐπιχειο</span> 
     </span>
    </p>
   </div>
   <div class='ocr_carea' id='block_1_70' title="bbox 2091 375 3760 453">
    <p class='ocr_par' dir='ltr' id='par_1_70' title="bbox 2091 375 3760 453">
     <span class='ocr_line' id='line_1_70' title="bbox 2091 375 3760 453; baseline -0.004 -19"><span class='ocrx_word' id='word_1_568' title='bbox 2091 381 2347 453; x_wconf 88' lang='grc' dir='ltr'>ρούντων.</span> <span class='ocrx_word' id='word_1_569' title='bbox 2379 381 2460 434; x_wconf 82' lang='grc' dir='ltr'>Τὰ</span> <span class='ocrx_word' id='word_1_570' title='bbox 2491 379 2600 450; x_wconf 75' lang='grc' dir='ltr'>γάρ</span> <span class='ocrx_word' id='word_1_571' title='bbox 2630 379 2762 448; x_wconf 84' lang='grc' dir='ltr'>παρ’</span> <span class='ocrx_word' id='word_1_572' title='bbox 2799 375 2993 431; x_wconf 89' lang='grc' dir='ltr'>ἐαυτοῦ</span> <span class='ocrx_word' id='word_1_573' title='bbox 3035 377 3466 447; x_wconf 83' lang='grc' dir='ltr'>ἐπιδειξάμενος,</span> <span class='ocrx_word' id='word_1_574' title='bbox 3517 376 3613 428; x_wconf 80' lang='grc' dir='ltr'>καὶ</span> <span class='ocrx_word' id='word_1_575' title='bbox 3656 375 3760 445; x_wconf 74' lang='grc' dir='ltr'>τὴν</span> 
     </span>
    </p>
   </div>
   <div class='ocr_carea' id='block_1_71' title="bbox 2091 461 3755 538">
    <p class='ocr_par' dir='ltr' id='par_1_71' title="bbox 2091 461 3755 538">
     <span class='ocr_line' id='line_1_71' title="bbox 2091 461 3755 538; baseline -0.005 -16"><span class='ocrx_word' id='word_1_576' title='bbox 2091 467 2298 522; x_wconf 77' lang='grc' dir='ltr'>ἄνωθεν</span> <span class='ocrx_word' id='word_1_577' title='bbox 2330 467 2490 538; x_wconf 90' lang='grc' dir='ltr'>χάριν</span> <span class='ocrx_word' id='word_1_578' title='bbox 2535 462 2980 534; x_wconf 85' lang='grc' dir='ltr'>ἐπισπασάμενος</span> <span class='ocrx_word' id='word_1_579' title='bbox 3026 462 3298 535; x_wconf 81' lang='grc' dir='ltr'>ἀνώτερος</span> <span class='ocrx_word' id='word_1_580' title='bbox 3349 462 3604 516; x_wconf 82' lang='grc' dir='ltr'>ἁπάντων</span> <span class='ocrx_word' id='word_1_581' title='bbox 3639 461 3755 529; x_wconf 80' lang='grc' dir='ltr'>ἐγί-</span> 
     </span>
    </p>
   </div>
   <div class='ocr_carea' id='block_1_72' title="bbox 2090 547 3774 624">
    <p class='ocr_par' dir='ltr' id='par_1_72' title="bbox 2090 547 3774 624">
     <span class='ocr_line' id='line_1_72' title="bbox 2090 547 3774 624; baseline -0.004 -18"><span class='ocrx_word' id='word_1_582' title='bbox 2090 566 2230 607; x_wconf 85' lang='grc' dir='ltr'>νετο·</span> <span class='ocrx_word' id='word_1_583' title='bbox 2253 554 2380 608; x_wconf 97' lang='grc' dir='ltr'>Νῶε</span> <span class='ocrx_word' id='word_1_584' title='bbox 2403 551 2533 624; x_wconf 82' lang='grc' dir='ltr'>γάρ.</span> <span class='ocrx_word' id='word_1_585' title='bbox 2555 551 2738 622; x_wconf 73' lang='grc' dir='ltr'>φησὶν,</span> <span class='ocrx_word' id='word_1_586' title='bbox 2759 547 2897 618; x_wconf 80' lang='grc' dir='ltr'>εὗρε</span> <span class='ocrx_word' id='word_1_587' title='bbox 2920 548 3096 618; x_wconf 77' lang='grc' dir='ltr'>χάριν</span> <span class='ocrx_word' id='word_1_588' title='bbox 3113 549 3392 604; x_wconf 81' lang='grc' dir='ltr'>ἐναντίον</span> <span class='ocrx_word' id='word_1_589' title='bbox 3412 549 3631 615; x_wconf 85' lang='grc' dir='ltr'>Κυρίου</span> <span class='ocrx_word' id='word_1_590' title='bbox 3650 547 3774 602; x_wconf 77' lang='grc' dir='ltr'>τοῦ.</span> 
     </span>
    </p>
   </div>
   <div class='ocr_carea' id='block_1_73' title="bbox 2094 629 3757 710">
    <p class='ocr_par' dir='ltr' id='par_1_73' title="bbox 2094 629 3757 710">
     <span class='ocr_line' id='line_1_73' title="bbox 2094 629 3757 710; baseline -0.003 -17"><span class='ocrx_word' id='word_1_591' title='bbox 2094 639 2280 693; x_wconf 51' lang='grc' dir='ltr'>Θεοῦ(</span> <span class='ocrx_word' id='word_1_592' title='bbox 2295 641 2355 693; x_wconf 68' lang='lat' dir='ltr'>Et</span> <span class='ocrx_word' id='word_1_593' title='bbox 2378 640 2472 692; x_wconf 74' lang='grc' dir='ltr'>καὶ</span> <span class='ocrx_word' id='word_1_594' title='bbox 2493 638 2642 710; x_wconf 83' lang='grc' dir='ltr'>πάσῃ</span> <span class='ocrx_word' id='word_1_595' title='bbox 2672 639 2738 707; x_wconf 76' lang='grc' dir='ltr'>τῇ</span> <span class='ocrx_word' id='word_1_596' title='bbox 2761 636 2869 690; x_wconf 87' lang='grc' dir='ltr'>τῶν</span> <span class='ocrx_word' id='word_1_597' title='bbox 2889 635 3010 688; x_wconf 89' lang='grc' dir='ltr'>τότε</span> <span class='ocrx_word' id='word_1_598' title='bbox 3032 634 3333 704; x_wconf 87' lang='grc' dir='ltr'>ἀνθρώπων</span> <span class='ocrx_word' id='word_1_599' title='bbox 3370 635 3530 704; x_wconf 81' lang='grc' dir='ltr'>φύσει</span> <span class='ocrx_word' id='word_1_600' title='bbox 3563 635 3662 687; x_wconf 83' lang='grc' dir='ltr'>οὐκ</span> <span class='ocrx_word' id='word_1_601' title='bbox 3687 629 3757 705; x_wconf 83' lang='grc' dir='ltr'>ἦν</span> 
     </span>
    </p>
   </div>
   <div class='ocr_carea' id='block_1_74' title="bbox 2090 721 3758 796">
    <p class='ocr_par' dir='ltr' id='par_1_74' title="bbox 2090 721 3758 796">
     <span class='ocr_line' id='line_1_74' title="bbox 2090 721 3758 796; baseline -0.004 -18"><span class='ocrx_word' id='word_1_602' title='bbox 2090 725 2369 796; x_wconf 89' lang='grc' dir='ltr'>ἐπίχαρις,</span> <span class='ocrx_word' id='word_1_603' title='bbox 2393 724 2514 778; x_wconf 88' lang='grc' dir='ltr'>ούδέ</span> <span class='ocrx_word' id='word_1_604' title='bbox 2537 723 2802 787; x_wconf 84' lang='grc' dir='ltr'>ποθεινὸς,</span> <span class='ocrx_word' id='word_1_605' title='bbox 2832 722 2919 776; x_wconf 81' lang='grc' dir='ltr'>διὰ</span> <span class='ocrx_word' id='word_1_606' title='bbox 2944 722 3004 776; x_wconf 97' lang='lat'>:6</span> <span class='ocrx_word' id='word_1_607' title='bbox 3035 721 3109 792; x_wconf 81' lang='grc' dir='ltr'>μὴ</span> <span class='ocrx_word' id='word_1_608' title='bbox 3146 721 3428 790; x_wconf 85' lang='grc' dir='ltr'>βούλεσθαι</span> <span class='ocrx_word' id='word_1_609' title='bbox 3461 721 3560 790; x_wconf 78' lang='grc' dir='ltr'>τὴν</span> <span class='ocrx_word' id='word_1_610' title='bbox 3587 721 3758 790; x_wconf 74' lang='grc' dir='ltr'>αὐτὴν</span> 
     </span>
    </p>
   </div>
   <div class='ocr_carea' id='block_1_75' title="bbox 2089 807 3758 908">
    <p class='ocr_par' dir='ltr' id='par_1_75' title="bbox 2089 807 3758 908">
     <span class='ocr_line' id='line_1_75' title="bbox 2089 807 3758 908; baseline -0.003 -44"><span class='ocrx_word' id='word_1_611' title='bbox 2089 811 2273 874; x_wconf 82' lang='grc' dir='ltr'>αὐτοῖς</span> <span class='ocrx_word' id='word_1_612' title='bbox 2301 810 2505 864; x_wconf 78' lang='grc' dir='ltr'>ὁδεύειν</span> <span class='ocrx_word' id='word_1_613' title='bbox 2537 809 2843 908; x_wconf 51' lang='grc' dir='ltr'>ὁδὸνδάᾒά</span> <span class='ocrx_word' id='word_1_614' title='bbox 2873 809 3010 881; x_wconf 83' lang='grc' dir='ltr'>πρὸς</span> <span class='ocrx_word' id='word_1_615' title='bbox 3039 810 3260 908; x_wconf 46' lang='grc' dir='ltr'>ἐκεῖνον.</span> <span class='ocrx_word' id='word_1_616' title='bbox 3281 808 3374 904; x_wconf 68' lang='grc' dir='ltr'>τὸν</span> <span class='ocrx_word' id='word_1_617' title='bbox 3399 808 3498 908; x_wconf 68' lang='grc' dir='ltr'>τάς</span> <span class='ocrx_word' id='word_1_618' title='bbox 3530 807 3758 908; x_wconf 83' lang='grc' dir='ltr'>καρδίας</span> 
     </span>
    </p>
   </div>
   <div class='ocr_carea' id='block_1_76' title="bbox 2088 891 3758 970">
    <p class='ocr_par' dir='ltr' id='par_1_76' title="bbox 2088 891 3758 970">
     <span class='ocr_line' id='line_1_76' title="bbox 2088 891 3758 970; baseline -0.004 -20"><span class='ocrx_word' id='word_1_619' title='bbox 2088 897 2457 968; x_wconf 78' lang='grc' dir='ltr'>ἐμϐατεύοντα</span> <span class='ocrx_word' id='word_1_620' title='bbox 2488 891 2818 970; x_wconf 68' lang='grc' dir='ltr'>χάρινέὗρε,</span> <span class='ocrx_word' id='word_1_621' title='bbox 2846 897 2940 950; x_wconf 72' lang='grc' dir='ltr'>καὶ</span> <span class='ocrx_word' id='word_1_622' title='bbox 2969 897 3172 958; x_wconf 82' lang='grc' dir='ltr'>ἐκεῖνος</span> <span class='ocrx_word' id='word_1_623' title='bbox 3201 894 3370 948; x_wconf 81' lang='grc' dir='ltr'>αὑτοῦ</span> <span class='ocrx_word' id='word_1_624' title='bbox 3403 895 3500 964; x_wconf 81' lang='grc' dir='ltr'>τὴν</span> <span class='ocrx_word' id='word_1_625' title='bbox 3530 891 3758 964; x_wconf 90' lang='grc' dir='ltr'>γνώμην</span> 
     </span>
    </p>
   </div>
   <div class='ocr_carea' id='block_1_77' title="bbox 2090 982 3759 1057">
    <p class='ocr_par' dir='ltr' id='par_1_77' title="bbox 2090 982 3759 1057">
     <span class='ocr_line' id='line_1_77' title="bbox 2090 982 3759 1057; baseline -0.001 -19"><span class='ocrx_word' id='word_1_626' title='bbox 2090 985 2406 1050; x_wconf 79' lang='grc' dir='ltr'>ἀπεδέξατο.</span> <span class='ocrx_word' id='word_1_627' title='bbox 2445 985 2511 1038; x_wconf 83' lang='grc' dir='ltr'>Τί</span> <span class='ocrx_word' id='word_1_628' title='bbox 2558 985 2691 1057; x_wconf 80' lang='grc' dir='ltr'>γάρ.</span> <span class='ocrx_word' id='word_1_629' title='bbox 2733 985 2853 1038; x_wconf 86' lang='grc' dir='ltr'>εἰπέ</span> <span class='ocrx_word' id='word_1_630' title='bbox 2882 1002 2993 1053; x_wconf 90' lang='grc' dir='ltr'>μοι,</span> <span class='ocrx_word' id='word_1_631' title='bbox 3036 983 3234 1053; x_wconf 80' lang='grc' dir='ltr'>βλάϐος</span> <span class='ocrx_word' id='word_1_632' title='bbox 3255 982 3506 1036; x_wconf 88' lang='grc' dir='ltr'>ἐντεῦθεν</span> <span class='ocrx_word' id='word_1_633' title='bbox 3538 982 3759 1050; x_wconf 88' lang='grc' dir='ltr'>ἐγένετο</span> 
     </span>
    </p>
   </div>
   <div class='ocr_carea' id='block_1_78' title="bbox 2087 1067 3757 1144">
    <p class='ocr_par' dir='ltr' id='par_1_78' title="bbox 2087 1067 3757 1144">
     <span class='ocr_line' id='line_1_78' title="bbox 2087 1067 3757 1144; baseline -0.004 -18"><span class='ocrx_word' id='word_1_634' title='bbox 2087 1072 2197 1126; x_wconf 81' lang='grc' dir='ltr'>ἀπὸ</span> <span class='ocrx_word' id='word_1_635' title='bbox 2230 1073 2327 1142; x_wconf 80' lang='grc' dir='ltr'>τῆς</span> <span class='ocrx_word' id='word_1_636' title='bbox 2351 1072 2459 1126; x_wconf 87' lang='grc' dir='ltr'>τῶν</span> <span class='ocrx_word' id='word_1_637' title='bbox 2489 1072 2765 1144; x_wconf 82' lang='grc' dir='ltr'>ὁμογενῶν</span> <span class='ocrx_word' id='word_1_638' title='bbox 2785 1071 2984 1142; x_wconf 84' lang='grc' dir='ltr'>χλεύης</span> <span class='ocrx_word' id='word_1_639' title='bbox 3004 1067 3222 1124; x_wconf 74' lang='grc' dir='ltr'>καὶτοῦ</span> <span class='ocrx_word' id='word_1_640' title='bbox 3239 1068 3637 1137; x_wconf 85' lang='grc' dir='ltr'>καταγέλωτος,</span> <span class='ocrx_word' id='word_1_641' title='bbox 3660 1067 3757 1122; x_wconf 91' lang='grc' dir='ltr'>τοῦ</span> 
     </span>
    </p>
   </div>
   <div class='ocr_carea' id='block_1_79' title="bbox 2087 1157 3760 1231">
    <p class='ocr_par' dir='ltr' id='par_1_79' title="bbox 2087 1157 3760 1231">
     <span class='ocr_line' id='line_1_79' title="bbox 2087 1157 3760 1231; baseline -0.001 -19"><span class='ocrx_word' id='word_1_642' title='bbox 2087 1160 2392 1226; x_wconf 85' lang='grc' dir='ltr'>πλάσαντος</span> <span class='ocrx_word' id='word_1_643' title='bbox 2421 1160 2520 1223; x_wconf 75' lang='grc' dir='ltr'>τὰς</span> <span class='ocrx_word' id='word_1_644' title='bbox 2551 1160 2778 1231; x_wconf 84' lang='grc' dir='ltr'>καρδίας</span> <span class='ocrx_word' id='word_1_645' title='bbox 2799 1159 2974 1231; x_wconf 80' lang='grc' dir='ltr'>ἡμῶν,</span> <span class='ocrx_word' id='word_1_646' title='bbox 3022 1159 3118 1212; x_wconf 77' lang='grc' dir='ltr'>καὶ</span> <span class='ocrx_word' id='word_1_647' title='bbox 3169 1157 3440 1220; x_wconf 89' lang='grc' dir='ltr'>συνιέντος</span> <span class='ocrx_word' id='word_1_648' title='bbox 3469 1157 3549 1219; x_wconf 85' lang='grc' dir='ltr'>είς</span> <span class='ocrx_word' id='word_1_649' title='bbox 3580 1157 3760 1211; x_wconf 85' lang='grc' dir='ltr'>πάντα</span> 
     </span>
    </p>
   </div>
   <div class='ocr_carea' id='block_1_80' title="bbox 2088 1246 3758 1322">
    <p class='ocr_par' dir='ltr' id='par_1_80' title="bbox 2088 1246 3758 1322">
     <span class='ocr_line' id='line_1_80' title="bbox 2088 1246 3758 1322; baseline -0.004 -19"><span class='ocrx_word' id='word_1_650' title='bbox 2088 1249 2156 1303; x_wconf 72' lang='grc' dir='ltr'>τά</span> <span class='ocrx_word' id='word_1_651' title='bbox 2180 1250 2316 1321; x_wconf 76' lang='grc' dir='ltr'>ἔργα</span> <span class='ocrx_word' id='word_1_652' title='bbox 2348 1253 2381 1322; x_wconf 80' lang='grc' dir='ltr'>η</span> <span class='ocrx_word' id='word_1_653' title='bbox 2391 1250 2506 1320; x_wconf 89' lang='grc' dir='ltr'>μῶν</span> <span class='ocrx_word' id='word_1_654' title='bbox 2526 1289 2541 1312; x_wconf 92' lang='grc'>,</span> <span class='ocrx_word' id='word_1_655' title='bbox 2587 1249 3053 1320; x_wconf 88' lang='grc' dir='ltr'>άνακηρύττοντος</span> <span class='ocrx_word' id='word_1_656' title='bbox 3078 1247 3170 1300; x_wconf 79' lang='grc' dir='ltr'>τὸν</span> <span class='ocrx_word' id='word_1_657' title='bbox 3223 1246 3388 1316; x_wconf 72' lang='grc' dir='ltr'>ἀνδρα</span> <span class='ocrx_word' id='word_1_658' title='bbox 3439 1246 3533 1299; x_wconf 75' lang='grc' dir='ltr'>καὶ</span> <span class='ocrx_word' id='word_1_659' title='bbox 3559 1262 3758 1314; x_wconf 85' lang='grc' dir='ltr'>στεφα-</span> 
     </span>
    </p>
   </div>
   <div class='ocr_carea' id='block_1_81' title="bbox 2088 1331 3760 1405">
    <p class='ocr_par' dir='ltr' id='par_1_81' title="bbox 2088 1331 3760 1405">
     <span class='ocr_line' id='line_1_81' title="bbox 2088 1331 3760 1405; baseline -0.002 -16"><span class='ocrx_word' id='word_1_660' title='bbox 2088 1335 2339 1401; x_wconf 90' lang='grc' dir='ltr'>νοῦντος;</span> <span class='ocrx_word' id='word_1_661' title='bbox 2371 1337 2435 1389; x_wconf 86' lang='grc' dir='ltr'>Τί</span> <span class='ocrx_word' id='word_1_662' title='bbox 2459 1336 2516 1389; x_wconf 80' lang='grc' dir='ltr'>δὲ</span> <span class='ocrx_word' id='word_1_663' title='bbox 2535 1334 2725 1405; x_wconf 84' lang='grc' dir='ltr'>δφελος</span> <span class='ocrx_word' id='word_1_664' title='bbox 2752 1333 3024 1405; x_wconf 88' lang='grc' dir='ltr'>ἀνθρώπῳ</span> <span class='ocrx_word' id='word_1_665' title='bbox 3053 1333 3246 1402; x_wconf 84' lang='grc' dir='ltr'>γένοιτ’</span> <span class='ocrx_word' id='word_1_666' title='bbox 3282 1332 3348 1386; x_wconf 81' lang='grc' dir='ltr'>ἂν</span> <span class='ocrx_word' id='word_1_667' title='bbox 3397 1331 3550 1403; x_wconf 86' lang='grc' dir='ltr'>παρά</span> <span class='ocrx_word' id='word_1_668' title='bbox 3576 1332 3760 1401; x_wconf 86' lang='grc' dir='ltr'>πάσης</span> 
     </span>
    </p>
   </div>
   <div class='ocr_carea' id='block_1_82' title="bbox 2086 1417 3758 1493">
    <p class='ocr_par' dir='ltr' id='par_1_82' title="bbox 2086 1417 3758 1493">
     <span class='ocr_line' id='line_1_82' title="bbox 2086 1417 3758 1493; baseline -0.002 -19"><span class='ocrx_word' id='word_1_669' title='bbox 2086 1423 2186 1492; x_wconf 86' lang='grc' dir='ltr'>τῆς</span> <span class='ocrx_word' id='word_1_670' title='bbox 2206 1423 2529 1493; x_wconf 74' lang='grc' dir='ltr'>οἰκουμένης</span> <span class='ocrx_word' id='word_1_671' title='bbox 2559 1421 2958 1493; x_wconf 76' lang='grc' dir='ltr'>θαυμαζομένῳ</span> <span class='ocrx_word' id='word_1_672' title='bbox 2979 1421 3072 1474; x_wconf 76' lang='grc' dir='ltr'>καὶ</span> <span class='ocrx_word' id='word_1_673' title='bbox 3104 1419 3498 1490; x_wconf 83' lang='grc' dir='ltr'>ἐπαινουμένῳ,</span> <span class='ocrx_word' id='word_1_674' title='bbox 3527 1417 3678 1490; x_wconf 88' lang='grc' dir='ltr'>παρὰ</span> <span class='ocrx_word' id='word_1_675' title='bbox 3698 1417 3758 1471; x_wconf 77' lang='grc' dir='ltr'>δέ</span> 
     </span>
    </p>
   </div>
   <div class='ocr_carea' id='block_1_83' title="bbox 2087 1504 3756 1581">
    <p class='ocr_par' dir='ltr' id='par_1_83' title="bbox 2087 1504 3756 1581">
     <span class='ocr_line' id='line_1_83' title="bbox 2087 1504 3756 1581; baseline -0.001 -21"><span class='ocrx_word' id='word_1_676' title='bbox 2087 1508 2181 1562; x_wconf 89' lang='grc' dir='ltr'>τοῦ</span> <span class='ocrx_word' id='word_1_677' title='bbox 2215 1508 2323 1560; x_wconf 89' lang='grc' dir='ltr'>τῶν</span> <span class='ocrx_word' id='word_1_678' title='bbox 2352 1509 2488 1563; x_wconf 84' lang='grc' dir='ltr'>ὅλων</span> <span class='ocrx_word' id='word_1_679' title='bbox 2505 1507 2838 1581; x_wconf 80' lang='grc' dir='ltr'>δημιουργοῦ</span> <span class='ocrx_word' id='word_1_680' title='bbox 2886 1509 2979 1562; x_wconf 87' lang='grc' dir='ltr'>καί</span> <span class='ocrx_word' id='word_1_681' title='bbox 3013 1507 3104 1561; x_wconf 88' lang='grc' dir='ltr'>τοῦ</span> <span class='ocrx_word' id='word_1_682' title='bbox 3141 1505 3579 1578; x_wconf 88' lang='grc' dir='ltr'>ἀπαραλογίστου</span> <span class='ocrx_word' id='word_1_683' title='bbox 3604 1504 3756 1558; x_wconf 85' lang='grc' dir='ltr'>δικα-</span> 
     </span>
    </p>
   </div>
   <div class='ocr_carea' id='block_1_84' title="bbox 2091 1589 3754 1666">
    <p class='ocr_par' dir='ltr' id='par_1_84' title="bbox 2091 1589 3754 1666">
     <span class='ocr_line' id='line_1_84' title="bbox 2091 1589 3754 1666; baseline -0.002 -20"><span class='ocrx_word' id='word_1_684' title='bbox 2091 1593 2215 1646; x_wconf 90' lang='grc' dir='ltr'>στοῦ</span> <span class='ocrx_word' id='word_1_685' title='bbox 2244 1591 2342 1647; x_wconf 64' lang='grc' dir='ltr'>ἐπι</span> <span class='ocrx_word' id='word_1_686' title='bbox 2367 1595 2468 1666; x_wconf 85' lang='grc' dir='ltr'>τῆς</span> <span class='ocrx_word' id='word_1_687' title='bbox 2503 1593 2716 1666; x_wconf 81' lang='grc' dir='ltr'>ἡμέρας</span> <span class='ocrx_word' id='word_1_688' title='bbox 2759 1595 2975 1665; x_wconf 88' lang='grc' dir='ltr'>ἐκείνης</span> <span class='ocrx_word' id='word_1_689' title='bbox 3003 1593 3101 1664; x_wconf 84' lang='grc' dir='ltr'>τῆς</span> <span class='ocrx_word' id='word_1_690' title='bbox 3138 1592 3376 1662; x_wconf 80' lang='grc' dir='ltr'>φοϐερᾶς</span> <span class='ocrx_word' id='word_1_691' title='bbox 3408 1589 3754 1662; x_wconf 76' lang='grc' dir='ltr'>κρινομένῳς</span> 
     </span>
    </p>
   </div>
   <div class='ocr_carea' id='block_1_85' title="bbox 2089 1673 3757 1753">
    <p class='ocr_par' dir='ltr' id='par_1_85' title="bbox 2089 1673 3757 1753">
     <span class='ocr_line' id='line_1_85' title="bbox 2089 1673 3757 1753; baseline -0.003 -21"><span class='ocrx_word' id='word_1_692' title='bbox 2089 1680 2274 1735; x_wconf 86' lang='grc' dir='ltr'>Ταῦτα</span> <span class='ocrx_word' id='word_1_693' title='bbox 2299 1681 2478 1737; x_wconf 88' lang='grc' dir='ltr'>τοίνυν</span> <span class='ocrx_word' id='word_1_694' title='bbox 2496 1682 2716 1747; x_wconf 75' lang='grc' dir='ltr'>εἰδότες,</span> <span class='ocrx_word' id='word_1_695' title='bbox 2741 1680 3038 1753; x_wconf 79' lang='grc' dir='ltr'>άγαπητοί,</span> <span class='ocrx_word' id='word_1_696' title='bbox 3066 1679 3271 1752; x_wconf 88' lang='grc' dir='ltr'>μηδένα</span> <span class='ocrx_word' id='word_1_697' title='bbox 3293 1679 3446 1746; x_wconf 78' lang='grc' dir='ltr'>λόγον</span> <span class='ocrx_word' id='word_1_698' title='bbox 3473 1673 3757 1747; x_wconf 81' lang='grc' dir='ltr'>ποιώμεθα</span> 
     </span>
    </p>
   </div>
   <div class='ocr_carea' id='block_1_86' title="bbox 2087 1764 3758 1844">
    <p class='ocr_par' dir='ltr' id='par_1_86' title="bbox 2087 1764 3758 1844">
     <span class='ocr_line' id='line_1_86' title="bbox 2087 1764 3758 1844; baseline -0.004 -20"><span class='ocrx_word' id='word_1_699' title='bbox 2087 1771 2182 1824; x_wconf 90' lang='grc' dir='ltr'>τοῦ</span> <span class='ocrx_word' id='word_1_700' title='bbox 2215 1771 2366 1844; x_wconf 87' lang='grc' dir='ltr'>παρά</span> <span class='ocrx_word' id='word_1_701' title='bbox 2393 1771 2500 1825; x_wconf 91' lang='grc' dir='ltr'>τῶν</span> <span class='ocrx_word' id='word_1_702' title='bbox 2523 1770 2827 1844; x_wconf 87' lang='grc' dir='ltr'>ἀνθρώπων</span> <span class='ocrx_word' id='word_1_703' title='bbox 2871 1770 3094 1824; x_wconf 83' lang='grc' dir='ltr'>ἐπαίνου</span> <span class='ocrx_word' id='word_1_704' title='bbox 3116 1809 3136 1833; x_wconf 82' lang='grc'>,</span> <span class='ocrx_word' id='word_1_705' title='bbox 3173 1769 3307 1842; x_wconf 84' lang='grc' dir='ltr'>μηδὲ</span> <span class='ocrx_word' id='word_1_706' title='bbox 3335 1768 3436 1838; x_wconf 80' lang='grc' dir='ltr'>τὴν</span> <span class='ocrx_word' id='word_1_707' title='bbox 3463 1767 3614 1837; x_wconf 75' lang='grc' dir='ltr'>παρὰ</span> <span class='ocrx_word' id='word_1_708' title='bbox 3640 1764 3758 1818; x_wconf 85' lang='grc' dir='ltr'>τού-</span> 
     </span>
    </p>
   </div>
   <div class='ocr_carea' id='block_1_87' title="bbox 2087 1852 3757 1930">
    <p class='ocr_par' dir='ltr' id='par_1_87' title="bbox 2087 1852 3757 1930">
     <span class='ocr_line' id='line_1_87' title="bbox 2087 1852 3757 1930; baseline -0.003 -20"><span class='ocrx_word' id='word_1_709' title='bbox 2087 1875 2195 1911; x_wconf 88' lang='grc' dir='ltr'>των</span> <span class='ocrx_word' id='word_1_710' title='bbox 2227 1858 2502 1930; x_wconf 79' lang='grc' dir='ltr'>εὐφημίαν</span> <span class='ocrx_word' id='word_1_711' title='bbox 2535 1859 2600 1912; x_wconf 87' lang='grc' dir='ltr'>ἐκ</span> <span class='ocrx_word' id='word_1_712' title='bbox 2640 1858 2843 1923; x_wconf 84' lang='grc' dir='ltr'>παντὸς</span> <span class='ocrx_word' id='word_1_713' title='bbox 2872 1857 3075 1928; x_wconf 88' lang='grc' dir='ltr'>τρόπου</span> <span class='ocrx_word' id='word_1_714' title='bbox 3111 1855 3386 1928; x_wconf 78' lang='grc' dir='ltr'>ζητῶμεν,</span> <span class='ocrx_word' id='word_1_715' title='bbox 3417 1853 3554 1907; x_wconf 84' lang='grc' dir='ltr'>ἀλλὰ</span> <span class='ocrx_word' id='word_1_716' title='bbox 3573 1852 3666 1906; x_wconf 78' lang='grc' dir='ltr'>καὶ</span> <span class='ocrx_word' id='word_1_717' title='bbox 3687 1852 3757 1906; x_wconf 88' lang='grc' dir='ltr'>δι’</span> 
     </span>
    </p>
   </div>
   <div class='ocr_carea' id='block_1_88' title="bbox 2088 1937 3760 2016">
    <p class='ocr_par' dir='ltr' id='par_1_88' title="bbox 2088 1937 3760 2016">
     <span class='ocr_line' id='line_1_88' title="bbox 2088 1937 3760 2016; baseline -0.004 -19"><span class='ocrx_word' id='word_1_718' title='bbox 2088 1945 2293 1999; x_wconf 88' lang='grc' dir='ltr'>ἐκεῖνον</span> <span class='ocrx_word' id='word_1_719' title='bbox 2333 1946 2494 2016; x_wconf 90' lang='grc' dir='ltr'>μόνον</span> <span class='ocrx_word' id='word_1_720' title='bbox 2530 1945 2622 1998; x_wconf 83' lang='grc' dir='ltr'>τὸν</span> <span class='ocrx_word' id='word_1_721' title='bbox 2655 1944 2916 2008; x_wconf 84' lang='grc' dir='ltr'>ἐτάζοντα</span> <span class='ocrx_word' id='word_1_722' title='bbox 2951 1943 3178 2012; x_wconf 89' lang='grc' dir='ltr'>καρδίας</span> <span class='ocrx_word' id='word_1_723' title='bbox 3218 1942 3311 1996; x_wconf 73' lang='grc' dir='ltr'>καὶ</span> <span class='ocrx_word' id='word_1_724' title='bbox 3357 1940 3622 2010; x_wconf 81' lang='grc' dir='ltr'>νεφροὺς,</span> <span class='ocrx_word' id='word_1_725' title='bbox 3662 1937 3760 1994; x_wconf 79' lang='grc' dir='ltr'>καὶ</span> 
     </span>
    </p>
   </div>
   <div class='ocr_carea' id='block_1_89' title="bbox 2087 2026 3758 2103">
    <p class='ocr_par' dir='ltr' id='par_1_89' title="bbox 2087 2026 3758 2103">
     <span class='ocr_line' id='line_1_89' title="bbox 2087 2026 3758 2103; baseline -0.004 -18"><span class='ocrx_word' id='word_1_726' title='bbox 2087 2032 2157 2085; x_wconf 85' lang='grc' dir='ltr'>τὰ</span> <span class='ocrx_word' id='word_1_727' title='bbox 2180 2033 2279 2101; x_wconf 83' lang='grc' dir='ltr'>τῆς</span> <span class='ocrx_word' id='word_1_728' title='bbox 2303 2033 2504 2103; x_wconf 82' lang='grc' dir='ltr'>ἀρετῆς</span> <span class='ocrx_word' id='word_1_729' title='bbox 2519 2030 2654 2102; x_wconf 75' lang='grc' dir='ltr'>ἔργα</span> <span class='ocrx_word' id='word_1_730' title='bbox 2679 2031 2975 2101; x_wconf 89' lang='grc' dir='ltr'>μετίωμεν,</span> <span class='ocrx_word' id='word_1_731' title='bbox 2995 2032 3091 2084; x_wconf 79' lang='grc' dir='ltr'>καὶ</span> <span class='ocrx_word' id='word_1_732' title='bbox 3110 2029 3207 2100; x_wconf 81' lang='grc' dir='ltr'>τὴν</span> <span class='ocrx_word' id='word_1_733' title='bbox 3229 2027 3426 2082; x_wconf 90' lang='grc' dir='ltr'>κακίαν</span> <span class='ocrx_word' id='word_1_734' title='bbox 3444 2026 3758 2096; x_wconf 86' lang='grc' dir='ltr'>φεύγωμεν.</span> 
     </span>
    </p>
   </div>
   <div class='ocr_carea' id='block_1_90' title="bbox 2159 2114 3760 2189">
    <p class='ocr_par' dir='ltr' id='par_1_90' title="bbox 2159 2114 3760 2189">
     <span class='ocr_line' id='line_1_90' title="bbox 2159 2114 3760 2189; baseline -0.004 -17"><span class='ocrx_word' id='word_1_735' title='bbox 2159 2119 2256 2172; x_wconf 83' lang='grc' dir='ltr'>Διά</span> <span class='ocrx_word' id='word_1_736' title='bbox 2278 2119 2386 2189; x_wconf 84' lang='grc' dir='ltr'>γὰρ</span> <span class='ocrx_word' id='word_1_737' title='bbox 2414 2117 2574 2171; x_wconf 88' lang='grc' dir='ltr'>τοῦτο</span> <span class='ocrx_word' id='word_1_738' title='bbox 2596 2118 2691 2171; x_wconf 80' lang='grc' dir='ltr'>καὶ</span> <span class='ocrx_word' id='word_1_739' title='bbox 2712 2119 2740 2171; x_wconf 91' lang='lat'>6</span> <span class='ocrx_word' id='word_1_740' title='bbox 2768 2116 3002 2187; x_wconf 80' lang='grc' dir='ltr'>Χριστὸς</span> <span class='ocrx_word' id='word_1_741' title='bbox 3029 2115 3296 2170; x_wconf 89' lang='grc' dir='ltr'>παιδεύων</span> <span class='ocrx_word' id='word_1_742' title='bbox 3319 2114 3465 2185; x_wconf 77' lang='grc' dir='ltr'>ἡμᾶς</span> <span class='ocrx_word' id='word_1_743' title='bbox 3495 2114 3570 2183; x_wconf 82' lang='grc' dir='ltr'>μὴ</span> <span class='ocrx_word' id='word_1_744' title='bbox 3593 2129 3760 2183; x_wconf 87' lang='grc' dir='ltr'>κεχη-</span> 
     </span>
    </p>
   </div>
   <div class='ocr_carea' id='block_1_91' title="bbox 2089 2201 3760 2278">
    <p class='ocr_par' dir='ltr' id='par_1_91' title="bbox 2089 2201 3760 2278">
     <span class='ocr_line' id='line_1_91' title="bbox 2089 2201 3760 2278; baseline -0.004 -17"><span class='ocrx_word' id='word_1_745' title='bbox 2089 2207 2238 2262; x_wconf 79' lang='grc' dir='ltr'>νέναι</span> <span class='ocrx_word' id='word_1_746' title='bbox 2270 2208 2407 2278; x_wconf 80' lang='grc' dir='ltr'>πρὸς</span> <span class='ocrx_word' id='word_1_747' title='bbox 2460 2206 2558 2271; x_wconf 84' lang='grc' dir='ltr'>τὰς</span> <span class='ocrx_word' id='word_1_748' title='bbox 2605 2205 2760 2278; x_wconf 90' lang='grc' dir='ltr'>παρά</span> <span class='ocrx_word' id='word_1_749' title='bbox 2785 2206 2897 2260; x_wconf 90' lang='grc' dir='ltr'>τῶν</span> <span class='ocrx_word' id='word_1_750' title='bbox 2948 2204 3251 2277; x_wconf 84' lang='grc' dir='ltr'>ἀνθρώπων</span> <span class='ocrx_word' id='word_1_751' title='bbox 3289 2201 3585 2272; x_wconf 82' lang='grc' dir='ltr'>εὐφημίας,</span> <span class='ocrx_word' id='word_1_752' title='bbox 3619 2202 3760 2271; x_wconf 66' lang='grc' dir='ltr'>μετὰ</span> 
     </span>
    </p>
   </div>
   <div class='ocr_carea' id='block_1_92' title="bbox 2090 2287 3755 2364">
    <p class='ocr_par' dir='ltr' id='par_1_92' title="bbox 2090 2287 3755 2364">
     <span class='ocr_line' id='line_1_92' title="bbox 2090 2287 3755 2364; baseline -0.005 -17"><span class='ocrx_word' id='word_1_753' title='bbox 2090 2293 2261 2348; x_wconf 89' lang='grc' dir='ltr'>πολλά</span> <span class='ocrx_word' id='word_1_754' title='bbox 2310 2293 2477 2364; x_wconf 72' lang='grc' dir='ltr'>ἐτερα</span> <span class='ocrx_word' id='word_1_755' title='bbox 2534 2293 2835 2346; x_wconf 89' lang='grc' dir='ltr'>τελευταῖον</span> <span class='ocrx_word' id='word_1_756' title='bbox 2870 2293 2964 2345; x_wconf 78' lang='grc' dir='ltr'>καὶ</span> <span class='ocrx_word' id='word_1_757' title='bbox 3009 2290 3168 2344; x_wconf 86' lang='grc' dir='ltr'>τοῦτο</span> <span class='ocrx_word' id='word_1_758' title='bbox 3214 2291 3482 2359; x_wconf 79' lang='grc' dir='ltr'>ἐπήνεγκε</span> <span class='ocrx_word' id='word_1_759' title='bbox 3541 2287 3713 2356; x_wconf 78' lang='grc' dir='ltr'>λέγων</span> <span class='ocrx_word' id='word_1_760' title='bbox 3738 2304 3755 2319; x_wconf 76' lang='grc' dir='ltr'><strong>ο</strong></span> 
     </span>
    </p>
   </div>
   <div class='ocr_carea' id='block_1_93' title="bbox 2093 2373 3760 2450">
    <p class='ocr_par' dir='ltr' id='par_1_93' title="bbox 2093 2373 3760 2450">
     <span class='ocr_line' id='line_1_93' title="bbox 2093 2373 3760 2450; baseline -0.005 -16"><span class='ocrx_word' id='word_1_761' title='bbox 2093 2381 2237 2435; x_wconf 80' lang='grc' dir='ltr'>Οὐαί</span> <span class='ocrx_word' id='word_1_762' title='bbox 2257 2379 2422 2450; x_wconf 85' lang='grc' dir='ltr'>ὑμῖν,</span> <span class='ocrx_word' id='word_1_763' title='bbox 2457 2377 2603 2433; x_wconf 83' lang='grc' dir='ltr'>ὅταν</span> <span class='ocrx_word' id='word_1_764' title='bbox 2623 2377 2823 2445; x_wconf 66' lang='grc' dir='ltr'>καλῶς</span> <span class='ocrx_word' id='word_1_765' title='bbox 2853 2379 3108 2432; x_wconf 75' lang='grc' dir='ltr'>εἴπωσιν</span> <span class='ocrx_word' id='word_1_766' title='bbox 3130 2375 3286 2446; x_wconf 81' lang='grc' dir='ltr'>ὑμᾶς</span> <span class='ocrx_word' id='word_1_767' title='bbox 3304 2376 3526 2441; x_wconf 79' lang='grc' dir='ltr'>πάντες</span> <span class='ocrx_word' id='word_1_768' title='bbox 3565 2377 3617 2428; x_wconf 84' lang='grc' dir='ltr'>οἱ</span> <span class='ocrx_word' id='word_1_769' title='bbox 3655 2373 3760 2428; x_wconf 79' lang='grc' dir='ltr'>ἄν·</span> 
     </span>
    </p>
   </div>
   <div class='ocr_carea' id='block_1_94' title="bbox 2089 2462 3754 2536">
    <p class='ocr_par' dir='ltr' id='par_1_94' title="bbox 2089 2462 3754 2536">
     <span class='ocr_line' id='line_1_94' title="bbox 2089 2462 3754 2536; baseline -0.006 -13"><span class='ocrx_word' id='word_1_770' title='bbox 2089 2471 2325 2536; x_wconf 81' lang='grc' dir='ltr'>θρωποι.</span> <span class='ocrx_word' id='word_1_771' title='bbox 2357 2465 2558 2519; x_wconf 87' lang='grc' dir='ltr'>Σκόπει</span> <span class='ocrx_word' id='word_1_772' title='bbox 2589 2465 2707 2529; x_wconf 89' lang='grc' dir='ltr'>πῶς</span> <span class='ocrx_word' id='word_1_773' title='bbox 2737 2465 2825 2519; x_wconf 84' lang='grc' dir='ltr'>διά</span> <span class='ocrx_word' id='word_1_774' title='bbox 2845 2464 2963 2529; x_wconf 87' lang='grc' dir='ltr'>τοῦ,</span> <span class='ocrx_word' id='word_1_775' title='bbox 2988 2463 3153 2528; x_wconf 76' lang='grc' dir='ltr'>Οὐαί,</span> <span class='ocrx_word' id='word_1_776' title='bbox 3180 2465 3311 2535; x_wconf 78' lang='grc' dir='ltr'>ἡμῖν</span> <span class='ocrx_word' id='word_1_777' title='bbox 3346 2462 3626 2530; x_wconf 89' lang='grc' dir='ltr'>ἐνεφάνισε</span> <span class='ocrx_word' id='word_1_778' title='bbox 3658 2478 3754 2514; x_wconf 81' lang='lat'><em>1:0-</em></span> 
     </span>
    </p>
   </div>
   <div class='ocr_carea' id='block_1_95' title="bbox 2089 2547 3762 2625">
    <p class='ocr_par' dir='ltr' id='par_1_95' title="bbox 2089 2547 3762 2625">
     <span class='ocr_line' id='line_1_95' title="bbox 2089 2547 3762 2625; baseline -0.004 -18"><span class='ocrx_word' id='word_1_779' title='bbox 2089 2553 2236 2625; x_wconf 83' lang='grc' dir='ltr'>ταπὴ</span> <span class='ocrx_word' id='word_1_780' title='bbox 2261 2555 2374 2616; x_wconf 88' lang='grc' dir='ltr'>τοῖς</span> <span class='ocrx_word' id='word_1_781' title='bbox 2395 2553 2652 2616; x_wconf 85' lang='grc' dir='ltr'>τοιούτοις</span> <span class='ocrx_word' id='word_1_782' title='bbox 2674 2553 2915 2606; x_wconf 88' lang='grc' dir='ltr'>κείσεται</span> <span class='ocrx_word' id='word_1_783' title='bbox 2947 2551 3206 2622; x_wconf 88' lang='grc' dir='ltr'>τιμωρία.</span> <span class='ocrx_word' id='word_1_784' title='bbox 3225 2549 3298 2602; x_wconf 90' lang='lat' dir='ltr'><em>T6</em></span> <span class='ocrx_word' id='word_1_785' title='bbox 3324 2551 3429 2621; x_wconf 78' lang='grc' dir='ltr'>γάρ</span> <span class='ocrx_word' id='word_1_786' title='bbox 3451 2547 3576 2602; x_wconf 89' lang='lat' dir='ltr'><strong><em>06al</em></strong></span> <span class='ocrx_word' id='word_1_787' title='bbox 3601 2547 3762 2601; x_wconf 87' lang='grc' dir='ltr'>τοῦτο</span> 
     </span>
    </p>
   </div>
   <div class='ocr_carea' id='block_1_96' title="bbox 2089 2633 3758 2711">
    <p class='ocr_par' dir='ltr' id='par_1_96' title="bbox 2089 2633 3758 2711">
     <span class='ocr_line' id='line_1_96' title="bbox 2089 2633 3758 2711; baseline -0.005 -17"><span class='ocrx_word' id='word_1_788' title='bbox 2089 2640 2360 2711; x_wconf 86' lang='grc' dir='ltr'>θρηνῶδές</span> <span class='ocrx_word' id='word_1_789' title='bbox 2401 2641 2550 2693; x_wconf 88' lang='grc' dir='ltr'>ἐστιν</span> <span class='ocrx_word' id='word_1_790' title='bbox 2577 2638 2928 2708; x_wconf 74' lang='grc' dir='ltr'>ἐπίφθεγμαο</span> <span class='ocrx_word' id='word_1_791' title='bbox 2965 2637 3248 2707; x_wconf 79' lang='grc' dir='ltr'>μονονουχὶ</span> <span class='ocrx_word' id='word_1_792' title='bbox 3301 2637 3410 2707; x_wconf 80' lang='grc' dir='ltr'>γὰρ</span> <span class='ocrx_word' id='word_1_793' title='bbox 3457 2633 3758 2699; x_wconf 86' lang='grc' dir='ltr'>ταλανίζων</span> 
     </span>
    </p>
   </div>
   <div class='ocr_carea' id='block_1_97' title="bbox 2088 2721 3761 2798">
    <p class='ocr_par' dir='ltr' id='par_1_97' title="bbox 2088 2721 3761 2798">
     <span class='ocr_line' id='line_1_97' title="bbox 2088 2721 3761 2798; baseline -0.005 -17"><span class='ocrx_word' id='word_1_794' title='bbox 2088 2727 2288 2792; x_wconf 84' lang='grc' dir='ltr'>αὐτούς</span> <span class='ocrx_word' id='word_1_795' title='bbox 2325 2744 2488 2798; x_wconf 90' lang='grc' dir='ltr'>φησιν</span> <span class='ocrx_word' id='word_1_796' title='bbox 2511 2743 2525 2757; x_wconf 91' lang='grc'><strong>·</strong></span> <span class='ocrx_word' id='word_1_797' title='bbox 2553 2726 2697 2780; x_wconf 84' lang='grc' dir='ltr'>Οὺαί</span> <span class='ocrx_word' id='word_1_798' title='bbox 2727 2725 2888 2794; x_wconf 82' lang='grc' dir='ltr'>ὑμῖν,</span> <span class='ocrx_word' id='word_1_799' title='bbox 2922 2724 3068 2778; x_wconf 84' lang='grc' dir='ltr'>ὅταν</span> <span class='ocrx_word' id='word_1_800' title='bbox 3094 2723 3291 2789; x_wconf 75' lang='grc' dir='ltr'>καλῶς</span> <span class='ocrx_word' id='word_1_801' title='bbox 3321 2723 3574 2776; x_wconf 81' lang='grc' dir='ltr'>εἴπωσιν</span> <span class='ocrx_word' id='word_1_802' title='bbox 3607 2721 3761 2789; x_wconf 77' lang='grc' dir='ltr'>ὑμᾶς</span> 
     </span>
    </p>
   </div>
   <div class='ocr_carea' id='block_1_98' title="bbox 2088 2809 3755 2884">
    <p class='ocr_par' dir='ltr' id='par_1_98' title="bbox 2088 2809 3755 2884">
     <span class='ocr_line' id='line_1_98' title="bbox 2088 2809 3755 2884; baseline -0.004 -14"><span class='ocrx_word' id='word_1_803' title='bbox 2088 2816 2310 2882; x_wconf 80' lang='grc' dir='ltr'>πάντες</span> <span class='ocrx_word' id='word_1_804' title='bbox 2333 2820 2387 2870; x_wconf 83' lang='grc' dir='ltr'>οἰ</span> <span class='ocrx_word' id='word_1_805' title='bbox 2424 2816 2738 2882; x_wconf 79' lang='grc' dir='ltr'>ἄνθρωποι.</span> <span class='ocrx_word' id='word_1_806' title='bbox 2772 2815 2880 2867; x_wconf 80' lang='grc' dir='ltr'>Καὶ</span> <span class='ocrx_word' id='word_1_807' title='bbox 2902 2815 3005 2884; x_wconf 82' lang='grc' dir='ltr'>ὅρα</span> <span class='ocrx_word' id='word_1_808' title='bbox 3028 2813 3120 2866; x_wconf 88' lang='grc' dir='ltr'>τοῦ</span> <span class='ocrx_word' id='word_1_809' title='bbox 3143 2811 3307 2883; x_wconf 73' lang='grc' dir='ltr'>ῥητοῦ</span> <span class='ocrx_word' id='word_1_810' title='bbox 3332 2809 3430 2881; x_wconf 75' lang='grc' dir='ltr'>τὴν</span> <span class='ocrx_word' id='word_1_811' title='bbox 3452 2809 3755 2880; x_wconf 77' lang='grc' dir='ltr'>ἀκρίϐειαν.</span> 
     </span>
    </p>
   </div>
   <div class='ocr_carea' id='block_1_99' title="bbox 2089 2895 3758 2971">
    <p class='ocr_par' dir='ltr' id='par_1_99' title="bbox 2089 2895 3758 2971">
     <span class='ocr_line' id='line_1_99' title="bbox 2089 2895 3758 2971; baseline -0.007 -13"><span class='ocrx_word' id='word_1_812' title='bbox 2089 2904 2201 2958; x_wconf 84' lang='grc' dir='ltr'>Οὐκ</span> <span class='ocrx_word' id='word_1_813' title='bbox 2238 2901 2390 2956; x_wconf 82' lang='grc' dir='ltr'>εἶπεν</span> <span class='ocrx_word' id='word_1_814' title='bbox 2429 2901 2634 2965; x_wconf 87' lang='grc' dir='ltr'>ἁπλῶς,</span> <span class='ocrx_word' id='word_1_815' title='bbox 2690 2903 2738 2954; x_wconf 91' lang='grc' dir='ltr'>οί</span> <span class='ocrx_word' id='word_1_816' title='bbox 2768 2900 3063 2971; x_wconf 77' lang='grc' dir='ltr'>ἄνθρωποι,</span> <span class='ocrx_word' id='word_1_817' title='bbox 3115 2898 3270 2961; x_wconf 80' lang='grc' dir='ltr'>ἀλλὰ,</span> <span class='ocrx_word' id='word_1_818' title='bbox 3312 2897 3540 2962; x_wconf 81' lang='grc' dir='ltr'>Πάντες</span> <span class='ocrx_word' id='word_1_819' title='bbox 3566 2899 3619 2950; x_wconf 83' lang='grc' dir='ltr'>οί</span> <span class='ocrx_word' id='word_1_820' title='bbox 3649 2895 3758 2948; x_wconf 71' lang='grc' dir='ltr'>ἄν·</span> 
     </span>
    </p>
   </div>
   <div class='ocr_carea' id='block_1_100' title="bbox 2089 2982 3760 3060">
    <p class='ocr_par' dir='ltr' id='par_1_100' title="bbox 2089 2982 3760 3060">
     <span class='ocr_line' id='line_1_100' title="bbox 2089 2982 3760 3060; baseline -0.007 -15"><span class='ocrx_word' id='word_1_821' title='bbox 2089 2993 2323 3057; x_wconf 84' lang='grc' dir='ltr'>θρωποι.</span> <span class='ocrx_word' id='word_1_822' title='bbox 2349 2989 2484 3043; x_wconf 84' lang='grc' dir='ltr'>Ούδέ</span> <span class='ocrx_word' id='word_1_823' title='bbox 2514 2991 2624 3060; x_wconf 84' lang='grc' dir='ltr'>γὰρ</span> <span class='ocrx_word' id='word_1_824' title='bbox 2653 2982 2764 3041; x_wconf 81' lang='grc' dir='ltr'>οἷόν</span> <span class='ocrx_word' id='word_1_825' title='bbox 2794 3004 2853 3040; x_wconf 90' lang='grc' dir='ltr'>τε</span> <span class='ocrx_word' id='word_1_826' title='bbox 2879 2987 2970 3040; x_wconf 78' lang='grc' dir='ltr'>τὸν</span> <span class='ocrx_word' id='word_1_827' title='bbox 2996 2987 3270 3057; x_wconf 88' lang='grc' dir='ltr'>ἐνάρετον,</span> <span class='ocrx_word' id='word_1_828' title='bbox 3316 2984 3410 3037; x_wconf 74' lang='grc' dir='ltr'>καὶ</span> <span class='ocrx_word' id='word_1_829' title='bbox 3440 2985 3538 3052; x_wconf 78' lang='grc' dir='ltr'>τὴν</span> <span class='ocrx_word' id='word_1_830' title='bbox 3569 2982 3760 3053; x_wconf 82' lang='grc' dir='ltr'>στενὴν</span> 
     </span>
    </p>
   </div>
   <div class='ocr_carea' id='block_1_101' title="bbox 2088 3068 3758 3148">
    <p class='ocr_par' dir='ltr' id='par_1_101' title="bbox 2088 3068 3758 3148">
     <span class='ocr_line' id='line_1_101' title="bbox 2088 3068 3758 3148; baseline -0.005 -18"><span class='ocrx_word' id='word_1_831' title='bbox 2088 3078 2183 3130; x_wconf 78' lang='grc' dir='ltr'>καὶ</span> <span class='ocrx_word' id='word_1_832' title='bbox 2205 3076 2572 3148; x_wconf 87' lang='grc' dir='ltr'>τεθλιμμένην</span> <span class='ocrx_word' id='word_1_833' title='bbox 2621 3075 2739 3128; x_wconf 81' lang='grc' dir='ltr'>ὁδὸν</span> <span class='ocrx_word' id='word_1_834' title='bbox 2786 3074 3057 3138; x_wconf 87' lang='grc' dir='ltr'>ὁδεύοντα,</span> <span class='ocrx_word' id='word_1_835' title='bbox 3108 3073 3203 3126; x_wconf 73' lang='grc' dir='ltr'>καὶ</span> <span class='ocrx_word' id='word_1_836' title='bbox 3230 3073 3352 3134; x_wconf 90' lang='grc' dir='ltr'>ταῖς</span> <span class='ocrx_word' id='word_1_837' title='bbox 3391 3070 3631 3132; x_wconf 72' lang='grc' dir='ltr'>ἐντολαῖς</span> <span class='ocrx_word' id='word_1_838' title='bbox 3663 3068 3758 3122; x_wconf 91' lang='grc' dir='ltr'>τοῦ</span> 
     </span>
    </p>
   </div>
   <div class='ocr_carea' id='block_1_102' title="bbox 2088 3158 3758 3236">
    <p class='ocr_par' dir='ltr' id='par_1_102' title="bbox 2088 3158 3758 3236">
     <span class='ocr_line' id='line_1_102' title="bbox 2088 3158 3758 3236; baseline -0.003 -20"><span class='ocrx_word' id='word_1_839' title='bbox 2088 3163 2321 3236; x_wconf 88' lang='grc' dir='ltr'>Χριστοῦ</span> <span class='ocrx_word' id='word_1_840' title='bbox 2345 3163 2858 3236; x_wconf 85' lang='grc' dir='ltr'>κατακολουθοῦντα</span> <span class='ocrx_word' id='word_1_841' title='bbox 2873 3163 3022 3233; x_wconf 72' lang='grc' dir='ltr'>παρὰ</span> <span class='ocrx_word' id='word_1_842' title='bbox 3045 3162 3259 3216; x_wconf 87' lang='grc' dir='ltr'>πάντων</span> <span class='ocrx_word' id='word_1_843' title='bbox 3284 3158 3584 3230; x_wconf 87' lang='grc' dir='ltr'>ἀνθρώπων</span> <span class='ocrx_word' id='word_1_844' title='bbox 3601 3159 3758 3211; x_wconf 78' lang='grc' dir='ltr'>ἐπαιο</span> 
     </span>
    </p>
   </div>
   <div class='ocr_carea' id='block_1_103' title="bbox 2086 3235 3758 3321">
    <p class='ocr_par' dir='ltr' id='par_1_103' title="bbox 2086 3235 3758 3321">
     <span class='ocr_line' id='line_1_103' title="bbox 2086 3235 3758 3321; baseline -0.005 -16"><span class='ocrx_word' id='word_1_845' title='bbox 2086 3235 2297 3306; x_wconf 79' lang='grc' dir='ltr'>νεῖσθαι</span> <span class='ocrx_word' id='word_1_846' title='bbox 2330 3251 2424 3303; x_wconf 69' lang='grc' dir='ltr'>καὶ</span> <span class='ocrx_word' id='word_1_847' title='bbox 2458 3235 3061 3321; x_wconf 44' lang='grc' dir='ltr'>θαυμάζεσθαιθῐῐολλὴ</span> <span class='ocrx_word' id='word_1_848' title='bbox 3081 3248 3187 3318; x_wconf 91' lang='grc' dir='ltr'>γάρ</span> <span class='ocrx_word' id='word_1_849' title='bbox 3213 3248 3310 3318; x_wconf 83' lang='grc' dir='ltr'>τῆς</span> <span class='ocrx_word' id='word_1_850' title='bbox 3339 3245 3537 3309; x_wconf 88' lang='grc' dir='ltr'>κακίας</span> <span class='ocrx_word' id='word_1_851' title='bbox 3573 3247 3606 3316; x_wconf 80' lang='grc' dir='ltr'><strong>ἡ</strong></span> <span class='ocrx_word' id='word_1_852' title='bbox 3635 3245 3758 3298; x_wconf 81' lang='grc' dir='ltr'>ἐπί-</span> 
     </span>
    </p>
   </div>
   <div class='ocr_carea' id='block_1_104' title="bbox 2087 3330 3760 3408">
    <p class='ocr_par' dir='ltr' id='par_1_104' title="bbox 2087 3330 3760 3408">
     <span class='ocr_line' id='line_1_104' title="bbox 2087 3330 3760 3408; baseline -0.005 -16"><span class='ocrx_word' id='word_1_853' title='bbox 2087 3357 2262 3403; x_wconf 88' lang='grc' dir='ltr'>τασις,</span> <span class='ocrx_word' id='word_1_854' title='bbox 2296 3339 2445 3408; x_wconf 77' lang='grc' dir='ltr'>καὶὴ</span> <span class='ocrx_word' id='word_1_855' title='bbox 2483 3338 2619 3408; x_wconf 84' lang='grc' dir='ltr'>πρὸς</span> <span class='ocrx_word' id='word_1_856' title='bbox 2644 3338 2744 3407; x_wconf 77' lang='grc' dir='ltr'>τὴν</span> <span class='ocrx_word' id='word_1_857' title='bbox 2769 3336 2966 3407; x_wconf 81' lang='grc' dir='ltr'>ἀρετὴν</span> <span class='ocrx_word' id='word_1_858' title='bbox 3010 3336 3342 3396; x_wconf 82' lang='grc' dir='ltr'>ἐναντίωσις.</span> <span class='ocrx_word' id='word_1_859' title='bbox 3379 3333 3548 3395; x_wconf 84' lang='grc' dir='ltr'>Εἰδὼς</span> <span class='ocrx_word' id='word_1_860' title='bbox 3599 3330 3691 3385; x_wconf 77' lang='grc' dir='ltr'>οὖν</span> <span class='ocrx_word' id='word_1_861' title='bbox 3728 3332 3760 3382; x_wconf 83' lang='grc' dir='ltr'><strong>ὁ</strong></span> 
     </span>
    </p>
   </div>
   <div class='ocr_carea' id='block_1_105' title="bbox 2087 3417 3754 3492">
    <p class='ocr_par' dir='ltr' id='par_1_105' title="bbox 2087 3417 3754 3492">
     <span class='ocr_line' id='line_1_105' title="bbox 2087 3417 3754 3492; baseline -0.004 -16"><span class='ocrx_word' id='word_1_862' title='bbox 2087 3426 2382 3492; x_wconf 85' lang='grc' dir='ltr'>Δεσπότης,</span> <span class='ocrx_word' id='word_1_863' title='bbox 2416 3425 2499 3476; x_wconf 83' lang='lat'>6::</span> <span class='ocrx_word' id='word_1_864' title='bbox 2526 3423 2617 3475; x_wconf 81' lang='grc' dir='ltr'>τὸν</span> <span class='ocrx_word' id='word_1_865' title='bbox 2653 3421 2791 3490; x_wconf 84' lang='grc' dir='ltr'>μετὰ</span> <span class='ocrx_word' id='word_1_866' title='bbox 2821 3421 3105 3489; x_wconf 79' lang='grc' dir='ltr'>ἀκριὸείας</span> <span class='ocrx_word' id='word_1_867' title='bbox 3128 3419 3225 3489; x_wconf 85' lang='grc' dir='ltr'>τὴν</span> <span class='ocrx_word' id='word_1_868' title='bbox 3250 3419 3450 3490; x_wconf 75' lang='grc' dir='ltr'>ἀρετὴν</span> <span class='ocrx_word' id='word_1_869' title='bbox 3482 3417 3754 3488; x_wconf 85' lang='grc' dir='ltr'>μετιόντα,</span> 
     </span>
    </p>
   </div>
   <div class='ocr_carea' id='block_1_106' title="bbox 2089 3504 3758 3577">
    <p class='ocr_par' dir='ltr' id='par_1_106' title="bbox 2089 3504 3758 3577">
     <span class='ocr_line' id='line_1_106' title="bbox 2089 3504 3758 3577; baseline -0.004 -15"><span class='ocrx_word' id='word_1_870' title='bbox 2089 3509 2302 3562; x_wconf 78' lang='grc' dir='ltr'>καὶτὸν</span> <span class='ocrx_word' id='word_1_871' title='bbox 2353 3509 2482 3577; x_wconf 80' lang='grc' dir='ltr'>παρ’</span> <span class='ocrx_word' id='word_1_872' title='bbox 2516 3505 2682 3560; x_wconf 82' lang='grc' dir='ltr'>αὑτοῦ</span> <span class='ocrx_word' id='word_1_873' title='bbox 2742 3507 2901 3575; x_wconf 89' lang='grc' dir='ltr'>μόνον</span> <span class='ocrx_word' id='word_1_874' title='bbox 2955 3504 3305 3575; x_wconf 88' lang='grc' dir='ltr'>ἐκδεχόμενον</span> <span class='ocrx_word' id='word_1_875' title='bbox 3357 3505 3593 3569; x_wconf 77' lang='grc' dir='ltr'>ἔπαινον,</span> <span class='ocrx_word' id='word_1_876' title='bbox 3648 3504 3758 3557; x_wconf 90' lang='grc' dir='ltr'>τῶν</span> 
     </span>
    </p>
   </div>
   <div class='ocr_carea' id='block_1_107' title="bbox 2089 3588 3754 3662">
    <p class='ocr_par' dir='ltr' id='par_1_107' title="bbox 2089 3588 3754 3662">
     <span class='ocr_line' id='line_1_107' title="bbox 2089 3588 3754 3662; baseline -0.002 -17"><span class='ocrx_word' id='word_1_877' title='bbox 2089 3593 2364 3646; x_wconf 87' lang='grc' dir='ltr'>ἀδυνάτων</span> <span class='ocrx_word' id='word_1_878' title='bbox 2396 3593 2462 3647; x_wconf 79' lang='grc' dir='ltr'>ἂν</span> <span class='ocrx_word' id='word_1_879' title='bbox 2487 3596 2572 3662; x_wconf 86' lang='grc' dir='ltr'>εἰη</span> <span class='ocrx_word' id='word_1_880' title='bbox 2616 3593 2767 3662; x_wconf 79' lang='grc' dir='ltr'>παρὰ</span> <span class='ocrx_word' id='word_1_881' title='bbox 2808 3593 3024 3647; x_wconf 86' lang='grc' dir='ltr'>πάντων</span> <span class='ocrx_word' id='word_1_882' title='bbox 3057 3590 3360 3661; x_wconf 74' lang='grc' dir='ltr'>ἀνθρώπων</span> <span class='ocrx_word' id='word_1_883' title='bbox 3393 3588 3754 3654; x_wconf 83' lang='grc' dir='ltr'>ἐπαινεῖσθαι,</span> 
     </span>
    </p>
   </div>
   <div class='ocr_carea' id='block_1_108' title="bbox 2089 3676 3757 3743">
    <p class='ocr_par' dir='ltr' id='par_1_108' title="bbox 2089 3676 3757 3743">
     <span class='ocr_line' id='line_1_108' title="bbox 2089 3676 3757 3743; baseline -0.001 -11"><span class='ocrx_word' id='word_1_884' title='bbox 2089 3680 2181 3732; x_wconf 73' lang='grc' dir='ltr'>καὶ</span> <span class='ocrx_word' id='word_1_885' title='bbox 2232 3677 2412 3742; x_wconf 91' lang='grc' dir='ltr'>καλῶς</span> <span class='ocrx_word' id='word_1_886' title='bbox 2459 3678 2697 3743; x_wconf 80' lang='grc' dir='ltr'>ἀκούειν,</span> <span class='ocrx_word' id='word_1_887' title='bbox 2727 3679 2816 3732; x_wconf 85' lang='grc' dir='ltr'>διὰ</span> <span class='ocrx_word' id='word_1_888' title='bbox 2872 3678 3030 3732; x_wconf 89' lang='grc' dir='ltr'>τοῦτο</span> <span class='ocrx_word' id='word_1_889' title='bbox 3061 3676 3336 3741; x_wconf 87' lang='grc' dir='ltr'>ταλανίζει</span> <span class='ocrx_word' id='word_1_890' title='bbox 3375 3677 3501 3740; x_wconf 87' lang='lat'><em>:06;</em></span> <span class='ocrx_word' id='word_1_891' title='bbox 3547 3676 3634 3730; x_wconf 88' lang='grc' dir='ltr'>διά</span> <span class='ocrx_word' id='word_1_892' title='bbox 3663 3677 3757 3730; x_wconf 74' lang='grc' dir='ltr'>τὸν</span> 
     </span>
    </p>
   </div>
   <div class='ocr_carea' id='block_1_109' title="bbox 2089 3763 3757 3837">
    <p class='ocr_par' dir='ltr' id='par_1_109' title="bbox 2089 3763 3757 3837">
     <span class='ocr_line' id='line_1_109' title="bbox 2089 3763 3757 3837; baseline -0.001 -19"><span class='ocrx_word' id='word_1_893' title='bbox 2089 3765 2240 3837; x_wconf 75' lang='grc' dir='ltr'>παρὰ</span> <span class='ocrx_word' id='word_1_894' title='bbox 2287 3765 2490 3819; x_wconf 84' lang='grc' dir='ltr'>τούτων</span> <span class='ocrx_word' id='word_1_895' title='bbox 2546 3766 2766 3819; x_wconf 76' lang='grc' dir='ltr'>ἔπαινον</span> <span class='ocrx_word' id='word_1_896' title='bbox 2795 3766 2894 3836; x_wconf 82' lang='grc' dir='ltr'>τῆς</span> <span class='ocrx_word' id='word_1_897' title='bbox 2922 3765 3124 3836; x_wconf 83' lang='grc' dir='ltr'>ἀρετῆς</span> <span class='ocrx_word' id='word_1_898' title='bbox 3150 3764 3502 3834; x_wconf 87' lang='grc' dir='ltr'>ἀμελοῦντας.</span> <span class='ocrx_word' id='word_1_899' title='bbox 3550 3764 3613 3816; x_wconf 85' lang='grc' dir='ltr'><em>Ἥ</em></span> <span class='ocrx_word' id='word_1_900' title='bbox 3646 3763 3757 3834; x_wconf 78' lang='grc' dir='ltr'>γὰρ</span> 
     </span>
    </p>
   </div>
   <div class='ocr_carea' id='block_1_110' title="bbox 2089 3848 3755 3924">
    <p class='ocr_par' dir='ltr' id='par_1_110' title="bbox 2089 3848 3755 3924">
     <span class='ocr_line' id='line_1_110' title="bbox 2089 3848 3755 3924; baseline -0.001 -19"><span class='ocrx_word' id='word_1_901' title='bbox 2089 3853 2240 3924; x_wconf 82' lang='grc' dir='ltr'>παρὰ</span> <span class='ocrx_word' id='word_1_902' title='bbox 2288 3853 2504 3906; x_wconf 89' lang='grc' dir='ltr'>πάντων</span> <span class='ocrx_word' id='word_1_903' title='bbox 2529 3853 2772 3924; x_wconf 78' lang='grc' dir='ltr'>εὐφημία</span> <span class='ocrx_word' id='word_1_904' title='bbox 2802 3854 3099 3924; x_wconf 80' lang='grc' dir='ltr'>τεκμήριον</span> <span class='ocrx_word' id='word_1_905' title='bbox 3150 3852 3214 3906; x_wconf 82' lang='grc' dir='ltr'>ἂν</span> <span class='ocrx_word' id='word_1_906' title='bbox 3265 3853 3348 3921; x_wconf 77' lang='grc' dir='ltr'>εἴη</span> <span class='ocrx_word' id='word_1_907' title='bbox 3384 3850 3636 3922; x_wconf 83' lang='grc' dir='ltr'>μέγιστον</span> <span class='ocrx_word' id='word_1_908' title='bbox 3659 3848 3755 3904; x_wconf 90' lang='grc' dir='ltr'>τοῦ</span> 
     </span>
    </p>
   </div>
   <div class='ocr_carea' id='block_1_111' title="bbox 2091 3937 3758 4010">
    <p class='ocr_par' dir='ltr' id='par_1_111' title="bbox 2091 3937 3758 4010">
     <span class='ocr_line' id='line_1_111' title="bbox 2091 3937 3758 4010; baseline -0.001 -19"><span class='ocrx_word' id='word_1_909' title='bbox 2091 3939 2164 4010; x_wconf 79' lang='grc' dir='ltr'>μὴ</span> <span class='ocrx_word' id='word_1_910' title='bbox 2199 3940 2365 3993; x_wconf 80' lang='grc' dir='ltr'>πολὺν</span> <span class='ocrx_word' id='word_1_911' title='bbox 2395 3940 2496 4010; x_wconf 84' lang='grc' dir='ltr'>τῆς</span> <span class='ocrx_word' id='word_1_912' title='bbox 2545 3940 2746 4010; x_wconf 83' lang='grc' dir='ltr'>ἀρετῆς</span> <span class='ocrx_word' id='word_1_913' title='bbox 2794 3938 2949 4007; x_wconf 92' lang='grc' dir='ltr'>λόγον</span> <span class='ocrx_word' id='word_1_914' title='bbox 2977 3938 3268 3992; x_wconf 84' lang='grc' dir='ltr'>ποιεῖσθαι.</span> <span class='ocrx_word' id='word_1_915' title='bbox 3310 3938 3435 4002; x_wconf 89' lang='grc' dir='ltr'>Πῶς</span> <span class='ocrx_word' id='word_1_916' title='bbox 3464 3938 3572 4008; x_wconf 82' lang='grc' dir='ltr'>γὰρ</span> <span class='ocrx_word' id='word_1_917' title='bbox 3604 3937 3758 4007; x_wconf 80' lang='grc' dir='ltr'>παρά</span> 
     </span>
    </p>
   </div>
   <div class='ocr_carea' id='block_1_112' title="bbox 2089 4023 3758 4096">
    <p class='ocr_par' dir='ltr' id='par_1_112' title="bbox 2089 4023 3758 4096">
     <span class='ocr_line' id='line_1_112' title="bbox 2089 4023 3758 4096; baseline -0.002 -18"><span class='ocrx_word' id='word_1_918' title='bbox 2089 4026 2302 4079; x_wconf 88' lang='grc' dir='ltr'>πάντων</span> <span class='ocrx_word' id='word_1_919' title='bbox 2328 4025 2633 4096; x_wconf 83' lang='grc' dir='ltr'>ἐπαινεθείη</span> <span class='ocrx_word' id='word_1_920' title='bbox 2663 4027 2691 4078; x_wconf 95' lang='lat'>6</span> <span class='ocrx_word' id='word_1_921' title='bbox 2714 4026 2992 4096; x_wconf 85' lang='grc' dir='ltr'>ἐνάρετος,</span> <span class='ocrx_word' id='word_1_922' title='bbox 3026 4026 3076 4078; x_wconf 92' lang='grc' dir='ltr'>εἰ</span> <span class='ocrx_word' id='word_1_923' title='bbox 3123 4023 3364 4094; x_wconf 89' lang='grc' dir='ltr'>βούλοιτο</span> <span class='ocrx_word' id='word_1_924' title='bbox 3383 4025 3511 4088; x_wconf 81' lang='grc' dir='ltr'>τοὺς</span> <span class='ocrx_word' id='word_1_925' title='bbox 3544 4024 3758 4078; x_wconf 88' lang='grc' dir='ltr'>ἀδικου-</span> 
     </span>
    </p>
   </div>
   <div class='ocr_carea' id='block_1_113' title="bbox 2090 4111 3756 4182">
    <p class='ocr_par' dir='ltr' id='par_1_113' title="bbox 2090 4111 3756 4182">
     <span class='ocr_line' id='line_1_113' title="bbox 2090 4111 3756 4182; baseline -0.001 -18"><span class='ocrx_word' id='word_1_926' title='bbox 2090 4112 2282 4181; x_wconf 88' lang='grc' dir='ltr'>μένους</span> <span class='ocrx_word' id='word_1_927' title='bbox 2306 4112 2631 4182; x_wconf 84' lang='grc' dir='ltr'>ἐξαρπάζειν</span> <span class='ocrx_word' id='word_1_928' title='bbox 2650 4111 2758 4164; x_wconf 87' lang='grc' dir='ltr'>τῶν</span> <span class='ocrx_word' id='word_1_929' title='bbox 2773 4112 3121 4172; x_wconf 84' lang='grc' dir='ltr'>ἀδικούντων,</span> <span class='ocrx_word' id='word_1_930' title='bbox 3144 4111 3270 4174; x_wconf 80' lang='lat'><em>:06;</em></span> <span class='ocrx_word' id='word_1_931' title='bbox 3287 4111 3756 4182; x_wconf 86' lang='grc' dir='ltr'>ἐπηρεαζομένους</span> 
     </span>
    </p>
   </div>
   <div class='ocr_carea' id='block_1_114' title="bbox 2085 4195 3758 4268">
    <p class='ocr_par' dir='ltr' id='par_1_114' title="bbox 2085 4195 3758 4268">
     <span class='ocr_line' id='line_1_114' title="bbox 2085 4195 3758 4268; baseline -0.002 -18"><span class='ocrx_word' id='word_1_932' title='bbox 2085 4197 2195 4250; x_wconf 89' lang='grc' dir='ltr'>τῶν</span> <span class='ocrx_word' id='word_1_933' title='bbox 2230 4196 2415 4260; x_wconf 86' lang='grc' dir='ltr'>κακῶς</span> <span class='ocrx_word' id='word_1_934' title='bbox 2441 4199 2614 4250; x_wconf 84' lang='grc' dir='ltr'>ποιεῖν</span> <span class='ocrx_word' id='word_1_935' title='bbox 2646 4196 3020 4268; x_wconf 83' lang='grc' dir='ltr'>βουλομένων;</span> <span class='ocrx_word' id='word_1_936' title='bbox 3049 4197 3216 4250; x_wconf 85' lang='grc' dir='ltr'>Πάλιν</span> <span class='ocrx_word' id='word_1_937' title='bbox 3254 4198 3301 4249; x_wconf 89' lang='grc' dir='ltr'>εἰ</span> <span class='ocrx_word' id='word_1_938' title='bbox 3333 4195 3576 4265; x_wconf 88' lang='grc' dir='ltr'>βούλοιτο</span> <span class='ocrx_word' id='word_1_939' title='bbox 3610 4195 3758 4264; x_wconf 79' lang='grc' dir='ltr'>διορ-</span> 
     </span>
    </p>
   </div>
   <div class='ocr_carea' id='block_1_115' title="bbox 2087 4280 3756 4354">
    <p class='ocr_par' dir='ltr' id='par_1_115' title="bbox 2087 4280 3756 4354">
     <span class='ocr_line' id='line_1_115' title="bbox 2087 4280 3756 4354; baseline -0.002 -19"><span class='ocrx_word' id='word_1_940' title='bbox 2087 4282 2212 4336; x_wconf 88' lang='grc' dir='ltr'>θοῦν</span> <span class='ocrx_word' id='word_1_941' title='bbox 2239 4283 2363 4346; x_wconf 90' lang='lat'><em>:06;</em></span> <span class='ocrx_word' id='word_1_942' title='bbox 2399 4281 2995 4354; x_wconf 74' lang='grc' dir='ltr'>[210]άμαρτάνοντας,</span> <span class='ocrx_word' id='word_1_943' title='bbox 3021 4283 3115 4334; x_wconf 82' lang='grc' dir='ltr'>καὶ</span> <span class='ocrx_word' id='word_1_944' title='bbox 3141 4283 3382 4334; x_wconf 84' lang='grc' dir='ltr'>ἐπαινεῖν</span> <span class='ocrx_word' id='word_1_945' title='bbox 3407 4280 3531 4342; x_wconf 86' lang='lat'><em>:06;</em></span> <span class='ocrx_word' id='word_1_946' title='bbox 3559 4296 3756 4350; x_wconf 73' lang='grc' dir='ltr'>κατορο</span> 
     </span>
    </p>
   </div>
   <div class='ocr_carea' id='block_1_116' title="bbox 2088 4365 3753 4440">
    <p class='ocr_par' dir='ltr' id='par_1_116' title="bbox 2088 4365 3753 4440">
     <span class='ocr_line' id='line_1_116' title="bbox 2088 4365 3753 4440; baseline -0.003 -17"><span class='ocrx_word' id='word_1_947' title='bbox 2088 4370 2334 4432; x_wconf 87' lang='grc' dir='ltr'>θοῦντας,</span> <span class='ocrx_word' id='word_1_948' title='bbox 2363 4371 2463 4424; x_wconf 82' lang='grc' dir='ltr'>οὐκ</span> <span class='ocrx_word' id='word_1_949' title='bbox 2489 4369 2634 4433; x_wconf 84' lang='grc' dir='ltr'>εἰκὸς</span> <span class='ocrx_word' id='word_1_950' title='bbox 2668 4371 2794 4432; x_wconf 90' lang='lat'><em>:06;</em></span> <span class='ocrx_word' id='word_1_951' title='bbox 2844 4368 2942 4440; x_wconf 82' lang='grc' dir='ltr'>μὲν</span> <span class='ocrx_word' id='word_1_952' title='bbox 2993 4370 3255 4429; x_wconf 87' lang='grc' dir='ltr'>ἐπαινεῖν,</span> <span class='ocrx_word' id='word_1_953' title='bbox 3282 4367 3409 4430; x_wconf 87' lang='lat'><em>:06;</em></span> <span class='ocrx_word' id='word_1_954' title='bbox 3435 4365 3492 4419; x_wconf 78' lang='grc' dir='ltr'>δὲ</span> <span class='ocrx_word' id='word_1_955' title='bbox 3528 4365 3753 4434; x_wconf 76' lang='grc' dir='ltr'>ψέγεινς</span> 
     </span>
    </p>
   </div>
   <div class='ocr_carea' id='block_1_117' title="bbox 2086 4450 3754 4526">
    <p class='ocr_par' dir='ltr' id='par_1_117' title="bbox 2086 4450 3754 4526">
     <span class='ocr_line' id='line_1_117' title="bbox 2086 4450 3754 4526; baseline -0.003 -18"><span class='ocrx_word' id='word_1_956' title='bbox 2086 4457 2185 4508; x_wconf 87' lang='grc' dir='ltr'>Διά</span> <span class='ocrx_word' id='word_1_957' title='bbox 2214 4455 2372 4508; x_wconf 85' lang='grc' dir='ltr'>τοῦτό</span> <span class='ocrx_word' id='word_1_958' title='bbox 2399 4473 2561 4526; x_wconf 89' lang='grc' dir='ltr'>φησιν</span> <span class='ocrx_word' id='word_1_959' title='bbox 2583 4472 2597 4486; x_wconf 87' lang='grc'><strong>·</strong></span> <span class='ocrx_word' id='word_1_960' title='bbox 2631 4456 2773 4509; x_wconf 82' lang='grc' dir='ltr'>Οὺαί</span> <span class='ocrx_word' id='word_1_961' title='bbox 2798 4455 2954 4524; x_wconf 83' lang='grc' dir='ltr'>ὑμῖν,</span> <span class='ocrx_word' id='word_1_962' title='bbox 2973 4454 3119 4508; x_wconf 85' lang='grc' dir='ltr'>ὅταν</span> <span class='ocrx_word' id='word_1_963' title='bbox 3140 4453 3340 4518; x_wconf 80' lang='grc' dir='ltr'>καλῶς</span> <span class='ocrx_word' id='word_1_964' title='bbox 3373 4450 3523 4522; x_wconf 80' lang='grc' dir='ltr'>ὑμᾶς</span> <span class='ocrx_word' id='word_1_965' title='bbox 3543 4453 3754 4505; x_wconf 80' lang='grc' dir='ltr'>εἴπωσι</span> 
     </span>
    </p>
   </div>
   <div class='ocr_carea' id='block_1_118' title="bbox 2086 4529 3755 4602">
    <p class='ocr_par' dir='ltr' id='par_1_118' title="bbox 2086 4529 3755 4602">
     <span class='ocr_line' id='line_1_118' title="bbox 2086 4529 3755 4602; baseline -0.004 -15"><span class='ocrx_word' id='word_1_966' title='bbox 2086 4533 2308 4599; x_wconf 76' lang='grc' dir='ltr'>πάντες</span> <span class='ocrx_word' id='word_1_967' title='bbox 2336 4537 2390 4587; x_wconf 87' lang='grc' dir='ltr'>οί</span> <span class='ocrx_word' id='word_1_968' title='bbox 2418 4534 2734 4602; x_wconf 68' lang='grc' dir='ltr'>ἅνθρωποι.</span> <span class='ocrx_word' id='word_1_969' title='bbox 2765 4534 2888 4596; x_wconf 87' lang='grc' dir='ltr'>Πῶς</span> <span class='ocrx_word' id='word_1_970' title='bbox 2923 4530 3018 4585; x_wconf 81' lang='grc' dir='ltr'>οὖν</span> <span class='ocrx_word' id='word_1_971' title='bbox 3038 4534 3137 4586; x_wconf 88' lang='grc' dir='ltr'>ούκ</span> <span class='ocrx_word' id='word_1_972' title='bbox 3163 4530 3312 4597; x_wconf 78' lang='grc' dir='ltr'>ἄξιον</span> <span class='ocrx_word' id='word_1_973' title='bbox 3342 4529 3642 4600; x_wconf 73' lang='grc' dir='ltr'>θαυμάζειν</span> <span class='ocrx_word' id='word_1_974' title='bbox 3659 4530 3755 4582; x_wconf 75' lang='grc' dir='ltr'>καὶ</span> 
     </span>
    </p>
   </div>
   <div class='ocr_carea' id='block_1_119' title="bbox 2086 4605 3754 4683">
    <p class='ocr_par' dir='ltr' id='par_1_119' title="bbox 2086 4605 3754 4683">
     <span class='ocr_line' id='line_1_119' title="bbox 2086 4605 3754 4683; baseline -0.004 -19"><span class='ocrx_word' id='word_1_975' title='bbox 2086 4611 2484 4683; x_wconf 84' lang='grc' dir='ltr'>ἐκπλήττεσθαι</span> <span class='ocrx_word' id='word_1_976' title='bbox 2533 4612 2619 4664; x_wconf 75' lang='grc' dir='ltr'>τὸν</span> <span class='ocrx_word' id='word_1_977' title='bbox 2655 4612 2860 4665; x_wconf 90' lang='grc' dir='ltr'>δίκαιον</span> <span class='ocrx_word' id='word_1_978' title='bbox 2889 4611 3099 4675; x_wconf 88' lang='grc' dir='ltr'>τοῦτον,</span> <span class='ocrx_word' id='word_1_979' title='bbox 3130 4612 3211 4663; x_wconf 85' lang='grc' dir='ltr'>ὃτι</span> <span class='ocrx_word' id='word_1_980' title='bbox 3262 4611 3404 4679; x_wconf 77' lang='grc' dir='ltr'>ἅπερ</span> <span class='ocrx_word' id='word_1_981' title='bbox 3445 4609 3474 4666; x_wconf 76' lang='grc' dir='ltr'><em>ὁ</em></span> <span class='ocrx_word' id='word_1_982' title='bbox 3520 4605 3754 4677; x_wconf 74' lang='grc' dir='ltr'>Χριστὸς</span> 
     </span>
    </p>
   </div>
   <div class='ocr_carea' id='block_1_120' title="bbox 2088 4683 3754 4761">
    <p class='ocr_par' dir='ltr' id='par_1_120' title="bbox 2088 4683 3754 4761">
     <span class='ocr_line' id='line_1_120' title="bbox 2088 4683 3754 4761; baseline -0.004 -18"><span class='ocrx_word' id='word_1_983' title='bbox 2088 4691 2526 4761; x_wconf 88' lang='grc' dir='ltr'>παραγενόμενος</span> <span class='ocrx_word' id='word_1_984' title='bbox 2558 4689 2822 4752; x_wconf 87' lang='grc' dir='ltr'>ἐδίδασκε,</span> <span class='ocrx_word' id='word_1_985' title='bbox 2851 4687 3022 4741; x_wconf 88' lang='grc' dir='ltr'>ταῦτα</span> <span class='ocrx_word' id='word_1_986' title='bbox 3049 4685 3340 4757; x_wconf 77' lang='grc' dir='ltr'>προλαϐὼν</span> <span class='ocrx_word' id='word_1_987' title='bbox 3360 4684 3464 4738; x_wconf 84' lang='grc' dir='ltr'>ὑπὸ</span> <span class='ocrx_word' id='word_1_988' title='bbox 3491 4683 3584 4737; x_wconf 89' lang='grc' dir='ltr'>τοῦ</span> <span class='ocrx_word' id='word_1_989' title='bbox 3609 4685 3665 4736; x_wconf 88' lang='grc' dir='ltr'>ἐν</span> 
     </span>
    </p>
   </div>
   <div class='ocr_carea' id='block_1_121' title="bbox 2086 4760 3751 4837">
    <p class='ocr_par' dir='ltr' id='par_1_121' title="bbox 2086 4760 3751 4837">
     <span class='ocr_line' id='line_1_121' title="bbox 2086 4760 3751 4837; baseline -0.006 -15"><span class='ocrx_word' id='word_1_990' title='bbox 2086 4760 2244 4837; x_wconf 88' lang='grc' dir='ltr'>φύσει</span> <span class='ocrx_word' id='word_1_991' title='bbox 2269 4768 2589 4837; x_wconf 80' lang='grc' dir='ltr'>ἐγκειμένου</span> <span class='ocrx_word' id='word_1_992' title='bbox 2612 4766 2780 4835; x_wconf 87' lang='grc' dir='ltr'>νόμου</span> <span class='ocrx_word' id='word_1_993' title='bbox 2828 4764 3134 4826; x_wconf 71' lang='grc' dir='ltr'>παιδευθεὶς</span> <span class='ocrx_word' id='word_1_994' title='bbox 3168 4763 3307 4832; x_wconf 76' lang='grc' dir='ltr'>μετὰ</span> <span class='ocrx_word' id='word_1_995' title='bbox 3329 4761 3528 4830; x_wconf 85' lang='grc' dir='ltr'>πολλῆς</span> <span class='ocrx_word' id='word_1_996' title='bbox 3561 4760 3751 4830; x_wconf 75' lang='grc' dir='ltr'>μετῄει</span> 
     </span>
    </p>
   </div>
   <div class='ocr_carea' id='block_1_122' title="bbox 2084 4841 3754 4920">
    <p class='ocr_par' dir='ltr' id='par_1_122' title="bbox 2084 4841 3754 4920">
     <span class='ocr_line' id='line_1_122' title="bbox 2084 4841 3754 4920; baseline -0.005 -18"><span class='ocrx_word' id='word_1_997' title='bbox 2084 4849 2183 4920; x_wconf 82' lang='grc' dir='ltr'>τῆς</span> <span class='ocrx_word' id='word_1_998' title='bbox 2217 4847 2544 4918; x_wconf 78' lang='grc' dir='ltr'>ὑπερϐολῆς,</span> <span class='ocrx_word' id='word_1_999' title='bbox 2597 4845 2692 4897; x_wconf 70' lang='grc' dir='ltr'>καὶ</span> <span class='ocrx_word' id='word_1_1000' title='bbox 2743 4843 2834 4896; x_wconf 84' lang='grc' dir='ltr'>τὸν</span> <span class='ocrx_word' id='word_1_1001' title='bbox 2860 4843 3010 4914; x_wconf 79' lang='grc' dir='ltr'>παρά</span> <span class='ocrx_word' id='word_1_1002' title='bbox 3045 4843 3154 4896; x_wconf 88' lang='grc' dir='ltr'>τῶν</span> <span class='ocrx_word' id='word_1_1003' title='bbox 3200 4842 3502 4914; x_wconf 84' lang='grc' dir='ltr'>ἀνθρώπων</span> <span class='ocrx_word' id='word_1_1004' title='bbox 3532 4841 3754 4896; x_wconf 76' lang='grc' dir='ltr'>ἔπαινον</span> 
     </span>
    </p>
   </div>
   <div class='ocr_carea' id='block_1_123' title="bbox 2086 4920 3752 4996">
    <p class='ocr_par' dir='ltr' id='par_1_123' title="bbox 2086 4920 3752 4996">
     <span class='ocr_line' id='line_1_123' title="bbox 2086 4920 3752 4996; baseline -0.004 -15"><span class='ocrx_word' id='word_1_1005' title='bbox 2086 4925 2574 4996; x_wconf 76' lang='grc' dir='ltr'>ἀποπεμψάμενος,</span> <span class='ocrx_word' id='word_1_1006' title='bbox 2604 4922 2693 4976; x_wconf 81' lang='grc' dir='ltr'>διὰ</span> <span class='ocrx_word' id='word_1_1007' title='bbox 2736 4921 2836 4990; x_wconf 82' lang='grc' dir='ltr'>τῆς</span> <span class='ocrx_word' id='word_1_1008' title='bbox 2875 4921 2985 4974; x_wconf 86' lang='grc' dir='ltr'>τῶν</span> <span class='ocrx_word' id='word_1_1009' title='bbox 3024 4920 3370 4990; x_wconf 80' lang='grc' dir='ltr'>βεϐιωμένων</span> <span class='ocrx_word' id='word_1_1010' title='bbox 3426 4921 3625 4990; x_wconf 81' lang='grc' dir='ltr'>ἀρετῆς</span> <span class='ocrx_word' id='word_1_1011' title='bbox 3652 4920 3752 4990; x_wconf 75' lang='grc' dir='ltr'>τὴν</span> 
     </span>
    </p>
   </div>
   <div class='ocr_carea' id='block_1_124' title="bbox 2085 4998 3752 5076">
    <p class='ocr_par' dir='ltr' id='par_1_124' title="bbox 2085 4998 3752 5076">
     <span class='ocr_line' id='line_1_124' title="bbox 2085 4998 3752 5076; baseline -0.007 -17"><span class='ocrx_word' id='word_1_1012' title='bbox 2085 5005 2236 5076; x_wconf 86' lang='grc' dir='ltr'>παρά</span> <span class='ocrx_word' id='word_1_1013' title='bbox 2261 5003 2340 5074; x_wconf 85' lang='grc' dir='ltr'>τῷ</span> <span class='ocrx_word' id='word_1_1014' title='bbox 2367 5003 2488 5073; x_wconf 79' lang='grc' dir='ltr'>Θεῷ</span> <span class='ocrx_word' id='word_1_1015' title='bbox 2519 5001 2676 5072; x_wconf 85' lang='grc' dir='ltr'>χάριν</span> <span class='ocrx_word' id='word_1_1016' title='bbox 2723 5001 2902 5072; x_wconf 80' lang='grc' dir='ltr'>εὑρεῖν</span> <span class='ocrx_word' id='word_1_1017' title='bbox 2935 4998 3269 5063; x_wconf 74' lang='grc' dir='ltr'>ἐσπούδαζες</span> <span class='ocrx_word' id='word_1_1018' title='bbox 3308 4998 3437 5052; x_wconf 86' lang='grc' dir='ltr'>Νῶε</span> <span class='ocrx_word' id='word_1_1019' title='bbox 3463 4999 3600 5076; x_wconf 79' lang='grc' dir='ltr'>γάρ,</span> <span class='ocrx_word' id='word_1_1020' title='bbox 3644 5014 3752 5067; x_wconf 83' lang='grc' dir='ltr'>φη-</span> 
     </span>
    </p>
   </div>
   <div class='ocr_carea' id='block_1_125' title="bbox 2088 5075 3750 5150">
    <p class='ocr_par' dir='ltr' id='par_1_125' title="bbox 2088 5075 3750 5150">
     <span class='ocr_line' id='line_1_125' title="bbox 2088 5075 3750 5150; baseline -0.004 -14"><span class='ocrx_word' id='word_1_1021' title='bbox 2088 5075 2192 5142; x_wconf 74' lang='grc' dir='ltr'>σιν,</span> <span class='ocrx_word' id='word_1_1022' title='bbox 2219 5079 2357 5150; x_wconf 84' lang='grc' dir='ltr'>εὗρε</span> <span class='ocrx_word' id='word_1_1023' title='bbox 2385 5080 2560 5150; x_wconf 75' lang='grc' dir='ltr'>χάριν</span> <span class='ocrx_word' id='word_1_1024' title='bbox 2577 5079 2854 5133; x_wconf 83' lang='grc' dir='ltr'>ἐναντίον</span> <span class='ocrx_word' id='word_1_1025' title='bbox 2885 5078 3106 5146; x_wconf 86' lang='grc' dir='ltr'>Κυρίου</span> <span class='ocrx_word' id='word_1_1026' title='bbox 3145 5076 3252 5131; x_wconf 83' lang='grc' dir='ltr'>τοῦ</span> <span class='ocrx_word' id='word_1_1027' title='bbox 3283 5077 3452 5130; x_wconf 84' lang='grc' dir='ltr'>Θεοῦ.</span> <span class='ocrx_word' id='word_1_1028' title='bbox 3502 5075 3641 5128; x_wconf 78' lang='grc' dir='ltr'>Ἀλλ’</span> <span class='ocrx_word' id='word_1_1029' title='bbox 3669 5077 3750 5129; x_wconf 84' lang='grc' dir='ltr'>ὅτι</span> 
     </span>
    </p>
   </div>
   <div class='ocr_carea' id='block_1_126' title="bbox 2089 5151 3751 5232">
    <p class='ocr_par' dir='ltr' id='par_1_126' title="bbox 2089 5151 3751 5232">
     <span class='ocr_line' id='line_1_126' title="bbox 2089 5151 3751 5232; baseline -0.004 -18"><span class='ocrx_word' id='word_1_1030' title='bbox 2089 5161 2188 5232; x_wconf 83' lang='grc' dir='ltr'>μὲν</span> <span class='ocrx_word' id='word_1_1031' title='bbox 2215 5161 2300 5214; x_wconf 76' lang='grc' dir='ltr'>διὰ</span> <span class='ocrx_word' id='word_1_1032' title='bbox 2321 5161 2420 5231; x_wconf 86' lang='grc' dir='ltr'>τὴν</span> <span class='ocrx_word' id='word_1_1033' title='bbox 2448 5158 2752 5231; x_wconf 83' lang='grc' dir='ltr'>προσοῦσαν</span> <span class='ocrx_word' id='word_1_1034' title='bbox 2777 5151 2926 5228; x_wconf 82' lang='grc' dir='ltr'>αύτῷ</span> <span class='ocrx_word' id='word_1_1035' title='bbox 2954 5156 3151 5229; x_wconf 81' lang='grc' dir='ltr'>ἀρετὴν</span> <span class='ocrx_word' id='word_1_1036' title='bbox 3182 5151 3304 5228; x_wconf 77' lang='grc' dir='ltr'>εὗρε</span> <span class='ocrx_word' id='word_1_1037' title='bbox 3327 5157 3484 5227; x_wconf 88' lang='grc' dir='ltr'>χάριν</span> <span class='ocrx_word' id='word_1_1038' title='bbox 3513 5155 3751 5232; x_wconf 71' lang='grc' dir='ltr'>ἐναντίον</span> 
     </span>
    </p>
   </div>
   <div class='ocr_carea' id='block_1_127' title="bbox 2085 5228 3751 5311">
    <p class='ocr_par' dir='ltr' id='par_1_127' title="bbox 2085 5228 3751 5311">
     <span class='ocr_line' id='line_1_127' title="bbox 2085 5228 3751 5311; baseline -0.004 -18"><span class='ocrx_word' id='word_1_1039' title='bbox 2085 5228 2288 5311; x_wconf 86' lang='grc' dir='ltr'>Κυρίου</span> <span class='ocrx_word' id='word_1_1040' title='bbox 2313 5228 2406 5293; x_wconf 87' lang='grc' dir='ltr'>τοῦ</span> <span class='ocrx_word' id='word_1_1041' title='bbox 2439 5228 2593 5302; x_wconf 80' lang='grc' dir='ltr'>Θεοῦ,</span> <span class='ocrx_word' id='word_1_1042' title='bbox 2623 5238 2919 5308; x_wconf 77' lang='grc' dir='ltr'>διηγήσατο</span> <span class='ocrx_word' id='word_1_1043' title='bbox 2959 5228 3086 5307; x_wconf 80' lang='grc' dir='ltr'>ἡμῖν</span> <span class='ocrx_word' id='word_1_1044' title='bbox 3125 5237 3154 5287; x_wconf 85' lang='lat'>6</span> <span class='ocrx_word' id='word_1_1045' title='bbox 3204 5237 3500 5305; x_wconf 88' lang='grc' dir='ltr'>θαυμάσιος</span> <span class='ocrx_word' id='word_1_1046' title='bbox 3538 5228 3690 5299; x_wconf 73' lang='grc' dir='ltr'>οὗτος</span> <span class='ocrx_word' id='word_1_1047' title='bbox 3722 5236 3751 5275; x_wconf 71' lang='grc' dir='ltr'>δ</span> 
     </span>
    </p>
   </div>
   <div class='ocr_carea' id='block_1_128' title="bbox 2087 5313 3752 5390">
    <p class='ocr_par' dir='ltr' id='par_1_128' title="bbox 2087 5313 3752 5390">
     <span class='ocr_line' id='line_1_128' title="bbox 2087 5313 3752 5390; baseline -0.004 -18"><span class='ocrx_word' id='word_1_1048' title='bbox 2087 5321 2370 5390; x_wconf 82' lang='grc' dir='ltr'>προφήτης</span> <span class='ocrx_word' id='word_1_1049' title='bbox 2396 5317 2754 5388; x_wconf 84' lang='grc' dir='ltr'>ἐνηχούμενος</span> <span class='ocrx_word' id='word_1_1050' title='bbox 2786 5315 2891 5368; x_wconf 86' lang='lat'><em>61:6</em></span> <span class='ocrx_word' id='word_1_1051' title='bbox 2914 5314 3006 5368; x_wconf 90' lang='grc' dir='ltr'>τοῦ</span> <span class='ocrx_word' id='word_1_1052' title='bbox 3039 5313 3193 5382; x_wconf 83' lang='grc' dir='ltr'>ἁγίου</span> <span class='ocrx_word' id='word_1_1053' title='bbox 3217 5313 3560 5383; x_wconf 76' lang='grc' dir='ltr'>Πνεύματοςο</span> <span class='ocrx_word' id='word_1_1054' title='bbox 3585 5314 3752 5382; x_wconf 86' lang='grc' dir='ltr'>ἀναγ-</span> 
     </span>
    </p>
   </div>
   <div class='ocr_carea' id='block_1_129' title="bbox 2085 5393 3754 5466">
    <p class='ocr_par' dir='ltr' id='par_1_129' title="bbox 2085 5393 3754 5466">
     <span class='ocr_line' id='line_1_129' title="bbox 2085 5393 3754 5466; baseline -0.004 -15"><span class='ocrx_word' id='word_1_1055' title='bbox 2085 5401 2236 5452; x_wconf 88' lang='grc' dir='ltr'>καῖον</span> <span class='ocrx_word' id='word_1_1056' title='bbox 2259 5399 2316 5452; x_wconf 78' lang='grc' dir='ltr'>δὲ</span> <span class='ocrx_word' id='word_1_1057' title='bbox 2346 5399 2441 5451; x_wconf 77' lang='grc' dir='ltr'>καὶ</span> <span class='ocrx_word' id='word_1_1058' title='bbox 2456 5399 2524 5450; x_wconf 82' lang='grc' dir='ltr'>τά</span> <span class='ocrx_word' id='word_1_1059' title='bbox 2554 5397 2680 5465; x_wconf 81' lang='grc' dir='ltr'>ἐξῆς</span> <span class='ocrx_word' id='word_1_1060' title='bbox 2705 5393 2970 5466; x_wconf 88' lang='grc' dir='ltr'>εἰρημένα</span> <span class='ocrx_word' id='word_1_1061' title='bbox 2988 5393 3349 5462; x_wconf 83' lang='grc' dir='ltr'>καταμαθεῖν,</span> <span class='ocrx_word' id='word_1_1062' title='bbox 3381 5394 3475 5446; x_wconf 81' lang='grc' dir='ltr'>καὶ</span> <span class='ocrx_word' id='word_1_1063' title='bbox 3501 5394 3629 5446; x_wconf 88' lang='grc' dir='ltr'>ίδεῖν</span> <span class='ocrx_word' id='word_1_1064' title='bbox 3657 5393 3754 5445; x_wconf 78' lang='grc' dir='ltr'>καὶ</span> 
     </span>
    </p>
   </div>
   <div class='ocr_carea' id='block_1_130' title="bbox 2082 5469 3750 5547">
    <p class='ocr_par' dir='ltr' id='par_1_130' title="bbox 2082 5469 3750 5547">
     <span class='ocr_line' id='line_1_130' title="bbox 2082 5469 3750 5547; baseline -0.004 -17"><span class='ocrx_word' id='word_1_1065' title='bbox 2082 5477 2180 5545; x_wconf 82' lang='grc' dir='ltr'>τὴν</span> <span class='ocrx_word' id='word_1_1066' title='bbox 2211 5476 2388 5547; x_wconf 81' lang='grc' dir='ltr'>ψῆφον</span> <span class='ocrx_word' id='word_1_1067' title='bbox 2436 5475 2534 5544; x_wconf 79' lang='grc' dir='ltr'>τὴν</span> <span class='ocrx_word' id='word_1_1068' title='bbox 2564 5473 2712 5542; x_wconf 86' lang='grc' dir='ltr'>παρά</span> <span class='ocrx_word' id='word_1_1069' title='bbox 2745 5472 2838 5524; x_wconf 84' lang='grc' dir='ltr'>τοῦ</span> <span class='ocrx_word' id='word_1_1070' title='bbox 2869 5471 3004 5524; x_wconf 87' lang='grc' dir='ltr'>Θεοῦ</span> <span class='ocrx_word' id='word_1_1071' title='bbox 3049 5471 3178 5539; x_wconf 86' lang='grc' dir='ltr'>περί</span> <span class='ocrx_word' id='word_1_1072' title='bbox 3217 5469 3383 5524; x_wconf 79' lang='grc' dir='ltr'>αὐτοῦ</span> <span class='ocrx_word' id='word_1_1073' title='bbox 3435 5469 3750 5539; x_wconf 86' lang='grc' dir='ltr'>γινομένην.</span> 
     </span>
    </p>
   </div>
   <div class='ocr_carea' id='block_1_131' title="bbox 2083 5547 3752 5622">
    <p class='ocr_par' dir='ltr' id='par_1_131' title="bbox 2083 5547 3752 5622">
     <span class='ocr_line' id='line_1_131' title="bbox 2083 5547 3752 5622; baseline -0.006 -12"><span class='ocrx_word' id='word_1_1074' title='bbox 2083 5550 2268 5610; x_wconf 78' lang='grc' dir='ltr'>Αὗται</span> <span class='ocrx_word' id='word_1_1075' title='bbox 2291 5554 2378 5607; x_wconf 83' lang='grc' dir='ltr'>δὲ.</span> <span class='ocrx_word' id='word_1_1076' title='bbox 2411 5552 2594 5622; x_wconf 72' lang='grc' dir='ltr'>φησὶν,</span> <span class='ocrx_word' id='word_1_1077' title='bbox 2619 5553 2677 5604; x_wconf 79' lang='lat' dir='ltr'><strong><em>al</em></strong></span> <span class='ocrx_word' id='word_1_1078' title='bbox 2699 5549 2964 5617; x_wconf 82' lang='grc' dir='ltr'>γενέσεις</span> <span class='ocrx_word' id='word_1_1079' title='bbox 2990 5547 3117 5602; x_wconf 85' lang='grc' dir='ltr'>Νῶε</span> <span class='ocrx_word' id='word_1_1080' title='bbox 3141 5563 3154 5577; x_wconf 79' lang='grc'><strong><em>⁸</em></strong></span> <span class='ocrx_word' id='word_1_1081' title='bbox 3179 5548 3305 5603; x_wconf 86' lang='grc' dir='ltr'>Νῶε</span> <span class='ocrx_word' id='word_1_1082' title='bbox 3326 5549 3633 5616; x_wconf 77' lang='grc' dir='ltr'>ἄνθρωπος</span> <span class='ocrx_word' id='word_1_1083' title='bbox 3659 5547 3752 5601; x_wconf 82' lang='grc' dir='ltr'>δί-</span> 
     </span>
    </p>
   </div>
   <div class='ocr_carea' id='block_1_132' title="bbox 2091 5625 3752 5697">
    <p class='ocr_par' dir='ltr' id='par_1_132' title="bbox 2091 5625 3752 5697">
     <span class='ocr_line' id='line_1_132' title="bbox 2091 5625 3752 5697; baseline -0.004 -12"><span class='ocrx_word' id='word_1_1084' title='bbox 2091 5648 2277 5697; x_wconf 73' lang='grc' dir='ltr'>καιος,</span> <span class='ocrx_word' id='word_1_1085' title='bbox 2315 5631 2542 5696; x_wconf 74' lang='grc' dir='ltr'>τέλειος</span> <span class='ocrx_word' id='word_1_1086' title='bbox 2563 5625 2648 5681; x_wconf 87' lang='grc' dir='ltr'>ὢν</span> <span class='ocrx_word' id='word_1_1087' title='bbox 2663 5629 2734 5682; x_wconf 81' lang='grc' dir='ltr'>ἐν</span> <span class='ocrx_word' id='word_1_1088' title='bbox 2758 5626 2833 5695; x_wconf 83' lang='grc' dir='ltr'>τῇ</span> <span class='ocrx_word' id='word_1_1089' title='bbox 2856 5626 3029 5696; x_wconf 74' lang='grc' dir='ltr'>γενεᾷ</span> <span class='ocrx_word' id='word_1_1090' title='bbox 3055 5627 3242 5681; x_wconf 83' lang='grc' dir='ltr'>αὺτοῦ</span> <span class='ocrx_word' id='word_1_1091' title='bbox 3261 5642 3274 5657; x_wconf 90' lang='grc'><strong>·</strong></span> <span class='ocrx_word' id='word_1_1092' title='bbox 3297 5625 3377 5692; x_wconf 80' lang='grc' dir='ltr'>τῷ</span> <span class='ocrx_word' id='word_1_1093' title='bbox 3406 5625 3526 5692; x_wconf 84' lang='grc' dir='ltr'>Θεῷ</span> <span class='ocrx_word' id='word_1_1094' title='bbox 3545 5625 3752 5694; x_wconf 69' lang='grc' dir='ltr'>εὐηρέ-</span> 
     </span>
    </p>
   </div>
   <div class='ocr_carea' id='block_1_133' title="bbox 2081 5703 3748 5776">
    <p class='ocr_par' dir='ltr' id='par_1_133' title="bbox 2081 5703 3748 5776">
     <span class='ocr_line' id='line_1_133' title="bbox 2081 5703 3748 5776; baseline -0.007 -10"><span class='ocrx_word' id='word_1_1095' title='bbox 2081 5726 2280 5776; x_wconf 76' lang='grc' dir='ltr'>.στησε</span> <span class='ocrx_word' id='word_1_1096' title='bbox 2303 5707 2448 5763; x_wconf 84' lang='grc' dir='ltr'>Νῶε.</span> <span class='ocrx_word' id='word_1_1097' title='bbox 2481 5706 2640 5770; x_wconf 85' lang='grc' dir='ltr'>Ξένος</span> <span class='ocrx_word' id='word_1_1098' title='bbox 2672 5705 3016 5775; x_wconf 85' lang='grc' dir='ltr'>γενεαλογίας</span> <span class='ocrx_word' id='word_1_1099' title='bbox 3044 5704 3260 5775; x_wconf 86' lang='grc' dir='ltr'>τρόπος.</span> <span class='ocrx_word' id='word_1_1100' title='bbox 3302 5703 3544 5758; x_wconf 73' lang='grc' dir='ltr'>Είποῦσα</span> <span class='ocrx_word' id='word_1_1101' title='bbox 3568 5704 3676 5775; x_wconf 84' lang='grc' dir='ltr'>γὰρ</span> <span class='ocrx_word' id='word_1_1102' title='bbox 3715 5705 3748 5772; x_wconf 74' lang='grc' dir='ltr'><strong>ἡ</strong></span> 
     </span>
    </p>
   </div>
   <div class='ocr_carea' id='block_1_134' title="bbox 2148 5807 3621 5871">
    <p class='ocr_par' dir='ltr' id='par_1_134' title="bbox 2148 5807 3621 5871">
     <span class='ocr_line' id='line_1_134' title="bbox 2148 5807 3621 5871; baseline -0.006 -9"><span class='ocrx_word' id='word_1_1103' title='bbox 2148 5815 2176 5853; x_wconf 75' lang='lat' dir='ltr'><strong>b</strong></span> <span class='ocrx_word' id='word_1_1104' title='bbox 2218 5813 2295 5862; x_wconf 84' lang='lat' dir='ltr'>Sic</span> <span class='ocrx_word' id='word_1_1105' title='bbox 2319 5813 2467 5863; x_wconf 78' lang='lat' dir='ltr'>Savil.</span> <span class='ocrx_word' id='word_1_1106' title='bbox 2505 5817 2558 5860; x_wconf 72' lang='lat' dir='ltr'><strong>et</strong></span> <span class='ocrx_word' id='word_1_1107' title='bbox 2574 5823 2660 5860; x_wconf 75' lang='lat' dir='ltr'>sex</span> <span class='ocrx_word' id='word_1_1108' title='bbox 2683 5823 2796 5858; x_wconf 83' lang='lat' dir='ltr'><strong>mss.</strong></span> <span class='ocrx_word' id='word_1_1109' title='bbox 2822 5809 2878 5860; x_wconf 80' lang='lat' dir='ltr'>In</span> <span class='ocrx_word' id='word_1_1110' title='bbox 2926 5807 3097 5858; x_wconf 69' lang='lat' dir='ltr'>Morel.</span> <span class='ocrx_word' id='word_1_1111' title='bbox 3141 5809 3166 5856; x_wconf 82' lang='lat'>6</span> <span class='ocrx_word' id='word_1_1112' title='bbox 3209 5808 3436 5871; x_wconf 75' lang='grc' dir='ltr'>μακάριος</span> <span class='ocrx_word' id='word_1_1113' title='bbox 3469 5807 3621 5861; x_wconf 65' lang='grc' dir='ltr'>οὗτος.</span> 
     </span>
    </p>
   </div>
  </div>
