4116 6196
396 149 494 204 θοι

395 263 586 327 placuit
617 259 749 315 Noe.
780 259 952 314 Rarus
975 266 1031 313 et
1057 269 1231 311 novus
1259 256 1584 326 genealogia:
1611 255 1821 312 modus.
1852 257 1985 312 Nam

395 362 452 406 ut
484 351 662 408 divina
689 352 962 422 Scriptura
987 349 1141 412 dixit,
1174 348 1274 403 lla!
1297 357 1417 403 sunt
1453 352 1798 420 generationes
1827 349 1943 403 Noe
1967 366 1986 404 :

390 454 447 498 ct
475 460 634 499 aures
677 453 890 499 nostras
934 440 1206 504 excitavit,
1257 440 1406 508 quasi
1449 440 1811 510 genealogiam
1843 441 1985 496 illius

391 545 692 600 narratura,
724 543 777 587 et
806 533 924 603 quis
962 531 1080 600 ejus
1119 542 1271 600 pater
1317 529 1494 592 fuerit,
1535 540 1591 584 et
1633 531 1775 585 unde
1817 547 1985 600 genus

390 627 622 691 duxerit,
653 637 706 682 et
730 623 1003 696 quonme
1037 625 1087 677 in
1123 623 1260 676 hanc
1302 623 1462 675 vitam
1509 621 1666 676 fuerit
1694 623 1888 688 editus,
1929 631 1984 677 et

386 719 488 774 alia
518 724 710 773 cuncta
739 734 858 788 qua:
885 731 1000 771 mos
1026 727 1108 770 est
1143 717 1484 786 genealogias
1512 717 1850 770 narrantibus
1890 730 1978 771 re-

387 825 610 864 censere
636 827 650 865 :
676 809 876 863 relictis
905 817 1079 861 tamen
1103 806 1206 860 illis
1226 807 1495 872 omnibus,
1523 816 1577 861 et
1597 807 1820 860 aliorum
1845 821 1978 860 con-

384 898 668 954 suetudine
711 898 980 968 superior,
1023 897 1242 967 inquit:
1279 895 1396 950 Noe
1434 897 1583 950 homo
1603 897 1777 966 justus
1804 913 1823 950 :
1860 913 1978 966 per-

384 994 547 1060 fectus
582 990 636 1043 in
678 989 999 1060 generatione
1026 1005 1121 1042 sua
1164 1003 1184 1042 :
1229 986 1334 1041 Deo
1376 988 1566 1058 placuit
1604 985 1738 1041 Noe.
1787 987 1974 1042 Vidisti

382 1078 752 1133 admirabilem
780 1078 1190 1149 genealogiam?
1219 1077 1353 1142 Noe,
1397 1078 1587 1147 inquit,
1630 1078 1798 1131 homo.
1845 1077 1975 1133 Vide

378 1173 540 1225 etiam
572 1183 773 1224 natura:
799 1185 1084 1224 commune
1111 1184 1304 1224 nomen
1339 1185 1432 1238 pro
1460 1167 1617 1224 laude
1655 1168 1784 1238 justi
1812 1184 1973 1223 usur-

382 1274 583 1332 patum.
617 1263 747 1318 Nam
775 1252 898 1332 q'uia
921 1263 1102 1316 caeteri
1130 1263 1198 1315 ob
1221 1263 1466 1314 carnales
1503 1261 1826 1329 voluptates,
1854 1263 1970 1330 qui-

377 1353 479 1409 bus
505 1353 744 1409 immersi
775 1361 947 1417 erant,
977 1352 1269 1405 amiserant
1293 1365 1415 1406 esse
1442 1349 1685 1404 homines
1713 1368 1726 1404 :
1758 1351 1875 1416 iste,
1902 1353 1972 1404 iu-

376 1447 513 1513 quit,
559 1444 611 1498 in
659 1451 806 1497 tanto
855 1442 1052 1512 populo
1099 1440 1333 1496 hominis
1381 1440 1664 1510 imaginem
1718 1442 1966 1494 servavit.

375 1533 529 1589 Tunc
552 1535 748 1604 quippe
777 1531 938 1586 homo
962 1542 1065 1598 est,
1090 1531 1304 1602 quando
1329 1532 1580 1586 virtutem
1607 1531 1755 1586 colit.
1789 1531 1970 1601 Neque

374 1627 520 1681 enim
546 1626 780 1695 speciem
807 1623 1004 1679 habere
1029 1624 1280 1690 hominis,
1306 1633 1360 1678 et
1380 1625 1589 1689 oculos,
1619 1632 1675 1678 et
1700 1638 1878 1688 nares,
1915 1633 1970 1678 et

373 1733 457 1782 os,
487 1727 543 1772 et
563 1733 746 1788 genas,
773 1727 828 1773 et
862 1728 1057 1773 ctetera
1085 1717 1347 1780 membra,
1389 1717 1492 1770 hoc
1535 1716 1805 1770 hominem
1848 1732 1967 1771 esse

373 1811 608 1866 ostendit
647 1829 660 1865 :
695 1811 810 1866 lucc
851 1812 995 1867 enim
1043 1810 1280 1867 membra
1317 1819 1444 1864 sunt
1480 1809 1743 1878 corporis.
1785 1808 1966 1863 llomi-

375 1919 496 1957 nem
539 1903 685 1957 illum
727 1904 977 1968 dicimus,
1017 1903 1108 1973 qui
1153 1902 1437 1972 imaginem
1485 1901 1719 1956 hominis
1764 1901 1962 1954 salvam

373 1996 588 2050 retinet.
627 1995 758 2063 Qua-3
784 2006 959 2050 autem
990 2004 1073 2050 est
1100 1995 1274 2064 imago
1315 1992 1588 2048 hominis?
1623 1992 1958 2047 Rationalem

372 2104 511 2144 esse.
542 2088 679 2156 Quid
718 2088 881 2160 ergo?
919 2103 1098 2142 annon
1146 2096 1202 2142 et
1245 2087 1321 2140 illi
1371 2085 1587 2141 fuerunt
1631 2083 1959 2140 rationales?

372 2181 568 2236 Verum
614 2197 720 2234 non
767 2180 869 2235 hoc
897 2180 1071 2234 solum
1105 2178 1261 2233 fuerit
1290 2177 1558 2232 hominem
1600 2192 1740 2240 esse,
1771 2176 1864 2231 sed
1905 2184 1960 2231 et

369 2272 650 2327 virtutibus
677 2287 796 2326 esse
820 2270 1077 2337 deditum,
1109 2280 1164 2325 et
1188 2272 1310 2324 vitia
1342 2269 1544 2340 fugere,
1576 2278 1630 2323 et
1655 2269 1856 2323 illicitis
1881 2267 1962 2322 al-

366 2363 684 2418 fectionibus
727 2364 1012 2434 imperare,
1055 2372 1110 2418 et
1148 2362 1412 2418 mandatis
1437 2362 1722 2417 dominicis
1746 2361 1957 2417 obtem-

365 2471 573 2524 perare,
609 2456 710 2509 hoc
738 2464 820 2510 est
849 2470 969 2509 esse
998 2454 1294 2508 hominem.

431 2547 485 2601 4.
537 2546 802 2615 Improbos
853 2563 953 2600 non
997 2545 1222 2599 homines
1272 2545 1496 2614 appellat
1549 2543 1838 2613 Scriptura.
1884 2573 1954 2582 —

363 2638 528 2692 Porro
560 2648 616 2692 ut
639 2638 815 2692 discas
846 2653 1048 2691 ruerent
1079 2651 1198 2691 esse
1226 2635 1546 2706 Scriptum,
1583 2647 1640 2690 ut
1669 2635 1810 2690 vitiis
1836 2645 1950 2689 stn-

360 2729 549 2782 ilentes
612 2737 669 2781 ct
735 2728 982 2782 virtutem
1030 2727 1358 2798 negligentes
1411 2726 1683 2781 hominum
1737 2728 1952 2782 nomine

360 2834 550 2873 vocare
587 2834 690 2871 non
738 2818 1019 2888 dignetur,
1051 2817 1173 2872 audi
1222 2818 1384 2872 Deum
1432 2817 1769 2888 loquentem,
1812 2819 1952 2873 sicut

363 2909 474 2964 heri
534 2907 891 2963 dicebamus:
928 2906 1049 2961 Non
1095 2907 1401 2978 permanebit
1449 2906 1674 2974 Spiritus
1719 2925 1856 2962 meus
1896 2909 1948 2961 in

353 3000 641 3055 hominibus
689 3001 829 3066 istis,
861 3017 918 3055 eo
955 3000 1093 3071 quod
1117 3000 1217 3070 ipsi
1239 3016 1414 3054 carnes
1443 3010 1558 3054 sunt
1585 2998 1744 3072 (Gen.
1768 3000 1819 3056 6.
1848 3000 1882 3056 3

357 3090 465 3160 Ego
494 3091 659 3157 enim,
689 3090 871 3146 dicere
896 3091 1024 3155 vult,
1051 3091 1401 3146 substantiam
1427 3107 1490 3147 ex
1515 3107 1674 3146 carne
1695 3101 1749 3147 et
1767 3093 1944 3147 anima

355 3184 457 3238 illis
497 3183 618 3238 dedi
653 3202 666 3238 :
710 3183 811 3254 ipsi
838 3193 1018 3240 autem
1059 3184 1209 3255 quasi
1253 3185 1365 3240 sola
1405 3200 1569 3241 carne
1595 3186 1941 3253 circumdati,

353 3276 422 3330 ita
449 3276 673 3330 virtutes
700 3276 862 3331 animi
891 3276 1162 3348 negligant
1182 3315 1200 3343 ,
1225 3284 1281 3330 et
1308 3276 1474 3331 solam
1504 3291 1720 3332 carnem
1751 3277 1943 3332 deinde

349 3377 641 3422 sectantur.
690 3368 875 3423 Vidisti
919 3367 1188 3438 quomodo
1213 3367 1283 3422 ob
1322 3369 1574 3424 malitiam
1601 3385 1817 3424 carnem
1846 3385 1940 3425 eos

353 3469 510 3512 vocat
533 3468 588 3512 et
612 3474 720 3512 non
748 3458 1040 3513 homines?
1070 3458 1134 3512 Et
1163 3459 1378 3524 iterum,
1406 3468 1464 3512 ut
1489 3459 1664 3514 statim
1690 3460 1936 3526 audietis,

350 3559 545 3602 terram
571 3562 665 3602 eos
688 3549 929 3602 nominat
946 3548 1122 3602 divina
1144 3547 1440 3617 Scriptura,
1463 3563 1528 3604 eo
1548 3549 1688 3619 quod
1713 3553 1938 3605 terrenis

347 3637 753 3708 cogitationibus
791 3637 1175 3692 absumantur:
1205 3637 1337 3692 dicit
1357 3637 1498 3693 enim
1525 3656 1538 3692 :
1571 3639 1661 3694 Η.
1687 3636 1936 3710 Corrupto

347 3741 514 3783 autent
543 3739 652 3784 erat
678 3738 809 3782 terra
836 3745 1008 3782 coram
1032 3727 1159 3783 Deo.
1185 3727 1302 3784 Non
1327 3728 1394 3784 de
1419 3741 1559 3784 terra
1587 3729 1827 3786 sensibili
1859 3731 1936 3786 lo-

345 3823 564 3891 quitur,
610 3821 704 3877 sed
746 3821 1129 3877 inhabitatores
1170 3830 1367 3877 terram
1404 3832 1578 3877 vocat.
1612 3824 1730 3878 Alio
1756 3834 1931 3880 autem

345 3915 464 3969 loco
485 3930 655 3985 neque
677 3925 874 3970 terram
904 3931 1074 3985 neque
1102 3931 1318 3970 carnem
1342 3918 1580 3972 nominat
1604 3934 1616 3970 :
1637 3917 1734 3972 sed
1761 3935 1932 3988 neque

341 4022 462 4062 esse
489 4022 582 4062 eos
608 4017 757 4078 putat
786 4008 840 4062 in
869 4009 968 4062 hac
1003 4009 1248 4079 praesenti
1280 4010 1382 4063 vita
1404 4050 1424 4076 ,
1458 4025 1525 4066 eo
1561 4011 1702 4081 quod
1733 4013 1931 4068 virtute

342 4106 583 4152 careant.
618 4099 755 4152 Audi
786 4098 928 4152 enim
956 4098 1267 4168 prophetam
1305 4100 1620 4156 clamantem
1663 4111 1718 4156 et
1749 4101 1930 4157 dicen-

340 4198 447 4242 tem
481 4188 532 4242 in
565 4187 740 4242 media
769 4187 1335 4260 Jerosolyiniuinorum
1367 4191 1680 4260 metrOpoli,
1737 4191 1824 4245 ubi
1854 4202 1928 4247 tot

344 4279 508 4332 millia
541 4280 764 4334 millium
793 4288 850 4335 et
877 4279 1158 4334 multitudo
1187 4281 1464 4335 innumera
1493 4299 1506 4335 :
1547 4279 1668 4334 Veni
1691 4321 1706 4346 ,
1753 4292 1796 4336 et
1827 4299 1928 4337 non

339 4381 440 4423 erat
465 4371 614 4424 homo
636 4387 654 4434 ,'
683 4371 876 4435 vocavi,
899 4379 946 4424 et
973 4387 1072 4424 non
1091 4382 1199 4424 erat
1219 4372 1303 4440 qui
1327 4371 1525 4425 audiret
1542 4371 1693 4442 (lsai.
1718 4375 1806 4429 50.
1827 4376 1923 4447 2):

338 4475 441 4513 non
467 4451 717 4531 quianon
745 4460 991 4525 aderant,
1022 4460 1117 4516 sed
1145 4461 1265 4530 quia
1301 4473 1591 4530 prasentes
1619 4464 1782 4518 nihilo
1809 4481 1924 4521 me-

338 4551 495 4606 liores
522 4561 696 4615 erant,
726 4566 887 4622 quam
915 4550 960 4605 si
997 4567 1100 4604 non
1131 4551 1353 4630 inissent
1380 4563 1691 4620 pra'sentes.
1725 4553 1790 4608 Et
1818 4556 1926 4610 alio

336 4657 546 4711 quoque
573 4643 689 4697 loco
718 4661 731 4695 :
769 4641 1051 4696 Discurrite
1069 4653 1117 4696 et
1138 4643 1316 4706 videte,
1348 4643 1393 4696 si
1417 4655 1488 4696 est
1508 4660 1635 4697 unus
1660 4646 1747 4714 qni
1769 4646 1924 4712 faciat

322 4736 584 4804 judicium
613 4745 659 4789 et
679 4737 966 4807 justitiam,
989 4747 1035 4790 et
1056 4738 1303 4806 propitius
1323 4754 1408 4790 ero
1429 4735 1571 4808 (Jer.
1603 4739 1655 4792 5.
1685 4739 1708 4791 l
1737 4739 1774 4805 ).

410 4821 548 4878 Deus
574 4826 823 4879 hominem
848 4843 963 4880 eum
983 4828 1146 4881 solum
1170 4837 1312 4881 vocat
1331 4829 1417 4898 qui
1440 4828 1666 4881 virtutem
1687 4829 1822 4880 colit.
1852 4857 1923 4867 --

339 4914 525 4970 \‘idisti
555 4919 821 4987 quomodo
849 4919 997 4972 illum
1024 4921 1195 4974 solum
1222 4919 1496 4988 Scriptura
1537 4928 1717 4972 sancta
1749 4917 1918 4973 homi-

331 5023 453 5064 nem
485 5022 676 5063 vocare
705 5010 874 5076 solet,
901 5010 989 5079 qui
1021 5011 1266 5066 virtutem
1297 5010 1426 5064 colit
1454 5027 1466 5062 :
1499 5018 1721 5065 exteros
1742 5023 1919 5066 autem

333 5112 504 5168 neque
528 5115 649 5153 esse
674 5109 843 5168 putat,
876 5101 969 5156 sed
995 5099 1286 5170 aliquando
1313 5108 1468 5154 vocat
1491 5109 1710 5165 terram,
1739 5111 1791 5154 et
1821 5101 1917 5154 ali-

333 5189 547 5258 quando
588 5191 853 5244 carnem?
900 5191 1011 5246 Hac
1055 5192 1123 5247 de
1172 5205 1330 5245 causa
1385 5189 1745 5260 genealogiam
1791 5189 1919 5260 justi

333 5292 662 5336 narraturum
684 5298 744 5338 se
766 5283 1081 5353 promittens
1105 5284 1283 5338 divina
1311 5282 1582 5352 Scriptura
1612 5282 1739 5336 dicit
1768 5301 1780 5335 :
1810 5282 1920 5336 Noe

330 5371 477 5425 homo
507 5391 523 5426 :
556 5373 642 5426 hic
663 5374 806 5428 enim
827 5373 976 5428 solus
1001 5374 1182 5439 homo,
1211 5374 1389 5428 etutcri
1415 5381 1592 5426 autem
1623 5389 1728 5426 non
1753 5373 1919 5426 homi-

329 5477 427 5517 nes
446 5503 460 5526 ,
488 5464 582 5517 sed
613 5464 899 5520 humanam
928 5479 1174 5535 gerentes
1211 5465 1435 5521 formam
1461 5506 1478 5532 ,
1512 5474 1568 5522 et
1594 5481 1659 5521 ex
1689 5466 1918 5520 homini-

332 5554 428 5607 bus
459 5555 512 5610 iu
539 5556 734 5612 bestias
764 5557 993 5625 mutati,
1039 5557 1234 5613 malitia
1261 5559 1548 5614 voluntatis
1589 5558 1919 5616 nobilitatem

1379 140 1443 198 IN
1482 141 1634 200 CAP.
1682 139 1767 194 Vl.
1798 140 2046 198 CENES.
2087 142 2318 204 unum.
2362 151 2550 210 XXI".

3581 174 3689 230 ξω

2104 268 2306 314 natura:
2355 266 2664 326 amiserunt.
2709 269 2862 338 Quod
2893 273 3034 331 enim
3060 291 3180 333 cum
3214 278 3264 336 in
3293 282 3489 340 malum
3517 285 3681 342 decli-

2098 363 2228 407 nant
2255 354 2498 413 homines
2527 362 2840 429 rationales,
2879 375 2933 422 et
2963 370 3103 424 servi
3133 370 3266 427 fiunt
3292 372 3678 432 irrationalium

2092 439 2453 512 allectionum,
2483 447 2660 505 divina
2689 454 2960 524 Scriptura
2989 459 3225 529 imponat
3257 462 3360 519 illis
3381 464 3677 524 bestiarum

2091 535 2328 602 nomina,
2360 540 2480 594 audi
2510 551 2566 596 ut
2590 544 2817 612 quodam
2850 547 2966 603 luco
2984 549 3113 606 dicit
3142 568 3157 606 :
3194 553 3330 625 Equi
3371 561 3679 627 feminarum

2089 637 2339 681 amatores
2363 631 2487 698 facti
2514 645 2632 686 sunt
2666 635 2797 706 (Jer.
2834 638 2887 693 5.
2917 639 2992 704 8).
3027 641 3155 698 Vide
3183 647 3450 714 quomodo
3474 653 3545 704 ob
3573 651 3676 705 im-

2088 715 2349 771 modicam
2385 721 2712 779 salacitatem
2765 727 2902 782 hanc
2945 730 3220 788 brutorum
3248 740 3671 808 cognominatio-

2087 817 2206 857 nem
2239 805 2406 862 indat.
2436 810 2570 865 Alibi
2602 824 2778 868 autem
2807 835 2820 869 :
2862 815 3119 874 Venenum
3146 805 3380 892 aspidem
3411 830 3502 882 sub
3523 829 3672 887 labiis

2085 909 2254 946 eorum
2281 896 2452 965 (Psal.
2485 902 2570 956 15.
2601 904 2651 968 5,
2685 917 2730 958 et
2759 906 2881 962 159.
2908 908 2988 978 4),
3021 911 3107 964 ubi
3137 913 3251 980 ejus
3281 915 3464 971 bestia-
3486 921 3669 977 dolum

2081 995 2147 1077 et
2161 984 2422 1044 fallaciam
2456 991 2650 1049 imitari
2683 1012 2777 1053 eos
2809 1000 3026 1055 indicat.
3052 1003 3226 1059 Canes
3255 1023 3466 1077 quoque
3493 1026 3672 1068 mutos

2080 1075 2216 1172 alios
2238 1091 2389 1134 vocat
2412 1080 2565 1151 (lsai.
2597 1087 2685 1140 56.
2720 1089 2797 1158 1).
2824 1091 2888 1144 Ει
2915 1091 3107 1146 iterum
3128 1075 3283 1162 dicit,
3306 1075 3453 1153 Sicut
3477 1104 3673 1172 aspidis

2078 1168 2250 1260 surda:
2279 1181 2326 1224 et
2354 1173 2636 1230 obturantis
2661 1195 2806 1234 aures
2828 1199 2947 1237 suas
2974 1183 3143 1256 (Psal.
3174 1189 3264 1242 57.
3287 1190 3366 1260 5),
3398 1192 3516 1248 illos
3538 1168 3670 1250 sub-

2078 1258 2318 1317 iudicans
2344 1267 2432 1335 qui
2459 1283 2614 1323 aures
2635 1271 2700 1326 ad
2729 1272 3022 1330 doctrinam
3055 1279 3267 1334 virtutis
3302 1258 3573 1340 obturant.
3602 1288 3668 1342 Et

2077 1351 2240 1441 multa
2285 1355 2386 1409 alia
2429 1361 2549 1427 quis
2589 1363 2804 1416 nomina
2855 1365 3093 1423 inveniet
3130 1369 3378 1441 imposita
3419 1388 3448 1426 a
3489 1375 3666 1432 divina

2073 1439 2343 1512 Scriptura
2397 1447 2464 1502 iis
2497 1451 2583 1520 qui
2615 1452 2667 1506 in
2697 1453 2970 1510 brutorum
2999 1439 3222 1514 allectus
3262 1477 3357 1532 per
3397 1464 3661 1535 ignaviam

2076 1540 2367 1627 transeunt.
2401 1537 2585 1611 Neque
2623 1544 2675 1598 in
2713 1547 2880 1601 veteri
2921 1548 3092 1604 solum
3125 1551 3264 1607 istud
3296 1555 3476 1613 videre
3498 1557 3619 1615 licet
3641 1599 3661 1627 ,

2072 1623 2164 1677 sed
2193 1635 2247 1679 et
2273 1627 2323 1681 in
2351 1644 2485 1684 nova
2527 1631 2662 1702 lege.
2705 1635 2842 1690 Audi
2885 1639 3026 1693 enim
3062 1640 3354 1710 Baptistam
3393 1623 3659 1705 dicentem

2070 1711 2269 1771 Judtcis
2301 1734 2315 1771 :
2361 1719 2634 1791 Pragenies
2675 1726 2979 1796 viperarum,
3026 1733 3136 1800 quis
3179 1735 3317 1790 vobis
3367 1744 3664 1796 monstravit

2069 1808 2246 1874 fugere
2271 1826 2302 1862 α
2328 1823 2533 1865 ventura
2559 1815 2637 1867 ira
2677 1815 2892 1885 (Matth.
2925 1821 2977 1873 5.
3007 1822 3036 1874 7
3059 1823 3119 1890 )?
3161 1823 3349 1880 Vidisti
3389 1832 3659 1896 quomodo

2068 1905 2121 1950 et
2150 1899 2232 1952 hic
2260 1899 2439 1956 dolum
2472 1907 2666 1961 mentis
2694 1908 2904 1964 illorum
2939 1912 3121 1968 bestia:
3148 1918 3363 1972 nomine
3389 1923 3660 1992 signiﬁca-

2069 1989 2181 2084 vit?
2205 1991 2340 2059 Quid
2364 2010 2491 2066 ergo
2517 1999 2874 2055 miserabilius
2902 2002 3057 2059 fuerit
3080 1989 3464 2077 peccatoribus,
3491 2016 3578 2084 qui
3603 2025 3659 2072 et

2067 2081 2183 2151 ipso
2213 2084 2443 2141 hominis
2474 2090 2688 2145 nomine
2715 2094 3010 2162 privantur,
3037 2107 3090 2151 et
3118 2109 3333 2168 propter
3359 2101 3460 2157 hoc
3484 2081 3655 2175 majo-

2065 2176 2212 2231 ribus
2241 2180 2410 2247 pannis
2435 2180 2576 2252 digni
2607 2195 2762 2250 sunt;
2792 2187 2932 2256 quod
2979 2199 3098 2257 post
3139 2204 3384 2262 acceptas
3404 2210 3434 2248 a
3462 2207 3647 2257 natura

2063 2265 2320 2334 plurimas
2339 2273 2646 2326 occasiones
2672 2273 2738 2327 ad
2770 2273 3204 2333 benefaciendum
3228 2293 3526 2352 monentes,
3554 2286 3652 2341 de-

2060 2366 2202 2412 serta
2235 2373 2299 2413 ac
2330 2359 2535 2430 prodita
2562 2362 2756 2418 virtute
2800 2365 2938 2420 ultro
2980 2367 3048 2422 ad
3088 2369 3212 2424 vitia
3258 2373 3652 2445 transfugiant?

2059 2446 2320 2514 Quoniam
2349 2450 2507 2521 igitur
2529 2453 2617 2522 qui
2643 2463 2767 2508 tunc
2800 2465 2985 2521 erant,
3033 2473 3219 2514 omnes
3241 2476 3303 2515 ea
3331 2476 3389 2517 se
3415 2462 3649 2522 hominis

2058 2541 2414 2610 appellatione
2439 2543 2683 2613 indignos
2705 2547 3047 2615 praestabant,
3069 2549 3244 2620 justus
3269 2562 3446 2609 autem
3477 2555 3565 2612 ille
3593 2557 3648 2614 in

2063 2638 2208 2686 tanta
2236 2632 2446 2688 virtutis
2472 2633 2750 2690 sterilitate
2772 2678 2788 2702 ,
2842 2645 2947 2690 tam
2983 2641 3263 2696 excellenti
3313 2643 3506 2700 virtute
3546 2649 3646 2702 llo-

2059 2727 2183 2790 ruit,
2215 2725 2334 2781 ideo
2359 2725 2628 2798 Scriptura
2656 2744 2776 2784 cum
2799 2731 3046 2800 cmpisset
3077 2747 3293 2790 narrare
3323 2738 3421 2791 viri
3449 2753 3646 2808 genea~

2055 2817 2249 2888 logiatn
2273 2859 2290 2885 ,
2320 2821 2453 2874 dixit
2485 2839 2499 2876 :
2533 2820 2650 2876 Noe
2678 2832 2846 2876 autem
2874 2825 3044 2878 homo.
3082 2826 3177 2880 Est
3213 2837 3266 2881 et
3293 2829 3430 2884 alius
3465 2831 3643 2899 justus

2052 2908 2289 2978 quidam,
2313 2911 2396 2964 cui
2421 2910 2524 2964 hoc
2550 2926 2742 2966 nomen
2768 2927 2864 2982 pro
2890 2928 3099 2969 summo
3129 2918 3372 2972 encomio
3395 2922 3642 2993 contigit,

2051 3007 2107 3054 et
2129 3014 2240 3069 pra;
2263 3002 2384 3055 aliis
2406 3003 2655 3057 omnibus
2703 3003 2804 3057 hoc
2847 3003 3063 3060 nomine
3093 3007 3443 3078 praedicatur,
3477 3022 3536 3065 ut
3563 3015 3644 3072 sic

2050 3091 2219 3145 virtus
2249 3090 2389 3146 illius
2416 3092 2700 3162 diligenter
2733 3104 3053 3163 exponatur.
3084 3097 3212 3164 Quis
3239 3099 3330 3155 ille
3351 3103 3476 3156 est?
3503 3104 3640 3160 Bea-

2049 3189 2133 3236 tus
2156 3181 2277 3246 Μ).
2305 3183 2394 3237 ille
2420 3183 2560 3254 pugil
2590 3184 2818 3253 pietatis,
2850 3186 3047 3241 athleta
3078 3188 3243 3253 orbis,
3268 3189 3356 3259 qui
3380 3192 3524 3246 solus
3556 3193 3641 3248 in-

2046 3272 2300 3328 curabilia
2329 3273 2418 3328 illa
2443 3275 2726 3342 sustinuit,
2773 3286 2828 3330 et
2855 3279 3090 3345 acceptis
3119 3280 3413 3336 innumeris
3455 3298 3483 3334 a
3519 3283 3638 3337 dia-

2046 3363 2168 3418 bolo
2208 3364 2326 3418 telis
2354 3405 2370 3431 ,
2416 3365 2606 3420 vulnus
2657 3381 2762 3420 non
2784 3367 2990 3435 accepit
3037 3383 3052 3419 :
3099 3368 3192 3422 sed
3239 3369 3372 3423 sicut
3415 3370 3635 3428 adamas

2043 3455 2256 3526 quidam
2284 3470 2472 3510 omnes
2499 3457 2730 3526 impetus
2751 3457 2891 3511 ferre
2921 3459 3109 3526 potuit,
3137 3468 3191 3512 et
3216 3473 3246 3513 a
3273 3461 3433 3514 tantis
3459 3463 3634 3517 ﬂucti-

2042 3545 2142 3600 bus
2173 3561 2276 3600 non
2300 3545 2474 3600 solum
2504 3561 2608 3600 non
2635 3554 2718 3600 est
2739 3547 3050 3601 submersus
3067 3586 3084 3612 ,
3115 3549 3209 3602 sed
3235 3558 3290 3602 et
3316 3553 3630 3619 praevaluit;

2041 3636 2352 3707 ctacccptis
2389 3636 2440 3690 in
2485 3651 2680 3705 corpus
2709 3651 2863 3691 suum
2914 3639 3163 3692 omnibus
3199 3638 3288 3708 qui
3334 3639 3386 3694 in
3429 3645 3632 3697 mundo

2040 3739 2195 3785 erant
2222 3729 2534 3795 doloribus,
2583 3728 2683 3784 hac
2731 3729 2940 3784 ratione
2978 3730 3146 3784 multo
3194 3730 3388 3785 clarior
3435 3735 3626 3789 evasit.

2038 3823 2154 3878 Non
2181 3823 2351 3886 solum
2379 3821 2520 3877 enim
2544 3836 2649 3875 non
2677 3820 2825 3874 illum
2863 3828 3068 3876 terrore
3117 3821 3338 3890 perculit
3369 3824 3627 3891 ingruen-

2038 3915 2168 3968 tium
2195 3914 2438 3968 dolorum
2471 3911 2766 3982 frequentia
2786 3952 2802 3979 ,
2830 3910 2926 3965 sed
2953 3919 3009 3966 et
3036 3911 3100 3965 ad
3129 3911 3386 3982 majorem
3425 3915 3627 3984 gratia-

2038 4025 2156 4063 rum
2181 4009 2444 4061 actionem
2471 4006 2719 4061 excitavit
2747 4022 2760 4058 :
2783 4011 2942 4074 atque
2968 4003 3020 4058 in
3048 4003 3296 4060 omnibus
3320 4020 3472 4060 suum
3501 4022 3627 4077 gra-

2037 4111 2148 4155 tum
2179 4099 2414 4154 animum
2435 4096 2744 4161 declarans,
2795 4095 3008 4150 letalem
3029 4094 3241 4149 diabolo
3280 4095 3487 4166 plagam
3538 4099 3627 4151 in-

2034 4192 2191 4257 ﬂixit,
2217 4206 2323 4260 quo
2348 4189 2436 4244 ille
2463 4189 2783 4258 intelligeret
2811 4201 2933 4242 sese
2951 4186 3141 4240 frustra
3173 4187 3344 4242 moliri
3367 4197 3420 4242 et
3437 4199 3626 4243 contra

2035 4285 2308 4339 stimulum
2335 4281 2631 4337 calcitrare.
2681 4277 2834 4334 Hunc
2859 4275 3020 4348 igitur
3046 4287 3284 4332 sanctum
3313 4279 3472 4334 etiam
3499 4289 3626 4336 ante

2034 4387 2110 4432 tot
2136 4391 2334 4447 agones
2359 4385 2413 4430 et
2438 4373 2763 4435 certamina,
2806 4379 3010 4424 tantum
3041 4369 3274 4424 laudavit
3318 4371 3625 4427 misericors

2035 4468 2195 4531 Deus,
2225 4477 2280 4521 et
2306 4463 2603 4534 przrdicans
2631 4461 2762 4516 dixit
2783 4461 2992 4515 diabolo
3018 4476 3032 4514 :
3062 4458 3203 4513 Num
3230 4462 3400 4514 animo
3424 4471 3515 4516 tuo
3527 4463 3622 4514 ad-

2030 4558 2217 4611 vertisti
2243 4555 2490 4628 famulum
2516 4569 2679 4606 meum
2706 4551 2826 4613 Job,
2858 4550 2994 4620 quod
3033 4566 3133 4602 non
3163 4552 3226 4602 sit
3265 4551 3417 4603 Itosno
3439 4552 3623 4605 similis

2028 4649 2106 4702 illi
2134 4663 2286 4713 super
2304 4655 2510 4710 terram,
2537 4643 2686 4696 homo
2708 4642 3016 4709 inculpatus,
3033 4641 3226 4708 justus,
3259 4655 3428 4705 verax,
3457 4639 3620 4694 Deum

2027 4739 2224 4802 colens,
2251 4736 2503 4789 abstinens
2529 4733 2593 4785 ab
2614 4731 2752 4784 omni
2775 4745 2926 4796 apere
2945 4729 3078 4782 malo
3106 4727 3261 4795 (Job.
3300 4729 3350 4782 Ι.
3378 4727 3491 4798 8)?
3524 4729 3617 4782 Vi-

2027 4831 2150 4886 disti
2177 4838 2232 4882 et
2258 4827 2402 4881 hunc
2431 4841 2461 4878 a
2487 4822 2756 4878 connnuui
2790 4829 2993 4874 natura:
3019 4819 3232 4874 nomine
3253 4820 3399 4889 prius
3426 4821 3618 4890 pmdi-

2026 4919 2182 4976 cari?
2202 4915 2493 4979 Advertisti,
2517 4913 2709 4982 inquit,
2738 4909 2986 4981 fantulnm
3019 4926 3184 4963 meum
3213 4909 3334 4975 Job,
3356 4912 3496 4982 quod
3517 4928 3620 4965 non

2026 5014 2090 5066 sit
2115 5011 2295 5065 similis
2325 5009 2404 5061 illi
2425 5005 2619 5060 Itonia?
2663 5004 2728 5059 Et
2757 5003 2960 5058 similes
2985 5004 3164 5074 utique
3190 5019 3379 5059 omnes
3407 5021 3618 5068 sumus,

2027 5101 2122 5156 sed
2153 5116 2259 5154 non
2304 5095 2595 5152 secundum
2634 5095 2918 5159 virtutem,
2954 5092 3052 5148 sed
3095 5093 3386 5149 secundum
3433 5095 3618 5150 formai

2027 5191 2286 5247 rationem
2321 5206 2335 5242 :
2365 5195 2421 5240 at
2453 5187 2555 5240 hoc
2583 5200 2687 5238 non
2723 5192 2806 5237 est
2844 5183 3037 5250 homo,
3089 5183 3186 5238 sed
3207 5187 3421 5255 quando
3450 5186 3613 5240 absit.

2028 5297 2162 5337 nens
2180 5295 2208 5333 a
2241 5278 2440 5333 malitia
2463 5275 2708 5330 virtutem
2737 5281 3008 5344 operatur.

2099 5375 2148 5430 5.
2181 5372 2370 5427 Vidisti
2401 5383 2535 5439 quos
2568 5367 2745 5420 divina
2776 5365 3048 5434 Scriptura
3077 5363 3321 5419 homines
3347 5367 3617 5436 θυμω-ηοω

2028 5465 2205 5522 solet?
2232 5462 2490 5532 Quocirca
2535 5468 2588 5512 et
2629 5457 2696 5512 ab
2739 5455 2890 5510 initio
2918 5470 3038 5510 cum
3060 5454 3279 5512 vidisset
3317 5457 3459 5513 Deus
3490 5471 3614 5514 eum

2028 5574 2120 5631 qui
2148 5570 2178 5610 a
2196 5569 2256 5611 se
2281 5561 2451 5608 tactus
2477 5557 2617 5614 crat,
2644 5545 2856 5601 diccbat
2885 5563 2898 5601 :
2948 5544 3222 5601 Faciamus
3262 5548 3513 5604 licinium
3534 5563 3612 5602 se-
