4102 6204
501 175 609 231 203

500 286 721 342 cundum
748 285 1017 357 imaginem
1047 293 1268 340 nostram
1302 294 1349 338 et
1381 285 1655 338 secundum
1692 285 2067 338 similitudinem

505 377 656 446 (Gen.
690 378 742 430 1.
762 376 877 443 28),
909 376 1010 430 hoc
1034 384 1137 441 est,
1167 385 1224 429 ut
1244 377 1470 445 imperet
1506 384 1558 428 et
1582 374 1871 429 visibilibus
1897 374 2071 427 muni-

500 468 598 522 bus
624 475 677 520 et
712 465 984 519 affectibus
1009 465 1119 518 suis
1145 483 1160 519 :
1190 465 1434 532 imperet,
1479 478 1585 518 non
1615 464 1747 517 ferat
1768 464 2069 532 imperium.

499 556 650 622 Quod
704 556 747 607 si
793 568 943 608 suam
996 555 1226 623 prodens
1265 554 1569 624 dignitatem
1618 553 1895 621 imperium
1939 551 2072 605 ferat

499 645 696 714 potius,
727 658 884 713 quam
914 645 1166 714 imperet,
1210 645 1368 698 homo
1392 657 1512 698 esse
1536 642 1730 697 desinit
1753 682 1768 706 ,
1801 651 1853 696 et
1890 642 2071 695 bruto-

419 748 424 750 '
497 752 612 788 rum
645 736 696 788 in
724 751 784 789 se
815 751 1009 789 nomen
1038 733 1308 788 transfert.
1338 735 1513 803 Atque
1534 732 1633 786 hac
1659 731 1728 786 de
1745 745 1903 786 causa
1931 745 2071 784 nunc

494 827 670 880 divina
713 827 986 893 Scriptura
1032 827 1281 879 virtutem
1332 823 1458 891 justi
1504 823 1647 876 illius
1698 821 2071 876 commendare

501 919 707 980 volens,
734 919 868 972 dixit
900 935 914 970 :
949 917 1044 970 Ila:
1071 926 1183 970 sunt
1208 917 1547 988 generationes
1575 912 1690 970 Noe
1719 928 1739 967 :
1772 911 1885 966 Noe
1921 915 2071 966 homo

489 1009 664 1077 justus
698 1007 859 1079 (Gen.
893 1007 944 1061 6.
975 1005 1066 1075 9).
1100 1007 1234 1059 Ecce
1259 1016 1312 1059 et
1335 1005 1488 1058 aliam
1514 1007 1792 1058 maximam
1818 1004 2067 1074 praeconii

499 1098 728 1166 speciem
751 1137 765 1158 ,
801 1095 979 1149 Justus
1010 1113 1027 1148 :
1057 1095 1155 1148 hac
1187 1094 1541 1162 appellatione
1579 1109 1791 1172 omnem
1822 1093 2067 1147 virtutem

501 1187 886 1254 complectitur.
921 1184 1030 1237 Hoc
1051 1184 1190 1236 enim
1222 1199 1414 1236 nomen
1433 1223 1448 1249 ,
1475 1183 1670 1252 justus,
1699 1185 2069 1236 consuevimus

500 1276 678 1330 dicere
713 1275 779 1328 de
818 1275 884 1328 iis
911 1274 998 1344 qui
1043 1274 1377 1342 omnigenam
1414 1281 1663 1327 exercent
1693 1273 1938 1326 virtutem
1966 1271 2066 1342 (a).

501 1365 685 1418 Postea
713 1373 766 1416 ut
786 1362 959 1417 discas
980 1362 1248 1432 quomodo
1276 1360 1341 1415 ad
1369 1375 1634 1414 summum
1675 1360 1883 1414 virtutis
1927 1360 2071 1412 fasti-

499 1456 638 1524 gium
669 1455 989 1524 pervenerit,
1020 1453 1069 1507 id
1096 1452 1234 1522 quod
1265 1461 1318 1506 et
1348 1461 1474 1506 tunc
1499 1449 1808 1521 exigebatur
1828 1465 1856 1504 a
1880 1459 2065 1502 natura

499 1556 677 1600 nostra
697 1585 713 1612 ,
742 1545 908 1614 inquit
940 1562 953 1597 :
992 1542 1172 1597 Justus
1198 1552 1244 1596 et
1269 1546 1515 1613 perfectus
1539 1542 1591 1595 in
1615 1540 1931 1611 generatione
1954 1555 2064 1592 sua.

495 1637 702 1702 Omnia,
731 1636 932 1706 inquit,
961 1634 1198 1703 implevit
1231 1648 1576 1704 quaecumque
1599 1633 1770 1687 facere
1821 1631 2069 1687 convenit

494 1742 614 1782 eum
640 1727 728 1797 qui
760 1729 1004 1781 virtutem
1035 1727 1402 1795 amplexatur:
1437 1724 1564 1778 illud
1593 1724 1734 1778 enim
1765 1723 2064 1792 significat,

497 1815 761 1885 Perfectus
785 1832 806 1870 :
829 1817 959 1870 nihil
998 1814 1302 1880 intermisit,
1331 1815 1383 1868 in
1415 1814 1559 1868 nullo
1588 1813 1925 1868 claudicavit.
1949 1811 2064 1866 Non

495 1909 550 1962 in
573 1909 673 1963 hoc
699 1917 842 1962 recte
869 1907 1092 1976 agebat,
1142 1907 1195 1959 in
1232 1905 1324 1960 illo
1356 1915 1532 1960 autem
1560 1905 1849 1974 peccabat,
1892 1902 1984 1957 sed
2014 1903 2066 1957 in

493 1998 636 2051 omni
663 1998 857 2052 virtute
883 1995 1145 2066 perfectus
1171 2005 1286 2050 erat
1316 2013 1329 2048 :
1362 1996 1487 2050 illud
1511 1995 1652 2050 enim
1677 1995 1928 2049 exhibere
1951 1994 2067 2062 ejus

491 2087 652 2140 oflicii
691 2095 824 2141 erat.
859 2086 1155 2150 Praeterea,
1198 2094 1255 2140 ut
1291 2100 1356 2140 ex
1399 2095 1638 2154 tempore
1674 2099 1882 2154 quoque
1905 2092 1960 2138 et
1999 2099 2063 2138 ex

490 2179 888 2248 comparatione
935 2193 1054 2232 cum
1099 2177 1218 2231 aliis
1268 2176 1610 2233 illuStriorem
1665 2175 1818 2230 nobis
1865 2175 2065 2244 justmn

489 2269 798 2334 exhiberet,
841 2268 1009 2338 inquit
1048 2284 1062 2321 :
1099 2267 1366 2338 Perfectus
1393 2268 1446 2319 in
1478 2267 1793 2335 generatione
1833 2280 1968 2328 sua;
2011 2265 2063 2318 in

492 2369 731 2429 tempore
757 2359 847 2413 illo
865 2400 882 2426 ,
912 2358 964 2412 in
994 2359 1336 2427 generatione
1361 2357 1446 2411 illa
1476 2370 1721 2427 perversa
1744 2397 1759 2422 ,
1788 2371 1905 2425 qua:
1931 2355 2064 2410 adeo

492 2451 544 2504 in
594 2449 790 2503 malum
835 2449 1157 2514 declinavit,
1202 2463 1320 2518 qua:
1347 2462 1520 2517 neque
1547 2447 1824 2515 vestigium
1855 2445 2063 2500 virtutis

492 2553 601 2608 prae
634 2553 696 2592 se
721 2537 860 2593 ferre
885 2539 1068 2592 voluit.
1101 2539 1156 2592 In
1201 2539 1287 2592 illa
1319 2538 1476 2607 igitur
1500 2537 1860 2607 generatione,
1889 2535 1940 2589 in
1963 2536 2064 2590 illis

493 2629 820 2698 temporibus
840 2629 1014 2696 justus
1045 2629 1251 2684 illenon
1278 2629 1449 2683 solum
1481 2629 1727 2683 virtutem
1755 2642 1864 2696 pra:
1890 2641 1948 2681 se
1977 2635 2062 2680 tu-

492 2717 553 2772 lit
576 2759 592 2783 ,
623 2717 717 2772 sed
742 2726 798 2773 et
829 2719 880 2772 in
910 2727 1110 2772 tantum
1139 2719 1378 2787 pervenit
1401 2717 1613 2774 virtutis
1644 2717 1894 2784 culmen,
1937 2732 2060 2786 per-

489 2805 656 2860 fectus
667 2847 691 2878 ρ
723 2813 779 2862 et
817 2807 868 2861 in
899 2807 1146 2861 omnibus
1170 2808 1463 2862 absolutus.
1506 2806 1638 2862 Nam
1683 2808 1733 2862 id
1771 2806 1911 2878 quod
1936 2816 2060 2862 ante

486 2893 626 2957 dixi.
671 2893 809 2951 bene
833 2912 988 2966 agere
1031 2898 1168 2952 inter
1192 2898 1399 2952 virtutis
1443 2897 1656 2964 hostes,
1701 2907 1754 2953 et
1801 2899 1938 2953 inter
1966 2913 2060 2954 eos

487 2985 576 3055 qui
602 2986 850 3040 virtutem
898 2988 1180 3057 prohibent
1206 2988 1448 3042 eamdem
1475 2989 1808 3043 sedulitatem
1853 3005 1962 3059 prae
2002 3004 2061 3044 se

487 3075 661 3141 ferre,
707 3076 876 3144 majus
901 3091 1110 3145 semper
1136 3079 1347 3131 virtutis
1377 3078 1583 3147 pondus
1622 3088 1863 3133 testatur.
1912 3080 2060 3136 Unde

487 3166 586 3219 hac
617 3165 822 3219 ratione
845 3165 1018 3234 justus
1051 3167 1133 3221 ille
1152 3166 1381 3236 majores
1409 3167 1590 3222 laudes
1619 3178 1802 3222 nactus
1827 3179 1926 3224 est.
1955 3171 2059 3225 Ne-

485 3269 591 3323 que
617 3254 701 3309 hic
731 3246 887 3309 finem
930 3255 1173 3310 laudandi
1217 3257 1364 3311 illum
1403 3257 1526 3312 facit
1545 3258 1722 3313 divina
1750 3260 2016 3330 Scriptura
2038 3304 2054 3331 ,

483 3345 576 3400 sed
607 3345 777 3399 adhuc
800 3339 1009 3400 virtutis
1040 3347 1179 3402 illius
1216 3348 1588 3403 excellentiam
1620 3348 1970 3416 demonstrat.
2005 3361 2060 3408 et

481 3435 620 3503 quod
660 3435 839 3489 divino
866 3437 1069 3491 calculo
1098 3437 1346 3506 probatus
1374 3438 1568 3505 fuerit,
1617 3441 1738 3510 quia
1779 3452 2055 3512 postquam

479 3525 647 3591 dixit,
679 3525 938 3594 Perfectus
959 3527 1008 3579 in
1030 3529 1351 3596 generatione
1368 3546 1461 3583 sua
1483 3571 1497 3595 ,
1522 3530 1695 3596 addit,
1730 3531 1837 3586 Deo
1866 3534 2056 3604 placuit

484 3616 616 3671 Noe.
649 3613 817 3671 Tanta
842 3627 958 3672 erat
977 3618 1147 3674 virtus
1167 3621 1325 3684 illius,
1354 3630 1410 3675 ut
1435 3633 1488 3676 et
1506 3637 1536 3675 a
1563 3622 1672 3677 Deo
1700 3623 1902 3679 laudari
1927 3640 2052 3693 pro-

478 3709 754 3764 meruerit.
783 3707 889 3763 Deo
919 3711 1058 3764 enim
1078 3751 1092 3775 ,
1121 3710 1321 3780 inquit,
1355 3712 1541 3780 placuit
1564 3711 1714 3776 Noe;
1739 3729 1802 3769 ac
1827 3715 1872 3769 si
1899 3715 2046 3770 diee-

477 3808 558 3852 ret
592 3815 604 3852 :
639 3800 962 3868 approbatus
992 3800 1086 3855 fuit
1109 3815 1139 3854 a
1168 3801 1315 3865 Deo;
1360 3817 1454 3871 per
1481 3803 1618 3856 bona
1659 3819 1818 3872 opera
1859 3806 2052 3874 placuit

483 3891 558 3945 illi
585 3892 744 3946 oculo
768 3893 858 3964 qui
889 3894 1049 3962 sopiri
1079 3909 1182 3947 non
1208 3903 1402 3964 potest,
1441 3902 1497 3949 et
1523 3895 1665 3950 illius
1693 3897 1790 3952 sibi
1818 3898 2048 3953 faverem

477 3989 678 4034 tantum
694 3982 994 4036 conciliavit
1022 3999 1115 4052 per
1131 3983 1320 4038 bonam
1337 3985 1518 4049 vitam,
1539 3997 1594 4040 ut
1614 4002 1734 4040 eum
1752 4004 1858 4042 non
1874 3989 2046 4043 solum

474 4071 542 4124 ab
577 4072 934 4143 indignatione
965 4075 1015 4128 in
1047 4090 1234 4130 omnes
1259 4075 1571 4132 effundenda
1594 4077 1850 4145 liberarit,
1872 4081 1965 4136 sed
1995 4089 2049 4134 et

471 4161 695 4216 aliorum
723 4173 1000 4232 patronum
1032 4163 1234 4219 fecerit.
1285 4165 1393 4219 Deo
1420 4167 1592 4230 enim,
1625 4168 1825 4238 inquit,
1858 4169 2047 4240 placuit

476 4251 608 4306 Noe.
639 4252 767 4319 Quis
787 4253 888 4306 hoc
916 4254 1118 4307 beatior
1138 4253 1317 4319 fuerit,
1345 4258 1434 4323 qui
1461 4265 1662 4310 tantam
1688 4273 1796 4326 pra;
1823 4275 1880 4312 se
1906 4259 2044 4316 ferre

473 4341 644 4406 potuit
666 4342 935 4405 virtutem,
957 4351 1013 4395 ut
1037 4343 1314 4397 Dominum
1339 4345 1567 4399 universi
1591 4348 1808 4403 haberet
1830 4350 2042 4406 landum

468 4445 685 4486 suarum
726 4446 1022 4500 prmconem
1041 4431 1065 4484 ?

543 4520 760 4587 Quinam
784 4535 895 4574 vere
922 4531 1160 4592 regnent;
1186 4522 1490 4593 genealogiae
1514 4527 1692 4581 modus
1711 4529 1948 4598 optimus.
1970 4561 2042 4572 —

470 4607 596 4665 llaac
617 4610 684 4663 ab
706 4625 771 4665 eo
796 4620 920 4664 sunt
947 4613 1078 4665 facta
1105 4651 1122 4677 ,
1169 4629 1286 4681 qua:
1310 4614 1580 4682 quibusvis
1605 4615 1830 4683 divitiis,
1858 4622 2040 4687 quavis

465 4699 810 4758 abundantia.
841 4702 1024 4770 quavis
1052 4703 1217 4771 gloria
1241 4712 1293 4757 et
1319 4705 1572 4772 potentia,
1601 4707 1784 4776 quavis
1811 4708 2036 4765 humana

464 4789 713 4847 felicitate
733 4793 938 4860 potiora
958 4793 1168 4847 duxerit
1187 4793 1426 4863 quisquis
1447 4807 1676 4851 mentem
1705 4797 1864 4856 habet
1886 4817 1898 4852 :
1924 4801 2037 4856 hac

462 4895 626 4952 regno
652 4881 815 4950 magis
840 4880 1209 4936 desiderabilia
1242 4883 1440 4938 fuerint
1464 4884 1544 4950 ei,
1591 4887 1678 4956 qui
1720 4888 1883 4943 Deum
1922 4892 2035 4944 sin-

458 4982 585 5023 cero
630 4984 812 5023 amore
844 4969 1035 5039 diligit.
1069 4971 1263 5025 Verum
1299 4974 1439 5026 enim
1482 4989 1701 5044 regnum
1735 4978 1872 5034 istud
1910 4990 2031 5047 est,

459 5073 616 5126 posse
640 5073 736 5113 nos
765 5061 963 5129 optima
991 5061 1096 5114 vita
1129 5063 1410 5131 propitium
1439 5073 1494 5119 et
1517 5064 1834 5123 clementem
1879 5072 2032 5127 nobis

457 5148 682 5204 reddere
713 5148 1012 5204 Dominum.
1055 5150 1364 5206 Gehennam
1393 5154 1535 5209 enim
1567 5156 1754 5214 timere
1793 5175 1898 5215 non
1933 5163 2029 5217 de-

463 5237 653 5293 bemus
675 5249 897 5310 pr0pter
922 5242 1100 5314 ignem
1125 5244 1277 5298 illmn
1306 5248 1890 5322 inexstinguibilem,et
1918 5273 2035 5328 pm-

519 5392 594 5458 (a)
617 5392 711 5465 Hic
735 5397 881 5465 iocus
917 5399 1051 5448 hunc
1087 5413 1283 5450 versum
1319 5403 1633 5465 Empedoclis
1665 5407 1714 5456 in
1752 5411 2028 5464 memoriam

682 5470 693 5503 ε
722 5454 832 5534 ἐν,δὰ
848 5467 1285 5534 διξαωορνπισνξλτξσῦἠν
1303 5454 1519 5533 ιιᾶοίλριτῄ
1537 5454 1646 5528 ’στιῇ

457 5520 550 5564 tem
578 5519 957 5580 comprehensi»:
981 5519 1242 5573 ini-luditur
1253 5519 1424 5575 omnis
1437 5519 1620 5579 'vt'rtus.

1236 171 1293 229 S.
1332 170 1607 227 JOANNIS
1642 168 2113 230 CIIRYSOSTOMI
2153 172 2466 234 ARCIIIEP.
2508 175 3034 240 CONSTANTINOP.

3640 191 3744 248 205

2181 301 2277 342 nas
2304 292 2598 360 terribiles,
2631 305 2683 350 et
2722 307 3002 366 perpetuos
3027 301 3328 357 cruciatus:
3365 303 3454 357 scd
3497 305 3622 374 quia
3664 309 3744 359 of-

2174 377 2440 437 fendimus
2463 394 2568 440 tam
2601 387 2793 443 bonum
2823 391 3151 457 Dominum,“
3192 403 3249 449 et
3289 395 3358 450 ab
3393 397 3535 451 illius
3579 400 3745 466 gratia

2175 484 2358 526 sumus
2384 475 2540 531 alieni
2585 494 2598 531 :
2641 480 2711 534 ita
2752 489 2806 535 et
2827 483 2893 536 ad
2931 498 3151 552 regnum
3188 486 3343 541 nobis
3391 489 3745 546 festinandum

2176 564 2386 619 nonnisi
2415 576 2629 638 propter
2655 585 2890 626 amorem
2915 574 2964 628 in
2993 575 3160 640 illum,
3190 586 3250 632 ut
3267 578 3383 646 ejus
3405 581 3573 651 gratia
3599 581 3747 636 frnao

2177 668 2316 708 mur.
2365 653 2494 709 Nam
2550 667 2607 711 ut
2627 674 2789 730 regno
2831 661 3232 721 desiderabilius
3280 676 3391 732 est,
3427 669 3748 728 clementem

2177 742 2455 798 Dominum
2503 758 2742 803 nostrum
2794 750 3106 808 benevolum
3147 771 3268 812 esse
3309 758 3506 812 nobis:
3539 761 3611 815 ita
3654 777 3750 831 ge-

2177 833 2347 888 henna
2378 839 2607 906 gravius,
2637 839 2704 894 ab
2729 841 2868 896 illius
2894 843 3256 900 benevolentia
3285 850 3555 906 excidere.

2254 925 2467 982 Vidistis
2505 939 2714 999 quanta:
2757 933 2907 988 nobis
2957 936 3195 990 utilitatis
3237 937 3334 993 fuit
3375 952 3747 1011 argumentum

2175 1017 2458 1086 appellatio
2473 1019 2624 1088 justi,
2653 1030 2707 1076 et
2731 1035 2982 1092 quantum
3012 1034 3394 1084 sententiarum
3433 1031 3744 1090 thesaurum

2175 1109 2380 1176 peperit
2402 1109 2726 1167 admirabilis
2768 1113 2925 1182 hujus
2945 1116 3044 1170 viri
3069 1119 3419 1191 genealogia?
3447 1121 3749 1193 Sequamur

2173 1196 2333 1266 igitur
2357 1207 2411 1253 et
2436 1214 2532 1255 nos
2559 1201 2751 1257 divina:
2780 1201 3065 1274 Scriptura:
3093 1209 3302 1278 regulas
3321 1251 3335 1274 ,
3367 1221 3423 1267 et
3448 1212 3494 1267 si
3521 1215 3747 1270 velimus

2172 1287 2469 1357 aliquorum
2496 1293 2830 1362 genealogias
2852 1309 3121 1361 enarrare,
3153 1315 3256 1353 non
3288 1310 3462 1369 patres
3503 1314 3557 1358 et
3591 1320 3743 1370 avos,

2173 1388 2226 1432 ct
2253 1379 2448 1434 abavos
2474 1382 2525 1436 in
2557 1384 2788 1438 medium
2815 1384 3098 1442 aderamus
3120 1430 3136 1455 ,
3163 1392 3256 1446 sed
3282 1392 3396 1461 ejus
3423 1396 3594 1450 solum
3616 1438 3631 1462 ,
3649 1413 3746 1452 cu-

2168 1469 2258 1539 jus
2283 1482 2364 1527 est
2388 1476 2710 1547 genealogia,
2745 1479 2995 1534 virtutem
3020 1481 3348 1554 detegamus.
3377 1488 3473 1544 Hic
3507 1491 3742 1560 Optimus

2171 1564 2493 1634 genealogis:
2523 1567 2712 1621 modus
2733 1580 2833 1624 est.
2865 1571 2994 1636 Qum
3023 1575 3165 1628 enim
3192 1577 3390 1630 utilitas
3415 1593 3481 1632 ex
3510 1581 3667 1636 claris
3687 1594 3742 1636 et

2174 1653 2352 1719 probis
2386 1657 2695 1722 parentibus
2735 1659 2988 1728 originem
3018 1661 3216 1718 ducere
3241 1705 3256 1731 ,
3290 1675 3341 1720 te
3383 1677 3556 1722 autem
3588 1670 3742 1727 bona:

2173 1741 2294 1794 vitze
2313 1756 2431 1795 esse
2451 1753 2720 1812 expertem
2745 1745 2769 1799 ?
2793 1756 2885 1801 aut
2904 1751 3042 1817 quod
3073 1750 3323 1807 damnum
3349 1753 3508 1812 fuerit
3525 1799 3540 1824 ,
3577 1759 3621 1813 si
3648 1777 3742 1830 pa-

2173 1840 2348 1884 rentes
2385 1839 2440 1884 et
2483 1836 2846 1902 progenitores
2883 1837 3080 1893 fuerint
3125 1841 3381 1910 ignobiles
3403 1856 3458 1900 et
3479 1849 3688 1903 obscuri
3720 1894 3736 1918 ,

2171 1919 2283 1988 ipse
2312 1932 2485 1976 autem
2515 1925 2794 1981 virtutibus
2823 1927 3056 1984 ﬂoreas?
3081 1933 3210 1997 Quia
3236 1945 3288 1988 et
3306 1936 3478 2003 justus
3504 1940 3592 1994 ille
3619 1943 3740 1996 talis

2172 2011 2285 2078 fuit,
2319 2021 2374 2068 et
2404 2016 2704 2072 conciliavit
2735 2019 2836 2075 sibi
2860 2023 3082 2090 gratiam
3113 2025 3244 2092 Dei,
3271 2043 3375 2083 non
3401 2031 3540 2099 quod
3571 2048 3600 2085 a
3623 2035 3744 2089 tali-

2171 2101 2268 2156 bus
2293 2103 2451 2159 fuerit
2481 2108 2817 2175 parentibus:
2843 2125 3014 2180 neque
3034 2115 3174 2168 enim
3205 2115 3277 2170 ita
3303 2132 3396 2172 eos
3421 2133 3741 2176 commemo-

2168 2203 2253 2246 rat
2291 2191 2562 2263 Scriptura
2608 2209 2666 2252 ut
2717 2199 2914 2257 virtute
2955 2203 3178 2258 nobiles.
3221 2205 3576 2266 Nihilominus
3615 2227 3739 2268 cum

2170 2294 2314 2364 tanta
2340 2296 2520 2341 essent
2543 2288 2816 2344 obstacula
2842 2301 2897 2347 et
2932 2302 3010 2347 tot
3053 2295 3450 2364 impedimenta,
3483 2301 3535 2356 in
3567 2303 3738 2372 ipsum

2167 2378 2446 2444 pervenire
2485 2380 2654 2448 potuit
2693 2382 2912 2438 virtutis
2936 2385 2951 2416 ί
2982 2386 3277 2457 fastigium:
3306 2401 3362 2446 ut
3394 2392 3570 2448 discas
3613 2411 3734 2451 eum

2166 2465 2254 2534 qui
2286 2465 2467 2536 vigilat
2493 2477 2547 2523 et
2569 2471 2778 2526 sobrius
2802 2483 2905 2540 est,
2935 2484 2988 2528 ct
3014 2490 3124 2531 sua:
3159 2480 3342 2534 salutis
3370 2497 3550 2538 curam
3587 2487 3731 2555 agit,

2167 2555 2299 2610 nihil
2326 2573 2446 2614 esse
2469 2560 2610 2630 quod
2635 2563 2934 2633 prohibeat.
2963 2566 3096 2622 Nam
3126 2570 3263 2624 sicut
3293 2573 3380 2626 ubi
3413 2576 3740 2646 negligentes

2165 2649 2484 2717 coeperimus
2506 2667 2642 2720 esse,
2677 2656 2834 2708 etiam
2863 2672 2893 2711 a
2934 2659 3092 2714 rebus
3118 2661 3350 2717 minimis
3374 2664 3692 2724 offendimur
3719 2688 3735 2723 :

2167 2737 2237 2791 ita
2255 2739 2299 2792 si
2311 2740 2653 2797 'voluerimus
2682 2745 2845 2800 sobrii
2873 2763 2992 2802 esse
3021 2790 3034 2814 ,
3068 2754 3314 2820 quamvis
3344 2754 3608 2812 innumeri
3631 2761 3740 2814 sint

2165 2834 2254 2901 qui
2279 2833 2345 2887 ad
2368 2823 2618 2889 malitiam
2647 2835 2880 2903 trahant,
2913 2841 3214 2911 neutiquam
3244 2854 3482 2900 nostrum
3504 2849 3737 2905 studium

2165 2933 2410 2993 poterunt
2437 2924 2785 2982 labefactare:
2805 2930 2945 2985 sicut
2967 2946 3140 3002 neque
3167 2934 3313 2989 illum
3333 2938 3563 3006 justum,
3598 2951 3735 2995 tam-

2164 3014 2264 3068 etsi
2295 3023 2372 3068 tot
2396 3027 2574 3071 essent
2602 3017 2653 3071 id
2677 3030 2926 3074 curantes
2950 3061 2965 3082 ,
3000 3024 3298 3091 segniorem
3334 3029 3386 3082 in
3423 3033 3728 3087 exercenda

2163 3105 2355 3160 virtute
2377 3106 2551 3162 facere
2571 3118 2879 3177 potuerunt.
2899 3112 3126 3168 Proinde
3147 3117 3326 3172 nullus
3353 3120 3512 3174 alium
3529 3135 3741 3193 arguat,

2162 3205 2216 3249 et
2247 3196 2297 3250 in
2327 3197 2458 3251 alios
2477 3199 2685 3269 culpam
2710 3204 3045 3270 transcribat,
3068 3207 3161 3260 sed
3188 3223 3297 3262 sua:
3318 3210 3538 3279 ignavize
3564 3223 3736 3270 totum

2163 3286 2403 3354 imputet.
2436 3288 2504 3342 Et
2531 3291 2654 3360 quid
2681 3291 2801 3347 dico
2845 3293 2898 3348 in
2943 3295 3123 3350 alios?
3152 3297 3332 3370 Neque
3357 3301 3624 3358 diabolum
3657 3307 3736 3375 ip-

2161 3392 2277 3430 sum
2307 3379 2423 3447 quis
2447 3389 2551 3433 tam
2576 3391 2844 3451 potentem
2869 3396 3034 3455 putet.
3065 3399 3117 3442 ut
3137 3391 3416 3457 prohibere
3431 3397 3733 3466 quempiam

2161 3468 2330 3537 possit
2356 3472 2639 3538 quominus
2669 3473 2720 3527 in
2753 3476 2888 3531 viam
2918 3494 3036 3546 quae
3055 3479 3120 3533 ad
3152 3479 3399 3536 virtutem
3426 3483 3592 3548 ducit.
3621 3497 3730 3540 eat.

2159 3558 2474 3628 Supplantat
2493 3564 2704 3632 quidem
2735 3575 2788 3620 et
2809 3565 3005 3638 decipit
3024 3572 3357 3627 socordiorcs
3382 3615 3396 3636 ,
3427 3590 3532 3630 non
3564 3578 3734 3648 impe-

2158 3649 2236 3704 dit
2254 3662 2452 3719 autem,
2479 3668 2577 3709 nec
2594 3656 2697 3708 vim
2729 3659 2884 3712 infert
2909 3676 2922 3708 :
2947 3660 2999 3714 id
3028 3663 3166 3730 quod
3199 3678 3376 3718 rerum
3403 3668 3731 3734 experientia

2155 3741 2339 3796 docet:
2367 3758 2556 3814 nempe
2583 3745 2626 3800 si
2650 3747 2906 3802 vellemus
2933 3751 3151 3819 vigilare
3179 3795 3194 3820 ,
3226 3763 3384 3810 tanta:
3411 3760 3731 3814 constantiae

2155 3834 2427 3902 specimen
2456 3837 2862 3903 exhiberemus,
2896 3851 2953 3896 ut
2987 3860 3160 3915 neque
3185 3846 3233 3900 si
3261 3849 3409 3902 multi
3441 3861 3623 3905 essent
3662 3851 3730 3906 ad

2154 3926 2370 3981 malitiae
2397 3929 2535 3984 viam
2564 3947 2659 3986 nos
2685 3933 3028 3990 cohortantes
3051 3976 3067 4000 ,
3095 3952 3277 3992 eorum
3309 3939 3568 3996 ferremus
3595 3958 3727 3996 con-

2153 4016 2348 4084 silium,
2383 4020 2474 4074 sed
2497 4023 2639 4076 omni
2661 4023 2947 4079 adamante
2973 4026 3256 4094 firmiores,
3277 4045 3433 4084 aures
3451 4031 3728 4086 obturare-

2153 4123 2270 4161 mus
2297 4118 2400 4163 tam
2434 4125 2593 4179 prava
2613 4115 3033 4170 consulentibus.
3064 4119 3130 4170 At
3173 4119 3216 4172 si
3247 4120 3572 4190 negligentes
3611 4123 3727 4176 fue-

2150 4198 2338 4264 rimus,
2362 4201 2571 4255 etiamsi
2600 4201 2774 4258 nullus
2801 4204 2972 4274 sitqui
2995 4208 3236 4262 consulat
3266 4210 3349 4263 vel
3371 4212 3674 4280 supplantat
3704 4252 3724 4280 ,

2150 4299 2332 4362 nostra
2371 4303 2559 4362 sponte
2594 4295 2660 4348 ad
2707 4296 2960 4352 malitiam
3011 4302 3363 4368 prosiliemus.
3392 4303 3524 4359 Nam
3552 4306 3595 4359 si
3623 4306 3725 4363 hoc

2149 4396 2251 4434 non
2271 4383 2582 4437 essetsitum
2606 4385 2657 4438 in
2675 4389 2942 4443 voluntate
2960 4401 3156 4453 nostra,
3178 4393 3293 4447 etin
3315 4395 3475 4448 animi
3490 4405 3725 4463 potesta-

2150 4470 2367 4535 te,Deus
2384 4481 2626 4527 naturam
2653 4485 2892 4531 nostram
2913 4480 2994 4532 sui
3017 4480 3152 4548 juris
3177 4497 3282 4536 non
3299 4481 3532 4548 fecisset,
3555 4499 3722 4554 opor-

2147 4561 2290 4616 tebat
2317 4577 2410 4617 eos
2436 4565 2524 4634 qui
2549 4574 2747 4621 naturae
2777 4581 2970 4624 nostrae
2993 4574 3293 4642 participes,
3325 4588 3378 4629 et
3408 4576 3592 4631 iisdem
3623 4578 3719 4632 ob-

2145 4655 2288 4707 noxii
2314 4665 2437 4711 sunt
2473 4657 2837 4717 affectionibus
2866 4703 2880 4728 ,
2911 4666 2994 4719 vel
3017 4685 3205 4726 omnes
3237 4669 3406 4726 malos
3429 4685 3548 4726 esse
3577 4711 3594 4737 ,
3635 4676 3716 4730 vel

2141 4759 2330 4800 omnes
2356 4747 2548 4804 virtute
2577 4750 2844 4818 prmditos.
2884 4751 3015 4809 Cum
3041 4767 3218 4811 autem
3250 4759 3488 4815 videmus
3513 4776 3714 4834 congc-

2141 4852 2295 4892 neres
2319 4848 2529 4895 nostros
2550 4882 2566 4907 ,
2598 4851 2651 4896 et
2679 4843 2878 4898 eisdem
2906 4846 3271 4903 affectionibus
3298 4850 3576 4918 obnoxios,
3609 4870 3716 4910 non

2140 4928 2324 4981 eadem
2351 4945 2469 4998 qum
2496 4946 2590 4984 nos
2622 4934 2726 5001 pati
2753 4951 2766 4987 :
2795 4933 2888 4990 sed
2913 4945 2968 4989 et
2995 4938 3163 4990 valida
3192 4941 3394 4995 ratione
3418 4942 3716 5012 gubernare

2141 5027 2380 5072 naturam
2411 5059 2427 5086 ,
2455 5031 2508 5074 et
2532 5023 2858 5079 inordinatos
2887 5033 3062 5080 motus
3095 5027 3331 5094 domare,
3363 5041 3417 5085 et
3445 5033 3716 5088 refrenare

2137 5111 2644 5180 concupiscentiam,
2673 5115 2934 5185 imperare
2963 5117 3124 5172 furori
3156 5128 3209 5174 et
3238 5121 3350 5185 ine,
3380 5121 3562 5192 fugare
3589 5126 3692 5179 invi

2135 5199 2316 5266 diam,
2361 5203 2633 5259 eliminare
2674 5206 2890 5262 livorem
2923 5250 2940 5275 ,
2984 5219 3326 5268 contemnere
3365 5215 3604 5270 rabidam
3658 5216 3711 5272 in

2135 5294 2512 5362 conquirendis
2546 5299 2788 5366 pecuniis
2821 5299 3160 5369 cupiditatem
3191 5344 3206 5370 ,
3239 5306 3500 5362 minorem
3527 5310 3703 5378 glorize

2134 5396 2316 5437 curam
2347 5384 2560 5450 habere,
2591 5386 2766 5444 ridere
2793 5404 3005 5446 omnem
3031 5395 3309 5464 prmsentis
3338 5397 3458 5452 vitae
3487 5397 3710 5454 felicita—

2194 5534 2212 5565 ί
2247 5533 2360 5594 Alii,
2383 5548 2583 5588 summa
2606 5539 2806 5591 mrtuus.
