4102 6204
319 317 425 374 203

327 447 433 487 που
473 437 599 489 κατ’
617 438 818 493 εἰκόνα
854 438 1173 508 ἡμετέραν,
1195 438 1295 493 καί
1325 439 1455 494 καθ’
1494 440 1796 509 ὁμοίωσιν,
1838 438 2015 493 τοῦτ’“

327 519 493 584 ἐστιν,
519 523 605 576 ἵνα
636 525 818 595 ἄρχων
910 525 1131 579 καὶτῶν
1150 524 1443 597 ὁρωμένων
1469 527 1724 581 ἁπάντων
1755 526 1851 581 καὶ
1877 528 1985 580 τῶν

319 609 377 661 ἐν
401 610 552 678 αὐτῷ
583 614 920 683 τικτομένων
944 613 1136 667 παθῶν
1155 630 1169 644 ·
1198 615 1283 667 ἵνα
1313 614 1476 687 ἄρχῃ,
1503 616 1597 669 καὶ
1631 614 1705 686 μὴ
1727 615 1979 685 ἄρχηται.

330 695 458 750 Ἐὰν
499 698 682 768 μέντοι
739 700 970 771 προδοὺς
1026 700 1125 769 τὴν
1176 699 1350 771 ἀρχὴν
1400 701 1637 771 ἄρχηται
1695 699 1981 770 μᾶλλον,ἢ

319 780 482 855 ἄρχῃ,
512 785 774 839 ἀπόλλυσι
822 786 917 840 καὶ
963 786 1024 839 τὸ
1065 781 1203 839 εἶναι
1232 786 1537 857 ἄνθρωπος,
1562 788 1654 840 καὶ
1703 785 1839 856 πρὸς
1882 784 1982 856 τὴν

324 868 435 920 τῶν
481 870 689 939 ἀλόγων
719 874 1086 944 προσηγορίαν
1135 875 1326 927 ἑαυτὸν
1375 873 1715 944 μετατίθησι.
1757 873 1854 927 Διά
1896 889 1980 926 τοι

319 955 477 1009 τοῦτο
499 959 592 1011 καὶ
613 959 706 1012 νῦν
727 960 826 1030 τὴν
854 961 1056 1031 ἀρετὴν
1074 960 1169 1014 τοῦ
1196 960 1403 1014 δικαίου
1426 960 1617 1015 τούτου
1641 959 1978 1031 άνακηρῦξαι

325 1040 618 1115 βουλομένη
659 1046 841 1115 ήθεία
876 1047 1065 1117 Γραφή
1116 1064 1309 1117 φησιν,
1372 1043 1556 1104 Αὖται
1602 1051 1662 1101 αἱ
1712 1046 1979 1117 γενέσεις

320 1130 448 1183 Νῶε
468 1148 481 1161 ·
510 1129 638 1186 Νῶε
688 1133 996 1200 ἄνθρωπος
1021 1133 1270 1200 δίκαιος.
1321 1135 1452 1190 Ἰδοὺ
1474 1136 1568 1189 καὶ
1593 1135 1781 1204 ἕτερον
1806 1136 1979 1201 ἐγκω-

320 1216 446 1284 μίου
478 1218 731 1287 μέγιστον
771 1217 929 1283 εἶδος,
977 1221 1247 1285 Δίκαιος·
1295 1220 1383 1274 διὰ
1427 1219 1632 1290 ταύτης
1666 1221 1767 1284 τῆς
1808 1237 1977 1291 προσ-

318 1303 545 1373 ηγορίας
576 1305 673 1375 τὴν
696 1306 923 1360 καθόλου
949 1306 1150 1378 ἀρετὴν
1169 1307 1371 1376 ταύτην
1389 1308 1661 1377 ἐμφαίνει.
1683 1308 1756 1361 Τὸ
1774 1308 1881 1377 γὰρ
1900 1307 1980 1361 δί-

318 1406 485 1456 καιος
518 1391 686 1462 ὄνομα
718 1392 837 1456 ἔθος
870 1396 1000 1464 ἡμῖν
1031 1394 1125 1445 ἐπὶ
1165 1393 1274 1446 τῶν
1319 1395 1496 1448 πᾶσαν
1534 1395 1734 1464 ἀρετὴν
1766 1394 1976 1464 μετιόν-

316 1492 423 1530 των
451 1476 646 1545 λέγειν.
678 1476 809 1533 Εἶτα
858 1480 944 1533 ἵνα
995 1480 1174 1551 μάθῃς
1205 1481 1352 1543 ὅπως
1384 1479 1517 1552 πρὸς
1555 1479 1688 1533 αὐτὸ
1714 1479 1776 1533 τὸ
1809 1478 1976 1550 ἀκρον

314 1565 411 1631 τῆς
439 1564 638 1633 ἀρετῆς
663 1564 917 1633 ἔφθασεν,
948 1567 1085 1638 ὅπερ
1117 1567 1209 1621 καὶ
1244 1568 1366 1620 τότε
1397 1568 1661 1638 ἀπῃτεῖτο
1703 1568 1855 1637 παρὰ
1879 1568 1975 1636 τῆς

314 1648 528 1715 φύσεως
556 1653 655 1720 τῆς
713 1650 1005 1723 ἡμετέρας,
1036 1653 1198 1723 φησὶ,
1227 1655 1464 1719 Δίκαιος
1482 1694 1498 1715 ,
1526 1653 1756 1719 τέλειος
1792 1654 1877 1708 ὢν
1906 1656 1977 1707 ἐν

220 1798 223 1801 ν
310 1733 385 1802 τῇ
413 1734 586 1804 γενεᾷ
613 1732 819 1792 αὖτοῦ.
866 1739 1051 1793 Πάντα
1084 1738 1403 1811 πληρώσας,
1430 1740 1612 1810 φησὶν,
1642 1740 1784 1812 άπερ
1809 1743 1974 1812 ἐχρῆν

308 1821 591 1893 ἄνθρωπον
630 1824 997 1891 ἐπιδείξασθαι
1046 1824 1195 1898 [ἳίὸ]
1229 1826 1431 1898 ἀρετήν
1476 1826 1730 1896 ἑλόμενον
1781 1828 1974 1895 (τοῦτο

276 1908 417 1979 ’γάρ
438 1912 573 1971 ἐστι.
599 1912 1036 1978 Τέλειος),οὐδέν
1055 1912 1394 1977 ἐλλελοιπὼς,
1419 1914 1476 1966 ἐν
1502 1913 1674 1966 οὐδενὶ⁵
1701 1913 1968 1983 χωλεύων.

310 1996 385 2047 Οὐ
417 1995 478 2047 τὸ
533 1997 629 2066 μὲν
666 1993 1036 2068 κατορθώσας,
1066 2002 1124 2053 ἐν
1167 1999 1244 2070 τῷ
1294 1999 1351 2052 δέ
1383 1998 1725 2070 διαμαρτὼν,
1768 1998 1881 2052 ἀλλ’
1915 2001 1973 2053 ἐν

310 2081 456 2152 πάσῃ
509 2084 675 2153 ἀρετῇ
713 2084 916 2147 τέλειος
960 2081 1062 2156 ἦν*
1096 2086 1254 2139 τοῦτο
1295 2086 1406 2155 γὰρ
1451 2087 1617 2157 ἐχρῆν
1654 2085 1817 2139 αὐτὸν
1851 2088 1970 2139 ἐπι-

308 2167 600 2230 δείξασθαι.
622 2166 771 2233 Εἶτα,
793 2172 878 2223 ἴνα
906 2173 969 2225 ἐκ
988 2171 1081 2224 τοῦ
1102 2172 1293 2243 χρόνου
1316 2174 1409 2226 καὶ
1432 2174 1495 2225 ἐκ
1520 2172 1620 2242 τῆς
1640 2171 1975 2243 συγκρίσεως

309 2256 766 2326 περιφανέστερον
819 2258 951 2327 ἡμῖν
981 2257 1070 2310 τὸν
1113 2258 1321 2311 δίκαιον
1369 2257 1770 2328 ἀπεργάσηται,
1804 2259 1971 2330 φησί·

314 2344 545 2409 Τέλειος
569 2341 653 2396 ῶν
687 2342 847 2413 ὲντῇ
885 2343 1059 2415 γενεᾷ
1095 2346 1281 2400 αὐτοῦ
1301 2363 1314 2377 ο
1347 2346 1406 2400 ἐν
1449 2344 1526 2417 τῷ
1560 2344 1733 2417 καιρῷ
1759 2346 1971 2417 ἐκείνῳ,

308 2430 365 2483 ἐν
397 2431 464 2500 τῇ
494 2432 657 2500 γενεᾷ
689 2431 851 2484 αὐτοῦ
884 2434 952 2503 τῇ
981 2432 1410 2504 διεστραμμένη,
1446 2435 1512 2505 τῇ
1544 2434 1682 2504 πρὸς
1707 2432 1975 2504 τοσαύτην

310 2517 507 2570 κακίαν
533 2518 893 2592 ἀποκλινάσῃ,
919 2521 985 2590 τῇ
1014 2518 1149 2589 μηδὲ
1180 2519 1323 2590 ίχνος
1348 2520 1445 2591 τῆς
1466 2520 1669 2592 ἀρετῆς
1706 2520 1977 2586 ἐπιδείξα-

309 2603 430 2657 σθαι
465 2603 801 2678 βουληθείσῃ.
839 2606 924 2659 Ἐν
946 2605 1127 2677 ἐκείνῃ
1148 2606 1325 2661 τοίνυν
1354 2609 1420 2678 τῇ
1442 2609 1625 2679 γενεᾷ,
1656 2608 1714 2661 ἐν
1744 2608 1974 2671 ἐκείνοις

309 2692 417 2754 τοῖς
444 2691 659 2760 χρόνοις
688 2687 842 2755 οὗτος
860 2694 889 2746 ό
910 2691 1117 2757 δίκαιος
1139 2693 1201 2747 οὐ
1232 2695 1389 2764 μόνον
1418 2694 1618 2766 ἀρετὴν
1640 2694 1970 2761 ἐπεδείξατο,

307 2776 445 2831 άλλά
496 2778 590 2831 καὶ
614 2779 695 2842 εἰς
735 2780 832 2849 τὴν
866 2779 1041 2851 ἄκραν
1083 2780 1325 2852 κορυφὴν
1357 2781 1465 2835 τῶν
1524 2781 1733 2851 ἀρετῶν
1770 2781 1973 2852 ἔφθασε

309 2864 509 2927 τέλειος
540 2866 795 2933 γεγονὼς,
839 2867 933 2919 καὶ
984 2869 1042 2920 ἐν
1081 2867 1284 2921 ἅπασιν
1329 2868 1751 2939 άπηρτισμένος.
1796 2869 1973 2942 Ὅπερ

308 2951 414 3022 γὰρ
438 2952 605 3023 ἔφθην
635 2953 826 3017 εἰπὼν,
859 2954 1081 3024 μείζονα
1119 2955 1389 3009 δείκνυσιν
1412 2957 1499 3009 ἀεὶ
1524 2956 1625 3027 τῆς
1657 2956 1861 3027 ἀρετῆς
1882 2958 1973 3011 τὸν

305 3039 465 3107 ὄγκον
489 3040 550 3094 τὸ
574 3040 775 3111 μεταξύ
803 3042 911 3095 τῶν
945 3043 1323 3114 πολεμούντων
1355 3043 1524 3115 αὐτὴν
1555 3044 1970 3116 κατορθοῦσθαι,

307 3127 401 3180 καὶ
430 3129 486 3180 ἐν
539 3129 690 3200 μέσῳ
725 3117 836 3183 τῶν
883 3129 1200 3184 κωλυόντων
1229 3131 1328 3202 τὴν
1363 3131 1532 3202 αὐτὴν
1570 3133 1973 3188 ἐπιδείκνυσθαι

306 3214 608 3286 ἀκρίϐειαν.
638 3216 729 3269 Διὸ
759 3216 825 3289 δὴ
849 3218 943 3271 κα)⁵
970 3218 998 3269 ὁ
1030 3218 1236 3282 δίκαιος
1255 3212 1409 3282 οὗτος
1440 3218 1699 3274 πλειόνων
1726 3219 1974 3286 ἀξιοῦται

304 3300 412 3352 τῶν
437 3301 692 3355 ἐπαίνων.
714 3303 824 3356 Καὶ
857 3304 976 3357 οὐδέ
1013 3304 1175 3374 μέχρι
1202 3305 1389 3360 τούτου
1414 3306 1628 3359 ίσταται
1660 3307 1972 3380 ἀνακηρύτ-

306 3404 467 3442 τουσα
508 3388 724 3461 αὐτὺνή
764 3389 884 3445 θεία
931 3390 1144 3461 Γραφὴ,
1179 3391 1315 3446 ἀλλά
1344 3392 1664 3447 δεικνύουσα
1708 3396 1843 3465 ήμῖν
1873 3395 1975 3466 τῆς

306 3474 505 3544 ἀρετῆς
560 3475 726 3527 αὐτοῦ
762 3477 861 3545 τὴν
892 3475 1216 3546 ὑπερϐολὴν,
1256 3477 1352 3529 καὶ
1382 3477 1464 3529 ὅτι
1509 3478 1608 3549 τὴν
1633 3478 1813 3548 ψῆφον
1842 3481 1975 3534 ἀνω-

305 3560 395 3612 θεν
419 3559 656 3626 ἐδέξατο,
688 3560 937 3626 εἰποῦσα,
974 3560 1203 3625 Τέλειος
1248 3561 1334 3615 ὢν
1357 3562 1427 3615 ἐν
1453 3561 1527 3630 τῇ
1557 3563 1732 3633 γενεᾷ
1762 3566 1969 3633 αὐτοῦ,

304 3645 467 3716 φησί·
502 3644 584 3710 Τῷ
619 3646 742 3712 Θεῷ
771 3647 1143 3716 εὐηρέστησε
1170 3647 1317 3702 Νῶε.
1346 3649 1593 3721 Τοσαύτη
1617 3646 1685 3721 ἦν
1714 3651 1813 3721 τῆς
1840 3653 1971 3723 ἀρε-

301 3733 403 3801 τῆς
429 3731 591 3785 αὐτοῦ
623 3733 657 3803 ή
704 3733 1013 3804 περιουσία,
1043 3734 1119 3797 ὡς
1156 3735 1247 3788 τὸν
1283 3737 1433 3808 παρά
1469 3737 1562 3790 τοῦ
1591 3738 1725 3792 Θεοῦ
1752 3738 1972 3793 ἔπαινον

301 3820 726 3875 ἐπισπάσασθαι.
763 3820 846 3886 Τῷ
877 3820 997 3887 Θεῷ
1027 3822 1155 3894 γάρ,
1189 3826 1372 3895 φησιν,
1401 3824 1773 3895 εὑηρέστησε
1797 3827 1926 3882 Νῶε
1952 3844 1966 3858 ⁸

302 3908 388 3961 ἵνα
408 3906 535 3977 εἴπῃ
565 3907 644 3960 ὅτι
681 3908 977 3972 άπόδεκτος
1005 3910 1157 3980 παρά
1183 3910 1259 3980 τῷ
1287 3911 1404 3982 Θεῷ
1442 3912 1682 3982 γέγονεν,
1702 3914 1865 3986 ήρεσε
1893 3914 1969 3986 τῷ

300 3995 586 4065 ἀκοιμήτῳ
635 3995 826 4068 ἐκείνῳ
865 3995 1128 4068 ὀφθαλμῷ
1159 3997 1247 4051 διὰ
1285 3998 1394 4052 τῶν
1422 4000 1570 4071 αὐτῷ
1616 4002 1967 4074 κατορθωμέ-

300 4097 426 4144 νων,
460 4080 553 4134 καὶ
577 4082 783 4135 ἐκείνου
826 4082 924 4153 τὴν
955 4081 1165 4138 εὐνοιαν
1202 4085 1536 4155 ἐφελκύσατο
1569 4089 1600 4154 ἠ
1641 4088 1749 4141 τῶν
1777 4087 1968 4158 βεϐιω-

302 4169 479 4240 μένων
511 4170 728 4241 πρᾶξις,
756 4172 849 4224 καὶ
884 4173 944 4225 οὐ
982 4172 1140 4244 μόνον
1175 4174 1278 4244 τῆς
1321 4175 1621 4248 μελλούσης
1655 4177 1796 4231 κατὰ
1833 4178 1966 4232 πάν-

210 4300 217 4305 .
297 4273 405 4309 των
435 4257 764 4327 ἐκφέρεσθαι
818 4260 1244 4331 ἀγανακτήσεως
1276 4261 1674 4335 ἠλευθέρωσεν,
1710 4264 1844 4319 ἀλλὰ
1872 4266 1965 4319 καὶ

297 4346 497 4415 ἐτέρων
527 4346 838 4418 προστάτην
891 4348 1051 4401 αὐτὸν
1100 4351 1496 4421 ἀπειργάσατο.
1536 4350 1620 4416 Τῷ
1665 4352 1805 4417 Θεῷ,
1835 4353 1962 4425 γὰρ,

300 4433 871 4503 φησὶν,εὺηρέστησε
895 4434 1041 4488 Νῶε.
1059 4435 1154 4498 Τίς
1175 4436 1241 4489 ἂν
1272 4437 1461 4491 τούτου
1507 4438 1965 4512 μακαριστότερος

300 4518 490 4586 γένοιτ’
526 4518 625 4584 ἂν,
656 4518 750 4573 τοῦ
794 4520 1114 4593 δυνηθέντος
1158 4523 1425 4594 τοσαύτην
1464 4524 1829 4590 ἐπιδείξασθαι
1864 4528 1963 4598 τὴν

300 4606 497 4678 ἀρετὴν
519 4647 533 4671 ,
570 4608 645 4671 ὡς
683 4608 776 4662 τὸν
810 4610 1065 4664 ἁπάντων
1106 4612 1383 4683 Δεσπότην
1430 4612 1719 4684 ἐπαινέτην
1764 4614 1910 4685 ἔχειν
1946 4632 1960 4680 ;

368 4693 489 4748 Τῶν
518 4695 616 4765 μὲν
650 4691 744 4750 οὖν
774 4696 923 4767 αὐτῷ
956 4699 1360 4769 πεπραγμένων
1388 4698 1544 4753 τοῦτο
1568 4701 1768 4765 παντὸς
1800 4702 1963 4756 πλού-

298 4795 414 4846 του,
446 4781 626 4852 πάσης
656 4783 843 4854 δόξης,
877 4785 968 4838 καὶ
997 4785 1334 4850 δυναστείας,
1363 4788 1457 4840 καὶ
1493 4787 1594 4858 τῆς
1624 4788 1790 4860 ἄλλης
1824 4790 1964 4844 ἀπά-

301 4882 400 4938 σης
426 4867 772 4941 ἀνθρωπίνης
800 4872 1099 4945 εὐημερίας
1125 4874 1203 4944 τῷ
1224 4875 1347 4929 νοῦν
1365 4874 1541 4945 ἔχοντι
1572 4877 1962 4950 προτιμότερον

296 4951 363 5006 ἃν
394 4953 511 5023 εἴη·
551 4954 706 5008 τοῦτο
738 4956 814 5026 τῷ
855 4959 1083 5028 γνησίαν
1123 4962 1251 5030 περὶ
1290 4962 1383 5016 τὸν
1422 4961 1555 5015 Θεὸν
1587 4964 1807 5034 ἀγάπην
1840 4964 1962 5017 ἐπι-

296 5040 633 5113 δεικνυμένῳ
660 5042 937 5112 βασιλείας
974 5048 1039 5100 ἂν
1067 5048 1151 5118 εἴη
1189 5048 1576 5119 ποθεινότερον.
1607 5049 1670 5103 Ἦ
1699 5050 1806 5122 γάρ
1827 5051 1960 5121 άληο

300 5125 397 5192 θὴς
443 5125 686 5195 βασιλεία
745 5131 892 5186 ἐστὶν
939 5132 1099 5204 αὕτη,
1137 5134 1195 5187 τὸ
1230 5134 1519 5207 δυνηθῆναι
1552 5138 1698 5207 ἡμᾶς
1748 5138 1833 5191 διά
1861 5141 1961 5210 τῆς

298 5213 524 5285 ἀρίστης
557 5215 830 5282 πολιτείας
855 5220 1055 5291 εὐμενῆ
1081 5222 1174 5275 καὶ
1219 5222 1345 5276 ἵλεω
1382 5224 1717 5294 καταστῆσαι
1750 5226 1960 5290 ἐαυτοῖς

295 5301 390 5355 τὸν
434 5304 730 5375 Δεσπότην.
769 5308 902 5362 Οὐδέ
940 5310 1049 5380 γάρ
1095 5311 1319 5379 γέενναν
1344 5312 1432 5366 διὰ
1468 5312 1626 5365 τοῦτο
1678 5314 1959 5381 φοϐεῖσθαι

294 5388 581 5459 ὀφείλομεν
614 5392 706 5444 καὶ
733 5392 1047 5461 δεδοικέναι,
1076 5396 1163 5450 διὰ
1192 5398 1252 5450 τὸ
1279 5397 1390 5468 πῦρ
1415 5401 1591 5452 ἐκεῖνο
1611 5399 1672 5453 τὸ
1699 5400 1959 5455 ἄσϐεστον

295 5479 390 5534 καὶ
415 5479 514 5543 τὰς
543 5480 777 5552 φοϐερὰς
803 5484 1093 5555 τιμωρίας,
1124 5488 1219 5542 καὶ
1257 5488 1356 5551 τάς
1382 5488 1644 5560 διηνεκεῖς
1689 5489 1955 5556 κολάσεις,

294 5565 431 5620 ἀλλὰ
475 5566 564 5620 διὰ
595 5568 655 5621 τὸ
690 5569 1059 5642 προσκροῦσαι
1088 5586 1112 5613 ι
1141 5574 1219 5645 τῷ
1254 5574 1427 5638 οὕτως
1472 5575 1658 5645 ἀγαθῷ
1690 5576 1956 5651 Δεσπότῃ,

297 5652 512 5725 καὶτῆς
540 5654 746 5707 ἐκείνου
781 5656 990 5719 εὐνοίας
1021 5658 1176 5722 ἐκτὸς
1205 5662 1350 5731 ἡμᾶς
1380 5665 1570 5733 στῆναι
1607 5679 1620 5692 ο
1650 5661 1837 5733 ὥσπερ
1864 5659 1956 5716 οὖν

354 5774 373 5797 ⁸
399 5777 493 5827 Alii
533 5778 611 5826 διὰ
657 5780 713 5826 τὸ
757 5781 818 5840 μὴ
864 5779 1218 5844 προσκροῦσαι,
1256 5782 1378 5832 forte
1416 5785 1615 5844 melius,
1651 5786 1739 5835 sed
1772 5786 1943 5851 Savil.,

299 5833 490 5899 Μοτυι,
518 5845 569 5888 el
591 5842 800 5888 maxima
829 5854 937 5902 pars
961 5855 1073 5889 mss.
1102 5842 1177 5889 διὰ
1203 5844 1258 5889 τὸ
1280 5844 1615 5906 προσκροῦσαι.
1926 5854 1927 5859 ‘

631 5919 898 5981 ΡΑτῐιοι..
948 5922 1065 5981 (In.
1116 5923 1272 5985 LIII.

1462 326 1531 381 IN
1567 326 1719 383 CAP.
1769 325 1834 381 VI
1871 324 2119 382 GENFS.
2164 322 2394 380 HOMIL.
2436 316 2621 376 XXIII.

3636 311 3743 367 204

2089 440 2183 494 καὶ
2207 439 2298 491 ἐπὶ
2332 440 2431 508 τὴν
2459 432 2733 506 βασιλείαν
2756 429 2842 482 διὰ
2867 429 3021 481 τοῦτο
3057 425 3304 480 σπεύδειν
3334 425 3479 496 ἡμᾶς
3505 425 3633 496 χρὴ,
3652 424 3742 479 διά

2082 528 2174 582 τὸν
2200 525 2328 597 περὶ
2359 523 2519 578 αὐτὸν
2553 521 2735 585 πόθον,
2760 519 2846 571 ἴνα
2871 519 2969 587 τῆς
2999 516 3205 569 ἐκείνου
3248 516 3419 585 ῥοπῆς
3456 511 3741 567 ἀπολαύω-

2085 628 2206 680 μεν.
2238 610 2451 679 Ὠσπερ
2496 607 2602 675 γάρ
2652 602 2922 675 βασιλείας
2972 601 3341 673 ποθεινότερον
3381 599 3442 653 τὸ
3485 598 3742 654 εὐνοϊκῶς

2084 716 2149 752 πε
2159 698 2210 767 ρὶ
2234 697 2381 768 ἡμᾶς
2405 693 2707 750 διακεῖσθαι
2739 692 2829 746 τὸν
2859 689 3238 760 φιλάνθρωπον
3265 689 3424 763 ἡμῶν
3444 686 3739 758 Δεσπότην,

2080 785 2222 838 οῦτω
2250 784 2475 853 γεέννης
2520 780 2894 853 χαλεπώτερον
2947 778 3005 831 τὸ
3036 780 3134 847 τῆς
3167 775 3374 829 ἐκεῖθεν
3403 773 3612 838 εὐνοίας
3652 776 3742 829 ἐκ-

2083 875 2285 925 πεσεῖν.

2151 960 2333 1014 Εῖδετε
2363 957 2536 1026 πόσης
2562 957 2699 1026 ήμῖν
2723 952 2987 1022 ὠφελείας
3010 950 3228 1020 γέγονεν
3256 949 3507 1013 ὑπόθεσις
3523 951 3555 1018 ή
3571 964 3740 1020 προσ-

2080 1047 2276 1118 ηγορία
2309 1045 2442 1116 μόνη
2472 1042 2564 1096 τοῦ
2593 1041 2801 1095 δικαίου
2821 1081 2835 1102 ,
2869 1040 2962 1092 καὶ
2988 1039 3111 1093 ὅσον
3144 1038 3275 1107 ἡμῖν
3315 1035 3587 1107 θησαυρὸν
3618 1052 3742 1105 νοη-

2083 1134 2266 1203 μάτων
2288 1131 2473 1185 ἐτεκεν
2499 1133 2532 1200 ή
2563 1127 2877 1197 γενεαλογία
2908 1124 3001 1179 τοῦ
3031 1124 3180 1195 [214]
3219 1121 3522 1194 θαυμασίου
3551 1122 3740 1175 τούτου

2077 1220 2267 1291 ἀνδρός
2291 1234 2306 1283 ;
2336 1216 2647 1288 Μιμώμεθα
2671 1215 2850 1269 τοίνυν
2875 1216 2975 1285 τῆς
3005 1211 3155 1274 θείας
3187 1211 3408 1282 Γραφῆς
3428 1210 3555 1273 τοὺς
3586 1209 3744 1262 κανό⁴

2078 1324 2194 1371 νας,
2219 1306 2313 1360 καὶ
2334 1305 2427 1359 ἐὰν
2458 1302 2774 1376 βουλώμεθά
2816 1317 2973 1354 τινων
3015 1297 3364 1370 γενεαλογίας
3404 1295 3740 1367 ἐξηγεῖσθαι,

2081 1397 2156 1467 μὴ
2184 1395 2445 1466 πατέρας,
2476 1393 2571 1447 καὶ
2620 1391 2896 1453 πάππους,
2925 1390 3021 1442 καὶ
3064 1387 3414 1450 ἐπιπάππους
3447 1386 3527 1449 εἰς
3578 1384 3742 1455 μέσον

2080 1485 2355 1555 φέρωμεν,
2385 1482 2520 1538 ἀλλά
2567 1481 2660 1534 τοῦ
2691 1477 3183 1549 γενεαλογουμένου
3222 1475 3321 1547 τὴν
3352 1475 3553 1548 ἀρετὴν
3577 1476 3742 1529 ἐκκα-

2076 1572 2387 1639 λύπτωμεν.
2422 1562 2588 1633 Οὗτος
2634 1569 2742 1639 γάρ
2787 1567 3005 1638 ἀριστος
3042 1563 3392 1633 γενεαλογίας
3422 1564 3642 1635 τρόπος.
3675 1560 3741 1614 Τί

2075 1657 2184 1728 γάρ
2205 1656 2398 1725 ὄφελος
2448 1658 2512 1709 ἐκ
2553 1655 2803 1725 πατέρων
2833 1648 2969 1706 εἶναι
3009 1650 3277 1722 λαμπρῶν
3318 1650 3413 1704 καὶ
3448 1647 3739 1720 ἐναρέτων,

2074 1743 2234 1798 αὐτὸν
2254 1743 2310 1797 δέ
2336 1742 2541 1813 ἔρημον
2558 1738 2697 1794 εἶναι
2723 1743 2823 1811 τῆς
2851 1739 3079 1808 ἀρίστης
3108 1737 3376 1800 πολιτείας
3397 1755 3411 1803 ;
3435 1737 3469 1807 ἢ
3501 1734 3658 1791 πάλιν
3690 1734 3742 1789 τί

2077 1828 2271 1900 βλάϐος
2296 1828 2362 1882 ἂν
2383 1828 2591 1895 γένοιτο
2609 1829 2672 1880 ἐκ
2696 1825 2946 1896 πατέρων
2973 1823 3113 1878 εἶναι
3138 1823 3233 1878 καὶ
3261 1822 3539 1895 προγόνων
3557 1822 3743 1889 δυσγεο

2075 1916 2202 1981 νῶν,
2238 1917 2330 1969 καὶ
2373 1915 2595 1984 ἀφανῶν
2613 1953 2629 1978 ,
2665 1914 2824 1967 αὐτὸν
2877 1913 2934 1966 δὲ
2984 1912 3150 1983 πολλῇ
3196 1912 3376 1981 κομᾷν
3414 1912 3480 1980 τῇ
3528 1909 3738 1979 ἀρετῆς

2086 2003 2238 2056 Ἐπεὶ
2266 2002 2361 2056 καί
2394 2002 2423 2053 ό
2442 2002 2649 2065 δίκαιος
2671 1994 2824 2064 οὗτος
2851 1998 3093 2061 τοιοῦτος
3115 1996 3370 2066 γεγονὼς,
3407 1997 3501 2050 καὶ
3526 1995 3623 2064 τὴν
3644 1992 3740 2047 τοῦ

2073 2088 2208 2143 Θεοῦ
2236 2087 2453 2141 εὔνοιαν
2500 2087 2967 2156 ἐπισπασάμενος,
2991 2086 3091 2138 οὐκ
3122 2084 3231 2139 ἀπὸ
3260 2082 3518 2137 τοιούτων
3546 2080 3738 2149 γέγονε

2076 2174 2385 2246 προγόνων⁶
2417 2173 2536 2227 οὐδὲ
2565 2171 2675 2244 γὰρ
2717 2173 2791 2236 ὡς
2820 2172 3089 2244 ἐναρέτων
3130 2170 3307 2225 αὐτῶν
3336 2168 3739 2240 ἐμνημόνευσεν

2074 2263 2109 2333 ή
2137 2261 2256 2314 θεία
2291 2262 2481 2331 Γραφή
2504 2276 2517 2291 ο
2548 2260 2644 2314 καὶ
2676 2260 2827 2331 ὅμως
2856 2260 3042 2329 ίσχυσε
3068 2258 3336 2312 τοσούτων
3359 2257 3527 2310 ὅντων
3559 2252 3737 2308 κωλυ-

2078 2348 2285 2419 μάτων,
2308 2347 2403 2402 καὶ
2431 2347 2533 2401 ὐπὸ
2573 2346 2843 2400 τοσούτων
2877 2345 3322 2416 ἐμποδιζόμενος,
3346 2345 3426 2407 είς
3452 2340 3622 2413 αὐτὴν
3640 2339 3738 2411 τὴν

2075 2435 2248 2507 άκραν
2274 2433 2516 2487 ἀνελθεῖν
2544 2434 2645 2503 τῆς
2676 2432 2878 2504 ἀρετῆς
2911 2433 2939 2472 δ
2961 2448 2975 2463 ο
3003 2432 3092 2486 ἵνα
3124 2431 3301 2503 μάθῃς
3326 2431 3409 2485 ὅτι
3431 2428 3521 2482 τὸν
3549 2427 3738 2498 βουλό-

2078 2538 2236 2592 μενον
2261 2523 2472 2593 νήφειν,
2497 2521 2592 2574 καὶ
2618 2520 2977 2592 ἐγρηγορέναι
2999 2560 3012 2584 ,
3035 2519 3129 2574 καὶ
3171 2518 3371 2590 πολλὴν
3401 2518 3500 2587 τῆς
3532 2516 3740 2579 οἰκείας

2077 2607 2349 2682 σωτηρίας
2380 2607 2650 2663 ποιεῖσθαι
2676 2607 2772 2680 τὴν
2809 2608 3086 2679 πρόνοιαν,
3114 2606 3266 2660 οὐδέν
3296 2608 3411 2658 ἐστι
3451 2606 3512 2657 τὸ
3539 2603 3739 2657 διακω-

2075 2694 2219 2749 λύον.
2257 2697 2470 2768 Ὥσπερ
2500 2694 2610 2765 γὰρ
2653 2696 2730 2758 εἰς
2766 2693 3036 2767 ῥᾳθυμίαν
3079 2692 3471 2755 ἁποκλίναντες
3506 2692 3599 2745 καὶ
3637 2690 3740 2745 ὐπὸ

2073 2781 2180 2835 τῶν
2208 2783 2478 2852 τυχόντων
2515 2780 2890 2852 βλαπτόμεθα,
2915 2779 3086 2845 οὕτως
3126 2780 3221 2834 ἐὰν
3254 2778 3605 2850 βουληθῶμεν
3648 2779 3740 2847 νή-

2073 2886 2214 2938 φειν,
2246 2870 2348 2923 κᾶν
2377 2868 2559 2940 μυρίοι
2581 2861 2714 2921 ὦσιν
2745 2869 2795 2920 οί
2836 2866 2971 2938 πρὸς
3002 2866 3100 2938 τὴν
3128 2867 3326 2921 κακίαν
3358 2864 3628 2928 ἐλκοντες,
3649 2866 3740 2917 οὐ·

2072 2955 2160 3009 δὲν
2190 2956 2347 3027 ἡμῶν
2399 2959 2466 3027 τῇ
2498 2954 2700 3026 σπουδῇ
2735 2954 3077 3025 λυμήνασθαι
3124 2954 3463 3027 δυνήσονται,
3489 2951 3738 3021 καθάπερ

2072 3042 2192 3096 οὐδέ
2224 3044 2314 3096 τὸν
2340 3043 2550 3097 δίκαιον
2576 3041 2764 3096 τοῦτον
2788 3040 3011 3111 ἴσχυσαν
3045 3039 3287 3094 τοσοῦτοι
3318 3040 3470 3103 ὄντες
3506 3038 3737 3109 ὀκνηρό-

2071 3146 2227 3201 τερον
2249 3131 2379 3201 περὶ
2402 3131 2501 3203 τὴν
2521 3131 2723 3204 ἀρετὴν
2744 3129 3098 3202 ἐργάσασθαι.
3120 3128 3329 3199 Μηδεὶς
3346 3127 3526 3181 τοίνυν
3552 3125 3739 3197 ἕτερόν

2070 3234 2191 3271 τινα
2220 3217 2506 3283 αἰτιάσθω,
2536 3218 2631 3271 καὶ
2661 3217 2746 3288 ἐφ’
2777 3218 2999 3289 ἐτέρους
3024 3217 3124 3286 τὴν
3149 3216 3328 3269 αἰτίαν
3355 3212 3735 3286 μεταγαγέτω,

2071 3304 2210 3359 ἀλλὰ
2234 3307 2298 3376 τῇ
2320 3305 2497 3376 οἰκείᾳ
2526 3305 2770 3377 ῥαθυμίᾳ
2787 3304 2979 3373 τὸ,πᾶν
3003 3302 3377 3374 ἐπιγραφέτω.
3404 3301 3508 3355 Kal
3528 3300 3738 3370 τίλέγω

2074 3393 2157 3461 ἐφ’
2186 3392 2437 3461 ἐτέρους;
2464 3390 2614 3459 Μηδέ
2639 3391 2799 3445 αὐτὸν
2825 3392 2915 3444 τὸν
2949 3391 3192 3445 διάϐολον
3217 3388 3486 3460 νομιζέτω
3509 3406 3592 3452 τις
3617 3388 3710 3442 ῖκα

2072 3477 2162 3531 νὺν
2197 3473 2335 3529 εἶναι
2363 3475 2603 3528 κωλῦσαι
2654 3477 2753 3546 τὴν
2792 3476 2884 3529 ἐπὶ
2927 3477 3025 3545 τὴν
3076 3474 3275 3547 ἀρετὴν
3318 3475 3592 3546 φέρουσαν
3620 3474 3738 3529 ὁδὸν

2071 3562 2360 3618 δύνασθαι·
2400 3560 2517 3615 ἀλλ’
2542 3562 2727 3633 ἀπατᾷ
2761 3562 2861 3630 μὲν
2899 3562 2993 3615 καὶ
3027 3559 3376 3627 ὑποσκελίζει
3408 3561 3534 3625 τοὺς
3565 3561 3734 3633 ρᾳθυο

2076 3644 2353 3717 μοτέρους,
2382 3643 2442 3695 οὐ
2480 3643 2585 3714 μὴν
2614 3642 2812 3698 κωλύει
2841 3645 2939 3698 καὶ
2968 3643 3212 3714 βιάζεται
3240 3660 3254 3675 ·
3287 3645 3380 3698 καὶ
3406 3643 3563 3698 τοῦτο
3598 3644 3735 3712 αὐτὴ

2070 3731 2178 3785 τῶν
2235 3731 2573 3802 πραγμάτων
2604 3732 2637 3803 ή
2668 3734 2830 3804 πεῖρα
2880 3732 3183 3795 δείκνυσιν.
3208 3733 3289 3787 ὅτι
3326 3732 3487 3804 ἡνίκα
3531 3733 3630 3805 μὲν
3668 3732 3735 3788 ἂν

2072 3818 2389 3890 βουλώμεθα
2417 3819 2606 3889 νήφειν
2626 3857 2641 3884 ,
2666 3818 2919 3875 τοσοῦτον
2966 3820 3058 3875 τὸν
3100 3820 3250 3876 τόνον
3293 3819 3730 3891 ἐπιδεικνύμεθα.

2070 3905 2144 3969 ὠς
2177 3904 2309 3975 μηδέ
2339 3903 2547 3957 πολλῶν
2589 3904 2756 3959 ὄντων
2797 3905 2904 3959 τῶν
2943 3906 3356 3979 προτρεπόντων
3396 3906 3487 3962 ἐπὶ
3515 3908 3616 3978 τὴν
3635 3907 3732 3981 τῆς

2071 3992 2263 4055 κακίας
2313 3991 2451 4056 ὁδὸν,
2501 3991 2788 4063 ἀνέχεσθαι
2828 3993 2928 4064 τῆς
2975 3993 3283 4066 συμϐουλῆς
3307 4035 3322 4061 ,
3349 3993 3483 4048 ἀλλὰ
3536 3995 3730 4057 παντὸς

2069 4079 2373 4149 ἀδάμαντος
2418 4078 2805 4151 στερῤοτέρους
2838 4081 2988 4153 ήμᾶς
3018 4081 3286 4150 γίνεσθαι,
3320 4081 3414 4135 καὶ
3447 4081 3723 4152 ἀποφράιμ

2066 4185 2179 4221 τειν
2201 4170 2311 4230 τοῖς
2338 4166 2406 4220 τὰ
2456 4165 2635 4235 φαῦλα
2671 4166 3094 4236 συμϐουλεύουσι
3122 4167 3220 4230 τὰς
3247 4167 3437 4232 ἀκοάς.
3475 4169 3642 4223 Ὅταν
3671 4169 3727 4223 δὲ

2069 4253 2433 4325 ῥᾳθυμῶμεν,
2462 4253 2556 4307 καὶ
2599 4253 2826 4325 μηδενὸς
2869 4253 3019 4317 ὄντος
3066 4252 3160 4306 τοῦ
3209 4253 3726 4325 συμϐουλεύοντοςῆ

2067 4339 2751 4405 ὐποσκελίζοντος,οῖκοθεν
2778 4339 3086 4412 κινούμενοι
3107 4340 3199 4394 ἐπὶ
3222 4339 3319 4411 τὴν
3339 4341 3534 4395 κακίαν
3547 4342 3721 4414 ὀρμῶσ

2069 4444 2185 4499 μεν.
2207 4428 2269 4480 Εί
2289 4427 2397 4499 γάρ
2421 4426 2495 4498 μὴ
2524 4428 2582 4480 ἐν
2615 4430 2681 4498 τῇ
2714 4427 3030 4499 προαιρέσει
3060 4428 3214 4498 ἡμῶν
3252 4427 3460 4493 ἔκειτο,
3496 4428 3630 4501 μηδὲ
3668 4430 3725 4482 ἐν
3800 4466 3823 4483 ι

2064 4516 2129 4584 τῇ
2164 4513 2266 4584 τῆς
2318 4511 2542 4585 γνώμης
2580 4513 2831 4584 ἐξουσίᾳ,
2868 4515 3002 4585 μηδὲ
3040 4514 3380 4582 αὐτεξούσιον
3424 4517 3581 4587 ἡμῶν
3625 4517 3725 4588 τὴν

2064 4599 2224 4669 φύσιν
2257 4603 2285 4654 ὁ
2315 4601 2694 4672 φιλάνθρωπος
2716 4600 2847 4665 Θεὸς
2868 4601 3288 4669 κατεσκεύασεν,
3311 4602 3529 4674 ἐχρῆνῆ
3553 4603 3721 4657 ἅπαν-

2062 4704 2161 4750 τας
2198 4683 2333 4740 εἶναι
2364 4688 2567 4749 κακοὺς
2593 4688 2719 4749 τοὺς
2743 4687 2841 4757 τῆς
2876 4688 3045 4758 αὐτῆς
3082 4687 3294 4756 φύσεως
3338 4688 3720 4751 κοινωνοῦντας

2063 4774 2158 4827 καὶ
2185 4775 2298 4836 τοῖς
2324 4773 2509 4836 αὐτοῖς
2562 4771 2789 4826 πάθεσιν
2836 4773 3249 4843 ὑποκειμένους,
3280 4773 3312 4843 ἢ
3346 4775 3550 4837 πάντας
3580 4775 3719 4829 εἶναι

2063 4860 2365 4932 ἐναρέτους.
2413 4860 2579 4911 Ὅταν
2608 4858 2665 4911 δὲ
2705 4856 2900 4927 ῐδωμεν
2949 4858 3074 4920 τοὺς
3110 4859 3390 4929 ὁμογενεῖς
3439 4862 3591 4931 ἡμῖν,
3628 4862 3718 4915 καὶ

2062 4945 2167 4998 ὐπὸ
2205 4943 2312 4998 τῶν
2337 4943 2514 4996 αὐτῶν
2559 4941 2749 4995 παθῶν
2777 4943 3209 5013 ἐνοχλουμένους,
3244 4944 3304 4997 οὐ
3334 4944 3403 4999 τά
3424 4945 3562 4999 αὐτὰ
3589 4948 3719 5017 ήμῖν

2062 5031 2447 5101 ὑπομένοντας,
2479 5027 2614 5082 άλλά
2646 5028 2737 5082 καὶ
2760 5029 3055 5101 ἐρρωμένῳ
3078 5029 3157 5101 τῷ
3189 5031 3431 5104 λογισμῷ
3455 5031 3720 5103 ἡνιοχοῦν-

2060 5135 2158 5181 τας
2182 5117 2279 5188 τὴν
2302 5116 2481 5185 φύσιν,
2497 5116 2590 5169 καὶ
2624 5115 3064 5187 περιγινομένους
3087 5117 3193 5172 τῶν
3213 5119 3461 5173 ἀτάκτων
3492 5135 3715 5192 σκιρτη-

2064 5206 2280 5275 μάτων,
2311 5204 2404 5255 καὶ
2432 5202 2779 5272 χαλινοῦντας
2822 5204 3133 5276 ἐπιθυμίαν,
3159 5205 3492 5274 κρατοῦντας
3522 5207 3709 5280 ὀργὴν,

2060 5292 2362 5363 βασκανίαν
2418 5289 2734 5359 φεύγοντας,
2765 5289 2955 5359 φθόνον
3000 5289 3353 5363 ἐξορίζοντας.
3385 5296 3484 5365 τῆς
3515 5294 3715 5366 λύσσης

2058 5379 2165 5430 τῶν
2196 5377 2490 5449 χρημάτων
2535 5376 2938 5449 ὑπερορῶντας,
2965 5378 3121 5449 δόξης
3159 5378 3378 5432 ἔλαττον
3407 5380 3715 5451 φροντίζον

2056 5482 2171 5530 τας,
2204 5466 2381 5534 πάσης
2412 5463 2510 5534 τῆς
2549 5463 2642 5516 τοῦ
2681 5463 2944 5534 παρόντος
2984 5463 3098 5534 βίου
3147 5465 3440 5536 εὐημερίας
3484 5482 3715 5535 καταγε-

2059 5551 2284 5615 λῶντας,
2308 5551 2401 5604 καὶ⁵
2434 5550 2568 5620 πρὸς
2594 5552 2692 5621 τὴν
2715 5548 2890 5620 ἀληθῆ
2914 5549 3068 5615 δόξαν
3094 5551 3485 5621 ἐπτοημένους,
3513 5553 3715 5607 καὶτὸν

2060 5640 2210 5709 παρὰ
2247 5637 2339 5691 τοῦ
2388 5636 2522 5689 Θεοῦ
2558 5636 2771 5690 ἔπαινον
2809 5638 3024 5691 πάντων
3067 5638 3174 5692 τῶν
3205 5638 3496 5710 ὁρωμένων
3530 5657 3715 5711 προτυ-

2119 5847 2146 5886 b
2180 5844 2277 5895 Αιιί
2295 5850 2378 5903 τῆς
2399 5849 2616 5907 κορυφῆς.
3200 5910 3274 5970 13
