4102 6204
342 312 454 369 205

350 427 566 500 μῶντας
586 442 599 456 ⁸
633 425 733 477 οὐκ
765 420 981 491 εὔδηλον
1019 420 1098 472 ὅτι
1131 422 1197 490 τῇ
1231 420 1407 490 οἰκείᾳ
1438 419 1638 489 σπουδῇ
1664 416 1834 472 ταῦτα
1860 414 2007 489 [⁸215]

346 512 647 585 κατορθοῦν
676 510 997 580 δυνήσονται
1022 507 1159 579 μετά
1186 508 1284 582 τὴν
1315 507 1518 561 ἀνωθεν
1539 507 1716 577 χάριν,
1741 508 1833 560 καὶ
1855 507 2010 577 ἡμεῖς

345 604 412 670 τῇ
444 598 621 669 οίκείᾳ
668 594 909 667 ῥᾳθυμίᾳ
952 593 1282 664 κεχρημένοι
1326 594 1680 665 προδιδόαμεν
1716 593 1869 663 ἡμῶν
1913 592 2010 663 τὴν

348 686 650 757 σωτηρίαν,
688 684 924 756 ἐρήμους
968 682 1193 745 ἑαυτοὺς
1247 680 1611 745 καθιστῶντες
1664 682 1764 752 τῆς
1804 679 2009 734 ἐκεῖθεν

346 774 554 836 εὐνοίας
573 789 587 838 ;

421 869 494 927 ς’.
517 861 606 914 Διὸ
636 860 935 932 παρακαλῶ
955 862 1127 915 ταῦτα
1146 858 1545 929 λογιζομένους,
1570 858 1661 908 καὶ
1684 855 1917 924 συνεχῶς
1937 872 2014 908 κι-

348 949 572 1012 νοῦντας
599 951 658 1002 ἐν
688 951 754 1019 τῇ
776 948 1007 1020 διανοίᾳ,
1028 948 1294 1019 μηδέποτε
1323 947 1414 999 τὸν
1439 944 1680 999 διάϐολον
1714 942 2012 1009 αἰτιᾶσθαι,

348 1037 484 1091 ἀλλὰ
512 1037 611 1108 τὴν
639 1038 880 1110 ῥᾴθυμον
913 1037 1070 1109 ήμῶν
1096 1036 1340 1107 γνώμην.
1378 1035 1488 1088 Καὶ
1531 1032 1704 1087 ταῦτα
1739 1031 1881 1099 λέγω
1914 1032 2014 1085 οὐκ

350 1128 556 1181 ἐκεῖνον
579 1126 886 1194 ἀπαλλάξαι
914 1123 1234 1197 βουλόμενος
1266 1121 1631 1193 κατηγορίας’
1657 1121 1731 1192 μὴ
1770 1120 1979 1188 γένοιτο
1997 1134 2011 1148 ·

352 1215 446 1266 καὶ
475 1213 583 1284 γάρ
612 1212 829 1286 ἔρχεται
855 1214 931 1277 ὡς
968 1213 1104 1266 λέων
1135 1212 1397 1283 ἁρπάσαι,
1428 1209 1522 1262 καὶ
1551 1209 1883 1280 ώρυόμενος,
1921 1206 2015 1260 καὶ

351 1301 471 1356 τίνα
517 1303 761 1375 καταπίῃ
805 1301 986 1373 ζητῶν
1013 1317 1029 1333 ⁸
1059 1302 1195 1356 ἀλλά
1249 1301 1342 1353 καὶ
1389 1300 1536 1369 ἡμᾶς
1580 1295 2018 1366 ἀσφαλεστέρους

353 1389 573 1459 ποιῆσαι
602 1387 791 1451 θέλων,
824 1390 910 1443 ἴνα
942 1390 1016 1460 μὴ
1047 1388 1350 1459 νομίζωμεν
1378 1385 1532 1449 ἐκτδς
1569 1381 1708 1439 εἶναι
1743 1383 2019 1453 ἐγκλημά-

353 1491 481 1535 των,
505 1474 678 1539 οὕτως
695 1475 930 1539 εὐκόλως
956 1477 1092 1547 πρὸς
1118 1476 1215 1547 τὴν
1238 1474 1436 1529 κακίαν
1463 1472 1905 1545 αὐτομολοῦντες,
1924 1471 2018 1524 καὶ

358 1560 529 1632 μὴτά
572 1561 758 1633 ψυχρὰ
807 1564 991 1615 ἐκεῖνα
1043 1562 1291 1632 λέγωμεν
1329 1563 1549 1634 ῥήματα
1582 1577 1597 1591 ο
1628 1561 1783 1621 Τίνος
1833 1560 2017 1612 ἕνεκεν

355 1651 563 1720 ἀφῆκεν
617 1649 777 1702 αὐτὸν
818 1652 847 1702 6
894 1649 1024 1712 Θεὸς
1061 1648 1297 1703 τοιοῦτον
1333 1662 1357 1689 ει
1394 1649 1522 1701 ὅντα
1570 1647 1804 1718 πονηρὸν
1829 1686 1843 1708 ,
1878 1645 2017 1699 ὥστε

357 1735 732 1802 ὑποσκελίζειν
765 1738 858 1790 καὶ
898 1736 1295 1798 καταϐάλλειν;
1338 1736 1618 1806 Μεγίστης
1661 1738 1768 1806 γάρ
1819 1734 1883 1788 ἀν
1933 1733 2016 1804 εἴη

357 1824 530 1877 ταῦτα
558 1824 629 1878 τά
660 1825 877 1896 ῥήματα
905 1824 1313 1896 ἀγνωμοσύνης.
1357 1823 1494 1877 Ἀλλ’
1520 1826 1693 1877 ἐκεῖνο
1723 1824 1817 1876 σὺν
1844 1820 2021 1891 ἐαυτῷ

361 1910 572 1973 σκόπει,
594 1912 676 1964 ὅτι
704 1911 791 1964 διά
821 1910 980 1964 τοῦτο
1025 1911 1256 1981 μάλιστα
1294 1911 1456 1964 αὐτὸν
1498 1911 1806 1972 κατέλιπεν,
1834 1910 1920 1962 ἴνα
1945 1908 2022 1978 τῷ

360 1997 511 2070 φόϐῳ
542 1998 958 2068 συνωθούμενοι,
982 1999 1076 2052 καὶ
1100 1998 1194 2051 τοῦ
1228 1997 1483 2067 πολεμίου
1516 1998 1613 2069 τὴν
1643 1998 1827 2067 ἔφοδον
1857 2013 2023 2068 προσ-

360 2089 645 2153 δοκῶντες,
674 2087 869 2160 πολλὴν
896 2088 1200 2158 ἀγρυπνίαν
1227 2086 1322 2140 καὶ
1346 2086 1567 2156 διηνεκῆ
1590 2085 1686 2155 τὴν
1714 2084 1875 2154 νῆψιν
1907 2085 2025 2137 ἐπι-

361 2172 753 2246 δεικνυώμεθα,
783 2177 848 2246 τῇ
881 2176 992 2227 τῶν
1030 2174 1274 2246 ἀμοιϐῶν
1316 2172 1512 2235 ἐλπίδι,
1537 2173 1631 2225 καὶ
1667 2173 1733 2241 τῇ
1762 2169 2024 2223 ἀντιδόσει

362 2262 470 2315 τῶν
504 2262 736 2315 αἰωνίων
765 2262 985 2314 ἐκείνων
1009 2263 1102 2314 καὶ
1137 2262 1460 2331 ἀπορρήτων
1478 2256 1697 2327 ἀγαθῶν
1724 2257 1901 2310 πάντα
1927 2255 2027 2325 τῆς

363 2349 563 2420 ἀρετῆς
591 2353 680 2401 τὸν
713 2349 957 2419 κάματον
981 2348 1427 2418 ὑποτεμνόμενοι.
1448 2346 1559 2400 Καὶ
1585 2346 1638 2398 τί
1660 2343 1958 2415 θαυμάζεις
1979 2345 2027 2396 εἱ

364 2438 454 2490 τὸν
484 2436 727 2491 διάϐολον
769 2435 858 2490 διὰ
899 2434 1057 2489 τοῦτο
1105 2436 1362 2488 κατέλιπε
1408 2434 1700 2504 κηδόμενος
1743 2431 1900 2503 ἡμῶν
1931 2432 2028 2501 τῆς

367 2526 660 2598 σωτηρίας,
688 2527 782 2580 καὶ
817 2526 1095 2597 διεγείρων
1117 2528 1148 2596 ἡ
1159 2526 1274 2596 μῶν
1304 2524 1402 2595 τὴν
1453 2523 1745 2595 ρᾳθυμίαν,
1771 2522 1866 2575 καὶ
1895 2522 2029 2575 ὑπό-

367 2614 514 2667 θεσιν
538 2616 668 2685 ἡμῖν
693 2614 970 2682 στεφάνων
996 2611 1420 2676 κατασκευάζων
1441 2627 1454 2675 ;
1480 2609 1658 2681 Αὐτὴν
1680 2611 1779 2680 τήν
1807 2609 2030 2677 γέενναν

367 2701 455 2755 διὰ
481 2700 638 2756 τοῦτο
671 2701 1108 2772 παρεσκεύασεν,
1138 2701 1225 2755 ἵνα
1263 2703 1291 2753 6
1320 2700 1420 2769 τῆς
1448 2698 1717 2768 τιμωρίας
1752 2697 1912 2766 φόϐος
1942 2698 2033 2749 καὶ

364 2789 469 2858 τῆς
494 2788 767 2853 κολάσεως
796 2787 855 2841 τὸ
878 2778 1148 2860 ἀφόρητον
1180 2788 1313 2859 πρὸς
1335 2787 1432 2858 τήν
1454 2786 1728 2858 βασιλείαν
1749 2787 1893 2856 ἡμᾶς
1920 2801 2034 2836 συν-

369 2876 577 2948 ωθήσῃ.
594 2871 744 2939 Εἶδες
757 2876 1062 2947 εὐμήχανον
1081 2874 1170 2929 τοῦ
1186 2875 1451 2928 Δεσπότου
1466 2873 1870 2945 φιλανθρωπίαν
1887 2890 1900 2938 ;
1921 2872 2036 2934 πῶς

371 2963 548 3017 πάντα
572 2966 714 3016 ποιεῖ
737 2964 830 3017 καὶ
857 2962 1410 3034 πραγματεύεται,ώς
1442 2963 1515 3033 μή
1542 2962 1699 3032 μόνον
1725 2960 1895 3014 σῶσαι
1913 2961 2037 3024 τοὺς

374 3050 466 3104 ὐπ’
483 3049 647 3104 αὐτοῦ
664 3051 727 3120 δη
737 3049 1182 3121 μιουργηθέντας,
1196 3049 1330 3103 ἀλλά
1342 3051 1435 3103 καὶ
1451 3049 1555 3103 τῶν
1567 3047 1890 3119 ἀπορρήτων
1904 3047 1971 3115 ἀγ
1978 3063 2039 3099 α-

377 3136 486 3190 θῶν
506 3135 753 3202 ἀξιῶσαις
776 3136 871 3189 Διά
898 3134 1055 3190 τοῦτο
1080 3137 1172 3189 καὶ
1194 3136 1252 3189 τὸ
1274 3134 1620 3202 αὐτεξούσιον
1643 3135 1774 3204 ἡμῖν
1802 3130 2038 3203 δεδώρη-

366 3240 486 3284 ται,
519 3224 611 3276 καὶ
640 3223 697 3277 ἐν
735 3225 800 3294 τῇ
831 3223 989 3292 φύσει
1031 3224 1122 3278 καὶ
1159 3226 1217 3277 ἐν
1253 3223 1331 3294 τῷ
1381 3221 1637 3276 συνειδότι
1678 3220 1832 3291 ήμῶν
1878 3220 2044 3274 ἐναπο

380 3311 535 3365 έθετο
562 3311 659 3382 τὴν
698 3312 898 3381 γνῶσιν
938 3312 1040 3383 τῆς
1080 3313 1276 3376 κακίας
1318 3312 1413 3366 καὶ
1449 3311 1546 3381 τῆς
1584 3310 1802 3381 ἀρετῆς,
1838 3310 1930 3363 καὶ
1952 3309 2041 3362 τὸν

379 3399 621 3453 διάϐολον
647 3398 1020 3471 συνεχώρησεν
1043 3394 1200 3465 εἶναι,
1230 3401 1324 3453 καὶ
1355 3399 1453 3470 τὴν
1483 3397 1706 3468 γέενναν
1726 3397 2040 3469 ἠπείλησεν,

381 3488 467 3542 ἴνα
500 3488 635 3558 μήτε
661 3488 760 3558 τῆς
783 3487 1009 3557 γεέννης
1038 3490 1230 3558 πεῖραν
1253 3486 1504 3557 λάϐωμεν
1531 3485 1746 3557 καὶτῆς
1769 3484 2044 3556 βασιλείας

381 3574 743 3645 ἐπιτύχωμεν.
790 3575 900 3628 Καὶ
945 3574 998 3627 τί
1043 3573 1343 3644 θαυμάζεις
1395 3573 1445 3626 εί
1486 3572 1659 3627 ταῦτα
1701 3572 1913 3627 ἅπαντα
1958 3571 2045 3625 διά

382 3661 539 3716 τοῦτο
560 3660 1071 3734 ἐπραγματεύσατο,
1095 3664 1191 3717 καὶ
1215 3662 1383 3734 μυρία
1401 3662 1564 3733 ἕτερα
1583 3661 1807 3729 ;Δούλου
1834 3659 2045 3734 μορφὴν

385 3753 413 3803 6
439 3750 498 3802 ἐν
536 3752 648 3814 τοῖς
679 3750 899 3814 κόλποις
925 3752 1039 3814 τοῖς
1068 3752 1352 3821 πατρικοῖς
1380 3749 1660 3818 τυγχάνων
1696 3748 1880 3802 λαϐεῖν
1916 3765 2046 3803 κατ-

386 3836 623 3904 εδέξατο,
649 3838 741 3891 καὶ
765 3837 943 3891 πάντα
968 3836 1037 3891 τά
1062 3837 1195 3892 ἄλλα
1226 3838 1512 3907 ὑπομείναι
1535 3836 1601 3890 τά
1628 3837 1931 3908 σωματικὰ,
1956 3838 2049 3890 καὶ

388 3925 454 3978 ἐκ
476 3925 733 3994 γυναικὸς
758 3924 1104 3997 γεννηθῆναι,
1126 3926 1220 3980 καὶ
1258 3928 1321 3979 ἐκ
1352 3923 1622 3996 παρθένου
1652 3923 1927 3995 τεχθῆναι,
1957 3926 2051 3978 καὶ

390 4014 797 4084 ἐννεαμηνιαῖον
830 4012 1233 4086 κυοφορηθῆναι
1273 4013 1484 4084 χρόνον,
1518 4011 1612 4065 καὶ
1644 4012 1929 4084 σπάργανα
1968 4012 2053 4066 δέ·

392 4098 619 4164 ξασθαι,
661 4101 756 4155 καὶ
787 4102 996 4172 πατέρα
1031 4100 1195 4155 αὐτοῦ
1225 4102 1544 4172 νομισθῆναι
1577 4101 1668 4156 τὸν
1725 4100 1920 4172 Ἰωσὴφ
1962 4101 2052 4153 τὸν

396 4190 682 4260 μνηστῆρα
708 4190 804 4260 τῆς
829 4190 1068 4261 Μαρίας,
1096 4191 1189 4245 καὶ
1218 4191 1359 4244 κατά
1388 4192 1582 4262 μικρὸν
1613 4191 1930 4263 αὐξηθῆναι,
1960 4190 2054 4243 καὶ

395 4280 817 4351 περιτμηθῆναι,
846 4279 941 4332 καὶ
965 4279 1153 4333 θυσίαν
1178 4280 1509 4348 ἀνενεγκεῖν,
1545 4281 1636 4333 καὶ
1660 4280 1931 4350 πεινῆσαι,
1963 4280 2055 4332 καὶ

394 4367 637 4436 διψῆσαι,
663 4367 753 4420 καὶ
787 4365 1066 4429 κοπιάσαι,
1098 4366 1191 4418 καὶ
1218 4366 1519 4419 τελευταῖον
1549 4369 1642 4420 καὶ
1671 4367 1896 4420 θάνατον
1926 4367 2058 4421 ὐπο-

400 4455 600 4524 μεῖναι,
629 4453 723 4508 καὶ
774 4453 999 4506 θάνατον
1047 4453 1144 4522 οὐχ
1182 4452 1384 4517 ἁπλῶς,
1416 4453 1551 4506 ἀλλά
1582 4454 1671 4505 τὸν
1701 4454 2058 4507 ἐπονείδιστον

397 4540 772 4611 νομιζόμενον,
803 4542 895 4594 τὸν
924 4540 1159 4612 σταυροῦ
1194 4541 1366 4609 λέγω·
1401 4541 1494 4593 καὶ
1526 4541 1697 4594 ταῦτα
1740 4540 1954 4594 ἅπαντα
1990 4541 2057 4594 δι’

399 4629 546 4699 ἡμᾶς
573 4629 665 4682 καὶ
699 4630 796 4698 τὴν
829 4629 1099 4700 σωτηρίαν
1133 4630 1230 4699 τὴν
1262 4629 1530 4699 ἡμετέραν
1557 4628 1878 4693 κατεδέξατο
1901 4630 1928 4681 ὁ
1953 4628 2059 4682 τῶν

398 4714 653 4769 ἀπάντων
681 4714 1028 4786 δημιουργὸς,
1064 4716 1092 4768 6
1117 4714 1492 4779 ἀναλλοίωτος,
1518 4717 1547 4768 6
1575 4717 1639 4767 ἐκ
1670 4715 1763 4767 τοῦ
1805 4715 1878 4786 μὴ
1911 4715 2060 4779 ὄντος

399 4802 479 4865 είς
506 4802 566 4855 τὸ
598 4798 736 4856 εἶναι
761 4802 828 4855 τΞι
858 4803 1034 4857 πάντα
1062 4801 1422 4874 παραγαγὼν,
1450 4803 1478 4855 6
1502 4801 1811 4856 ἐπιϐλέπων
1838 4802 1930 4856 ἐπὶ
1965 4802 2062 4872 τὴν

401 4892 525 4963 γῆν,
556 4893 647 4945 καὶ
676 4892 845 4945 ποιῶν
874 4893 1042 4964 αὐτὴν
1069 4892 1313 4963 τρέμειν.
1338 4884 1399 4944 οὗ
1429 4891 1526 4961 τῆς
1559 4889 1714 4962 δόξης
1741 4891 1838 4962 τὴν
1861 4892 2065 4961 ἀστρα-

403 4980 512 5053 πὴν
550 4980 668 5034 οὐδέ
701 4980 768 5035 τὰ
806 4979 1106 5051 Χερουϐὶμ,
1146 4981 1201 5032 αί
1237 4978 1515 5051 ἀσώματοι
1546 4978 1801 5050 δυνάμεις
1839 4980 2062 5041 ἐκεῖναι,

407 5066 534 5122 ἰδεῖν
571 5066 843 5130 δύνανται,
890 5067 1005 5120 ἀλλ’
1041 5065 1473 5137 ἀποστρέφουσαι
1512 5065 1610 5128 τὰς
1642 5064 1792 5134 ὄψεις
1824 5068 1890 5136 τῇ
1933 5081 2066 5135 προ-

404 5154 534 5228 ϐολῇ
580 5155 689 5208 τῶν
735 5155 1022 5226 πτερύγων
1054 5154 1114 5207 τὸ
1153 5152 1336 5222 θαῦμα
1370 5155 1500 5223 ἡμῖν
1539 5153 1962 5206 ἐπιδείκνυνται’
2007 5153 2066 5205 ὃν

405 5242 495 5296 διὰ
509 5242 707 5307 παντὸς
724 5241 985 5313 ὑμνοῦσιν
1002 5241 1242 5311 ἄγγελοι,
1267 5240 1617 5311 ἀρχάγγελοι,
1641 5240 1736 5294 καὶ
1761 5240 1949 5310 μυρίαι
1976 5257 2069 5309 μυ-

408 5329 609 5404 ριάδες·
641 5321 795 5394 οὗτος
814 5329 880 5383 δι’
912 5331 1079 5401 ἡμᾶς,
1103 5330 1195 5381 καὶ
1225 5327 1320 5399 τὴν
1353 5328 1623 5397 σωτηρίαν
1646 5327 1744 5398 τῆν
1767 5326 2066 5397 ἡμετέραν,

407 5416 693 5489 ἄνθρωπος
723 5417 972 5486 γενέσθαι
1016 5415 1364 5483 κατεδέξατο,
1399 5414 1488 5468 καὶ
1528 5412 1677 5487 [216]
1707 5414 1808 5484 τῆς
1844 5414 2068 5484 ἀρίστης

409 5507 685 5573 πολιτείας
719 5511 848 5580 ἡμῖν
890 5510 988 5578 τὴν
1030 5508 1147 5561 ὁδὸν
1178 5507 1336 5575 ἔτεμε
1356 5548 1369 5569 ,
1405 5508 1499 5560 καλ⁵
1534 5505 1602 5558 δι’
1647 5498 1720 5558 ὧν
1750 5503 1911 5566 αὐτὸς
1940 5498 2070 5574 ἦλθε

410 5595 509 5667 τὴν
533 5597 700 5667 αὐτὴν
731 5600 862 5668 ἡμῖν
896 5597 1056 5667 φύσιν
1084 5595 1383 5657 ἀναλαϐών,
1419 5594 1695 5667 ἀρκοῦσαν
1725 5594 2071 5648 διδασκαλίαν

404 5682 724 5736 ἐναπέθετο.
751 5683 886 5736 Ιῐοία
917 5683 1095 5737 τοίνυν
1134 5684 1264 5753 ἡμῖν
1297 5683 1540 5738 λείπεται
1575 5681 1757 5735 λοιπὸν
1787 5680 2070 5749 ἀπολογία,

466 5804 499 5830 ⁴
516 5804 674 5857 Sari].
697 5804 963 5866 legendum
988 5802 1186 5865 coniicit
1227 5801 1469 5853 τοσοῦτον.

1130 305 1186 359 S.
1222 301 1507 359 JOANNIS
1547 296 2037 358 CIIRYSOSTOMI
2078 293 2401 354 ARCHIEP.
2449 282 2992 350 CONS'I'ANTINOP.

3669 275 3774 333 208

2115 410 2386 463 τοσούτων
2404 409 2488 463 διὰ
2516 407 2613 477 τὴν
2648 403 2916 475 ἡμετέραν
2946 398 3219 470 σωτηρίαν
3259 394 3703 467 προηγουμένων,
3726 393 3778 446 εί

2122 499 2407 569 μέλλοιμεν
2433 497 2667 566 ἀνόνητα
2701 494 2916 547 ἅπαντα
2947 487 3237 550 δεικνύναι,
3261 486 3349 540 διὰ
3375 488 3475 555 τῆς
3508 482 3775 555 ῥᾳθυμίας

2115 586 2219 656 τῆς
2247 586 2448 639 τούτων
2473 582 2811 655 προδιδόντες
2843 582 2876 649 ἡ
2885 580 3000 649 μῶν
3028 582 3125 646 τὴν
3160 575 3463 646 σωτηρίαν;
3489 572 3579 624 Διὸ
3598 587 3770 640 παρα-

2119 673 2269 727 καλῶ
2300 675 2510 745 νήφειν,
2548 673 2642 724 καὶ
2679 668 2751 739 μὴ
2796 665 2982 729 ἁπλῶς
3026 663 3281 732 συνηθείᾳ
3308 661 3415 713 τῶν
3445 659 3621 713 ἀλλων
3650 675 3776 710 κατ-

2118 759 2451 823 ακολουθεῖν,
2482 756 2619 812 ἀλλά
2641 755 2737 826 τὴν
2764 753 2970 810 ἑαυτῶν
2992 751 3136 821 ζωήν
3165 750 3284 803 καθ’
3307 747 3543 816 ἑκάστην
3564 745 3780 815 ἡμέραν

2120 839 2616 918 πολυπραγμονεῖν,
2642 843 2734 895 καὶ
2756 840 2974 899 ειδέναι,
3005 837 3057 889 τί
3087 837 3185 908 μὲν
3209 837 3339 906 ἡμῖν
3365 835 3698 904 ἡμάρτηται.
3725 832 3781 883 τί

2118 936 2176 990 δὲ
2202 934 2555 1004 κατώρθωται
2575 948 2589 962 '
2613 931 2708 984 καὶ
2727 929 2868 982 οὕτω
2891 928 3000 980 τῶν
3022 924 3425 996 ἡμαρτημένων
3443 923 3543 992 τὴν
3562 920 3784 991 διόρθων

2121 1041 2205 1078 σιν
2236 1021 2514 1092 ποιώμεθα
2534 1060 2547 1084 ,
2598 1020 2686 1073 ἴνα
2734 1018 2828 1071 καὶ
2865 1015 2964 1085 τὴν
3009 1013 3214 1066 ἀνωθεν
3248 1009 3421 1082 ῥοπὴν
3459 1007 3783 1061 ἐπισπασώ-

2124 1109 2283 1182 μεθα,
2314 1111 2407 1162 καὶ
2442 1108 2724 1179 εὐάρεστοι
2754 1103 2832 1174 τῷ
2864 1101 2982 1171 Θεῷ
3007 1097 3308 1168 γενώμεθα,
3344 1095 3595 1164 καθάπερ
3636 1097 3667 1146 6
3702 1093 3786 1147 δί-

2122 1213 2275 1260 καιος
2309 1188 2482 1258 οὗτος,
2522 1193 2614 1246 καὶ
2650 1191 2752 1260 τῆς
2799 1188 3070 1259 βασιλείας
3096 1186 3207 1238 τῶν
3240 1183 3484 1255 οὐρανῶν
3510 1182 3778 1251 ἐπιτύχω-

2125 1301 2246 1355 μεν,
2289 1284 2471 1354 χάριτι
2498 1281 2592 1334 καὶ
2621 1275 2997 1348 φιλανθρωπίᾳ
3025 1273 3119 1327 τοῦ
3150 1273 3352 1342 Κυρίου
3390 1271 3550 1341 ἡμῶν
3606 1268 3783 1339 ὀησοῦ

2123 1369 2389 1442 Χριστοῦ,
2425 1368 2542 1439 μεθ’
2571 1361 2632 1420 οὐ
2661 1365 2738 1435 τῷ
2766 1362 2940 1433 Πατρὶ
2968 1362 3084 1432 ἆμα
3111 1360 3205 1413 καὶ
3232 1358 3312 1429 τῷ
3337 1358 3476 1427 ἁγίῳ
3504 1356 3784 1426 Πνεύματι

2122 1458 2270 1526 δόξα,
2294 1458 2449 1529 τιμὴ,
2481 1455 2679 1527 κράτος
2701 1452 2795 1505 νῦν
2819 1451 2913 1505 καὶ
2937 1451 3042 1514 ἀεὶ,
3070 1448 3167 1502 καὶ
3192 1449 3272 1510 είς
3295 1446 3420 1509 τοὺς
3444 1445 3646 1507 αἰῶνας
3673 1445 3785 1496 τῶν

2124 1547 2354 1602 αἰώνων.
2403 1545 2592 1614 ⁹Αμὴν.

2751 1626 2991 1681 UMIAIA
3025 1625 3147 1678 ΚΝ.

2138 1721 2459 1789 Ἐγένονησε
2497 1718 2567 1772 δὲ
2596 1715 2720 1772 Νῶε
2748 1713 2912 1789 τρεῖς
2932 1710 3121 1789 εὐρὺς2
3148 1709 3255 1789 τὸν
3291 1707 3421 1789 Σῂμ
3440 1746 3455 1771 ,
3487 1705 3595 1787 τὸδν
3617 1705 3785 1789 ξὰιί,

2197 1776 2303 1843 ἑὸν
2346 1776 2541 1857 ’Ῐάφεθ
2564 1804 2577 1817 ⁸
2619 1776 2858 1857 ἐειθθᾴῥῃ⁸
2881 1776 2950 1857 δέ
2973 1783 3012 1849 ἠ
3039 1780 3115 1850 γῆ
3146 1780 3421 1833 ἐναντίον
3465 1777 3571 1831 τοῦ
3612 1776 3786 1839 Θεοῦ,

2196 1860 2291 1913 καὶ
2319 1853 2593 1924 ἐπλήσθη
2616 1853 2662 1922 ἦ
2685 1855 2757 1925 γῆ
2793 1853 3043 1917 ἀδικίας.

2200 1954 2266 2000 α’.
2284 1947 2357 2000 Οὐ
2380 1946 2446 1998 τά
2466 1945 2690 2015 τυχόντα
2715 1943 2858 2013 ἡμᾶς
2870 1940 3118 2009 ώφέλησε
3138 1937 3308 2007 χθὲςή
3328 1934 3421 1987 τοῦ
3436 1934 3642 1988 δικαίου
3659 1933 3787 1985 Νῶε

2130 2031 2463 2101 γενεαλογία.
2503 2030 2613 2085 Καὶ
2652 2030 2760 2099 γὰρ
2805 2027 3049 2097 ἔγνωμεν
3090 2023 3397 2094 θαυμαστὸν
3435 2020 3790 2090 γενεαλογίας

2130 2119 2347 2190 τρόπον,
2387 2117 2483 2171 καὶ
2528 2116 2740 2185 είδομεν
2780 2114 2869 2166 τὸν
2900 2113 3105 2165 δίκαιον
3145 2108 3650 2180 ἀνακηρυττόμενον
3688 2108 3791 2160 οὐκ

2133 2207 2239 2260 ἀπὸ
2265 2206 2360 2276 τῆς
2387 2204 2495 2258 τῶν
2530 2205 2806 2275 προγόνων
2835 2199 3192 2271 περιφανείας
3211 2240 3224 2260 ,
3257 2197 3374 2250 ἀλλ’
3408 2197 3515 2248 ἀπὸ
3543 2196 3643 2265 τῆς
3679 2196 3790 2246 τῶν

2133 2294 2346 2349 οίκείων
2385 2292 2599 2365 τρόπων
2644 2291 2875 2361 ἀρετῆς,
2909 2289 2973 2342 δι’
3018 2290 3081 2358 ἣν
3126 2286 3221 2340 καὶ
3264 2284 3530 2354 τοσαύτην
3574 2282 3795 2347 ἐδέξατο

2139 2381 2442 2455 μαρτυρίαν
2481 2380 2632 2451 παρὰ
2663 2379 2761 2448 τῆς
2802 2378 2953 2440 θείας
2985 2375 3240 2448 Γραφῆς’
3281 2372 3407 2427 Νῶε
3445 2372 3573 2442 γὰρ,
3603 2371 3791 2440 φησίν,

2136 2469 2442 2536 ἅνθρωπος
2464 2468 2712 2532 δίκαιος,
2732 2464 2957 2529 τέλειος
2979 2462 3062 2515 ὢν
3081 2463 3150 2515 ὲν
3179 2459 3251 2528 τῇ
3276 2457 3450 2529 γενεᾷ
3472 2457 3655 2512 αὐτοῦ
3673 2475 3689 2488 ·
3714 2455 3796 2521 τῷ

2140 2554 2261 2621 Θεῷ
2291 2554 2663 2624 εὐηρέστησε
2694 2552 2839 2607 Νῶε.
2873 2553 2965 2614 Εἰς
2995 2550 3165 2604 ταῦτα
3203 2548 3311 2618 γὰρ
3356 2547 3558 2617 βραχέα
3587 2545 3655 2598 τὰ
3694 2546 3793 2614 ῥή-

2143 2659 2288 2714 ματα
2318 2642 2532 2695 ἅπασαν
2559 2639 2902 2694 διδασκαλίαν
2926 2638 3050 2709 χθὲς
3073 2633 3552 2704 κατηναλώσαμεν.
3597 2632 3660 2685 Ἠ
3687 2632 3798 2702 γάρ

2139 2730 2246 2783 τῶν
2283 2729 2441 2783 θείων
2466 2728 2659 2797 λογίων
2700 2726 2862 2795 φύσις
2903 2728 2960 2778 ὲν
2992 2722 3191 2791 ὀλίγοις
3227 2723 3433 2792 ῥήμασι
3465 2720 3627 2774 πολύν
3671 2720 3798 2772 ἐπιο

2140 2817 2410 2872 δείκνυται
2437 2816 2544 2870 τῶν
2571 2815 2856 2885 νοημάτων
2894 2812 2983 2865 τὸν
3009 2811 3257 2873 πλοῦτον,
3296 2811 3388 2864 καὶ
3415 2808 3620 2879 ἄφατον
3649 2808 3799 2877 χαρί-

2144 2905 2294 2969 ζεται
2332 2904 2421 2956 τὸν
2467 2902 2736 2974 θησαυρὸν
2778 2903 2889 2964 τοῖς
2929 2899 3066 2970 μετά
3111 2897 3394 2969 ἀκριϐείας
3439 2896 3535 2966 τήν
3573 2894 3802 2965 ἔρευναν

2145 2989 2411 3043 ποιεῖσθαι
2445 2988 2803 3059 βουλομένοις.
2836 2986 2925 3039 Διὸ
2954 2985 3037 3056 δὴ,
3069 2983 3386 3056 παρακαλῶ,
3421 2981 3586 3054 μηδὲν
3615 2979 3803 3043 ἁπλῶς

2144 3077 2512 3149 διατρέχωμεν
2540 3075 2647 3128 τῶν
2672 3077 2728 3128 ἐν
2760 3077 2826 3145 τῇ
2854 3073 2972 3145 θείᾳ
2998 3073 3183 3143 Γραφῇ
3218 3070 3504 3140 κειμένων,
3538 3068 3673 3121 ἀλλά
3700 3067 3803 3119 κάν

2147 3163 2422 3234 ὀνομάτων
2447 3162 2744 3230 κατάλογος
2769 3159 2825 3236 ᾖ,
2848 3159 2949 3214 κᾶν
2973 3158 3209 3227 ἱστορίας
3243 3157 3511 3228 διήγησις,
3534 3154 3625 3207 τὸν
3648 3155 3806 3222 ἐγκε-

2150 3250 2463 3322 κρυμμένον
2486 3248 2849 3319 ἀνιχνεύωμεν
2879 3246 3168 3317 θησαυρόν.
3208 3242 3306 3298 Διά
3334 3243 3441 3315 γὰρ
3480 3240 3636 3296 τοῦτο
3660 3242 3751 3295 καὶ
3774 3240 3805 3292 6

2150 3338 2381 3411 Χριστὸς
2419 3338 2600 3406 ἔλεγεν
2623 3353 2637 3367 ο
2694 3333 3005 3404 Ἐρευνᾶτε
3039 3332 3142 3399 τὰς
3176 3330 3443 3401 Γραφάς.
3488 3329 3705 3400 Ἐπειδὴ
3741 3329 3805 3382 οὐ

2153 3425 2423 3497 πανταχοῦ
2456 3424 2515 3491 ἐξ
2546 3423 2808 3494 ἐπιπολῆς
2845 3422 2991 3475 ἔστιν
3021 3421 3198 3492 εὑρεῖν
3230 3418 3319 3472 τὸν
3360 3416 3481 3471 νοῦν
3510 3417 3617 3470 τῶν
3648 3418 3809 3484 ἐγγεο

2153 3514 2505 3589 γραμμένων,
2535 3511 2670 3566 ἀλλά
2695 3511 2852 3581 χρεία
2881 3509 2976 3562 καὶ
3005 3507 3202 3579 πολλῆς
3233 3505 3459 3578 ἐρεύνης
3488 3504 3633 3557 ἐστὶν
3654 3506 3808 3575 ἡμῖν,

2155 3606 2292 3660 ὥστε
2327 3603 2491 3673 μηδὲν
2515 3600 2663 3672 ἡμᾶς
2694 3597 2876 3652 λαθεῖν
2909 3596 3017 3650 τῶν
3041 3598 3098 3649 ἐν
3129 3592 3205 3665 τῷ
3233 3592 3385 3663 βάθει
3428 3591 3718 3661 κειμένων.
3748 3592 3812 3645 Εἰ

2155 3692 2209 3746 δέ
2242 3693 2275 3762 ἡ
2305 3687 2642 3761 προσηγορία
2679 3686 2812 3757 μόνη
2839 3684 2937 3755 τῆς
2959 3682 3190 3753 φύσεως,
3226 3682 3286 3734 τὸ
3312 3680 3621 3748 ἅνθρωπος
3641 3681 3814 3749 ονομα

2155 3778 2317 3846 λέγω,
2342 3775 2607 3844 τοσαύτην
2639 3774 2769 3844 ἡμῖν
2795 3771 2945 3824 ἔτεκε
2980 3769 3106 3840 χθὲς
3133 3765 3393 3836 ὠφελείας
3422 3765 3698 3830 ὑπόθεσιν,
3724 3765 3816 3817 πόα

2160 3882 2248 3918 σον
2273 3865 2332 3917 οὐ
2363 3882 2429 3917 κα
2440 3860 2763 3933 ρπωσόμεθα
2784 3857 2994 3930 κέρδος,
3018 3859 3065 3910 εί
3084 3857 3314 3910 ἕκαστον
3333 3854 3441 3908 τῶν
3460 3855 3518 3906 ἐν
3539 3856 3604 3925 τῇ
3628 3854 3815 3925 Γραφῇ

2162 3952 2298 4024 μετά
2333 3950 2603 4021 προσοχῆς
2644 3948 2738 4000 καὶ
2778 3944 3054 4016 ἀγρύπνου
3103 3942 3339 4005 διανοίας
3379 3941 3650 4011 ἐπίωμενς
3705 3941 3819 3993 Καὶ

2160 4041 2272 4110 γάρ
2324 4036 2697 4109 φιλάνθρωπον
2739 4033 2932 4104 ἔχομεν
2980 4031 3287 4100 Δεσπότην,
3332 4031 3426 4083 καὶ
3472 4029 3689 4083 ἐπειδὰν
3733 4028 3821 4101 ίδῃ

2165 4125 2541 4198 μεριμνῶντας
2572 4123 2755 4191 ἡμᾶς,
2794 4118 2890 4172 καὶ
2934 4118 3097 4171 πόθον
3145 4117 3309 4170 πολὺν
3347 4113 3821 4184 ἐπιδεικνυμένους

2164 4214 2298 4285 πρὸς
2334 4212 2432 4283 τὴν
2468 4209 2576 4263 τῶν
2619 4207 2775 4261 θείων
2817 4205 3011 4272 λογίων
3044 4202 3405 4273 κατανόησιν,
3450 4202 3549 4254 οὐκ
3595 4200 3825 4270 ἀφίησιν

2164 4300 2347 4371 ἐτέρου
2370 4298 2510 4360 τινὸς
2538 4295 2812 4365 δεηθῆναι,
2835 4292 2948 4346 ἀλλ’
2973 4291 3172 4353 εὐθέως
3196 4288 3415 4357 φωτίζει
3438 4286 3527 4340 τὸν
3552 4286 3826 4356 ἡμέτεροι

2164 4387 2418 4457 λογισμὸν
2442 4426 2456 4449 ,
2492 4385 2585 4436 καὶ
2619 4385 2714 4452 τῆν
2744 4378 2870 4451 παρ’
2899 4376 3061 4431 αὐτοῦ
3090 4375 3353 4445 ἕλλαμψιν
3388 4373 3686 4446 χαρίζεται,
3729 4373 3830 4424 καὶ

2165 4473 2306 4529 κατὰ
2334 4474 2430 4543 τὴν
2457 4471 2759 4541 εὐμήχανον
2791 4466 2955 4520 αὐτοῦ
2985 4465 3175 4534 σοφίαν
3208 4465 3387 4517 πᾶσαν
3413 4463 3510 4531 τὴν
3539 4459 3714 4530 ἀληθῆ
3747 4458 3831 4511 δι-

2165 4560 2456 4616 δασκαλίαν
2479 4558 2716 4626 ἐντίθησι
2737 4558 2801 4627 τῇ
2827 4553 3070 4624 ἡμετέρᾳ
3085 4551 3247 4622 ψυχῇ.
3269 4547 3418 4621 [217]
3436 4548 3535 4601 Διά
3554 4546 3713 4600 τοῦτο
3731 4546 3830 4599 καὶ

2170 4647 2488 4717 προτρέπων
2511 4644 2655 4714 ἡμᾶς
2680 4643 2772 4695 ἐπὶ
2800 4641 2975 4699 τοῦτο,
3006 4639 3101 4693 καὶ
3137 4636 3576 4708 προθυμοτέρους
3603 4631 3833 4705 ἐργαζόο

2173 4749 2358 4806 μενος,
2405 4728 2769 4801 μακαρισμῶν
2799 4726 2979 4790 ἀξίους
3006 4724 3251 4793 ἀπέφηνε
3296 4726 3419 4784 τοὺς
3461 4721 3553 4775 τὸν
3588 4718 3832 4772 τοιοῦτον

2170 4805 2332 4875 πόθον
2359 4815 2852 4888 ἐπιδεικνυμένους,
2878 4813 3074 4882 λέγων,
3105 4809 3394 4878 Μακάριοι
3424 4812 3475 4863 οἱ
3507 4805 3834 4871 πεινῶντες

2171 4909 2264 4964 καὶ
2287 4905 2578 4976 διψῶντες
2608 4903 2720 4972 τὴν
2744 4901 3155 4967 δικαιοσύνην,
3187 4898 3273 4953 ὅτι
3297 4897 3466 4952 αὐτοὶ
3493 4892 3830 4966 χορτασθὴ-

2171 5012 2400 5051 σονται.
2443 4995 2587 5065 Ὅρα
2619 4992 2808 5062 σοφίαν
2849 4987 3199 5042 διδασκάλουο
3245 4986 3306 5038 οὐ
3338 4984 3426 5038 διὰ
3464 4982 3556 5035 τοῦ
3597 4997 3836 5051 μακαρι-

2176 5083 2313 5155 σμοῦ
2338 5083 2497 5154 μόνον
2528 5077 2878 5152 προέτρεψεν,
2903 5075 3035 5130 ἀλλά
3061 5075 3152 5127 καλ⁵
3180 5071 3255 5142 τῷ
3277 5073 3469 5134 εἰπεῖν,
3495 5072 3558 5122 οι
3583 5066 3839 5121 πεινῶν-

2173 5153 2272 5238 τες
2325 5153 2421 5225 καὶ
2476 5165 2769 5237 διψῶντες
2823 5163 2935 5231 τὴν
2982 5160 3407 5225 δικαιοσύνην,
3460 5154 3663 5221 ἐδίδαξε
3709 5153 3840 5215 τούς

2174 5259 2469 5321 ἀκούοντας
2499 5254 2615 5327 μεθ’
2642 5255 2772 5324 ὅσης
2796 5248 3101 5321 προθυμίας
3130 5247 3394 5318 προσήκει
3433 5241 3568 5314 πρὸς
3599 5243 3700 5313 τὴν
3727 5240 3840 5293 τῶν

2178 5343 2559 5418 πνευματικῶν
2610 5341 2803 5409 λογίων
2855 5337 3076 5408 ἔρευναν
3128 5334 3323 5405 όρμᾷν.
3382 5330 3650 5418 Καθάπερ
3705 5328 3840 5418 γὰρ.

2178 5414 2363 5505 φησὶν,
2391 5433 2440 5485 oi
2470 5429 2657 5498 πείνης
2689 5421 3148 5497 προηγησαμένης
3181 5418 3321 5490 μετά
3357 5416 3663 5505 προθυμίας
3699 5414 3846 5505 ἀφάῖ

2177 5499 2269 5577 του
2299 5521 2389 5575 ἐπὶ
2412 5519 2509 5589 τὴν
2538 5514 2742 5587 τροφὴν
2799 5511 3127 5579 ἐπείγονται,
3159 5506 3253 5561 καὶ
3286 5508 3336 5560 οἱ
3374 5505 3482 5559 ἀπὸ
3514 5503 3605 5558 τού
3643 5499 3843 5555 πολλοῦ

2177 5610 2362 5681 δίψους
2389 5604 2729 5675 ἐκκαιόμενοι
2764 5600 2842 5673 τῷ
2883 5599 3085 5671 πόματι
3122 5595 3259 5669 μετὰ
3291 5592 3527 5662 σπουδῆς
3555 5589 3840 5681 προσία-σι·

2178 5675 2320 5752 κατὰ
2341 5695 2430 5748 τὸν
2467 5691 2630 5747 αὐτὸν
2662 5691 2726 5762 δὴ
2766 5688 2963 5760 τρόπον
2991 5686 3287 5760 προσήκει,
3319 5681 3569 5748 καθάπερ
3609 5675 3845 5729 πεινῶν-

2180 5802 2279 5850 τας
2318 5784 2412 5839 καὶ
2449 5780 2735 5854 διψῶντας,
2765 5775 2904 5831 οὕτω
2925 5776 2989 5848 τῇ
3023 5771 3339 5842 διδασκαλίᾳ
3373 5770 3441 5840 τῇ
3497 5764 3850 5835 πνευματικῇ
