4116 6196
48 1036 87 1047 κ

414 270 519 329 205
1516 267 1584 324 ΙΝ
1619 266 1770 326 CAP.
1818 266 1901 323 \‘l.
1945 266 2184 329 GENES.
2226 269 2455 327 HOMIL.
2491 271 2680 327 XXIV.
3594 278 3700 333 20c.

414 399 545 454 tem,
576 386 813 457 aspirare
842 383 908 440 ad
936 397 1118 439 veram
1145 383 1390 454 gloriam,
1425 394 1478 439 et
1501 398 1810 454 praeponere
1834 384 2007 439 visibi-

415 478 554 534 libus
587 477 835 533 omnibus
873 474 1085 531 laudem
1122 490 1242 545 qua:
1268 488 1298 529 a
1331 475 1440 529 Deo
1469 483 1553 529 est
1584 493 1598 528 :
1628 489 1803 529 nonne
1834 474 2007 528 mani-

414 571 608 627 festum
648 579 730 626 est
763 584 858 625 eos
889 610 904 634 ,
940 577 1063 639 post
1098 569 1323 638 gratiam
1358 568 1450 623 Dei
1485 611 1499 632 ,
1530 583 1627 623 suo
1665 568 1840 624 studio
1873 569 2009 624 bene

409 678 571 732 agere
602 676 760 732 posse
781 703 793 722 .
824 675 1031 731 nosque
1056 668 1235 715 nostra
1264 659 1470 730 ignavia
1500 668 1737 715 nostram
1762 660 2006 715 amittere

410 752 640 808 salutem
669 793 686 819 ,
714 761 769 808 et
794 750 912 821 ejus
938 750 1107 821 gratia
1134 764 1234 805 nos
1262 752 1494 820 Spoliare.
1518 751 1542 803 ?

483 842 537 899 6.
569 824 787 898 litoralis
812 842 1524 913 abeuntia—Quapropter
1551 842 1776 900 obsecro
1809 852 1865 898 nt
1893 842 2008 899 ha'c

411 936 706 1007 cogitantes
732 977 747 1002 ,
790 943 845 990 et
883 935 938 989 in
965 944 1142 990 mente
1188 945 1367 991 nostra
1410 936 1663 991 continuo
1687 946 1960 993 versantes
1988 978 2003 1000 ,

411 1041 699 1097 numquam
726 1024 998 1081 diabolum
1025 1065 1042 1091 ,
1071 1025 1166 1080 sed
1194 1034 1431 1080 nostram
1458 1026 1627 1081 levem
1658 1027 2006 1098 ignavamque

412 1127 643 1173 mentem
673 1131 979 1187 arguamus.
1001 1117 1070 1171 Et
1096 1117 1212 1171 hzre
1235 1117 1354 1171 dico
1385 1131 1488 1171 non
1510 1118 1650 1187 quod
1678 1118 1946 1172 diabolum
1974 1133 2002 1171 a

410 1222 510 1261 suo
532 1207 757 1262 crimine
781 1206 1061 1262 absolvere
1086 1207 1247 1262 velim
1272 1223 1285 1260 :
1319 1208 1455 1261 absit
1495 1223 1509 1260 :
1541 1208 1685 1262 vadit
1705 1208 1845 1262 enim
1869 1209 2005 1263 sicut

410 1297 497 1353 leo
516 1306 576 1353 ut
599 1300 790 1368 rapiat,
817 1308 870 1353 et
896 1301 1127 1369 rugiens,
1150 1308 1205 1354 et
1226 1314 1470 1369 quaerens
1491 1314 1647 1368 quem
1674 1300 1891 1357 devoret
1926 1301 1997 1373 (l.

413 1386 530 1443 Pet.
557 1389 610 1444 5.
639 1387 673 1443 8
700 1387 720 1462 )
754 1406 766 1443 :
798 1388 891 1443 sed
921 1398 977 1444 et
999 1405 1097 1444 nos
1117 1391 1382 1443 cautiores
1409 1388 1634 1444 reddere
1665 1391 1824 1457 volui,
1857 1402 2003 1448 utne

412 1480 779 1535 existimemus
797 1497 982 1535 carere
1012 1496 1108 1535 nos
1134 1481 1311 1550 culpa,
1339 1480 1599 1548 siquidem
1629 1490 1735 1536 tam
1763 1481 1914 1538 facile
1935 1484 2001 1538 ad

412 1572 671 1626 malitiam
713 1572 1106 1643 prornmpimus
1138 1613 1153 1635 ,
1185 1581 1239 1627 et
1282 1587 1351 1626 ne
1399 1570 1583 1626 frivola
1635 1573 1721 1626 illa
1763 1573 2003 1629 dicamus

410 1664 570 1719 verba
596 1683 610 1719 :
637 1663 814 1733 Quare
847 1664 985 1719 Deus
1011 1664 1212 1718 dimisit
1238 1664 1385 1718 illum
1414 1672 1518 1718 tam
1552 1665 1851 1734 improbum
1879 1707 1893 1731 ,
1942 1676 2002 1721 ut

408 1756 773 1826 snpplantaret
807 1765 862 1811 et
896 1756 1304 1826 prosterneret?
1346 1755 1484 1810 Sunt
1510 1756 1650 1810 enim
1681 1755 1797 1811 b-.ec
1842 1756 2000 1812 verba

410 1849 598 1919 ingrati
626 1847 913 1903 admodum
939 1848 1123 1902 animi.
1158 1848 1353 1903 Verum
1386 1855 1442 1901 tu
1486 1846 1586 1902 hoc
1614 1856 1787 1903 tecum
1818 1849 2001 1903 consi-

408 1939 560 2004 dera,
590 1939 735 1993 illum
763 1948 982 2009 preptcr
1007 1938 1109 1992 hoc
1138 1939 1472 2008 potissimum
1504 1938 1746 1993 relictum
1769 1954 1909 2003 esse,
1942 1950 2002 1995 ut

410 2029 605 2084 timore
647 2029 952 2099 compulsi,
980 2040 1033 2083 et
1084 2029 1252 2084 hostis
1308 2029 1530 2083 insidias
1576 2039 1947 2100 exspectantes
1978 2072 1994 2097 ,

410 2119 578 2175 simus
605 2129 859 2190 perpetuo
881 2121 1044 2176 sobrii
1074 2130 1129 2175 et
1156 2121 1339 2191 vigiles
1359 2164 1374 2189 ,
1402 2121 1747 2192 laboremque
1788 2125 1998 2179 virtutis

411 2210 665 2266 leviorem
692 2209 948 2267 faciamus
974 2227 1068 2282 spe
1091 2212 1497 2268 retributionum
1526 2225 1582 2273 et
1598 2214 1996 2285 exspectatione

408 2312 733 2357 :cternorum
762 2313 818 2359 et
844 2304 1187 2360 ineﬂ'abilium
1216 2304 1424 2359 illorum
1464 2305 1748 2360 bonorum.
1776 2304 1846 2360 Et
1869 2306 1994 2377 quid

407 2392 651 2460 miraris,
688 2394 733 2448 si
770 2394 841 2448 ob
868 2395 1005 2449 hanc
1032 2410 1246 2449 causam
1278 2395 1491 2464 reliquit
1516 2394 1786 2450 diabolum
1815 2395 1955 2451 Deus
1976 2438 1989 2463 ,

403 2484 488 2540 cui
508 2493 649 2540 tanta
680 2494 878 2540 nostrae
905 2486 1093 2540 salutis
1112 2501 1260 2550 cura,
1288 2494 1344 2540 et
1370 2485 1460 2555 qui
1483 2485 1552 2540 ita
1585 2495 1822 2541 nostram
1844 2501 1991 2541 som-

404 2578 695 2633 nolentiam
736 2579 986 2644 excutit,
1032 2577 1421 2647 materiamque
1462 2591 1784 2633 coronarum
1835 2578 1992 2634 nobis

406 2679 669 2739 purpurat
693 2670 718 2723 ἲ
744 2668 917 2738 Ipsam
943 2669 1103 2724 etiam
1132 2667 1430 2738 gehennam
1460 2676 1739 2738 propterea
1763 2670 1989 2738 paravit,

404 2769 464 2814 ut
491 2770 664 2815 metus
694 2776 863 2830 ptena:
891 2761 1342 2831 intolerabilisque
1365 2760 1633 2816 cruciatus
1674 2761 1742 2817 ad
1770 2777 1988 2833 regnum

294 2838 310 2849 ’
403 2867 502 2907 nos
523 2853 783 2923 impellat.
829 2853 1015 2909 Vidisti
1044 2854 1297 2908 solertem
1324 2853 1529 2909 Domini
1560 2853 1940 2924 benignitatem
1966 2855 1991 2910 ‘l

400 2947 674 3017 quomodo
699 2949 876 3003 omnia
904 2947 1064 3003 faciat
1087 2955 1142 3003 et
1170 2954 1363 3003 tractet
1399 2986 1416 3013 ,
1448 2955 1506 3001 ut
1548 2962 1654 3002 non
1689 2947 1862 3002 solum
1896 2962 1990 3003 eos

399 3038 487 3109 qui
512 3040 581 3094 ah
603 3053 663 3095 se
686 3038 884 3094 conditi
909 3048 1032 3094 sunt
1047 3046 1244 3106 servet,
1258 3038 1353 3094 sed
1383 3047 1438 3095 et
1463 3037 1815 3094 ineffaliilibus
1835 3038 1990 3094 bonis

399 3131 570 3186 ditct‘l
599 3131 885 3202 Propterea
916 3132 1140 3187 liberum
1164 3131 1443 3187 arbitrium
1482 3131 1638 3186 nobis
1676 3130 1868 3186 indidit
1895 3172 1910 3196 ,
1933 3140 1989 3187 et

401 3226 453 3280 in
498 3235 684 3280 natura
726 3225 1160 3296 conscientiaque
1202 3233 1384 3280 nostra
1433 3222 1672 3292 reposuit
1709 3223 1985 3278 scientiam

401 3315 522 3371 boui
551 3325 604 3371 et
629 3316 786 3381 mali,
818 3316 1203 3386 diabolumque
1231 3329 1352 3371 esse
1378 3315 1619 3383 permisit
1649 3356 1664 3378 ,
1697 3328 1761 3369 ac
1781 3313 1987 3384 gehen-

399 3422 520 3461 nam
549 3408 781 3462 minatus
807 3417 909 3472 est,
939 3415 999 3462 ut
1024 3422 1144 3462 eam
1176 3421 1282 3461 non
1318 3406 1688 3475 experiremur
1715 3447 1729 3471 ,
1771 3405 1866 3461 sed
1901 3422 1984 3461 re-

399 3514 559 3569 gnum
587 3498 1020 3568 adipisceremur.
1047 3500 1115 3554 Et
1133 3498 1259 3569 quid
1289 3498 1501 3551 miraris
1528 3500 1571 3552 si
1603 3498 1702 3553 ista
1733 3500 1911 3553 omnia
1929 3507 1986 3554 et

402 3591 679 3645 innumera
702 3589 802 3643 alia
834 3589 954 3644 ideo
976 3589 1203 3644 fecerit?
1228 3588 1328 3655 Qui
1358 3589 1410 3641 in
1438 3587 1554 3641 sinu
1572 3588 1747 3643 Patris
1768 3597 1850 3643 est
1876 3588 1986 3644 for-

403 3699 545 3739 mam
570 3683 709 3738 servi
740 3683 1014 3752 suscipere
1038 3681 1206 3737 voluit
1223 3680 1485 3751 (Philipp.
1515 3680 1571 3734 2.
1602 3679 1656 3752 7)
1684 3722 1699 3747 ,
1725 3691 1781 3737 et
1807 3683 1985 3738 omnia

403 3774 503 3829 alia
535 3775 799 3829 sustinere
827 3788 947 3844 qua:
988 3773 1054 3827 ad
1090 3787 1287 3843 corpus
1317 3773 1587 3843 pertinent
1621 3814 1634 3837 ,
1666 3787 1731 3827 ex
1764 3774 1987 3830 muliere

402 3875 579 3922 ortmn
608 3865 824 3932 habere,
854 3880 918 3921 ex
944 3863 1162 3935 Virgine
1187 3864 1368 3930 nasci,
1400 3878 1591 3919 novem
1627 3864 1902 3920 mensibus
1930 3866 1985 3920 in

405 3967 558 4013 utero
595 3957 789 4027 gestari
821 3997 838 4024 ,
888 3957 1074 4026 pannis
1102 3955 1296 4012 involvi
1330 3996 1346 4023 ,
1394 3965 1600 4027 patrem
1629 3973 1781 4011 suum
1811 3960 1986 4028 putari

402 4051 601 4122 Joseph
619 4064 873 4121 sponsum
886 4050 1085 4116 Μανία),
1105 4049 1353 4120 paulatim
1376 4064 1637 4115 crescere,
1654 4050 1984 4118 circumcidi,

400 4143 719 4200 sacriﬁcium
749 4142 960 4207 offerre,
980 4143 1209 4209 esurire,
1238 4141 1409 4206 sitire,
1436 4141 1663 4211 fatigari,
1690 4151 1744 4197 et
1772 4142 1985 4198 tandem

400 4236 559 4289 etiam
588 4243 814 4289 mortem
842 4234 1106 4289 sustinere
1143 4250 1157 4286 :
1189 4242 1245 4289 et
1272 4242 1501 4288 mortem
1535 4248 1640 4287 non
1670 4234 1941 4303 vulgarem
1967 4276 1984 4301 ,

399 4326 492 4380 sed
522 4340 641 4381 eam
657 4341 775 4395 qua-
798 4324 1297 4396 ignominiosissima
1319 4323 1633 4390 habebatur,
1649 4325 1825 4382 crucis
1841 4327 1983 4393 dico;

402 4427 455 4471 et
476 4418 589 4472 lucc
613 4416 793 4471 omnia
813 4424 1029 4485 propter
1057 4428 1158 4470 nos
1176 4423 1524 4485 nostramque
1546 4415 1772 4471 salutem
1801 4431 1983 4472 susce-

405 4508 478 4575 pit
504 4505 743 4560 omuium
768 4505 1031 4561 Conditor
1054 4544 1070 4570 ,
1099 4504 1466 4572 immutabilis,
1493 4506 1583 4576 qui
1612 4506 1789 4561 omnia
1814 4521 1879 4562 ex
1902 4508 1983 4562 ni-

404 4598 510 4652 hilo
540 4607 596 4652 nt
621 4607 799 4652 essent
833 4596 1082 4666 produxit
1106 4636 1123 4659 ,
1149 4596 1240 4665 qui
1266 4595 1482 4665 respicit
1511 4606 1706 4653 terram
1736 4640 1753 4664 ,
1779 4606 1835 4652 et
1862 4597 1989 4652 facit

401 4705 518 4745 eam
542 4698 771 4745 tremere
800 4689 973 4761 (Psat.
998 4689 1120 4743 l05.
1143 4687 1237 4758 32)
1257 4704 1273 4753 ;
1293 4689 1448 4759 cujus
1471 4689 1662 4760 gloria:
1688 4690 1867 4761 fulgur
1892 4705 1984 4746 ne-

400 4795 504 4848 que
514 4778 822 4846 Cliernbim,
838 4780 1164 4850 incorporea:
1177 4779 1283 4835 illa:
1292 4780 1533 4846 virtutes,
1546 4780 1727 4837 videre
1742 4791 1984 4852 possunt,

402 4868 496 4923 sed
528 4869 777 4924 adversas
810 4870 972 4925 tacies
1013 4879 1198 4941 tegunt
1237 4869 1463 4941 objectis
1498 4871 1600 4926 alis
1625 4910 1640 4934 ,
1669 4870 1985 4927 miraculum

404 4961 558 5015 nobis
586 4961 928 5028 exhibentes;
962 4979 1119 5034 quem
1149 4978 1363 5033 semper
1388 4963 1604 5019 laudant
1623 4963 1795 5035 angeli
1818 4954 1876 5018 et
1900 4979 1986 5019 ar.

400 5054 641 5126 ehaugeli
674 5097 688 5120 ,
732 5066 789 5111 ct
832 5055 1110 5111 innumera
1158 5055 1359 5110 millia:
1392 5055 1480 5109 hic
1525 5065 1744 5125 propter
1772 5070 1872 5110 nos
1896 5095 1910 5121 ,
1935 5065 1993 5112 et

403 5155 623 5217 propter
648 5155 888 5202 nostram
912 5146 1141 5202 salutem
1161 5187 1176 5212 ,
1200 5145 1363 5201 homo
1389 5145 1503 5200 fieri
1531 5145 1735 5209 voluit,
1767 5155 1822 5200 et
1847 5146 1991 5215 opti-

401 5251 503 5291 ma:
528 5239 650 5293 vita:
677 5237 834 5293 nobis
860 5238 998 5293 viam
1031 5238 1239 5308 paravit
1269 5280 1283 5303 ,
1316 5247 1370 5292 et
1414 5251 1510 5305 per
1545 5252 1606 5292 ea
1635 5236 1990 5293 sufficientem

404 5329 556 5383 nobis
595 5329 897 5384 doctrinam
927 5330 1263 5399 consignavit
1290 5369 1305 5393 ,
1339 5342 1435 5398 per
1471 5343 1590 5397 qtne
1621 5326 1720 5381 hac
1748 5327 1863 5397 ipsa
1889 5341 1985 5384 no-

402 5430 509 5473 stra
543 5431 729 5477 natura
759 5428 1033 5491 assumpta
1081 5420 1348 5476 transivit.
1392 5418 1522 5488 Quae
1568 5417 1728 5490 igitur
1769 5418 1992 5489 posthac

402 5511 558 5566 nobis
586 5510 691 5565 erit
711 5511 989 5566 excusatio
1007 5549 1024 5573 ,
1050 5512 1095 5565 si
1120 5524 1241 5566 cum
1271 5517 1350 5565 tot
1371 5516 1620 5580 tantaque
1648 5507 1875 5565 salutem
1898 5521 1995 5564 no-

403 5608 568 5654 stram
591 5599 981 5669 prmcesserint,
1001 5600 1054 5656 in
1067 5599 1228 5654 rebus
1249 5598 1522 5656 inutilibus
1537 5613 1636 5654 nos
1650 5612 1989 5669 occupemus,

409 5690 523 5749 sola
558 5690 700 5748 circa
748 5690 864 5748 lucc
904 5689 1223 5765 negligentia
1253 5700 1490 5750 nostram
1514 5691 1817 5748 amittentes
1836 5686 1985 5745 salu-

2124 393 2228 439 tem
2257 387 2280 441 ?
2310 387 2537 442 Proinde
2576 389 2800 443 obsecro
2831 397 2887 443 ut
2932 372 3209 461 vigilemus
3243 434 3258 459 ,
3287 401 3341 448 et
3368 409 3473 449 non
3503 404 3703 452 temere

2116 476 2339 531 aliorum
2371 492 2656 547 sequamur
2679 482 3140 548 consuetudinem,
3169 483 3263 539 sed
3281 494 3517 540 nostram
3539 486 3700 542 vitam

2115 568 2350 638 quotidie
2391 568 2674 640 diligenter
2710 573 3043 628 excutiamus
3076 616 3091 639 ,
3139 573 3519 648 videamusque
3574 578 3700 649 quid

2116 670 2389 727 peccatum
2415 701 2429 726 ,
2461 660 2657 731 quidve
2686 671 2830 717 recte
2860 678 2892 717 a
2935 664 3089 720 nobis
3132 675 3337 736 gestum
3371 667 3477 721 sit:
3521 676 3580 723 ut
3621 669 3701 723 sic

2116 760 2326 817 peccata
2356 760 2537 805 nostra
2573 751 2919 808 emendemus
2939 796 2954 820 ,
2983 769 3374 826 supernamque
3401 757 3555 813 nobis
3579 773 3699 831 gra.

2114 843 2238 896 tiam
2261 842 2606 898 conciliemus
2639 887 2653 909 ,
2690 859 2752 900 ac
2778 845 2887 900 Deo
2916 846 3219 915 placeamus
3253 889 3269 914 ,
3297 848 3542 918 exemplo
3568 848 3699 917 justi

2114 932 2272 998 illius,
2299 943 2354 987 et
2380 932 2612 1004 denique
2636 951 2857 1005 regnum
2885 950 3234 1005 assequamur
3257 937 3508 992 carlorum
3532 981 3547 1002 ,
3577 954 3699 1009 gra-

2113 1025 2182 1078 tia
2213 1034 2267 1079 et
2301 1025 2665 1081 misericordia
2699 1028 2903 1082 Domini
2936 1028 3103 1083 nostri
3139 1027 3267 1083 Jesu
3306 1026 3545 1097 Christi,
3573 1046 3695 1086 cum

2110 1129 2216 1183 quo
2246 1115 2424 1182 Patri,
2455 1117 2613 1173 simul
2634 1128 2685 1174 et
2712 1118 2929 1188 Spiritui
2960 1132 3144 1175 sancto
3173 1122 3241 1174 sit
3269 1121 3433 1191 gloria
3456 1163 3471 1187 ,
3502 1122 3695 1188 honor.

2111 1206 2387 1276 imperium
2410 1249 2426 1274 ,
2456 1223 2595 1264 mmc
2617 1219 2670 1264 et
2695 1226 2937 1282 semper,
2968 1221 3024 1268 et
3054 1212 3103 1266 in
3132 1213 3325 1268 smcula
3351 1213 3694 1271 saeculorum.

2109 1299 2299 1353 Amen.

2647 1416 2923 1471 llOMll.“
2968 1417 3154 1472 XXIV.

2109 1524 2290 1579 Cenuit
2322 1537 2490 1580 autem
2519 1527 2634 1582 Noe
2662 1538 2760 1582 tres
2789 1530 2924 1598 [ilics
2953 1572 2968 1596 ,
2998 1529 3120 1585 Sent
3153 1571 3168 1596 ,
3208 1529 3370 1585 Chant
3396 1574 3410 1596 ,
3454 1530 3645 1601 .Iuphet
3673 1550 3690 1584 :

2178 1625 2417 1687 corrupta
2454 1627 2622 1673 autem
2647 1629 2755 1673 erat
2788 1631 2923 1675 terra
2943 1636 3113 1674 coram
3145 1620 3249 1675 Deo
3271 1663 3285 1687 ,
3332 1631 3378 1677 et
3406 1623 3596 1693 repleta
3623 1633 3693 1676 cst

2177 1711 2573 1781 tcrrainjustitia
2600 1710 2754 1782 (Gen.
2784 1713 2837 1769 6.
2870 1714 2977 1782 10).

2183 1845 2229 1899 l.
2272 1844 2544 1916 Scriptura
2570 1863 2670 1901 non
2695 1849 2854 1903 obiter
2880 1851 3110 1919 legenda.
3143 1881 3215 1892 —
3241 1851 3392 1907 llaud
3418 1852 3691 1922 vulgarem

2105 1936 2380 1992 utilitatem
2411 1937 2524 1992 heri
2542 1939 2696 1993 nobis
2715 1942 2888 1996 attulit
2912 1942 3038 2010 justi
3061 1942 3171 1997 Noe
3198 1943 3524 2014 genealogia.
3556 1944 3689 1998 Nam

2103 2038 2156 2082 et
2183 2030 2530 2098 cognovimus
2560 2031 2853 2086 mirabilem
2883 2033 3209 2104 genealogite
3231 2034 3448 2089 modum
3478 2076 3491 2101 ,
3522 2045 3578 2091 et
3606 2036 3687 2090 vi-

2101 2116 2276 2173 dimus
2299 2118 2502 2188 justum
2534 2120 2759 2189 laudari,
2785 2139 2890 2178 non
2911 2138 2939 2176 a
2968 2133 3246 2194 parentum
3270 2126 3513 2180 claritate
3540 2168 3556 2193 ,
3591 2127 3684 2181 sed

2099 2223 2129 2260 a
2157 2224 2367 2265 morum
2407 2210 2673 2280 probitate
2706 2254 2719 2277 ,
2767 2222 2983 2285 propter
3026 2231 3183 2286 quam
3229 2223 3433 2272 tantum
3479 2219 3686 2289 accepit

2100 2304 2458 2359 testimonium
2495 2322 2525 2361 a
2561 2306 2737 2361 divina
2764 2308 3039 2379 Scriptura
3080 2328 3092 2362 ε
3125 2308 3242 2365 Noe
3263 2311 3436 2375 enim,
3471 2311 3643 2381 inquit
3667 2353 3681 2374 .

2098 2395 2248 2449 homo
2286 2399 2459 2466 justus
2482 2438 2497 2464 ,
2531 2399 2781 2468 perfectus
2816 2401 3058 2456 exsistam
3085 2401 3138 2455 in
3180 2403 3505 2472 generatione
3551 2419 3685 2459 sua:

2097 2484 2206 2541 Deo
2221 2488 2412 2558 placuit
2438 2487 2571 2544 Noe.
2590 2489 2781 2545 Totum
2800 2492 2941 2546 enim
2962 2507 3266 2547 sermonem
3296 2493 3348 2547 in
3376 2508 3542 2563 pauca
3565 2493 3683 2549 lucc

2097 2577 2258 2632 verba
2295 2577 2677 2650 iusumpsimus
2716 2579 2852 2636 heri.
2897 2581 3340 2653 Quandoquidem
3378 2582 3684 2639 divinorum

2096 2669 2426 2740 cloquiorum
2456 2679 2643 2727 natura
2670 2672 2722 2727 in
2752 2674 2931 2743 paucis
2957 2674 3137 2729 verbis
3165 2676 3360 2732 multas
3386 2677 3680 2732 sententia-

2096 2780 2211 2818 rum
2246 2764 2399 2819 atfert
2424 2763 2635 2819 divitias
2662 2805 2678 2833 ,
2710 2772 2765 2820 et
2803 2764 3119 2822 ineffabilem
3149 2766 3430 2838 diligenter
3456 2770 3682 2824 scrutari

2096 2857 2393 2913 volentibus
2415 2860 2724 2915 thesaurum
2748 2857 2988 2929 largitur.
3017 2859 3248 2916 Proinde
3270 2903 3286 2928 ,
3314 2861 3542 2917 obsecro
3562 2901 3580 2928 ,
3613 2877 3685 2918 ne

2092 2948 2221 3017 quid
2249 2947 2304 3003 in
2331 2946 2506 3004 sacris
2521 2945 2718 3006 Literis
2743 2948 3107 3020 perfunctorie
3132 2961 3222 3006 aut
3249 2952 3424 3008 obiter
3461 2961 3684 3022 praeter-

2091 3045 2265 3104 eatur,
2293 3038 2388 3094 sed
2414 3038 2627 3095 etiamsi
2647 3041 2862 3096 nomina
2888 3050 3269 3098 reccnseantur
3286 3084 3302 3109 ,
3330 3044 3411 3099 vel
3445 3043 3689 3101 historia:

2093 3139 2399 3197 narrentur,
2417 3130 2750 3186 reconditum
2780 3131 3159 3204 investigemus
3186 3133 3511 3191 thesaurum.
3545 3133 3678 3191 Nam

2092 3219 2213 3274 ideo
2255 3218 2499 3276 Christus
2545 3221 2790 3279 dicebat:
2824 3223 3139 3280 Scrutamini
3175 3223 3472 3295 Scripturas
3497 3226 3681 3298 (locu.

2091 3311 2144 3368 5.
2177 3310 2288 3383 59).
2312 3312 2446 3380 Quia
2472 3327 2579 3368 non
2607 3314 2802 3385 ubique
2828 3315 2882 3370 in
2908 3317 3192 3389 superficie
3214 3331 3367 3374 mens
3386 3317 3679 3389 Scriptura:

2091 3403 2360 3459 invenitur
2380 3443 2396 3468 ,
2440 3403 2537 3459 sed
2576 3419 2711 3475 opus
2734 3415 2816 3461 est
2853 3407 3110 3462 scrutinio
3137 3407 3304 3463 multo
3335 3449 3351 3472 ,
3383 3417 3440 3461 ut
3465 3408 3597 3462 nihil
3624 3409 3676 3462 in

2093 3493 2356 3565 profundo
2378 3494 2580 3561 latens,
2613 3495 2768 3551 nobis
2796 3508 3075 3553 remaneat
3096 3496 3491 3554 absconditum.
3521 3498 3675 3566 Quod

2091 3586 2136 3639 si
2165 3585 2277 3641 sola
2303 3593 2508 3640 natura:
2531 3586 2837 3656 appellatio,
2854 3588 2977 3653 hoc,
2994 3587 3229 3658 inquam,
3254 3602 3470 3655 nomen,
3503 3585 3679 3645 Homo

2094 3673 2256 3746 (Gen.
2278 3674 2333 3731 6.
2355 3674 2429 3745 9)
2454 3715 2471 3743 ,
2501 3683 2663 3731 tanta:
2691 3674 2846 3731 nobis
2880 3675 3120 3732 utilitatis
3156 3686 3531 3748 argumentum
3555 3677 3676 3735 lteri

2092 3766 2220 3821 fuit:
2247 3774 2503 3837 quantum
2532 3765 2738 3822 lucrum
2765 3781 2870 3823 non
2894 3767 3244 3838 percipiemus
3267 3808 3285 3835 ,
3315 3769 3360 3824 si
3387 3776 3586 3826 attenta
3611 3784 3675 3827 ac

2091 3857 2233 3928 vigili
2265 3866 2444 3914 mente
2469 3858 2695 3930 singula,
2727 3873 2846 3929 qua:
2870 3859 2924 3914 in
2944 3874 3096 3915 sacra
3121 3858 3391 3932 Scriptura
3410 3859 3671 3927 feruntur,

2092 3949 2418 4005 audierimus
2443 3951 2465 4002 ?
2495 3950 2702 4004 Etenim
2731 3950 3050 4006 clementem
3083 3951 3340 4007 habemus
3362 3952 3668 4017 Dominum,

2091 4051 2147 4099 et
2170 4042 2382 4113 quando
2407 4042 2547 4097 videt
2571 4055 2669 4097 nos
2688 4042 2965 4109 sollicitos,
2993 4054 3047 4097 et
3076 4059 3320 4114 magnum
3348 4044 3673 4102 desiderium

2091 4134 2159 4190 ad
2179 4133 2544 4205 cognoscenda
2567 4134 2759 4189 divina
2784 4134 2994 4205 eloquia
3025 4136 3251 4201 habere,
3281 4152 3387 4191 non
3416 4138 3680 4207 permittit

2091 4241 2191 4281 nos
2220 4227 2323 4281 ulla
2350 4241 2409 4281 re
2435 4225 2694 4297 indigere,
2714 4226 2809 4284 sed
2839 4227 3019 4282 statim
3057 4227 3285 4284 illustrat
3314 4237 3547 4284 mentem
3576 4244 3683 4283 no-

2091 4326 2257 4373 stram
2278 4360 2294 4386 ,
2318 4326 2374 4374 et
2398 4332 2552 4373 suum
2578 4316 2836 4389 fulgorem
2864 4318 3086 4391 largitur
3118 4361 3133 4386 ,
3177 4328 3233 4377 et
3255 4335 3355 4391 pro
3380 4318 3679 4390 perspicaci

2092 4410 2350 4480 sapientia
2380 4409 2468 4465 illa
2485 4423 2580 4465 sua
2607 4424 2821 4466 omnem
2843 4425 3024 4466 veram
3045 4411 3342 4469 doctrinam
3367 4412 3561 4469 animre
3584 4428 3683 4468 nec

2093 4511 2218 4558 strue
2248 4503 2452 4559 inserit.
2499 4503 2797 4577 Eaproptcr
2823 4520 2945 4563 cum
2984 4523 3080 4565 nos
3107 4507 3175 4563 ad
3205 4508 3343 4564 istud
3373 4509 3548 4579 ipsum
3576 4509 3676 4565 ad-

2095 4594 2430 4661 hortaretur,
2457 4605 2513 4649 et
2533 4595 2821 4653 alacriores
2852 4597 3051 4655 faceret
3080 4640 3095 4665 ,
3128 4600 3455 4657 beatitudine
3483 4601 3677 4671 dignos

2090 4683 2386 4740 declaravit
2403 4699 2499 4740 eos
2526 4686 2613 4755 qui
2635 4686 2738 4740 tale
2764 4687 3086 4745 desiderium
3116 4705 3227 4759 pne
3253 4705 3312 4745 se
3340 4689 3563 4757 ferrent,
3595 4691 3677 4745 di-

2092 4792 2254 4832 cens:
2277 4776 2421 4831 Beati
2446 4778 2534 4845 qui
2560 4779 2788 4832 esuriant
2816 4789 2863 4833 et
2894 4780 3072 4837 sitiunt
3087 4782 3345 4852 justitiam
3372 4823 3386 4848 ,
3430 4784 3550 4855 quia
3578 4784 3678 4855 ipsi

2092 4867 2679 4938 saturabuntur(MattIt.
2707 4869 2762 4924 ὅ.
2791 4869 2871 4940 6).
2904 4869 3034 4926 Vide
3059 4873 3370 4943 sapientiam
3392 4873 3627 4931 doctoris
3660 4893 3676 4941 ;

2094 4973 2200 5014 non
2226 4960 2398 5014 solum
2426 4973 2522 5013 nos
2554 4974 2646 5028 per
2672 4958 3050 5017 beatitudinem
3081 4960 3449 5029 hortatur,sed
3474 4973 3528 5020 et
3556 4981 3676 5020 cum

2094 5049 2247 5114 dixit,
2281 5048 2381 5116 Qui
2401 5049 2629 5103 esuriant
2643 5058 2690 5102 et
2704 5049 2877 5104 sitiunt
2888 5051 3163 5121 justitiam,
3180 5051 3361 5108 docuit
3377 5053 3677 5119 audientes.

2094 5149 2288 5210 quanta
2332 5138 2607 5195 alacritate
2645 5140 2943 5212 spiritualia
2987 5142 3198 5213 eloquia
3236 5142 3556 5214 investigare
3584 5158 3681 5215 par

2096 5230 2273 5286 fuerit.
2296 5228 2756 5297 Quemadmodum
2786 5273 2802 5298 ,
2827 5231 2997 5304 inquit
3022 5275 3037 5299 ,
3064 5233 3099 5287 ii
3130 5248 3264 5303 quos
3294 5232 3462 5291 fames
3490 5233 3635 5291 ducit
3660 5275 3678 5295 .

2095 5316 2230 5369 mira
2252 5314 2528 5370 alacritate
2552 5316 2619 5371 ad
2643 5316 2795 5371 cibos
2837 5317 3104 5379 festinant.
3135 5326 3191 5372 et
3223 5319 3313 5388 qui
3352 5319 3438 5374 siti
3468 5319 3684 5382 ardent,

2095 5410 2161 5467 ad
2202 5419 2384 5482 potum
2427 5425 2622 5483 magno
2659 5410 2927 5467 desiderio
2963 5411 3262 5468 accedunt:
3287 5411 3477 5469 eodem
3525 5414 3686 5470 modo

2095 5507 2162 5564 ad
2188 5506 2520 5578 spiritualem
2548 5505 2870 5581 doctrinam,
2901 5516 3170 5579 tamquam
3197 5509 3494 5564 esurientes
3529 5517 3584 5564 et
3608 5509 3683 5565 si-

2098 5592 2299 5652 tienles
2314 5595 2570 5654 accedere
2595 5611 2690 5668 par
2709 5606 2811 5652 est.
2841 5596 3156 5668 Hujusmodi
3173 5598 3315 5654 enim
3340 5598 3438 5654 viri
3468 5613 3572 5654 non
3598 5613 3687 5655 so-

2104 5685 2215 5743 lum
2238 5685 2656 5744 beatitudinihus
2693 5687 2839 5754 digni
2878 5698 3004 5745 sunt
3035 5704 3052 5757 ;
3092 5687 3189 5747 sed
3224 5698 3428 5763 etquae
3459 5687 3687 5761 cupiunt
