4116 6196
408 212 508 265 20⁸7

403 324 771 386 assequuntur.
802 311 1028 371 Etenim,
1055 307 1387 360 Satiabuntur
1413 345 1428 370 ,
1459 302 1623 372 inquit
1658 346 1675 367 ,
1723 302 1823 356 hoc
1861 310 1980 365 est,

404 408 754 476 explebuntnr
778 420 789 453 :
813 399 1097 468 explebunt
1139 397 1414 467 spirituale
1455 411 1607 448 suum
1641 393 1980 448 desiderium.

402 498 574 566 lgitur
593 496 717 564 quia
742 503 849 547 tam
877 493 1078 556 bonus,
1107 500 1318 558 tamque
1345 487 1576 542 liberalis
1604 485 1857 539 Dominus
1881 499 1980 538 no-

403 590 482 642 bis
513 597 626 642 est:
657 599 753 652 age
781 593 831 636 et
855 597 951 636 nos
967 581 1031 634 ad
1059 581 1229 650 ipsum
1252 577 1640 648 confugiamus,
1665 586 1719 630 ct
1743 573 1860 644 ejus
1887 587 1984 628 uo-

403 680 482 731 bis
509 677 733 746 gratiam
759 671 1124 736 conciliemus,
1155 679 1283 725 utet
1315 670 1425 738 ipse
1450 684 1544 737 pro
1566 682 1657 720 sua
1683 665 1985 720 misericor-

400 769 485 822 dia
517 767 739 821 illustret
766 773 1000 819 nostram
1027 770 1256 815 mentem
1284 759 1349 814 ad
1374 757 1650 813 videndam
1681 756 1980 810 divinarum

400 857 794 926 Scripturarnm
828 856 1073 908 virtutem
1099 871 1113 908 :
1141 861 1192 906 et
1225 866 1316 905 vos
1339 865 1551 920 quoque
1590 848 1752 901 multa
1784 847 1978 902 alacri-

404 961 508 1003 tate
538 946 862 1017 spiritualem
892 945 1184 998 doctrinam
1214 941 1360 1010 quasi
1392 937 1686 994 esurientes
1711 947 1760 992 et
1793 937 1978 990 sitien—

405 1053 484 1097 tes
509 1040 778 1111 suscipite.
801 1039 958 1093 Forte
985 1037 1125 1092 enim
1151 1077 1164 1099 ,
1209 1037 1340 1088 forte
1362 1035 1532 1088 bonus
1569 1043 1621 1085 et
1644 1031 1980 1100 omnipotens

405 1136 680 1198 Dominus,
703 1133 861 1188 etiam
884 1131 928 1185 si
959 1145 1056 1183 nos
1079 1128 1305 1182 humiles
1331 1126 1496 1180 simus
1524 1133 1578 1179 et
1604 1123 1816 1192 objecti,
1851 1137 1978 1192 pro-

402 1241 520 1300 pter
565 1243 658 1283 vos
705 1237 756 1282 et
803 1235 1037 1282 vestram
1084 1223 1362 1277 utilitatem
1421 1218 1776 1288 suppeditabit
1827 1216 1979 1270 nobis

401 1337 700 1377 sermonem
750 1320 800 1374 in
841 1319 1112 1388 apertione
1137 1315 1246 1369 oris
1276 1314 1326 1366 in
1358 1313 1580 1382 gloriam
1615 1325 1762 1364 suam
1799 1350 1813 1373 ,
1845 1318 1899 1362 et
1928 1309 1979 1362 in

403 1413 806 1468 auliticationem
838 1420 1070 1464 vestram
1103 1407 1315 1478 (Ep/tes.
1338 1405 1390 1460 6.
1418 1403 1529 1473 l9).
1555 1402 1794 1471 Projecta
1824 1400 1982 1469 igitur

404 1522 527 1559 cura
560 1517 739 1558 nostra
770 1503 913 1557 omni
958 1504 1007 1555 in
1045 1513 1330 1569 supernam
1361 1497 1582 1566 gratiam
1610 1536 1624 1554 ,
1654 1503 1709 1548 et
1737 1494 1981 1546 invocato

406 1614 470 1649 eo
499 1596 586 1664 qui
618 1606 671 1649 et
691 1594 1005 1664 sapientiam
1028 1591 1117 1645 dat
1141 1589 1395 1661 parvulis,
1425 1597 1478 1642 et
1505 1587 1765 1640 illuminat
1785 1598 1978 1647 cocos,

401 1701 454 1742 et
480 1688 752 1760 expeditas
775 1686 948 1741 reddit
968 1687 1172 1753 linguas
1200 1683 1496 1745 halborum,
1522 1680 1676 1749 paulo
1696 1688 1818 1732 ante
1847 1678 1982 1732 lecta

403 1788 719 1834 tractemnus:
751 1787 805 1832 ut
847 1793 965 1846 qua:
1009 1777 1122 1846 ipse
1167 1789 1263 1843 pro
1303 1787 1399 1827 sua
1438 1768 1801 1827 misericordia
1828 1767 1981 1822 nobis

399 1871 767 1940 suppeditarit,
787 1868 990 1924 caritati
1018 1876 1208 1924 vestra:
1236 1862 1727 1935 proponamus.Sed
1758 1863 1979 1924 intenta,

401 1963 645 2024 obsecro,
669 1959 856 2014 adsitis
883 1969 1082 2022 mente,
1116 1966 1169 2011 et
1193 1956 1473 2025 diligenter
1503 1955 1566 2008 iis
1594 1968 1711 2022 qua:
1731 1953 1980 2007 dicuntur

397 2056 690 2118 attendite,
723 2067 1015 2122 omnesque
1065 2051 1222 2122 hujus
1263 2051 1384 2106 vita:
1409 2063 1565 2105 curas
1589 2049 1832 2118 seponite
1863 2089 1878 2112 ,
1923 2056 1980 2102 ut

399 2147 672 2218 Spirituale
698 2161 904 2208 semen,
928 2144 1076 2214 quasi
1095 2144 1150 2198 in
1172 2144 1420 2213 pinguem
1441 2150 1496 2196 et
1522 2141 1750 2196 feracem
1769 2153 1976 2209 agrum,

399 2240 599 2295 evulsis
626 2237 804 2292 herbis
824 2247 872 2291 et
906 2237 1095 2306 spinis,
1127 2234 1487 2306 projiciamus.
1533 2232 1630 2288 Ha!
1653 2241 1818 2286 autem
1847 2274 1862 2296 ,
1902 2231 1983 2284 in-

399 2331 531 2402 qttit,
572 2331 916 2400 generationes
967 2327 1114 2382 Noe:
1144 2325 1259 2381 Noe
1295 2327 1446 2380 homo
1484 2325 1655 2395 justus
1681 2362 1699 2389 ,
1731 2323 1982 2393 pt'rfectus

395 2423 638 2478 exsisteus
667 2424 718 2475 in
744 2421 1064 2493 generatione
1096 2436 1190 2474 sua
1222 2435 1238 2472 :
1271 2417 1376 2472 Deo
1417 2417 1605 2486 placuit
1636 2415 1767 2469 Noe.
1817 2413 1870 2468 lu
1917 2413 1982 2468 iis

399 2530 565 2585 nuper
596 2516 751 2568 tinem
782 2511 1008 2568 docendi
1053 2509 1377 2565 faciebamus
1406 2551 1422 2575 ,
1467 2507 1588 2562 ideo
1622 2506 1895 2576 sequentia
1926 2505 1978 2558 in

398 2609 630 2664 medium
661 2607 1003 2678 proponenda
1031 2613 1171 2660 sunt.
1203 2603 1288 2658 10.
1322 2602 1504 2657 Genuit
1533 2612 1737 2664 autent,
1769 2599 1973 2668 inquit,

396 2698 514 2754 Noe
536 2709 634 2753 tres
661 2699 822 2766 ﬁlios,
854 2696 975 2752 Sent
995 2739 1011 2762 ,
1043 2697 1221 2761 Citam,
1251 2694 1459 2764 lup/tet.
1490 2693 1604 2748 Non
1630 2693 1832 2762 absque
1855 2707 1972 2745 can-

396 2805 455 2845 sa
486 2790 661 2844 divina
703 2789 973 2859 Scriptura
1000 2797 1054 2842 et
1083 2796 1292 2856 tempus
1321 2795 1374 2843 et
1403 2801 1680 2841 numerum
1709 2785 1862 2840 nobis
1885 2800 1972 2839 as-

397 2881 626 2951 signavit
671 2880 901 2936 tiliorum
941 2880 1112 2949 justi:
1154 2879 1251 2934 sed
1292 2888 1346 2934 et
1390 2879 1513 2933 hinc
1556 2877 1710 2932 nobis
1753 2879 1980 2932 latenter

394 2974 663 3029 insinuare
680 2971 788 3026 vult
816 2973 1082 3042 ingentem
1105 2969 1554 3038 multiplicemque
1574 2969 1688 3037 ejus
1706 2969 1976 3022 virtutem.

392 3065 526 3121 Nam
553 3074 830 3135 postquam
860 3063 1108 3132 superius
1130 3062 1263 3116 dixit
1294 3080 1307 3117 :
1343 3060 1458 3116 Noe
1479 3061 1979 3130 eratquingentorum

392 3173 644 3212 annorum
671 3154 822 3224 (Cen.
849 3156 902 3210 5.
929 3154 1046 3223 52),
1075 3165 1198 3209 tunc
1224 3151 1456 3208 subdidit
1481 3170 1492 3205 :
1524 3150 1590 3205 Et
1610 3153 1778 3223 genuit
1807 3160 1903 3205 tres
1915 3152 1980 3220 [i-

394 3248 489 3302 iioa
513 3264 530 3301 :
559 3246 802 3302 docendo
829 3261 928 3301 nos
947 3260 1210 3300 summam
1237 3243 1580 3300 continentia:
1607 3243 1748 3298 illius
1779 3244 1976 3314 magni-

395 3339 630 3396 tudinem
663 3339 823 3395 fuisse
844 3380 860 3404 ,
893 3354 1015 3394 cum
1048 3346 1205 3392 tante
1243 3337 1665 3406 intemperantia:
1693 3335 1858 3392 dediti
1885 3350 1974 3391 es-

390 3443 510 3489 sent
523 3447 713 3488 omnes
733 3431 995 3496 homines,
1012 3439 1263 3501 tantaque
1279 3429 1489 3485 salacita
1497 3438 1548 3485 te
1563 3444 1751 3485 omnes
1769 3439 1972 3496 anates,

395 3536 450 3580 ut
473 3526 542 3580 ita
571 3526 746 3580 dicam
769 3565 786 3591 ,
807 3523 875 3580 ad
899 3523 1096 3578 malum
1127 3531 1345 3578 ruerent
1373 3540 1386 3576 :
1419 3520 1641 3576 audistis
1668 3521 1809 3577 enim
1833 3520 1974 3575 divi-

390 3633 512 3672 nam
540 3618 867 3689 Scripturam
899 3616 1164 3672 dicentem
1196 3633 1209 3669 :
1254 3613 1323 3669 Ut
1356 3623 1526 3668 autem
1565 3613 1689 3667 vidit
1728 3611 1975 3666 Dominus

387 3714 521 3780 quod
541 3710 761 3781 impleta
781 3719 896 3763 sunt
919 3707 1128 3762 malitite
1155 3724 1306 3777 super
1327 3717 1510 3760 terram
1535 3748 1550 3769 ,
1577 3715 1624 3760 et
1654 3705 1860 3775 quilibet
1887 3721 1972 3758 eo-

388 3803 568 3873 gitoret
600 3801 734 3852 otola
783 3799 1048 3870 diligenter
1089 3799 1140 3850 in
1185 3798 1336 3851 corde
1373 3813 1466 3852 suo
1513 3793 1971 3866 ajuventute:ubi

389 3889 670 3946 manifeste
710 3888 945 3945 declarat
975 3931 991 3954 ,
1023 3897 1078 3943 et
1114 3889 1343 3957 juvenes
1384 3887 1575 3942 vicisse
1611 3886 1973 3956 provectiores

390 3993 545 4040 (etate
566 4025 580 4046 ,
623 3991 678 4037 et
706 3996 863 4038 senes
883 3997 990 4035 nott
1012 3981 1186 4035 minus
1212 3994 1370 4050 quam
1387 3979 1613 4049 juvenes
1640 3977 1923 4032 insaniisse
1951 4017 1967 4042 ,

383 4085 438 4131 et
463 4075 528 4130 ad
556 4075 754 4129 malum
781 4075 946 4128 multa
986 4070 1317 4142 proclivitate
1349 4085 1666 4142 propensam
1699 4069 1862 4127 fuisse
1885 4067 1968 4140 ip-

385 4183 499 4223 sam
532 4168 690 4221 etiam
720 4175 930 4220 :ntatem
952 4163 1214 4218 malorum
1243 4162 1594 4233 inexpertam.

453 4259 507 4312 2.
537 4255 609 4313 Ut
652 4257 808 4324 igitur
836 4254 1118 4316 discamus,
1153 4267 1257 4322 quo
1284 4264 1438 4322 pacto
1480 4253 1542 4305 iis
1575 4252 1821 4309 omnibus
1849 4259 1969 4307 tan-

381 4362 496 4404 tam
537 4347 793 4402 insaniam
840 4361 902 4400 ac
950 4344 1149 4399 rabiem
1187 4360 1295 4413 pra:
1339 4359 1398 4399 se
1447 4343 1755 4410 ferentibus,
1796 4345 1972 4414 justus

387 4442 476 4497 ille
505 4439 761 4495 manserit
788 4437 954 4504 solus,
981 4437 1360 4492 continentiam
1386 4451 1505 4491 cum
1545 4434 1662 4490 aliis
1689 4435 1972 4491 virtutibus

380 4540 606 4588 strenue
640 4544 878 4596 servans,
923 4529 1094 4584 donec
1138 4527 1205 4582 ad
1253 4527 1730 4598 quingentesimum
1773 4537 1970 4582 annum

385 4623 626 4695 pervenit
659 4641 672 4677 :
701 4637 824 4677 cum
860 4621 1099 4685 dixisset,
1133 4619 1260 4674 Erat
1298 4617 1412 4674 Noe
1450 4619 1835 4692 quingentorum
1873 4635 1970 4674 an-

385 4733 586 4783 norum,
619 4723 744 4769 tunc
773 4713 942 4783 inquit
969 4729 983 4766 :
1015 4711 1081 4766 Et
1119 4713 1288 4784 genuit
1321 4711 1436 4766 Noe
1457 4721 1556 4766 tres
1593 4716 1750 4783 ﬁlios.
1765 4715 1971 4782 Vidisti,

382 4807 597 4872 dilecte,
629 4806 980 4862 excellentem
1002 4803 1129 4874 justi
1161 4804 1565 4872 temperantiam
1589 4804 1614 4856 ?
1654 4802 1729 4858 Ne
1768 4803 1871 4859 hoc
1895 4804 1970 4858 ita

385 4898 744 4970 perfunctorie
787 4907 1140 4960 transeamus,
1163 4895 1257 4950 sed
1287 4903 1341 4950 et
1378 4903 1585 4964 tempus
1611 4893 1739 4950 illud
1765 4907 1970 4964 expen-

381 4991 590 5056 damus,
621 4997 675 5044 et
699 4987 954 5044 malitiam
978 5001 1097 5056 qua:
1122 4984 1189 5041 ad
1214 4999 1372 5041 omne
1399 4985 1673 5040 hominum
1706 4998 1872 5054 genus
1900 4985 1970 5039 oh

382 5100 566 5140 eorum
607 5081 876 5139 desidiam
939 5095 999 5137 se
1052 5079 1402 5142 extenderat,
1457 5088 1512 5134 et
1571 5079 1970 5134 consideremus

380 5186 595 5247 quanta!
621 5175 696 5231 sit
736 5175 946 5231 virtutis
973 5183 1027 5229 et
1055 5173 1266 5244 pietatis
1303 5186 1427 5246 erga
1468 5172 1655 5235 Deum,
1688 5171 1740 5226 in
1771 5181 1967 5227 tantam

383 5267 638 5338 temporis
665 5265 1045 5339 longitudinem
1091 5265 1532 5334 concupiscentia:
1559 5263 1760 5318 rabiem
1796 5261 1963 5318 refre-

384 5371 532 5425 nare,
578 5358 826 5428 viamque
862 5357 1029 5428 longe
1063 5357 1131 5412 ab
1171 5357 1289 5412 aliis
1329 5355 1594 5411 diversam
1623 5369 1865 5427 carpere.
1908 5369 1963 5412 et

377 5463 490 5505 non
519 5448 692 5505 solum
716 5450 786 5504 ab
808 5449 994 5505 illicito
1014 5451 1160 5504 coitu
1185 5463 1245 5504 se
1283 5445 1555 5510 cohibere,
1582 5445 1678 5501 sed
1706 5452 1763 5502 et
1783 5461 1813 5501 a
1841 5446 1972 5518 legit

373 5539 515 5598 timo
536 5549 590 5596 et
619 5541 905 5610 inculpata.
938 5540 1003 5594 Et
1051 5541 1242 5611 genuit,
1292 5538 1481 5609 inquit,
1513 5535 1628 5592 Noe
1649 5546 1746 5593 tres
1783 5538 1918 5606 [illos
1945 5553 1965 5591 :

375 5631 522 5699 Sent,
539 5632 724 5698 (Ibam,
753 5631 992 5703 Japltettt.
1023 5634 1108 5687 11.
1130 5632 1376 5702 Corrupto
1396 5641 1562 5686 autern
1583 5638 1692 5686 erat
1707 5639 1841 5686 terra
1863 5644 1954 5684 co-

1131 199 1187 255 S.
1219 195 1498 252 J‘O.\NNIS
1532 189 2008 248 (ZIIRYSOSTOMI
2039 189 2356 251 ARC‘HIEP.
2388 194 2921 252 CONSTANTINOP.

3571 201 3676 255 208

2091 325 2199 360 ram
2231 307 2354 370 Dea,
2373 319 2419 362 et
2443 309 2633 378 repleto
2663 318 2765 361 erat
2790 319 2923 361 terra
2940 307 3204 378 injustitia.
3230 307 3353 363 Mihi
3375 310 3677 367 videtur-di-

2090 399 2208 452 vina
2230 397 2623 467 dispensatione
2646 399 2862 461 factum,
2890 408 2945 451 ut
2969 399 3142 468 justus
3171 399 3262 453 ilic
3291 415 3431 454 nunc
3463 403 3674 456 tandem

2088 489 2154 542 ad
2187 505 2406 544 uxorem
2433 491 2731 554 accederet,
2765 491 2988 559 illosque
3017 491 3154 546 filios
3201 493 3516 561 susciperet.
3544 493 3677 560 Quia

2087 581 2230 634 enim
2261 581 2330 636 ob
2373 581 2586 635 malitite
2634 582 3052 651 magnitudinem
3084 594 3137 636 et
3167 583 3433 652 ingentem
3481 585 3682 656 impro-

2089 671 2304 726 bitatem
2332 673 2566 741 generali
2612 673 2843 740 pernicie
2873 683 3014 727 totus
3053 672 3198 727 orbis
3239 673 3496 730 delendus
3525 687 3636 730 erat
3660 717 3676 738 ,

2089 763 2393 817 misericors
2420 764 2558 818 Dens
2582 763 2730 833 quasi
2762 764 2994 818 radicem
3020 765 3248 834 aliquam
3280 775 3333 819 et
3359 760 3677 822 fermentum

2087 852 2253 906 voluit
2278 853 2479 919 justum
2511 853 2660 908 illum
2709 868 3008 923 superesse,
3041 865 3097 907 ut
3146 855 3356 910 abolitis
3405 857 3506 910 illis
3531 857 3680 924 origo

2084 955 2137 1000 et
2166 947 2413 1016 primitize
2437 946 2678 1016 qu'edam
2708 956 2851 1001 esset
2892 947 3208 1000 futurormn.
3242 947 3409 1018 llujus
3452 949 3528 1003 rei
3555 965 3680 1018 gra-

2088 1039 2180 1102 tia,
2209 1053 2328 1092 cum
2350 1039 2459 1107 jam
2492 1039 2901 1108 quingentorum
2943 1049 3087 1092 esset
3113 1055 3397 1106 annorum,
3431 1042 3678 1096 haberet-

2084 1143 2190 1197 que
2235 1139 2344 1184 trcs
2386 1129 2516 1183 istos
2546 1130 2714 1192 filios,
2745 1130 2847 1182 illis
2877 1139 3159 1184 contentus
3203 1130 3319 1193 fuit.
3353 1147 3410 1186 re
3439 1133 3550 1202 ipsa
3579 1133 3680 1187 de-

2085 1221 2294 1274 clarans
2325 1221 2427 1274 hoc
2460 1237 2519 1273 se
2550 1221 2758 1284 l'ceisse,
2801 1232 2857 1274 ut
2897 1221 3090 1275 divina:
3115 1222 3168 1275 in
3196 1221 3483 1276 humanum
3511 1239 3681 1292 genus

2087 1310 2278 1365 futura:
2309 1312 2617 1380 benignitati
2640 1312 2882 1367 serviret.
2913 1313 2980 1367 Et
3004 1330 3108 1383 quo
3130 1314 3267 1368 scias
3299 1314 3399 1369 hoc
3429 1331 3535 1369 non
3561 1330 3680 1370 esse

2090 1411 2373 1465 temeraria
2421 1411 2726 1478 coiijectnra
2779 1411 3017 1476 dictum,
3067 1411 3342 1465 considera
3391 1410 3679 1480 Scriptura:

2089 1502 2436 1570 diligentiam.
2464 1501 2593 1555 Nam
2639 1511 2914 1571 postquam
2945 1502 3108 1564 dixit,
3136 1502 3335 1571 justum
3379 1503 3525 1556 illum
3574 1515 3679 1557 tres

2087 1595 2336 1648 habuisse
2362 1593 2500 1649 filios
2520 1637 2533 1656 ,
2559 1595 2737 1649 statim
2777 1595 3011 1648 subdidit
3041 1612 3053 1647 :
3084 1592 3336 1663 Corrupto
3375 1606 3478 1647 erat
3512 1606 3678 1647 autem

2087 1695 2222 1742 terra
2250 1704 2422 1740 coram
2468 1686 2597 1749 Deo,
2625 1698 2671 1740 et
2721 1687 2928 1756 impleta
2958 1697 3064 1740 erat
3114 1696 3248 1740 terra
3286 1687 3547 1756 injustitio.
3586 1686 3678 1741 Vi-

2087 1780 2210 1834 disti
2239 1779 2290 1832 in
2317 1777 2504 1833 eadem
2536 1789 2722 1833 natura
2751 1795 2995 1850 magnam
3019 1788 3072 1834 et
3102 1778 3423 1834 ineffabilem
3451 1779 3677 1833 varieta-

2089 1871 2238 1925 tem?
2269 1871 2343 1925 De
2387 1870 2532 1939 justo
2573 1871 2714 1924 enim
2769 1870 2979 1926 dicebat
3025 1871 3297 1940 Scriptura
3328 1890 3342 1926 :
3373 1869 3489 1925 Noe
3529 1871 3677 1923 homo

2079 1966 2267 2034 justus,
2293 1965 2540 2032 perfectus
2559 1964 2800 2018 assistens
2827 1964 2878 2016 in
2900 1964 3220 2034 generatione
3239 1980 3332 2017 sua
3347 1963 3444 2018 :de
3461 1964 3678 2034 reliquis

2090 2064 2267 2109 autem
2298 2055 2546 2109 omnibus
2575 2054 2745 2123 inquit
2777 2071 2788 2106 :
2819 2054 3071 2124 Corrupto
3093 2064 3257 2108 autent
3285 2063 3391 2108 erat
3432 2065 3564 2109 terra
3588 2071 3678 2108 co-

2087 2164 2197 2200 ram
2225 2145 2355 2210 Deo,
2389 2157 2434 2200 et
2457 2147 2660 2216 impleta
2684 2155 2794 2200 erat
2821 2155 2954 2200 terra
2985 2147 3252 2216 injustitia.
3283 2145 3509 2200 Nomine
3532 2146 3678 2201 enim

2089 2249 2268 2304 terrm,
2297 2239 2569 2293 hominum
2603 2238 2995 2293 multitudinem
3021 2247 3193 2293 vocat.
3233 2237 3363 2304 Quia
3391 2238 3531 2290 enim
3559 2253 3673 2288 om-

2089 2333 2174 2386 nia
2201 2346 2386 2387 eorum
2414 2345 2576 2402 opera
2627 2331 2894 2385 terrestria
2939 2338 3121 2394 erant,
3149 2329 3345 2384 idcirco
3389 2337 3544 2382 terra:
3575 2343 3670 2381 no-

2087 2423 2232 2476 mine
2256 2432 2308 2477 et
2337 2437 2523 2477 eorum
2576 2421 2826 2476 vilitatem
2849 2463 2865 2488 ,
2896 2430 2950 2476 et
2991 2420 3202 2475 malitia}
3243 2419 3666 2488 exsuperantiam

2086 2512 2369 2584 signiﬁcat.
2398 2512 2529 2568 Nam
2549 2513 2686 2568 sicut
2703 2512 2770 2568 de
2794 2511 3140 2582 protoplasto,
3167 2511 3256 2580 qui
3298 2510 3470 2579 legem
3497 2519 3669 2562 trans-

2085 2625 2300 2682 gressus
2325 2609 2550 2681 gloriam
2573 2623 2675 2678 qua
2705 2605 3128 2662 circumdabatur
3157 2604 3352 2670 amisit,
3381 2603 3672 2670 mortisque

2087 2718 2260 2773 paena:
2296 2701 2560 2756 obnoxius
2605 2699 2776 2755 factus
2805 2699 2922 2762 fuit,
2950 2697 3162 2752 dicebat
3197 2713 3212 2750 :
3244 2694 3398 2749 Terra
3436 2709 3508 2756 es,
3538 2703 3584 2746 et
3618 2693 3672 2744 in

2087 2805 2271 2849 terram
2297 2794 2456 2849 abibis
2483 2793 2633 2863 (Gen.
2661 2794 2716 2849 3.
2745 2792 2833 2862 19)
2865 2809 2878 2846 :
2911 2793 2982 2845 ita
3007 2799 3063 2845 et
3104 2789 3211 2853 hic,
3239 2788 3359 2858 quia
3387 2788 3672 2856 plurimum

2087 2887 2419 2942 invaluerant
2445 2886 2592 2949 vitia,
2624 2884 2816 2955 inquit,
2865 2882 3114 2951 Corrupto
3157 2893 3324 2934 autem
3366 2887 3471 2933 erat
3517 2889 3669 2931 terra.

2085 2979 2266 3051 Neque
2292 2979 2608 3050 simpliciter
2633 2977 2762 3032 dicit
2794 2994 2806 3030 :
2838 2975 3088 3044 Corrupto
3129 2981 3294 3027 autem
3340 2981 3447 3024 erat
3489 2980 3621 3022 terra
3653 2985 3670 3020 :

2084 3072 2198 3137 sed,
2229 3071 2414 3128 Coram
2457 3069 2564 3124 Deo
2590 3085 2610 3124 :
2638 3078 2685 3125 et
2723 3069 2930 3139 impleto
2958 3075 3064 3121 erat
3092 3073 3224 3118 terra
3264 3061 3534 3133 injustitia.
3584 3058 3670 3113 Di-

2082 3161 2254 3218 cendo
2280 3163 2442 3226 enim,
2477 3161 2726 3231 Corrupto
2772 3166 2895 3223 erat,
2925 3156 3259 3225 omnigenam
3305 3153 3513 3206 illorum
3559 3163 3670 3203 rna-

2084 3253 2251 3309 litiam
2278 3252 2520 3322 emphasi
2551 3251 2776 3321 quadam
2807 3248 2958 3303 dixit.
2989 3247 3104 3302 Non
3151 3245 3292 3300 enim
3319 3243 3422 3296 diri
3455 3250 3625 3310 potest
3651 3280 3668 3302 ,

2081 3361 2175 3402 eos
2203 3345 2360 3400 unius
2385 3345 2468 3399 vel
2489 3343 2713 3398 duorum
2737 3349 3073 3412 peccatorum
3101 3347 3306 3392 tantum
3333 3349 3456 3389 reos
3482 3332 3665 3395 fuisse,

2079 3437 2175 3494 sed
2200 3450 2388 3492 omnes
2413 3437 2714 3506 iniquitates
2739 3433 2938 3502 absque
2982 3428 3142 3485 modo
3165 3425 3528 3482 commisisse:
3549 3422 3670 3477 ideo

2081 3531 2299 3599 subdit,
2336 3530 2402 3583 Et
2443 3530 2648 3599 impleta
2679 3537 2784 3582 erat
2824 3537 2957 3580 terra
2999 3521 3264 3594 injustitia.
3296 3517 3411 3574 Non
3455 3517 3626 3572 obiter
3649 3555 3664 3577 ,

2079 3639 2254 3695 neque
2277 3623 2565 3694 vulgariter
2592 3620 2805 3676 malitim
2831 3617 3134 3682 studebant,
3164 3613 3257 3669 sed
3287 3620 3498 3683 peccata
3523 3626 3668 3680 ιιιιίιτ-

2079 3730 2184 3786 que
2214 3714 2437 3770 ferventi
2479 3711 2825 3768 contentione
2853 3708 3099 3779 agebant.
3142 3705 3209 3759 Et
3249 3702 3370 3758 vide
3399 3700 3686 3772 quomodo.

2080 3809 2201 3863 illos
2252 3816 2434 3878 postea
2467 3821 2533 3860 ne
2563 3804 2704 3859 tenui
2727 3801 2938 3873 quidem
2970 3798 3229 3855 memoria
3277 3797 3540 3866 dignatur,
3571 3792 3664 3847 scd

2079 3901 2297 3956 nomine
2350 3908 2508 3954 terra:
2565 3905 2739 3962 vocat,
2768 3894 2926 3949 simul
2968 3892 3207 3948 indicans
3235 3899 3288 3944 et
3327 3897 3662 3958 peccatorum

2077 3993 2388 4064 gravitatem
2420 3996 2474 4042 et
2505 3988 2596 4041 Dei
2624 3984 3060 4055 indignationem.
3090 3981 3341 4049 Corrupto
3366 3989 3471 4031 (rat
3500 3985 3662 4029 mitem

2078 4097 2230 4152 terra,
2264 4083 2450 4152 inqttit.
2473 4095 2641 4134 coram
2674 4076 2802 4140 Deo,
2827 4072 2928 4128 hoc
2966 4083 3065 4136 ρει,
3096 4086 3250 4128 secus
3277 4085 3435 4139 quam
3466 4082 3659 4139 praece-

2078 4187 2224 4248 ptum
2253 4183 2369 4231 erat
2395 4187 2425 4226 a
2455 4172 2564 4226 Deo
2593 4169 2768 4222 omnia
2818 4165 3098 4228 faciebant,
3134 4161 3378 4216 mandata
3407 4161 3499 4215 Dei
3536 4175 3666 4214 cou-

2080 4271 2373 4329 culeantes.
2400 4275 2454 4322 ct
2481 4265 2790 4334 magistrum
2819 4267 3020 4314 natura:
3049 4255 3294 4310 humanae
3321 4253 3535 4308 insitum
3586 4251 3664 4321 (α)

2086 4382 2180 4437 per
2203 4361 2462 4418 desidiam
2494 4357 2816 4412 amittentes.
2845 4350 2912 4406 Et
2938 4348 3144 4418 impleta
3167 4354 3273 4401 erat
3296 4355 3449 4407 terra,
3472 4343 3661 4412 inquit,

2075 4448 2774 4524 iniustitia.Vidisti,dilecte,
2789 4449 3044 4515 quantum
3065 4439 3258 4495 malum
3275 4437 3342 4490 sit
3361 4443 3660 4505 peccatum,

2075 4545 2343 4620 quomodo
2386 4543 2436 4596 id
2481 4539 2694 4604 efficiat,
2729 4546 2785 4592 ut
2812 4534 3056 4590 homines
3100 4544 3197 4585 suo
3238 4528 3453 4582 nomine
3482 4526 3662 4620 vocari

2077 4614 2182 4695 non
2214 4639 2322 4690 sint
2345 4633 2488 4704 digni
2514 4631 2537 4684 ?
2566 4629 2700 4684 Audi
2740 4640 2927 4682 rursus
2952 4637 3072 4693 qua:
3114 4625 3405 4689 sequuntur
3431 4633 3444 4668 :
3476 4614 3562 4669 12.
3597 4614 3665 4668 Et

2075 4730 2199 4785 uidit
2230 4726 2477 4781 Dominus
2500 4721 2637 4776 Deus
2664 4730 2870 4781 terram,
2893 4724 2941 4771 et
2973 4723 3080 4769 erat
3117 4719 3374 4779 corrupta.
3396 4707 3532 4762 Vide
3560 4707 3661 4760 ite-

2077 4837 2194 4876 rum
2241 4815 2509 4889 quomodo
2557 4827 2654 4869 eos
2700 4820 2896 4866 terram
2939 4815 3112 4862 vocet.
3161 4805 3228 4860 Et
3269 4812 3453 4873 postea
3477 4841 3494 4866 ,
3542 4815 3662 4856 eum

2077 4912 2242 4969 semel
2278 4918 2437 4981 atque
2467 4909 2656 4962 iterum
2684 4913 2738 4960 et
2765 4902 2922 4958 tertio
2948 4899 3241 4956 nominavit
3268 4908 3486 4960 terram,
3516 4904 3574 4949 ut
3599 4909 3666 4947 ne

2080 5007 2198 5075 quis
2225 5003 2296 5058 de
2321 5012 2457 5056 terra
2486 4996 2722 5054 sensibili
2749 5011 2870 5050 eum
2895 4993 3093 5049 dixisse
3117 4992 3432 5062 suspicetur,
3463 4987 3665 5058 inquit:

2085 5097 2220 5162 Quia
2244 5101 2533 5163 corruperat
2577 5089 2739 5144 omnis
2775 5102 2894 5140 caro
2931 5085 3062 5138 viam
3099 5100 3241 5138 suam
3269 5098 3422 5152 super
3462 5089 3664 5133 terram.

2082 5188 2264 5259 Neque
2302 5197 2441 5240 nunc
2481 5179 2712 5236 hominis
2740 5174 3092 5248 appellatione
3135 5187 3232 5227 eos
3275 5173 3538 5240 dignatur,
3572 5168 3664 5224 sed

2078 5243 2292 5333 carnem
2318 5281 2470 5328 vocat
2501 5290 2514 5325 :
2543 5286 2648 5341 quo
2671 5283 2767 5324 nos
2791 5267 2984 5321 docere
3010 5262 3196 5327 voluit,
3224 5277 3283 5317 se
3312 5277 3418 5316 non
3439 5262 3506 5317 de
3533 5273 3670 5318 terra
3702 5243 3722 5316 ξ

2080 5371 2194 5426 huc
2220 5367 2419 5432 dicere,
2443 5363 2539 5419 sed
2578 5362 2648 5418 de
2684 5356 2991 5415 hominibus
3015 5369 3175 5411 carne
3199 5354 3429 5418 amictis,
3460 5363 3514 5408 et
3557 5363 3666 5405 ter-

2079 5459 2338 5517 restrtbus
2364 5454 2592 5528 negotiis
2611 5466 2730 5510 sese
2754 5457 2895 5507 totos
2918 5446 3364 5519 impendentibus.
3397 5450 3508 5500 stos
3527 5444 3663 5498 enim

2143 5647 2218 5707 (al
2250 5639 2598 5695 (nescientium
2619 5637 2690 5688 sic
2713 5633 2974 5699 eleganter
2995 5635 3222 5700 designat
3248 5631 3638 5691 Cbrysostomus.
