4102 6204
283 380 389 433 207

282 491 587 563 προσιέναι.
621 495 682 549 Ol
710 496 820 567 γάρ
849 495 1079 551 τοιοῦτοι
1106 499 1165 551 06
1199 500 1357 570 μόνον
1389 502 1753 573 μαικαρισμῶν
1782 502 1946 570 ἄξιοι,

283 577 419 633 ἀλλὰ
457 579 550 634 καὶ
583 579 692 634 τῶν
733 583 1182 654 σπουδαζομένων
1230 586 1616 652 ἐπιτεύξονται.
1666 589 1776 643 Καὶ
1816 590 1946 661 γάρ,

282 667 830 734 Χορτασθήσονται,
860 670 1015 741 φησὶ,
1055 671 1200 725 τοῦτ’
1237 672 1403 738 ἐστιν,
1435 674 1909 746 ἐμπλησθήσονται
1929 693 1947 709 ο

283 753 661 826 πληρώσουσιν
706 757 884 811 αὑτῶν
926 758 1027 830 τὴν
1066 759 1358 830 ἐπιθυμίαν
1406 764 1508 836 τὴν
1546 765 1944 835 πνευματικήν.

294 840 447 895 Ἐπεὶ
488 836 581 896 οὖν
624 844 862 898 τοιοῦτον
906 844 1102 916 ἔχομεν
1152 848 1459 918 Δεσπότην,
1498 848 1671 913 οὕτως
1720 851 1945 919 ἀγαθὸν,

283 926 428 982 οὓτω
447 928 746 999 φιλότιμον,
771 932 903 1003 φέρε
926 934 1021 987 καὶ
1041 934 1201 1003 ἡμεῖς
1224 935 1311 987 ἐπ’
1330 936 1495 990 αὑτὸν
1516 937 1945 1008 καταφύγωμεν,

284 1014 380 1066 καὶ
400 1012 499 1083 τὴν
524 1014 653 1085 παρ’
679 1016 847 1070 06106
879 1018 1048 1088 ῥοπὴν
1070 1019 1526 1092 ἐπισπασώμεθα,
1551 1022 1641 1078 ἵνα
1670 1024 1762 1076 καὶ
1784 1023 1948 1086 0610;

285 1095 385 1168 τὴν
428 1102 635 1156 οίκείαν
683 1103 1094 1175 φιλανθρωπίαν
1140 1108 1477 1179 μιμούμενος
1526 1110 1738 1182 φωτίσῃ
1785 1109 1948 1182 ἡμῶν

284 1188 377 1240 τόν
403 1187 689 1260 λογισμὸν,
715 1192 853 1263 πρὸς
890 1194 953 1248 10
990 1196 1344 1251 κατοπτεύειν
1378 1198 1486 1253 τῶν
1524 1199 1683 1253 θείων
1715 1199 1946 1272 Γραφῶν

285 1274 383 1345 τὴν
408 1275 635 1348 δύναμιν
652 1294 667 1309 ·
699 1279 794 1334 καὶ
818 1281 977 1351 ὑμεῖς
995 1281 1052 1335 δέ
1086 1283 1224 1353 μετά
1258 1284 1458 1354 πολλῆς
1484 1286 1584 1357 τῆς
1613 1285 1944 1358 προθυμίας,

288 1362 539 1434 καθάπερ
566 1364 855 1431 πεινῶντες
888 1369 982 1421 καὶ
1008 1369 1270 1438 διψῶντες
1288 1410 1305 1437 ,
1335 1370 1479 1424 οὕτω
1517 1373 1618 1442 τὴν
1650 1390 1947 1444 πνευματι-

287 1446 387 1518 κὴν
414 1448 758 1507 διδασκαλίαν
783 1452 1129 1519 ὑποδέξασθε.
1165 1457 1325 1520 Ἴσως
1352 1457 1481 1527 γάρ,
1521 1457 1651 1523 ἴσως
1683 1460 1714 1512 ό
1746 1460 1948 1529 ἀγαθὸς

285 1534 381 1587 καὶ
404 1535 709 1607 εὐμήχανος
735 1540 1033 1610 Δεσπότης,
1064 1542 1168 1596 κᾶν
1202 1545 1364 1614 ἡμεῖς
1394 1545 1630 1609 εὐτελεῖς
1655 1538 1823 1617 ὦμεν,
1854 1548 1947 1602 καὶ

287 1620 515 1691 μηδενὸς
555 1623 712 1692 λόγου
751 1625 913 1691 ἄξιοι,
954 1627 1090 1681 ἀλλὰ
1126 1630 1193 1682 δι’
1234 1631 1378 1699 ὑμᾶς
1415 1632 1508 1683 καὶ
1543 1631 1642 1702 τὴν
1680 1632 1947 1700 ὠφέλειαν

282 1706 381 1775 τὴν
409 1708 678 1781 ὑμετέραν
704 1715 1000 1784 χορηγήσει
1039 1714 1195 1783 λόγον
1224 1718 1356 1786 ἡμῖν
1392 1718 1450 1770 ἐν
1478 1715 1678 1782 ἀνοίξει
1711 1717 1805 1771 τοῦ
1833 1720 1945 1772 στό-

285 1812 452 1864 ματος
474 1800 555 1862 είς
585 1799 743 1864 δόξαν
776 1801 962 1864 06106.
988 1804 1081 1858 καὶ
1110 1806 1190 1867 είς
1217 1804 1502 1875 οίκοδομὴν
1531 1806 1822 1876 ὑμετέραν.
1850 1808 1943 1871 Εἰς

281 1882 382 1952 τὴν
408 1883 612 1938 ἄνωθεν
642 1886 819 1943 τοίνυν
841 1888 999 1959 χάριν
1027 1889 1088 1944 10
1122 1893 1231 1945 πᾶν
1255 1892 1662 1963 ἐπιρῤίψαντες,
1695 1897 1944 1949 κάκεῖνον

283 1970 738 2042 ἐπικαλεσάμενοι
779 1975 871 2027 τὸν
909 1976 1197 2044 σοφίζοντα
1236 1980 1362 2049 τοὺς
1401 1980 1657 2049 τυφλοὺς,
1686 1982 1779 2036 καῖ
1814 1999 1944 2053 τρα-

281 2053 475 2109 νοῦντα
508 2059 605 2121 τὰς
642 2060 889 2128 γλώσσας
917 2062 1025 2116 τῶν
1066 2064 1388 2133 μογιλάλων,
1419 2065 1683 2137 ἁψώμεθα
1708 2070 1799 2121 καὶ
1833 2069 1943 2122 τῶν

283 2146 609 2233 προσφάτως
629 2160 652 2187 α
678 2148 1122 2221 ἀνεγνωσμένων,
1150 2154 1214 2206 ἵν’
1232 2154 1376 2226 άπερ
1390 2155 1457 2209 ἂν
1480 2157 1638 2221 αὐτὸς
1658 2161 1944 2233 χορηγήσῃ

281 2229 380 2300 τὴν
408 2231 615 2286 οίκείαν
650 2234 1058 2306 φιλανθρωπίαν
1101 2240 1457 2311 μιμούμενος,
1487 2242 1657 2297 ταῦτα
1688 2229 1944 2314 παραθῶξ

285 2318 480 2402 μεντῇ
515 2316 755 2391 ὑμετέρᾳ
788 2321 997 2393 ἀγάπῃ.
1057 2324 1217 2378 Ἀλλὰ
1258 2327 1567 2381 συντείνατέ
1609 2345 1719 2399 μοι,
1768 2348 1944 2402 παραυ

280 2399 451 2485 καλῶ,
476 2402 574 2473 τὴν
594 2402 831 2459 διάνοιαν
850 2447 867 2472 ,
896 2409 991 2461 καὶ
1020 2409 1158 2479 μετὰ
1188 2412 1473 2483 ἀκριϐείας
1508 2416 1802 2485 προσέχετε
1833 2399 1944 2481 τοῖς

281 2484 611 2558 λεγομένοις,
648 2491 824 2546 πάντα
870 2492 1121 2563 βιωτικὺν
1166 2497 1423 2570 λογισμὸν
1458 2484 1665 2555 ἑαυτῶν
1702 2484 1944 2573 άποστή-

282 2592 505 2640 σαντες,
554 2578 639 2632 ἴνα
669 2579 920 2652 καθάπερ
948 2584 1029 2647 είς
1066 2584 1298 2657 λιπαρὰν
1330 2588 1424 2641 καὶ
1470 2589 1748 2659 βαθύγεων
1781 2592 1944 2664 ἄρου-

284 2678 415 2732 ραν,
445 2664 554 2718 τῶν
594 2665 830 2735 βοτανῶν
865 2669 957 2722 καὶ
994 2670 1103 2723 τῶν
1144 2674 1394 2729 ἀκανθῶν
1425 2677 1941 2751 ἐκκεκαθαρμένων,

282 2748 424 2803 οὕτω
449 2751 540 2803 10v
577 2754 941 2824 πνευματικὸν
971 2757 1169 2829 σπόρον
1194 2761 1604 2832 καταϐάλωμεν.
1639 2748 1826 2822 Αῦεαι
1851 2768 1940 2833 δὲ,

283 2839 468 2908 φησὶν.
502 2843 562 2893 al
587 2841 854 2910 γενέσεις
886 2844 1032 2899 Νῶε*
1062 2847 1190 2901 Νῶε
1226 2848 1534 2917 ἅνθρωπος
1563 2852 1811 2921 δίκαιος,
1847 2856 1941 2910 τέ-

283 2928 444 2993 λειος
466 2928 537 2981 ἐν
568 2929 643 2998 τῇ
672 2929 847 3000 γενεᾷ
870 2933 1078 2988 αὐτοῦ’
1113 2935 1192 3001 τῷ
1223 2934 1345 3001 Θεῷ
1382 2940 1753 3007 εὺηρέστησε
1791 2941 1938 2997 Νῶε.

286 3013 446 3099 ’Ἄχρι
477 3016 665 3071 τούτου
698 3019 853 3083 τέλος
886 3020 1011 3091 ἔσχε
1050 3022 1118 3076 τά
1156 3023 1256 3094 τῆς
1286 3023 1633 3091 διδασκαλίας
1670 3027 1796 3099 χθές
1820 3046 1833 3059 ο
1863 3030 1944 3084 διὸ

281 3098 388 3171 χρὴ
419 3102 487 3156 τά
512 3103 809 3176 λειπόμενα
836 3108 915 3171 είς
946 3109 1108 3179 μέσον
1148 3111 1447 3181 προθεῖναι.
1496 3098 1814 3183 Ἐγέννησε
1850 3117 1941 3180 δὲ,

281 3189 437 3258 φησὶ,
457 3189 584 3243 Νῶε
605 3193 762 3259 τρεῖς
783 3194 974 3261 υίοὺς,
1001 3195 1104 3249 τὸν
1121 3196 1272 3266 Σὴμ,
1294 3198 1401 3251 τὸν
1428 3201 1574 3269 Χὰμ,
1597 3202 1702 3255 τὸν
1731 3201 1937 3273 Ἰάφεθ.

281 3273 391 3343 Οὑχ
416 3274 602 3340 ἁπλῶς
632 3280 764 3349 ήμῖν
802 3281 834 3350 ἡ
868 3280 990 3335 θεία
1019 3282 1207 3354 Γραφὴ
1234 3285 1328 3337 καὶ
1370 3284 1461 3339 τὸν
1491 3287 1679 3358 καιρὸν
1719 3294 1811 3344 καὶ
1850 3292 1943 3347 τὸν

279 3362 511 3435 ἀριθμὸν
556 3368 939 3441 ἐπεσημήνατο
974 3372 1082 3425 τῶν
1129 3374 1332 3428 παίδων
1376 3376 1469 3429 τοῦ
1518 3378 1763 3446 δικαίου,
1808 3384 1942 3440 ἀλλὰ

280 3449 376 3540 καὶ
394 3451 641 3540 ἐντεῦθεν
670 3457 804 3525 ήμίν
832 3456 1202 3522 λανθανόντως
1226 3461 1615 3532 παραδηλῶσαι
1644 3467 1939 3540 βουλομένη

279 3536 379 3626 τῆς
407 3537 606 3626 πολλῆς
632 3541 794 3594 αὑτοῦ
819 3544 1019 3613 ἀρετῆς
1042 3545 1141 3610 τὴν
1166 3546 1489 3616 ὑπερϐολήν.
1527 3536 1816 3622 Ἀνωτέρω
1833 3536 1943 3626 γάρ

279 3624 529 3687 είποῦσα,
547 3626 629 3679 ὅτι
648 3626 776 3681 Νῶε
800 3628 880 3696 ἦν
906 3628 1058 3682 ἐτῶν
1072 3635 1504 3697 πεντακοσίων,
1521 3636 1641 3690 τότε
1671 3624 1938 3709 ἐπήγαγε,

280 3711 388 3799 καί
410 3711 703 3781 ἐγέννησε
736 3715 885 3782 τρεῖς
906 3717 1095 3781 υἱούς·
1113 3718 1437 3773 διδάσκουσα
1453 3723 1602 3792 ἡμᾶς
1616 3725 1716 3795 τῆς
1741 3727 1943 3799 ἐγκρα-

278 3798 430 3863 τείας
452 3800 619 3853 06106
636 3801 696 3853 10
715 3802 998 3873 ὑπεράγαν
1028 3803 1276 3874 μέγεθος,
1313 3807 1407 3861 καὶ
1433 3809 1516 3861 ὅτι
1546 3809 1695 3884 [218]
1728 3798 1941 3870 πάντων

276 3886 387 3939 τῶν
422 3887 546 3941 τότε
578 3887 747 3941 ὄντων
774 3889 1077 3959 ἀνθρώπων
1112 3893 1348 3967 τοσαύτῃ
1391 3897 1629 3970 ἀκρασίᾳ
1670 3904 1941 3974 κεχρημέο

282 3990 409 4039 νων,
442 3974 537 4027 καὶ
566 3975 766 4046 πολλὴν
793 3976 888 4048 τὴν
924 3978 1178 4047 λαγνείαν
1209 3982 1687 4056 ἐπιδεικνυμένων,
1717 3990 1808 4043 καὶ
1835 3992 1939 4046 πά-

281 4076 403 4150 σης,
435 4059 511 4125 ὡς
541 4063 714 4150 εἰπεῖν
733 4101 748 4126 ,
779 4064 877 4134 τῆς
907 4065 1121 4133 ἡλικίας
1151 4067 1245 4120 ἐπὶ
1276 4067 1372 4139 τὴν
1410 4072 1606 4126 κακίαν
1639 4076 1940 4150 αὐτομολη-

280 4148 453 4233 σάσης
472 4165 486 4179 ·
514 4149 743 4203 ἀκούετε
771 4150 880 4223 γὰρ
909 4153 1006 4223 τῆς
1031 4153 1182 4219 θείας
1210 4156 1432 4228 Γραφῆς
1461 4159 1747 4233 λέγουσης,
1783 4148 1941 4220 Ἰδὼν

275 4232 345 4288 δὲ
362 4236 578 4303 Κύριος
595 4235 685 4291 ὅτι
703 4237 1175 4308 ἐπληθύνθησαν
1188 4246 1249 4297 αὶ
1263 4247 1463 4298 κακίαι
1482 4247 1596 4302 τῶν
1617 4250 1940 4319 ἀνθρώπων

274 4322 371 4375 ἐπὶ
400 4321 509 4392 τῆς
538 4322 673 4393 γῆς,
703 4326 800 4379 καί
829 4325 947 4393 πᾶς
975 4344 1066 4394 τις
1092 4327 1406 4385 διανοεῖται
1443 4334 1515 4387 τὰ
1546 4337 1780 4405 πονηρὰ
1813 4342 1939 4394 6.11-

274 4408 471 4478 μελῶς
498 4409 568 4463 ἐν
592 4408 667 4478 τῇ
699 4411 908 4481 καρδίᾳ
950 4416 1138 4469 αὑτοῦ
1177 4417 1246 4470 ἐκ
1274 4421 1583 4487 νεότητος,
1620 4428 1713 4478 καὶ
1754 4429 1939 4498 σαφῶς

280 4500 410 4568 ἡμῖν
438 4500 808 4589 δεικνυούσης,
842 4503 924 4556 δτι
954 4505 1047 4557 καὶ
1075 4505 1184 4558 νέοι
1222 4507 1415 4561 ἐνίκων
1440 4512 1564 4575 τοὺς
1603 4515 1940 4589 προϐεϐηκό.

278 4601 394 4648 τας,
430 4588 522 4640 καὶ
559 4588 608 4641 οί
644 4587 894 4659 γέροντες
928 4590 1037 4643 τῶν
1069 4591 1203 4645 νέων
1236 4593 1335 4647 οὑκ
1381 4594 1598 4651 ἔλαττον
1634 4587 1935 4674 ἐμάνησαν,

277 4672 480 4760 καῖὸτι
505 4674 598 4760 καὶ
630 4675 768 4747 αὑτὴ
802 4677 836 4747 ἡ
868 4676 1233 4749 άπειρόκακος
1256 4680 1439 4752 ἡλικία
1461 4686 1596 4757 πρὸς
1618 4689 1716 4760 τὴν
1738 4672 1936 4749 κακίαν

277 4759 475 4829 πολλὴν
500 4757 613 4830 εἶχε
642 4762 740 4833 τὴν
774 4764 966 4834 ῥοπήν.

349 4846 411 4914 β’.
447 4845 561 4901 Ἵνα
574 4849 749 4902 τοίνυν
781 4851 1062 4920 μάθωμεν,
1078 4856 1224 4919 ὅπως
1245 4857 1447 4914 τούτων
1462 4861 1717 4919 ἁπάντων
1740 4869 1935 4939 πολλὴν

274 4934 375 5022 τὴν
413 4931 612 5022 λύσσαν
647 4937 741 4989 καὶ
782 4938 881 5009 τὴν
926 4941 1120 5010 μανίαν
1157 4945 1634 5019 ἐπιδεικνυμένων,
1677 4954 1706 5006 0
1733 4931 1936 5022 δίκαιος

274 5013 428 5114 οὑτος
453 5020 649 5114 ἔμεινε.
665 5024 823 5091 μόνος
853 5025 1073 5114 τδνήτῆς
1105 5013 1459 5103 σωφροσύνης
1489 5013 1652 5090 ἆθλον
1677 5041 1815 5107 μετὰ
1837 5013 1935 5114 τῆς

274 5106 442 5176 άλλης
488 5107 691 5176 αρετῆς
727 5111 1035 5182 κατορθῶν,
1087 5115 1280 5187 μέχρις
1315 5118 1406 5171 ὅτε
1450 5122 1530 5184 είς
1566 5123 1627 5177 10
1669 5106 1935 5185 πεντακοέ

277 5194 487 5250 σιοστδν
513 5195 631 5258 ἔτος
652 5195 874 5265 ἔφθασε.
903 5200 1059 5255 Μετὰ
1080 5202 1142 5255 10
1167 5206 1340 5259 εἰπεῖν
1358 5204 1484 5279 γάρ,
1505 5204 1615 5264 *Ην
1636 5211 1766 5269 Νῶε
1786 5216 1937 5273 ἐτῶν

272 5283 728 5374 πεντακρσίων,
750 5285 871 5338 τότε
920 5290 1052 5359 φησὶ
1070 5331 1086 5354 ,
1121 5291 1231 5345 Καί
1271 5292 1563 5363 ἐγέννησε
1612 5302 1741 5355 Νῶε
1781 5307 1937 5374 τρεῖς

271 5371 460 5435 υἱούς.
496 5363 672 5432 Εἶδες,
706 5371 976 5444 άγαπητέ,
1002 5375 1097 5429 106
1124 5376 1333 5433 δικαίου
1368 5381 1466 5454 τὴν
1492 5363 1934 5457 ὑπερϐαλλούσαὺ

273 5457 635 5551 ἐγκράτειαν
667 5459 759 5531 Μὴ
801 5459 910 5551 γὰρ
937 5460 1012 5551 δὴ
1048 5464 1232 5529 ἁπλῶς
1281 5467 1419 5522 αὐτὰ
1464 5474 1931 5551 παραδράμωμεν,

271 5544 408 5636 ἀλλὰ
440 5546 537 5636 καὶ
577 5544 678 5636 τὸν.
697 5545 886 5636 καιρὸν
931 5548 1282 5636 ἐννοήσαντες
1315 5557 1541 5623 ἐκεῖνον,
1580 5544 1674 5615 καῖ
1711 5544 1933 5636 τὴν-και

272 5631 396 5725 κξᾳν
412 5630 525 5725 ’τὴν
550 5630 698 5725 κατά
723 5632 922 5725 παντὸς
944 5633 1168 5725 τοῦ-τῶν
1195 5639 1496 5711 ἀνθρώπων
1516 5646 1703 5715 γένους
1726 5630 1814 5705 διὰ
1837 5654 1935 5725 τὴν

270 5716 473 5811 πολλὴν
496 5717 771 5811 ρᾳθυμίαν
795 5720 1246 5811 ἐπιπολάζουσαν,
1273 5730 1636 5802 σκοπήσωμεν
1664 5736 1838 5810 πόσης
1866 5716 1934 5811 ἦν

270 5804 469 5875 ἀρετῆς
504 5805 600 5860 καὶ
625 5805 871 5876 φιλοθέου
899 5808 1143 5882 γνώμης,
1184 5813 1240 5867 ἐν
1270 5816 1508 5889 τοσούτῳ
1543 5823 1704 5893 μήκει
1737 5804 1929 5898 χρόνου

333 5982 353 6007 ⁸
387 5984 536 6038 Savil.
570 5994 624 6041 et
652 5990 847 6055 quidam
868 6003 982 6044 mss.
1008 5992 1305 6059 πρόσφατον.

1426 383 1491 438 IN
1521 384 1674 441 CAP.
1721 384 1785 441 νι
1820 383 2062 440 GENES.
2106 383 2338 441 “OMIL.
2377 387 2563 443 XXIV.

2047 506 2143 573 τῆς
2191 505 2484 575 ἐπιθυμίας
2530 506 2628 577 τὴν
2669 506 2865 560 λύτταν
2896 505 3211 576 χαλινῶσαι,
3266 502 3360 557 καὶ
3390 503 3712 569 άπεναντίας

2046 595 2158 656 τοῖς
2180 592 2357 657 ἄλλοις
2384 592 2587 646 ἅπασιν
2619 592 2812 656 ἐλθεῖν,
2846 593 2941 646 καὶ
2973 591 3047 662 μὴ
3073 590 3233 661 μόνον
3256 589 3356 661 τῆς
3396 590 3711 661 παρανόμου

2050 679 2248 750 μίξεως
2277 678 2631 749 ἀποσχέσθαι,
2657 679 2792 733 ἀλλὰ
2818 679 2911 732 καὶ
2933 679 3031 749 τῆς
3058 678 3471 749 νενομισμένης,
3500 677 3594 730 καὶ
3617 678 3716 748 τῆς

2046 768 2152 834 ἔξω
2198 767 2569 838 τυγχανούσης
2613 767 2996 839 ἐγκλημάτων.
3042 766 3152 821 Καὶ
3197 765 3511 834 ἐγέννησε,
3554 765 3710 835 φησι,

2045 855 2173 911 Νῶε
2208 855 2364 923 τρεῖς
2413 856 2584 921 υίοὺς
2631 855 2738 910 τὸν
2791 855 2938 923 Σὴμ,
2981 852 3088 907 τὸν
3133 854 3280 920 Χὰμ,
3321 851 3428 905 τὸν
3492 851 3709 921 Ἰάςρεθ.

2055 942 2316 1011 Ἐερθάρη
2345 942 2414 995 δὲ
2436 944 2474 1009 ἡ
2502 941 2577 1011 γῆ
2598 942 2878 996 ἐναντίον
2903 941 3010 995 τοῦ
3038 940 3207 1002 Θεοῦ,
3240 938 3336 993 καί
3366 938 3645 1005 ἐπλήσθη
3673 940 3713 1006 ἡ

2046 1027 2121 1097 τῆ
2144 1029 2399 1096 ἀδικίας.
2443 1030 2598 1101 Ἐμοὶ
2627 1029 2775 1083 δοκεῖ
2793 1033 2858 1100 τῇ
2893 1029 2984 1083 τοῦ
3013 1028 3148 1082 Θεοῦ
3185 1026 3467 1096 οἰκονομίᾳ
3505 1025 3713 1096 ὑπηρε-

2044 1116 2302 1187 τούμενον
2334 1116 2425 1171 10v
2450 1118 2654 1171 δίκαιον
2678 1117 2868 1171 τοῦτον
2893 1117 2989 1170 καὶ
3013 1115 3108 1169 νῦν
3132 1115 3230 1183 τῆς
3262 1112 3459 1185 μίξεως
3485 1112 3715 1181 ἀνασχέ-

2048 1206 2190 1267 σθαι,
2217 1205 2309 1258 καὶ
2336 1205 2464 1268 τοὺς
2495 1205 2685 1267 παῖδας
2716 1202 2939 1267 τούτους
2964 1201 3127 1272 ἔχειν.
3170 1200 3387 1270 Ἐπειδὴ
3409 1198 3518 1270 γὰρ
3543 1198 3631 1253 διὰ
3654 1196 3715 1250 10
3740 1232 3745 1237 ρ
3774 1256 3785 1263 ,

2046 1293 2147 1364 τῆς
2184 1294 2381 1358 κακίας
2429 1294 2656 1365 μέγεθος
2687 1295 2780 1348 καὶ
2824 1293 2922 1364 τὴν
2970 1291 3411 1364 ὑπερϐάλλουσαν
3449 1291 3711 1362 πονηρίαν

2047 1383 2388 1456 πανωλεθρία
2422 1384 2612 1454 ἔμελλε
2647 1384 2743 1454 τὴν
2769 1385 3093 1455 οἰκουμένην
3131 1382 3560 1453 καταλήψεσθαι.
3597 1384 3624 1435 ό
3656 1381 3712 1437 δέ

2046 1471 2425 1542 φιλάνθρωπος
2453 1472 2585 1536 Θεὸς
2610 1471 2861 1543 καθάπερ
2895 1472 3049 1543 ῥίζαν
3072 1471 3194 1524 τινὰ
3227 1471 3320 1523 καί⁵
3349 1468 3526 1540 ζύμην
3553 1469 3708 1522 ἐϐού-

2045 1561 2167 1614 λετο
2194 1560 2284 1614 τὸν
2315 1560 2521 1613 δίκαιον
2560 1561 2897 1625 καταλιπεῖν,
2928 1561 3017 1614 ῐνα
3055 1559 3279 1629 ἀπαρχὴ
3310 1558 3530 1628 γένηται
3576 1554 3711 1626 μετὰ

2043 1647 2137 1701 10v
2169 1647 2393 1701 ἐκείνων
2421 1648 2729 1718 ἀφανισμὸν
2754 1648 2866 1702 τῶν
2895 1647 3031 1717 μετὰ
3058 1646 3231 1700 ταῦτα
3264 1638 3565 1715 μελλόντων
3591 1642 3711 1695 ἐσε-

2046 1734 2167 1788 σθαι
2188 1750 2205 1767 ’
2239 1733 2442 1804 ταύτης
2470 1734 2656 1788 ἕνεκεν
2683 1735 2781 1804 τῆς
2826 1734 3035 1799 αίτίας,
3072 1734 3209 1804 μετὰ
3251 1732 3582 1785 πεντακόσια
3617 1730 3710 1800 ἔτη

2043 1821 2263 1885 τούτους
2292 1822 2419 1885 τοὺς
2439 1825 2587 1893 τρεῖς
2619 1823 2812 1886 παῖδας
2844 1821 3113 1893 ἐσχηκὼς,
3143 1821 3303 1890 μέχρι
3329 1819 3534 1873 τούτων
3561 1818 3712 1871 ἵσταο

2043 1923 2153 1966 ται,
2183 1905 2396 1967 δεικνὺς
2415 1905 2482 1959 δι’
2506 1905 2686 1959 αὐτῶν
2712 1906 2823 1959 τῶν
2858 1907 3215 1977 πραγμάτων,
3239 1907 3319 1958 ὅτι
3345 1906 3412 1973 τῇ
3445 1899 3727 1972 μελλούσῃ·

2044 1987 2193 2059 παρά
2219 1986 2312 2041 τοῦ
2337 1985 2472 2040 Θεοῦ
2498 1986 2875 2058 φιλανθρωπίᾳ
2896 1989 2976 2051 είς
3002 1989 3064 2040 10
3089 1986 3196 2039 τῶν
3226 1985 3529 2055 ἀνθρώπων
3555 1982 3713 2051 γένος

2044 2070 2259 2123 ἔσεσθαι
2284 2069 2724 2140 ὑπηρετούμενος
2750 2068 2908 2122 τοῦτο
2932 2070 3219 2139 πεποίηκε.
3248 2069 3359 2121 Καὶ
3390 2068 3478 2121 ἵνα
3506 2064 3704 2136 μάθῃς,

2041 2149 2124 2202 ὅτι
2153 2149 2250 2218 οὑχ
2275 2146 2463 2211 ἁπλῶς
2496 2147 2799 2218 στοχασμός
2824 2148 2939 2200 ἐστι
2968 2149 3123 2203 ταυτὶ
3149 2146 3220 2200 τὰ
3247 2147 3486 2218 ῥήματα,
3519 2143 3715 2197 σκόπει

2044 2229 2143 2297 τῆς
2169 2228 2393 2298 Γραφῆς
2418 2228 2518 2300 τὴν
2542 2228 2846 2297 ἀκρίϐειαν.
2885 2227 3104 2297 Ἐπειδὴ
3133 2227 3240 2298 γάρ
3266 2222 3408 2291 εἷπε,
3440 2227 3522 2279 ὅτι
3554 2224 3715 2292 ἔσχεν

2044 2308 2073 2359 ὑ
2101 2306 2305 2370 δίκαιος
2333 2308 2458 2369 τοὺς
2488 2310 2634 2377 τρεῖς
2664 2310 2833 2370 υἱοὺς,
2863 2308 3065 2372 εὐθέως
3101 2308 3408 2377 ἐπήγαγεν·
3457 2301 3711 2372 Ὲφθίίρη

2044 2384 2111 2439 δὲ
2134 2386 2173 2452 ἡ
2203 2384 2281 2455 γῆ
2308 2384 2588 2441 ἐναντίον
2616 2386 2723 2440 τοῦ
2752 2388 2932 2447 Θεοῦ,
2965 2389 3062 2441 καί
3096 2386 3373 2453 ἐπλήσθη
3405 2386 3442 2452 ή
3475 2383 3552 2455 γῆ
3581 2384 3710 2439 d01-

2044 2466 2196 2531 κίας.
2235 2462 2384 2528 Εἶδες
2409 2467 2501 2520 ἐπὶ
2533 2467 2633 2536 τῆς
2661 2468 2833 2537 αὐτῆς
2867 2469 3080 2537 φύσεως
3126 2467 3326 2536 πολλὴν
3367 2468 3462 2520 καὶ
3503 2467 3711 2531 ἄφατον

2043 2546 2140 2615 τὴν
2159 2546 2420 2615 διαφοράν
2440 2564 2455 2611 ;
2494 2546 2617 2600 Ἐπὶ
2643 2547 2743 2618 μέν
2765 2548 2875 2619 γὰρ
2891 2547 2981 2601 106
3003 2547 3212 2601 δικαίου
3237 2547 3420 2612 ἔλεγεν
3444 2547 3476 2616 ή
3497 2542 3707 2614 Γραφὴ.

2043 2624 2171 2679 Νῶε
2203 2625 2509 2691 ἄνθρωπος
2540 2624 2790 2691 δίκαιος,
2827 2627 3052 2692 τέλειος
3078 2627 3147 2680 ἐν
3175 2624 3248 2693 τῇ
3275 2620 3451 2692 γενεᾷ
3487 2621 3673 2675 αὑτοῦ
3694 2637 3706 2650 ο

2044 2704 2135 2757 ἐπὶ
2164 2704 2220 2756 δὲ
2250 2704 2356 2757 τῶν
2385 2703 2586 2758 λοιπῶν
2617 2705 2872 2759 ἁπάντων
2906 2706 3099 2775 φησὶν,
3156 2705 3408 2774 Ἐφθίίρη
3454 2700 3521 2755 δὲ
3554 2703 3592 2768 ἡ
3636 2697 3710 2767 γῆ

2042 2783 2319 2835 ἐναντίον
2342 2785 2447 2836 τοῦ
2484 2783 2654 2841 Θεοῦ,
2690 2784 2786 2837 καί
2822 2783 3103 2851 ἐπλήσθη
3140 2783 3178 2849 ἡ
3215 2782 3291 2851 γῆ
3333 2782 3585 2845 dam/“Co
3621 2777 3714 2847 Τῷ

2041 2862 2260 2931 ὀνόματι
2302 2862 2403 2929 τῆς
2448 2861 2552 2930 γῆς
2597 2862 2657 2915 10
2704 2862 2811 2915 τῶν
2866 2861 3164 2935 ἀνθρώπων
3197 2860 3399 2929 πλῆθος
3434 2857 3707 2927 ὀνομάζει.

2055 2937 2269 3009 Ἐπειδὴ
2295 2940 2404 3012 γὰρ
2430 2941 2604 2993 πᾶσαι
2632 2940 2812 2994 αὑτῶν
2833 2943 2888 2994 σί
2920 2941 3146 3009 πράξεις
3173 2942 3356 3009 γήϊναι
3392 2938 3708 3007 ἐτύγχανον,

2040 3018 2129 3074 διὰ
2172 3018 2330 3072 τοῦτο
2376 3018 2449 3088 τῷ
2506 3018 2599 3089 τῆς
2636 3019 2740 3088 γῆς
2790 3019 3012 3089 ὀνόματι
3066 3019 3167 3088 τὴν
3211 3018 3485 3072 εὐτέλειαν
3532 3013 3713 3068 αὑτῶν

2042 3097 2317 3167 ἐμφαίνει,
2349 3097 2444 3151 καὶ
2463 3097 2568 3166 τῆς
2596 3098 2795 3162 κακίας
2821 3099 2919 3169 τὴν
2948 3097 3277 3168 ὑπερϐολήν.
3306 3095 3574 3164 Καθάπερ
3601 3094 3712 3164 γάρ

2041 3177 2135 3230 ἐπὶ
2162 3176 2256 3230 τοῦ
2299 3176 2758 3247 πρωτοπλάστου,
2808 3177 2945 3246 μετὰ
2988 3177 3088 3246 τὴν
3118 3175 3430 3246 παράϐασιν
3475 3173 3570 3228 καί
3612 3173 3712 3242 τὴν

2042 3253 2329 3322 ἀφαίρεσιν
2362 3253 2463 3322 τῆς
2483 3254 2641 3323 δόξης
2663 3256 2763 3321 τῆς
2781 3255 3046 3325 πρότερον
3075 3253 3532 3325 περιστελλούσης
3561 3250 3710 3322 1219]

2042 3332 2223 3392 αὐτὸν,
2246 3330 2322 3401 τῷ
2346 3331 2603 3402 ἐπιτιμίῳ
2628 3333 2719 3385 106
2755 3332 2983 3387 θανάτου
3010 3331 3172 3386 αὑτὸν
3198 3330 3499 3399 ὑπαγαγὼν
3532 3329 3709 3395 ἔλεγε,

2042 3408 2133 3475 Γῆ
2159 3406 2240 3469 εί,
2275 3409 2371 3463 καί
2405 3413 2492 3473 είς
2528 3409 2643 3477 γῆν
2675 3411 2988 3475 ἀπελεύσῃ
3010 3426 3024 3440 ·
3067 3409 3209 3462 οὑτω
3236 3410 3300 3478 δὴ
3333 3409 3426 3461 καὶ
3454 3407 3708 3469 ἐνταῦθα,

2044 3487 2226 3556 ἐπειδὴ
2252 3483 2319 3555 ἦν
2346 3486 2513 3556 πολλὴ
2532 3485 2641 3539 τῶν
2664 3486 2847 3538 κακῶν
2878 3489 2911 3557 ή
2938 3487 3207 3549 ἐπίτασις,
3234 3491 3418 3556 φησὶν,
3458 3483 3710 3551 Ὲφθάρη

2043 3564 2111 3615 δὲ
2143 3565 2181 3631 ἡ
2217 3562 2315 3632 τῆ.
2343 3564 2451 3617 Καὶ
2481 3564 2578 3631 οὑχ
2601 3563 2784 3627 ἁπλῶς
2814 3560 2986 3627 εἶπεν,
3019 3564 3279 3632 ἐφθὰρη
3307 3563 3376 3617 δὲ
3402 3566 3441 3631 ἡ
3470 3562 3567 3631 γῆ,
3594 3563 3709 3615 ἀλλ’

2056 3643 2368 3695 Ἐναντίον
2394 3640 2501 3694 τοῦ
2535 3640 2704 3701 Θεοῦ,
2737 3641 2835 3694 καί
2860 3640 3141 3709 ἐπλήσθη
3167 3644 3205 3708 η
3232 3640 3309 3709 γῆ
3338 3642 3592 3706 ἀδικίας.
3620 3641 3710 3711 Τῷ

2044 3722 2238 3777 εἰπεῖν.
2290 3718 2547 3788 Ἐςρθιίρη
2569 3759 2583 3781 ,
2622 3723 2802 3774 πᾶσαν
2840 3720 2937 3790 τὴν
2975 3720 3173 3774 κακίαν
3209 3721 3388 3774 αὑτῶν
3430 3722 3706 3789 ἐνέφηνεν.

2042 3799 2177 3853 Οὑδέ
2217 3797 2327 3868 γάρ
2367 3796 2515 3851 ἐστιν
2559 3800 2765 3859 εἰπεῖν,
2798 3800 2879 3852 ὅτι
2927 3799 3009 3851 ἐνὶ
3054 3799 3146 3852 καὶ
3186 3797 3281 3853 δύο
3321 3800 3711 3870 ἁμαρτήμασιν

2043 3876 2378 3939 ὑπευθύνους
2408 3879 2629 3941 ἑαυτοὺς
2655 3878 3023 3946 κατέστησαν,
3053 3876 3188 3930 ἀλλὰ
3219 3878 3397 3941 πάσας
3422 3878 3518 3940 τὰς
3541 3894 3712 3949 παρα-

2041 3956 2232 4026 νομίας
2259 3954 2396 4025 μετὰ
2425 3954 2627 4022 πολλῆς
2650 3956 2746 4023 τῆς
2771 3955 3051 4023 δαψιλείας
3073 3955 3461 4027 διεπράττοντο
3478 3973 3490 3986 ·
3517 3956 3595 4010 διὸ
3617 3958 3711 4009 καὶ

2040 4037 2307 4106 ἐπήγαγε,
2335 4033 2441 4088 Καὶ
2465 4034 2742 4100 ἐπλήσθη
2769 4035 2807 4100 ἡ
2830 4033 2903 4102 γῆ
2927 4032 3180 4100 ἀδικίας.
3211 4035 3322 4104 Οὑχ
3343 4033 3551 4097 ἁπλῶς.
3574 4034 3700 4087 οὑδέ

2039 4120 2114 4181 ὡς
2144 4119 2299 4189 ἔτυχε
2329 4118 2427 4189 τὴν
2480 4119 2679 4171 κακίαν
2717 4118 3059 4187 ἐπετήδευον,
3105 4116 3218 4171 ἀλλ’
3251 4117 3489 4189 ἑκάστην
3530 4118 3709 4187 ἀμαρ-

2038 4196 2157 4250 τίαν
2193 4196 2329 4267 μετὰ
2358 4195 2557 4266 πολλῆς
2586 4197 2683 4267 τῆς
2711 4197 3012 4259 ἐπιτάσεως
3040 4197 3432 4250 ἐπεδείκνυντο.
3462 4196 3573 4250 Καὶ
3605 4196 3708 4265 ὅρα

2040 4277 2156 4342 πῶς
2177 4277 2361 4332 λοιπὸν
2386 4277 2505 4331 οὐδὲ
2530 4278 2749 4348 μνήμης
2774 4277 2971 4341 αὐτοὺς
2994 4278 3152 4349 ψιλῆς
3174 4277 3405 4344 ἀξιῶσαι
3428 4279 3703 4355 ἀνέχεται,

2039 4356 2172 4410 ἀλλὰ
2203 4355 2281 4426 τῷ
2325 4356 2424 4425 τῆς
2461 4355 2566 4425 γῆς
2595 4356 2816 4426 ὀνόματι
2858 4357 3056 4420 06106;
3088 4358 3276 4417 καλεῖ,
3316 4356 3573 4411 δεικνῦσα
3611 4356 3708 4409 καὶ

2037 4435 2134 4504 τῆς
2159 4434 2356 4497 κακίας
2374 4432 2472 4504 τὴν
2503 4433 2828 4505 ὑπερϐολὴν,
2852 4436 2946 4489 καὶ⁸
2977 4436 3077 4505 τῆς
3104 4436 3198 4490 τοῦ
3226 4434 3362 4490 Θεοῦ
3394 4437 3707 4506 ἀγανακτήο

2041 4528 2176 4575 σεως
2203 4513 2263 4565 τὸ
2303 4512 2546 4582 μέγεθος.
2601 4513 2860 4581 Ἐφθάρη
2898 4513 2967 4567 δὲ
3004 4517 3041 4582 ἡ
3079 4513 3176 4583 γῆ,
3205 4516 3368 4585 φησὶν
3391 4554 3404 4574 ,
3432 4515 3708 4568 ἐναντίον

2039 4591 2145 4645 τοῦ
2180 4592 2349 4655 Θεοῦ,
2383 4590 2526 4644 τοῦτ’
2559 4591 2726 4655 ἔστιν,
2766 4593 3092 4656 ἁπεναντίας
3117 4596 3226 4659 τοῖς
3254 4593 3349 4646 τοῦ
3371 4594 3506 4646 Θεοῦ
3539 4610 3706 4663 προσ-

2037 4670 2315 4740 τάγμασιν
2377 4670 2594 4723 άπαντα
2663 4670 3046 4742 διεπράττοντο
3066 4711 3081 4733 ,
3129 4671 3562 4724 καταπατοῦντες
3609 4671 3703 4725 106

2038 4748 2170 4802 Θεοῦ
2194 4747 2292 4813 τὰς
2317 4748 2556 4812 ἐντολάς,
2588 4750 2682 4802 καὶ
2720 4749 2812 4803 τὸν
2850 4750 2908 4802 ἐν
2941 4754 3006 4821 τῇ
3043 4750 3203 4819 φύσει
3236 4750 3483 4819 κείμενον
3517 4751 3580 4818 τῇ
3611 4750 3706 4802 ἁν-

2038 4827 2065 4880 θ
2075 4826 2283 4900 ρωπίνῃ
2313 4825 2630 4879 διδάσκαλον
2657 4826 2743 4881 διά
2766 4827 2867 4896 τῆς
2887 4829 3093 4891 οἰκείας
3126 4826 3399 4899 ῥᾳθυμίας
3434 4827 3703 4897 προδεδω-

2037 4906 2212 4968 κότες.
2270 4904 2380 4958 Καὶ
2432 4903 2733 4972 ἐπλήσθη,
2788 4906 2980 4975 φησὶν,
3041 4908 3077 4971 ἠ
3115 4902 3188 4974 γῆ
3220 4904 3475 4972 ἀδικίας.
3531 4901 3702 4968 Εἶδες,

2036 4985 2307 5054 ἁγαπητέ,
2344 4985 2467 5037 ὅσον
2489 4985 2657 5038 κακὸν
2689 4986 2951 5055 ἁμαρτία,
2973 4986 3089 5050 πῶς
3106 4987 3199 5039 καὶ
3215 4986 3385 5057 αὑτῆς
3414 4987 3509 5055 τῆς
3540 5002 3703 5053 προσ-

2036 5064 2282 5135 ηγορίας,
2336 5064 2428 5116 καὶ
2467 5062 2562 5115 τοῦ
2601 5063 2922 5135 ἀνθρώπους
2962 5065 3319 5135 ὀνομάζεσθαι
3356 5064 3547 5117 λοιπὸν
3581 5066 3705 5116 ἀνα-

2037 5141 2182 5207 ξίους
2223 5140 2624 5213 άπεργάζεταις
2672 5143 2868 5196 Ἀκουε
2914 5143 3071 5196 πάλιν
3114 5144 3207 5196 καὶ
3252 5143 3357 5196 τῶν
3406 5143 3550 5212 ἑξῆς·
3592 5141 3702 5195 Καὶ

2038 5217 2159 5273 εἶδε
2185 5218 2400 5286 Κύριος
2431 5223 2463 5274 ό
2501 5220 2645 5286 Θεὸς
2673 5220 2787 5288 τὴν
2811 5220 2947 5290 γῆν.
2977 5222 3073 5274 καί
3113 5217 3191 5292 ἦν
3231 5220 3700 5291 κατεφθαρμένῃ.

2039 5302 2183 5371 Ὅρα
2206 5299 2368 5353 πάλιν
2388 5301 2492 5369 γῆν
2515 5301 2711 5364 06106;
2737 5301 3188 5371 ὀνομαζομένους.
3222 5298 3376 5361 Εἶτα,
3404 5301 3588 5372 ἐπειδὴ
3607 5301 3702 5354 καὶ

2038 5376 2185 5442 ἅπαξ
2208 5377 2300 5431 καὶ
2328 5377 2576 5451 δεύτερον
2604 5381 2698 5433 καὶ
2723 5381 2905 5449 τρίτον
2932 5379 3037 5450 γῆν
3067 5380 3261 5443 αὐτοὺς
3286 5380 3585 5451 ὠνόμασεν,
3618 5380 3704 5433 ἵνα

2041 5457 2114 5527 μή
2147 5473 2230 5519 τις
2260 5457 2506 5531 ὑπολάϐῃ
2555 5459 2681 5530 περὶ
2721 5458 2822 5527 τῆς
2860 5460 2961 5527 γῆς
2994 5459 3094 5527 τῆς
3125 5458 3385 5530 αἰσθητῆς
3422 5458 3590 5513 ταῦτα
3623 5461 3703 5510 εί·-

2040 5534 2255 5606 ρῆσθαι,
2291 5538 2475 5606 φησιν,
2511 5537 2639 5590 Ὅτι
2672 5537 3017 5605 κατέφθειρε
3040 5537 3209 5593 πᾶσα
3238 5539 3395 5605 σὰρξ
3421 5541 3534 5605 τὴν
3559 5538 3703 5592 ὁδὸν

2035 5612 2223 5666 αὐτοῦ
2241 5613 2339 5666 ἐπί
2357 5612 2467 5681 τῆς
2489 5612 2622 5682 γῆς.
2647 5614 2781 5667 Οὐδὲ
2803 5614 2898 5667 νῦν
2920 5614 3237 5686 ἀνθρώπους
3258 5616 3452 5679 06106;
3478 5616 3700 5672 καλέσαι

2036 5690 2373 5759 κιτηξίωσεν
2392 5730 2409 5750 ,
2606 5690 2682 5761 τῷ
2713 5693 2809 5762 τῆς
2844 5693 3045 5767 σαρκὸς
3076 5693 3301 5763 ὀνόματι
3339 5695 3496 5764 μόνον
3529 5697 3698 5749 ἐνδεί-

2038 5768 2232 5833 ξασθαι
2272 5768 2403 5836 ήμῖν
2444 5765 2709 5837 βούλεται,
2744 5769 2826 5822 ὅτι
2872 5765 2932 5823 06
2962 5772 3088 5841 περὶ
3121 5770 3219 5839 τῆς
3253 5770 3355 5840 γῆς
3398 5773 3569 5826 ταῦτά
3599 5791 3701 5842 φη-

2042 5862 2146 5910 σιν,
2172 5843 2307 5900 ἀλλὰ
2327 5846 2456 5915 περὶ
2481 5845 2588 5898 τῶν
2612 5845 2915 5919 ἀνθρώπων
2938 5850 3045 5904 τῶν
3076 5851 3254 5921 σάρκα
3284 5853 3698 5923 περικειμένων,

2042 5923 2134 5977 καὶ
2172 5923 2292 5986 ταῖς
2329 5922 2540 5992 γηῖναις
2592 5925 2857 5994 πράξεσιν
2906 5930 3130 5992 ἑαυτοὺς
3187 5922 3695 5983 καταναλωσάντων.

2046 6000 2205 6064 Ἐθος
2237 6001 2344 6073 γάρ
2386 6004 2450 6073 τῇ
2491 6001 2528 6054 Γ
2532 6006 2711 6075 ραφῇ,
2757 6004 3005 6078 καθάπερ
3039 6005 3293 6070 πολλάκις
3344 6006 3568 6076 εἴπομεν
3606 6006 3696 6058 ἐπὶ
