4116 6196
420 394 529 451 9.09

424 510 521 580 τῆς
550 510 820 581 ὑμετέρας
840 511 1081 581 ἀγάπης,
1106 510 1231 576 τοὺς
1254 515 1513 584 σαρκικὺν
1540 515 1797 586 φρόνημα
1821 512 2090 576 ἐπιδειξα-

426 597 641 665 μένους,
667 599 761 651 κα)⁸
788 598 955 668 μηδὲν
984 598 1185 670 ὑψηλὸν
1212 602 1649 671 φανταζομένους
1670 603 1747 673 τῷ
1767 603 1865 672 τῆς
1890 600 2092 671 σαρκὸς

421 683 648 754 ὀνόματι
677 688 1123 758 προσαγορεύειν,
1148 687 1398 759 καθάπερ
1419 690 1513 741 καὶ
1534 691 1561 743 ὁ
1583 689 1853 761 μακάριος
1880 687 2093 744 Παῦλός

425 785 608 838 φησιν’
637 772 702 822 Οἱ
729 770 798 823 δὲ
816 772 886 825 ἐν
907 774 1087 841 σαρκί
1113 774 1282 841 ὄντες
1307 774 1428 840 Θεῷ
1452 774 1661 842 ἀρέσαι
1686 778 1758 828 οὺ
1779 774 2087 829 δύνανται.

425 856 490 909 Τί
520 852 646 923 οῦν;
683 859 844 922 αὐτὸς
883 862 912 914 ό
940 861 1111 915 ταῦτα
1157 862 1329 930 λέγων
1359 864 1479 933 οὐχὶ
1520 863 1697 934 σάρκα
1743 862 2086 934 περιέκειτο;

436 943 573 996 Ἀλλ’
599 946 661 998 οὐ
691 944 848 998 τοῦτό
876 964 1060 1016 φησιν,
1089 948 1171 999 δτι
1196 949 1244 1001 οί
1278 948 1454 1019 σάρκα
1486 950 1877 1020 περικείμενοι,
1905 949 1968 1000 ού
1998 946 2088 1000 δύ-

422 1047 607 1084 νανται
654 1032 846 1100 ἀρέσαι
881 1028 1025 1087 οὗτοι
1070 1033 1149 1104 τῷ
1193 1035 1333 1104 Θεῷ,
1381 1036 1495 1088 ἀλλ’
1526 1037 1607 1089 ὅτι
1655 1037 1704 1089 οἱ
1753 1036 1954 1106 μηδένα
1989 1035 2086 1105 τῆς

421 1118 622 1189 ἀρετῆς
648 1118 805 1188 λόγον
839 1121 1166 1190 ποιούμενοι,
1206 1121 1341 1175 ἀλλά
1368 1122 1547 1176 πάντα
1577 1122 1644 1175 τά
1690 1122 1925 1194 σαρκικὰ
1954 1138 2086 1192 φρο-

426 1204 661 1267 νοῦντες,
699 1205 793 1258 καὶ
841 1206 970 1276 περὶ
1000 1207 1099 1270 τὰς
1142 1206 1343 1277 ταύτης
1402 1208 1594 1278 ἡδονὰς
1645 1207 2083 1279 κατασπῶμενοι,

425 1291 521 1343 καὶ
581 1292 849 1363 μηδεμίαν
896 1293 995 1364 τῆς
1032 1294 1209 1364 ψυχῆς
1252 1294 1353 1364 τῆς
1407 1296 1701 1365 ἀσωμάτου
1754 1295 1848 1347 καὶ⁵
1896 1296 2087 1365 νοερᾶς

425 1378 679 1447 φροντίδα
712 1379 1041 1450 ποιούμενοι.
1086 1380 1239 1433 Ἐπεὶ
1272 1376 1365 1434 οὖν
1392 1380 1483 1435 διὰ
1514 1381 1622 1433 τῶν
1649 1382 1952 1453 εἰρημένων
1983 1380 2084 1434 ἐδίο

422 1463 579 1530 δαξεν
605 1466 750 1535 ἡμᾶς
778 1467 809 1536 ἡ
841 1464 961 1519 Θεία
987 1467 1178 1538 Γραφὴ
1203 1467 1314 1520 τῶν
1342 1468 1752 1539 ἁμαρτημάτων
1776 1468 1837 1521 τὸ
1861 1467 2083 1538 πλῆθος,

421 1550 520 1621 τῆς
555 1551 752 1615 κακίας
774 1553 873 1623 τὴν
896 1553 1220 1625 ὑπερϐολὴν,
1251 1555 1350 1624 τῆς
1378 1556 1801 1626 ἀγανακτήσεως
1833 1553 1926 1608 τοῦ
1951 1553 2084 1607 Θεοῦ

423 1637 483 1688 τὸ
511 1635 758 1707 μέγεθος,
777 1639 869 1692 καὶ
892 1640 974 1693 ὅτι
997 1640 1083 1694 διὰ
1105 1641 1204 1711 τὴν
1226 1642 1333 1693 τῶν
1354 1642 1680 1712 παρανόμων
1698 1642 1873 1712 ἔργων
1898 1644 2085 1712 ἐπιτή-

420 1724 600 1778 δευσιν
632 1726 724 1778 καὶ
760 1724 904 1793 ἅπαξ
948 1726 1042 1780 καὶ
1095 1727 1343 1799 δεύτερον
1401 1730 1492 1782 καὶ
1534 1729 1715 1797 τρίτον
1747 1729 1851 1798 γῆν
1887 1729 2084 1792 αὐτοὺς

420 1811 702 1882 ὠνόμασε,
743 1814 835 1867 καὶ
867 1813 942 1884 τῷ
974 1816 1072 1884 τῆς
1106 1816 1307 1885 σαρκὸς
1337 1817 1560 1886 ὀνόματι
1607 1817 2045 1887 προσηγόρευσεν
2064 1856 2078 1878 ,

421 1900 840 1969 ἀποστερήσασα
859 1900 952 1953 τοῦ
978 1900 1077 1971 τῆς
1101 1902 1283 1972 κοινῆς
1311 1903 1525 1970 φύσεως
1552 1903 1834 1970 ὀνόματος,
1863 1902 1951 1955 διὰ
1973 1902 2081 1955 τῶν

421 1985 773 2055 ἐπαγομένων
818 1986 919 2056 τὴν
960 1988 1164 2057 ἀφατον
1207 1991 1336 2059 ἡμῖν
1376 1989 1469 2042 τοῦ
1505 1989 1638 2042 Θεοῦ
1674 1988 2082 2059 φιλανθρωπίαν

422 2072 777 2140 ἐνδείκνυται,
800 2075 894 2127 καὶ
922 2076 1022 2145 τῆς
1050 2076 1505 2143 συγκαταϐάσεως
1531 2077 1629 2146 τὴν
1660 2076 1985 2145 ὑπερϐολήν.
2018 2076 2081 2127 Τί

420 2160 530 2230 γάρ
561 2176 729 2229 φησι;
761 2162 867 2214 Καὶ
900 2157 1069 2214 εἶπεν
1101 2164 1133 2215 ὀ
1164 2162 1307 2228 Θεὸς
1337 2163 1486 2231 πρὸς
1514 2163 1662 2217 Νῶε.

490 2253 559 2314 γ’.
590 2245 740 2319 [2‘20]
769 2248 909 2319 Ὅρα
945 2248 1280 2321 ἀγαθότητος
1306 2249 1627 2321 ὑπερϐολήν.
1676 2250 1941 2321 Καθάπερ
1979 2250 2082 2319 γὰρ

422 2334 572 2401 φίλος
604 2333 769 2404 φίλῳ,
800 2335 942 2388 οὕτω
969 2335 1154 2389 λοιπὸν
1185 2335 1455 2390 κοινοῦται
1491 2338 1568 2408 τῷ
1597 2337 1790 2408 δικαίῳ
1826 2339 1952 2408 περὶ
1985 2337 2083 2406 τῆς

419 2439 469 2474 τι
478 2421 1023 2493 μωρίας,ἥνὲπάγειν
1045 2423 1226 2492 μέλλει
1246 2424 1323 2494 τῷ
1340 2424 1445 2477 τῶν
1469 2423 1766 2496 ἀνθρώπων
1789 2424 1965 2492 γένει,
1992 2423 2082 2477 καί

423 2526 554 2579 φησι
576 2526 589 2539 ο
612 2509 827 2576 Καιρὸς
853 2512 1078 2577 παντὸς
1110 2511 1421 2578 ἀνθρώπου
1456 2511 1582 2576 ἥκει
1610 2511 1887 2563 ἐναντίον
1912 2510 2080 2578 ἐμοῦ,

421 2598 509 2648 ὅτι
538 2594 814 2665 ἐπλήσθη
849 2598 886 2665 ἡ
914 2595 989 2666 τῆ
1022 2599 1256 2664 ἀδικίας
1283 2599 1385 2651 ἀπ’
1418 2596 1632 2651 αὐτῶν.
1666 2597 1777 2651 Καὶ
1808 2596 1936 2650 ἰδοὺ
1968 2596 2083 2667 ἐγὼ

420 2686 789 2754 παταξρθείρω
830 2688 1053 2752 αὐτοὺς
1099 2688 1195 2741 καὶ
1238 2689 1352 2755 τὴν
1395 2686 1531 2755 γῆν.
1579 2686 1643 2740 Τί
1682 2690 1826 2750 ἐστι,
1869 2687 2081 2755 Καιρὸς

420 2768 647 2835 παντὸς
682 2768 994 2837 ἀνθρώπου
1029 2770 1159 2838 ἣκει
1188 2771 1468 2825 ἐναντίον
1500 2768 1674 2839 ἐμοῦ;
1714 2770 1943 2840 Πολλὴν,
1981 2787 2083 2840 φη-

423 2855 526 2916 σὶν,
550 2855 907 2927 ἐπεδειξάμην
933 2858 1031 2929 τὴν
1060 2858 1458 2929 μακροθυμίαν,
1484 2858 1682 2928 πολλὴν
1706 2856 1803 2928 τὴν
1831 2856 2076 2922 ἀνεξικα-

422 2943 566 3007 κίαν,
600 2943 660 2995 ού
693 2942 1012 3015 βουλόμενος
1050 2946 1253 3016 ταύτην
1283 2945 1508 3012 ἐπάγειν
1554 2945 1653 3014 τὴν
1686 2944 1974 3015 τιμωρίαν,
2015 2944 2081 3014 ἢν

420 3032 646 3100 ἐπάγειν
691 3032 899 3103 μέλλωο
947 3033 1061 3086 ἀλλ’
1102 3032 1287 3103 ἐπειδὴ
1333 3031 1499 3101 πολλὴ
1534 3031 1640 3083 τῶν
1677 3031 2081 3101 ἡμαρτημένων

420 3120 602 3183 αὐτοῖς
628 3120 661 3191 ή
694 3120 964 3192 ὑπερϐολὴ
993 3122 1072 3183 εἰς
1100 3120 1260 3172 αὑτὸν
1287 3120 1494 3188 ῆγαγεν
1524 3119 1719 3181 αὐτοὺς
1750 3118 1840 3171 τὸν
1870 3118 2077 3189 καιρὸν,

420 3208 515 3261 καὶ
550 3209 698 3274 τέλος
742 3209 825 3263 δεῖ
860 3209 1042 3262 λοιπὸν
1081 3207 1416 3277 ἐπιτεθῆναι,
1454 3208 1545 3259 καὶ
1574 3207 1873 3276 ἐκκοπῆναι
1903 3207 2081 3262 αὐτῶν

418 3297 519 3368 τὴν
546 3298 763 3362 κακίαν,
787 3298 926 3352 ὥστε
960 3297 1032 3368 μὴ
1063 3296 1373 3367 περαιτέρω
1398 3295 1685 3366 προϐῆναι·
1710 3295 1923 3363 Καιρὸς
1950 3296 2077 3367 γὰρ,

423 3386 587 3458 φησὶ,
620 3386 846 3452 παντὸς
879 3383 1190 3453 ἀνθρώπου
1237 3383 1365 3451 ἥκει
1409 3384 1687 3437 ἐναντίον
1728 3383 1892 3451 ἐμοῦ.
1941 3385 2081 3454 Ὅρα

420 3475 513 3527 καὶ
545 3474 807 3532 ἐνταῦθα,
856 3473 971 3537 πῶς
1004 3473 1254 3544 καθάπερ
1296 3472 1552 3544 ἀνωτέρω
1593 3472 1744 3540 ἔλεγε
1768 3513 1780 3532 ,
1823 3469 1949 3536 Πᾶς
1992 3488 2083 3537 τις

421 3562 738 3616 διανοεῖται
759 3604 774 3628 ,
801 3562 944 3616 οῦτω
969 3563 1062 3616 καὶ
1089 3562 1183 3615 νῦν
1200 3601 1214 3623 ,
1239 3560 1474 3626 Παντὸς
1498 3559 1832 3629 ἀνθρώπου.
1879 3559 2083 3624 Πάντες

421 3650 531 3720 γάρ
571 3650 942 3721 συμφωνοῦσι,
982 3651 1119 3721 πρὸς
1156 3650 1257 3721 τὴν
1299 3648 1642 3721 παρανομίαν
1681 3650 2080 3720 ηὐτομόλησαν,

422 3737 576 3808 φησὶ,
607 3738 702 3791 καὶ
729 3739 826 3791 οὐκ
860 3740 1006 3791 ἐστιν
1034 3739 1212 3808 εὑρεῖν
1240 3738 1297 3789 ἐν
1322 3737 1561 3808 τοσούτῳ
1601 3737 1793 3807 πλήθει
1832 3740 1955 3792 τινὰ
1984 3738 2084 3806 τῆς

420 3824 622 3893 ἀρετῆς
659 3824 815 3892 λόγον
851 3825 1191 3895 ποιούμενον.
1235 3825 1450 3893 Κιιιρὸς
1489 3824 1618 3894 γάρ,
1661 3826 1815 3893 φησὶ,
1857 3823 2084 3888 παντὸς

421 3910 733 3975 ἀνθρώπου
776 3911 905 3979 ἣκει
941 3912 1220 3965 ἐναντίον
1251 3911 1416 3979 ἐμοῦ.
1457 3909 1693 3977 Καιρὸς.
1743 3910 1885 3962 τοῦτ’
1914 3910 2081 3971 ἐστιν,

420 3997 655 4066 ἔφθασεν
686 4000 714 4051 ὁ
746 4000 955 4063 καιρὸς,
993 4000 1114 4054 καθ’
1147 4001 1205 4053 ὃν
1240 3999 1319 4052 δεῖ
1344 3999 1443 4071 τὴν
1471 3999 1642 4069 τομὴν
1674 3999 1958 4060 ἐπιθεῖναι,
1990 3996 2082 4047 καὶ

423 4085 520 4156 τὴν
543 4084 712 4157 νομὴν
740 4087 834 4139 τοῦ
866 4086 1056 4150 ἕλκους
1080 4088 1341 4155 ἐπισχεῖν.
1374 4084 1588 4152 Καιρός
1617 4083 1842 4148 παντὸς
1862 4082 2081 4149 ἀνθρώ-

421 4189 541 4226 xcv
576 4172 711 4239 ἣκει
737 4173 1016 4227 ἐναντίον
1055 4173 1200 4242 ἐμοῦ
1220 4188 1232 4202 ο
1264 4172 1461 4224 ὡσανεὶ
1503 4172 1726 4241 μηδενὸς
1760 4168 2080 4239 ἐφορῶντος,

424 4261 517 4313 καὶ
549 4260 830 4328 μέλλοντος
854 4259 1080 4321 εύθύνας
1109 4260 1361 4312 ἀπαιτεῖν
1406 4256 1511 4310 τῶν
1540 4258 1721 4320 αὐτοῖς
1764 4256 2081 4326 πεπλημμεο

423 4346 697 4413 λημένων,
727 4344 868 4398 οὕτω
916 4344 1053 4414 πρὸς
1088 4344 1185 4407 τὰς
1218 4343 1566 4413 παρανόμους
1596 4342 1821 4413 πράξεις
1859 4343 2082 4407 ἑαυτοὺς

422 4432 712 4498 ἐξέδωκαν,
744 4431 843 4485 ούκ
872 4432 1175 4495 ἐννοοῦντες
1206 4433 1287 4485 ὅτι
1316 4432 1415 4502 ἐμὲ
1437 4431 1616 4485 λαθεῖν
1650 4433 1745 4503 οὐχ
1767 4428 1878 4486 οἶόν
1906 4450 1965 4486 τε
1992 4434 2082 4489 τὸν

420 4520 523 4590 τὴν
550 4516 807 4571 σύστασιν
831 4519 929 4590 τῆς
954 4519 1099 4589 ζωῆς
1129 4516 1512 4590 χαριζόμενον,
1544 4520 1638 4572 καὶ
1664 4519 1821 4590 σῶμα
1862 4521 1954 4573 καὶ
1982 4522 2083 4591 ψυ-

423 4608 527 4678 χὴν
572 4607 961 4677 χαρισάμενον,
1003 4608 1097 4660 καὶ
1140 4607 1408 4660 τοσούτων
1447 4605 1665 4674 ἀγαθῶν
1697 4608 1793 4678 τὴν
1824 4609 2083 4678 χορηγίαν

422 4694 831 4767 παρεσχηκότα.
875 4694 1088 4762 Καιρὸς
1118 4693 1293 4747 τοίνυν
1333 4693 1558 4759 παντὸς
1597 4693 1908 4762 ἀνθρώπου
1954 4694 2084 4761 ἣκει

422 4782 700 4837 ἐναντίον
726 4782 892 4850 ἐμοῦ.
921 4778 1054 4835 Εἶτα
1082 4780 1267 4854 ὥσπερ
1293 4780 1722 4851 ἀπολογούμενος
1760 4779 1836 4850 τῷ
1871 4781 2080 4852 δικαίῳ,

424 4873 517 4925 καὶ
557 4871 771 4935 δεικνὺς
810 4872 891 4924 ὅτι
934 4871 967 4942 ή
1003 4869 1113 4924 τῶν
1150 4869 1550 4941 ἡμαρτημένων
1592 4869 1770 4932 αὐτοῖς
1811 4868 2081 4939 ὑπερϐολὴ

422 4961 502 5023 εἰς
528 4957 733 5027 ταύτην
771 4957 930 5011 αὐτὸν
969 4957 1276 5010 ἐκκαλεῖται
1309 4958 1408 5028 τὴν
1445 4956 1849 5026 ἀγανάκτησιν,
1899 4958 2080 5026 φησὶν,

423 5047 544 5101 Ὅτι
575 5045 853 5116 ἐπλήσθη
895 5045 932 5113 ἡ
960 5044 1033 5112 γῆ
1063 5043 1298 5109 ἀδικίας
1323 5044 1424 5098 ἀπ’
1449 5043 1665 5098 αὐτῶν.
1695 5045 1785 5112 Μὴ
1804 5044 1911 5113 γὰρ
1942 5060 2082 5114 παρ-

427 5132 612 5187 έλιπὸν
640 5150 714 5199 τι,
749 5132 901 5202 φησι,
935 5131 1043 5183 τῶν
1077 5132 1157 5193 είς
1205 5129 1401 5183 κακίαν
1447 5130 1854 5195 συντεινόντων;
1886 5129 2081 5183 Τοσοῦο

420 5237 512 5274 τον
555 5218 898 5284 ἐπεδείξαντο
940 5218 1000 5271 τὸ
1033 5217 1288 5287 μέγεθος,
1332 5217 1407 5279 ὡς
1448 5216 1541 5269 καὶ
1579 5216 1933 5287 ὑπερϐλύζειν
1976 5216 2081 5270 λοι-

422 5308 521 5360 πὸν
559 5306 658 5377 τὴν
700 5305 932 5370 κακίαν,
967 5305 1062 5358 καὶ
1101 5306 1282 5358 πᾶσαν
1319 5302 1416 5371 τὴν
1452 5302 1556 5370 γῆν
1596 5303 1692 5372 τῆς
1745 5303 1942 5367 κακίας
1982 5306 2082 5374 ἐμ-

425 5392 752 5463 πεπλῆσθαι.
788 5393 888 5447 Διά
923 5409 1005 5445 τοι
1032 5391 1190 5446 τοῦτο
1222 5390 1317 5444 καὶ
1349 5390 1544 5450 αὐτοὺς
1574 5389 1922 5457 καταφθείρω
1941 5430 1956 5453 ,
1989 5391 2079 5442 καὶ

421 5481 516 5549 τὴν
543 5481 668 5550 γῆν,
695 5480 807 5534 Καὶ
835 5479 986 5545 ίόοὺ,
1010 5480 1193 5549 φησὶν,
1213 5475 1328 5547 ἐγὼ
1349 5474 1712 5542 καταφθειζρω
1732 5472 1952 5538 αὐτοὺς
1981 5473 2078 5526 καὶ

424 5564 538 5630 τὴν
568 5563 702 5633 γῆν.
751 5563 967 5634 Ἐπειδὴ
1008 5563 1160 5618 αὐτοὶ
1191 5561 1548 5633 προλαϐόντες
1585 5558 1674 5611 διὰ
1704 5558 1811 5610 τῶν
1842 5560 2079 5628 παρανόο

423 5664 539 5715 μων
593 5650 843 5716 πράξεων
896 5651 1118 5711 ἑαυτοὺς
1163 5648 1559 5717 κατέφθειραν,
1609 5644 1698 5698 διὰ
1744 5643 1900 5696 τοῦτο
1947 5660 2080 5696 παν-

420 5733 547 5801 τελῆ
602 5736 976 5805 πανωλεθρίαν
1034 5738 1258 5802 ἐπάγω,
1327 5734 1420 5787 καὶ
1483 5731 1786 5801 ἀφανισμὸν
1849 5732 2075 5801 ἐργάζο-

420 5835 541 5887 μαι.
587 5818 678 5869 καὶ
721 5820 920 5880 αὐτῶν,
961 5821 1054 5870 καὶ
1084 5821 1183 5886 τῆς
1227 5821 1350 5888 γῆς,
1385 5821 1469 5870 ἵνα
1508 5818 1787 5886 καθαρμόν
1825 5835 1945 5870 τινα
1979 5818 2071 5870 δυ·-

422 5903 559 5971 νηθῇ
604 5900 850 5964 δέξασθαι
918 5904 947 5968 ἡ
997 5903 1088 5968 γῆ,
1128 5905 1221 5954 καὶ
1268 5903 1715 5971 ἀποκαθήρασθαι
1769 5904 1860 5956 το]
1902 5903 2073 5972 ῥύπου

423 5983 526 6037 τῶν
562 5980 823 6035 τοσούτων
853 5979 1280 6050 ἁμαρτημάτων.
1321 5982 1518 6034 Ἐννόει
1556 5998 1644 6050 μοι
1690 5982 1871 6034 λοιπὸν
1921 5985 2074 6035 ποίαν

1239 396 1296 452 s.
1334 396 1617 453 JOANNIS
1647 366 2136 453 cukvsosrom
2175 387 2495 446 ARCHIEP.
2544 389 3090 447 consumma

3750 392 3855 450 ΞΜ

2194 507 2340 570 είκὸς
2373 507 2518 578 ἔχειν
2555 510 2733 580 ψυχὴν
2777 510 2869 562 τὸν
2905 509 3109 562 δίκαιον
3144 506 3332 561 τοῦτον
3371 507 3542 560 ταῦτα
3590 509 3855 563 ἀκούοντα

2193 595 2341 665 παρά
2370 595 2465 648 τοῦ
2492 598 2777 649 Δεσπότου.
2808 598 2871 649 Εἰ
2904 599 3013 666 γὰρ
3055 597 3149 649 καὶ
3202 595 3400 666 πολλὴν
3433 596 3632 668 ἀρετὴν
3678 599 3855 669 ἑαυτῷ

2192 680 2427 752 συνῄδει,
2454 682 2567 736 ἀλλ’
2593 683 2741 753 ὅμως
2764 685 2864 736 οὐκ
2890 684 3205 754 ἀναλγήτως
3230 683 3440 754 ἐδέχετο
3467 684 3534 738 τὰ
3566 685 3848 756 λεγόμενα.

2190 766 2545 841 Φιλόστοργον
2568 770 2677 841 γάρ
2718 770 2826 824 τῶν
2871 771 3093 825 δικαίων
3125 771 3189 824 τὸ
3234 772 3420 840 γένος,
3459 775 3553 826 καὶ
3588 774 3727 847 ὑπὲρ
3756 778 3853 844 τῆς

2191 856 2301 909 τῶν
2329 856 2504 911 ἀλλων
2534 858 2809 928 σωτηρίας
2844 859 3021 912 πάντα
3058 858 3123 912 ἀν
3144 858 3349 912 ἕλοιντο
3370 859 3606 923 εὐκόλως
3629 861 3853 932 ὕπομεῖ·

2188 961 2294 997 ναι.
2326 944 2450 1007 Πῶς
2470 945 2652 999 τοίνυν
2696 946 2843 1009 είκὸς
2877 941 2946 1017 ἦν
2979 949 3043 1000 ἐκ
3072 947 3182 1000 τῶν
3204 946 3464 1017 ῥημάτων
3495 947 3701 1003 τούτων
3729 965 3853 1001 συνο

2188 1031 2407 1101 έχεσθαι
2438 1032 2529 1085 τὸν
2569 1032 2871 1104 θαυμάσιον
2894 1034 3082 1087 τοῦτον
3114 1034 3498 1105 ὑπογράφοντα
3533 1036 3631 1106 ήδη
3662 1035 3740 1106 τῷ
3766 1036 3852 1089 λο-

2187 1119 2370 1190 γισμῷ
2390 1120 2489 1190 τὴν
2515 1122 2768 1175 ἁπάντων
2788 1121 3084 1185 ἀπώλειαν,
3109 1122 3204 1176 καὶ⁵
3224 1122 3323 1191 τὴν
3345 1122 3446 1191 τῆς
3470 1123 3699 1187 κτίσεως
3719 1125 3855 1179 ἀπά-

2190 1225 2288 1277 σης
2327 1208 2569 1280 φθορὰν,
2611 1210 2740 1274 ἴσως
2789 1211 2909 1264 οὐδὲ
2961 1212 3089 1280 περὶ
3143 1210 3308 1264 αὑτοῦ
3341 1227 3394 1263 τι
3437 1212 3670 1282 χρηστὸν
3717 1213 3852 1265 ὑπο·

2192 1295 2487 1359 πτεύοντας
2525 1296 2750 1350 Οὐδέπω
2780 1296 2888 1368 γάρ
2910 1293 2978 1367 ἦν
3002 1296 3149 1366 αὐτῷ
3169 1296 3327 1349 τοῦτο
3354 1298 3604 1369 φανερόν.
3630 1296 3730 1351 Ἰν*
3758 1294 3852 1351 οὖν

2192 1382 2267 1453 μὴ
2298 1382 2721 1454 διαταράττηται
2750 1383 2842 1437 τὸν
2871 1384 3147 1454 λογισμὸν,
3181 1384 3317 1437 ἀλλά
3351 1385 3557 1455 μικράν
3595 1402 3715 1438 τινα
3742 1403 3852 1439 πα-

2193 1469 2462 1539 μιμυθίαν
2487 1472 2543 1523 ὲν
2566 1470 2645 1539 τῷ
2671 1471 2896 1540 τοιούτῳ
2930 1470 3149 1540 μεγέθει
3182 1472 3279 1541 τῆς
3312 1470 3550 1541 ἀθυμίας
3582 1474 3730 1541 σχεῖν
3758 1472 3850 1524 δυ·-

2186 1557 2323 1629 νηθῇ
2343 1598 2358 1621 ,
2384 1557 2568 1629 ἐπειδὴ
2594 1558 2827 1626 ἐδίδαξεν
2854 1558 3015 1612 αὐτὸν
3042 1562 3138 1629 τῆς
3155 1557 3305 1631 [221]
3330 1558 3529 1621 κακίας
3550 1557 3729 1612 αὐτῶν
3751 1560 3850 1629 τὴν

2189 1645 2493 1717 ὑπερϐολὴν
2512 1686 2530 1709 ,
2571 1647 2665 1699 καὶ
2696 1647 2776 1700 ὅτι
2808 1647 2996 1718 καιρὸς
3031 1647 3344 1715 κατεπείγει
3390 1647 3574 1700 λοιπὸν
3604 1647 3849 1700 ἀπαιτῶν

2188 1734 2409 1803 βαθεῖαν
2446 1735 2644 1798 αὐτοὺς
2682 1734 2936 1799 δέξασθαι
2966 1734 3064 1805 τὴν
3092 1735 3266 1804 τομὴν
3284 1777 3299 1801 ,
3332 1735 3465 1806 φησὶ
3492 1735 3628 1804 πρὸς
3652 1736 3843 1789 αὐτόν·

2199 1821 2470 1883 Ἑκείνους
2501 1823 2600 1892 μὲν
2631 1822 2806 1884 κοινὸς
2827 1821 3043 1892 ὄλεθρος
3071 1820 3364 1885 ἐκδέξεται,
3383 1821 3467 1876 Σὺ
3488 1821 3557 1875 δὲ
3587 1823 3850 1889 ποίησον

2184 1909 2418 1975 σεαυτῷ
2446 1912 2714 1964 κιϐωτόν.
2747 1909 2811 1963 Τί
2849 1912 2985 1975 ἐστι,
3018 1910 3101 1964 Σὺ
3129 1908 3232 1975 δές
3260 1910 3478 1980 Ἐπειδὴ
3499 1910 3596 1964 οὐκ
3628 1911 3845 1965 ἐκοινώ-

2185 2015 2352 2067 νησας
2382 1999 2567 2062 αὐτοῖς
2613 1998 2714 2068 τῆς
2760 1998 2990 2065 κακίας,
3035 1997 3171 2052 ἀλλά
3198 1999 3292 2052 καὶ
3342 1997 3478 2068 μετά
3525 1997 3725 2069 ἀρετῆς
3752 2000 3845 2053 τὸν

2187 2086 2299 2154 βίον
2340 2086 2459 2139 ὅλον
2507 2086 2797 2157 διήνυσας,
2830 2085 2918 2138 διὰ
2966 2085 3123 2139 τοῦτό
3154 2103 3235 2138 σοι
3268 2086 3588 2157 προστάττω
3615 2087 3843 2141 κιϐωτὸν

2187 2175 2610 2229 κατασκευάσαι.
2648 2174 2749 2228 Ἐκ
2808 2173 3010 2236 ξύλων
3056 2174 3472 2243 τετραγώνων,
3531 2175 3837 2241 ἀσήπτων.

2184 2263 2453 2327 Νοσσιὰς
2489 2261 2761 2326 ποιήσεις
2788 2259 2902 2325 τὴν
2947 2260 3189 2314 κιϐωτὸν
3215 2300 3230 2324 ,
3277 2262 3373 2315 καί
3424 2262 3841 2330 ἀσφαλτώσεις

2184 2349 2405 2413 ἔξωθεν
2457 2348 2553 2401 καὶ
2600 2349 2827 2402 ἔσωθεν
2852 2347 3047 2416 αὐτὴν
3071 2347 3150 2415 τῇ
3193 2348 3501 2417 ἀσφάλτῳ.
3543 2350 3735 2402 Ἔστω
3772 2350 3843 2403 δὲ

2185 2435 2538 2504 τριακοσίων
2568 2434 2781 2503 πηχῶν
2833 2434 2897 2488 τὸ
2943 2432 3138 2503 μῆκος
3163 2474 3176 2494 ,
3217 2434 3315 2488 καὶ
3352 2437 3726 2503 πεντήκοντα
3773 2438 3841 2490 τό

2182 2522 2411 2587 πλάτος
2433 2563 2447 2586 ,
2483 2521 2581 2576 καὶ
2605 2521 2923 2589 τριάκοντα
2948 2520 3013 2574 τὸ
3043 2521 3219 2589 ὕψος.
3238 2522 3650 2590 Ἐπισυνὰγων
3671 2522 3839 2588 mm}-

2182 2625 2313 2676 σεις
2338 2608 2453 2677 τὴν
2480 2607 2747 2672 κιϐωτὸν,
2772 2609 2870 2662 καὶ
2900 2612 2989 2674 εις
3009 2606 3217 2677 πῆχυν
3239 2610 3627 2676 συντελέσεις
3648 2609 3842 2676 αὐτὴν

2182 2702 2430 2764 ἄνωθεν,
2456 2699 2573 2767 τὴν
2598 2699 2666 2753 δὲ
2691 2701 2880 2768 θύραν
2907 2699 3182 2767 ποιήσεις
3206 2700 3273 2753 ἐκ
3314 2701 3587 2768 πλαγίων
3611 2740 3627 2763 ,
3668 2701 3843 2755 κατά-

2184 2806 2320 2858 γαια
2357 2786 2616 2858 διώροφα
2659 2788 2756 2841 καὶ
2782 2786 3075 2857 τριώροφα
3102 2786 3375 2855 ποιήσεις
3404 2787 3611 2851 αὐτήν.
3644 2788 3842 2841 Σκόπει

2181 2875 2315 2935 Θεοῦ
2348 2875 2753 2943 ωγκατάϐασιν
2780 2877 2875 2929 καὶ
2906 2875 3134 2946 δύναμιν
3157 2875 3382 2944 ἄφατον,
3415 2875 3507 2928 καὶ
3536 2874 3842 2945 φιλανθρω-

2183 2965 2311 3018 πίαν
2334 2964 2511 3017 πάντα
2542 2964 2699 3033 λόγον
2723 2976 2750 3005 ιι
2778 2962 3228 3033 ὑπερϐαίνουσαν.
3270 2961 3434 3034 Ὀμοῦ
3466 2964 3558 3018 καὶ
3588 2964 3686 3033 τὴν
3716 2965 3841 3032 περὶ

2180 3053 2269 3105 τὸν
2297 3051 2503 3105 δίκαιον
2537 3053 2792 3122 πρόνοιαν
2811 3051 3171 3103 ἐπιδείκνυται
3204 3050 3549 3120 προστάττων
3574 3049 3723 3120 αύτῷ
3744 3051 3839 3118 τὴν

2183 3139 2415 3193 κιϐωτὸν
2436 3139 2863 3201 κατασκευάσαι,
2888 3140 2981 3191 καὶ
3002 3138 3391 3209 διαταξάμενος
3417 3141 3510 3191 καὶ
3533 3139 3623 3190 τὸν
3645 3138 3839 3209 τρόπον

2181 3229 2278 3298 τῆς
2307 3230 2650 3298 κατασκευῆς
2672 3269 2686 3292 ,
2718 3227 2812 3279 καὶ
2854 3227 2914 3280 τὸ
2942 3227 3142 3290 πλάτος
3166 3267 3181 3291 ,
3212 3229 3305 3281 καὶ
3331 3227 3391 3279 τὸ
3425 3226 3556 3296 Wo;
3575 3269 3589 3291 ,
3618 3228 3712 3281 καὶ
3738 3243 3840 3280 πα-

2187 3312 2454 3385 ραμυθίαν
2480 3313 2629 3383 αύτῷ
2654 3312 2935 3384 χαρίζεται
2972 3314 3235 3385 μεγίστην
3259 3355 3271 3376 ,
3304 3313 3524 3376 ἐλπίδας
3550 3312 3695 3383 αὐτῷ
3733 3329 3838 3365 σωο

2182 3401 2375 3472 τηρίας
2404 3400 2735 3470 ὑπογράφων
2759 3400 2846 3454 διὶ
2866 3401 2967 3470 τῆς
2996 3402 3342 3470 κατασκευῆς
3360 3441 3374 3464 ,
3408 3402 3691 3463 κάκείνους
3717 3400 3843 3464 τοὺς

2184 3488 2419 3544 τοσαῦτα
2448 3489 2835 3560 ἡμαρτηκότας
2866 3488 3185 3559 βουλόμενος
3231 3487 3319 3541 διὰ
3362 3488 3461 3555 τῆς
3503 3490 3843 3555 κατασκευῆς

2183 3582 2284 3650 τῆς
2315 3577 2549 3632 κιϐωτοῦ
2579 3579 2659 3640 είς
2694 3576 2899 3629 ἔννοιαν
2924 3574 3175 3638 ἐλθόντας
3202 3574 3308 3626 τῶν
3332 3575 3515 3638 αὐτοῖς
3546 3574 3840 3644 εἰργασμέ-

2185 3684 2291 3719 νων
2315 3707 2330 3733 ,
2360 3665 2455 3719 καὶ⁵
2486 3664 2771 3735 μετάνοιαν
2818 3661 3256 3732 ἐπιδειξαμένους
3297 3664 3395 3733 τῆς
3422 3662 3841 3731 ἀγανακτήσεως

2184 3754 2281 3822 τὴν
2308 3755 2504 3823 πεῖραν
2538 3751 2612 3822 μὴ
2658 3750 2862 3804 λαϐεῖν.
2900 3750 3036 3804 Ούδέ
3074 3750 3183 3821 γὰρ
3213 3750 3389 3818 ὀλίγος
3438 3749 3628 3819 χρόνος
3683 3748 3841 3801 πάλιν

2184 3842 2365 3905 αὐτοῖς
2395 3841 2530 3912 πρὸς
2578 3840 2863 3911 μετάνοιαν
2909 3838 3223 3910 παρεηέθη
3252 3838 3339 3891 διὰ
3374 3838 3470 3907 τῆς
3500 3837 3841 3906 κατασκευῆς

2184 3928 2282 3998 τῆς
2309 3927 2563 3990 κιϐωτοῦ,
2597 3927 2731 3980 ἀλλά
2760 3929 2852 3981 καὶ
2883 3926 3087 3996 σφόδρα
3114 3925 3294 3988 πολὺς,
3328 3926 3419 3977 καὶ
3450 3925 3660 3986 ἱκανὸς,
3682 3925 3730 3976 εί
3766 3924 3839 3993 μὴ

2185 4015 2391 4087 σφόδρα
2419 4012 2559 4086 ἦσαν
2602 4015 2913 4084 ἀγνώμονες
2942 4055 2954 4075 ,
2988 4013 3327 4083 καταπτῆξαι
3376 4013 3509 4083 πρὸς
3556 4014 3652 4081 τὴν
3696 4011 3841 4081 διόρ-

2185 4103 2348 4156 θωσιν
2405 4103 2513 4157 τῶν
2551 4102 2945 4172 ἐπταισμένων.
2998 4102 3159 4163 Εἰκὸς
3194 4101 3303 4171 γάρ
3355 4101 3584 4153 ἕκαστον
3640 4099 3840 4160 αὐτῶν,

2182 4191 2392 4261 ὁρῶντα
2430 4191 2521 4243 τὸν
2557 4191 2763 4243 δίκαιον
2789 4189 3199 4258 τεκταινόμενον
3228 4191 3325 4259 τὴν
3355 4186 3602 4249 κιϐωτὸν,
3628 4187 3726 4256 τὴν
3759 4188 3846 4239 αἱ-

2184 4278 2302 4330 τίαν
2339 4276 2696 4331 πυνθάνεσθαι
2748 4280 2845 4348 τῆς
2883 4279 3227 4346 κατασκευῆς
3252 4317 3265 4337 ,
3300 4270 3417 4327 εἶτα
3464 4273 3695 4344 μαθόντα
3745 4270 3844 4323 τοῦ

2186 4364 2321 4417 Θεοῦ
2352 4365 2451 4435 τὴν
2484 4366 2874 4435 ἀγανάκτησιν,
2905 4364 2985 4426 εἰς
3014 4363 3265 4433 αἴσθησιν
3294 4362 3465 4414 ἐλθεῖν
3493 4361 3598 4414 τῶν
3628 4358 3845 4413 οἰκείων

2185 4452 2596 4522 ἁμαρτημάτων
2618 4492 2633 4516 ,
2668 4452 2823 4522 εἰπερ
2855 4449 3153 4503 ἐϐούλοντο.
3197 4449 3333 4501 Ἀλλ’
3370 4451 3561 4500 ἐκεῖνοι
3594 4446 3712 4499 ούδέ
3752 4448 3844 4498 ὲνο

2184 4539 2371 4592 τεῦθεν
2427 4539 2720 4610 ὲκέρδανάν
2765 4556 2817 4592 τι
2871 4538 3054 4605 πλέον,
3089 4537 3189 4589 οὐκ
3226 4535 3409 4605 ἐπειδὴ
3437 4536 3535 4588 οὐκ
3564 4534 3841 4603 ἠδύναντο,

2184 4625 2297 4679 ἀλλ’
2326 4625 2511 4696 ἐπειδὴ
2543 4626 2642 4679 οὐκ
2671 4625 3068 4697 ἠϐουλήθησαν.

2253 4713 2311 4767 δ’.
2355 4712 2569 4784 Ἐπειδὴ
2592 4713 2768 4766 τοίνυν
2783 4713 2850 4767 τὰ
2869 4712 3108 4784 περὶτῆς
3129 4710 3470 4777 κατασκευῆς
3497 4709 3589 4771 τῆς
3611 4706 3841 4761 κιϐωτοῦ

2184 4800 2261 4872 τῷ
2293 4801 2484 4871 δικαίῳ
2511 4800 2791 4866 διετάξατο
2811 4840 2824 4863 ,
2858 4798 3129 4853 κοινοῦται
3158 4797 3306 4868 αὑτῷ
3332 4799 3424 4850 καὶ
3448 4797 3545 4866 τῆς
3576 4794 3844 4865 τιμωρίας

2184 4891 2245 4943 τὸ
2265 4885 2422 4954 εἶδος,
2458 4882 2527 4960 ἧς
2552 4886 2784 4958 ῆμελλεν
2812 4887 3059 4954 ἐπάγειν,
3092 4885 3184 4940 καί
3210 4901 3375 4954 φησι·
3407 4884 3478 4935 Σὺ
3521 4883 3618 4953 μὲν
3639 4880 3841 4950 ταύτην

2186 4977 2594 5033 κατασκεύασον
2641 4975 2782 5029 καθά
2809 4974 3138 5044 διεταξάμην
3162 5012 3176 5035 ,
3206 4971 3315 5041 ἐγὼ
3339 4972 3394 5024 δὲ
3414 5011 3427 5033 ,
3460 4970 3678 5022 ἐπειδὰν
3704 4968 3842 5036 πλη-

2187 5066 2366 5138 ρώσης
2418 5067 2515 5136 τὴν
2551 5062 2892 5132 κατασκευὴν
2923 5102 2935 5123 ,
2979 5064 3073 5113 καί
3104 5060 3172 5113 τά
3202 5060 3340 5113 κατὰ
3388 5058 3446 5109 σὲ
3491 5058 3548 5108 ἐν
3579 5055 3844 5125 ἀσφαλείᾳ

2185 5155 2530 5224 καταστήσω.
2578 5150 2716 5220 Ἐγὼ
2742 5151 2810 5203 δὲ
2847 5149 2973 5202 ἰδοὺ
3016 5148 3214 5216 ἐπάγω
3248 5147 3354 5199 τὸν
3388 5142 3840 5213 κατακλυσμὸν,

2182 5240 2337 5308 ὕδωρ
2365 5240 2460 5293 ἐπὶ
2511 5240 2622 5305 τὴν
2654 5236 2772 5304 γῆν
2800 5276 2812 5298 ,
2846 5234 3224 5302 καταφθεῖραι
3257 5232 3464 5288 πᾶσαν
3509 5231 3705 5298 σάρκα
3728 5272 3743 5295 ,
3773 5231 3845 5283 ἐν

2181 5324 2220 5399 ᾗ
2248 5329 2377 5382 ἐστι
2402 5326 2634 5394 πνεῦμα
2664 5322 2813 5390 ζωῆς
2844 5321 3122 5376 ὑποκάτω
3146 5322 3252 5375 τοῦ
3287 5320 3566 5389 οὐρανοῦ,
3595 5318 3691 5372 καὶ
3725 5318 3847 5372 ὅσα

2182 5413 2257 5466 ἂν
2284 5408 2323 5484 ᾖ
2346 5412 2444 5465 ἐπὶ
2471 5410 2579 5478 τῆς
2620 5408 2730 5477 γῆς
2770 5408 3133 5473 τελευτήσει.
3161 5408 3303 5477 ’Ὁρα
3342 5407 3458 5469 πῶς
3506 5404 3596 5459 καὶ
3629 5402 3715 5456 διὰ
3742 5402 3847 5470 τῆς

2181 5500 2409 5567 ἀπειλῆς
2436 5498 2671 5551 δείκνυσι
2718 5494 2823 5547 τῶν
2850 5495 3255 5565 ἡμαρτημένων
3282 5496 3466 5557 αὐτοῖς
3502 5494 3564 5547 τὸ
3590 5491 3843 5563 μέγεθος,

2182 5589 2272 5641 καί
2310 5602 2475 5656 φησι·
2513 5583 2615 5636 Καὶ
2638 5583 2736 5652 τὴν
2769 5581 2936 5652 αὐτὴν
2963 5582 3231 5651 τιμωρίαν
3263 5581 3446 5646 ἐπάξω
3475 5581 3570 5636 καὶ
3612 5583 3726 5642 τοῖς
3751 5578 3845 5630 λου

2178 5675 2353 5743 γικοῖς
2375 5713 2389 5735 ,
2419 5671 2510 5725 καὶ
2543 5672 2653 5731 τοῖς
2683 5668 2916 5737 ἀλόγοις.
2963 5669 3178 5739 Ἐπειδὴ
3221 5669 3330 5739 γὰρ
3364 5670 3462 5739 τὴν
3498 5666 3677 5721 αὐτῶν
3708 5681 3848 5736 προ-

2178 5759 2357 5829 εδρίαν
2377 5755 2763 5828 προδεδώκασι,
2789 5757 2883 5811 καὶ
2905 5759 3038 5827 πρὸς
3061 5756 3158 5826 τὴν
3185 5758 3291 5810 τῶν
3315 5756 3524 5824 ἀλόγων
3543 5754 3847 5824 μετέπεσον

2182 5844 2392 5905 κακίαν,
2423 5843 2675 5912 οὐδεμίαν
2701 5844 2961 5915 διαφορὰν
2985 5842 3093 5908 ἔξει
3123 5845 3156 5913 ἡ
3190 5844 3444 5914 τιμωρία.
3480 5841 3710 5910 Ἐπάγω
3733 5839 3847 5908 γὰρ

2242 6006 2257 6028 ⁸
2279 6007 2357 6055 Sic
2382 6007 2527 6056 Savil.
2559 6013 2606 6056 el
2641 6009 2834 6070 quidam
2854 6022 2966 6058 mss.
3004 6007 3173 6058 Morel.
3212 6015 3263 6057 el
3288 6008 3371 6056 alii
3391 6007 3543 6056 πάντα
3565 6004 3690 6054 νοῦν.
