  <div class='ocr_page' id='page_1' title='image "/cluster/home/n/w/nwhite01/storage/ocr_20150623/53/hvd.32044054086673/208.png"; bbox 0 0 4116 6196; ppageno 0'>
   <div class='ocr_carea' id='block_1_1' title="bbox 411 325 520 380">
    <p class='ocr_par' dir='ltr' id='par_1_1' title="bbox 411 325 520 380">
     <span class='ocr_line' id='line_1_1' title="bbox 411 325 520 380; baseline 0 0"><span class='ocrx_word' id='word_1_1' title='bbox 411 325 520 380; x_wconf 68' lang='grc'><strong>209</strong></span> 
     </span>
    </p>
   </div>
   <div class='ocr_carea' id='block_1_2' title="bbox 414 424 2004 507">
    <p class='ocr_par' dir='ltr' id='par_1_2' title="bbox 414 424 2004 507">
     <span class='ocr_line' id='line_1_2' title="bbox 414 424 2004 507; baseline -0.009 -15"><span class='ocrx_word' id='word_1_2' title='bbox 414 438 703 507; x_wconf 71' lang='lat' dir='ltr'><strong>Scriptura:</strong></span> <span class='ocrx_word' id='word_1_3' title='bbox 748 442 847 496; x_wconf 84' lang='lat' dir='ltr'><strong>est,</strong></span> <span class='ocrx_word' id='word_1_4' title='bbox 880 438 937 484; x_wconf 94' lang='lat' dir='ltr'><strong>ut</strong></span> <span class='ocrx_word' id='word_1_5' title='bbox 979 443 1120 499; x_wconf 69' lang='lat' dir='ltr'><strong>turpe</strong></span> <span class='ocrx_word' id='word_1_6' title='bbox 1150 427 1355 482; x_wconf 92' lang='lat' dir='ltr'><strong>caritati</strong></span> <span class='ocrx_word' id='word_1_7' title='bbox 1390 435 1578 481; x_wconf 68' lang='lat' dir='ltr'><strong>vestra:</strong></span> <span class='ocrx_word' id='word_1_8' title='bbox 1604 426 1733 487; x_wconf 84' lang='lat' dir='ltr'><strong>dixi,</strong></span> <span class='ocrx_word' id='word_1_9' title='bbox 1773 424 2004 478; x_wconf 75' lang='lat' dir='ltr'><strong>carnalia</strong></span> 
     </span>
    </p>
   </div>
   <div class='ocr_carea' id='block_1_3' title="bbox 415 516 2007 598">
    <p class='ocr_par' dir='ltr' id='par_1_3' title="bbox 415 516 2007 598">
     <span class='ocr_line' id='line_1_3' title="bbox 415 516 2007 598; baseline -0.011 -13"><span class='ocrx_word' id='word_1_10' title='bbox 415 530 708 598; x_wconf 81' lang='lat' dir='ltr'><strong>sapientes,</strong></span> <span class='ocrx_word' id='word_1_11' title='bbox 739 535 792 580; x_wconf 90' lang='lat' dir='ltr'><strong>et</strong></span> <span class='ocrx_word' id='word_1_12' title='bbox 823 523 952 577; x_wconf 84' lang='lat' dir='ltr'><strong>nihil</strong></span> <span class='ocrx_word' id='word_1_13' title='bbox 994 521 1219 576; x_wconf 89' lang='lat' dir='ltr'><strong>sublime</strong></span> <span class='ocrx_word' id='word_1_14' title='bbox 1246 520 1559 588; x_wconf 83' lang='lat' dir='ltr'><strong>cogitantes,</strong></span> <span class='ocrx_word' id='word_1_15' title='bbox 1589 519 1764 572; x_wconf 88' lang='lat' dir='ltr'><strong>carnis</strong></span> <span class='ocrx_word' id='word_1_16' title='bbox 1795 516 2007 570; x_wconf 81' lang='lat' dir='ltr'><strong>nomine</strong></span> 
     </span>
    </p>
   </div>
   <div class='ocr_carea' id='block_1_4' title="bbox 414 607 2005 690">
    <p class='ocr_par' dir='ltr' id='par_1_4' title="bbox 414 607 2005 690">
     <span class='ocr_line' id='line_1_4' title="bbox 414 607 2005 690; baseline -0.01 -16"><span class='ocrx_word' id='word_1_17' title='bbox 414 619 707 690; x_wconf 88' lang='lat' dir='ltr'><strong>appellare,</strong></span> <span class='ocrx_word' id='word_1_18' title='bbox 741 617 879 670; x_wconf 85' lang='lat' dir='ltr'><strong>sicut</strong></span> <span class='ocrx_word' id='word_1_19' title='bbox 921 623 976 668; x_wconf 92' lang='lat' dir='ltr'><strong>et</strong></span> <span class='ocrx_word' id='word_1_20' title='bbox 1019 613 1205 666; x_wconf 71' lang='lat' dir='ltr'><strong>beatus</strong></span> <span class='ocrx_word' id='word_1_21' title='bbox 1230 610 1426 664; x_wconf 83' lang='lat' dir='ltr'><strong>Paulus</strong></span> <span class='ocrx_word' id='word_1_22' title='bbox 1469 609 1634 678; x_wconf 85' lang='lat' dir='ltr'><strong>inquit</strong></span> <span class='ocrx_word' id='word_1_23' title='bbox 1667 625 1682 662; x_wconf 89' lang='lat'><strong>:</strong></span> <span class='ocrx_word' id='word_1_24' title='bbox 1719 607 1817 674; x_wconf 89' lang='lat' dir='ltr'><strong>Qui</strong></span> <span class='ocrx_word' id='word_1_25' title='bbox 1841 617 2005 660; x_wconf 82' lang='lat' dir='ltr'><strong>autem</strong></span> 
     </span>
    </p>
   </div>
   <div class='ocr_carea' id='block_1_5' title="bbox 414 698 2003 774">
    <p class='ocr_par' dir='ltr' id='par_1_5' title="bbox 414 698 2003 774">
     <span class='ocr_line' id='line_1_5' title="bbox 414 698 2003 774; baseline -0.008 -9"><span class='ocrx_word' id='word_1_26' title='bbox 414 713 469 765; x_wconf 91' lang='lat' dir='ltr'><strong>iu</strong></span> <span class='ocrx_word' id='word_1_27' title='bbox 513 727 664 764; x_wconf 88' lang='lat' dir='ltr'><strong>carne</strong></span> <span class='ocrx_word' id='word_1_28' title='bbox 689 717 823 770; x_wconf 87' lang='lat' dir='ltr'><strong>sunt,</strong></span> <span class='ocrx_word' id='word_1_29' title='bbox 861 706 965 759; x_wconf 89' lang='lat' dir='ltr'><strong>Deo</strong></span> <span class='ocrx_word' id='word_1_30' title='bbox 1010 705 1207 774; x_wconf 82' lang='lat' dir='ltr'><strong>placere</strong></span> <span class='ocrx_word' id='word_1_31' title='bbox 1253 719 1351 754; x_wconf 90' lang='lat' dir='ltr'><strong>non</strong></span> <span class='ocrx_word' id='word_1_32' title='bbox 1397 710 1604 769; x_wconf 87' lang='lat' dir='ltr'><strong>possunt</strong></span> <span class='ocrx_word' id='word_1_33' title='bbox 1643 699 1814 766; x_wconf 84' lang='lat' dir='ltr'><strong>(Rom.</strong></span> <span class='ocrx_word' id='word_1_34' title='bbox 1843 699 1894 753; x_wconf 90' lang='lat'><strong>8.</strong></span> <span class='ocrx_word' id='word_1_35' title='bbox 1927 698 2003 770; x_wconf 87' lang='lat'><strong>8).</strong></span> 
     </span>
    </p>
   </div>
   <div class='ocr_carea' id='block_1_6' title="bbox 415 791 2006 871">
    <p class='ocr_par' dir='ltr' id='par_1_6' title="bbox 415 791 2006 871">
     <span class='ocr_line' id='line_1_6' title="bbox 415 791 2006 871; baseline -0.008 -15"><span class='ocrx_word' id='word_1_36' title='bbox 415 802 554 869; x_wconf 89' lang='lat' dir='ltr'><strong>Quid</strong></span> <span class='ocrx_word' id='word_1_37' title='bbox 584 800 778 871; x_wconf 82' lang='lat' dir='ltr'><strong>igitur?</strong></span> <span class='ocrx_word' id='word_1_38' title='bbox 817 815 920 851; x_wconf 90' lang='lat' dir='ltr'><strong>nun</strong></span> <span class='ocrx_word' id='word_1_39' title='bbox 948 797 1041 850; x_wconf 90' lang='lat' dir='ltr'><strong>fuit</strong></span> <span class='ocrx_word' id='word_1_40' title='bbox 1070 796 1120 848; x_wconf 93' lang='lat' dir='ltr'><strong>in</strong></span> <span class='ocrx_word' id='word_1_41' title='bbox 1151 810 1310 848; x_wconf 87' lang='lat' dir='ltr'><strong>carne</strong></span> <span class='ocrx_word' id='word_1_42' title='bbox 1333 803 1388 846; x_wconf 86' lang='lat' dir='ltr'><strong>et</strong></span> <span class='ocrx_word' id='word_1_43' title='bbox 1419 795 1461 846; x_wconf 89' lang='lat' dir='ltr'><strong>is</strong></span> <span class='ocrx_word' id='word_1_44' title='bbox 1487 792 1575 860; x_wconf 85' lang='lat' dir='ltr'><strong>qui</strong></span> <span class='ocrx_word' id='word_1_45' title='bbox 1620 793 1733 845; x_wconf 67' lang='lat' dir='ltr'><strong>hate</strong></span> <span class='ocrx_word' id='word_1_46' title='bbox 1757 791 2006 845; x_wconf 84' lang='lat' dir='ltr'><strong>dicebat?</strong></span> 
     </span>
    </p>
   </div>
   <div class='ocr_carea' id='block_1_7' title="bbox 417 882 2007 958">
    <p class='ocr_par' dir='ltr' id='par_1_7' title="bbox 417 882 2007 958">
     <span class='ocr_line' id='line_1_7' title="bbox 417 882 2007 958; baseline -0.009 -10"><span class='ocrx_word' id='word_1_47' title='bbox 417 894 532 948; x_wconf 75' lang='lat' dir='ltr'><strong>Non</strong></span> <span class='ocrx_word' id='word_1_48' title='bbox 565 895 665 947; x_wconf 89' lang='lat' dir='ltr'><strong>hoc</strong></span> <span class='ocrx_word' id='word_1_49' title='bbox 709 891 863 953; x_wconf 92' lang='lat' dir='ltr'><strong>dixit,</strong></span> <span class='ocrx_word' id='word_1_50' title='bbox 895 888 1035 958; x_wconf 90' lang='lat' dir='ltr'><strong>quod</strong></span> <span class='ocrx_word' id='word_1_51' title='bbox 1081 887 1169 956; x_wconf 92' lang='lat' dir='ltr'><strong>qui</strong></span> <span class='ocrx_word' id='word_1_52' title='bbox 1216 899 1378 939; x_wconf 89' lang='lat' dir='ltr'><strong>carne</strong></span> <span class='ocrx_word' id='word_1_53' title='bbox 1419 882 1729 938; x_wconf 80' lang='lat' dir='ltr'><strong>circumdati</strong></span> <span class='ocrx_word' id='word_1_54' title='bbox 1767 883 1871 936; x_wconf 90' lang='lat' dir='ltr'><strong>sint</strong></span> <span class='ocrx_word' id='word_1_55' title='bbox 1900 882 2007 935; x_wconf 90' lang='lat' dir='ltr'><strong>Deo</strong></span> 
     </span>
    </p>
   </div>
   <div class='ocr_carea' id='block_1_8' title="bbox 419 973 2006 1056">
    <p class='ocr_par' dir='ltr' id='par_1_8' title="bbox 419 973 2006 1056">
     <span class='ocr_line' id='line_1_8' title="bbox 419 973 2006 1056; baseline -0.008 -15"><span class='ocrx_word' id='word_1_56' title='bbox 419 986 627 1056; x_wconf 78' lang='lat' dir='ltr'><strong>placere</strong></span> <span class='ocrx_word' id='word_1_57' title='bbox 673 998 776 1037; x_wconf 94' lang='lat' dir='ltr'><strong>non</strong></span> <span class='ocrx_word' id='word_1_58' title='bbox 807 982 1032 1053; x_wconf 78' lang='lat' dir='ltr'><strong>possint,</strong></span> <span class='ocrx_word' id='word_1_59' title='bbox 1079 979 1170 1032; x_wconf 89' lang='lat' dir='ltr'><strong>sed</strong></span> <span class='ocrx_word' id='word_1_60' title='bbox 1201 977 1269 1032; x_wconf 91' lang='lat' dir='ltr'><strong>de</strong></span> <span class='ocrx_word' id='word_1_61' title='bbox 1314 977 1378 1030; x_wconf 91' lang='lat' dir='ltr'><strong>iis</strong></span> <span class='ocrx_word' id='word_1_62' title='bbox 1410 975 1641 1044; x_wconf 86' lang='lat' dir='ltr'><strong>loquitur</strong></span> <span class='ocrx_word' id='word_1_63' title='bbox 1688 975 1778 1045; x_wconf 90' lang='lat' dir='ltr'><strong>qui</strong></span> <span class='ocrx_word' id='word_1_64' title='bbox 1808 973 2006 1028; x_wconf 90' lang='lat' dir='ltr'><strong>nullam</strong></span> 
     </span>
    </p>
   </div>
   <div class='ocr_carea' id='block_1_9' title="bbox 416 1067 2009 1136">
    <p class='ocr_par' dir='ltr' id='par_1_9' title="bbox 416 1067 2009 1136">
     <span class='ocr_line' id='line_1_9' title="bbox 416 1067 2009 1136; baseline -0.008 -6"><span class='ocrx_word' id='word_1_65' title='bbox 416 1077 624 1133; x_wconf 81' lang='lat' dir='ltr'><strong>virtutis</strong></span> <span class='ocrx_word' id='word_1_66' title='bbox 652 1075 910 1129; x_wconf 88' lang='lat' dir='ltr'><strong>rationem</strong></span> <span class='ocrx_word' id='word_1_67' title='bbox 944 1071 1164 1136; x_wconf 84' lang='lat' dir='ltr'><strong>habent,</strong></span> <span class='ocrx_word' id='word_1_68' title='bbox 1197 1079 1254 1124; x_wconf 90' lang='lat' dir='ltr'><strong>et</strong></span> <span class='ocrx_word' id='word_1_69' title='bbox 1284 1067 1411 1121; x_wconf 83' lang='lat' dir='ltr'><strong>nihil</strong></span> <span class='ocrx_word' id='word_1_70' title='bbox 1437 1068 1536 1121; x_wconf 90' lang='lat' dir='ltr'><strong>nisi</strong></span> <span class='ocrx_word' id='word_1_71' title='bbox 1563 1067 1773 1120; x_wconf 85' lang='lat' dir='ltr'><strong>carnale</strong></span> <span class='ocrx_word' id='word_1_72' title='bbox 1799 1067 2009 1135; x_wconf 84' lang='lat' dir='ltr'><strong>sapien-</strong></span> 
     </span>
    </p>
   </div>
   <div class='ocr_carea' id='block_1_10' title="bbox 417 1157 2007 1232">
    <p class='ocr_par' dir='ltr' id='par_1_10' title="bbox 417 1157 2007 1232">
     <span class='ocr_line' id='line_1_10' title="bbox 417 1157 2007 1232; baseline -0.008 -9"><span class='ocrx_word' id='word_1_73' title='bbox 417 1180 526 1230; x_wconf 83' lang='lat' dir='ltr'><strong>tcs,</strong></span> <span class='ocrx_word' id='word_1_74' title='bbox 557 1165 733 1221; x_wconf 88' lang='lat' dir='ltr'><strong>carnis</strong></span> <span class='ocrx_word' id='word_1_75' title='bbox 791 1165 1088 1232; x_wconf 87' lang='lat' dir='ltr'><strong>voluptates</strong></span> <span class='ocrx_word' id='word_1_76' title='bbox 1135 1169 1424 1225; x_wconf 86' lang='lat' dir='ltr'><strong>sectantur,</strong></span> <span class='ocrx_word' id='word_1_77' title='bbox 1474 1158 1773 1225; x_wconf 89' lang='lat' dir='ltr'><strong>nullamque</strong></span> <span class='ocrx_word' id='word_1_78' title='bbox 1817 1157 2007 1210; x_wconf 80' lang='lat' dir='ltr'><strong>anima:</strong></span> 
     </span>
    </p>
   </div>
   <div class='ocr_carea' id='block_1_11' title="bbox 419 1248 2004 1328">
    <p class='ocr_par' dir='ltr' id='par_1_11' title="bbox 419 1248 2004 1328">
     <span class='ocr_line' id='line_1_11' title="bbox 419 1248 2004 1328; baseline -0.007 -16"><span class='ocrx_word' id='word_1_79' title='bbox 419 1260 748 1328; x_wconf 64' lang='lat' dir='ltr'><strong>incorporea!</strong></span> <span class='ocrx_word' id='word_1_80' title='bbox 776 1266 830 1310; x_wconf 89' lang='lat' dir='ltr'><strong>et</strong></span> <span class='ocrx_word' id='word_1_81' title='bbox 875 1253 1164 1324; x_wconf 89' lang='lat' dir='ltr'><strong>spiritualis</strong></span> <span class='ocrx_word' id='word_1_82' title='bbox 1204 1266 1386 1305; x_wconf 90' lang='lat' dir='ltr'><strong>curatn</strong></span> <span class='ocrx_word' id='word_1_83' title='bbox 1427 1260 1634 1320; x_wconf 87' lang='lat' dir='ltr'><strong>gerunt.</strong></span> <span class='ocrx_word' id='word_1_84' title='bbox 1678 1248 1857 1318; x_wconf 87' lang='lat' dir='ltr'><strong>Itaque</strong></span> <span class='ocrx_word' id='word_1_85' title='bbox 1885 1248 2004 1317; x_wconf 84' lang='lat' dir='ltr'><strong>quia</strong></span> 
     </span>
    </p>
   </div>
   <div class='ocr_carea' id='block_1_12' title="bbox 420 1342 2006 1414">
    <p class='ocr_par' dir='ltr' id='par_1_12' title="bbox 420 1342 2006 1414">
     <span class='ocr_line' id='line_1_12' title="bbox 420 1342 2006 1414; baseline -0.007 -12"><span class='ocrx_word' id='word_1_86' title='bbox 420 1349 577 1403; x_wconf 86' lang='lat' dir='ltr'><strong>dictis</strong></span> <span class='ocrx_word' id='word_1_87' title='bbox 620 1349 734 1402; x_wconf 89' lang='lat' dir='ltr'><strong>istis</strong></span> <span class='ocrx_word' id='word_1_88' title='bbox 775 1347 949 1401; x_wconf 68' lang='lat' dir='ltr'><strong>ditina</strong></span> <span class='ocrx_word' id='word_1_89' title='bbox 994 1345 1267 1414; x_wconf 83' lang='lat' dir='ltr'><strong>Scriptura</strong></span> <span class='ocrx_word' id='word_1_90' title='bbox 1309 1342 1486 1397; x_wconf 84' lang='lat' dir='ltr'><strong>docuit</strong></span> <span class='ocrx_word' id='word_1_91' title='bbox 1527 1356 1624 1394; x_wconf 92' lang='lat' dir='ltr'><strong>nos</strong></span> <span class='ocrx_word' id='word_1_92' title='bbox 1672 1349 2006 1408; x_wconf 84' lang='lat' dir='ltr'><strong>peccatorum</strong></span> 
     </span>
    </p>
   </div>
   <div class='ocr_carea' id='block_1_13' title="bbox 422 1430 2006 1504">
    <p class='ocr_par' dir='ltr' id='par_1_13' title="bbox 422 1430 2006 1504">
     <span class='ocr_line' id='line_1_13' title="bbox 422 1430 2006 1504; baseline -0.008 -9"><span class='ocrx_word' id='word_1_93' title='bbox 422 1440 834 1504; x_wconf 87' lang='lat' dir='ltr'><strong>multitudinem,</strong></span> <span class='ocrx_word' id='word_1_94' title='bbox 862 1437 1078 1492; x_wconf 74' lang='lat' dir='ltr'><strong>malitia:</strong></span> <span class='ocrx_word' id='word_1_95' title='bbox 1100 1449 1402 1495; x_wconf 83' lang='lat' dir='ltr'><strong>excessum,</strong></span> <span class='ocrx_word' id='word_1_96' title='bbox 1422 1431 1796 1500; x_wconf 85' lang='lat' dir='ltr'><strong>indignationis</strong></span> <span class='ocrx_word' id='word_1_97' title='bbox 1815 1430 2006 1485; x_wconf 81' lang='lat' dir='ltr'><strong>divina:</strong></span> 
     </span>
    </p>
   </div>
   <div class='ocr_carea' id='block_1_14' title="bbox 424 1524 2005 1602">
    <p class='ocr_par' dir='ltr' id='par_1_14' title="bbox 424 1524 2005 1602">
     <span class='ocr_line' id='line_1_14' title="bbox 424 1524 2005 1602; baseline -0.008 -15"><span class='ocrx_word' id='word_1_98' title='bbox 424 1532 864 1602; x_wconf 86' lang='lat' dir='ltr'><strong>magnitudinem,</strong></span> <span class='ocrx_word' id='word_1_99' title='bbox 892 1541 947 1583; x_wconf 92' lang='lat' dir='ltr'><strong>ct</strong></span> <span class='ocrx_word' id='word_1_100' title='bbox 972 1527 1110 1598; x_wconf 92' lang='lat' dir='ltr'><strong>quod</strong></span> <span class='ocrx_word' id='word_1_101' title='bbox 1139 1527 1207 1582; x_wconf 90' lang='lat' dir='ltr'><strong>ob</strong></span> <span class='ocrx_word' id='word_1_102' title='bbox 1236 1525 1468 1580; x_wconf 91' lang='lat' dir='ltr'><strong>studium</strong></span> <span class='ocrx_word' id='word_1_103' title='bbox 1501 1524 1758 1578; x_wconf 87' lang='lat' dir='ltr'><strong>malorum</strong></span> <span class='ocrx_word' id='word_1_104' title='bbox 1786 1538 2005 1592; x_wconf 88' lang='lat' dir='ltr'><strong>operum</strong></span> 
     </span>
    </p>
   </div>
   <div class='ocr_carea' id='block_1_15' title="bbox 421 1616 2008 1692">
    <p class='ocr_par' dir='ltr' id='par_1_15' title="bbox 421 1616 2008 1692">
     <span class='ocr_line' id='line_1_15' title="bbox 421 1616 2008 1692; baseline -0.007 -13"><span class='ocrx_word' id='word_1_105' title='bbox 421 1625 586 1680; x_wconf 89' lang='lat' dir='ltr'><strong>scmel</strong></span> <span class='ocrx_word' id='word_1_106' title='bbox 615 1633 774 1692; x_wconf 89' lang='lat' dir='ltr'><strong>atque</strong></span> <span class='ocrx_word' id='word_1_107' title='bbox 805 1622 994 1676; x_wconf 84' lang='lat' dir='ltr'><strong>iterum</strong></span> <span class='ocrx_word' id='word_1_108' title='bbox 1040 1635 1104 1674; x_wconf 88' lang='lat' dir='ltr'><strong>ac</strong></span> <span class='ocrx_word' id='word_1_109' title='bbox 1152 1618 1310 1674; x_wconf 90' lang='lat' dir='ltr'><strong>tertio</strong></span> <span class='ocrx_word' id='word_1_110' title='bbox 1362 1628 1555 1671; x_wconf 85' lang='lat' dir='ltr'><strong>terram</strong></span> <span class='ocrx_word' id='word_1_111' title='bbox 1609 1631 1700 1670; x_wconf 91' lang='lat' dir='ltr'><strong>eos</strong></span> <span class='ocrx_word' id='word_1_112' title='bbox 1744 1616 1833 1684; x_wconf 92' lang='lat' dir='ltr'><strong>qui</strong></span> <span class='ocrx_word' id='word_1_113' title='bbox 1884 1625 2008 1668; x_wconf 92' lang='lat' dir='ltr'><strong>tunc</strong></span> 
     </span>
    </p>
   </div>
   <div class='ocr_carea' id='block_1_16' title="bbox 424 1706 2008 1777">
    <p class='ocr_par' dir='ltr' id='par_1_16' title="bbox 424 1706 2008 1777">
     <span class='ocr_line' id='line_1_16' title="bbox 424 1706 2008 1777; baseline -0.006 -9"><span class='ocrx_word' id='word_1_114' title='bbox 424 1715 670 1770; x_wconf 86' lang='lat' dir='ltr'><strong>vivebant</strong></span> <span class='ocrx_word' id='word_1_115' title='bbox 718 1712 1102 1776; x_wconf 81' lang='lat' dir='ltr'><strong>nominaverit,</strong></span> <span class='ocrx_word' id='word_1_116' title='bbox 1156 1708 1439 1777; x_wconf 87' lang='lat' dir='ltr'><strong>carnisque</strong></span> <span class='ocrx_word' id='word_1_117' title='bbox 1480 1706 1696 1760; x_wconf 88' lang='lat' dir='ltr'><strong>nomine</strong></span> <span class='ocrx_word' id='word_1_118' title='bbox 1745 1706 2008 1758; x_wconf 78' lang='lat' dir='ltr'><strong>vocaverit</strong></span> 
     </span>
    </p>
   </div>
   <div class='ocr_carea' id='block_1_17' title="bbox 419 1796 2008 1877">
    <p class='ocr_par' dir='ltr' id='par_1_17' title="bbox 419 1796 2008 1877">
     <span class='ocr_line' id='line_1_17' title="bbox 419 1796 2008 1877; baseline -0.008 -16"><span class='ocrx_word' id='word_1_119' title='bbox 419 1806 674 1877; x_wconf 86' lang='lat' dir='ltr'><strong>spoliatos</strong></span> <span class='ocrx_word' id='word_1_120' title='bbox 721 1802 1018 1858; x_wconf 75' lang='lat' dir='ltr'><strong>communis</strong></span> <span class='ocrx_word' id='word_1_121' title='bbox 1062 1812 1266 1854; x_wconf 67' lang='lat' dir='ltr'><strong>natura:</strong></span> <span class='ocrx_word' id='word_1_122' title='bbox 1309 1796 1563 1852; x_wconf 83' lang='lat' dir='ltr'><strong>vocabulo</strong></span> <span class='ocrx_word' id='word_1_123' title='bbox 1595 1814 1606 1848; x_wconf 77' lang='grc' dir='ltr'>ε</span> <span class='ocrx_word' id='word_1_124' title='bbox 1641 1811 1779 1850; x_wconf 91' lang='lat' dir='ltr'><strong>nunc</strong></span> <span class='ocrx_word' id='word_1_125' title='bbox 1811 1812 1904 1863; x_wconf 82' lang='lat' dir='ltr'><strong>per</strong></span> <span class='ocrx_word' id='word_1_126' title='bbox 1946 1810 2008 1850; x_wconf 89' lang='lat' dir='ltr'><strong>ca</strong></span> 
     </span>
    </p>
   </div>
   <div class='ocr_carea' id='block_1_18' title="bbox 421 1888 2011 1968">
    <p class='ocr_par' dir='ltr' id='par_1_18' title="bbox 421 1888 2011 1968">
     <span class='ocr_line' id='line_1_18' title="bbox 421 1888 2011 1968; baseline -0.008 -16"><span class='ocrx_word' id='word_1_127' title='bbox 421 1913 540 1968; x_wconf 73' lang='lat' dir='ltr'><strong>qua:</strong></span> <span class='ocrx_word' id='word_1_128' title='bbox 565 1896 765 1960; x_wconf 81' lang='lat' dir='ltr'><strong>subdit,</strong></span> <span class='ocrx_word' id='word_1_129' title='bbox 799 1893 1117 1948; x_wconf 76' lang='lat' dir='ltr'><strong>inefl‘abiletn</strong></span> <span class='ocrx_word' id='word_1_130' title='bbox 1169 1892 1257 1947; x_wconf 91' lang='lat' dir='ltr'><strong>Dei</strong></span> <span class='ocrx_word' id='word_1_131' title='bbox 1289 1889 1727 1953; x_wconf 90' lang='lat' dir='ltr'><strong>misericordiam,</strong></span> <span class='ocrx_word' id='word_1_132' title='bbox 1757 1900 1810 1943; x_wconf 91' lang='lat' dir='ltr'><strong>et</strong></span> <span class='ocrx_word' id='word_1_133' title='bbox 1841 1888 2011 1941; x_wconf 91' lang='lat' dir='ltr'><strong>indul-</strong></span> 
     </span>
    </p>
   </div>
   <div class='ocr_carea' id='block_1_19' title="bbox 425 1978 2008 2058">
    <p class='ocr_par' dir='ltr' id='par_1_19' title="bbox 425 1978 2008 2058">
     <span class='ocr_line' id='line_1_19' title="bbox 425 1978 2008 2058; baseline -0.006 -16"><span class='ocrx_word' id='word_1_134' title='bbox 425 1987 614 2058; x_wconf 83' lang='lat' dir='ltr'><strong>gentiae</strong></span> <span class='ocrx_word' id='word_1_135' title='bbox 642 1987 755 2055; x_wconf 89' lang='lat' dir='ltr'><strong>cjus</strong></span> <span class='ocrx_word' id='word_1_136' title='bbox 785 1983 1198 2054; x_wconf 80' lang='lat' dir='ltr'><strong>magnitudinem</strong></span> <span class='ocrx_word' id='word_1_137' title='bbox 1229 1980 1462 2036; x_wconf 86' lang='lat' dir='ltr'><strong>ostendit</strong></span> <span class='ocrx_word' id='word_1_138' title='bbox 1487 1979 1660 2034; x_wconf 85' lang='lat' dir='ltr'><strong>nobis.</strong></span> <span class='ocrx_word' id='word_1_139' title='bbox 1689 1978 1823 2045; x_wconf 89' lang='lat' dir='ltr'><strong>Quid</strong></span> <span class='ocrx_word' id='word_1_140' title='bbox 1866 1979 2008 2033; x_wconf 87' lang='lat' dir='ltr'><strong>enim</strong></span> 
     </span>
    </p>
   </div>
   <div class='ocr_carea' id='block_1_20' title="bbox 427 2073 1332 2132">
    <p class='ocr_par' dir='ltr' id='par_1_20' title="bbox 427 2073 1332 2132">
     <span class='ocr_line' id='line_1_20' title="bbox 427 2073 1332 2132; baseline -0.007 0"><span class='ocrx_word' id='word_1_141' title='bbox 427 2080 542 2132; x_wconf 84' lang='lat' dir='ltr'><strong>ait?</strong></span> <span class='ocrx_word' id='word_1_142' title='bbox 574 2077 640 2130; x_wconf 84' lang='lat' dir='ltr'><strong>Et</strong></span> <span class='ocrx_word' id='word_1_143' title='bbox 667 2077 794 2130; x_wconf 71' lang='lat' dir='ltr'><strong>dixit</strong></span> <span class='ocrx_word' id='word_1_144' title='bbox 823 2075 1061 2129; x_wconf 77' lang='lat' dir='ltr'><strong>Dominus</strong></span> <span class='ocrx_word' id='word_1_145' title='bbox 1089 2075 1156 2126; x_wconf 89' lang='lat' dir='ltr'><strong>ad</strong></span> <span class='ocrx_word' id='word_1_146' title='bbox 1205 2073 1332 2126; x_wconf 79' lang='lat' dir='ltr'><strong>Noe.</strong></span> 
     </span>
    </p>
   </div>
   <div class='ocr_carea' id='block_1_21' title="bbox 499 2161 2007 2234">
    <p class='ocr_par' dir='ltr' id='par_1_21' title="bbox 499 2161 2007 2234">
     <span class='ocr_line' id='line_1_21' title="bbox 499 2161 2007 2234; baseline -0.005 -11"><span class='ocrx_word' id='word_1_147' title='bbox 499 2170 551 2224; x_wconf 73' lang='lat'><strong>5.</strong></span> <span class='ocrx_word' id='word_1_148' title='bbox 586 2167 717 2221; x_wconf 80' lang='lat' dir='ltr'><strong>Vide</strong></span> <span class='ocrx_word' id='word_1_149' title='bbox 741 2182 999 2221; x_wconf 87' lang='lat' dir='ltr'><strong>sununam</strong></span> <span class='ocrx_word' id='word_1_150' title='bbox 1029 2165 1340 2219; x_wconf 84' lang='lat' dir='ltr'><strong>bonitatem.</strong></span> <span class='ocrx_word' id='word_1_151' title='bbox 1382 2162 1652 2234; x_wconf 90' lang='lat' dir='ltr'><strong>Siquidem</strong></span> <span class='ocrx_word' id='word_1_152' title='bbox 1678 2164 1821 2231; x_wconf 86' lang='lat' dir='ltr'><strong>justo</strong></span> <span class='ocrx_word' id='word_1_153' title='bbox 1848 2161 1969 2217; x_wconf 91' lang='lat' dir='ltr'><strong>huic</strong></span> <span class='ocrx_word' id='word_1_154' title='bbox 1993 2203 2007 2225; x_wconf 95' lang='lat'><strong>,</strong></span> 
     </span>
    </p>
   </div>
   <div class='ocr_carea' id='block_1_22' title="bbox 429 2255 2008 2323">
    <p class='ocr_par' dir='ltr' id='par_1_22' title="bbox 429 2255 2008 2323">
     <span class='ocr_line' id='line_1_22' title="bbox 429 2255 2008 2323; baseline -0.006 -7"><span class='ocrx_word' id='word_1_155' title='bbox 429 2261 564 2316; x_wconf 80' lang='lat' dir='ltr'><strong>sicut</strong></span> <span class='ocrx_word' id='word_1_156' title='bbox 593 2257 798 2312; x_wconf 90' lang='lat' dir='ltr'><strong>amicus</strong></span> <span class='ocrx_word' id='word_1_157' title='bbox 824 2256 1016 2319; x_wconf 87' lang='lat' dir='ltr'><strong>amico,</strong></span> <span class='ocrx_word' id='word_1_158' title='bbox 1057 2255 1411 2310; x_wconf 85' lang='lat' dir='ltr'><strong>communicat</strong></span> <span class='ocrx_word' id='word_1_159' title='bbox 1437 2269 1554 2308; x_wconf 89' lang='lat' dir='ltr'><strong>eam</strong></span> <span class='ocrx_word' id='word_1_160' title='bbox 1599 2267 1808 2323; x_wconf 74' lang='lat' dir='ltr'><strong>ptenam</strong></span> <span class='ocrx_word' id='word_1_161' title='bbox 1852 2267 2008 2322; x_wconf 91' lang='lat' dir='ltr'><strong>quam</strong></span> 
     </span>
    </p>
   </div>
   <div class='ocr_carea' id='block_1_23' title="bbox 430 2342 2011 2417">
    <p class='ocr_par' dir='ltr' id='par_1_23' title="bbox 430 2342 2011 2417">
     <span class='ocr_line' id='line_1_23' title="bbox 430 2342 2011 2417; baseline -0.005 -13"><span class='ocrx_word' id='word_1_162' title='bbox 430 2351 660 2404; x_wconf 83' lang='lat' dir='ltr'><strong>humano</strong></span> <span class='ocrx_word' id='word_1_163' title='bbox 684 2347 865 2417; x_wconf 80' lang='lat' dir='ltr'><strong>generi</strong></span> <span class='ocrx_word' id='word_1_164' title='bbox 893 2357 972 2399; x_wconf 83' lang='lat' dir='ltr'><strong>est</strong></span> <span class='ocrx_word' id='word_1_165' title='bbox 996 2347 1370 2411; x_wconf 89' lang='lat' dir='ltr'><strong>intentaturus,</strong></span> <span class='ocrx_word' id='word_1_166' title='bbox 1399 2353 1454 2399; x_wconf 91' lang='lat' dir='ltr'><strong>et</strong></span> <span class='ocrx_word' id='word_1_167' title='bbox 1480 2344 1608 2398; x_wconf 88' lang='lat' dir='ltr'><strong>dicit</strong></span> <span class='ocrx_word' id='word_1_168' title='bbox 1632 2362 1644 2396; x_wconf 92' lang='lat'>:</span> <span class='ocrx_word' id='word_1_169' title='bbox 1676 2344 1760 2398; x_wconf 76' lang='grc'><strong>15.</strong></span> <span class='ocrx_word' id='word_1_170' title='bbox 1792 2342 2011 2412; x_wconf 87' lang='lat' dir='ltr'><strong>Tempus</strong></span> 
     </span>
    </p>
   </div>
   <div class='ocr_carea' id='block_1_24' title="bbox 427 2436 2012 2503">
    <p class='ocr_par' dir='ltr' id='par_1_24' title="bbox 427 2436 2012 2503">
     <span class='ocr_line' id='line_1_24' title="bbox 427 2436 2012 2503; baseline -0.004 -9"><span class='ocrx_word' id='word_1_171' title='bbox 427 2441 590 2495; x_wconf 84' lang='lat' dir='ltr'><strong>omnis</strong></span> <span class='ocrx_word' id='word_1_172' title='bbox 618 2439 832 2491; x_wconf 81' lang='lat' dir='ltr'><strong>hominis</strong></span> <span class='ocrx_word' id='word_1_173' title='bbox 863 2437 992 2491; x_wconf 87' lang='lat' dir='ltr'><strong>venit</strong></span> <span class='ocrx_word' id='word_1_174' title='bbox 1028 2453 1198 2490; x_wconf 88' lang='lat' dir='ltr'><strong>coram</strong></span> <span class='ocrx_word' id='word_1_175' title='bbox 1237 2453 1333 2489; x_wconf 88' lang='lat' dir='ltr'><strong>me.</strong></span> <span class='ocrx_word' id='word_1_176' title='bbox 1366 2436 1498 2502; x_wconf 83' lang='lat' dir='ltr'><strong>Quia</strong></span> <span class='ocrx_word' id='word_1_177' title='bbox 1523 2436 1728 2503; x_wconf 82' lang='lat' dir='ltr'><strong>impleta</strong></span> <span class='ocrx_word' id='word_1_178' title='bbox 1769 2443 1840 2489; x_wconf 87' lang='lat' dir='ltr'><strong>est</strong></span> <span class='ocrx_word' id='word_1_179' title='bbox 1880 2443 2012 2489; x_wconf 82' lang='lat' dir='ltr'><strong>terra</strong></span> 
     </span>
    </p>
   </div>
   <div class='ocr_carea' id='block_1_25' title="bbox 427 2528 2006 2602">
    <p class='ocr_par' dir='ltr' id='par_1_25' title="bbox 427 2528 2006 2602">
     <span class='ocr_line' id='line_1_25' title="bbox 427 2528 2006 2602; baseline -0.003 -18"><span class='ocrx_word' id='word_1_180' title='bbox 427 2532 676 2602; x_wconf 86' lang='lat' dir='ltr'><strong>iujustitia</strong></span> <span class='ocrx_word' id='word_1_181' title='bbox 713 2531 918 2584; x_wconf 71' lang='lat' dir='ltr'><strong>exiliis.</strong></span> <span class='ocrx_word' id='word_1_182' title='bbox 956 2529 1020 2582; x_wconf 85' lang='lat' dir='ltr'><strong>Et</strong></span> <span class='ocrx_word' id='word_1_183' title='bbox 1064 2546 1175 2583; x_wconf 80' lang='lat' dir='ltr'><strong>ecce</strong></span> <span class='ocrx_word' id='word_1_184' title='bbox 1201 2545 1291 2599; x_wconf 89' lang='lat' dir='ltr'><strong>ego</strong></span> <span class='ocrx_word' id='word_1_185' title='bbox 1317 2529 1551 2597; x_wconf 79' lang='lat' dir='ltr'><strong>disperde</strong></span> <span class='ocrx_word' id='word_1_186' title='bbox 1581 2528 1695 2583; x_wconf 91' lang='lat' dir='ltr'><strong>illos</strong></span> <span class='ocrx_word' id='word_1_187' title='bbox 1735 2537 1778 2581; x_wconf 87' lang='lat' dir='ltr'><strong>et</strong></span> <span class='ocrx_word' id='word_1_188' title='bbox 1805 2538 2006 2580; x_wconf 88' lang='lat' dir='ltr'><strong>terram.</strong></span> 
     </span>
    </p>
   </div>
   <div class='ocr_carea' id='block_1_26' title="bbox 427 2617 2014 2690">
    <p class='ocr_par' dir='ltr' id='par_1_26' title="bbox 427 2617 2014 2690">
     <span class='ocr_line' id='line_1_26' title="bbox 427 2617 2014 2690; baseline -0.003 -14"><span class='ocrx_word' id='word_1_189' title='bbox 427 2623 564 2689; x_wconf 83' lang='lat' dir='ltr'><strong>Quid</strong></span> <span class='ocrx_word' id='word_1_190' title='bbox 592 2631 673 2676; x_wconf 89' lang='lat' dir='ltr'><strong>est</strong></span> <span class='ocrx_word' id='word_1_191' title='bbox 696 2663 710 2684; x_wconf 91' lang='lat'><strong>,</strong></span> <span class='ocrx_word' id='word_1_192' title='bbox 739 2619 958 2690; x_wconf 77' lang='lat' dir='ltr'><strong>Tempus</strong></span> <span class='ocrx_word' id='word_1_193' title='bbox 983 2620 1146 2674; x_wconf 91' lang='lat' dir='ltr'><strong>omnis</strong></span> <span class='ocrx_word' id='word_1_194' title='bbox 1168 2619 1383 2673; x_wconf 86' lang='lat' dir='ltr'><strong>hominis</strong></span> <span class='ocrx_word' id='word_1_195' title='bbox 1410 2619 1537 2673; x_wconf 79' lang='lat' dir='ltr'><strong>venit</strong></span> <span class='ocrx_word' id='word_1_196' title='bbox 1565 2635 1734 2672; x_wconf 84' lang='lat' dir='ltr'><strong>coram</strong></span> <span class='ocrx_word' id='word_1_197' title='bbox 1760 2635 1837 2672; x_wconf 88' lang='lat' dir='ltr'><strong>me</strong></span> <span class='ocrx_word' id='word_1_198' title='bbox 1855 2620 1880 2672; x_wconf 70' lang='lat'><strong>.7</strong></span> <span class='ocrx_word' id='word_1_199' title='bbox 1908 2617 2014 2672; x_wconf 84' lang='lat' dir='ltr'><strong>Ma-</strong></span> 
     </span>
    </p>
   </div>
   <div class='ocr_carea' id='block_1_27' title="bbox 429 2711 2011 2785">
    <p class='ocr_par' dir='ltr' id='par_1_27' title="bbox 429 2711 2011 2785">
     <span class='ocr_line' id='line_1_27' title="bbox 429 2711 2011 2785; baseline -0.003 -16"><span class='ocrx_word' id='word_1_200' title='bbox 429 2731 610 2785; x_wconf 89' lang='lat' dir='ltr'><strong>gnam,</strong></span> <span class='ocrx_word' id='word_1_201' title='bbox 646 2715 834 2784; x_wconf 86' lang='lat' dir='ltr'><strong>inquit,</strong></span> <span class='ocrx_word' id='word_1_202' title='bbox 875 2713 1080 2768; x_wconf 89' lang='lat' dir='ltr'><strong>ostendi</strong></span> <span class='ocrx_word' id='word_1_203' title='bbox 1133 2711 1458 2780; x_wconf 90' lang='lat' dir='ltr'><strong>patientiam,</strong></span> <span class='ocrx_word' id='word_1_204' title='bbox 1491 2727 1736 2783; x_wconf 88' lang='lat' dir='ltr'><strong>magnam</strong></span> <span class='ocrx_word' id='word_1_205' title='bbox 1783 2712 2011 2766; x_wconf 90' lang='lat' dir='ltr'><strong>toleran-</strong></span> 
     </span>
    </p>
   </div>
   <div class='ocr_carea' id='block_1_28' title="bbox 433 2791 2014 2874">
    <p class='ocr_par' dir='ltr' id='par_1_28' title="bbox 433 2791 2014 2874">
     <span class='ocr_line' id='line_1_28' title="bbox 433 2791 2014 2874; baseline -0.002 -13"><span class='ocrx_word' id='word_1_206' title='bbox 433 2811 576 2871; x_wconf 85' lang='lat' dir='ltr'><strong>tiam,</strong></span> <span class='ocrx_word' id='word_1_207' title='bbox 631 2807 818 2860; x_wconf 89' lang='lat' dir='ltr'><strong>nolcns</strong></span> <span class='ocrx_word' id='word_1_208' title='bbox 865 2805 1004 2859; x_wconf 89' lang='lat' dir='ltr'><strong>hanc</strong></span> <span class='ocrx_word' id='word_1_209' title='bbox 1052 2791 1260 2858; x_wconf 22' lang='lat' dir='ltr'><strong>inferre.</strong></span> <span class='ocrx_word' id='word_1_210' title='bbox 1296 2819 1526 2873; x_wconf 69' lang='lat' dir='ltr'><strong>prunam,</strong></span> <span class='ocrx_word' id='word_1_211' title='bbox 1571 2820 1727 2874; x_wconf 89' lang='lat' dir='ltr'><strong>quam</strong></span> <span class='ocrx_word' id='word_1_212' title='bbox 1772 2804 2014 2858; x_wconf 88' lang='lat' dir='ltr'><strong>illaturus</strong></span> 
     </span>
    </p>
   </div>
   <div class='ocr_carea' id='block_1_29' title="bbox 430 2895 2015 2964">
    <p class='ocr_par' dir='ltr' id='par_1_29' title="bbox 430 2895 2015 2964">
     <span class='ocr_line' id='line_1_29' title="bbox 430 2895 2015 2964; baseline -0.003 -9"><span class='ocrx_word' id='word_1_213' title='bbox 430 2915 547 2955; x_wconf 89' lang='lat' dir='ltr'><strong>sum</strong></span> <span class='ocrx_word' id='word_1_214' title='bbox 581 2916 593 2950; x_wconf 92' lang='lat'><strong>:</strong></span> <span class='ocrx_word' id='word_1_215' title='bbox 626 2897 718 2950; x_wconf 85' lang='lat' dir='ltr'><strong>sed</strong></span> <span class='ocrx_word' id='word_1_216' title='bbox 747 2896 869 2964; x_wconf 86' lang='lat' dir='ltr'><strong>quia</strong></span> <span class='ocrx_word' id='word_1_217' title='bbox 906 2895 1553 2964; x_wconf 80' lang='lat' dir='ltr'><strong>immodica&#39;peCcatmum</strong></span> <span class='ocrx_word' id='word_1_218' title='bbox 1600 2897 1804 2950; x_wconf 90' lang='lat' dir='ltr'><strong>illorum</strong></span> <span class='ocrx_word' id='word_1_219' title='bbox 1837 2897 2015 2951; x_wconf 92' lang='lat' dir='ltr'><strong>multi-</strong></span> 
     </span>
    </p>
   </div>
   <div class='ocr_carea' id='block_1_30' title="bbox 432 2985 2015 3056">
    <p class='ocr_par' dir='ltr' id='par_1_30' title="bbox 432 2985 2015 3056">
     <span class='ocr_line' id='line_1_30' title="bbox 432 2985 2015 3056; baseline -0.001 -13"><span class='ocrx_word' id='word_1_220' title='bbox 432 2989 558 3043; x_wconf 92' lang='lat' dir='ltr'><strong>tudo</strong></span> <span class='ocrx_word' id='word_1_221' title='bbox 584 2989 634 3041; x_wconf 87' lang='lat' dir='ltr'><strong>itt</strong></span> <span class='ocrx_word' id='word_1_222' title='bbox 666 2988 766 3040; x_wconf 89' lang='lat' dir='ltr'><strong>hoc</strong></span> <span class='ocrx_word' id='word_1_223' title='bbox 813 2995 1021 3056; x_wconf 90' lang='lat' dir='ltr'><strong>tempus</strong></span> <span class='ocrx_word' id='word_1_224' title='bbox 1048 3002 1142 3040; x_wconf 89' lang='lat' dir='ltr'><strong>eos</strong></span> <span class='ocrx_word' id='word_1_225' title='bbox 1170 2985 1408 3051; x_wconf 83' lang='lat' dir='ltr'><strong>adduxit,</strong></span> <span class='ocrx_word' id='word_1_226' title='bbox 1459 2987 1616 3040; x_wconf 90' lang='lat' dir='ltr'><strong>finem</strong></span> <span class='ocrx_word' id='word_1_227' title='bbox 1649 2988 1711 3041; x_wconf 91' lang='lat' dir='ltr'><strong>iis</strong></span> <span class='ocrx_word' id='word_1_228' title='bbox 1741 2987 2015 3056; x_wconf 84' lang='lat' dir='ltr'><strong>imponere</strong></span> 
     </span>
    </p>
   </div>
   <div class='ocr_carea' id='block_1_31' title="bbox 430 3076 2016 3149">
    <p class='ocr_par' dir='ltr' id='par_1_31' title="bbox 430 3076 2016 3149">
     <span class='ocr_line' id='line_1_31' title="bbox 430 3076 2016 3149; baseline -0.001 -15"><span class='ocrx_word' id='word_1_229' title='bbox 430 3089 671 3149; x_wconf 88' lang='lat' dir='ltr'><strong>oportet,</strong></span> <span class='ocrx_word' id='word_1_230' title='bbox 721 3077 1063 3147; x_wconf 84' lang='lat' dir='ltr'><strong>cxscindique</strong></span> <span class='ocrx_word' id='word_1_231' title='bbox 1102 3076 1314 3130; x_wconf 88' lang='lat' dir='ltr'><strong>illorum</strong></span> <span class='ocrx_word' id='word_1_232' title='bbox 1367 3077 1642 3143; x_wconf 88' lang='lat' dir='ltr'><strong>malitiam,</strong></span> <span class='ocrx_word' id='word_1_233' title='bbox 1685 3093 1750 3132; x_wconf 92' lang='lat' dir='ltr'><strong>ne</strong></span> <span class='ocrx_word' id='word_1_234' title='bbox 1793 3078 2016 3132; x_wconf 89' lang='lat' dir='ltr'><strong>ulterius</strong></span> 
     </span>
    </p>
   </div>
   <div class='ocr_carea' id='block_1_32' title="bbox 433 3166 2016 3242">
    <p class='ocr_par' dir='ltr' id='par_1_32' title="bbox 433 3166 2016 3242">
     <span class='ocr_line' id='line_1_32' title="bbox 433 3166 2016 3242; baseline -0.002 -16"><span class='ocrx_word' id='word_1_235' title='bbox 433 3169 798 3242; x_wconf 78' lang='lat' dir='ltr'><strong>progrediatur</strong></span> <span class='ocrx_word' id='word_1_236' title='bbox 825 3185 838 3222; x_wconf 91' lang='lat'>:</span> <span class='ocrx_word' id='word_1_237' title='bbox 863 3166 1084 3236; x_wconf 87' lang='lat' dir='ltr'><strong>Tempus</strong></span> <span class='ocrx_word' id='word_1_238' title='bbox 1135 3167 1318 3231; x_wconf 90' lang='lat' dir='ltr'><strong>cnim,</strong></span> <span class='ocrx_word' id='word_1_239' title='bbox 1369 3168 1557 3236; x_wconf 88' lang='lat' dir='ltr'><strong>inquit,</strong></span> <span class='ocrx_word' id='word_1_240' title='bbox 1602 3168 1763 3221; x_wconf 89' lang='lat' dir='ltr'><strong>omnis</strong></span> <span class='ocrx_word' id='word_1_241' title='bbox 1803 3168 2016 3223; x_wconf 84' lang='lat' dir='ltr'><strong>hominis</strong></span> 
     </span>
    </p>
   </div>
   <div class='ocr_carea' id='block_1_33' title="bbox 434 3257 2018 3330">
    <p class='ocr_par' dir='ltr' id='par_1_33' title="bbox 434 3257 2018 3330">
     <span class='ocr_line' id='line_1_33' title="bbox 434 3257 2018 3330; baseline -0.003 -13"><span class='ocrx_word' id='word_1_242' title='bbox 434 3264 563 3318; x_wconf 82' lang='lat' dir='ltr'><strong>venit</strong></span> <span class='ocrx_word' id='word_1_243' title='bbox 584 3279 752 3316; x_wconf 90' lang='lat' dir='ltr'><strong>coram</strong></span> <span class='ocrx_word' id='word_1_244' title='bbox 795 3278 871 3314; x_wconf 90' lang='lat' dir='ltr'><strong>me</strong></span> <span class='ocrx_word' id='word_1_245' title='bbox 912 3258 1061 3330; x_wconf 77' lang='lat' dir='ltr'><strong>(Gen.</strong></span> <span class='ocrx_word' id='word_1_246' title='bbox 1089 3259 1143 3314; x_wconf 87' lang='grc'><strong>6.</strong></span> <span class='ocrx_word' id='word_1_247' title='bbox 1189 3257 1265 3330; x_wconf 85' lang='grc'><strong>5).</strong></span> <span class='ocrx_word' id='word_1_248' title='bbox 1299 3258 1430 3313; x_wconf 78' lang='lat' dir='ltr'><strong>Vide</strong></span> <span class='ocrx_word' id='word_1_249' title='bbox 1459 3268 1511 3312; x_wconf 89' lang='lat' dir='ltr'><strong>ct</strong></span> <span class='ocrx_word' id='word_1_250' title='bbox 1538 3258 1642 3326; x_wconf 90' lang='lat' dir='ltr'><strong>hic,</strong></span> <span class='ocrx_word' id='word_1_251' title='bbox 1670 3259 1936 3329; x_wconf 88' lang='lat' dir='ltr'><strong>quomodo</strong></span> <span class='ocrx_word' id='word_1_252' title='bbox 1964 3268 2018 3312; x_wconf 92' lang='lat' dir='ltr'><strong>ut</strong></span> 
     </span>
    </p>
   </div>
   <div class='ocr_carea' id='block_1_34' title="bbox 433 3349 2014 3424">
    <p class='ocr_par' dir='ltr' id='par_1_34' title="bbox 433 3349 2014 3424">
     <span class='ocr_line' id='line_1_34' title="bbox 433 3349 2014 3424; baseline -0.002 -16"><span class='ocrx_word' id='word_1_253' title='bbox 433 3355 676 3424; x_wconf 88' lang='lat' dir='ltr'><strong>superius</strong></span> <span class='ocrx_word' id='word_1_254' title='bbox 718 3352 948 3415; x_wconf 87' lang='lat' dir='ltr'><strong>diccbat,</strong></span> <span class='ocrx_word' id='word_1_255' title='bbox 983 3349 1333 3419; x_wconf 72' lang='lat' dir='ltr'><strong>Unusquisque</strong></span> <span class='ocrx_word' id='word_1_256' title='bbox 1380 3351 1588 3420; x_wconf 79' lang='lat' dir='ltr'><strong>cogitat,</strong></span> <span class='ocrx_word' id='word_1_257' title='bbox 1639 3351 1707 3404; x_wconf 89' lang='lat' dir='ltr'><strong>ita</strong></span> <span class='ocrx_word' id='word_1_258' title='bbox 1739 3361 1791 3405; x_wconf 92' lang='lat' dir='ltr'><strong>et</strong></span> <span class='ocrx_word' id='word_1_259' title='bbox 1837 3366 2014 3418; x_wconf 90' lang='lat' dir='ltr'><strong>nunc,</strong></span> 
     </span>
    </p>
   </div>
   <div class='ocr_carea' id='block_1_35' title="bbox 437 3441 2017 3512">
    <p class='ocr_par' dir='ltr' id='par_1_35' title="bbox 437 3441 2017 3512">
     <span class='ocr_line' id='line_1_35' title="bbox 437 3441 2017 3512; baseline -0.001 -15"><span class='ocrx_word' id='word_1_260' title='bbox 437 3444 614 3497; x_wconf 87' lang='lat' dir='ltr'><strong>Omnis</strong></span> <span class='ocrx_word' id='word_1_261' title='bbox 635 3443 870 3497; x_wconf 80' lang='lat' dir='ltr'><strong>hominis.</strong></span> <span class='ocrx_word' id='word_1_262' title='bbox 897 3443 1095 3495; x_wconf 89' lang='lat' dir='ltr'><strong>Omnes</strong></span> <span class='ocrx_word' id='word_1_263' title='bbox 1120 3441 1261 3494; x_wconf 89' lang='lat' dir='ltr'><strong>enim</strong></span> <span class='ocrx_word' id='word_1_264' title='bbox 1293 3442 1652 3505; x_wconf 82' lang='lat' dir='ltr'><strong>coasentiunt,</strong></span> <span class='ocrx_word' id='word_1_265' title='bbox 1679 3441 1742 3496; x_wconf 88' lang='lat' dir='ltr'><strong>ad</strong></span> <span class='ocrx_word' id='word_1_266' title='bbox 1768 3443 2017 3512; x_wconf 89' lang='lat' dir='ltr'><strong>iniquita-</strong></span> 
     </span>
    </p>
   </div>
   <div class='ocr_carea' id='block_1_36' title="bbox 437 3532 2018 3602">
    <p class='ocr_par' dir='ltr' id='par_1_36' title="bbox 437 3532 2018 3602">
     <span class='ocr_line' id='line_1_36' title="bbox 437 3532 2018 3602; baseline -0.001 -14"><span class='ocrx_word' id='word_1_267' title='bbox 437 3545 541 3588; x_wconf 88' lang='lat' dir='ltr'><strong>tem</strong></span> <span class='ocrx_word' id='word_1_268' title='bbox 569 3534 987 3602; x_wconf 89' lang='lat' dir='ltr'><strong>transfugerunt,</strong></span> <span class='ocrx_word' id='word_1_269' title='bbox 1017 3532 1203 3601; x_wconf 90' lang='lat' dir='ltr'><strong>inquit,</strong></span> <span class='ocrx_word' id='word_1_270' title='bbox 1231 3541 1283 3585; x_wconf 88' lang='lat' dir='ltr'><strong>et</strong></span> <span class='ocrx_word' id='word_1_271' title='bbox 1311 3532 1362 3584; x_wconf 92' lang='lat' dir='ltr'><strong>in</strong></span> <span class='ocrx_word' id='word_1_272' title='bbox 1390 3541 1528 3585; x_wconf 82' lang='lat' dir='ltr'><strong>tanta</strong></span> <span class='ocrx_word' id='word_1_273' title='bbox 1553 3532 1885 3587; x_wconf 90' lang='lat' dir='ltr'><strong>multitudine</strong></span> <span class='ocrx_word' id='word_1_274' title='bbox 1915 3549 2018 3586; x_wconf 91' lang='lat' dir='ltr'><strong>non</strong></span> 
     </span>
    </p>
   </div>
   <div class='ocr_carea' id='block_1_37' title="bbox 440 3624 2020 3695">
    <p class='ocr_par' dir='ltr' id='par_1_37' title="bbox 440 3624 2020 3695">
     <span class='ocr_line' id='line_1_37' title="bbox 440 3624 2020 3695; baseline 0 -15"><span class='ocrx_word' id='word_1_275' title='bbox 440 3626 660 3681; x_wconf 84' lang='lat' dir='ltr'><strong>inveniri</strong></span> <span class='ocrx_word' id='word_1_276' title='bbox 705 3634 878 3694; x_wconf 91' lang='lat' dir='ltr'><strong>potest</strong></span> <span class='ocrx_word' id='word_1_277' title='bbox 919 3625 1106 3693; x_wconf 90' lang='lat' dir='ltr'><strong>aliquis</strong></span> <span class='ocrx_word' id='word_1_278' title='bbox 1127 3665 1140 3689; x_wconf 89' lang='lat'><strong>,</strong></span> <span class='ocrx_word' id='word_1_279' title='bbox 1172 3624 1255 3678; x_wconf 89' lang='lat' dir='ltr'><strong>cui</strong></span> <span class='ocrx_word' id='word_1_280' title='bbox 1287 3625 1496 3678; x_wconf 89' lang='lat' dir='ltr'><strong>virtutis</strong></span> <span class='ocrx_word' id='word_1_281' title='bbox 1527 3625 1594 3678; x_wconf 88' lang='lat' dir='ltr'><strong>sit</strong></span> <span class='ocrx_word' id='word_1_282' title='bbox 1623 3640 1766 3680; x_wconf 89' lang='lat' dir='ltr'><strong>cura.</strong></span> <span class='ocrx_word' id='word_1_283' title='bbox 1806 3624 2020 3695; x_wconf 77' lang='lat' dir='ltr'><strong>Tempus</strong></span> 
     </span>
    </p>
   </div>
   <div class='ocr_carea' id='block_1_38' title="bbox 439 3716 2018 3788">
    <p class='ocr_par' dir='ltr' id='par_1_38' title="bbox 439 3716 2018 3788">
     <span class='ocr_line' id='line_1_38' title="bbox 439 3716 2018 3788; baseline 0 -16"><span class='ocrx_word' id='word_1_284' title='bbox 439 3721 602 3782; x_wconf 89' lang='lat' dir='ltr'><strong>enim,</strong></span> <span class='ocrx_word' id='word_1_285' title='bbox 631 3718 818 3787; x_wconf 92' lang='lat' dir='ltr'><strong>inquit,</strong></span> <span class='ocrx_word' id='word_1_286' title='bbox 852 3716 1013 3770; x_wconf 90' lang='lat' dir='ltr'><strong>omnis</strong></span> <span class='ocrx_word' id='word_1_287' title='bbox 1050 3717 1265 3771; x_wconf 75' lang='lat' dir='ltr'><strong>hominis</strong></span> <span class='ocrx_word' id='word_1_288' title='bbox 1292 3717 1421 3770; x_wconf 79' lang='lat' dir='ltr'><strong>venit</strong></span> <span class='ocrx_word' id='word_1_289' title='bbox 1461 3733 1630 3770; x_wconf 83' lang='lat' dir='ltr'><strong>coram</strong></span> <span class='ocrx_word' id='word_1_290' title='bbox 1659 3733 1753 3771; x_wconf 87' lang='lat' dir='ltr'><strong>me.</strong></span> <span class='ocrx_word' id='word_1_291' title='bbox 1785 3717 2018 3788; x_wconf 81' lang='lat' dir='ltr'><strong>Tempus,</strong></span> 
     </span>
    </p>
   </div>
   <div class='ocr_carea' id='block_1_39' title="bbox 443 3808 2023 3878">
    <p class='ocr_par' dir='ltr' id='par_1_39' title="bbox 443 3808 2023 3878">
     <span class='ocr_line' id='line_1_39' title="bbox 443 3808 2023 3878; baseline 0.001 -15"><span class='ocrx_word' id='word_1_292' title='bbox 443 3810 543 3864; x_wconf 89' lang='lat' dir='ltr'><strong>hoc</strong></span> <span class='ocrx_word' id='word_1_293' title='bbox 563 3818 664 3875; x_wconf 84' lang='lat' dir='ltr'><strong>est,</strong></span> <span class='ocrx_word' id='word_1_294' title='bbox 693 3808 907 3862; x_wconf 85' lang='lat' dir='ltr'><strong>advenit</strong></span> <span class='ocrx_word' id='word_1_295' title='bbox 933 3817 1138 3876; x_wconf 86' lang='lat' dir='ltr'><strong>tempus</strong></span> <span class='ocrx_word' id='word_1_296' title='bbox 1160 3823 1264 3878; x_wconf 89' lang='lat' dir='ltr'><strong>quo</strong></span> <span class='ocrx_word' id='word_1_297' title='bbox 1292 3808 1577 3863; x_wconf 90' lang='lat' dir='ltr'><strong>secandum</strong></span> <span class='ocrx_word' id='word_1_298' title='bbox 1606 3810 1726 3874; x_wconf 90' lang='lat' dir='ltr'><strong>erit,</strong></span> <span class='ocrx_word' id='word_1_299' title='bbox 1756 3819 1810 3864; x_wconf 88' lang='lat' dir='ltr'><strong>et</strong></span> <span class='ocrx_word' id='word_1_300' title='bbox 1833 3811 2023 3865; x_wconf 88' lang='lat' dir='ltr'><strong>ulceris</strong></span> 
     </span>
    </p>
   </div>
   <div class='ocr_carea' id='block_1_40' title="bbox 443 3899 2025 3972">
    <p class='ocr_par' dir='ltr' id='par_1_40' title="bbox 443 3899 2025 3972">
     <span class='ocr_line' id='line_1_40' title="bbox 443 3899 2025 3972; baseline -0.001 -14"><span class='ocrx_word' id='word_1_301' title='bbox 443 3903 678 3972; x_wconf 88' lang='lat' dir='ltr'><strong>repentis</strong></span> <span class='ocrx_word' id='word_1_302' title='bbox 701 3901 780 3955; x_wconf 89' lang='lat' dir='ltr'><strong>vis</strong></span> <span class='ocrx_word' id='word_1_303' title='bbox 803 3899 1207 3970; x_wconf 86' lang='lat' dir='ltr'><strong>compescenda.</strong></span> <span class='ocrx_word' id='word_1_304' title='bbox 1227 3899 1445 3969; x_wconf 85' lang='lat' dir='ltr'><strong>Tempus</strong></span> <span class='ocrx_word' id='word_1_305' title='bbox 1468 3901 1628 3954; x_wconf 87' lang='lat' dir='ltr'><strong>omnis</strong></span> <span class='ocrx_word' id='word_1_306' title='bbox 1655 3901 1871 3956; x_wconf 79' lang='lat' dir='ltr'><strong>hominis</strong></span> <span class='ocrx_word' id='word_1_307' title='bbox 1894 3903 2025 3956; x_wconf 80' lang='lat' dir='ltr'><strong>venit</strong></span> 
     </span>
    </p>
   </div>
   <div class='ocr_carea' id='block_1_41' title="bbox 444 3989 2023 4062">
    <p class='ocr_par' dir='ltr' id='par_1_41' title="bbox 444 3989 2023 4062">
     <span class='ocr_line' id='line_1_41' title="bbox 444 3989 2023 4062; baseline -0.001 -15"><span class='ocrx_word' id='word_1_308' title='bbox 444 4010 614 4048; x_wconf 81' lang='lat' dir='ltr'><strong>coram</strong></span> <span class='ocrx_word' id='word_1_309' title='bbox 645 4010 720 4045; x_wconf 90' lang='lat' dir='ltr'><strong>me</strong></span> <span class='ocrx_word' id='word_1_310' title='bbox 749 4007 766 4045; x_wconf 94' lang='lat'><strong><em>:</em></strong></span> <span class='ocrx_word' id='word_1_311' title='bbox 795 3993 943 4062; x_wconf 90' lang='lat' dir='ltr'><strong>quasi</strong></span> <span class='ocrx_word' id='word_1_312' title='bbox 974 4005 1130 4045; x_wconf 90' lang='lat' dir='ltr'><strong>nemo</strong></span> <span class='ocrx_word' id='word_1_313' title='bbox 1158 3989 1380 4057; x_wconf 90' lang='lat' dir='ltr'><strong>videret,</strong></span> <span class='ocrx_word' id='word_1_314' title='bbox 1410 3993 1776 4061; x_wconf 86' lang='lat' dir='ltr'><strong>rationemque</strong></span> <span class='ocrx_word' id='word_1_315' title='bbox 1800 3991 2023 4047; x_wconf 88' lang='lat' dir='ltr'><strong>delicto-</strong></span> 
     </span>
    </p>
   </div>
   <div class='ocr_carea' id='block_1_42' title="bbox 447 4082 2026 4151">
    <p class='ocr_par' dir='ltr' id='par_1_42' title="bbox 447 4082 2026 4151">
     <span class='ocr_line' id='line_1_42' title="bbox 447 4082 2026 4151; baseline 0 -13"><span class='ocrx_word' id='word_1_316' title='bbox 447 4099 563 4138; x_wconf 88' lang='lat' dir='ltr'><strong>rum</strong></span> <span class='ocrx_word' id='word_1_317' title='bbox 592 4083 660 4136; x_wconf 88' lang='lat' dir='ltr'><strong>ab</strong></span> <span class='ocrx_word' id='word_1_318' title='bbox 684 4082 812 4151; x_wconf 90' lang='lat' dir='ltr'><strong>ipsis</strong></span> <span class='ocrx_word' id='word_1_319' title='bbox 838 4089 1124 4136; x_wconf 77' lang='lat' dir='ltr'><strong>exacturus</strong></span> <span class='ocrx_word' id='word_1_320' title='bbox 1150 4091 1313 4148; x_wconf 89' lang='lat' dir='ltr'><strong>esset,</strong></span> <span class='ocrx_word' id='word_1_321' title='bbox 1343 4082 1419 4136; x_wconf 90' lang='lat' dir='ltr'><strong>sic</strong></span> <span class='ocrx_word' id='word_1_322' title='bbox 1445 4096 1563 4136; x_wconf 75' lang='lat' dir='ltr'><strong>sese</strong></span> <span class='ocrx_word' id='word_1_323' title='bbox 1590 4082 1744 4136; x_wconf 91' lang='lat' dir='ltr'><strong>malis</strong></span> <span class='ocrx_word' id='word_1_324' title='bbox 1777 4082 2026 4151; x_wconf 89' lang='lat' dir='ltr'><strong>operibus</strong></span> 
     </span>
    </p>
   </div>
   <div class='ocr_carea' id='block_1_43' title="bbox 444 4174 2028 4246">
    <p class='ocr_par' dir='ltr' id='par_1_43' title="bbox 444 4174 2028 4246">
     <span class='ocr_line' id='line_1_43' title="bbox 444 4174 2028 4246; baseline 0 -15"><span class='ocrx_word' id='word_1_325' title='bbox 444 4177 848 4246; x_wconf 86' lang='lat' dir='ltr'><strong>manciparunt,</strong></span> <span class='ocrx_word' id='word_1_326' title='bbox 895 4190 1000 4229; x_wconf 93' lang='lat' dir='ltr'><strong>non</strong></span> <span class='ocrx_word' id='word_1_327' title='bbox 1046 4175 1338 4245; x_wconf 79' lang='lat' dir='ltr'><strong>cogitantes</strong></span> <span class='ocrx_word' id='word_1_328' title='bbox 1379 4174 1520 4245; x_wconf 91' lang='lat' dir='ltr'><strong>quod</strong></span> <span class='ocrx_word' id='word_1_329' title='bbox 1560 4190 1644 4229; x_wconf 89' lang='lat' dir='ltr'><strong>me</strong></span> <span class='ocrx_word' id='word_1_330' title='bbox 1686 4174 1817 4230; x_wconf 84' lang='lat' dir='ltr'><strong>nihil</strong></span> <span class='ocrx_word' id='word_1_331' title='bbox 1861 4175 2028 4231; x_wconf 88' lang='lat' dir='ltr'><strong>latere</strong></span> 
     </span>
    </p>
   </div>
   <div class='ocr_carea' id='block_1_44' title="bbox 445 4265 2029 4338">
    <p class='ocr_par' dir='ltr' id='par_1_44' title="bbox 445 4265 2029 4338">
     <span class='ocr_line' id='line_1_44' title="bbox 445 4265 2029 4338; baseline 0.001 -17"><span class='ocrx_word' id='word_1_332' title='bbox 445 4276 624 4338; x_wconf 88' lang='lat' dir='ltr'><strong>queat,</strong></span> <span class='ocrx_word' id='word_1_333' title='bbox 669 4267 758 4336; x_wconf 92' lang='lat' dir='ltr'><strong>qui</strong></span> <span class='ocrx_word' id='word_1_334' title='bbox 784 4267 945 4320; x_wconf 91' lang='lat' dir='ltr'><strong>vitam</strong></span> <span class='ocrx_word' id='word_1_335' title='bbox 989 4267 1323 4336; x_wconf 86' lang='lat' dir='ltr'><strong>animamque</strong></span> <span class='ocrx_word' id='word_1_336' title='bbox 1367 4275 1420 4320; x_wconf 92' lang='lat' dir='ltr'><strong>et</strong></span> <span class='ocrx_word' id='word_1_337' title='bbox 1445 4280 1638 4334; x_wconf 84' lang='lat' dir='ltr'><strong>corpus</strong></span> <span class='ocrx_word' id='word_1_338' title='bbox 1665 4265 1807 4331; x_wconf 87' lang='lat' dir='ltr'><strong>dedi,</strong></span> <span class='ocrx_word' id='word_1_339' title='bbox 1850 4275 2029 4336; x_wconf 91' lang='lat' dir='ltr'><strong>totque</strong></span> 
     </span>
    </p>
   </div>
   <div class='ocr_carea' id='block_1_45' title="bbox 446 4356 2029 4428">
    <p class='ocr_par' dir='ltr' id='par_1_45' title="bbox 446 4356 2029 4428">
     <span class='ocr_line' id='line_1_45' title="bbox 446 4356 2029 4428; baseline -0.002 -13"><span class='ocrx_word' id='word_1_340' title='bbox 446 4362 581 4415; x_wconf 89' lang='lat' dir='ltr'><strong>bona</strong></span> <span class='ocrx_word' id='word_1_341' title='bbox 612 4358 958 4427; x_wconf 88' lang='lat' dir='ltr'><strong>suppeditavi.</strong></span> <span class='ocrx_word' id='word_1_342' title='bbox 993 4356 1212 4428; x_wconf 90' lang='lat' dir='ltr'><strong>Tempus</strong></span> <span class='ocrx_word' id='word_1_343' title='bbox 1257 4358 1414 4428; x_wconf 79' lang='lat' dir='ltr'><strong>igitur</strong></span> <span class='ocrx_word' id='word_1_344' title='bbox 1448 4358 1607 4412; x_wconf 87' lang='lat' dir='ltr'><strong>omnis</strong></span> <span class='ocrx_word' id='word_1_345' title='bbox 1649 4358 1865 4412; x_wconf 83' lang='lat' dir='ltr'><strong>hominis</strong></span> <span class='ocrx_word' id='word_1_346' title='bbox 1901 4362 2029 4412; x_wconf 81' lang='lat' dir='ltr'><strong>venit</strong></span> 
     </span>
    </p>
   </div>
   <div class='ocr_carea' id='block_1_46' title="bbox 447 4447 2032 4519">
    <p class='ocr_par' dir='ltr' id='par_1_46' title="bbox 447 4447 2032 4519">
     <span class='ocr_line' id='line_1_46' title="bbox 447 4447 2032 4519; baseline 0.001 -16"><span class='ocrx_word' id='word_1_347' title='bbox 447 4467 613 4504; x_wconf 83' lang='lat' dir='ltr'><strong>coram</strong></span> <span class='ocrx_word' id='word_1_348' title='bbox 643 4465 738 4502; x_wconf 84' lang='lat' dir='ltr'><strong>me.</strong></span> <span class='ocrx_word' id='word_1_349' title='bbox 777 4449 905 4502; x_wconf 76' lang='lat' dir='ltr'><strong>[lein</strong></span> <span class='ocrx_word' id='word_1_350' title='bbox 931 4449 1079 4518; x_wconf 90' lang='lat' dir='ltr'><strong>quasi</strong></span> <span class='ocrx_word' id='word_1_351' title='bbox 1109 4447 1494 4514; x_wconf 67' lang='lat' dir='ltr'><strong>satisfacturus,</strong></span> <span class='ocrx_word' id='word_1_352' title='bbox 1523 4449 1887 4519; x_wconf 89' lang='lat' dir='ltr'><strong>rationemque</strong></span> <span class='ocrx_word' id='word_1_353' title='bbox 1913 4451 2032 4504; x_wconf 88' lang='lat' dir='ltr'><strong>red-</strong></span> 
     </span>
    </p>
   </div>
   <div class='ocr_carea' id='block_1_47' title="bbox 449 4539 2032 4612">
    <p class='ocr_par' dir='ltr' id='par_1_47' title="bbox 449 4539 2032 4612">
     <span class='ocr_line' id='line_1_47' title="bbox 449 4539 2032 4612; baseline 0.001 -18"><span class='ocrx_word' id='word_1_354' title='bbox 449 4543 656 4596; x_wconf 87' lang='lat' dir='ltr'><strong>diturus</strong></span> <span class='ocrx_word' id='word_1_355' title='bbox 689 4542 855 4610; x_wconf 89' lang='lat' dir='ltr'><strong>justo,</strong></span> <span class='ocrx_word' id='word_1_356' title='bbox 897 4539 1166 4610; x_wconf 89' lang='lat' dir='ltr'><strong>quomodo</strong></span> <span class='ocrx_word' id='word_1_357' title='bbox 1204 4541 1367 4595; x_wconf 90' lang='lat' dir='ltr'><strong>nimia</strong></span> <span class='ocrx_word' id='word_1_358' title='bbox 1418 4549 1751 4609; x_wconf 87' lang='lat' dir='ltr'><strong>peccatorum</strong></span> <span class='ocrx_word' id='word_1_359' title='bbox 1778 4542 2032 4612; x_wconf 79' lang='lat' dir='ltr'><strong>gravitate</strong></span> 
     </span>
    </p>
   </div>
   <div class='ocr_carea' id='block_1_48' title="bbox 449 4631 2032 4702">
    <p class='ocr_par' dir='ltr' id='par_1_48' title="bbox 449 4631 2032 4702">
     <span class='ocr_line' id='line_1_48' title="bbox 449 4631 2032 4702; baseline -0.003 -13"><span class='ocrx_word' id='word_1_360' title='bbox 449 4650 513 4689; x_wconf 83' lang='lat' dir='ltr'><strong>ac</strong></span> <span class='ocrx_word' id='word_1_361' title='bbox 542 4632 880 4689; x_wconf 85' lang='lat' dir='ltr'><strong>multitudine</strong></span> <span class='ocrx_word' id='word_1_362' title='bbox 923 4647 982 4687; x_wconf 89' lang='lat' dir='ltr'><strong>se</strong></span> <span class='ocrx_word' id='word_1_363' title='bbox 1013 4631 1077 4686; x_wconf 87' lang='lat' dir='ltr'><strong>ad</strong></span> <span class='ocrx_word' id='word_1_364' title='bbox 1107 4641 1304 4686; x_wconf 86' lang='lat' dir='ltr'><strong>tantam</strong></span> <span class='ocrx_word' id='word_1_365' title='bbox 1332 4633 1742 4699; x_wconf 71' lang='lat' dir='ltr'><strong>indignationem</strong></span> <span class='ocrx_word' id='word_1_366' title='bbox 1775 4649 2032 4702; x_wconf 83' lang='lat' dir='ltr'><strong>provoca-</strong></span> 
     </span>
    </p>
   </div>
   <div class='ocr_carea' id='block_1_49' title="bbox 453 4724 2034 4796">
    <p class='ocr_par' dir='ltr' id='par_1_49' title="bbox 453 4724 2034 4796">
     <span class='ocr_line' id='line_1_49' title="bbox 453 4724 2034 4796; baseline 0.001 -16"><span class='ocrx_word' id='word_1_367' title='bbox 453 4728 578 4792; x_wconf 90' lang='lat' dir='ltr'><strong>rint,</strong></span> <span class='ocrx_word' id='word_1_368' title='bbox 606 4727 678 4780; x_wconf 86' lang='lat' dir='ltr'><strong>ait</strong></span> <span class='ocrx_word' id='word_1_369' title='bbox 709 4743 722 4779; x_wconf 90' lang='lat'><strong>:</strong></span> <span class='ocrx_word' id='word_1_370' title='bbox 757 4725 887 4792; x_wconf 87' lang='lat' dir='ltr'><strong>Quia</strong></span> <span class='ocrx_word' id='word_1_371' title='bbox 911 4724 1120 4795; x_wconf 89' lang='lat' dir='ltr'><strong>impleta</strong></span> <span class='ocrx_word' id='word_1_372' title='bbox 1146 4735 1216 4779; x_wconf 88' lang='lat' dir='ltr'><strong>est</strong></span> <span class='ocrx_word' id='word_1_373' title='bbox 1242 4735 1372 4779; x_wconf 88' lang='lat' dir='ltr'><strong>terra</strong></span> <span class='ocrx_word' id='word_1_374' title='bbox 1396 4727 1639 4796; x_wconf 85' lang='lat' dir='ltr'><strong>iujustitia</strong></span> <span class='ocrx_word' id='word_1_375' title='bbox 1668 4726 1869 4779; x_wconf 68' lang='lat' dir='ltr'><strong>exiliis.</strong></span> <span class='ocrx_word' id='word_1_376' title='bbox 1900 4726 2034 4781; x_wconf 79' lang='lat' dir='ltr'><strong>Num</strong></span> 
     </span>
    </p>
   </div>
   <div class='ocr_carea' id='block_1_50' title="bbox 457 4815 2034 4886">
    <p class='ocr_par' dir='ltr' id='par_1_50' title="bbox 457 4815 2034 4886">
     <span class='ocr_line' id='line_1_50' title="bbox 457 4815 2034 4886; baseline -0.001 -15"><span class='ocrx_word' id='word_1_377' title='bbox 457 4818 863 4886; x_wconf 68' lang='lat' dir='ltr'><strong>prmtermissum</strong></span> <span class='ocrx_word' id='word_1_378' title='bbox 891 4825 972 4871; x_wconf 88' lang='lat' dir='ltr'><strong>est</strong></span> <span class='ocrx_word' id='word_1_379' title='bbox 991 4815 1210 4885; x_wconf 90' lang='lat' dir='ltr'><strong>aliquid,</strong></span> <span class='ocrx_word' id='word_1_380' title='bbox 1237 4816 1424 4885; x_wconf 87' lang='lat' dir='ltr'><strong>inquit,</strong></span> <span class='ocrx_word' id='word_1_381' title='bbox 1449 4816 1514 4868; x_wconf 91' lang='lat' dir='ltr'><strong>ab</strong></span> <span class='ocrx_word' id='word_1_382' title='bbox 1537 4819 1631 4876; x_wconf 87' lang='lat' dir='ltr'><strong>eis,</strong></span> <span class='ocrx_word' id='word_1_383' title='bbox 1659 4815 1797 4884; x_wconf 92' lang='lat' dir='ltr'><strong>quod</strong></span> <span class='ocrx_word' id='word_1_384' title='bbox 1823 4816 1887 4868; x_wconf 91' lang='lat' dir='ltr'><strong>ad</strong></span> <span class='ocrx_word' id='word_1_385' title='bbox 1912 4831 2034 4885; x_wconf 82' lang='lat' dir='ltr'><strong>pec-</strong></span> 
     </span>
    </p>
   </div>
   <div class='ocr_carea' id='block_1_51' title="bbox 453 4907 2036 4977">
    <p class='ocr_par' dir='ltr' id='par_1_51' title="bbox 453 4907 2036 4977">
     <span class='ocr_line' id='line_1_51' title="bbox 453 4907 2036 4977; baseline 0 -15"><span class='ocrx_word' id='word_1_386' title='bbox 453 4917 628 4962; x_wconf 86' lang='lat' dir='ltr'><strong>catum</strong></span> <span class='ocrx_word' id='word_1_387' title='bbox 656 4907 931 4962; x_wconf 83' lang='lat' dir='ltr'><strong>tenderet?</strong></span> <span class='ocrx_word' id='word_1_388' title='bbox 951 4907 1173 4961; x_wconf 84' lang='lat' dir='ltr'><strong>Tantam</strong></span> <span class='ocrx_word' id='word_1_389' title='bbox 1194 4907 1406 4961; x_wconf 73' lang='lat' dir='ltr'><strong>malitia:</strong></span> <span class='ocrx_word' id='word_1_390' title='bbox 1429 4907 1838 4977; x_wconf 84' lang='lat' dir='ltr'><strong>magnitudinem</strong></span> <span class='ocrx_word' id='word_1_391' title='bbox 1858 4907 2036 4962; x_wconf 88' lang='lat' dir='ltr'><strong>videre</strong></span> 
     </span>
    </p>
   </div>
   <div class='ocr_carea' id='block_1_52' title="bbox 457 4999 2036 5068">
    <p class='ocr_par' dir='ltr' id='par_1_52' title="bbox 457 4999 2036 5068">
     <span class='ocr_line' id='line_1_52' title="bbox 457 4999 2036 5068; baseline 0.003 -16"><span class='ocrx_word' id='word_1_392' title='bbox 457 4999 600 5064; x_wconf 88' lang='lat' dir='ltr'><strong>licet,</strong></span> <span class='ocrx_word' id='word_1_393' title='bbox 630 5009 686 5052; x_wconf 92' lang='lat' dir='ltr'><strong>ut</strong></span> <span class='ocrx_word' id='word_1_394' title='bbox 710 5008 762 5054; x_wconf 91' lang='lat' dir='ltr'><strong>et</strong></span> <span class='ocrx_word' id='word_1_395' title='bbox 787 4999 1125 5066; x_wconf 88' lang='lat' dir='ltr'><strong>supereflluat</strong></span> <span class='ocrx_word' id='word_1_396' title='bbox 1167 5008 1219 5054; x_wconf 91' lang='lat' dir='ltr'><strong>ct</strong></span> <span class='ocrx_word' id='word_1_397' title='bbox 1247 5000 1498 5062; x_wconf 89' lang='lat' dir='ltr'><strong>exundet,</strong></span> <span class='ocrx_word' id='word_1_398' title='bbox 1530 5008 1798 5068; x_wconf 87' lang='lat' dir='ltr'><strong>totamque</strong></span> <span class='ocrx_word' id='word_1_399' title='bbox 1845 5009 2036 5056; x_wconf 79' lang='lat' dir='ltr'><strong>terram</strong></span> 
     </span>
    </p>
   </div>
   <div class='ocr_carea' id='block_1_53' title="bbox 457 5087 2011 5160">
    <p class='ocr_par' dir='ltr' id='par_1_53' title="bbox 457 5087 2011 5160">
     <span class='ocr_line' id='line_1_53' title="bbox 457 5087 2011 5160; baseline -0.002 -15"><span class='ocrx_word' id='word_1_400' title='bbox 457 5090 674 5160; x_wconf 84' lang='lat' dir='ltr'><strong>impleat</strong></span> <span class='ocrx_word' id='word_1_401' title='bbox 698 5107 710 5141; x_wconf 92' lang='lat'><strong>:</strong></span> <span class='ocrx_word' id='word_1_402' title='bbox 737 5097 1012 5158; x_wconf 89' lang='lat' dir='ltr'><strong>propterea</strong></span> <span class='ocrx_word' id='word_1_403' title='bbox 1034 5099 1087 5143; x_wconf 90' lang='lat' dir='ltr'><strong>et</strong></span> <span class='ocrx_word' id='word_1_404' title='bbox 1110 5089 1228 5143; x_wconf 90' lang='lat' dir='ltr'><strong>illos</strong></span> <span class='ocrx_word' id='word_1_405' title='bbox 1251 5087 1520 5158; x_wconf 89' lang='lat' dir='ltr'><strong>disperdo,</strong></span> <span class='ocrx_word' id='word_1_406' title='bbox 1547 5097 1600 5141; x_wconf 91' lang='lat' dir='ltr'><strong>ct</strong></span> <span class='ocrx_word' id='word_1_407' title='bbox 1628 5098 1819 5141; x_wconf 90' lang='lat' dir='ltr'><strong>terram</strong></span> <span class='ocrx_word' id='word_1_408' title='bbox 1847 5088 2011 5157; x_wconf 88' lang='lat' dir='ltr'><strong>ipsam</strong></span> 
     </span>
    </p>
   </div>
   <div class='ocr_carea' id='block_1_54' title="bbox 461 5179 2040 5252">
    <p class='ocr_par' dir='ltr' id='par_1_54' title="bbox 461 5179 2040 5252">
     <span class='ocr_line' id='line_1_54' title="bbox 461 5179 2040 5252; baseline -0.003 -14"><span class='ocrx_word' id='word_1_409' title='bbox 461 5182 611 5248; x_wconf 79' lang='lat' dir='ltr'><strong>Ecce,</strong></span> <span class='ocrx_word' id='word_1_410' title='bbox 639 5183 829 5252; x_wconf 88' lang='lat' dir='ltr'><strong>inquit,</strong></span> <span class='ocrx_word' id='word_1_411' title='bbox 861 5198 949 5252; x_wconf 88' lang='lat' dir='ltr'><strong>ego</strong></span> <span class='ocrx_word' id='word_1_412' title='bbox 973 5182 1210 5251; x_wconf 78' lang='lat' dir='ltr'><strong>disperde</strong></span> <span class='ocrx_word' id='word_1_413' title='bbox 1240 5181 1355 5235; x_wconf 89' lang='lat' dir='ltr'><strong>illos</strong></span> <span class='ocrx_word' id='word_1_414' title='bbox 1379 5190 1422 5234; x_wconf 92' lang='lat' dir='ltr'><strong>et</strong></span> <span class='ocrx_word' id='word_1_415' title='bbox 1452 5190 1655 5231; x_wconf 80' lang='lat' dir='ltr'><strong>terram.</strong></span> <span class='ocrx_word' id='word_1_416' title='bbox 1685 5179 1797 5247; x_wconf 88' lang='lat' dir='ltr'><strong>Qua</strong></span> <span class='ocrx_word' id='word_1_417' title='bbox 1839 5180 2040 5249; x_wconf 72' lang='lat' dir='ltr'><strong>priores</strong></span> 
     </span>
    </p>
   </div>
   <div class='ocr_carea' id='block_1_55' title="bbox 459 5269 2042 5344">
    <p class='ocr_par' dir='ltr' id='par_1_55' title="bbox 459 5269 2042 5344">
     <span class='ocr_line' id='line_1_55' title="bbox 459 5269 2042 5344; baseline -0.003 -16"><span class='ocrx_word' id='word_1_418' title='bbox 459 5274 558 5344; x_wconf 86' lang='lat' dir='ltr'><strong>ipsi</strong></span> <span class='ocrx_word' id='word_1_419' title='bbox 589 5273 742 5328; x_wconf 88' lang='lat' dir='ltr'><strong>malis</strong></span> <span class='ocrx_word' id='word_1_420' title='bbox 771 5271 880 5326; x_wconf 91' lang='lat' dir='ltr'><strong>suis</strong></span> <span class='ocrx_word' id='word_1_421' title='bbox 905 5272 1156 5341; x_wconf 85' lang='lat' dir='ltr'><strong>eperibus</strong></span> <span class='ocrx_word' id='word_1_422' title='bbox 1181 5272 1384 5341; x_wconf 90' lang='lat' dir='ltr'><strong>seipsos</strong></span> <span class='ocrx_word' id='word_1_423' title='bbox 1414 5279 1769 5339; x_wconf 86' lang='lat' dir='ltr'><strong>corruperunt</strong></span> <span class='ocrx_word' id='word_1_424' title='bbox 1798 5289 1809 5324; x_wconf 89' lang='lat'><strong>:</strong></span> <span class='ocrx_word' id='word_1_425' title='bbox 1843 5269 2042 5325; x_wconf 88' lang='lat' dir='ltr'><strong>idcirco</strong></span> 
     </span>
    </p>
   </div>
   <div class='ocr_carea' id='block_1_56' title="bbox 459 5360 2040 5434">
    <p class='ocr_par' dir='ltr' id='par_1_56' title="bbox 459 5360 2040 5434">
     <span class='ocr_line' id='line_1_56' title="bbox 459 5360 2040 5434; baseline -0.003 -15"><span class='ocrx_word' id='word_1_426' title='bbox 459 5364 758 5434; x_wconf 82' lang='lat' dir='ltr'><strong>generalem</strong></span> <span class='ocrx_word' id='word_1_427' title='bbox 808 5361 1077 5416; x_wconf 79' lang='lat' dir='ltr'><strong>interitum</strong></span> <span class='ocrx_word' id='word_1_428' title='bbox 1130 5363 1392 5422; x_wconf 84' lang='lat' dir='ltr'><strong>inducam,</strong></span> <span class='ocrx_word' id='word_1_429' title='bbox 1438 5360 1729 5430; x_wconf 82' lang='lat' dir='ltr'><strong>dcleboque</strong></span> <span class='ocrx_word' id='word_1_430' title='bbox 1766 5361 1906 5430; x_wconf 90' lang='lat' dir='ltr'><strong>ipsos</strong></span> <span class='ocrx_word' id='word_1_431' title='bbox 1949 5375 2040 5431; x_wconf 86' lang='lat' dir='ltr'><strong>pa-</strong></span> 
     </span>
    </p>
   </div>
   <div class='ocr_carea' id='block_1_57' title="bbox 460 5451 2042 5523">
    <p class='ocr_par' dir='ltr' id='par_1_57' title="bbox 460 5451 2042 5523">
     <span class='ocr_line' id='line_1_57' title="bbox 460 5451 2042 5523; baseline -0.003 -14"><span class='ocrx_word' id='word_1_432' title='bbox 460 5456 590 5510; x_wconf 84' lang='lat' dir='ltr'><strong>riter</strong></span> <span class='ocrx_word' id='word_1_433' title='bbox 617 5465 775 5523; x_wconf 88' lang='lat' dir='ltr'><strong>atque</strong></span> <span class='ocrx_word' id='word_1_434' title='bbox 801 5463 1015 5518; x_wconf 88' lang='lat' dir='ltr'><strong>terram,</strong></span> <span class='ocrx_word' id='word_1_435' title='bbox 1041 5463 1095 5506; x_wconf 92' lang='lat' dir='ltr'><strong>ut</strong></span> <span class='ocrx_word' id='word_1_436' title='bbox 1121 5453 1482 5523; x_wconf 91' lang='lat' dir='ltr'><strong>purgationem</strong></span> <span class='ocrx_word' id='word_1_437' title='bbox 1514 5451 1735 5520; x_wconf 87' lang='lat' dir='ltr'><strong>accipiat</strong></span> <span class='ocrx_word' id='word_1_438' title='bbox 1757 5461 1915 5520; x_wconf 90' lang='lat' dir='ltr'><strong>terra,</strong></span> <span class='ocrx_word' id='word_1_439' title='bbox 1941 5462 1993 5507; x_wconf 88' lang='lat' dir='ltr'><strong>et</strong></span> <span class='ocrx_word' id='word_1_440' title='bbox 2014 5467 2042 5505; x_wconf 90' lang='lat' dir='ltr'><strong>a</strong></span> 
     </span>
    </p>
   </div>
   <div class='ocr_carea' id='block_1_58' title="bbox 461 5540 2041 5614">
    <p class='ocr_par' dir='ltr' id='par_1_58' title="bbox 461 5540 2041 5614">
     <span class='ocr_line' id='line_1_58' title="bbox 461 5540 2041 5614; baseline -0.003 -14"><span class='ocrx_word' id='word_1_441' title='bbox 461 5556 534 5600; x_wconf 91' lang='lat' dir='ltr'><strong>tut</strong></span> <span class='ocrx_word' id='word_1_442' title='bbox 567 5556 902 5614; x_wconf 83' lang='lat' dir='ltr'><strong>peccatorum</strong></span> <span class='ocrx_word' id='word_1_443' title='bbox 949 5545 1170 5600; x_wconf 82' lang='lat' dir='ltr'><strong>maculis</strong></span> <span class='ocrx_word' id='word_1_444' title='bbox 1206 5544 1543 5600; x_wconf 89' lang='lat' dir='ltr'><strong>emundctur.</strong></span> <span class='ocrx_word' id='word_1_445' title='bbox 1589 5540 1792 5613; x_wconf 84' lang='lat' dir='ltr'><strong>Cogita,</strong></span> <span class='ocrx_word' id='word_1_446' title='bbox 1820 5557 2000 5612; x_wconf 73' lang='lat' dir='ltr'><strong>quazso</strong></span> <span class='ocrx_word' id='word_1_447' title='bbox 2028 5584 2041 5607; x_wconf 89' lang='lat'><strong>,</strong></span> 
     </span>
    </p>
   </div>
   <div class='ocr_carea' id='block_1_59' title="bbox 462 5632 2042 5704">
    <p class='ocr_par' dir='ltr' id='par_1_59' title="bbox 462 5632 2042 5704">
     <span class='ocr_line' id='line_1_59' title="bbox 462 5632 2042 5704; baseline -0.003 -16"><span class='ocrx_word' id='word_1_448' title='bbox 462 5636 603 5704; x_wconf 87' lang='lat' dir='ltr'><strong>quali</strong></span> <span class='ocrx_word' id='word_1_449' title='bbox 640 5643 765 5690; x_wconf 89' lang='lat' dir='ltr'><strong>tunc</strong></span> <span class='ocrx_word' id='word_1_450' title='bbox 794 5633 958 5689; x_wconf 76' lang='lat' dir='ltr'><strong>fuisse</strong></span> <span class='ocrx_word' id='word_1_451' title='bbox 1000 5636 1180 5688; x_wconf 88' lang='lat' dir='ltr'><strong>animo</strong></span> <span class='ocrx_word' id='word_1_452' title='bbox 1203 5633 1402 5703; x_wconf 88' lang='lat' dir='ltr'><strong>justutn</strong></span> <span class='ocrx_word' id='word_1_453' title='bbox 1434 5633 1589 5688; x_wconf 88' lang='lat' dir='ltr'><strong>istum</strong></span> <span class='ocrx_word' id='word_1_454' title='bbox 1633 5632 1916 5686; x_wconf 84' lang='lat' dir='ltr'><strong>verisimile</strong></span> <span class='ocrx_word' id='word_1_455' title='bbox 1941 5641 2042 5694; x_wconf 90' lang='lat' dir='ltr'><strong>est,</strong></span> 
     </span>
    </p>
   </div>
   <div class='ocr_carea' id='block_1_60' title="bbox 458 5721 2044 5781">
    <p class='ocr_par' dir='ltr' id='par_1_60' title="bbox 458 5721 2044 5781">
     <span class='ocr_line' id='line_1_60' title="bbox 458 5721 2044 5781; baseline -0.001 -3"><span class='ocrx_word' id='word_1_456' title='bbox 458 5735 586 5778; x_wconf 88' lang='lat' dir='ltr'><strong>cum</strong></span> <span class='ocrx_word' id='word_1_457' title='bbox 614 5725 726 5781; x_wconf 80' lang='lat' dir='ltr'><strong>lucc</strong></span> <span class='ocrx_word' id='word_1_458' title='bbox 750 5741 777 5781; x_wconf 90' lang='lat' dir='ltr'><strong>a</strong></span> <span class='ocrx_word' id='word_1_459' title='bbox 811 5724 1034 5781; x_wconf 89' lang='lat' dir='ltr'><strong>Domino</strong></span> <span class='ocrx_word' id='word_1_460' title='bbox 1070 5723 1307 5779; x_wconf 84' lang='lat' dir='ltr'><strong>audiret?</strong></span> <span class='ocrx_word' id='word_1_461' title='bbox 1336 5723 1467 5780; x_wconf 82' lang='lat' dir='ltr'><strong>Nam</strong></span> <span class='ocrx_word' id='word_1_462' title='bbox 1511 5723 1631 5780; x_wconf 87' lang='lat' dir='ltr'><strong>licet</strong></span> <span class='ocrx_word' id='word_1_463' title='bbox 1657 5722 1836 5779; x_wconf 82' lang='lat' dir='ltr'><strong>multa:</strong></span> <span class='ocrx_word' id='word_1_464' title='bbox 1875 5721 2044 5777; x_wconf 83' lang='lat' dir='ltr'><strong>virtu-</strong></span> 
     </span>
    </p>
   </div>
   <div class='ocr_carea' id='block_1_61' title="bbox 1522 308 2702 370">
    <p class='ocr_par' dir='ltr' id='par_1_61' title="bbox 1522 308 2702 370">
     <span class='ocr_line' id='line_1_61' title="bbox 1522 308 2702 370; baseline -0.003 0"><span class='ocrx_word' id='word_1_465' title='bbox 1522 314 1588 370; x_wconf 53' lang='grc' dir='ltr'><strong>’Ν</strong></span> <span class='ocrx_word' id='word_1_466' title='bbox 1625 313 1777 369; x_wconf 82' lang='lat' dir='ltr'><strong>CAP.</strong></span> <span class='ocrx_word' id='word_1_467' title='bbox 1820 308 1906 365; x_wconf 74' lang='lat' dir='ltr'><strong>VI.</strong></span> <span class='ocrx_word' id='word_1_468' title='bbox 1949 309 2194 366; x_wconf 72' lang='lat' dir='ltr'><strong>GENES.</strong></span> <span class='ocrx_word' id='word_1_469' title='bbox 2239 309 2468 367; x_wconf 77' lang='lat' dir='ltr'><strong>HOMIL.</strong></span> <span class='ocrx_word' id='word_1_470' title='bbox 2511 311 2702 368; x_wconf 77' lang='lat' dir='ltr'><strong>XXIV.</strong></span> 
     </span>
    </p>
   </div>
   <div class='ocr_carea' id='block_1_62' title="bbox 3597 325 3698 379">
    <p class='ocr_par' dir='ltr' id='par_1_62' title="bbox 3597 325 3698 379">
     <span class='ocr_line' id='line_1_62' title="bbox 3597 325 3698 379; baseline 0.01 -1"><span class='ocrx_word' id='word_1_471' title='bbox 3597 325 3698 379; x_wconf 73' lang='lat' dir='ltr'><strong>2m</strong></span> 
     </span>
    </p>
   </div>
   <div class='ocr_carea' id='block_1_63' title="bbox 2122 424 3701 512">
    <p class='ocr_par' dir='ltr' id='par_1_63' title="bbox 2122 424 3701 512">
     <span class='ocr_line' id='line_1_63' title="bbox 2122 424 3701 512; baseline 0.013 -37"><span class='ocrx_word' id='word_1_472' title='bbox 2122 424 2187 477; x_wconf 91' lang='lat' dir='ltr'><strong>tis</strong></span> <span class='ocrx_word' id='word_1_473' title='bbox 2217 424 2315 478; x_wconf 85' lang='lat' dir='ltr'><strong>sibi</strong></span> <span class='ocrx_word' id='word_1_474' title='bbox 2346 425 2588 480; x_wconf 77' lang='lat' dir='ltr'><strong>conscius</strong></span> <span class='ocrx_word' id='word_1_475' title='bbox 2612 436 2785 490; x_wconf 84' lang='lat' dir='ltr'><strong>esset,</strong></span> <span class='ocrx_word' id='word_1_476' title='bbox 2821 442 2922 482; x_wconf 88' lang='lat' dir='ltr'><strong>non</strong></span> <span class='ocrx_word' id='word_1_477' title='bbox 2944 442 3122 486; x_wconf 89' lang='lat' dir='ltr'><strong>tamen</strong></span> <span class='ocrx_word' id='word_1_478' title='bbox 3154 430 3358 502; x_wconf 89' lang='lat' dir='ltr'><strong>absque</strong></span> <span class='ocrx_word' id='word_1_479' title='bbox 3379 435 3564 492; x_wconf 84' lang='lat' dir='ltr'><strong>dolore</strong></span> <span class='ocrx_word' id='word_1_480' title='bbox 3586 458 3701 512; x_wconf 69' lang='lat' dir='ltr'><strong>qui:</strong></span> 
     </span>
    </p>
   </div>
   <div class='ocr_carea' id='block_1_64' title="bbox 2108 515 3702 598">
    <p class='ocr_par' dir='ltr' id='par_1_64' title="bbox 2108 515 3702 598">
     <span class='ocr_line' id='line_1_64' title="bbox 2108 515 3702 598; baseline 0.013 -30"><span class='ocrx_word' id='word_1_481' title='bbox 2108 515 2416 571; x_wconf 88' lang='lat' dir='ltr'><strong>dicebantur</strong></span> <span class='ocrx_word' id='word_1_482' title='bbox 2453 518 2673 586; x_wconf 86' lang='lat' dir='ltr'><strong>accepit.</strong></span> <span class='ocrx_word' id='word_1_483' title='bbox 2725 517 2804 572; x_wconf 80' lang='lat' dir='ltr'><strong>Ad</strong></span> <span class='ocrx_word' id='word_1_484' title='bbox 2829 519 3162 577; x_wconf 88' lang='lat' dir='ltr'><strong>dilectionem</strong></span> <span class='ocrx_word' id='word_1_485' title='bbox 3210 529 3349 579; x_wconf 89' lang='lat' dir='ltr'><strong>enim</strong></span> <span class='ocrx_word' id='word_1_486' title='bbox 3381 543 3702 598; x_wconf 84' lang='lat' dir='ltr'><strong>propensum</strong></span> 
     </span>
    </p>
   </div>
   <div class='ocr_carea' id='block_1_65' title="bbox 2109 610 3699 692">
    <p class='ocr_par' dir='ltr' id='par_1_65' title="bbox 2109 610 3699 692">
     <span class='ocr_line' id='line_1_65' title="bbox 2109 610 3699 692; baseline 0.013 -34"><span class='ocrx_word' id='word_1_487' title='bbox 2109 615 2188 659; x_wconf 82' lang='lat' dir='ltr'><strong>est</strong></span> <span class='ocrx_word' id='word_1_488' title='bbox 2234 611 2494 675; x_wconf 82' lang='lat' dir='ltr'><strong>justurum</strong></span> <span class='ocrx_word' id='word_1_489' title='bbox 2525 624 2690 677; x_wconf 84' lang='lat' dir='ltr'><strong>genus</strong></span> <span class='ocrx_word' id='word_1_490' title='bbox 2712 649 2725 674; x_wconf 88' lang='lat'><strong>,</strong></span> <span class='ocrx_word' id='word_1_491' title='bbox 2755 621 2807 663; x_wconf 91' lang='lat' dir='ltr'><strong>et</strong></span> <span class='ocrx_word' id='word_1_492' title='bbox 2835 626 2928 679; x_wconf 91' lang='lat' dir='ltr'><strong>pro</strong></span> <span class='ocrx_word' id='word_1_493' title='bbox 2951 610 3174 666; x_wconf 86' lang='lat' dir='ltr'><strong>aliorum</strong></span> <span class='ocrx_word' id='word_1_494' title='bbox 3214 618 3523 687; x_wconf 82' lang='lat' dir='ltr'><strong>salutejusti</strong></span> <span class='ocrx_word' id='word_1_495' title='bbox 3553 640 3699 692; x_wconf 73' lang='lat' dir='ltr'><strong>qua:-</strong></span> 
     </span>
    </p>
   </div>
   <div class='ocr_carea' id='block_1_66' title="bbox 2108 697 3702 779">
    <p class='ocr_par' dir='ltr' id='par_1_66' title="bbox 2108 697 3702 779">
     <span class='ocr_line' id='line_1_66' title="bbox 2108 697 3702 779; baseline 0.013 -30"><span class='ocrx_word' id='word_1_496' title='bbox 2108 712 2211 762; x_wconf 87' lang='lat' dir='ltr'><strong>quc</strong></span> <span class='ocrx_word' id='word_1_497' title='bbox 2235 697 2459 750; x_wconf 83' lang='lat' dir='ltr'><strong>libenter</strong></span> <span class='ocrx_word' id='word_1_498' title='bbox 2506 699 2718 753; x_wconf 77' lang='lat' dir='ltr'><strong>ferenda</strong></span> <span class='ocrx_word' id='word_1_499' title='bbox 2747 700 3099 769; x_wconf 81' lang='lat' dir='ltr'><strong>susciperent.</strong></span> <span class='ocrx_word' id='word_1_500' title='bbox 3152 705 3265 772; x_wconf 85' lang='lat' dir='ltr'><strong>Quo</strong></span> <span class='ocrx_word' id='word_1_501' title='bbox 3331 710 3485 779; x_wconf 84' lang='lat' dir='ltr'><strong>igitur</strong></span> <span class='ocrx_word' id='word_1_502' title='bbox 3511 713 3702 769; x_wconf 77' lang='lat' dir='ltr'><strong>affectu</strong></span> 
     </span>
    </p>
   </div>
   <div class='ocr_carea' id='block_1_67' title="bbox 2111 786 3700 867">
    <p class='ocr_par' dir='ltr' id='par_1_67' title="bbox 2111 786 3700 867">
     <span class='ocr_line' id='line_1_67' title="bbox 2111 786 3700 867; baseline 0.014 -29"><span class='ocrx_word' id='word_1_503' title='bbox 2111 786 2270 842; x_wconf 89' lang='lat' dir='ltr'><strong>fuisse</strong></span> <span class='ocrx_word' id='word_1_504' title='bbox 2315 790 2600 844; x_wconf 87' lang='lat' dir='ltr'><strong>verisimile</strong></span> <span class='ocrx_word' id='word_1_505' title='bbox 2648 802 2726 845; x_wconf 90' lang='lat' dir='ltr'><strong>est</strong></span> <span class='ocrx_word' id='word_1_506' title='bbox 2761 793 3017 848; x_wconf 80' lang='lat' dir='ltr'><strong>exitnium</strong></span> <span class='ocrx_word' id='word_1_507' title='bbox 3065 795 3206 849; x_wconf 90' lang='lat' dir='ltr'><strong>illum</strong></span> <span class='ocrx_word' id='word_1_508' title='bbox 3251 800 3457 867; x_wconf 88' lang='lat' dir='ltr'><strong>virutn,</strong></span> <span class='ocrx_word' id='word_1_509' title='bbox 3508 808 3700 860; x_wconf 88' lang='lat' dir='ltr'><strong>cumiu</strong></span> 
     </span>
    </p>
   </div>
   <div class='ocr_carea' id='block_1_68' title="bbox 2127 884 3696 964">
    <p class='ocr_par' dir='ltr' id='par_1_68' title="bbox 2127 884 3696 964">
     <span class='ocr_line' id='line_1_68' title="bbox 2127 884 3696 964; baseline 0.013 -32"><span class='ocrx_word' id='word_1_510' title='bbox 2127 893 2304 934; x_wconf 84' lang='lat' dir='ltr'><strong>men&#39;e</strong></span> <span class='ocrx_word' id='word_1_511' title='bbox 2333 895 2426 934; x_wconf 88' lang='lat' dir='ltr'><strong>sua</strong></span> <span class='ocrx_word' id='word_1_512' title='bbox 2453 884 2686 936; x_wconf 88' lang='lat' dir='ltr'><strong>omnium</strong></span> <span class='ocrx_word' id='word_1_513' title='bbox 2716 885 2983 940; x_wconf 91' lang='lat' dir='ltr'><strong>interitum</strong></span> <span class='ocrx_word' id='word_1_514' title='bbox 3029 898 3080 941; x_wconf 91' lang='lat' dir='ltr'><strong>et</strong></span> <span class='ocrx_word' id='word_1_515' title='bbox 3116 889 3274 943; x_wconf 85' lang='lat' dir='ltr'><strong>totius</strong></span> <span class='ocrx_word' id='word_1_516' title='bbox 3301 902 3502 948; x_wconf 71' lang='lat' dir='ltr'><strong>natura:</strong></span> <span class='ocrx_word' id='word_1_517' title='bbox 3523 901 3696 964; x_wconf 89' lang='lat' dir='ltr'><strong>perni-</strong></span> 
     </span>
    </p>
   </div>
   <div class='ocr_carea' id='block_1_69' title="bbox 2110 971 3700 1051">
    <p class='ocr_par' dir='ltr' id='par_1_69' title="bbox 2110 971 3700 1051">
     <span class='ocr_line' id='line_1_69' title="bbox 2110 971 3700 1051; baseline 0.011 -28"><span class='ocrx_word' id='word_1_518' title='bbox 2110 971 2244 1024; x_wconf 90' lang='lat' dir='ltr'><strong>ciem</strong></span> <span class='ocrx_word' id='word_1_519' title='bbox 2292 983 2555 1037; x_wconf 89' lang='lat' dir='ltr'><strong>versaret,</strong></span> <span class='ocrx_word' id='word_1_520' title='bbox 2602 985 2655 1028; x_wconf 90' lang='lat' dir='ltr'><strong>et</strong></span> <span class='ocrx_word' id='word_1_521' title='bbox 2696 977 2931 1029; x_wconf 80' lang='lat' dir='ltr'><strong>fortassis</strong></span> <span class='ocrx_word' id='word_1_522' title='bbox 2972 993 3067 1032; x_wconf 88' lang='lat' dir='ltr'><strong>nec</strong></span> <span class='ocrx_word' id='word_1_523' title='bbox 3115 979 3214 1033; x_wconf 90' lang='lat' dir='ltr'><strong>sibi</strong></span> <span class='ocrx_word' id='word_1_524' title='bbox 3270 980 3366 1050; x_wconf 84' lang='lat' dir='ltr'><strong>ipsi</strong></span> <span class='ocrx_word' id='word_1_525' title='bbox 3412 983 3700 1051; x_wconf 88' lang='lat' dir='ltr'><strong>jucundqu</strong></span> 
     </span>
    </p>
   </div>
   <div class='ocr_carea' id='block_1_70' title="bbox 2110 1061 3704 1140">
    <p class='ocr_par' dir='ltr' id='par_1_70' title="bbox 2110 1061 3704 1140">
     <span class='ocr_line' id='line_1_70' title="bbox 2110 1061 3704 1140; baseline 0.013 -28"><span class='ocrx_word' id='word_1_526' title='bbox 2110 1061 2375 1130; x_wconf 87' lang='lat' dir='ltr'><strong>quidpiam</strong></span> <span class='ocrx_word' id='word_1_527' title='bbox 2405 1064 2778 1133; x_wconf 74' lang='lat' dir='ltr'><strong>pollicnretur?</strong></span> <span class='ocrx_word' id='word_1_528' title='bbox 2801 1066 3040 1122; x_wconf 88' lang='lat' dir='ltr'><strong>Nondum</strong></span> <span class='ocrx_word' id='word_1_529' title='bbox 3073 1071 3210 1123; x_wconf 87' lang='lat' dir='ltr'><strong>enim</strong></span> <span class='ocrx_word' id='word_1_530' title='bbox 3238 1071 3486 1140; x_wconf 83' lang='lat' dir='ltr'><strong>quiddam</strong></span> <span class='ocrx_word' id='word_1_531' title='bbox 3517 1075 3580 1128; x_wconf 85' lang='lat' dir='ltr'><strong>de</strong></span> <span class='ocrx_word' id='word_1_532' title='bbox 3603 1076 3704 1132; x_wconf 89' lang='lat' dir='ltr'><strong>hac</strong></span> 
     </span>
    </p>
   </div>
   <div class='ocr_carea' id='block_1_71' title="bbox 2112 1157 3703 1231">
    <p class='ocr_par' dir='ltr' id='par_1_71' title="bbox 2112 1157 3703 1231">
     <span class='ocr_line' id='line_1_71' title="bbox 2112 1157 3703 1231; baseline 0.008 -24"><span class='ocrx_word' id='word_1_533' title='bbox 2112 1171 2167 1207; x_wconf 89' lang='lat' dir='ltr'><strong>re</strong></span> <span class='ocrx_word' id='word_1_534' title='bbox 2188 1165 2512 1224; x_wconf 91' lang='lat' dir='ltr'><strong>compertum</strong></span> <span class='ocrx_word' id='word_1_535' title='bbox 2539 1157 2863 1214; x_wconf 85' lang='lat' dir='ltr'><strong>habebat.llt</strong></span> <span class='ocrx_word' id='word_1_536' title='bbox 2881 1161 3037 1230; x_wconf 89' lang='lat' dir='ltr'><strong>igitur</strong></span> <span class='ocrx_word' id='word_1_537' title='bbox 3057 1170 3233 1216; x_wconf 89' lang='lat' dir='ltr'><strong>mente</strong></span> <span class='ocrx_word' id='word_1_538' title='bbox 3251 1178 3353 1216; x_wconf 91' lang='lat' dir='ltr'><strong>non</strong></span> <span class='ocrx_word' id='word_1_539' title='bbox 3383 1165 3703 1231; x_wconf 82' lang='lat' dir='ltr'><strong>turbaretur,</strong></span> 
     </span>
    </p>
   </div>
   <div class='ocr_carea' id='block_1_72' title="bbox 2111 1247 3704 1318">
    <p class='ocr_par' dir='ltr' id='par_1_72' title="bbox 2111 1247 3704 1318">
     <span class='ocr_line' id='line_1_72' title="bbox 2111 1247 3704 1318; baseline 0.008 -17"><span class='ocrx_word' id='word_1_540' title='bbox 2111 1247 2200 1301; x_wconf 91' lang='lat' dir='ltr'><strong>sed</strong></span> <span class='ocrx_word' id='word_1_541' title='bbox 2229 1264 2437 1316; x_wconf 87' lang='lat' dir='ltr'><strong>parvam</strong></span> <span class='ocrx_word' id='word_1_542' title='bbox 2462 1249 2742 1318; x_wconf 87' lang='lat' dir='ltr'><strong>quamdam</strong></span> <span class='ocrx_word' id='word_1_543' title='bbox 2769 1253 3180 1307; x_wconf 82' lang='lat' dir='ltr'><strong>consolationem</strong></span> <span class='ocrx_word' id='word_1_544' title='bbox 3205 1253 3255 1308; x_wconf 92' lang='lat' dir='ltr'><strong>in</strong></span> <span class='ocrx_word' id='word_1_545' title='bbox 3285 1264 3424 1310; x_wconf 87' lang='lat' dir='ltr'><strong>tanta</strong></span> <span class='ocrx_word' id='word_1_546' title='bbox 3459 1261 3704 1313; x_wconf 70' lang='lat' dir='ltr'><strong>mteroris</strong></span> 
     </span>
    </p>
   </div>
   <div class='ocr_carea' id='block_1_73' title="bbox 2110 1339 3704 1414">
    <p class='ocr_par' dir='ltr' id='par_1_73' title="bbox 2110 1339 3704 1414">
     <span class='ocr_line' id='line_1_73' title="bbox 2110 1339 3704 1414; baseline 0.007 -23"><span class='ocrx_word' id='word_1_547' title='bbox 2110 1339 2469 1406; x_wconf 87' lang='lat' dir='ltr'><strong>magnitudine</strong></span> <span class='ocrx_word' id='word_1_548' title='bbox 2511 1342 2753 1411; x_wconf 87' lang='lat' dir='ltr'><strong>accipere</strong></span> <span class='ocrx_word' id='word_1_549' title='bbox 2800 1353 3013 1410; x_wconf 87' lang='lat' dir='ltr'><strong>posset,</strong></span> <span class='ocrx_word' id='word_1_550' title='bbox 3056 1354 3330 1414; x_wconf 89' lang='lat' dir='ltr'><strong>postquam</strong></span> <span class='ocrx_word' id='word_1_551' title='bbox 3380 1346 3704 1404; x_wconf 59' lang='lat' dir='ltr'><strong>docuit-eum</strong></span> 
     </span>
    </p>
   </div>
   <div class='ocr_carea' id='block_1_74' title="bbox 2111 1429 3700 1510">
    <p class='ocr_par' dir='ltr' id='par_1_74' title="bbox 2111 1429 3700 1510">
     <span class='ocr_line' id='line_1_74' title="bbox 2111 1429 3700 1510; baseline 0.008 -28"><span class='ocrx_word' id='word_1_552' title='bbox 2111 1429 2322 1483; x_wconf 78' lang='lat' dir='ltr'><strong>malitia:</strong></span> <span class='ocrx_word' id='word_1_553' title='bbox 2354 1431 2558 1486; x_wconf 90' lang='lat' dir='ltr'><strong>illorum</strong></span> <span class='ocrx_word' id='word_1_554' title='bbox 2585 1434 2916 1502; x_wconf 89' lang='lat' dir='ltr'><strong>gravitatem,</strong></span> <span class='ocrx_word' id='word_1_555' title='bbox 2938 1450 2999 1488; x_wconf 90' lang='lat' dir='ltr'><strong>ac</strong></span> <span class='ocrx_word' id='word_1_556' title='bbox 3030 1445 3236 1505; x_wconf 88' lang='lat' dir='ltr'><strong>tempus</strong></span> <span class='ocrx_word' id='word_1_557' title='bbox 3271 1453 3483 1505; x_wconf 84' lang='lat' dir='ltr'><strong>urgere,</strong></span> <span class='ocrx_word' id='word_1_558' title='bbox 3511 1449 3565 1493; x_wconf 91' lang='lat' dir='ltr'><strong>ut</strong></span> <span class='ocrx_word' id='word_1_559' title='bbox 3584 1457 3700 1510; x_wconf 78' lang='lat' dir='ltr'><strong>pro—</strong></span> 
     </span>
    </p>
   </div>
   <div class='ocr_carea' id='block_1_75' title="bbox 2111 1520 3703 1600">
    <p class='ocr_par' dir='ltr' id='par_1_75' title="bbox 2111 1520 3703 1600">
     <span class='ocr_line' id='line_1_75' title="bbox 2111 1520 3703 1600; baseline 0.008 -26"><span class='ocrx_word' id='word_1_560' title='bbox 2111 1520 2269 1575; x_wconf 87' lang='lat' dir='ltr'><strong>funda</strong></span> <span class='ocrx_word' id='word_1_561' title='bbox 2303 1522 2374 1576; x_wconf 90' lang='lat' dir='ltr'><strong>illi</strong></span> <span class='ocrx_word' id='word_1_562' title='bbox 2417 1525 2654 1580; x_wconf 89' lang='lat' dir='ltr'><strong>sectione</strong></span> <span class='ocrx_word' id='word_1_563' title='bbox 2679 1525 3008 1593; x_wconf 90' lang='lat' dir='ltr'><strong>incidantur,</strong></span> <span class='ocrx_word' id='word_1_564' title='bbox 3036 1527 3161 1582; x_wconf 90' lang='lat' dir='ltr'><strong>dicit</strong></span> <span class='ocrx_word' id='word_1_565' title='bbox 3200 1529 3248 1584; x_wconf 88' lang='lat' dir='ltr'><strong>ei</strong></span> <span class='ocrx_word' id='word_1_566' title='bbox 3285 1547 3296 1582; x_wconf 92' lang='lat'><strong>:</strong></span> <span class='ocrx_word' id='word_1_567' title='bbox 3327 1529 3448 1586; x_wconf 88' lang='lat' dir='ltr'><strong>Illos</strong></span> <span class='ocrx_word' id='word_1_568' title='bbox 3492 1532 3703 1600; x_wconf 88' lang='lat' dir='ltr'><strong>quidem</strong></span> 
     </span>
    </p>
   </div>
   <div class='ocr_carea' id='block_1_76' title="bbox 2110 1615 3709 1693">
    <p class='ocr_par' dir='ltr' id='par_1_76' title="bbox 2110 1615 3709 1693">
     <span class='ocr_line' id='line_1_76' title="bbox 2110 1615 3709 1693; baseline 0.006 -28"><span class='ocrx_word' id='word_1_569' title='bbox 2110 1615 2405 1667; x_wconf 87' lang='lat' dir='ltr'><strong>comnmnis</strong></span> <span class='ocrx_word' id='word_1_570' title='bbox 2436 1616 2695 1684; x_wconf 87' lang='lat' dir='ltr'><strong>pernicies</strong></span> <span class='ocrx_word' id='word_1_571' title='bbox 2716 1617 2940 1686; x_wconf 85' lang='lat' dir='ltr'><strong>excipiet</strong></span> <span class='ocrx_word' id='word_1_572' title='bbox 2972 1637 2984 1671; x_wconf 91' lang='lat'><strong>:</strong></span> <span class='ocrx_word' id='word_1_573' title='bbox 3019 1621 3100 1674; x_wconf 77' lang='lat' dir='ltr'><strong>H.</strong></span> <span class='ocrx_word' id='word_1_574' title='bbox 3131 1619 3203 1674; x_wconf 90' lang='lat' dir='ltr'><strong>Tu</strong></span> <span class='ocrx_word' id='word_1_575' title='bbox 3243 1637 3355 1676; x_wconf 81' lang='lat' dir='ltr'><strong>vero</strong></span> <span class='ocrx_word' id='word_1_576' title='bbox 3381 1623 3464 1692; x_wconf 80' lang='lat' dir='ltr'><strong>fac</strong></span> <span class='ocrx_word' id='word_1_577' title='bbox 3485 1625 3570 1678; x_wconf 89' lang='lat' dir='ltr'><strong>tibi</strong></span> <span class='ocrx_word' id='word_1_578' title='bbox 3609 1625 3709 1693; x_wconf 79' lang='lat' dir='ltr'><strong>ipsi</strong></span> 
     </span>
    </p>
   </div>
   <div class='ocr_carea' id='block_1_77' title="bbox 2110 1705 3702 1776">
    <p class='ocr_par' dir='ltr' id='par_1_77' title="bbox 2110 1705 3702 1776">
     <span class='ocr_line' id='line_1_77' title="bbox 2110 1705 3702 1776; baseline 0.009 -21"><span class='ocrx_word' id='word_1_579' title='bbox 2110 1720 2300 1756; x_wconf 82' lang='lat' dir='ltr'><strong>arcam.</strong></span> <span class='ocrx_word' id='word_1_580' title='bbox 2327 1705 2462 1772; x_wconf 87' lang='lat' dir='ltr'><strong>Quid</strong></span> <span class='ocrx_word' id='word_1_581' title='bbox 2499 1715 2600 1772; x_wconf 87' lang='lat' dir='ltr'><strong>est,</strong></span> <span class='ocrx_word' id='word_1_582' title='bbox 2630 1706 2704 1760; x_wconf 89' lang='lat' dir='ltr'><strong>Tu</strong></span> <span class='ocrx_word' id='word_1_583' title='bbox 2725 1725 2838 1761; x_wconf 86' lang='lat' dir='ltr'><strong>vero</strong></span> <span class='ocrx_word' id='word_1_584' title='bbox 2855 1710 2879 1762; x_wconf 86' lang='lat'><strong><em>?</em></strong></span> <span class='ocrx_word' id='word_1_585' title='bbox 2897 1710 3027 1776; x_wconf 87' lang='lat' dir='ltr'><strong>Quia</strong></span> <span class='ocrx_word' id='word_1_586' title='bbox 3053 1728 3154 1764; x_wconf 88' lang='lat' dir='ltr'><strong>nott</strong></span> <span class='ocrx_word' id='word_1_587' title='bbox 3181 1715 3580 1769; x_wconf 67' lang='lat' dir='ltr'><strong>communicasti</strong></span> <span class='ocrx_word' id='word_1_588' title='bbox 3609 1733 3702 1770; x_wconf 84' lang='lat' dir='ltr'><strong>eo-</strong></span> 
     </span>
    </p>
   </div>
   <div class='ocr_carea' id='block_1_78' title="bbox 2112 1795 3703 1876">
    <p class='ocr_par' dir='ltr' id='par_1_78' title="bbox 2112 1795 3703 1876">
     <span class='ocr_line' id='line_1_78' title="bbox 2112 1795 3703 1876; baseline 0.007 -30"><span class='ocrx_word' id='word_1_589' title='bbox 2112 1809 2227 1846; x_wconf 87' lang='lat' dir='ltr'><strong>rum</strong></span> <span class='ocrx_word' id='word_1_590' title='bbox 2245 1795 2511 1863; x_wconf 73' lang='lat' dir='ltr'><strong>nequitize,</strong></span> <span class='ocrx_word' id='word_1_591' title='bbox 2535 1796 2626 1849; x_wconf 91' lang='lat' dir='ltr'><strong>sed</strong></span> <span class='ocrx_word' id='word_1_592' title='bbox 2644 1813 2855 1852; x_wconf 88' lang='lat' dir='ltr'><strong>omnem</strong></span> <span class='ocrx_word' id='word_1_593' title='bbox 2880 1799 2931 1852; x_wconf 93' lang='lat' dir='ltr'><strong>in</strong></span> <span class='ocrx_word' id='word_1_594' title='bbox 2948 1801 3223 1856; x_wconf 88' lang='lat' dir='ltr'><strong>virtutibus</strong></span> <span class='ocrx_word' id='word_1_595' title='bbox 3245 1803 3402 1856; x_wconf 84' lang='lat' dir='ltr'><strong>vitam</strong></span> <span class='ocrx_word' id='word_1_596' title='bbox 3424 1806 3668 1876; x_wconf 66' lang='lat' dir='ltr'><strong>pi-registi</strong></span> <span class='ocrx_word' id='word_1_597' title='bbox 3691 1822 3703 1857; x_wconf 89' lang='lat'><strong>:</strong></span> 
     </span>
    </p>
   </div>
   <div class='ocr_carea' id='block_1_79' title="bbox 2101 1885 3701 1965">
    <p class='ocr_par' dir='ltr' id='par_1_79' title="bbox 2101 1885 3701 1965">
     <span class='ocr_line' id='line_1_79' title="bbox 2101 1885 3701 1965; baseline 0.007 -27"><span class='ocrx_word' id='word_1_598' title='bbox 2101 1885 2231 1939; x_wconf 75' lang='lat' dir='ltr'><strong>ideo</strong></span> <span class='ocrx_word' id='word_1_599' title='bbox 2277 1886 2368 1940; x_wconf 90' lang='lat' dir='ltr'><strong>tibi</strong></span> <span class='ocrx_word' id='word_1_600' title='bbox 2408 1887 2644 1956; x_wconf 91' lang='lat' dir='ltr'><strong>impero,</strong></span> <span class='ocrx_word' id='word_1_601' title='bbox 2670 1898 2727 1943; x_wconf 93' lang='lat' dir='ltr'><strong>ut</strong></span> <span class='ocrx_word' id='word_1_602' title='bbox 2768 1899 3009 1944; x_wconf 81' lang='lat' dir='ltr'><strong>exstruas</strong></span> <span class='ocrx_word' id='word_1_603' title='bbox 3049 1908 3224 1946; x_wconf 72' lang='lat' dir='ltr'><strong>arcam</strong></span> <span class='ocrx_word' id='word_1_604' title='bbox 3275 1891 3354 1947; x_wconf 78' lang='lat' dir='ltr'><strong>Ex</strong></span> <span class='ocrx_word' id='word_1_605' title='bbox 3391 1895 3539 1965; x_wconf 83' lang='lat' dir='ltr'><strong>lignis</strong></span> <span class='ocrx_word' id='word_1_606' title='bbox 3576 1913 3701 1965; x_wconf 86' lang='lat' dir='ltr'><strong>qua-</strong></span> 
     </span>
    </p>
   </div>
   <div class='ocr_carea' id='block_1_80' title="bbox 2113 1977 3703 2054">
    <p class='ocr_par' dir='ltr' id='par_1_80' title="bbox 2113 1977 3703 2054">
     <span class='ocr_line' id='line_1_80' title="bbox 2113 1977 3703 2054; baseline 0.007 -26"><span class='ocrx_word' id='word_1_607' title='bbox 2113 1977 2270 2031; x_wconf 82' lang='lat' dir='ltr'><strong>dratis</strong></span> <span class='ocrx_word' id='word_1_608' title='bbox 2315 1979 2635 2049; x_wconf 84' lang='lat' dir='ltr'><strong>incorruptis.</strong></span> <span class='ocrx_word' id='word_1_609' title='bbox 2684 1979 3068 2036; x_wconf 78' lang='lat' dir='ltr'><strong>Mansiuuculas</strong></span> <span class='ocrx_word' id='word_1_610' title='bbox 3102 2000 3190 2052; x_wconf 87' lang='lat' dir='ltr'><strong>per</strong></span> <span class='ocrx_word' id='word_1_611' title='bbox 3241 2001 3411 2037; x_wconf 85' lang='lat' dir='ltr'><strong>arcam</strong></span> <span class='ocrx_word' id='word_1_612' title='bbox 3455 1985 3633 2054; x_wconf 74' lang='lat' dir='ltr'><strong>facies,</strong></span> <span class='ocrx_word' id='word_1_613' title='bbox 3661 1996 3703 2041; x_wconf 81' lang='lat' dir='ltr'><strong>et</strong></span> 
     </span>
    </p>
   </div>
   <div class='ocr_carea' id='block_1_81' title="bbox 2113 2068 3699 2138">
    <p class='ocr_par' dir='ltr' id='par_1_81' title="bbox 2113 2068 3699 2138">
     <span class='ocr_line' id='line_1_81' title="bbox 2113 2068 3699 2138; baseline 0.008 -18"><span class='ocrx_word' id='word_1_614' title='bbox 2113 2068 2384 2138; x_wconf 85' lang='lat' dir='ltr'><strong>glutinabis</strong></span> <span class='ocrx_word' id='word_1_615' title='bbox 2425 2071 2724 2124; x_wconf 86' lang='lat' dir='ltr'><strong>intrinsecus</strong></span> <span class='ocrx_word' id='word_1_616' title='bbox 2773 2080 2821 2124; x_wconf 88' lang='lat' dir='ltr'><strong>et</strong></span> <span class='ocrx_word' id='word_1_617' title='bbox 2858 2072 3161 2128; x_wconf 75' lang='lat' dir='ltr'><strong>extrinsecus</strong></span> <span class='ocrx_word' id='word_1_618' title='bbox 3205 2091 3314 2128; x_wconf 85' lang='lat' dir='ltr'><strong>eam</strong></span> <span class='ocrx_word' id='word_1_619' title='bbox 3350 2077 3699 2132; x_wconf 56' lang='lat' dir='ltr'><strong>bituminedii.</strong></span> 
     </span>
    </p>
   </div>
   <div class='ocr_carea' id='block_1_82' title="bbox 2115 2161 3701 2238">
    <p class='ocr_par' dir='ltr' id='par_1_82' title="bbox 2115 2161 3701 2238">
     <span class='ocr_line' id='line_1_82' title="bbox 2115 2161 3701 2238; baseline 0.003 -22"><span class='ocrx_word' id='word_1_620' title='bbox 2115 2161 2196 2216; x_wconf 90' lang='lat' dir='ltr'><strong>Sit</strong></span> <span class='ocrx_word' id='word_1_621' title='bbox 2215 2171 2381 2216; x_wconf 87' lang='lat' dir='ltr'><strong>autem</strong></span> <span class='ocrx_word' id='word_1_622' title='bbox 2405 2172 2736 2217; x_wconf 86' lang='lat' dir='ltr'><strong>trecentorum</strong></span> <span class='ocrx_word' id='word_1_623' title='bbox 2759 2165 3035 2218; x_wconf 84' lang='lat' dir='ltr'><strong>cubitorum</strong></span> <span class='ocrx_word' id='word_1_624' title='bbox 3060 2167 3320 2236; x_wconf 83' lang='lat' dir='ltr'><strong>longitudo</strong></span> <span class='ocrx_word' id='word_1_625' title='bbox 3341 2207 3354 2232; x_wconf 90' lang='lat'><strong>,</strong></span> <span class='ocrx_word' id='word_1_626' title='bbox 3391 2177 3437 2221; x_wconf 87' lang='lat' dir='ltr'><strong>et</strong></span> <span class='ocrx_word' id='word_1_627' title='bbox 3458 2169 3701 2238; x_wconf 84' lang='lat' dir='ltr'><strong>quinqua-</strong></span> 
     </span>
    </p>
   </div>
   <div class='ocr_carea' id='block_1_83' title="bbox 2113 2253 3701 2326">
    <p class='ocr_par' dir='ltr' id='par_1_83' title="bbox 2113 2253 3701 2326">
     <span class='ocr_line' id='line_1_83' title="bbox 2113 2253 3701 2326; baseline 0.006 -23"><span class='ocrx_word' id='word_1_628' title='bbox 2113 2253 2252 2323; x_wconf 82' lang='lat' dir='ltr'><strong>ginta</strong></span> <span class='ocrx_word' id='word_1_629' title='bbox 2291 2254 2504 2306; x_wconf 87' lang='lat' dir='ltr'><strong>latitudo</strong></span> <span class='ocrx_word' id='word_1_630' title='bbox 2523 2295 2537 2319; x_wconf 91' lang='lat'><strong>,</strong></span> <span class='ocrx_word' id='word_1_631' title='bbox 2566 2265 2610 2307; x_wconf 87' lang='lat' dir='ltr'><strong>et</strong></span> <span class='ocrx_word' id='word_1_632' title='bbox 2640 2256 2845 2326; x_wconf 86' lang='lat' dir='ltr'><strong>triginta</strong></span> <span class='ocrx_word' id='word_1_633' title='bbox 2867 2256 3144 2309; x_wconf 71' lang='lat' dir='ltr'><strong>cub&#39;torum</strong></span> <span class='ocrx_word' id='word_1_634' title='bbox 3173 2258 3406 2311; x_wconf 85' lang='lat' dir='ltr'><strong>altitudo.</strong></span> <span class='ocrx_word' id='word_1_635' title='bbox 3441 2261 3524 2315; x_wconf 79' lang='grc'><strong>16.</strong></span> <span class='ocrx_word' id='word_1_636' title='bbox 3546 2260 3701 2313; x_wconf 82' lang='lat' dir='ltr'><strong>Colli-</strong></span> 
     </span>
    </p>
   </div>
   <div class='ocr_carea' id='block_1_84' title="bbox 2114 2346 3696 2422">
    <p class='ocr_par' dir='ltr' id='par_1_84' title="bbox 2114 2346 3696 2422">
     <span class='ocr_line' id='line_1_84' title="bbox 2114 2346 3696 2422; baseline 0.005 -23"><span class='ocrx_word' id='word_1_637' title='bbox 2114 2361 2233 2416; x_wconf 87' lang='lat' dir='ltr'><strong>geus</strong></span> <span class='ocrx_word' id='word_1_638' title='bbox 2269 2346 2422 2415; x_wconf 81' lang='lat' dir='ltr'><strong>[acies</strong></span> <span class='ocrx_word' id='word_1_639' title='bbox 2445 2363 2636 2412; x_wconf 86' lang='lat' dir='ltr'><strong>arcam,</strong></span> <span class='ocrx_word' id='word_1_640' title='bbox 2652 2358 2696 2400; x_wconf 90' lang='lat' dir='ltr'><strong>et</strong></span> <span class='ocrx_word' id='word_1_641' title='bbox 2716 2349 2767 2401; x_wconf 92' lang='lat' dir='ltr'><strong>in</strong></span> <span class='ocrx_word' id='word_1_642' title='bbox 2801 2350 3018 2402; x_wconf 85' lang='lat' dir='ltr'><strong>cubitum</strong></span> <span class='ocrx_word' id='word_1_643' title='bbox 3046 2352 3409 2404; x_wconf 83' lang='lat' dir='ltr'><strong>consummnbis</strong></span> <span class='ocrx_word' id='word_1_644' title='bbox 3431 2353 3540 2422; x_wconf 89' lang='lat' dir='ltr'><strong>ejus</strong></span> <span class='ocrx_word' id='word_1_645' title='bbox 3559 2370 3696 2407; x_wconf 88' lang='lat' dir='ltr'><strong>sum-</strong></span> 
     </span>
    </p>
   </div>
   <div class='ocr_carea' id='block_1_85' title="bbox 2116 2439 3706 2510">
    <p class='ocr_par' dir='ltr' id='par_1_85' title="bbox 2116 2439 3706 2510">
     <span class='ocr_line' id='line_1_85' title="bbox 2116 2439 3706 2510; baseline 0.006 -22"><span class='ocrx_word' id='word_1_646' title='bbox 2116 2439 2377 2503; x_wconf 82' lang='lat' dir='ltr'><strong>mitatem;</strong></span> <span class='ocrx_word' id='word_1_647' title='bbox 2404 2439 2618 2509; x_wconf 89' lang='lat' dir='ltr'><strong>januam</strong></span> <span class='ocrx_word' id='word_1_648' title='bbox 2639 2450 2804 2494; x_wconf 85' lang='lat' dir='ltr'><strong>autem</strong></span> <span class='ocrx_word' id='word_1_649' title='bbox 2826 2441 2979 2510; x_wconf 70' lang='lat' dir='ltr'><strong>facit&#39;s</strong></span> <span class='ocrx_word' id='word_1_650' title='bbox 3016 2459 3046 2495; x_wconf 87' lang='lat' dir='ltr'><strong>a</strong></span> <span class='ocrx_word' id='word_1_651' title='bbox 3072 2444 3224 2496; x_wconf 72' lang='lat' dir='ltr'><strong>fatirc</strong></span> <span class='ocrx_word' id='word_1_652' title='bbox 3245 2485 3260 2508; x_wconf 94' lang='lat'><strong>,</strong></span> <span class='ocrx_word' id='word_1_653' title='bbox 3290 2443 3532 2499; x_wconf 85' lang='lat' dir='ltr'><strong>cubiculis</strong></span> <span class='ocrx_word' id='word_1_654' title='bbox 3569 2445 3706 2498; x_wconf 85' lang='lat' dir='ltr'><strong>bico-</strong></span> 
     </span>
    </p>
   </div>
   <div class='ocr_carea' id='block_1_86' title="bbox 2116 2531 3705 2602">
    <p class='ocr_par' dir='ltr' id='par_1_86' title="bbox 2116 2531 3705 2602">
     <span class='ocr_line' id='line_1_86' title="bbox 2116 2531 3705 2602; baseline 0.008 -22"><span class='ocrx_word' id='word_1_655' title='bbox 2116 2531 2335 2593; x_wconf 82' lang='lat' dir='ltr'><strong>meratis,</strong></span> <span class='ocrx_word' id='word_1_656' title='bbox 2371 2539 2414 2583; x_wconf 86' lang='lat' dir='ltr'><strong>et</strong></span> <span class='ocrx_word' id='word_1_657' title='bbox 2453 2531 2780 2586; x_wconf 87' lang='lat' dir='ltr'><strong>tricamcratis</strong></span> <span class='ocrx_word' id='word_1_658' title='bbox 2822 2535 2975 2602; x_wconf 81' lang='lat' dir='ltr'><strong>facies</strong></span> <span class='ocrx_word' id='word_1_659' title='bbox 3023 2551 3150 2587; x_wconf 78' lang='lat' dir='ltr'><strong>eam.</strong></span> <span class='ocrx_word' id='word_1_660' title='bbox 3197 2535 3483 2590; x_wconf 68' lang='lat' dir='ltr'><strong>Considera</strong></span> <span class='ocrx_word' id='word_1_661' title='bbox 3535 2536 3705 2592; x_wconf 88' lang='lat' dir='ltr'><strong>indul-</strong></span> 
     </span>
    </p>
   </div>
   <div class='ocr_carea' id='block_1_87' title="bbox 2115 2622 3711 2690">
    <p class='ocr_par' dir='ltr' id='par_1_87' title="bbox 2115 2622 3711 2690">
     <span class='ocr_line' id='line_1_87' title="bbox 2115 2622 3711 2690; baseline 0.002 -14"><span class='ocrx_word' id='word_1_662' title='bbox 2115 2622 2346 2690; x_wconf 84' lang='lat' dir='ltr'><strong>gentiam</strong></span> <span class='ocrx_word' id='word_1_663' title='bbox 2379 2622 2504 2688; x_wconf 90' lang='lat' dir='ltr'><strong>Dei,</strong></span> <span class='ocrx_word' id='word_1_664' title='bbox 2533 2632 2587 2678; x_wconf 89' lang='lat' dir='ltr'><strong>ct</strong></span> <span class='ocrx_word' id='word_1_665' title='bbox 2634 2623 2954 2678; x_wconf 79' lang='lat' dir='ltr'><strong>ineffabilem</strong></span> <span class='ocrx_word' id='word_1_666' title='bbox 2995 2628 3239 2682; x_wconf 82' lang='lat' dir='ltr'><strong>virtutem</strong></span> <span class='ocrx_word' id='word_1_667' title='bbox 3267 2627 3711 2682; x_wconf 83' lang='lat' dir='ltr'><strong>miseticordiatn-</strong></span> 
     </span>
    </p>
   </div>
   <div class='ocr_carea' id='block_1_88' title="bbox 2115 2713 3707 2784">
    <p class='ocr_par' dir='ltr' id='par_1_88' title="bbox 2115 2713 3707 2784">
     <span class='ocr_line' id='line_1_88' title="bbox 2115 2713 3707 2784; baseline 0.001 -16"><span class='ocrx_word' id='word_1_668' title='bbox 2115 2729 2219 2784; x_wconf 90' lang='lat' dir='ltr'><strong>que</strong></span> <span class='ocrx_word' id='word_1_669' title='bbox 2247 2728 2458 2768; x_wconf 86' lang='lat' dir='ltr'><strong>omnem</strong></span> <span class='ocrx_word' id='word_1_670' title='bbox 2487 2713 2741 2769; x_wconf 87' lang='lat' dir='ltr'><strong>rationem</strong></span> <span class='ocrx_word' id='word_1_671' title='bbox 2770 2723 2957 2770; x_wconf 61' lang='lat' dir='ltr'><strong>transcu</strong></span> <span class='ocrx_word' id='word_1_672' title='bbox 2981 2715 3049 2769; x_wconf 89' lang='lat' dir='ltr'><strong>nd</strong></span> <span class='ocrx_word' id='word_1_673' title='bbox 3087 2725 3250 2771; x_wconf 87' lang='lat' dir='ltr'><strong>ntetn.</strong></span> <span class='ocrx_word' id='word_1_674' title='bbox 3279 2716 3445 2772; x_wconf 89' lang='lat' dir='ltr'><strong>Simul</strong></span> <span class='ocrx_word' id='word_1_675' title='bbox 3475 2717 3707 2772; x_wconf 61' lang='lat' dir='ltr'><strong>declarat</strong></span> 
     </span>
    </p>
   </div>
   <div class='ocr_carea' id='block_1_89' title="bbox 2116 2805 3708 2875">
    <p class='ocr_par' dir='ltr' id='par_1_89' title="bbox 2116 2805 3708 2875">
     <span class='ocr_line' id='line_1_89' title="bbox 2116 2805 3708 2875; baseline 0.002 -16"><span class='ocrx_word' id='word_1_676' title='bbox 2116 2815 2170 2860; x_wconf 92' lang='lat' dir='ltr'><strong>et</strong></span> <span class='ocrx_word' id='word_1_677' title='bbox 2199 2820 2347 2859; x_wconf 87' lang='lat' dir='ltr'><strong>suam</strong></span> <span class='ocrx_word' id='word_1_678' title='bbox 2387 2820 2510 2875; x_wconf 79' lang='lat' dir='ltr'><strong>erga</strong></span> <span class='ocrx_word' id='word_1_679' title='bbox 2535 2805 2735 2875; x_wconf 88' lang='lat' dir='ltr'><strong>justum</strong></span> <span class='ocrx_word' id='word_1_680' title='bbox 2757 2807 3166 2875; x_wconf 79' lang='lat' dir='ltr'><strong>prmiJentiam,</strong></span> <span class='ocrx_word' id='word_1_681' title='bbox 3198 2818 3253 2862; x_wconf 89' lang='lat' dir='ltr'><strong>ut</strong></span> <span class='ocrx_word' id='word_1_682' title='bbox 3283 2808 3499 2863; x_wconf 74' lang='lat' dir='ltr'><strong>fabticet</strong></span> <span class='ocrx_word' id='word_1_683' title='bbox 3532 2825 3708 2864; x_wconf 90' lang='lat' dir='ltr'><strong>arcam</strong></span> 
     </span>
    </p>
   </div>
   <div class='ocr_carea' id='block_1_90' title="bbox 2119 2896 3709 2970">
    <p class='ocr_par' dir='ltr' id='par_1_90' title="bbox 2119 2896 3709 2970">
     <span class='ocr_line' id='line_1_90' title="bbox 2119 2896 3709 2970; baseline 0.004 -21"><span class='ocrx_word' id='word_1_684' title='bbox 2119 2896 2190 2950; x_wconf 93' lang='lat' dir='ltr'><strong>illi</strong></span> <span class='ocrx_word' id='word_1_685' title='bbox 2219 2897 2483 2967; x_wconf 87' lang='lat' dir='ltr'><strong>imperans</strong></span> <span class='ocrx_word' id='word_1_686' title='bbox 2516 2912 2530 2950; x_wconf 91' lang='lat'>:</span> <span class='ocrx_word' id='word_1_687' title='bbox 2565 2896 2816 2952; x_wconf 88' lang='lat' dir='ltr'><strong>ordinans</strong></span> <span class='ocrx_word' id='word_1_688' title='bbox 2839 2913 2922 2966; x_wconf 79' lang='lat' dir='ltr'><strong>me</strong></span> <span class='ocrx_word' id='word_1_689' title='bbox 2967 2899 3174 2953; x_wconf 75' lang='grc' dir='ltr'>ἱιιιιοιίιιι</span> <span class='ocrx_word' id='word_1_690' title='bbox 3218 2899 3430 2954; x_wconf 84' lang='lat' dir='ltr'><strong>modum</strong></span> <span class='ocrx_word' id='word_1_691' title='bbox 3455 2902 3504 2954; x_wconf 91' lang='lat' dir='ltr'><strong>in</strong></span> <span class='ocrx_word' id='word_1_692' title='bbox 3549 2916 3709 2970; x_wconf 83' lang='lat' dir='ltr'><strong>quem</strong></span> 
     </span>
    </p>
   </div>
   <div class='ocr_carea' id='block_1_91' title="bbox 2117 2988 3710 3060">
    <p class='ocr_par' dir='ltr' id='par_1_91' title="bbox 2117 2988 3710 3060">
     <span class='ocr_line' id='line_1_91' title="bbox 2117 2988 3710 3060; baseline 0.004 -18"><span class='ocrx_word' id='word_1_693' title='bbox 2117 2988 2470 3042; x_wconf 84' lang='lat' dir='ltr'><strong>construenda</strong></span> <span class='ocrx_word' id='word_1_694' title='bbox 2492 3029 2505 3053; x_wconf 92' lang='lat'><strong>,</strong></span> <span class='ocrx_word' id='word_1_695' title='bbox 2527 3005 2717 3057; x_wconf 86' lang='lat' dir='ltr'><strong>nempe</strong></span> <span class='ocrx_word' id='word_1_696' title='bbox 2748 2991 2798 3044; x_wconf 94' lang='lat' dir='ltr'><strong>in</strong></span> <span class='ocrx_word' id='word_1_697' title='bbox 2827 3007 2984 3058; x_wconf 91' lang='lat' dir='ltr'><strong>quam</strong></span> <span class='ocrx_word' id='word_1_698' title='bbox 3031 2991 3406 3060; x_wconf 64' lang='lat' dir='ltr'><strong>leugitudinem</strong></span> <span class='ocrx_word' id='word_1_699' title='bbox 3430 3033 3443 3055; x_wconf 93' lang='lat'><strong>,</strong></span> <span class='ocrx_word' id='word_1_700' title='bbox 3476 2991 3710 3048; x_wconf 80' lang='lat' dir='ltr'><strong>latitudi-</strong></span> 
     </span>
    </p>
   </div>
   <div class='ocr_carea' id='block_1_92' title="bbox 2120 3078 3712 3145">
    <p class='ocr_par' dir='ltr' id='par_1_92' title="bbox 2120 3078 3712 3145">
     <span class='ocr_line' id='line_1_92' title="bbox 2120 3078 3712 3145; baseline 0.004 -13"><span class='ocrx_word' id='word_1_701' title='bbox 2120 3093 2240 3133; x_wconf 89' lang='lat' dir='ltr'><strong>nem</strong></span> <span class='ocrx_word' id='word_1_702' title='bbox 2280 3089 2332 3131; x_wconf 69' lang='grc' dir='ltr'><strong>(τι</strong></span> <span class='ocrx_word' id='word_1_703' title='bbox 2361 3078 2734 3134; x_wconf 88' lang='lat' dir='ltr'><strong>sublimitatem</strong></span> <span class='ocrx_word' id='word_1_704' title='bbox 2754 3121 2770 3145; x_wconf 91' lang='lat'><strong>,</strong></span> <span class='ocrx_word' id='word_1_705' title='bbox 2799 3090 2850 3134; x_wconf 92' lang='lat' dir='ltr'><strong>et</strong></span> <span class='ocrx_word' id='word_1_706' title='bbox 2878 3082 3158 3133; x_wconf 82' lang='lat' dir='ltr'><strong>maximam</strong></span> <span class='ocrx_word' id='word_1_707' title='bbox 3200 3082 3246 3136; x_wconf 89' lang='lat' dir='ltr'><strong>ei</strong></span> <span class='ocrx_word' id='word_1_708' title='bbox 3294 3082 3712 3138; x_wconf 87' lang='lat' dir='ltr'><strong>consolationem</strong></span> 
     </span>
    </p>
   </div>
   <div class='ocr_carea' id='block_1_93' title="bbox 2119 3168 3710 3242">
    <p class='ocr_par' dir='ltr' id='par_1_93' title="bbox 2119 3168 3710 3242">
     <span class='ocr_line' id='line_1_93' title="bbox 2119 3168 3710 3242; baseline 0.004 -20"><span class='ocrx_word' id='word_1_709' title='bbox 2119 3168 2300 3232; x_wconf 75' lang='lat' dir='ltr'><strong>affert,</strong></span> <span class='ocrx_word' id='word_1_710' title='bbox 2320 3183 2466 3238; x_wconf 90' lang='lat' dir='ltr'><strong>spem</strong></span> <span class='ocrx_word' id='word_1_711' title='bbox 2479 3169 2664 3226; x_wconf 88' lang='lat' dir='ltr'><strong>salutis</strong></span> <span class='ocrx_word' id='word_1_712' title='bbox 2685 3184 2777 3242; x_wconf 88' lang='lat' dir='ltr'><strong>per</strong></span> <span class='ocrx_word' id='word_1_713' title='bbox 2792 3186 2927 3224; x_wconf 73' lang='grc' dir='ltr'>ιιι-σίν</span> <span class='ocrx_word' id='word_1_714' title='bbox 2943 3173 3385 3225; x_wconf 75' lang='lat' dir='ltr'><strong>con~tructionem</strong></span> <span class='ocrx_word' id='word_1_715' title='bbox 3405 3173 3710 3235; x_wconf 89' lang='lat' dir='ltr'><strong>ostendens.</strong></span> 
     </span>
    </p>
   </div>
   <div class='ocr_carea' id='block_1_94' title="bbox 2123 3259 3715 3330">
    <p class='ocr_par' dir='ltr' id='par_1_94' title="bbox 2123 3259 3715 3330">
     <span class='ocr_line' id='line_1_94' title="bbox 2123 3259 3715 3330; baseline 0.004 -18"><span class='ocrx_word' id='word_1_716' title='bbox 2123 3259 2240 3313; x_wconf 90' lang='lat' dir='ltr'><strong>illos</strong></span> <span class='ocrx_word' id='word_1_717' title='bbox 2267 3274 2475 3329; x_wconf 90' lang='lat' dir='ltr'><strong>quoque</strong></span> <span class='ocrx_word' id='word_1_718' title='bbox 2499 3261 2587 3329; x_wconf 92' lang='lat' dir='ltr'><strong>qui</strong></span> <span class='ocrx_word' id='word_1_719' title='bbox 2616 3269 2720 3314; x_wconf 88' lang='lat' dir='ltr'><strong>tam</strong></span> <span class='ocrx_word' id='word_1_720' title='bbox 2737 3262 2967 3330; x_wconf 86' lang='lat' dir='ltr'><strong>graviter</strong></span> <span class='ocrx_word' id='word_1_721' title='bbox 3003 3263 3334 3330; x_wconf 75' lang='lat' dir='ltr'><strong>peccaverint</strong></span> <span class='ocrx_word' id='word_1_722' title='bbox 3374 3262 3715 3318; x_wconf 85' lang='lat' dir='ltr'><strong>fabricatione</strong></span> 
     </span>
    </p>
   </div>
   <div class='ocr_carea' id='block_1_95' title="bbox 2121 3350 3715 3424">
    <p class='ocr_par' dir='ltr' id='par_1_95' title="bbox 2121 3350 3715 3424">
     <span class='ocr_line' id='line_1_95' title="bbox 2121 3350 3715 3424; baseline 0.003 -19"><span class='ocrx_word' id='word_1_723' title='bbox 2121 3365 2258 3405; x_wconf 78' lang='lat' dir='ltr'><strong>arca:</strong></span> <span class='ocrx_word' id='word_1_724' title='bbox 2295 3350 2566 3406; x_wconf 87' lang='lat' dir='ltr'><strong>admoneri</strong></span> <span class='ocrx_word' id='word_1_725' title='bbox 2620 3353 2835 3415; x_wconf 88' lang='lat' dir='ltr'><strong>volens,</strong></span> <span class='ocrx_word' id='word_1_726' title='bbox 2869 3363 2923 3406; x_wconf 90' lang='lat' dir='ltr'><strong>ut</strong></span> <span class='ocrx_word' id='word_1_727' title='bbox 2963 3369 3141 3406; x_wconf 91' lang='lat' dir='ltr'><strong>secum</strong></span> <span class='ocrx_word' id='word_1_728' title='bbox 3183 3357 3470 3423; x_wconf 75' lang='lat' dir='ltr'><strong>cogitarent</strong></span> <span class='ocrx_word' id='word_1_729' title='bbox 3499 3372 3614 3424; x_wconf 76' lang='lat' dir='ltr'><strong>qua:</strong></span> <span class='ocrx_word' id='word_1_730' title='bbox 3641 3355 3715 3410; x_wconf 90' lang='lat' dir='ltr'><strong>fe-</strong></span> 
     </span>
    </p>
   </div>
   <div class='ocr_carea' id='block_1_96' title="bbox 2122 3443 3713 3516">
    <p class='ocr_par' dir='ltr' id='par_1_96' title="bbox 2122 3443 3713 3516">
     <span class='ocr_line' id='line_1_96' title="bbox 2122 3443 3713 3516; baseline 0.004 -21"><span class='ocrx_word' id='word_1_731' title='bbox 2122 3443 2354 3505; x_wconf 88' lang='lat' dir='ltr'><strong>cissent,</strong></span> <span class='ocrx_word' id='word_1_732' title='bbox 2396 3443 2859 3511; x_wconf 90' lang='lat' dir='ltr'><strong>resipiscendoque</strong></span> <span class='ocrx_word' id='word_1_733' title='bbox 2904 3445 3314 3512; x_wconf 87' lang='lat' dir='ltr'><strong>indignationem</strong></span> <span class='ocrx_word' id='word_1_734' title='bbox 3355 3460 3458 3498; x_wconf 90' lang='lat' dir='ltr'><strong>non</strong></span> <span class='ocrx_word' id='word_1_735' title='bbox 3495 3449 3713 3516; x_wconf 82' lang='lat' dir='ltr'><strong>experi-</strong></span> 
     </span>
    </p>
   </div>
   <div class='ocr_carea' id='block_1_97' title="bbox 2123 3532 3712 3604">
    <p class='ocr_par' dir='ltr' id='par_1_97' title="bbox 2123 3532 3712 3604">
     <span class='ocr_line' id='line_1_97' title="bbox 2123 3532 3712 3604; baseline 0.003 -17"><span class='ocrx_word' id='word_1_736' title='bbox 2123 3542 2324 3587; x_wconf 88' lang='lat' dir='ltr'><strong>rentur.</strong></span> <span class='ocrx_word' id='word_1_737' title='bbox 2354 3532 2532 3600; x_wconf 85' lang='lat' dir='ltr'><strong>Neque</strong></span> <span class='ocrx_word' id='word_1_738' title='bbox 2561 3535 2700 3586; x_wconf 90' lang='lat' dir='ltr'><strong>cuim</strong></span> <span class='ocrx_word' id='word_1_739' title='bbox 2727 3548 2941 3602; x_wconf 87' lang='lat' dir='ltr'><strong>parvum</strong></span> <span class='ocrx_word' id='word_1_740' title='bbox 2974 3534 3078 3588; x_wconf 73' lang='lat' dir='ltr'><strong>ill&#39;s</strong></span> <span class='ocrx_word' id='word_1_741' title='bbox 3117 3545 3320 3604; x_wconf 89' lang='lat' dir='ltr'><strong>tempus</strong></span> <span class='ocrx_word' id='word_1_742' title='bbox 3343 3535 3518 3591; x_wconf 91' lang='lat' dir='ltr'><strong>denuo</strong></span> <span class='ocrx_word' id='word_1_743' title='bbox 3532 3536 3598 3590; x_wconf 92' lang='lat' dir='ltr'><strong>ad</strong></span> <span class='ocrx_word' id='word_1_744' title='bbox 3625 3553 3712 3592; x_wconf 87' lang='lat' dir='ltr'><strong>re-</strong></span> 
     </span>
    </p>
   </div>
   <div class='ocr_carea' id='block_1_98' title="bbox 2124 3623 3711 3692">
    <p class='ocr_par' dir='ltr' id='par_1_98' title="bbox 2124 3623 3711 3692">
     <span class='ocr_line' id='line_1_98' title="bbox 2124 3623 3711 3692; baseline 0.003 -15"><span class='ocrx_word' id='word_1_745' title='bbox 2124 3623 2478 3692; x_wconf 87' lang='lat' dir='ltr'><strong>sipiscentiam</strong></span> <span class='ocrx_word' id='word_1_746' title='bbox 2505 3638 2815 3677; x_wconf 83' lang='lat' dir='ltr'><strong>concessum</strong></span> <span class='ocrx_word' id='word_1_747' title='bbox 2839 3633 2920 3677; x_wconf 87' lang='lat' dir='ltr'><strong>cst</strong></span> <span class='ocrx_word' id='word_1_748' title='bbox 2950 3639 3042 3692; x_wconf 90' lang='lat' dir='ltr'><strong>per</strong></span> <span class='ocrx_word' id='word_1_749' title='bbox 3064 3639 3199 3679; x_wconf 74' lang='lat' dir='ltr'><strong>arca:</strong></span> <span class='ocrx_word' id='word_1_750' title='bbox 3225 3627 3670 3680; x_wconf 90' lang='lat' dir='ltr'><strong>constructionem</strong></span> <span class='ocrx_word' id='word_1_751' title='bbox 3699 3647 3711 3681; x_wconf 91' lang='lat'><em>:</em></span> 
     </span>
    </p>
   </div>
   <div class='ocr_carea' id='block_1_99' title="bbox 2125 3714 3713 3785">
    <p class='ocr_par' dir='ltr' id='par_1_99' title="bbox 2125 3714 3713 3785">
     <span class='ocr_line' id='line_1_99' title="bbox 2125 3714 3713 3785; baseline 0.002 -15"><span class='ocrx_word' id='word_1_752' title='bbox 2125 3715 2217 3770; x_wconf 81' lang='lat' dir='ltr'><strong>scd</strong></span> <span class='ocrx_word' id='word_1_753' title='bbox 2258 3717 2412 3785; x_wconf 87' lang='lat' dir='ltr'><strong>plane</strong></span> <span class='ocrx_word' id='word_1_754' title='bbox 2444 3715 2666 3770; x_wconf 93' lang='lat' dir='ltr'><strong>multum</strong></span> <span class='ocrx_word' id='word_1_755' title='bbox 2702 3727 2755 3770; x_wconf 90' lang='lat' dir='ltr'><strong>et</strong></span> <span class='ocrx_word' id='word_1_756' title='bbox 2798 3716 3066 3771; x_wconf 83' lang='lat' dir='ltr'><strong>sufficiens</strong></span> <span class='ocrx_word' id='word_1_757' title='bbox 3104 3714 3314 3784; x_wconf 84' lang='lat' dir='ltr'><strong>fuisset,</strong></span> <span class='ocrx_word' id='word_1_758' title='bbox 3344 3717 3441 3771; x_wconf 67' lang='lat' dir='ltr'><strong>nisi</strong></span> <span class='ocrx_word' id='word_1_759' title='bbox 3469 3720 3602 3772; x_wconf 84' lang='lat' dir='ltr'><strong>adeo</strong></span> <span class='ocrx_word' id='word_1_760' title='bbox 3633 3721 3713 3774; x_wconf 92' lang='lat' dir='ltr'><strong>in-</strong></span> 
     </span>
    </p>
   </div>
   <div class='ocr_carea' id='block_1_100' title="bbox 2124 3807 3710 3878">
    <p class='ocr_par' dir='ltr' id='par_1_100' title="bbox 2124 3807 3710 3878">
     <span class='ocr_line' id='line_1_100' title="bbox 2124 3807 3710 3878; baseline 0.001 -16"><span class='ocrx_word' id='word_1_761' title='bbox 2124 3809 2257 3878; x_wconf 87' lang='lat' dir='ltr'><strong>grati</strong></span> <span class='ocrx_word' id='word_1_762' title='bbox 2289 3807 2508 3861; x_wconf 84' lang='lat' dir='ltr'><strong>fuissent</strong></span> <span class='ocrx_word' id='word_1_763' title='bbox 2534 3818 2586 3861; x_wconf 90' lang='lat' dir='ltr'><strong>et</strong></span> <span class='ocrx_word' id='word_1_764' title='bbox 2627 3807 2820 3877; x_wconf 90' lang='lat' dir='ltr'><strong>stupidi</strong></span> <span class='ocrx_word' id='word_1_765' title='bbox 2844 3808 2907 3861; x_wconf 88' lang='lat' dir='ltr'><strong>ad</strong></span> <span class='ocrx_word' id='word_1_766' title='bbox 2937 3818 3233 3862; x_wconf 83' lang='lat' dir='ltr'><strong>erratorum</strong></span> <span class='ocrx_word' id='word_1_767' title='bbox 3269 3809 3710 3864; x_wconf 89' lang='lat' dir='ltr'><strong>emendationem.</strong></span> 
     </span>
    </p>
   </div>
   <div class='ocr_carea' id='block_1_101' title="bbox 2128 3899 3708 3968">
    <p class='ocr_par' dir='ltr' id='par_1_101' title="bbox 2128 3899 3708 3968">
     <span class='ocr_line' id='line_1_101' title="bbox 2128 3899 3708 3968; baseline -0.001 -13"><span class='ocrx_word' id='word_1_768' title='bbox 2128 3899 2228 3955; x_wconf 87' lang='lat' dir='ltr'><strong>Par</strong></span> <span class='ocrx_word' id='word_1_769' title='bbox 2244 3899 2383 3954; x_wconf 90' lang='lat' dir='ltr'><strong>enim</strong></span> <span class='ocrx_word' id='word_1_770' title='bbox 2412 3909 2551 3963; x_wconf 87' lang='lat' dir='ltr'><strong>erat,</strong></span> <span class='ocrx_word' id='word_1_771' title='bbox 2573 3899 2806 3967; x_wconf 87' lang='lat' dir='ltr'><strong>singulos</strong></span> <span class='ocrx_word' id='word_1_772' title='bbox 2835 3914 3017 3952; x_wconf 86' lang='lat' dir='ltr'><strong>eorum</strong></span> <span class='ocrx_word' id='word_1_773' title='bbox 3061 3915 3181 3953; x_wconf 91' lang='lat' dir='ltr'><strong>cum</strong></span> <span class='ocrx_word' id='word_1_774' title='bbox 3213 3899 3451 3953; x_wconf 84' lang='lat' dir='ltr'><strong>viderent</strong></span> <span class='ocrx_word' id='word_1_775' title='bbox 3485 3900 3708 3968; x_wconf 58' lang='lat' dir='ltr'><strong>jUallll“,</strong></span> 
     </span>
    </p>
   </div>
   <div class='ocr_carea' id='block_1_102' title="bbox 2127 3989 3715 4059">
    <p class='ocr_par' dir='ltr' id='par_1_102' title="bbox 2127 3989 3715 4059">
     <span class='ocr_line' id='line_1_102' title="bbox 2127 3989 3715 4059; baseline 0.002 -17"><span class='ocrx_word' id='word_1_776' title='bbox 2127 3991 2215 4059; x_wconf 93' lang='lat' dir='ltr'><strong>qui</strong></span> <span class='ocrx_word' id='word_1_777' title='bbox 2257 3989 2605 4044; x_wconf 87' lang='lat' dir='ltr'><strong>fabricabatur</strong></span> <span class='ocrx_word' id='word_1_778' title='bbox 2623 4004 2796 4041; x_wconf 87' lang='lat' dir='ltr'><strong>arcam</strong></span> <span class='ocrx_word' id='word_1_779' title='bbox 2824 4029 2838 4050; x_wconf 91' lang='lat'><strong>,</strong></span> <span class='ocrx_word' id='word_1_780' title='bbox 2869 4004 3080 4043; x_wconf 82' lang='lat' dir='ltr'><strong>causam</strong></span> <span class='ocrx_word' id='word_1_781' title='bbox 3098 3991 3504 4043; x_wconf 47' lang='lat' dir='ltr'><strong>construi-teni:</strong></span> <span class='ocrx_word' id='word_1_782' title='bbox 3531 3991 3715 4045; x_wconf 83' lang='lat' dir='ltr'><strong>scisci-</strong></span> 
     </span>
    </p>
   </div>
   <div class='ocr_carea' id='block_1_103' title="bbox 2130 4081 3717 4151">
    <p class='ocr_par' dir='ltr' id='par_1_103' title="bbox 2130 4081 3717 4151">
     <span class='ocr_line' id='line_1_103' title="bbox 2130 4081 3717 4151; baseline 0 -15"><span class='ocrx_word' id='word_1_783' title='bbox 2130 4091 2266 4136; x_wconf 90' lang='lat' dir='ltr'><strong>tatos</strong></span> <span class='ocrx_word' id='word_1_784' title='bbox 2311 4097 2462 4145; x_wconf 87' lang='lat' dir='ltr'><strong>esse,</strong></span> <span class='ocrx_word' id='word_1_785' title='bbox 2493 4090 2546 4135; x_wconf 88' lang='lat' dir='ltr'><strong>et</strong></span> <span class='ocrx_word' id='word_1_786' title='bbox 2579 4083 2786 4151; x_wconf 86' lang='lat' dir='ltr'><strong>cognita</strong></span> <span class='ocrx_word' id='word_1_787' title='bbox 2837 4081 3013 4134; x_wconf 87' lang='lat' dir='ltr'><strong>divina</strong></span> <span class='ocrx_word' id='word_1_788' title='bbox 3060 4083 3450 4151; x_wconf 86' lang='lat' dir='ltr'><strong>indignatione,</strong></span> <span class='ocrx_word' id='word_1_789' title='bbox 3482 4083 3602 4136; x_wconf 90' lang='lat' dir='ltr'><strong>inde</strong></span> <span class='ocrx_word' id='word_1_790' title='bbox 3652 4083 3717 4136; x_wconf 91' lang='lat' dir='ltr'><strong>ad</strong></span> 
     </span>
    </p>
   </div>
   <div class='ocr_carea' id='block_1_104' title="bbox 2129 4172 3720 4242">
    <p class='ocr_par' dir='ltr' id='par_1_104' title="bbox 2129 4172 3720 4242">
     <span class='ocr_line' id='line_1_104' title="bbox 2129 4172 3720 4242; baseline -0.001 -14"><span class='ocrx_word' id='word_1_791' title='bbox 2129 4186 2342 4228; x_wconf 83' lang='lat' dir='ltr'><strong>sensum</strong></span> <span class='ocrx_word' id='word_1_792' title='bbox 2381 4181 2712 4240; x_wconf 86' lang='lat' dir='ltr'><strong>peccatorum</strong></span> <span class='ocrx_word' id='word_1_793' title='bbox 2752 4187 2966 4226; x_wconf 91' lang='lat' dir='ltr'><strong>suorum</strong></span> <span class='ocrx_word' id='word_1_794' title='bbox 2993 4173 3201 4237; x_wconf 90' lang='lat' dir='ltr'><strong>venire,</strong></span> <span class='ocrx_word' id='word_1_795' title='bbox 3231 4172 3275 4226; x_wconf 91' lang='lat' dir='ltr'><strong>si</strong></span> <span class='ocrx_word' id='word_1_796' title='bbox 3296 4173 3509 4242; x_wconf 89' lang='lat' dir='ltr'><strong>quidem</strong></span> <span class='ocrx_word' id='word_1_797' title='bbox 3527 4172 3720 4227; x_wconf 85' lang='lat' dir='ltr'><strong>voluis-</strong></span> 
     </span>
    </p>
   </div>
   <div class='ocr_carea' id='block_1_105' title="bbox 2131 4263 3716 4329">
    <p class='ocr_par' dir='ltr' id='par_1_105' title="bbox 2131 4263 3716 4329">
     <span class='ocr_line' id='line_1_105' title="bbox 2131 4263 3716 4329; baseline -0.002 -9"><span class='ocrx_word' id='word_1_798' title='bbox 2131 4276 2267 4322; x_wconf 87' lang='lat' dir='ltr'><strong>sent.</strong></span> <span class='ocrx_word' id='word_1_799' title='bbox 2309 4264 2505 4320; x_wconf 78' lang='lat' dir='ltr'><strong>V&#39;erum</strong></span> <span class='ocrx_word' id='word_1_800' title='bbox 2549 4264 2663 4318; x_wconf 67' lang='lat' dir='ltr'><strong>haec</strong></span> <span class='ocrx_word' id='word_1_801' title='bbox 2704 4263 2810 4318; x_wconf 90' lang='lat' dir='ltr'><strong>illis</strong></span> <span class='ocrx_word' id='word_1_802' title='bbox 2848 4264 3045 4318; x_wconf 89' lang='lat' dir='ltr'><strong>nullam</strong></span> <span class='ocrx_word' id='word_1_803' title='bbox 3076 4263 3356 4318; x_wconf 81' lang='lat' dir='ltr'><strong>utilitatem</strong></span> <span class='ocrx_word' id='word_1_804' title='bbox 3405 4264 3716 4329; x_wconf 87' lang='lat' dir='ltr'><strong>attulerunt,</strong></span> 
     </span>
    </p>
   </div>
   <div class='ocr_carea' id='block_1_106' title="bbox 2134 4355 3448 4427">
    <p class='ocr_par' dir='ltr' id='par_1_106' title="bbox 2134 4355 3448 4427">
     <span class='ocr_line' id='line_1_106' title="bbox 2134 4355 3448 4427; baseline -0.005 -15"><span class='ocrx_word' id='word_1_805' title='bbox 2134 4374 2237 4412; x_wconf 92' lang='lat' dir='ltr'><strong>non</strong></span> <span class='ocrx_word' id='word_1_806' title='bbox 2264 4358 2385 4427; x_wconf 89' lang='lat' dir='ltr'><strong>quia</strong></span> <span class='ocrx_word' id='word_1_807' title='bbox 2415 4373 2518 4410; x_wconf 92' lang='lat' dir='ltr'><strong>non</strong></span> <span class='ocrx_word' id='word_1_808' title='bbox 2550 4365 2855 4427; x_wconf 91' lang='lat' dir='ltr'><strong>potuerunt,</strong></span> <span class='ocrx_word' id='word_1_809' title='bbox 2883 4355 2977 4408; x_wconf 91' lang='lat' dir='ltr'><strong>sed</strong></span> <span class='ocrx_word' id='word_1_810' title='bbox 2998 4356 3118 4424; x_wconf 92' lang='lat' dir='ltr'><strong>quia</strong></span> <span class='ocrx_word' id='word_1_811' title='bbox 3146 4357 3448 4409; x_wconf 88' lang='lat' dir='ltr'><strong>noluermtt.</strong></span> 
     </span>
    </p>
   </div>
   <div class='ocr_carea' id='block_1_107' title="bbox 2204 4436 3720 4496">
    <p class='ocr_par' dir='ltr' id='par_1_107' title="bbox 2204 4436 3720 4496">
     <span class='ocr_line' id='line_1_107' title="bbox 2204 4436 3720 4496; baseline -0.003 0"><span class='ocrx_word' id='word_1_812' title='bbox 2204 4443 2257 4496; x_wconf 66' lang='grc' dir='ltr'><strong>Δ.</strong></span> <span class='ocrx_word' id='word_1_813' title='bbox 2290 4441 2424 4496; x_wconf 85' lang='lat' dir='ltr'><strong>Deus</strong></span> <span class='ocrx_word' id='word_1_814' title='bbox 2440 4441 2705 4495; x_wconf 86' lang='lat' dir='ltr'><strong>consilium</strong></span> <span class='ocrx_word' id='word_1_815' title='bbox 2727 4456 2870 4493; x_wconf 89' lang='lat' dir='ltr'><strong>suum</strong></span> <span class='ocrx_word' id='word_1_816' title='bbox 2907 4439 3016 4493; x_wconf 81' lang='lat' dir='ltr'><strong>Noe</strong></span> <span class='ocrx_word' id='word_1_817' title='bbox 3035 4444 3388 4492; x_wconf 81' lang='lat' dir='ltr'><strong>communicat.</strong></span> <span class='ocrx_word' id='word_1_818' title='bbox 3424 4438 3526 4492; x_wconf 79' lang='lat' dir='ltr'><strong>Cur</strong></span> <span class='ocrx_word' id='word_1_819' title='bbox 3544 4436 3720 4491; x_wconf 77' lang='lat' dir='ltr'><strong>Euoclt</strong></span> 
     </span>
    </p>
   </div>
   <div class='ocr_carea' id='block_1_108' title="bbox 2136 4530 3718 4604">
    <p class='ocr_par' dir='ltr' id='par_1_108' title="bbox 2136 4530 3718 4604">
     <span class='ocr_line' id='line_1_108' title="bbox 2136 4530 3718 4604; baseline -0.005 -16"><span class='ocrx_word' id='word_1_820' title='bbox 2136 4536 2407 4588; x_wconf 84' lang='lat' dir='ltr'><strong>translatus</strong></span> <span class='ocrx_word' id='word_1_821' title='bbox 2433 4534 2602 4604; x_wconf 79' lang='lat' dir='ltr'><strong>fuerit.</strong></span> <span class='ocrx_word' id='word_1_822' title='bbox 2628 4532 2770 4589; x_wconf 84' lang='lat' dir='ltr'><strong>Solet</strong></span> <span class='ocrx_word' id='word_1_823' title='bbox 2792 4531 2926 4584; x_wconf 88' lang='lat' dir='ltr'><strong>Deus</strong></span> <span class='ocrx_word' id='word_1_824' title='bbox 2957 4540 3156 4599; x_wconf 85' lang='lat' dir='ltr'><strong>pr0pter</strong></span> <span class='ocrx_word' id='word_1_825' title='bbox 3167 4532 3334 4601; x_wconf 83' lang='lat' dir='ltr'><strong>justas</strong></span> <span class='ocrx_word' id='word_1_826' title='bbox 3357 4547 3554 4584; x_wconf 85' lang='lat' dir='ltr'><strong>servare</strong></span> <span class='ocrx_word' id='word_1_827' title='bbox 3572 4530 3718 4582; x_wconf 88' lang='lat' dir='ltr'><strong>alios.</strong></span> 
     </span>
    </p>
   </div>
   <div class='ocr_carea' id='block_1_109' title="bbox 2133 4621 3723 4696">
    <p class='ocr_par' dir='ltr' id='par_1_109' title="bbox 2133 4621 3723 4696">
     <span class='ocr_line' id='line_1_109' title="bbox 2133 4621 3723 4696; baseline -0.003 -18"><span class='ocrx_word' id='word_1_828' title='bbox 2133 4656 2205 4666; x_wconf 96' lang='lat'><strong><em>—</em></strong></span> <span class='ocrx_word' id='word_1_829' title='bbox 2235 4625 2394 4696; x_wconf 89' lang='lat' dir='ltr'><strong>Igitur</strong></span> <span class='ocrx_word' id='word_1_830' title='bbox 2420 4634 2694 4694; x_wconf 89' lang='lat' dir='ltr'><strong>postquam</strong></span> <span class='ocrx_word' id='word_1_831' title='bbox 2721 4623 2788 4678; x_wconf 90' lang='lat' dir='ltr'><strong>de</strong></span> <span class='ocrx_word' id='word_1_832' title='bbox 2819 4621 3167 4676; x_wconf 85' lang='lat' dir='ltr'><strong>construenda</strong></span> <span class='ocrx_word' id='word_1_833' title='bbox 3194 4637 3312 4675; x_wconf 87' lang='lat' dir='ltr'><strong>arca</strong></span> <span class='ocrx_word' id='word_1_834' title='bbox 3350 4622 3492 4688; x_wconf 72' lang='lat' dir='ltr'><strong>ju~to</strong></span> <span class='ocrx_word' id='word_1_835' title='bbox 3521 4636 3723 4690; x_wconf 66' lang='lat' dir='ltr'><strong>prtece-</strong></span> 
     </span>
    </p>
   </div>
   <div class='ocr_carea' id='block_1_110' title="bbox 2138 4711 3692 4786">
    <p class='ocr_par' dir='ltr' id='par_1_110' title="bbox 2138 4711 3692 4786">
     <span class='ocr_line' id='line_1_110' title="bbox 2138 4711 3692 4786; baseline -0.005 -16"><span class='ocrx_word' id='word_1_836' title='bbox 2138 4720 2249 4786; x_wconf 87' lang='lat' dir='ltr'><strong>pit,</strong></span> <span class='ocrx_word' id='word_1_837' title='bbox 2289 4714 2640 4768; x_wconf 85' lang='lat' dir='ltr'><strong>communicat</strong></span> <span class='ocrx_word' id='word_1_838' title='bbox 2669 4724 2718 4766; x_wconf 90' lang='lat' dir='ltr'><strong>et</strong></span> <span class='ocrx_word' id='word_1_839' title='bbox 2749 4722 2925 4765; x_wconf 87' lang='lat' dir='ltr'><strong>narrat</strong></span> <span class='ocrx_word' id='word_1_840' title='bbox 2953 4712 3000 4764; x_wconf 92' lang='lat' dir='ltr'><strong>ei</strong></span> <span class='ocrx_word' id='word_1_841' title='bbox 3043 4712 3198 4763; x_wconf 89' lang='lat' dir='ltr'><strong>etiam</strong></span> <span class='ocrx_word' id='word_1_842' title='bbox 3253 4726 3421 4778; x_wconf 73' lang='lat' dir='ltr'><strong>pmute</strong></span> <span class='ocrx_word' id='word_1_843' title='bbox 3461 4711 3692 4777; x_wconf 88' lang='lat' dir='ltr'><strong>speciem</strong></span> 
     </span>
    </p>
   </div>
   <div class='ocr_carea' id='block_1_111' title="bbox 2137 4798 3725 4877">
    <p class='ocr_par' dir='ltr' id='par_1_111' title="bbox 2137 4798 3725 4877">
     <span class='ocr_line' id='line_1_111' title="bbox 2137 4798 3725 4877; baseline -0.005 -18"><span class='ocrx_word' id='word_1_844' title='bbox 2137 4822 2292 4877; x_wconf 90' lang='lat' dir='ltr'><strong>quam</strong></span> <span class='ocrx_word' id='word_1_845' title='bbox 2325 4805 2565 4857; x_wconf 92' lang='lat' dir='ltr'><strong>illaturus</strong></span> <span class='ocrx_word' id='word_1_846' title='bbox 2585 4812 2699 4857; x_wconf 89' lang='lat' dir='ltr'><strong>erat</strong></span> <span class='ocrx_word' id='word_1_847' title='bbox 2722 4841 2738 4865; x_wconf 93' lang='lat'><strong>,</strong></span> <span class='ocrx_word' id='word_1_848' title='bbox 2766 4811 2818 4853; x_wconf 90' lang='lat' dir='ltr'><strong>et</strong></span> <span class='ocrx_word' id='word_1_849' title='bbox 2861 4801 2988 4853; x_wconf 90' lang='lat' dir='ltr'><strong>dicit</strong></span> <span class='ocrx_word' id='word_1_850' title='bbox 3019 4818 3031 4852; x_wconf 89' lang='lat'><strong>:</strong></span> <span class='ocrx_word' id='word_1_851' title='bbox 3060 4799 3138 4851; x_wconf 89' lang='lat' dir='ltr'><strong>Tu</strong></span> <span class='ocrx_word' id='word_1_852' title='bbox 3168 4799 3377 4867; x_wconf 91' lang='lat' dir='ltr'><strong>quidem</strong></span> <span class='ocrx_word' id='word_1_853' title='bbox 3405 4798 3538 4852; x_wconf 87' lang='lat' dir='ltr'><strong>hanc</strong></span> <span class='ocrx_word' id='word_1_854' title='bbox 3563 4814 3686 4868; x_wconf 85' lang='lat' dir='ltr'><strong>para</strong></span> <span class='ocrx_word' id='word_1_855' title='bbox 3709 4839 3725 4860; x_wconf 88' lang='lat'><strong>,</strong></span> 
     </span>
    </p>
   </div>
   <div class='ocr_carea' id='block_1_112' title="bbox 2138 4890 3724 4963">
    <p class='ocr_par' dir='ltr' id='par_1_112' title="bbox 2138 4890 3724 4963">
     <span class='ocr_line' id='line_1_112' title="bbox 2138 4890 3724 4963; baseline -0.003 -12"><span class='ocrx_word' id='word_1_856' title='bbox 2138 4898 2274 4951; x_wconf 92' lang='lat' dir='ltr'><strong>sicut</strong></span> <span class='ocrx_word' id='word_1_857' title='bbox 2305 4894 2528 4963; x_wconf 80' lang='lat' dir='ltr'><strong>pra-cepi</strong></span> <span class='ocrx_word' id='word_1_858' title='bbox 2555 4910 2566 4944; x_wconf 90' lang='lat'><strong>:</strong></span> <span class='ocrx_word' id='word_1_859' title='bbox 2597 4907 2696 4960; x_wconf 83' lang='lat' dir='ltr'><strong>ego</strong></span> <span class='ocrx_word' id='word_1_860' title='bbox 2725 4900 2938 4953; x_wconf 90' lang='lat' dir='ltr'><strong>autem,</strong></span> <span class='ocrx_word' id='word_1_861' title='bbox 2983 4891 3069 4944; x_wconf 94' lang='lat' dir='ltr'><strong>ubi</strong></span> <span class='ocrx_word' id='word_1_862' title='bbox 3101 4902 3155 4944; x_wconf 93' lang='lat' dir='ltr'><strong>tu</strong></span> <span class='ocrx_word' id='word_1_863' title='bbox 3182 4890 3459 4944; x_wconf 63' lang='lat' dir='ltr'><strong>a&#39;diticiutn</strong></span> <span class='ocrx_word' id='word_1_864' title='bbox 3491 4892 3724 4960; x_wconf 88' lang='lat' dir='ltr'><strong>comple-</strong></span> 
     </span>
    </p>
   </div>
   <div class='ocr_carea' id='block_1_113' title="bbox 2140 4982 3721 5051">
    <p class='ocr_par' dir='ltr' id='par_1_113' title="bbox 2140 4982 3721 5051">
     <span class='ocr_line' id='line_1_113' title="bbox 2140 4982 3721 5051; baseline -0.002 -12"><span class='ocrx_word' id='word_1_865' title='bbox 2140 4986 2280 5039; x_wconf 65' lang='lat' dir='ltr'><strong>vteris</strong></span> <span class='ocrx_word' id='word_1_866' title='bbox 2303 5025 2318 5048; x_wconf 93' lang='lat'><strong>,</strong></span> <span class='ocrx_word' id='word_1_867' title='bbox 2349 4985 2506 5038; x_wconf 91' lang='lat' dir='ltr'><strong>etiam</strong></span> <span class='ocrx_word' id='word_1_868' title='bbox 2537 4998 2597 5036; x_wconf 87' lang='lat' dir='ltr'><strong>ca</strong></span> <span class='ocrx_word' id='word_1_869' title='bbox 2630 4998 2746 5051; x_wconf 75' lang='lat' dir='ltr'><strong>quzc</strong></span> <span class='ocrx_word' id='word_1_870' title='bbox 2772 4982 2837 5034; x_wconf 90' lang='lat' dir='ltr'><strong>ad</strong></span> <span class='ocrx_word' id='word_1_871' title='bbox 2869 4990 2921 5035; x_wconf 88' lang='lat' dir='ltr'><strong>te</strong></span> <span class='ocrx_word' id='word_1_872' title='bbox 2949 4982 3172 5036; x_wconf 92' lang='lat' dir='ltr'><strong>attinent</strong></span> <span class='ocrx_word' id='word_1_873' title='bbox 3200 4983 3250 5035; x_wconf 90' lang='lat' dir='ltr'><strong>in</strong></span> <span class='ocrx_word' id='word_1_874' title='bbox 3292 4991 3403 5036; x_wconf 89' lang='lat' dir='ltr'><strong>tuto</strong></span> <span class='ocrx_word' id='word_1_875' title='bbox 3428 4982 3721 5036; x_wconf 88' lang='lat' dir='ltr'><strong>collocaho.</strong></span> 
     </span>
    </p>
   </div>
   <div class='ocr_carea' id='block_1_114' title="bbox 2143 5072 3722 5147">
    <p class='ocr_par' dir='ltr' id='par_1_114' title="bbox 2143 5072 3722 5147">
     <span class='ocr_line' id='line_1_114' title="bbox 2143 5072 3722 5147; baseline -0.003 -16"><span class='ocrx_word' id='word_1_876' title='bbox 2143 5079 2230 5132; x_wconf 75' lang='grc'><strong>17.</strong></span> <span class='ocrx_word' id='word_1_877' title='bbox 2258 5075 2366 5147; x_wconf 83' lang='lat' dir='ltr'><strong>Ego</strong></span> <span class='ocrx_word' id='word_1_878' title='bbox 2389 5085 2554 5128; x_wconf 85' lang='lat' dir='ltr'><strong>autem</strong></span> <span class='ocrx_word' id='word_1_879' title='bbox 2578 5115 2592 5137; x_wconf 95' lang='lat'><strong>,</strong></span> <span class='ocrx_word' id='word_1_880' title='bbox 2621 5074 2816 5143; x_wconf 92' lang='lat' dir='ltr'><strong>inquit,</strong></span> <span class='ocrx_word' id='word_1_881' title='bbox 2844 5074 3077 5126; x_wconf 88' lang='lat' dir='ltr'><strong>inducam</strong></span> <span class='ocrx_word' id='word_1_882' title='bbox 3109 5072 3353 5127; x_wconf 81' lang='lat' dir='ltr'><strong>diluvium</strong></span> <span class='ocrx_word' id='word_1_883' title='bbox 3379 5115 3393 5138; x_wconf 93' lang='lat'><strong>,</strong></span> <span class='ocrx_word' id='word_1_884' title='bbox 3419 5089 3598 5142; x_wconf 87' lang='lat' dir='ltr'><strong>aquam</strong></span> <span class='ocrx_word' id='word_1_885' title='bbox 3638 5091 3722 5126; x_wconf 91' lang='lat' dir='ltr'><strong>su-</strong></span> 
     </span>
    </p>
   </div>
   <div class='ocr_carea' id='block_1_115' title="bbox 2144 5164 3728 5239">
    <p class='ocr_par' dir='ltr' id='par_1_115' title="bbox 2144 5164 3728 5239">
     <span class='ocr_line' id='line_1_115' title="bbox 2144 5164 3728 5239; baseline -0.004 -18"><span class='ocrx_word' id='word_1_886' title='bbox 2144 5186 2230 5239; x_wconf 74' lang='lat' dir='ltr'><strong>per</strong></span> <span class='ocrx_word' id='word_1_887' title='bbox 2245 5178 2449 5231; x_wconf 89' lang='lat' dir='ltr'><strong>terram,</strong></span> <span class='ocrx_word' id='word_1_888' title='bbox 2467 5177 2519 5218; x_wconf 88' lang='lat' dir='ltr'><strong>ut</strong></span> <span class='ocrx_word' id='word_1_889' title='bbox 2537 5176 2824 5234; x_wconf 87' lang='lat' dir='ltr'><strong>corrumpat</strong></span> <span class='ocrx_word' id='word_1_890' title='bbox 2841 5180 3035 5218; x_wconf 84' lang='lat' dir='ltr'><strong>omnem</strong></span> <span class='ocrx_word' id='word_1_891' title='bbox 3055 5179 3273 5226; x_wconf 85' lang='lat' dir='ltr'><strong>caruettt,</strong></span> <span class='ocrx_word' id='word_1_892' title='bbox 3293 5164 3344 5216; x_wconf 90' lang='lat' dir='ltr'><strong>in</strong></span> <span class='ocrx_word' id='word_1_893' title='bbox 3365 5180 3463 5232; x_wconf 79' lang='lat' dir='ltr'><strong>qua</strong></span> <span class='ocrx_word' id='word_1_894' title='bbox 3485 5173 3557 5216; x_wconf 84' lang='lat' dir='ltr'><strong>est</strong></span> <span class='ocrx_word' id='word_1_895' title='bbox 3573 5164 3728 5232; x_wconf 86' lang='lat' dir='ltr'><strong>spiri-</strong></span> 
     </span>
    </p>
   </div>
   <div class='ocr_carea' id='block_1_116' title="bbox 2145 5254 3732 5325">
    <p class='ocr_par' dir='ltr' id='par_1_116' title="bbox 2145 5254 3732 5325">
     <span class='ocr_line' id='line_1_116' title="bbox 2145 5254 3732 5325; baseline -0.003 -13"><span class='ocrx_word' id='word_1_896' title='bbox 2145 5271 2223 5314; x_wconf 90' lang='lat' dir='ltr'><strong>tus</strong></span> <span class='ocrx_word' id='word_1_897' title='bbox 2241 5261 2352 5314; x_wconf 76' lang='lat' dir='ltr'><strong>vita:</strong></span> <span class='ocrx_word' id='word_1_898' title='bbox 2370 5257 2537 5312; x_wconf 76' lang='lat' dir='ltr'><strong>subter</strong></span> <span class='ocrx_word' id='word_1_899' title='bbox 2557 5258 2754 5320; x_wconf 79' lang='lat' dir='ltr'><strong>ca&#39;lum,</strong></span> <span class='ocrx_word' id='word_1_900' title='bbox 2776 5267 2821 5309; x_wconf 87' lang='lat' dir='ltr'><strong>et</strong></span> <span class='ocrx_word' id='word_1_901' title='bbox 2841 5270 3160 5325; x_wconf 66' lang='lat' dir='ltr'><strong>qum-umque</strong></span> <span class='ocrx_word' id='word_1_902' title='bbox 3181 5254 3366 5323; x_wconf 77' lang='lat' dir='ltr'><strong>fuerint</strong></span> <span class='ocrx_word' id='word_1_903' title='bbox 3383 5270 3532 5322; x_wconf 87' lang='lat' dir='ltr'><strong>super</strong></span> <span class='ocrx_word' id='word_1_904' title='bbox 3549 5264 3732 5308; x_wconf 84' lang='lat' dir='ltr'><strong>terram</strong></span> 
     </span>
    </p>
   </div>
   <div class='ocr_carea' id='block_1_117' title="bbox 2143 5342 3732 5418">
    <p class='ocr_par' dir='ltr' id='par_1_117' title="bbox 2143 5342 3732 5418">
     <span class='ocr_line' id='line_1_117' title="bbox 2143 5342 3732 5418; baseline -0.005 -12"><span class='ocrx_word' id='word_1_905' title='bbox 2143 5352 2438 5406; x_wconf 88' lang='lat' dir='ltr'><strong>morientur.</strong></span> <span class='ocrx_word' id='word_1_906' title='bbox 2474 5347 2603 5403; x_wconf 83' lang='lat' dir='ltr'><strong>Vide</strong></span> <span class='ocrx_word' id='word_1_907' title='bbox 2618 5345 2884 5418; x_wconf 88' lang='lat' dir='ltr'><strong>quomodo</strong></span> <span class='ocrx_word' id='word_1_908' title='bbox 2913 5354 2966 5399; x_wconf 91' lang='lat' dir='ltr'><strong>et</strong></span> <span class='ocrx_word' id='word_1_909' title='bbox 2995 5359 3086 5412; x_wconf 90' lang='lat' dir='ltr'><strong>per</strong></span> <span class='ocrx_word' id='word_1_910' title='bbox 3127 5343 3293 5397; x_wconf 90' lang='lat' dir='ltr'><strong>minas</strong></span> <span class='ocrx_word' id='word_1_911' title='bbox 3323 5342 3552 5398; x_wconf 87' lang='lat' dir='ltr'><strong>ostendit</strong></span> <span class='ocrx_word' id='word_1_912' title='bbox 3575 5358 3732 5412; x_wconf 87' lang='lat' dir='ltr'><strong>quam</strong></span> 
     </span>
    </p>
   </div>
   <div class='ocr_carea' id='block_1_118' title="bbox 2144 5434 3736 5516">
    <p class='ocr_par' dir='ltr' id='par_1_118' title="bbox 2144 5434 3736 5516">
     <span class='ocr_line' id='line_1_118' title="bbox 2144 5434 3736 5516; baseline -0.005 -18"><span class='ocrx_word' id='word_1_913' title='bbox 2144 5443 2324 5516; x_wconf 84' lang='lat' dir='ltr'><strong>gravia</strong></span> <span class='ocrx_word' id='word_1_914' title='bbox 2348 5441 2419 5496; x_wconf 93' lang='lat' dir='ltr'><strong>illi</strong></span> <span class='ocrx_word' id='word_1_915' title='bbox 2447 5440 2797 5510; x_wconf 87' lang='lat' dir='ltr'><strong>peccaverint,</strong></span> <span class='ocrx_word' id='word_1_916' title='bbox 2819 5446 2872 5491; x_wconf 92' lang='lat' dir='ltr'><strong>et</strong></span> <span class='ocrx_word' id='word_1_917' title='bbox 2894 5437 3062 5505; x_wconf 92' lang='lat' dir='ltr'><strong>inquit</strong></span> <span class='ocrx_word' id='word_1_918' title='bbox 3091 5453 3101 5489; x_wconf 93' lang='lat'>:</span> <span class='ocrx_word' id='word_1_919' title='bbox 3128 5435 3332 5489; x_wconf 79' lang='lat' dir='ltr'><strong>Etenim</strong></span> <span class='ocrx_word' id='word_1_920' title='bbox 3356 5434 3596 5488; x_wconf 89' lang='lat' dir='ltr'><strong>eamdem</strong></span> <span class='ocrx_word' id='word_1_921' title='bbox 3626 5452 3736 5504; x_wconf 68' lang='lat' dir='ltr'><strong>pot-</strong></span> 
     </span>
    </p>
   </div>
   <div class='ocr_carea' id='block_1_119' title="bbox 2149 5526 3733 5596">
    <p class='ocr_par' dir='ltr' id='par_1_119' title="bbox 2149 5526 3733 5596">
     <span class='ocr_line' id='line_1_119' title="bbox 2149 5526 3733 5596; baseline -0.007 -5"><span class='ocrx_word' id='word_1_922' title='bbox 2149 5554 2270 5591; x_wconf 91' lang='lat' dir='ltr'><strong>nam</strong></span> <span class='ocrx_word' id='word_1_923' title='bbox 2312 5534 2556 5588; x_wconf 86' lang='lat' dir='ltr'><strong>inducam</strong></span> <span class='ocrx_word' id='word_1_924' title='bbox 2592 5540 2695 5583; x_wconf 85' lang='lat' dir='ltr'><strong>tant</strong></span> <span class='ocrx_word' id='word_1_925' title='bbox 2739 5528 3122 5590; x_wconf 86' lang='lat' dir='ltr'><strong>rationalibus,</strong></span> <span class='ocrx_word' id='word_1_926' title='bbox 3168 5541 3326 5596; x_wconf 85' lang='lat' dir='ltr'><strong>quant</strong></span> <span class='ocrx_word' id='word_1_927' title='bbox 3372 5526 3591 5581; x_wconf 81' lang='lat' dir='ltr'><strong>rationis</strong></span> <span class='ocrx_word' id='word_1_928' title='bbox 3644 5543 3733 5581; x_wconf 86' lang='lat' dir='ltr'><strong>ex-</strong></span> 
     </span>
    </p>
   </div>
   <div class='ocr_carea' id='block_1_120' title="bbox 2152 5619 3736 5696">
    <p class='ocr_par' dir='ltr' id='par_1_120' title="bbox 2152 5619 3736 5696">
     <span class='ocr_line' id='line_1_120' title="bbox 2152 5619 3736 5696; baseline -0.006 -17"><span class='ocrx_word' id='word_1_929' title='bbox 2152 5625 2404 5696; x_wconf 82' lang='lat' dir='ltr'><strong>pertibus.</strong></span> <span class='ocrx_word' id='word_1_930' title='bbox 2432 5621 2562 5690; x_wconf 85' lang='lat' dir='ltr'><strong>Quia</strong></span> <span class='ocrx_word' id='word_1_931' title='bbox 2591 5620 2734 5676; x_wconf 90' lang='lat' dir='ltr'><strong>enim</strong></span> <span class='ocrx_word' id='word_1_932' title='bbox 2780 5620 3130 5690; x_wconf 85' lang='lat' dir='ltr'><strong>principatum</strong></span> <span class='ocrx_word' id='word_1_933' title='bbox 3160 5633 3316 5673; x_wconf 88' lang='lat' dir='ltr'><strong>suum</strong></span> <span class='ocrx_word' id='word_1_934' title='bbox 3362 5619 3736 5688; x_wconf 85' lang='lat' dir='ltr'><strong>prodiderunt,</strong></span> 
     </span>
    </p>
   </div>
   <div class='ocr_carea' id='block_1_121' title="bbox 2154 5713 3739 5782">
    <p class='ocr_par' dir='ltr' id='par_1_121' title="bbox 2154 5713 3739 5782">
     <span class='ocr_line' id='line_1_121' title="bbox 2154 5713 3739 5782; baseline -0.006 -8"><span class='ocrx_word' id='word_1_935' title='bbox 2154 5729 2206 5774; x_wconf 88' lang='lat' dir='ltr'><strong>ct</strong></span> <span class='ocrx_word' id='word_1_936' title='bbox 2230 5719 2282 5773; x_wconf 92' lang='lat' dir='ltr'><strong>in</strong></span> <span class='ocrx_word' id='word_1_937' title='bbox 2315 5715 2589 5770; x_wconf 88' lang='lat' dir='ltr'><strong>brutorum</strong></span> <span class='ocrx_word' id='word_1_938' title='bbox 2633 5713 2880 5769; x_wconf 86' lang='lat' dir='ltr'><strong>ferociam</strong></span> <span class='ocrx_word' id='word_1_939' title='bbox 2919 5714 3284 5778; x_wconf 89' lang='lat' dir='ltr'><strong>declinarunt,</strong></span> <span class='ocrx_word' id='word_1_940' title='bbox 3313 5714 3453 5770; x_wconf 84' lang='lat' dir='ltr'><strong>nulla</strong></span> <span class='ocrx_word' id='word_1_941' title='bbox 3499 5713 3600 5769; x_wconf 85' lang='lat' dir='ltr'><strong>erit</strong></span> <span class='ocrx_word' id='word_1_942' title='bbox 3629 5726 3739 5782; x_wconf 67' lang='lat' dir='ltr'><strong>pa-</strong></span> 
     </span>
    </p>
   </div>
  </div>
