4116 6196
379 317 476 376 Sil

366 448 554 490 uarum
582 429 896 488 diiferentia.
937 429 1182 483 Iudaeam
1223 429 1364 484 enim
1388 429 1633 484 diluvium
1671 442 1850 495 aqua,
1889 433 1942 478 ut

368 530 655 586 corrumpat
673 535 871 573 omnem
896 534 1095 573 carnem
1115 559 1131 586 ,
1152 519 1206 572 in
1224 535 1325 589 qua
1349 527 1420 572 est
1439 519 1645 587 spiritus
1665 518 1779 571 vitm
1797 532 1948 584 super

363 613 560 666 calum.
592 610 654 664 Et
687 609 922 678 jumenta
947 652 962 676 ,
996 610 1199 679 inquit,
1234 618 1290 663 et
1329 609 1556 664 volatilia
1582 650 1595 669 .
1624 617 1678 663 et
1707 608 1830 662 fera:
1854 647 1867 671 ,
1895 615 1948 661 et

363 699 749 770 quadrupedia,
781 710 836 755 et
876 715 1220 771 quaacumque
1261 700 1359 754 sub
1387 701 1524 756 coelo
1563 709 1718 763 sunt,
1756 713 1949 754 consu-

367 801 595 848 mentur.
629 790 695 846 Et
730 800 787 846 ut
825 791 998 846 discas
1030 791 1158 846 nihil
1204 792 1444 846 relictum
1493 791 1593 855 iri,
1644 791 1849 859 inquit:
1881 787 1948 841 Et

362 899 684 953 quacumque
708 892 824 936 sunt
843 900 997 954 super
1021 893 1204 936 terram
1227 925 1240 946 ,
1273 885 1566 937 morientur.
1598 880 1727 934 Nam
1762 879 1946 948 purifi-

361 973 568 1029 catione
596 975 739 1028 orbis
765 989 897 1044 opus
928 974 1084 1028 habet
1104 1013 1123 1039 ,
1163 973 1255 1028 sed
1303 973 1402 1028 hoc
1433 982 1482 1026 te
1506 989 1609 1026 non
1631 970 1946 1035 conturbet,

365 1078 538 1134 neque
564 1074 792 1118 mentem
825 1073 966 1119 tuam
993 1063 1295 1119 confundat.
1323 1063 1453 1117 Nam
1475 1063 1595 1132 quia
1623 1061 1776 1116 video
1807 1061 1949 1116 ulce-

368 1169 422 1206 ra
453 1169 636 1208 eorum
685 1155 990 1210 incurabilia
1016 1197 1030 1220 ,
1077 1154 1265 1210 sistere
1295 1154 1414 1208 volo
1459 1153 1672 1207 malitize
1718 1152 1946 1218 ï¬‚uenta,

365 1253 422 1298 at
449 1260 516 1300 ne
538 1246 866 1314 gravioribus
887 1247 1060 1316 pomis
1099 1244 1358 1300 obnoxios
1386 1258 1445 1299 se
1493 1243 1702 1299 faciant.
1753 1243 1950 1298 Idcirco

360 1338 524 1393 etiam
569 1354 708 1394 nunc
736 1354 830 1408 pro
871 1339 1024 1394 solita
1065 1352 1182 1392 mea
1219 1338 1496 1394 clementia
1537 1337 1948 1406 indignationem

368 1429 598 1510 bonitate
618 1440 916 1500 temperans
932 1471 949 1493 ,
980 1429 1135 1484 talem
1159 1444 1368 1498 pmnam
1392 1429 1559 1484 infero
1579 1443 1695 1498 qua:
1717 1429 1831 1483 sine
1850 1427 1949 1482 do-

368 1519 480 1573 lore
509 1520 610 1583 sit,
642 1528 695 1574 et
725 1535 827 1573 non
859 1521 1138 1575 sentiatur.
1167 1520 1348 1590 Neque
1375 1521 1514 1576 enim
1545 1519 1610 1574 ad
1639 1519 1952 1589 magnitudi-

367 1623 488 1661 nem
519 1617 850 1678 peccatorum
879 1610 958 1664 vel
989 1609 1053 1664 ad
1087 1609 1270 1665 merita
1298 1625 1480 1665 eorum
1511 1610 1834 1680 respiciens,
1857 1607 1950 1664 sed

367 1698 659 1766 pr.evidens
700 1699 871 1754 futura
893 1743 906 1765 ,
934 1710 986 1755 et
1027 1700 1122 1753 bos
1160 1700 1466 1770 congruenti
1500 1715 1653 1770 paena
1681 1701 1911 1770 plectere
1932 1740 1947 1763 ,

365 1798 419 1843 et
439 1798 681 1859 posteros
725 1793 792 1845 ab
835 1791 1132 1860 lmjnsmodi
1184 1791 1414 1860 pernicie
1453 1792 1676 1845 liberare
1707 1791 1844 1846 volo.
1875 1790 1954 1846 Ne

369 1881 524 1948 igitur
564 1892 785 1938 maestus
819 1883 926 1949 sis,
959 1898 1092 1937 neve
1136 1883 1362 1938 turberis
1397 1883 1510 1938 haec
1551 1883 1790 1938 audiens.
1820 1883 1951 1937 Nam

366 1972 466 2026 etsi
505 1973 580 2027 illi
620 1972 831 2042 dignam
885 1975 1114 2044 peccatis
1143 1975 1254 2028 suis
1289 1989 1496 2042 poenam
1529 1975 1706 2038 luent,
1735 1973 1828 2028 sed
1862 1973 1948 2029 18.

367 2062 600 2118 Statuam
639 2074 982 2119 testamentum
1015 2083 1178 2120 meum
1225 2078 1406 2120 tecum.
1459 2066 1718 2133 Quoniam
1769 2082 1956 2121 omnes

372 2154 572 2222 priores
603 2155 845 2226 indignos
879 2171 1000 2212 sese
1027 2159 1383 2226 prtcstiterant
1403 2199 1417 2223 ,
1446 2173 1616 2226 neque
1642 2157 1711 2211 de
1739 2157 1956 2210 manda-

372 2247 435 2302 tis
465 2248 598 2302 meis
642 2249 777 2304 bene
804 2257 1130 2316 senserunt,
1171 2259 1340 2304 tecum
1374 2249 1589 2318 posthac
1613 2257 1838 2303 statuam
1875 2258 1955 2303 te-

374 2348 689 2394 stamentmn
705 2355 902 2395 meum.
927 2341 1131 2395 Etenim
1148 2341 1523 2410 protoplastus,
1549 2350 1668 2410 post
1691 2350 1762 2395 tot
1787 2341 1956 2396 bene-

373 2429 490 2483 licia
532 2428 895 2500 deceptionem
929 2445 1112 2500 passus
1135 2473 1148 2492 ,
1177 2431 1420 2486 mandata
1449 2447 1563 2486 mea
1593 2440 1958 2500 transgressus

370 2531 453 2576 cst
481 2538 494 2575 :
524 2532 576 2576 et
596 2523 682 2592 qui
705 2537 770 2576 ex
796 2522 886 2576 illo
917 2531 1066 2576 natus
1087 2532 1187 2586 est,
1219 2522 1330 2590 ipse
1352 2523 1404 2576 in
1433 2522 1568 2576 idem
1596 2522 1809 2576 malitiae
1836 2537 1955 2591 pro-

373 2611 589 2667 fundum
622 2614 832 2677 incidit;
866 2613 1005 2667 unde
1031 2622 1082 2666 et
1107 2613 1411 2667 continuam
1441 2628 1562 2668 cum
1585 2614 1959 2670 maledictione

375 2717 584 2767 ptenam
619 2702 841 2772 accepit.
891 2703 1082 2757 Verum
1134 2718 1305 2774 neque
1353 2703 1494 2758 illius
1540 2707 1712 2774 poenis
1761 2708 1956 2775 posteri

370 2795 756 2850 emendatiores
800 2794 920 2848 facti
962 2803 1117 2860 sunt,
1145 2795 1236 2850 sed
1277 2795 1410 2850 mala
1441 2811 1535 2852 sua
1581 2797 1648 2852 ita
1677 2812 1959 2853 coacerva-

376 2893 492 2936 runt
551 2924 566 2946 ,
599 2893 657 2937 ut
703 2891 759 2938 ct
795 2883 1129 2953 genealogias
1165 2886 1394 2954 ipsorum
1425 2886 1789 2954 reprobarem.
1823 2887 1961 2942 Sane

373 2983 487 3042 post
513 2973 626 3028 haec
655 2983 711 3029 ut
739 2975 914 3028 inveni
951 2975 1130 3030 Enocb
1153 3018 1167 3040 ,
1197 2977 1284 3045 qtti
1315 2977 1522 3033 virtutis
1544 2978 1822 3046 imaginem
1842 2992 1960 3031 ser-

372 3068 541 3131 vavit,
590 3067 709 3137 quia
748 3066 898 3120 valde
934 3066 1062 3120 mihi
1104 3082 1256 3122 carus
1279 3067 1409 3134 fuit,
1432 3083 1551 3123 eum
1585 3069 1757 3122 vivum
1791 3075 1962 3122 trans-

377 3159 510 3225 tuli,
557 3167 856 3212 monstrans
878 3159 1123 3213 orntiibus
1169 3158 1378 3214 virtutis
1403 3159 1694 3213 cultoribus
1736 3169 1961 3228 quantas

379 3250 650 3306 mercedes
674 3260 728 3305 et
748 3250 1119 3305 retributiones
1155 3249 1533 3320 adipiscantur,
1577 3261 1630 3304 et
1657 3251 1874 3318 cupiens
1905 3259 1962 3304 ut

372 3341 546 3397 caeteri
597 3341 737 3396 illius
765 3341 1058 3396 imitatores
1086 3344 1304 3407 tierent,
1334 3339 1680 3410 eamdemque
1708 3341 1842 3394 viam
1885 3339 1963 3393 in.

373 3433 734 3502 grederentur.
765 3428 1023 3486 Caeterum
1047 3433 1167 3502 quia
1189 3472 1202 3495 ,
1232 3432 1350 3486 aliis
1381 3430 1624 3486 omnibus
1648 3440 1826 3500 postea
1853 3445 1963 3484 ma-

377 3526 540 3580 litiam
585 3525 944 3591 sectantibus,
973 3536 1023 3578 te
1048 3524 1217 3578 solum
1255 3525 1433 3578 inveni
1466 3524 1516 3577 in
1549 3533 1688 3578 tanta
1735 3523 1970 3577 multitu-

378 3618 536 3682 dine,
595 3618 680 3687 qui
709 3617 858 3687 primi
914 3615 1146 3684 parentis
1186 3616 1658 3686 transgressionem
1713 3629 1964 3669 revocare

373 3709 582 3776 possis,
645 3718 814 3761 tecum
866 3715 1089 3760 statuam
1151 3713 1522 3760 testamentum
1575 3719 1771 3758 meum.
1831 3704 1961 3757 Nam

381 3805 529 3855 bona:
557 3809 659 3854 tute
679 3801 798 3854 vita;
819 3815 976 3868 opera
999 3799 1273 3853 declarant
1295 3797 1504 3852 ï¬delem
1531 3807 1577 3849 te
1598 3797 1646 3850 in
1671 3795 1963 3863 suscipien-

373 3895 453 3948 dis
500 3893 758 3948 mandatis
785 3894 938 3949 meis.
971 3893 1204 3961 Denique
1234 3905 1300 3945 ne
1337 3891 1510 3944 adhuc
1535 3889 1706 3956 justus
1737 3887 1848 3941 haec
1873 3903 1967 3941 au-

378 3985 530 4040 diens
557 3992 810 4047 maereat,
841 3985 988 4052 quasi
1016 3983 1289 4051 solusipse
1307 3979 1609 4035 bberandus
1633 3979 1702 4032 sit
1727 4019 1742 4040 ,
1772 3977 1962 4030 iterum

376 4076 736 4132 consolatione
785 4090 905 4128 eum
925 4115 940 4140 ,
972 4084 1029 4127 ut
1053 4073 1225 4127 dicam
1245 4111 1260 4136 ,
1310 4071 1648 4130 demulcens,
1678 4065 1843 4121 dicit:
1874 4063 1967 4119 ln-

375 4171 612 4240 gredieris
642 4177 807 4222 autent
829 4168 882 4220 in
919 4182 1088 4220 arcam
1117 4175 1198 4231 tu,
1231 4173 1276 4218 et
1297 4163 1391 4232 lilii
1431 4163 1502 4214 tui
1525 4200 1539 4224 ,
1564 4170 1608 4213 et
1639 4175 1768 4212 uxor
1791 4167 1898 4222 tua,
1921 4166 1966 4210 et

376 4279 558 4318 uxores
584 4261 805 4329 ï¬liorum
843 4268 1062 4311 tuorum.
1093 4256 1223 4310 Nam
1276 4256 1396 4309 licet
1443 4252 1664 4307 multum
1690 4268 1719 4303 a
1773 4249 1966 4303 virtute

376 4355 504 4421 justi
532 4353 670 4406 illius
694 4349 987 4412 abfuerint,
1014 4347 1172 4401 alieni
1197 4355 1372 4400 tamen
1399 4352 1549 4398 erant
1579 4360 1605 4395 a
1635 4339 1967 4412 gravioribus

379 4443 590 4498 illorum
637 4439 887 4509 peccatis.
926 4437 1073 4492 Alias
1096 4451 1305 4506 quoque
1327 4435 1396 4489 ob
1423 4434 1556 4490 duas
1591 4433 1749 4488 hasce
1779 4446 1968 4486 causas

377 4533 550 4589 salute
589 4530 740 4601 potiti
767 4537 908 4584 sunt.
938 4529 1086 4594 Una,
1111 4527 1163 4581 in
1192 4526 1447 4580 honorem
1471 4525 1620 4594 justi.
1651 4524 1799 4580 Solet
1824 4523 1965 4578 enim

378 4626 614 4680 clemens
651 4623 790 4677 Deus
815 4619 1070 4675 honorem
1101 4619 1242 4674 hunc
1281 4617 1407 4672 dare
1432 4618 1600 4672 servis
1624 4617 1732 4672 suis
1751 4657 1766 4682 ,
1793 4625 1849 4670 ut
1869 4630 1964 4670 eo-

380 4730 497 4770 rum
525 4713 692 4785 gratia
721 4719 775 4766 et
813 4709 900 4765 alii
928 4709 1150 4764 salutem
1199 4707 1588 4763 nanciscantur.
1624 4705 1679 4760 ld
1723 4705 1863 4775 quod
1915 4715 1970 4759 et

383 4807 537 4864 beato
581 4803 742 4859 Paulo
781 4815 1091 4856 concessum
1119 4807 1229 4865 est,
1273 4799 1524 4869 magistro
1554 4797 1628 4850 illi
1677 4795 1849 4862 orbis,
1881 4796 1968 4864 qui

382 4900 577 4970 ubique
601 4910 712 4951 sua).
737 4894 989 4949 doetrinrc
1014 4892 1188 4947 radios
1215 4892 1514 4950 emittebat.
1533 4889 1978 4960 Quandoquidem

380 5006 501 5047 cum
546 4988 634 5044 ille
660 4987 881 5042 Romam
913 4985 1223 5054 navigaret,
1251 4993 1364 5035 orta
1407 4983 1456 5034 in
1497 4980 1628 5034 mari
1660 4986 1971 5048 tempestate

384 5093 570 5152 magna
591 5119 606 5144 ,
637 5078 708 5132 ita
733 5087 790 5130 ut
810 5089 999 5130 omnes
1032 5073 1190 5128 saluti
1219 5085 1329 5124 sua:
1355 5069 1628 5132 timerent,
1672 5069 1971 5136 nullamque

385 5172 577 5226 bonum
595 5182 742 5238 spem
767 5175 980 5235 propter
1007 5161 1251 5230 procella:
1270 5158 1656 5214 vehementiam
1677 5156 1935 5212 haberent
1956 5199 1970 5224 ,

385 5263 588 5318 vocatis
613 5259 857 5314 omnibus
888 5256 1015 5310 dicit
1041 5273 1053 5308 :
1085 5253 1226 5308 Bono
1250 5253 1418 5305 animo
1447 5260 1599 5304 estote
1621 5292 1636 5317 ,
1665 5251 1778 5304 viri.
1805 5249 1972 5303 Amis-

385 5353 462 5408 sio
493 5352 625 5406 enim
648 5350 830 5402 animat
847 5347 1034 5400 nullius
1060 5346 1150 5398 erit
1171 5360 1233 5398 ea:
1257 5343 1398 5396 nobis
1415 5381 1429 5405 ,
1464 5351 1793 5410 praeterquam
1814 5341 1971 5394 navis.

389 5444 592 5497 Adstitit
614 5444 745 5496 enim
769 5439 890 5494 mihi
929 5437 1022 5491 ltac
1051 5443 1189 5490 nocte
1213 5433 1311 5486 Dei
1333 5472 1346 5495 ,
1377 5431 1522 5502 cujus
1549 5447 1659 5483 sum
1701 5439 1750 5482 et
1777 5431 1858 5482 cui
1885 5429 1975 5482 de-

388 5534 546 5586 servio
569 5571 585 5595 ,
610 5529 821 5600 angelus
849 5529 1018 5581 dicens
1051 5541 1068 5579 :
1097 5523 1178 5579 Ne
1216 5524 1412 5586 timeas,
1453 5519 1617 5574 Paule
1647 5535 1664 5574 :
1691 5520 1826 5574 dedit
1850 5519 1979 5573 enim

393 5622 484 5674 tibi
512 5620 648 5674 Deus
677 5635 849 5674 ontnes
879 5619 963 5687 qui
1004 5627 1164 5670 tecum
1201 5615 1435 5682 navigant
1468 5612 1601 5682 (Act.
1630 5611 1720 5666 27.
1751 5611 1976 5682 29â€”24).

402 5705 588 5764 Vidisti
613 5707 884 5777 quomodo
909 5707 1072 5761 virtus
1100 5704 1197 5758 viri
1241 5703 1467 5758 salutem
1511 5702 1617 5758 illis
1636 5701 1977 5758 conciliavit?

1085 315 1139 370 S.
1182 313 1456 370 JOANNIS
1492 307 1966 372 CIIRVSOSTOMI
2012 308 2325 366 ARCHIEP.
2367 312 2900 370 CONSTANTINOP.

3527 318 3630 373 Si?

2061 425 2169 478 imo
2223 439 2327 479 non
2380 427 2549 481 virtus
2579 436 2814 493 tantum,
2853 426 2945 481 sed
2996 435 3049 480 et
3094 427 3369 481 clementia
3401 429 3629 486 Domini.

2055 516 2222 570 Simili
2273 518 2432 572 modo
2472 529 2527 573 et
2569 519 2669 574 hoc
2715 518 2830 573 loco
2861 518 3054 572 factum
3080 527 3197 582 est,
3231 527 3281 571 et
3312 517 3424 572 brec
3464 521 3627 588 prima

2055 623 2211 662 causa
2244 609 2339 664 fuit
2367 628 2379 663 :
2409 611 2571 665 altera
2600 626 2727 666 vero
2780 613 2876 664 ista
2908 629 2920 664 :
2950 611 3160 665 volebat
3203 611 3513 666 fermentum
3536 614 3633 666 ali-

2055 698 2194 768 quod
2226 709 2279 754 et
2300 701 2528 756 radicem
2556 704 2620 756 ad
2651 702 2974 771 posteritatis
2996 701 3423 756 constitutionem
3463 702 3629 757 relin-

2053 808 2219 862 quere
2249 811 2261 845 :
2296 809 2400 847 non
2419 794 2557 863 quod
2581 793 2902 863 impossibile
2926 804 3065 848 esset
3087 793 3196 847 Deo
3218 793 3406 847 iterum
3439 793 3633 848 forma-

2054 900 2112 938 re
2135 883 2423 945 hominem.
2451 895 2504 940 et
2523 901 2589 940 ex
2618 901 2724 940 uno
2744 887 2952 955 generis
2981 884 3166 939 iterum
3184 895 3520 955 augmentum
3552 886 3629 940 fa-

2053 989 2196 1039 cere;
2215 976 2304 1030 sed
2331 975 2452 1044 quia
2477 977 2556 1032 sic
2583 975 2678 1045 ipsi
2709 977 2876 1029 visum
2894 986 2975 1028 est
2991 990 3084 1044 pro
3107 975 3260 1030 solita
3287 975 3628 1044 benignitate.

2125 1065 2178 1120 5.
2221 1065 2450 1118 Attende
2479 1065 2637 1134 igitur
2671 1064 2763 1119 Dei
2791 1065 3076 1120 bonitatem
3105 1064 3262 1119 etiam
3301 1080 3393 1132 per
3417 1081 3478 1120 ea
3507 1081 3628 1133 qua:

2055 1163 2368 1222 sequuntur.
2424 1153 2554 1209 Nam
2607 1155 2744 1209 sicut
2793 1154 3181 1208 iutcrminando
3226 1168 3458 1224 pinnam,
3505 1170 3626 1209 cum

2056 1244 2331 1298 hominum
2362 1259 2556 1314 genere
2583 1254 2639 1300 et
2663 1246 2924 1314 jumenla,
2957 1253 3010 1299 ct
3037 1245 3264 1314 reptilia.
3291 1255 3347 1300 et
3373 1245 3627 1310 volatilia,

2056 1345 2111 1390 et
2136 1336 2274 1392 feras
2310 1337 2539 1404 peritura
2571 1337 2739 1392 dixit:
2771 1339 2838 1391 ita
2869 1347 2922 1391 et
2951 1338 3035 1391 hic
3063 1347 3276 1406 propter
3296 1338 3496 1406 justum
3528 1338 3627 1392 im-

2056 1437 2226 1497 perat,
2256 1437 2312 1481 ut
2342 1428 2704 1482 introducatur
2739 1429 2790 1482 in
2819 1443 2993 1481 arcam
3031 1443 3097 1482 ex
3144 1442 3463 1496 unoquoque
3507 1427 3627 1482 illo-

2055 1535 2172 1573 rum
2202 1535 2396 1589 genere
2420 1535 2514 1590 par
2533 1536 2717 1586 unum,
2744 1530 2798 1572 nt
2822 1521 2892 1574 sit
2916 1534 3096 1574 semen
3117 1528 3170 1574 et
3187 1520 3432 1588 primitite
3449 1520 3628 1574 multiâ€”

2061 1609 2256 1663 tudinis
2284 1617 2464 1678 postea
2494 1608 2701 1663 futurte.
2739 1609 2824 1664 l9.
2861 1607 2926 1661 Et
2951 1624 3015 1663 ea:
3039 1609 3287 1674 omnibus,
3329 1609 3518 1678 inquit.
3541 1611 3631 1682 ju-

2057 1701 2254 1766 mentis,
2295 1711 2341 1754 et
2371 1717 2433 1754 ea:
2465 1701 2694 1754 omnibus
2729 1702 2871 1770 feris,
2903 1709 2948 1754 et
2973 1716 3036 1754 ea:
3063 1700 3200 1754 omni
3227 1717 3396 1772 carne,
3425 1700 3542 1754 bina
3569 1717 3630 1756 ea:

2057 1795 2285 1848 omnibus
2307 1793 2511 1848 induces
2537 1795 2587 1846 in
2607 1810 2799 1855 arcam,
2826 1803 2880 1846 ut
2907 1809 3084 1863 pascas
3109 1793 3249 1864 apud
3265 1802 3312 1846 te
3334 1808 3353 1855 ;
3382 1795 3632 1848 masculus

2057 1893 2103 1938 et
2123 1884 2309 1954 femina
2329 1893 2491 1936 erant.
2509 1881 2598 1938 Î©ÎŸ.
2611 1882 2689 1937 Ea:
2709 1883 2938 1937 omnibus
2958 1883 3130 1937 avibus
3150 1883 3434 1938 volatilibus
3459 1901 3631 1938 secun-

2058 1977 2179 2029 dum
2207 1993 2382 2046 genus,
2405 1986 2451 2028 et
2481 1992 2542 2028 ea:
2567 1976 2793 2029 onmibus
2811 1976 3057 2044 jumentis
3084 1975 3359 2030 secundum
3388 1992 3562 2046 genus.
3585 1985 3630 2030 et

2059 2083 2120 2120 ex
2147 2067 2376 2121 omnibus
2400 2067 2656 2136 reptilibus
2680 2067 2963 2136 repentibus
2980 2084 3130 2137 super
3145 2077 3326 2122 terram
3355 2069 3628 2121 secundum

2060 2177 2234 2230 genus,
2277 2159 2394 2213 bina
2429 2175 2492 2214 ea:
2533 2159 2762 2213 omnibus
2795 2160 3051 2214 intrabunt
3084 2157 3152 2212 ad
3182 2167 3247 2221 te,
3280 2168 3333 2210 ut
3362 2168 3632 2225 pascantur

2061 2250 2200 2320 apud
2239 2252 2570 2318 temetipsum,
2615 2249 2868 2304 masculus
2905 2258 2950 2303 et
2980 2248 3184 2319 femina.
3217 2247 3292 2302 Ne
3316 2247 3488 2302 obiter
3517 2247 3632 2302 lucc

2063 2341 2402 2409 prteterieris,
2427 2341 2654 2404 dilecte;
2685 2340 2858 2408 cogita
2886 2348 3139 2406 quantum
3165 2339 3464 2407 pepererint
3487 2337 3630 2402 justo

2061 2448 2305 2487 curarum
2348 2432 2651 2496 tumultum,
2693 2431 2939 2501 cogitanti
2974 2429 3114 2499 apud
3153 2445 3210 2484 se
3245 2439 3486 2498 quantam
3515 2427 3628 2481 huic

2061 2525 2238 2579 omnia
2262 2539 2440 2578 curam
2468 2524 2760 2593 exigerent.
2791 2521 2908 2576 Non
2939 2521 3079 2576 enim
3115 2519 3408 2575 sufï¬ciebat
3432 2519 3481 2574 ei
3502 2533 3628 2574 cura

2064 2616 2302 2670 mulieris
2340 2624 2394 2671 et
2434 2615 2677 2678 ï¬liorum,
2728 2623 2782 2668 et
2817 2629 3068 2677 nuruum,
3110 2613 3202 2668 sed
3237 2623 3292 2669 et
3335 2611 3632 2667 sollicitudo

2065 2716 2142 2762 tot
2165 2708 2438 2762 brutorum
2463 2715 2518 2760 et
2545 2705 2788 2760 educatio
2813 2704 3125 2759 addebatur.
3152 2704 3340 2759 Verum
3368 2704 3633 2773 paulisper

2063 2805 2333 2864 exspecta,
2384 2795 2691 2864 videbisque
2737 2793 2831 2848 Dei
2884 2793 3194 2857 bonitatem,
3240 2793 3505 2863 quomodo
3549 2793 3635 2846 in-

2063 2889 2399 2942 cmnbentem
2429 2887 2570 2955 justo
2597 2900 2780 2940 curam
2810 2885 2964 2939 levet.
2990 2885 3082 2941 2|.
3113 2883 3188 2937 Tu
3211 2895 3374 2938 autem
3399 2882 3632 2952 accipies,

2066 2981 2252 3050 inquit,
2301 2979 2387 3032 tibi
2413 2978 2508 3047 ipsi
2535 2977 2600 3030 de
2631 2977 2856 3030 omnibus
2885 2977 3026 3042 cibis,
3054 2977 3115 3030 de
3137 2976 3311 3045 quibus
3343 2975 3599 3028 comeditis
3617 3015 3632 3037 ,

2065 3083 2109 3125 et
2141 3069 2468 3141 congregabis
2492 3075 2630 3136 apud
2661 3069 2896 3137 teipsum,
2927 3077 2972 3120 et
2994 3078 3136 3120 erunt
3175 3067 3260 3120 tibi
3289 3076 3336 3120 et
3362 3066 3462 3119 illis
3485 3065 3536 3118 in
3557 3065 3634 3118 ci-

2067 3168 2202 3220 bum.
2233 3163 2308 3219 Ne
2336 3161 2631 3226 existimes,
2669 3159 2858 3228 inquit,
2889 3159 3196 3213 destitntmn
3235 3168 3284 3212 te
3315 3172 3430 3211 m-a
3463 3155 3636 3223 provi-

2066 3255 2239 3309 dentia
2276 3253 2524 3321 relinqui.
2571 3251 2704 3306 Ecce
2744 3249 2885 3303 cnim
2915 3249 3181 3319 prtecipio,
3211 3258 3268 3302 ut
3295 3263 3412 3316 qua:
3445 3255 3635 3299 vestra:

2067 3346 2328 3402 alimonia:
2357 3344 2647 3408 sufï¬ciunt,
2673 3352 2728 3398 et
2752 3357 2870 3412 qua:
2896 3341 2960 3396 ad
2987 3339 3172 3396 alenda
3194 3339 3342 3394 bruta
3374 3345 3629 3406 Spectant,

2067 3439 2242 3492 omnia
2274 3437 2324 3490 in
2355 3448 2534 3489 arcam
2565 3434 2887 3488 inferantur:
2919 3433 2988 3486 ita
3015 3441 3068 3484 ut
3096 3431 3290 3484 nullam
3312 3429 3396 3482 vel
3419 3428 3632 3491 famem,

2068 3530 2148 3584 vel
2193 3527 2468 3597 penuriam
2522 3523 2884 3594 experiamini,
2938 3531 2992 3576 ct
3046 3536 3144 3576 nec
3192 3520 3342 3573 bruta
3392 3526 3632 3588 pereant,

2069 3629 2250 3690 utpote
2277 3618 2452 3673 cibum
2477 3632 2579 3670 non
2604 3613 2855 3668 habentia
2880 3611 2976 3666 sibi
3000 3610 3422 3666 convenientem.
3446 3608 3536 3661 á¼¨.
3571 3605 3635 3660 Et

2069 3713 2204 3782 fecit,
2237 3710 2422 3781 inquit,
2456 3707 2570 3762 Noe
2603 3707 2771 3762 omnia
2795 3720 3112 3776 quaecumque
3143 3703 3236 3756 sibi
3260 3703 3495 3773 prwcepit
3527 3701 3633 3754 Do-

2069 3804 2233 3856 minus
2259 3801 2416 3869 Deus,
2431 3799 2500 3853 sic
2521 3796 2858 3869 [ecit.Videas
2880 3805 2932 3849 et
2955 3793 3039 3848 hic
3057 3794 3354 3848 euro-nium
3375 3791 3630 3860 amplum.

2072 3892 2234 3958 Fecit,
2265 3892 2454 3962 inquit,
2493 3890 2663 3943 omnia
2694 3902 3016 3956 quacumque
3043 3887 3278 3958 pra'cepit
3310 3885 3354 3938 ci
3385 3882 3636 3938 Dominus

2069 3983 2226 4038 Deus.
2264 3982 2380 4038 Non
2420 3979 2560 4035 aliud
2603 3979 2815 4050 quidem
2843 3993 3004 4048 opere
3040 3976 3446 4044 exsequebatur,
3493 3971 3634 4027 aliud

2069 4081 2242 4128 autem
2267 4071 2580 4142 negligebat,
2617 4069 2710 4124 sed
2743 4069 2918 4122 omnia
2947 4083 3063 4138 qute
3093 4077 3350 4136 praecepta
3378 4075 3526 4120 crant
3558 4063 3636 4119 fe-

2069 4165 2160 4231 cit,
2199 4174 2253 4219 et
2288 4161 2377 4216 Sic
2409 4161 2547 4232 fecit,
2574 4167 2632 4214 ut
2658 4167 2922 4228 praecepta
2947 4168 3098 4215 erant
3119 4158 3168 4213 ei
3194 4174 3210 4222 ;
3238 4157 3368 4211 nihil
3396 4156 3634 4210 intenui-

2069 4255 2160 4321 sit,
2197 4252 2290 4308 sed
2317 4253 2495 4308 omnia
2525 4250 2781 4320 implevit,
2803 4261 2856 4304 et
2881 4249 3128 4319 operibus
3153 4248 3264 4302 suis
3295 4246 3554 4316 probavit,
3579 4259 3638 4299 se

2066 4345 2208 4415 juste
2233 4341 2602 4399 benevolentia
2637 4339 2729 4394 Dei
2756 4339 3027 4408 dignatum
3070 4337 3248 4392 fuisse.
3281 4335 3504 4404 Quantis
3530 4349 3635 4388 non

2071 4434 2283 4490 coronis
2302 4433 2518 4502 dignum
2554 4429 2713 4485 fuerit
2741 4430 2843 4484 hoc
2871 4429 3249 4494 testimonium,
3277 4443 3382 4497 quo
3406 4443 3436 4480 a
3461 4427 3636 4480 divina

2071 4526 2340 4594 Scriptura
2382 4521 2572 4576 fruitur
2595 4521 2770 4590 justus
2797 4520 2923 4574 ille?
2949 4519 3076 4586 Quis
3106 4519 3206 4572 hoc
3229 4517 3385 4572 fuerit
3413 4517 3635 4576 beatior.

2072 4615 2162 4687 qui
2193 4613 2374 4668 omnia
2401 4627 2561 4682 opera
2590 4611 2896 4679 complevit,
2923 4625 3040 4679 quae
3069 4609 3166 4663 sibi
3187 4625 3215 4662 a
3241 4607 3348 4663 Deo
3378 4615 3639 4676 prtcccpts

2074 4708 2300 4769 fuerant,
2358 4713 2408 4758 et
2467 4713 2662 4756 tantam
2703 4701 2754 4755 in
2807 4701 2871 4755 iis
2909 4715 3027 4770 quae
3065 4699 3164 4753 sibi
3200 4699 3454 4766 imperata
3489 4705 3638 4750 erant

2074 4795 2429 4854 obedientiam
2461 4792 2790 4846 declaravit?
2823 4791 2887 4844 Et
2917 4799 2974 4844 ut
3017 4790 3154 4844 scias
3185 4797 3378 4858 quanta
3404 4788 3641 4841 omnium

2075 4887 2327 4942 Conditor
2363 4883 2460 4952 ipsi
2497 4881 2706 4952 prmfari
2732 4881 2978 4950 dignatus
3002 4881 3089 4943 sit,
3119 4879 3239 4932 audi
3265 4894 3384 4947 qua:
3413 4893 3643 4946 sequun-

2077 4987 2181 5033 tur.
2210 4977 2260 5030 l.
2288 4974 2353 5027 Et
2378 4973 2528 5039 dixit,
2550 4972 2737 5040 inquit,
2761 4969 3011 5025 Dominus
3040 4969 3175 5022 Deus
3193 4970 3259 5020 ad
3290 4965 3435 5020 Noe:
3462 4967 3646 5038 Ingre-

2077 5067 2194 5120 dere
2218 5075 2271 5118 tu
2295 5073 2340 5118 et
2369 5063 2530 5117 omnis
2555 5061 2734 5116 domus
2760 5073 2844 5114 tua
2874 5062 2926 5114 in
2945 5075 3116 5113 arcam
3141 5057 3302 5130 (Cap.
3329 5057 3413 5127 7).
3449 5057 3645 5111 Deinde

2081 5167 2138 5212 ut
2157 5157 2382 5212 sciamus
2403 5156 2574 5223 ipsum
2595 5169 2699 5206 non
2721 5153 2885 5222 gratia
2907 5151 3177 5206 dumtaxat
3192 5149 3392 5218 justum
3411 5163 3645 5212 servare,

2082 5245 2174 5301 sed
2221 5254 2276 5299 et
2317 5245 2557 5299 laborum
2609 5241 2883 5295 mercedes
2922 5239 3042 5309 ipsi,
3085 5247 3139 5292 et
3182 5237 3394 5291 virtutis
3433 5237 3648 5307 prtemia

2084 5339 2332 5402 tribucre,
2377 5335 2523 5390 dicit:
2567 5333 2694 5388 Ideo
2734 5333 2822 5386 tibi
2853 5332 3074 5400 impero,
3103 5339 3158 5383 ut
3189 5339 3243 5383 tu
3272 5339 3325 5385 et
3353 5329 3543 5384 domus
3565 5339 3650 5384 tua

2081 5428 2257 5481 oumis
2285 5426 2338 5479 in
2367 5439 2542 5479 arcam
2571 5420 2960 5492 ingrediamini,
2996 5419 3127 5484 Quia
3151 5430 3198 5472 te
3217 5419 3316 5472 vidi
3342 5421 3538 5488 justum
3563 5435 3652 5472 co-

2083 5533 2194 5571 rant
2219 5533 2297 5570 me
2322 5513 2375 5568 in
2406 5512 2721 5585 generatione
2756 5510 2874 5563 ista.
2914 5509 3158 5579 Magnum
3202 5517 3256 5563 et
3299 5509 3401 5564 ï¬de
3438 5509 3653 5578 dignum

2086 5607 2468 5664 testimonium.
2498 5602 2634 5672 Quid
2674 5602 2814 5657 cnim
2857 5602 2958 5657 hoc
2992 5602 3162 5671 majus
3201 5611 3362 5665 esset,
3389 5615 3509 5655 cum
3543 5601 3654 5669 ipse

2088 5699 2360 5768 Conditor,
2390 5706 2445 5754 et
2467 5697 2557 5767 qui
2583 5709 2705 5751 eum
2732 5703 2790 5751 ut
2807 5705 2951 5752 esset
2983 5694 3248 5765 produxit,
3278 5692 3400 5748 talia
3425 5688 3656 5766 dejusto
