4102 6204
257 286 352 341 2H

256 396 682 468 κατακλυσμὸν
704 397 920 462 ὕδατος
951 394 1332 465 καταφθεῷαι
1364 392 1571 448 πᾶσαν
1597 392 1814 461 σάρκα.
1844 393 1914 446 ἐν

254 482 291 560 ᾗ
319 486 450 539 ἐστι
488 483 725 554 πνεῦμα
765 482 910 551 ζωῆς
939 480 1218 537 ὑποκάτω
1256 481 1363 534 τοῦ
1392 480 1672 547 οὐρανοῦ.
1707 478 1817 532 Καὶ
1848 477 1917 530 τά

255 576 451 645 κτήνη,
482 574 635 643 φησὶ,
661 572 757 626 καί.
790 571 861 625 τά
889 570 1131 631 πετεινά,
1162 570 1256 625 καί
1281 568 1350 622 τά
1385 568 1578 640 θηρία,
1610 569 1679 621 τὰ
1714 568 1808 620 καὶ
1836 583 1918 620 τεο

259 660 517 733 τράποδα,
544 661 638 714 καὶ
670 661 769 714 ὅσα
799 659 946 713 ἐστὶν
965 656 1221 712 ὑποκάτω
1238 655 1333 710 τοῦ
1360 654 1610 727 οὐρανοῦ,
1640 653 1919 723 καταφθα-

259 750 504 820 ρήσεται.
537 746 645 799 Καὶ
681 746 767 799 ίνα
792 744 993 817 μάθῃς,
1025 742 1178 815 [222‘
1205 744 1286 797 ὅτι
1307 742 1458 796 οὐδὲν
1483 739 1918 812 καταλειφθήσε-

258 854 346 888 ται
382 848 431 900 ι,
467 835 620 904 φησὶ,
642 834 751 888 Kal
777 832 895 887 ὅσα
918 830 1090 887 ἐστὶν
1116 829 1215 884 ἐπὶ
1254 829 1366 898 τῆς
1409 829 1516 899 γῆς
1547 830 1913 898 τελευτήσει.

264 923 371 975 Καὶ
426 921 534 993 γὰρ
579 919 879 990 καθαρσίου
934 918 1118 973 λοιπὸν
1143 918 1311 971 δεῖται
1341 918 1375 987 ή
1403 917 1695 987 οἰκουμένη
1724 957 1739 983 ,
1784 915 1919 971 ἀλλά

262 1008 418 1063 τοῦτο
451 1010 525 1080 μή
568 1024 628 1061 σε
665 1007 993 1078 ταραττέτω,
1025 1005 1160 1078 μηδὲ
1196 1004 1463 1075 συγχείτω
1493 1021 1585 1057 σου
1629 1005 1721 1058 τὸν
1773 1004 1920 1072 λογι-

266 1098 419 1166 σμόν.
462 1095 633 1167 Ὀρῶν
676 1095 783 1166 γὰρ
813 1093 991 1149 αὐτῶν
1016 1092 1111 1146 τοῦ
1143 1092 1333 1155 ἔλκους
1357 1092 1419 1144 τὸ
1446 1092 1692 1156 ἀνίατον,
1725 1094 1919 1162 στῆσαι

265 1183 522 1253 βούλομαι
544 1182 612 1235 τὰ
640 1181 737 1250 τῆς
768 1181 963 1243 κακίας
986 1179 1257 1251 ῥεύματα,
1284 1178 1370 1231 ἵνα
1401 1178 1477 1249 μή
1509 1178 1718 1249 μείζοσι
1750 1196 1920 1249 τιμω-

264 1272 407 1342 ρίαις
435 1270 658 1331 ἑαυτοὺς
679 1268 1008 1330 ὑπευθύνους
1038 1266 1436 1335 καταστήσωσι.
1463 1265 1553 1317 Διὸ
1577 1264 1670 1317 καί
1700 1264 1792 1316 νῖν
1823 1263 1920 1334 τὴν

264 1356 457 1411 ἐαυτοῦ
485 1355 890 1427 φιλανθρωπίαν
922 1353 1275 1426 μιμούμενος,
1302 1353 1394 1405 καὶ
1413 1350 1706 1422 ἀγαθότητι
1728 1368 1920 1422 κερανο

262 1447 356 1508 νύς
385 1444 484 1515 τὴν
505 1443 898 1514 ἀγανάκτησιν,
927 1443 1179 1511 τοιαύτην
1202 1440 1393 1509 ἐπάγω
1416 1440 1513 1510 τήν
1538 1440 1823 1510 τιμωρίαν,
1846 1439 1920 1503 ὡς

263 1530 530 1585 ἀνώδυνον
566 1530 749 1592 αὐτοῖς
783 1528 1033 1595 γενέσθαι
1073 1529 1166 1581 καὶ
1199 1527 1611 1597 ἀνεπαίσθητον.
1654 1527 1784 1579 Οὐδέ
1813 1527 1920 1598 γὰρ

264 1616 399 1687 πρὸς
424 1615 485 1668 τὸ
518 1617 625 1668 τῶν
658 1615 1062 1686 ἡμαρτημένων
1088 1615 1271 1678 αὐτοῖς
1294 1613 1521 1685 μέγεθος
1542 1613 1780 1684 ἀφορῶν,
1802 1614 1919 1667 οὐδέ

262 1704 421 1757 τίνων
459 1701 598 1766 άξιοι
622 1700 999 1771 τυγχάνουσιν,
1026 1699 1162 1753 ἀλλά
1189 1699 1256 1752 τά
1287 1699 1424 1770 μετά
1443 1699 1613 1752 ταῦτα
1649 1698 1916 1771 προορῶν,

263 1790 356 1843 καὶ
382 1788 588 1852 τούτοις
612 1787 866 1858 βούλομαι
894 1787 991 1857 τὴν
1016 1786 1392 1858 ἁρμόττουσαν
1416 1785 1684 1856 τιμωρίαν
1713 1787 1920 1855 ἐπαγαο

263 1880 412 1943 γεῖν,
447 1876 543 1929 καὶ
570 1876 694 1938 τούς
721 1873 847 1944 ἑξῆς
883 1873 1177 1943 μέλλοντας
1211 1871 1428 1925 ἔσεσθαι
1456 1873 1554 1943 τῆς
1605 1873 1670 1926 ἐκ
1716 1872 1919 1926 τούτων

264 1961 565 2025 ἀπαλλάξαι
596 1961 793 2031 λύμης.
823 1959 914 2030 Μὴ
954 1959 1126 2012 τοίνυν
1151 1959 1401 2029 κατηφὴς
1445 1957 1568 2022 ἔσο,
1605 1959 1737 2029 μηδέ
1763 1959 1921 2031 θορυ-

268 2051 361 2103 ϐοῦ
381 2047 552 2103 ταῦτα
578 2046 811 2101 ἀκούων.
838 2047 900 2099 Εἰ
929 2046 1038 2114 γὰρ
1066 2046 1160 2097 καὶ
1199 2044 1439 2107 ἐκείνους
1465 2044 1589 2107 ἀξία
1613 2044 1719 2096 τῶν
1741 2046 1921 2115 ἡμαρ-

266 2136 513 2208 τημένων
543 2134 663 2205 δίκη
690 2133 1074 2202 καταλήψεται,
1103 2130 1237 2185 ἀλλά
1260 2130 1470 2196 Στήσω
1496 2130 1609 2199 τὴν
1630 2130 1924 2200 διαθήκην

263 2241 382 2292 μου
399 2220 549 2292 μετὰ
571 2220 706 2275 σοῦ.
741 2217 956 2288 Ἐπειδὴ
985 2217 1183 2279 πάντες
1213 2217 1262 2268 οἱ
1290 2214 1651 2280 προλαϐόντες
1674 2215 1924 2282 ἀναξίους

268 2310 489 2370 ἑαυτοὺς
522 2306 881 2376 κατέστησαν,
905 2305 998 2357 καὶ
1021 2304 1082 2356 οὐ
1107 2302 1390 2371 γεγόνασιν
1418 2301 1758 2373 εὐγνώμονες
1794 2306 1925 2375 περὶ⁵

267 2396 365 2461 τὰς
398 2395 536 2466 ἐμάς
569 2391 788 2458 ἐντολὰς
812 2431 827 2456 ,
862 2391 998 2463 μετά
1028 2390 1122 2444 σοῦ
1159 2390 1345 2445 λοιπὸν
1387 2392 1569 2462 στήσω
1600 2392 1699 2461 τὴν
1734 2391 1922 2464 διαθή-

267 2500 370 2554 κην
395 2500 515 2554 μου.
545 2482 653 2534 Καὶ
677 2481 784 2550 γὰρ
808 2481 837 2533 ό
861 2478 1301 2551 πρωτόπλαστος,
1323 2478 1460 2550 μετά
1481 2479 1744 2543 τοσαύτας
1767 2480 1923 2550 εὐερ-

266 2571 454 2640 γεσίας
485 2569 698 2638 ἀπάτην
741 2567 1037 2638 ὑπομείνας
1059 2605 1075 2630 ,
1110 2566 1326 2637 παρέϐη
1377 2584 1477 2635 μου
1525 2566 1623 2630 τὰς
1673 2567 1921 2633 ἐντολὰς,

268 2659 360 2711 καὶ
387 2659 415 2711 ό
446 2655 505 2722 ἐξ
529 2655 739 2709 ἐκείνου
766 2654 925 2707 πάλιν
953 2654 1162 2724 τεχθεὶς
1192 2656 1272 2717 είς
1300 2653 1462 2706 αὐτόν
1488 2654 1586 2723 τῆς
1612 2655 1806 2718 κακίας
1833 2656 1925 2708 τὸν

268 2743 517 2813 πυθμένα
549 2742 743 2796 ῶλισθε
764 2758 777 2771 ·
806 2741 886 2795 διὸ
916 2740 1010 2793 καὶ
1041 2740 1261 2811 διηνεκῆ
1294 2740 1391 2810 τὴν
1413 2740 1680 2812 τιμωρίαν
1709 2740 1927 2808 ἐδέξατο

271 2829 407 2903 μετά
435 2831 533 2901 τῆς
560 2829 825 2901 κατάρας.
870 2828 1005 2881 Ἀλλ’
1030 2828 1152 2881 οὐδὲ
1182 2831 1301 2891 ταῖς
1330 2828 1517 2881 τούτου
1555 2828 1842 2899 τιμωρίαις
1875 2829 1925 2882 οί

272 2919 388 2989 μετ’
417 2917 577 2971 αὐτὸν
599 2915 1094 2987 ἐσωφρονίσθησαν,
1127 2915 1263 2970 ἀλλά
1297 2916 1387 2969 καὶ
1419 2915 1922 2986 ἐπεδαψιλεύσαντο,

267 3007 342 3072 ώς
369 3006 462 3059 καὶ
489 3005 588 3075 τῆς
623 3003 969 3073 γενεαλογίας
1003 3003 1196 3065 αὐτοὺς
1227 3003 1748 3074 ἀποδοκιμασθῆναι.
1774 3004 1926 3059 Μετά

268 3093 331 3165 δὴ
357 3091 530 3145 ταῦτα
560 3087 734 3159 εὐρὼν
767 3089 856 3142 τὸν
893 3088 1061 3159 Ἑνὼχ
1092 3091 1188 3160 τῆς
1225 3088 1425 3159 ἀρετῆς
1462 3089 1560 3159 τὴν
1600 3089 1783 3143 εἰκόνα
1812 3090 1928 3144 δια-

272 3178 530 3244 σώζοντα,
556 3176 644 3230 διά
675 3178 773 3248 τὴν
800 3175 997 3247 πολλὴν
1020 3176 1373 3247 εὐαρέστησιν
1402 3175 1579 3240 ζῶντα
1604 3177 1763 3231 αὐτὸν
1797 3196 1927 3249 μετο

272 3265 462 3336 έθηκα,
492 3265 703 3328 δεικνὺς
737 3265 831 3319 καὶ
876 3266 989 3324 τοῖς
1024 3261 1122 3333 τὴν
1176 3261 1376 3333 ἀρετὴν
1433 3262 1738 3332 μετιοῦσιν,
1788 3265 1928 3318 ὅσων

272 3352 647 3418 καταξιοῦνται
696 3350 802 3404 τῶν
832 3349 1070 3420 ἀμοιϐῶν
1094 3390 1109 3413 ,
1144 3349 1239 3401 καὶ
1270 3350 1589 3419 βουλόμενος
1632 3353 1757 3415 τούς
1802 3354 1929 3422 ἐξῆς

275 3439 517 3508 ζηλωτάς
546 3437 750 3490 ἐκείνου
784 3436 1117 3505 καταστῆσαι
1149 3435 1197 3498 ι),
1228 3437 1322 3487 καὶ
1373 3436 1471 3505 τὴν
1521 3437 1691 3507 αὐτὴν
1740 3439 1929 3508 ἐκείνῳ

277 3523 485 3594 βαδίσαι
516 3521 649 3574 ὁδόν.
686 3520 839 3573 Ἐπεὶ
871 3521 1076 3582 τοίνυν,
1116 3520 1331 3572 πάντων
1362 3520 1547 3572 λοιπον
1588 3522 1678 3573 ἐπὶ
1703 3524 1801 3591 τὴν
1833 3540 1931 3574 κα-

275 3611 398 3664 κίαν
426 3606 907 3678 αὐτομολησάντων
926 3647 942 3671 ,
978 3604 1039 3658 σὲ
1073 3606 1229 3676 μόνον
1256 3598 1415 3677 εὗρον
1448 3608 1504 3658 ἐν
1532 3608 1769 3678 τοσούτῳ
1797 3608 1933 3679 πλή-

277 3696 359 3751 θει
391 3695 683 3766 δυνάμενον
711 3692 1150 3748 ἀνακαλέσασθαι
1177 3690 1270 3745 τοῦ
1308 3693 1651 3764 προπάτορος
1682 3695 1778 3765 τὴν
1827 3712 1929 3749 πα·-

280 3785 541 3857 ράϐασιν,
580 3780 715 3851 μετά
748 3779 841 3832 σοῦ
896 3780 1075 3849 στήσω
1119 3780 1218 3850 τὴν
1255 3779 1517 3851 διαθήκην
1565 3798 1687 3850 μου.
1729 3782 1789 3835 'H
1822 3783 1931 3856 γάρ

276 3872 384 3927 τῶν
418 3868 756 3941 βεϐιωμένων
786 3884 867 3920 σοι
893 3867 1089 3938 πρᾶξις
1119 3865 1427 3931 ἀξιόπιστόν
1452 3884 1510 3920 σε
1533 3867 1767 3922 δείκνυσι
1796 3871 1932 3942 πρὸς

276 3959 337 4013 τὸ
363 3955 613 4023 δέξασθαι
666 3954 765 4018 τάς
811 3954 942 4025 παρ’
976 3953 1109 4024 ἐμοῦ
1144 3953 1379 4017 ἐντολάς.
1419 3949 1551 4008 Εἶτα
1599 3955 1686 4009 ἵνα
1716 3956 1791 4028 μὴ
1839 3959 1933 4012 καί

276 4045 449 4099 ταῦτα
492 4041 701 4095 ἀκούων
745 4042 774 4093 ό
822 4040 1026 4103 δίκαιος
1067 4042 1271 4105 ἐκεῖνος
1300 4041 1379 4093 ἔτι
1414 4041 1626 4113 ἀθυμῇ,
1660 4043 1737 4108 ώς
1771 4045 1933 4115 μόνος

278 4131 485 4202 μέλλων
509 4125 1060 4197 καταλειφθήσεσθαι,
1104 4127 1591 4199 παραμυθούμενος
1625 4130 1785 4183 αὐτὸν
1806 4171 1821 4194 ,
1856 4132 1931 4196 ώς

277 4220 449 4273 εἰπεῖν
469 4256 484 4280 ,
514 4215 674 4269 πάλιν
718 4214 907 4285 φησίν·
936 4216 1271 4283 Είσελεύσῃ
1320 4216 1384 4269 δέ
1413 4218 1501 4281 εἰς
1527 4216 1642 4284 τὴν
1686 4220 1933 4273 κιϐωτὸν

278 4306 380 4372 σὺ,
404 4305 502 4359 καί
536 4307 591 4358 οἱ
621 4305 740 4357 υἱοί
769 4317 908 4365 σου,
940 4303 1038 4355 καί
1072 4304 1110 4371 ή
1149 4303 1304 4371 γυνή
1330 4317 1480 4367 σου,
1513 4304 1610 4358 καί
1634 4308 1695 4358 al
1727 4308 1930 4375 γυναῇ

279 4409 383 4459 κες
412 4391 529 4445 τῶν
557 4389 705 4445 υίῶν
730 4404 847 4443 σου
872 4390 1020 4458 μετὰ
1046 4389 1182 4443 σοῦ.
1206 4388 1270 4442 El
1299 4389 1409 4461 γὰρ
1427 4392 1521 4444 καὶ⁵
1552 4391 1684 4446 πολὺ
1712 4396 1809 4465 τῆς
1838 4396 1931 4448 τοῦ

279 4480 484 4534 δικαίου
510 4477 713 4550 ἀρετῆς
759 4475 1066 4540 ἐλείποντο,
1102 4474 1216 4529 ἀλλ’
1254 4476 1401 4546 ὅμως
1434 4480 1532 4549 τῆς
1567 4479 1933 4551 ὑπερϐαλλού-

280 4583 379 4636 σης
412 4565 632 4619 ἐκείνων
664 4562 861 4625 κακίας
886 4563 1042 4626 ἐκτὸς
1070 4559 1231 4634 ἦσαν.
1261 4563 1468 4628 Ἀλλως
1499 4566 1554 4618 δὲ
1599 4568 1693 4620 καὶ
1716 4567 1804 4623 διά
1840 4569 1934 4623 δύο

276 4650 478 4713 ταύτας
502 4650 601 4712 τὰς
622 4648 797 4711 αἰτίας
819 4649 916 4719 τῆς
948 4648 1222 4720 σωτηρίας
1255 4649 1614 4717 ἀπολαύουσι,
1646 4652 1777 4723 μίαν
1811 4654 1930 4725 μὲν,

278 4740 358 4800 είς
385 4735 547 4806 τιμὴν
576 4734 671 4789 τοῦ
718 4735 925 4789 δικαίου
948 4750 962 4765 ⁸
995 4734 1117 4798 ἔθος
1148 4744 1256 4805 γαρ
1299 4737 1376 4808 τῷ
1426 4739 1789 4813 φιλανθρώπῳ
1816 4743 1934 4815 Θεῷ

278 4824 441 4893 τιμᾷν
469 4824 595 4886 τοὺς
627 4822 790 4875 αὐτοῦ
827 4822 1042 4887 δούλους
1066 4862 1081 4887 ,
1114 4824 1208 4877 καὶ
1249 4824 1565 4895 χαρίζεσθαι
1596 4828 1780 4892 αὐτοῖς
1805 4832 1934 4884 πολι

279 4909 435 4972 λάκις
474 4908 571 4980 τήν
610 4909 811 4979 ἐτέρων
861 4911 1166 4982 σωτηρίαν.
1207 4911 1235 4963 ὃ
1269 4913 1361 4965 καὶ
1411 4915 1506 4967 ἐπὶ
1540 4914 1632 4967 τοῦ
1664 4919 1934 4992 μακαρίου

282 4995 492 5049 Παύλου
530 4995 817 5066 πεποίηκε,
858 4997 950 5051 τοῦ
973 4997 1292 5053 διδασκάλου
1325 5000 1422 5071 τῆς
1452 5002 1770 5073 οἰκουμένης
1793 5042 1808 5066 ,
1842 5005 1934 5057 τοῦ

283 5081 555 5151 πανταχοῦ
579 5081 677 5145 τάς
706 5082 927 5147 ἀκτῖνας
952 5087 1050 5155 τῆς
1074 5084 1279 5148 οἰκείας
1303 5086 1641 5151 διδασκαλίας
1663 5089 1932 5157 ἀφιέντος.

294 5167 483 5221 Ἥνίκα
508 5168 617 5240 γὰρ
657 5162 810 5232 οὗτος
839 5169 930 5222 ἐπὶ
962 5171 1061 5241 τὴν
1102 5160 1323 5242 Ῥώμην
1359 5172 1588 5243 ἀνήγετο
1614 5212 1628 5235 ,
1672 5176 1937 5246 χειμῶνος

282 5254 419 5309 κατά
445 5255 543 5326 τὴν
572 5253 839 5310 θάλατταν
870 5256 1063 5310 πολλοῦ
1096 5257 1388 5329 γενομένου
1407 5300 1422 5325 ,
1449 5259 1543 5314 καὶ
1578 5262 1791 5316 πάντων
1830 5264 1938 5318 τῶν

280 5343 337 5396 ἐν
364 5340 443 5413 τῷ
475 5340 643 5411 πλοίῳ
675 5342 803 5412 περί
832 5344 998 5414 αὐτῆς
1034 5348 1132 5416 τῆς
1163 5345 1432 5418 σωτηρίας
1463 5346 1810 5413 δεδοικότων,
1847 5351 1938 5404 καὶ

280 5427 535 5499 οὐδεμίαν
568 5427 758 5482 ἐλπίδα
791 5428 942 5501 [223]
968 5433 1207 5504 χρηστὴν
1236 5434 1467 5503 ἐχόντων
1494 5433 1580 5487 διὰ
1608 5435 1668 5487 τὸ
1700 5436 1793 5489 τοῦ
1823 5436 1940 5490 κλυ-

280 5515 467 5569 δωνίου
504 5515 767 5586 μέγεθος,
799 5517 1034 5580 καλέσας
1062 5520 1305 5583 ἅπαντάς
1349 5539 1517 5590 φησιν
1540 5538 1554 5553 ·
1594 5524 1937 5592 Εὐθυμεῖτε,

282 5603 514 5671 ἄνδρες.
533 5602 818 5670 Ἀποϐολὴ
842 5603 950 5673 γὰρ
975 5606 1183 5674 ψυχῆς
1208 5608 1451 5678 οὐδεμία
1479 5610 1648 5664 ἔσται
1675 5609 1744 5674 ἐξ
1773 5609 1941 5681 ἡμῶν

287 5689 448 5758 πλὴν
472 5690 580 5745 τοῦ
616 5691 853 5745 πλοίου.
886 5690 1160 5761 Παρέστη
1195 5696 1303 5763 γάρ
1326 5714 1422 5765 μοι
1449 5698 1632 5768 ταύτῃ
1669 5697 1743 5768 τῇ
1766 5716 1831 5753 νι
1846 5700 1936 5753 ul

341 5828 358 5891 ξ
395 5826 544 5891 βλενίί.
569 5833 623 5877 el
650 5828 732 5877 alii
763 5828 1171 5891 ὐπολειφθήσεται.

344 5886 370 5927 1³
397 5888 569 5939 ὶιυτοι.
595 5891 805 5953 ζηλωτὰς
836 5886 983 5939 αὐτοῦ
1010 5886 1329 5951 καταστῆναι.

1404 279 1467 333 IN
1505 278 1655 334 CAP.
1692 278 1760 333 Vl
1793 278 2037 334 GENES.
2079 276 2307 334 HOMIL.
2351 275 2538 331 XXIV.

3573 267 3681 324 2P3

2021 390 2125 445 τοῦ
2152 390 2323 455 Θεοῦ,
2350 386 2422 446 οὗ
2450 392 2565 458 εἰμι
2595 389 2691 443 καί
2723 390 3009 456 λατρεύω,
3054 387 3306 458 ἄγγελος
3348 385 3557 454 λέγων,
3581 388 3680 453 Μὴ

2015 478 2225 545 ρι’ὅοῦ,
2261 477 2461 532 Παῦλε
2488 514 2504 539 ,
2534 475 2882 544 κεχάρισται
2919 474 3030 544 γάρ
3053 492 3154 530 σοι
3187 476 3219 528 ό
3268 471 3411 538 Θεὸς
3452 471 3682 537 πάντας

2016 563 2157 630 τοὺς
2180 564 2478 629 πλέοντας
2504 563 2656 632 μετὰ
2687 562 2826 616 σοῦ.
2867 558 3019 625 Εἶδες
3051 561 3169 625 πῶς
3201 563 3234 631 ή
3263 557 3433 628 ἀρετὴ
3465 557 3561 610 τοῦ
3590 559 3682 611 ἀν-

2014 650 2140 719 δρὸς
2171 650 2269 722 τὴν
2298 648 2571 721 σωτηρίαν
2601 649 2829 711 ἐκείνοις
2859 647 3185 719 προεξένησε
3209 664 3225 712 ς
3275 645 3472 716 μᾶλλον
3503 645 3560 699 δὲ
3584 646 3684 715 οὐχ

2015 736 2047 802 ή
2082 733 2252 804 ἀρετὴ
2285 732 2463 803 μόνον,
2504 730 2639 785 ἀλλά
2669 732 2763 785 καὶ
2796 733 2829 801 ή
2857 729 3236 802 φιλανθρωπία
3264 727 3357 782 τοῦ
3386 727 3680 782 Δεσπότου.

2017 815 2120 869 Τὸν
2149 815 2311 868 αὐτὸν
2340 815 2403 885 δὴ
2432 814 2630 887 τρόπον
2658 814 2750 867 καὶ
2797 812 2890 867 νῦν
2918 813 3006 866 διὰ
3042 813 3171 884 μίαν
3218 812 3315 882 μὲν
3342 811 3519 865 αἰτίαν
3549 810 3683 865 ταύ-

2018 920 2115 971 την
2135 920 2148 934 '
2184 902 2250 957 δι’
2282 902 2477 974 ἑτέραν
2505 902 2585 966 δέ,
2615 900 2801 973 ἐπειδὴ
2840 900 3090 954 ἐϐούλετο
3120 899 3296 970 ζύμην
3325 896 3448 952 τινὰ
3473 898 3567 950 καὶ
3599 896 3683 967 ῥί-

2018 987 2119 1054 ζαν
2164 988 2257 1043 τοῦ
2296 988 2583 1060 μέλλοντος
2612 990 2693 1053 εἰς
2736 988 2798 1042 τὸ
2826 988 2952 1058 ἐξῆς
2980 984 3331 1040 συνίστασθαι
3362 985 3552 1053 γένους
3585 1001 3686 1037 κα-

2016 1075 2369 1148 ταλειφθῆναι
2400 1092 2416 1107 ο
2464 1076 2564 1129 οὐκ
2616 1075 2803 1147 ἐπειδὴ
2857 1074 3116 1128 ἀδύνατον
3172 1069 3241 1144 ἦν
3290 1071 3368 1144 τῷ
3417 1070 3536 1142 Θεῷ
3593 1072 3686 1126 καὶ

2020 1163 2225 1218 ἄνωθεν
2265 1163 2429 1217 πάλιν
2467 1163 2758 1217 διαπλάσαι
2780 1204 2795 1230 ,
2826 1165 2919 1216 καὶ
2968 1162 3026 1229 ἐξ
3080 1161 3195 1225 ἐνὸς
3251 1161 3410 1231 μόνου
3441 1161 3501 1215 τὸ
3530 1161 3686 1231 γένος
3798 1153 3805 1159 ’

2020 1250 2283 1320 αὐξῆσαι·
2318 1250 2633 1321 ἀλλ’ὲπειδή
2669 1250 2841 1314 οὕτως
2874 1250 3185 1321 ἐδοκίμασε,
3214 1249 3312 1320 τὴν
3343 1248 3518 1303 οἰκίαν
3547 1250 3685 1318 ἀγαο·

2021 1336 2217 1408 θότητα
2241 1339 2594 1407 μιμούμενος.

2088 1423 2153 1479 ε’.
2186 1422 2383 1476 Σκόπει
2398 1423 2453 1476 δὲ
2477 1423 2570 1476 καὶ
2591 1422 2677 1475 διὰ
2700 1421 2807 1474 τῶν
2822 1421 2949 1493 ἐξής
2972 1418 3067 1476 τοῦ
3083 1419 3216 1475 Θεοῦ
3240 1422 3337 1493 τήν
3354 1422 3683 1492 ἀγαθότητα.

2021 1511 2231 1582 ’Ὠσπερ
2264 1509 2372 1582 γὰρ
2400 1512 2457 1564 ἐν
2483 1512 2548 1582 τῇ
2578 1509 2771 1582 ἀπειλῇ
2800 1512 2899 1581 τῆς
2935 1509 3203 1581 τιμωρίας
3229 1550 3243 1573 ,
3284 1509 3421 1579 μετὰ
3445 1510 3540 1563 τοῦ
3578 1510 3688 1565 τῶν

2021 1597 2323 1670 ἀνθρώπων
2350 1597 2539 1667 γένους
2566 1598 2659 1651 καὶ
2702 1597 2769 1651 τὰ
2794 1598 2967 1667 κτήνη
2998 1597 3091 1650 καὶ
3118 1596 3186 1650 τὰ
3225 1595 3432 1665 ἑρπετά
3450 1635 3467 1662 ,
3496 1597 3591 1650 καὶ
3617 1599 3688 1652 τά

2020 1684 2264 1749 πετεινὰ,
2297 1685 2393 1738 καί⁷
2419 1683 2489 1737 τά
2515 1683 2680 1756 θηρία
2703 1682 2997 1737 ἀπολέσθαι
3048 1677 3228 1737 εἶπενο
3278 1682 3423 1737 οὕτω
3465 1683 3560 1737 καὶ
3603 1684 3688 1735 ἐν-

2019 1770 2193 1825 ταῦθα
2211 1771 2299 1824 διὰ
2321 1771 2412 1825 τὸν
2446 1770 2653 1824 δίκαιον
2682 1770 2776 1824 καὶ
2805 1771 2871 1823 ἐκ
2904 1768 3108 1822 τούτων
3136 1770 3456 1839 εἰσαχθῆναι
3484 1771 3563 1834 εἰς
3589 1768 3688 1835 τὴν

2020 1858 2251 1913 κιϐωτὸν
2282 1858 2374 1927 ἀφ’
2404 1858 2632 1913 ἑκάστου
2658 1858 2849 1926 γένους
2881 1856 3208 1927 προστάττει
3244 1858 3373 1926 μίαν
3403 1856 3686 1925 συζυγίαν,

2019 1945 2160 1998 ὥστε
2196 1946 2415 2015 σπέρμα
2448 1946 2540 1998 καὶ
2589 1944 2841 2015 ἀπαρχὴν
2889 1943 3143 2010 γενέσθαι
3180 1943 3275 1996 τοῦ
3332 1944 3471 2013 μετά
3514 1944 3689 1997 ταῦτα

2024 2032 2305 2103 μέλλοντος
2348 2030 2564 2085 ἔσεσθαι
2607 2030 2864 2101 πλήθους.
2905 2030 3011 2083 Kal
3053 2030 3171 2083 ἀπὸ
3206 2029 3447 2083 πάντων
3468 2071 3482 2095 ,
3532 2031 3686 2099 φησί,

2020 2118 2139 2171 τῶν
2162 2117 2417 2185 κτηνῶν,
2448 2116 2547 2169 καὶ
2576 2116 2695 2170 ἀπὸ
2732 2115 2977 2169 πάντων
3006 2113 3123 2168 τῶν
3155 2116 3374 2183 θηρίων
3393 2156 3409 2177 ,
3442 2118 3540 2169 καί
3569 2117 3689 2170 ἀπὸ

2022 2203 2226 2270 πάσης
2259 2201 2519 2270 σαρκὸς,
2570 2201 2680 2255 δύο
2719 2199 2827 2255 δύο
2863 2200 2980 2255 ἀπὸ
3028 2200 3271 2255 πάντων
3309 2201 3569 2269 είσάξεις
3601 2205 3690 2269 εἰς

2022 2284 2137 2353 τὴν
2165 2284 2435 2349 κιϐωτὸν,
2469 2284 2568 2337 ἵνα
2597 2281 2823 2353 τρέφῃς
2848 2284 2997 2352 μετὰ
3025 2282 3287 2338 σεαυτοῦ
3313 2300 3326 2315 ο
3358 2283 3549 2352 ἄρσεν
3588 2285 3688 2341 καί

2022 2366 2179 2434 θῆλυ
2208 2366 2475 2420 ἔσονται.
2519 2365 2651 2419 Ἀπὸ
2678 2364 2919 2419 πάντων
2947 2364 3064 2419 τῶν
3096 2366 3318 2434 ὀρνέων
3355 2367 3474 2421 τῶν
3500 2385 3689 2422 πετει-

2022 2445 2144 2497 νῶν
2177 2443 2325 2498 κατὰ
2370 2443 2543 2513 γένος
2570 2484 2584 2506 ,
2631 2444 2728 2497 καὶ
2760 2444 2878 2499 ἀπὸ
2906 2444 3025 2497 τῶν
3051 2443 3286 2512 κτηνῶν
3312 2446 3463 2499 κατὰ
3492 2445 3686 2516 γένος,

2022 2522 2121 2575 καί
2158 2523 2275 2576 ἀπὸ
2326 2521 2443 2576 τῶν
2493 2521 2758 2590 ἑρπετῶν
2786 2522 2905 2575 τῶν
2942 2522 3246 2591 ἑρπόντων
3283 2523 3382 2576 ἐπὶ
3422 2522 3530 2592 τῆς
3580 2522 3691 2595 γῆς

2022 2600 2173 2655 κατὰ
2225 2600 2434 2671 γένος,
2479 2600 2589 2655 δύο
2630 2600 2740 2655 δύο
2790 2600 2911 2655 ἀπὸ
2962 2598 3205 2653 πάντων
3239 2603 3689 2655 εἰσελεύσονται

2023 2681 2172 2747 πρὸς
2203 2678 2298 2740 σὲ,
2327 2679 2648 2748 τρέφεσθαι
2674 2681 2825 2747 μετά
2855 2678 3139 2739 σεαυτοῦ.
3174 2676 3363 2747 ἄρσεν
3385 2680 3482 2733 καὶ
3508 2679 3686 2749 θῆλυ.

2024 2758 2194 2812 Τοῦτο
2216 2758 2302 2829 μὴ
2326 2756 2513 2819 ἁπλῶς
2545 2757 2910 2829 παραδράμῃς
2930 2795 2945 2818 ,
2978 2757 3228 2826 ἀγαπητέ
3256 2773 3269 2786 ·
3303 2757 3551 2828 ἐννόησον
3582 2757 3691 2829 γὰρ

2023 2838 2145 2890 ὅσον
2173 2837 2349 2890 ἔτικτε
2374 2835 2451 2905 τῷ
2473 2835 2668 2907 δικαίῳ
2692 2836 2783 2888 τὸν
2810 2834 3335 2906 θόρυϐον,ὲννοοῦντι
3363 2836 3461 2908 τὴν
3491 2836 3692 2890 τούτων

2023 2914 2161 2968 ὅλων
2193 2912 2527 2984 ἐπιμέλειαν.
2562 2915 2637 2966 Οὐ
2666 2913 2775 2984 γὰρ
2803 2913 2959 2984 ήρκει
2991 2912 3141 2983 αὐτῷ
3166 2914 3199 2984 ή
3233 2914 3456 2985 φροντὶς
3480 2918 3579 2986 τῆς
3596 2932 3693 2983 γυ-

2023 2998 2238 3062 ναικὸς,
2274 2997 2366 3050 καὶ
2414 2995 2522 3049 τῶν
2561 2995 2765 3049 παίδων
2790 3035 2805 3061 ,
2866 2995 2959 3049 καί
2991 2996 3100 3049 τῶν
3145 2994 3349 3050 τούτων
3396 2999 3690 3065 γυναικῶν,

2025 3075 2160 3130 ἀλλά
2195 3078 2284 3129 καὶ
2325 3078 2358 3145 ή
2392 3075 2631 3146 μέριμνα
2680 3074 2787 3128 τῶν
2835 3074 3107 3129 τοσούτων
3148 3074 3357 3143 ἀλόγων
3388 3075 3481 3130 καὶ
3508 3080 3540 3146 ή
3580 3076 3696 3130 δια-

2024 3154 2197 3225 τροφὴ
2227 3154 2596 3226 προσετίθετο.
2654 3153 2791 3207 Ἀλλ’
2825 3154 3117 3225 ἀνάμεινον
3165 3155 3394 3226 μικρὸν,
3438 3157 3531 3209 καὶ
3574 3156 3694 3225 ὄψει

2024 3231 2120 3285 τοῦ
2153 3231 2286 3284 Θεοῦ
2318 3231 2416 3302 τήν
2444 3230 2775 3302 ἀγαθότητα,
2806 3232 2899 3284 καὶ
2919 3232 3066 3295 ὅπως
3091 3232 3430 3300 ἐπικουφίζει
3460 3232 3555 3304 τὴν
3576 3236 3694 3286 ἐπι-

2027 3310 2289 3380 κειμένην
2322 3309 2577 3379 φροντίδα
2623 3309 2701 3379 τῷ
2748 3309 2961 3380 δικαίῳ.
3003 3310 3086 3363 Σὺ
3124 3309 3191 3362 δὲ
3219 3310 3395 3377 λήψῃ
3437 3309 3692 3376 σεαυτῷ,

2028 3389 2216 3459 φησὶν,
2257 3387 2374 3440 ἀπὸ
2407 3385 2649 3438 πάντων
2694 3385 2814 3438 τῶν
2831 3386 3162 3455 βρωμάτων
3191 3381 3279 3441 ὧν
3309 3389 3518 3441 έδεσϐε
3537 3428 3551 3450 ,
3594 3390 3695 3443 καὶ

2028 3462 2316 3528 συνάξεις
2341 3466 2489 3530 πρὸς
2512 3464 2804 3525 σεαυτὸν,
2853 3464 2949 3517 καί
2977 3464 3148 3518 ἐσται
3177 3480 3274 3518 σοι
3306 3466 3405 3518 καί
3443 3468 3696 3534 ἐκείνοις

2030 3539 2262 3609 φαγεῖν.
2292 3539 2384 3609 Μὴ
2420 3540 2647 3611 νομίσῃς
2669 3578 2683 3602 ,
2723 3542 2915 3611 φησὶν,
2961 3542 3293 3611 ἀπρονόητόν
3328 3559 3386 3595 σε
3426 3545 3695 3615 καταλιμ-

2032 3617 2318 3673 πάνεσθαι.
2366 3617 2496 3670 ’1δού
2536 3620 2644 3685 γὰρ
2682 3618 3002 3687 προστάττω
3032 3619 3127 3673 καὶ
3163 3621 3231 3673 τά
3270 3620 3403 3691 πρὸς
3429 3622 3526 3692 τήν
3557 3624 3695 3692 ὑμε-

2031 3697 2194 3767 τέραν
2220 3694 2424 3767 τροφὴν
2473 3695 2746 3767 ἀρκοῦντα
2773 3737 2789 3763 ,
2823 3697 2920 3750 καὶ
2967 3698 3036 3751 τά
3087 3699 3222 3770 πρὸς
3265 3698 3555 3772 διατροφήν
3585 3702 3696 3755 τῶν

2031 3775 2239 3842 ἀλόγων
2268 3775 2482 3852 ἅπαντα
2510 3773 2827 3846 εἰσαχθῆναι
2861 3776 2943 3839 εἰς
2973 3776 3069 3847 τὴν
3105 3778 3355 3844 κιϐωτὸν,
3385 3778 3521 3833 ῶστε
3558 3783 3694 3852 μήτε

2033 3854 2177 3922 ὑμᾶς
2221 3851 2379 3922 λιμοῦ
2416 3853 2510 3905 καὶ
2557 3854 2915 3924 στενοχωρίας
2962 3858 3156 3928 πεῖραν
3186 3855 3403 3923 λαϐεῖν,
3457 3861 3594 3929 μήτε
3621 3851 3695 3913 τά

2031 3932 2200 3999 ἄλογα
2229 3929 2592 4010 διαφθαρῆναι
2625 3932 2726 4010 οὐκ
2764 3932 2958 4010 ἔχοντα
2985 3936 3083 4005 τὴν
3117 3935 3449 4006 κατάλληλον
3468 3940 3690 4010 τροφήν.

2030 4010 2139 4065 Kal
2165 4009 2438 4077 ἐποίησε,
2462 4009 2615 4079 φησὶ,
2640 4009 2769 4064 Νῶε
2796 4009 2994 4065 πάντα
3024 4011 3141 4067 ὅσα
3171 4012 3504 4068 ἐνετείλατο
3534 4009 3696 4083 αὐτῷ

2031 4090 2244 4156 Κύριος
2279 4090 2312 4141 ό
2339 4087 2483 4154 Θεὸς
2506 4127 2521 4153 ,
2556 4088 2743 4154 οὕτως
2771 4089 3079 4157 ἐποίησεν.
3115 4089 3259 4162 Ὀρα
3292 4109 3382 4161 μοι
3418 4093 3577 4146 πάλιν
3603 4096 3695 4148 καὶ

2031 4165 2263 4220 ἐνταῦθα
2286 4165 2561 4236 ἐγκωμίου
2589 4166 2833 4237 μέγεθος.
2854 4167 3157 4234 Ἐποίησε,
3182 4171 3334 4238 φησὶ,
3354 4169 3480 4224 Νῶε
3499 4172 3694 4225 πάντα

2032 4246 2148 4299 ὅσα
2173 4246 2510 4299 ἐνετείλατο
2542 4244 2704 4310 αὑτῷ
2728 4247 2942 4313 Κύριος
2988 4250 3021 4300 ό
3054 4250 3215 4313 Θεός.
3253 4249 3329 4303 Οὐ
3358 4248 3417 4302 τὸ
3461 4250 3559 4320 μὲν
3586 4251 3694 4303 τῶν

2031 4324 2431 4394 ἐπιταχθέντων
2458 4326 2538 4387 εἰς
2582 4323 2740 4394 ἔργον
2765 4324 2969 4393 ήγαγε,
2998 4323 3093 4377 τοῦ
3125 4324 3184 4378 δέ
3218 4327 3489 4397 ἠμέλησεν
3510 4369 3525 4393 ,
3559 4329 3693 4383 ἀλλά

2033 4404 2211 4458 πάντα
2241 4404 2309 4456 τά
2358 4403 2680 4457 ἐνταλθέντα
2721 4403 2964 4474 ἐποίησε,
3012 4405 3105 4458 καὶ
3150 4406 3351 4473 Οὕτως
3384 4408 3690 4476 ἐποίησεν,

2032 4482 2220 4551 ὤσπερ
2252 4480 2554 4535 ἐνετείλατο
2587 4482 2736 4554 αὐτῷ
2755 4499 2768 4513 ο
2804 4482 2955 4537 οὐδὲν
2985 4484 3312 4554 παρέλιπεν,
3342 4486 3478 4539 ἀλλὰ
3519 4489 3694 4541 πάντα

2034 4560 2314 4631 ἐπλήρωσε
2338 4598 2352 4623 ,
2384 4559 2478 4612 καὶ
2504 4559 2673 4626 ἔδειξε
2710 4560 2802 4614 καὶ
2823 4560 2891 4613 δι’
2919 4561 3101 4615 αὐτῶν
3124 4562 3233 4616 τῶν
3261 4563 3437 4633 ἔργων
3457 4602 3474 4628 ,
3494 4565 3576 4619 ὅτι
3611 4567 3691 4619 διο

2034 4637 2200 4702 καίως
2244 4635 2451 4708 ήξιώθη
2478 4638 2690 4701 εὐνοίας
2723 4638 2870 4708 παρά
2906 4638 2999 4691 τοῦ
3029 4641 3317 4694 Δεσπότου.
3349 4642 3535 4695 Πόσων
3572 4659 3694 4695 στε-

2036 4716 2219 4787 φάνων
2249 4716 2349 4770 οὐκ
2384 4716 2511 4780 ἀξία
2541 4716 2607 4769 ἂν
2638 4716 2845 4785 γένοιτο
2872 4718 2905 4787 ή
2946 4718 3217 4788 μαρτυρία
3240 4719 3376 4788 αὐτη
3399 4759 3413 4782 ,
3447 4719 3596 4792 [221]
3627 4715 3693 4791 ἧς

2035 4795 2317 4866 ἀπήλαυσε
2356 4794 2508 4865 παρά
2552 4796 2651 4865 τῆς
2698 4794 2848 4858 θείας
2880 4796 3101 4867 Γραφῆς
3132 4798 3160 4849 ὁ
3208 4798 3454 4863 δίκαιος;
3492 4799 3586 4862 Τίς
3628 4800 3694 4853 ἂν

2035 4873 2244 4942 γένοιτο
2276 4872 2741 4943 μακαριστότερος
2771 4872 2867 4925 τοῦ
2895 4873 3070 4926 πάντα
3098 4877 3175 4939 εἰς
3210 4875 3368 4945 ἔργον
3401 4877 3693 4945 ἀγαγόντος

2034 4951 2103 5004 τὰ
2134 4950 2285 5021 παρά
2323 4950 2418 5003 τοῦ
2450 4949 2583 5003 Θεοῦ
2625 4950 2944 5005 ἐνταλθέντα
2970 4991 2984 5013 ,
3015 4953 3107 5006 καί
3155 4953 3419 5025 τοσαύτην
3451 4956 3697 5027 ὑπακοὴν

2037 5029 2166 5101 περὶ
2191 5029 2259 5082 τά
2279 5027 2640 5099 ἐπιταχθέντα
2663 5028 3100 5101 ἐπιδειξαμένους
3122 5032 3232 5085 Καὶ
3259 5032 3346 5087 ἵνα
3369 5033 3545 5105 μάθῃς
3566 5034 3696 5104 ὅσης

2037 5106 2282 5171 ἀξιοῦται
2310 5105 2397 5159 διά
2423 5105 2578 5159 τοῦτο
2601 5107 2700 5177 τῆς
2728 5110 3082 5180 προρρήσεως
3106 5110 3255 5181 παρὰ
3277 5110 3371 5163 τοῦ
3394 5110 3503 5164 τῶν
3527 5114 3698 5166 ἀπάν-

2037 5204 2145 5239 των
2169 5184 2523 5257 δημιουργοῦ,
2555 5186 2719 5241 άκουε
2745 5187 2854 5243 τῶν
2877 5189 3001 5259 ἐξῆς
3018 5205 3030 5217 ’
3055 5190 3163 5244 Kal
3193 5186 3345 5255 εἶπε,
3376 5191 3509 5260 φησί
3527 5230 3542 5256 ,
3577 5193 3696 5246 K15-

2032 5282 2164 5335 ριος
2188 5267 2222 5319 ὀ
2256 5263 2400 5330 Θεὸς
2424 5263 2574 5333 πρὸς
2596 5264 2722 5319 Νῶε
2745 5281 2758 5295 ’
2795 5266 3051 5321 Εἵσελθε
3078 5267 3160 5321 σὺ
3198 5268 3298 5321 καί
3330 5267 3450 5336 πᾶς
3471 5271 3504 5323 ό
3532 5266 3699 5341 οἶκός

2038 5358 2155 5397 σου
2179 5344 2266 5410 είς
2294 5342 2409 5410 τὴν
2442 5344 2709 5399 κιϐωτόν.
2741 5342 2874 5397 Εἶτα
2902 5344 2987 5396 ἵνα
3021 5345 3298 5419 μάθωμεν,
3335 5345 3411 5409 ὡς
3432 5348 3493 5399 οὐ
3516 5348 3697 5419 χάριτι

2044 5421 2201 5491 μόνον
2231 5420 2391 5484 σώζει
2424 5421 2513 5475 τὸν
2533 5421 2758 5486 δίκαιον,
2787 5421 2924 5476 ἀλλά
2953 5424 3048 5475 καὶ
3075 5421 3181 5475 τῶν
3210 5423 3386 5478 πόνων
3413 5424 3512 5488 τάς
3540 5426 3669 5496 ἀμοι
3687 5457 3699 5469 -

2041 5499 2142 5563 ϐἀς
2175 5498 2322 5569 αὐτῴ
2344 5497 2544 5561 δίδωσι,
2580 5499 2671 5551 καὶ
2694 5499 2795 5567 τῆς
2820 5500 3020 5569 ἀρετῆς
3051 5500 3151 5563 τάς
3173 5501 3491 5566 ἀντιδόσεις,
3530 5508 3694 5577 φησί’

2041 5577 2139 5630 Διά
2163 5577 2321 5630 τοῦτό
2356 5593 2413 5628 σε
2451 5577 2769 5647 προστάττω
2797 5579 2875 5655 εἰς
2902 5577 2999 5648 τὴν
3027 5578 3254 5632 κιϐωτὸν
3281 5580 3538 5637 εἰσελθεῖν
3562 5585 3698 5655 μετὰ

2041 5656 2135 5708 τοῦ
2163 5655 2311 5735 οίκου
2357 5672 2472 5735 σου,
2506 5656 2634 5708 Ὅτι
2666 5669 2741 5708 σε
2778 5652 2943 5712 εἶδον
2971 5658 3205 5714 δίκαιον
3246 5660 3525 5717 ἐναντίον
3552 5652 3699 5735 ἐμοῦ

2043 5736 2113 5815 ἐν
2142 5732 2425 5815 τῇγενεςξ
2442 5735 2645 5815 ταύτῃ.
2668 5736 2892 5807 Μεγάλη
2944 5738 3034 5791 καὶ
3077 5738 3383 5803 ἀξιόπιστος
3423 5743 3457 5811 ή
3491 5732 3698 5815 μαρτυ-

2048 5812 2156 5881 ρία.
2180 5811 2245 5861 Τί
2271 5811 2376 5880 γάρ
2401 5811 2468 5864 ἂν
2500 5813 2708 5879 γένοιτο
2732 5814 2934 5887 ταύτης
2964 5816 3164 5887 μεῖζον,
3189 5817 3315 5870 ὃταν
3346 5811 3506 5882 αὐτὸς
3538 5811 3700 5888 6A1;-

2049 5888 2303 5959 μιουργὸς
2321 5927 2336 5956 ,
2368 5890 2395 5942 ό
2417 5891 2506 5943 καὶ
2539 5893 2617 5955 εἰς
2642 5892 2699 5947 τὸ
2728 5890 2864 5948 εἶναι
2896 5893 3262 5967 παραγαγὼν,
3298 5896 3515 5950 τοιαῦτα
3534 5897 3699 5969 ψηφί-
