4102 6204
392 310 500 365 ΞΙΒ

397 415 558 486 ζηται
586 411 710 483 περὶ
736 409 830 463 τοῦ
864 408 1107 474 δικαίους
1141 409 1259 462 Ὀτι
1286 422 1380 473 σε,
1413 409 1579 479 φησὶν
1599 450 1614 475 ,
1643 404 1809 463 εἶδον
1830 406 2066 459 δίκαιον

395 502 673 556 ἐναντίον
695 498 863 567 ἐμοῦ.
905 498 972 550 Ἢ
1010 496 1216 569 ἀληθὴς
1255 497 1424 567 ἀρετὴ
1459 496 1597 567 αὕτη
1618 537 1633 560 ,
1667 498 1795 549 ὅταν
1829 496 2067 549 ἐναντίον

401 588 495 641 τοῦ
515 585 651 639 Θεοῦ
683 601 766 649 τις
787 584 991 655 ταύτην
1014 584 1400 650 ἐπιδείκνυται,
1428 585 1554 639 ὅταν
1581 586 1611 637 6
1632 582 1908 653 ὀφθαλμδς
1933 582 2069 634 ἐκείο

401 691 492 739 νος
528 675 557 726 ό
595 673 1035 743 ἀπαραλόγιστος
1076 672 1177 742 τὴν
1203 671 1382 742 ψῆφον
1411 672 1573 743 φέρῃ.
1630 665 1765 725 Εἶτα
1804 670 2069 724 διδάσκων

402 763 547 833 ἡμᾶς
573 761 603 812 6
626 759 1006 831 φιλάνθρωπος
1034 758 1167 822 Θεὸς
1197 760 1258 811 τὸ
1293 760 1488 829 μέτρον
1531 758 1632 828 τῆς
1662 759 1862 828 ἀρετῆς
1884 799 1899 823 ,
1933 759 2072 828 ὅπερ

400 848 602 920 ἀπῄτει
636 847 757 900 τότε
790 846 940 917 παρά
967 845 1060 899 τοῦ
1091 845 1302 899 δικαίου
1345 846 1442 915 (ού
1471 845 1579 916 γάρ
1624 847 1685 899 τὸ
1711 845 1843 897 αὐτὸ
1877 843 2072 913 μέτρον

404 936 534 1008 παρ’
560 936 792 989 ἑκάστου
818 935 1063 1005 βούλεται
1097 936 1194 1004 τῆς
1223 935 1424 1005 ἀρετῆς
1448 933 1814 1004 εἰσφέρεσθαι,
1848 932 1983 986 ἀλλά
2005 934 2070 1001 τῇ

401 1024 636 1095 διαφορᾷ
665 1022 774 1076 τῶν
806 1023 1010 1093 χρόνων
1043 1023 1136 1075 καί
1163 1020 1259 1092 τὴν
1297 1020 1560 1091 διαφορὰν
1589 1021 1686 1088 τῆς
1724 1020 1924 1091 ἀρετῆς
1953 1021 2073 1071 ἐπι-

405 1113 615 1184 ζητεῖ),
648 1111 814 1182 φησὶν
838 1151 853 1175 ,
879 1111 1011 1162 ’Ὅτι
1055 1123 1128 1161 σε
1155 1105 1318 1162 εἶδον
1347 1107 1582 1161 δίκαιον
1603 1107 1883 1161 ἐναντίον
1928 1106 2073 1176 ἐμοῦ

406 1199 479 1253 ἐν
498 1197 571 1266 τῇ
594 1196 770 1266 γενεᾷ
798 1196 1004 1263 ταύτῃ,
1033 1195 1112 1258 εἰς
1137 1195 1332 1247 κακίαν
1350 1192 1686 1264 ἀποκλινάσῃ
1712 1191 1999 1262 τοσαύτην,
2019 1194 2076 1243 ἐν

403 1288 471 1358 τῇ
506 1286 669 1355 γενεᾷ
698 1283 870 1354 ταύτῃ
902 1285 966 1353 τῇ
1025 1283 1234 1354 πονηρᾷ
1254 1323 1268 1348 ,
1308 1282 1403 1351 τὴν
1454 1281 1721 1351 τοσαύτην
1754 1281 2072 1349 ἀγνωμοσύ-

405 1391 504 1444 νην
551 1371 953 1444 ὲπιδειξαμένῃ.
988 1369 1065 1423 Σὲ
1107 1366 1273 1423 εἶδον
1315 1368 1579 1444 δίκαιον,
1618 1369 1675 1422 σὲ
1720 1372 1878 1439 μόνον
1919 1362 2076 1438 εὗρον

408 1459 747 1530 εὐγνώμονα,
767 1458 823 1510 σὲ
850 1453 989 1509 εἶδον
1011 1456 1107 1528 τῆς
1134 1457 1335 1526 ἀρετῆς
1355 1442 1522 1509 πολὺῦ
1545 1456 1860 1526 ποιούμενον
1888 1456 2042 1523 λόγον
2060 1473 2072 1486 ·

411 1551 475 1602 σὺ
513 1547 671 1618 μόνος
701 1546 937 1598 ἐναντίον
976 1561 1074 1614 μου
1104 1544 1308 1606 δίκαιος
1336 1542 1552 1613 ὤφθης,
1588 1543 1793 1596 τούτων
1823 1543 2078 1597 ἁπάντων

409 1633 799 1705 ἀπολλυμένων
820 1649 836 1665 ο
873 1632 931 1684 σὲ
972 1631 1292 1702 προστάττω
1328 1629 1587 1683 εἰσελθεῖν
1636 1631 1773 1700 μετά
1801 1629 1895 1683 τοῦ
1929 1630 2077 1683 οἴκου

412 1739 504 1775 σου
537 1721 740 1784 παντὸς
771 1720 851 1782 εἰς
875 1719 977 1789 τὴν
1010 1717 1242 1770 κιϐωτόν
1262 1734 1276 1747 ·
1324 1718 1433 1770 ἀπδ
1460 1718 1517 1771 δὲ
1563 1716 1671 1770 τῶν
1714 1717 1923 1787 κτηνῶν
1973 1718 2081 1773 τῶν

412 1807 670 1880 καθαρῶν
691 1804 898 1859 κελεύω
932 1821 991 1857 σε
1022 1805 1335 1871 εἰσαγαγεῖν
1358 1803 1497 1856 ἐπτὰ
1530 1805 1686 1857 ἑπτά.
1705 1804 1920 1874 Ἐπειδὴ
1946 1821 2078 1874 προ-

412 1893 590 1948 λαϐὼν
622 1892 950 1964 προσέταξεν
981 1890 1300 1961 ἀδιορίστως
1346 1889 1453 1943 ἀπὸ
1484 1891 1699 1944 πάντων
1741 1891 1867 1962 μίαν
1921 1890 2083 1956 συζυ-

412 1983 538 2051 γίαν
572 1978 924 2050 εἰσαχθῆναι·
958 1977 1045 2030 διά
1077 1976 1236 2029 τοῦτο
1283 1976 1378 2029 νῦν
1431 1994 1595 2048 φησιν
1620 2019 1634 2042 ,
1673 1977 1806 2031 Ἀπὸ
1851 1977 1919 2031 δὲ
1966 1977 2084 2032 τῶν

413 2071 686 2141 καθαρῶν
712 2069 862 2125 ἑπτὰ
893 2069 1042 2124 ἑπτὰ
1061 2107 1076 2132 ,
1131 2067 1249 2122 ἀπὸ
1277 2067 1345 2120 δὲ
1385 2068 1504 2121 τῶν
1535 2066 1622 2137 μὴ
1656 2067 1929 2137 καθαρῶν
1973 2069 2084 2123 δύο

412 2162 542 2223 δύο,
571 2158 761 2228 ἄρσεν
786 2157 883 2211 καί
934 2156 1112 2225 θῆλυ.
1138 2151 1272 2210 Είτα
1316 2155 1415 2225 τὴν
1450 2154 1625 2209 αἰτίαν
1669 2156 1934 2209 διδάσκων
1984 2158 2081 2210 ἐπ-

414 2254 610 2318 ήγαγε,
636 2248 950 2317 Διαθρέψαι
970 2243 1207 2313 σπέρμα
1230 2243 1327 2296 ἐπὶ
1354 2241 1561 2297 πᾶσαν
1589 2242 1703 2309 τὴν
1729 2243 1865 2312 γῆν.
1901 2244 2085 2311 ’Ἄξιον

412 2336 469 2389 δὲ
497 2333 733 2390 ἐνταῦθα
769 2333 1113 2404 διερευνῆσαι
1143 2331 1236 2384 καὶ
1283 2329 1408 2383 ἰδεῖν
1428 2370 1442 2394 ,
1476 2329 1637 2383 πόθεν
1676 2330 1793 2401 ᾔδει
1824 2336 1852 2384 6
1880 2330 2084 2394 δίκαιος

413 2426 535 2477 τίνα
568 2422 667 2493 μὲν
694 2417 763 2493 ἦν
801 2418 1039 2490 καθαρὰ,
1066 2418 1188 2470 τίνα
1215 2417 1273 2471 δέ
1299 2417 1604 2488 ἀκάθαρτα.
1638 2418 1862 2471 Οὐδέπω
1884 2419 1993 2489 γάρ
2018 2413 2085 2490 ἦν

414 2513 447 2579 ἠ
480 2511 743 2580 διαίρεσις
764 2506 902 2575 αὕτη
933 2504 1294 2575 γεγενημένη,
1328 2505 1395 2574 ἧν
1439 2504 1576 2575 μετά
1602 2503 1775 2558 ταῦτα
1801 2507 1829 2559 6
1854 2506 2086 2576 Μωῦσῆς

416 2596 776 2670 ἐνομοθέτησε
813 2597 925 2657 τοῖς
970 2592 1264 2657 Ἰουδαίοις.
1314 2591 1483 2645 Πόθεν
1526 2588 1619 2646 οὖν
1665 2593 1809 2663 ᾔδεις
1838 2593 2084 2658 Οἰκοθεν,

418 2683 734 2753 κινούμενος
754 2680 860 2734 ἀπὸ
884 2682 981 2750 τῆς
1011 2681 1066 2731 ἐν
1096 2680 1161 2748 τῇ
1191 2676 1349 2746 φύσει
1378 2678 1809 2747 ἐναποκειμένης
1835 2678 2089 2732 διδασκα-

417 2770 569 2835 λίας,
599 2768 737 2839 μετὰ
774 2767 831 2820 δὲ
862 2766 1064 2834 ταύτης
1097 2765 1191 2818 καὶ
1215 2767 1243 2817 6
1266 2764 1525 2833 λογισμὸς
1561 2765 1954 2835 ὑπηγόρευσεν,
1993 2768 2089 2819 οὐ.

418 2855 506 2908 δέν
550 2855 659 2923 γάρ
713 2851 1019 2922 ἀκάθαρτον
1052 2849 1159 2901 τῶν
1208 2847 1355 2916 παρὰ
1390 2848 1483 2900 τοῦ
1521 2848 1655 2902 Θεοῦ
1687 2850 2085 2920 γεγενημένων.

424 2940 546 3004 Πῶς
575 2940 681 3011 γάρ
711 2938 1020 3008 ἀκάθαρτον
1066 2934 1396 3005 καλέσαιμέν
1432 2951 1485 2986 τι
1517 2934 1625 2987 τῶν
1663 2935 2090 3008 δημιουργηθέν-

419 3046 549 3093 των,
575 3026 721 3091 άπαξ
738 3026 836 3097 τῆς
861 3024 1065 3080 ἄνωθεν
1089 3024 1274 3092 ψήφου
1306 3024 1433 3093 περὶ
1460 3022 1639 3075 αὐτῶν
1663 3036 1687 3063 ει
1719 3028 2091 3098 γεγενημένης

421 3115 517 3169 καὶ
558 3112 814 3182 εἰπούσης
856 3113 952 3180 τῆς
1006 3110 1155 3172 θείας
1207 3110 1466 3178 Γραφῆς,
1510 3109 1591 3161 ὅτι
1641 3106 1819 3163 Εἷδεν
1871 3115 1903 3164 ὀ
1947 3113 2092 3181 Θεὸς

421 3201 619 3256 πάντα
650 3200 765 3254 ὅσα
802 3200 1070 3266 ἐποίησε,
1101 3196 1199 3250 καὶ
1237 3195 1366 3248 ἰδοὺ
1396 3195 1552 3250 καλὰ
1582 3197 1760 3261 .1ιἀν;
1799 3198 1957 3253 Ἀλλά
1984 3200 2091 3255 λοι-

422 3290 525 3344 πὺν
563 3290 595 3360 ὴ
631 3288 791 3358 φύσις
826 3286 920 3355 ἀφ’
957 3285 1155 3355 ἑαυτῆς
1202 3284 1492 3355 κινουμένη
1527 3286 1624 3354 τὴν
1658 3285 1927 3360 διάκρισιν
1966 3291 2065 3343 ταύ

422 3394 522 3448 την
566 3375 897 3439 ἐπεδείξατο.
931 3373 1040 3425 Καὶ
1082 3375 1164 3426 ὅτι
1203 3372 1358 3425 τοῦτό
1399 3372 1547 3425 ἐστιν
1582 3372 1806 3443 ἀληθὲς,
1844 3376 2094 3447 ἐννόησόν

427 3482 517 3535 μοι
540 3463 617 3516 ἔτι
645 3462 737 3515 καὶ
770 3461 886 3524 νῦν,
917 3462 1065 3523 ὅπως
1094 3459 1150 3511 ἐν
1179 3476 1286 3513 τισι
1321 3460 1419 3529 μὲν
1443 3459 1629 3523 τόποις
1670 3461 1833 3515 τινῶν
1865 3464 2093 3535 ἀπέχονο

423 3568 514 3605 ται
546 3550 675 3603 ἔνιοι
712 3550 786 3612 ώς
816 3547 1141 3617 ἀκαθάρτων
1171 3546 1267 3600 καὶ
1311 3548 1384 3617 μὴ
1414 3548 1834 3619 νενομισμένων,
1871 3550 2000 3605 ἔνιοι
2036 3554 2094 3607 δὲ

424 3640 627 3694 τούτων
656 3637 815 3690 πάλιν
852 3636 951 3704 τὴν
987 3633 1285 3704 μετάληψιν
1329 3633 1629 3696 ποιοῦνται,
1676 3634 1778 3705 τῆς
1809 3638 2094 3708 συνηθείας

425 3725 492 3779 αὐ
506 3726 621 3787 τοὺς
653 3724 746 3776 ἐπὶ
786 3722 943 3776 τοῦτο
970 3721 1229 3790 ἀγούσης.
1257 3719 1442 3783 Οὕτως
1469 3716 1561 3773 οὖν
1603 3721 1696 3773 καὶ
1727 3722 1846 3774 τότε
1877 3725 2014 3795 αὑτὴ
2060 3730 2093 3799 ἡ

427 3808 822 3879 ἐναποκειμένη
855 3808 1055 3877 γνῶσις
1089 3807 1166 3876 τῷ
1203 3806 1397 3876 δικαίῳ
1427 3805 1669 3858 ἐδίδασκε
1697 3844 1709 3864 ,
1743 3806 1863 3861 τίνα
1898 3808 1998 3877 μὲν
2028 3805 2096 3881 ἦν

428 3895 581 3970 [225]
613 3896 750 3966 πρὸς
782 3895 983 3965 βρῶσιν
1017 3893 1292 3964 ἐπιτήδεια
1312 3933 1326 3956 ,
1355 3892 1474 3944 τίνα
1523 3890 1579 3944 δὲ
1629 3892 1914 3962 ἀκάθαρτα
1943 3936 1957 3960 ,
1997 3898 2098 3950 οὐκ

429 3989 559 4041 ὄντα
584 4027 599 4050 ,
644 3985 779 4040 ἀλλά
814 3983 1161 4056 νομιζόμενα.
1194 3981 1349 4044 Τίνος
1393 3981 1578 4034 ἕνεκεν
1601 4022 1616 4046 ,
1666 3983 1785 4035 εἰπέ
1818 4000 1941 4053 μοι,
1977 3986 2096 4038 δνον

427 4075 736 4146 ἀκάθαρτον
766 4073 1048 4146 ἡγούμεθα
1072 4111 1087 4135 ,
1116 4070 1290 4125 καίτοι
1326 4068 1476 4122 οὐδὲν
1506 4069 1690 4141 ἓτερον
1719 4072 2030 4143 σιτούμενον
2063 4075 2094 4145 ἢ

431 4164 724 4235 σπέρματα
742 4203 759 4229 ,
785 4162 946 4232 ἐτερα
985 4161 1040 4214 δὲ
1072 4158 1180 4212 τῶν
1208 4157 1553 4229 τετραπόδων
1582 4158 1714 4229 πρὸς
1742 4159 1945 4230 βρῶσιν
1976 4163 2095 4216 ἐπι-

428 4251 616 4321 τήδεια
637 4250 953 4320 νομίζομεν,
978 4245 1154 4300 καίτοι
1174 4245 1484 4316 ἀκαθάρτου
1518 4248 1722 4317 τροφῆς
1752 4248 2097 4319 μεταλαμδά.

427 4354 628 4403 νοντας
669 4337 854 4397 Οὕτως
894 4338 927 4404 ἡ
962 4334 1112 4405 παρά
1143 4333 1238 4386 τοῦ
1270 4333 1404 4385 Θεοῦ
1438 4333 1803 4404 χορηγηθεῖσα
1838 4338 1903 4406 τῇ
1938 4337 2097 4404 φύσει

429 4425 631 4495 γνῶσις
659 4423 865 4476 τούτων
897 4421 1215 4483 διδάσκαλος
1237 4420 1464 4487 ἐγίνετο.
1512 4420 1744 4493 Ἑτέρως
1766 4422 1822 4475 δὲ
1852 4423 1998 4477 ἐστιν
2020 4427 2099 4479 εἰσ·

429 4516 574 4576 πεῖν,
604 4514 688 4566 ὅτι
718 4511 812 4565 καὶ
834 4512 863 4564 6
885 4508 1191 4580 προστάξας
1212 4506 1343 4570 Θεὸς
1364 4509 1465 4579 τὴν
1495 4508 1693 4577 γνῶσιν
1722 4510 1870 4580 αύτῴ
1893 4511 2097 4565 τούτων

424 4602 596 4673 δήλην
624 4586 898 4671 ἐποίησεν.
944 4596 1103 4650 Ἀλλά
1131 4595 1256 4667 περὶ
1294 4594 1392 4666 μὲν
1422 4596 1530 4649 τῶν
1558 4596 1812 4669 καθαρῶν
1841 4599 1935 4652 καὶ
1961 4601 2097 4654 ἀκα-

431 4690 645 4761 θάρτων
676 4686 989 4760 ἀρκούντως
1011 4685 1336 4755 εἰρήκαμεν.

502 4778 577 4844 ς’.
602 4777 766 4831 Πάλιν
787 4775 843 4830 δὲ
858 4775 1045 4846 ἕτερον
1064 4774 1191 4845 ἡμῖν
1218 4770 1513 4826 ἁνακύπτει
1537 4770 1755 4845 ζήτημα
1776 4790 1787 4802 ·
1817 4775 1881 4827 Τί
1901 4775 2096 4846 δήποτε

427 4864 537 4918 ἀπὸ
572 4864 673 4934 μὲν
699 4862 807 4916 τῶν
839 4860 1163 4933 ἀκαθάρτων
1195 4859 1287 4912 δύο
1319 4859 1412 4912 δύο
1431 4900 1445 4922 ,
1476 4860 1583 4914 ἀπὸ
1613 4859 1671 4913 δὲ
1711 4860 1818 4913 τῶν
1844 4861 2099 4932 καθαρῶν

428 4952 569 5005 ἐπτά
596 4948 770 5016 ἐπτά;
800 4948 895 5002 καὶ
926 4948 1085 5002 πάλιν
1106 4964 1120 4978 ο
1149 4948 1303 5010 Τίνος
1328 4947 1513 5000 ἕνεκεν
1538 4947 1635 5017 οὐχ
1665 4946 1725 5011 ἓξ
1744 4986 1759 5011 ,
1788 4948 1908 5001 οὐδὲ
1932 4948 2097 5014 ὀκτὼ,

427 5038 540 5091 ἀλλ’
562 5037 729 5100 ἐπτάς
757 5036 909 5106 Τάχα
934 5038 1011 5100 εἰς
1036 5034 1170 5088 πολὺ
1197 5036 1367 5104 μῆκος
1390 5034 1418 5085 ὁ
1440 5034 1594 5101 λόγος
1622 5035 1752 5104 ἡμῖν
1779 5035 2097 5089 ἐκτείνεταν

428 5127 544 5182 ἀλλ’
574 5129 623 5181 εἰ
655 5126 730 5198 μὴ
754 5125 1092 5196 ἀπεκάμετε,
1127 5125 1220 5176 καὶ
1247 5122 1521 5192 βούλεσθε,
1546 5122 1823 5191 συντόμως
1852 5123 1946 5177 καὶ
1974 5126 2100 5196 περί

429 5215 633 5271 τούτων
679 5213 961 5283 διδάξομεν
998 5212 1096 5282 τὴν
1149 5211 1419 5281 ὑμετέραν
1470 5212 1727 5280 ἀγάπην,
1763 5212 1908 5281 άπερ
1953 5210 2018 5265 ἂν
2065 5215 2098 5284 ὴ

428 5303 523 5356 τοῦ
551 5301 689 5355 Θεοῦ
728 5302 888 5373 χάρις
915 5300 1221 5372 χορηγήσῃ.
1254 5297 1448 5350 Πολλοί
1484 5299 1589 5368 γὰρ
1625 5297 1794 5351 πολλά
1824 5300 1949 5370 περὶ
1978 5299 2100 5354 τού-

429 5408 537 5443 των
580 5387 935 5460 μυθολογοῦσι
962 5427 976 5449 ,
1012 5386 1108 5440 καὶ
1150 5384 1399 5437 ἐντεῦθεν
1451 5386 1702 5456 ἀφορμὴν
1731 5385 2098 5455 λαμϐάνοντες

430 5477 840 5549 παρατηρήσεις
880 5472 1126 5546 ἀριθμῶν
1162 5470 1574 5525 ἐπιδείκνυνται.
1612 5472 1733 5526 ’Ότι
1764 5471 1819 5524 δέ
1853 5472 1953 5526 οὐκ
1984 5472 2099 5526 ἐστι

434 5567 842 5638 παρατήρησις,
878 5562 1048 5632 ἀλλ’ἢ
1084 5561 1311 5631 ἄκαιρος
1353 5559 1831 5632 φιλοπραγμοσύνῃ
1864 5560 1970 5614 τῶν
2011 5563 2100 5613 αν-

491 5737 508 5758 ⁸
543 5735 633 5786 Αίιὶ
657 5734 760 5795 περὶ
782 5733 955 5792 αὐτῶν,
981 5731 1066 5780 alii
1089 5730 1205 5793 ὑπὲρ
1227 5729 1400 5781 αὐτῶν.

1186 294 1243 351 S.
1280 290 1562 348 JOANNIS
1596 285 2085 347 CHRYSOSTOMI
2129 282 2448 341 ARCHIEP.
2489 282 3039 341 CONSTANTINOP.

3729 276 3843 330 ΞΗ

2169 400 2404 471 θρώπων
2456 399 2629 453 ταῦτα
2680 397 3040 452 ἀναπλάττειν
3096 395 3404 466 ἐπιχειρεῖ,
3466 394 3589 446 ὅθεν
3634 395 3729 445 καὶ
3783 392 3844 445 αἰ

2170 486 2385 551 τελείους
2407 487 2516 539 τῶν
2538 485 2802 556 αἱρέσεων
2838 484 3167 554 ἐτέχθησαν,
3195 483 3393 536 αὐτίκα
3427 481 3569 552 μάλα
3602 479 3843 534 εἴσεσθε.

2172 577 2279 630 Καὶ
2310 576 2420 645 γάρ
2441 574 2516 638 ὡς
2535 574 2629 626 ἐπὶ
2657 573 2718 627 τὸ
2751 573 2999 626 πλεῖστον
3026 573 3135 642 (ἵνα
3159 571 3400 642 δόξωμεν
3431 570 3508 633 ὡς
3531 570 3595 622 ἐκ
3620 585 3843 640 περιου-

2172 664 2293 726 σίας
2334 661 2705 732 ἐπιστομίζειν
2746 662 2870 724 τοὺς
2910 661 2977 713 τὰ
3019 659 3127 713 ἀπὸ
3167 659 3275 714 τῶν
3309 659 3522 713 οἰκείων
3561 656 3845 726 λογισμῶν

2171 750 2615 823 ἐπεισφέροντας)
2646 749 2972 820 εὑρίσκομεν
3004 751 3062 800 ἐν
3097 750 3218 810 ταῖς
3248 747 3491 817 Γραφαῖς
3528 744 3726 816 μᾶλλον
3749 745 3849 798 τὸν

2170 839 2271 909 τῆς
2319 838 2579 906 συζυγίας
2608 836 2838 907 ἀριθμὸν
2869 835 3190 905 σωζόμενον.
3224 835 3335 887 Καὶ
3375 833 3485 905 γὰρ
3514 834 3677 902 ἡνίκα
3734 833 3844 885 ἀπ-

2158 926 2387 980 έστελλε
2414 925 2542 989 τοὺς
2571 923 2818 995 μαθητάς
2838 964 2851 987 ,
2889 923 2982 976 δύο
3028 922 3121 976 δύο
3149 922 3344 985 αὐτοὺς
3385 920 3703 982 ἀπέστελλε,
3749 919 3849 973 καὶ

2175 1014 2328 1067 αὐτοὶ
2359 1012 2415 1066 δέ
2449 1011 2649 1075 πάντες
2672 1010 2882 1065 δώδεκα
2911 1006 3050 1081 ἦσαν
3075 1048 3089 1071 ,
3135 1010 3229 1063 καὶ
3268 1007 3337 1061 τά
3369 1007 3671 1076 Εὑαγγέλια
3719 1007 3850 1058 τέσ-

2177 1118 2318 1172 σαρα
2364 1100 2455 1152 τὸν
2502 1098 2733 1170 ἀριθμόν
2764 1099 2929 1151 ἐστιν.
2981 1096 3139 1151 ’Λλλά
3166 1096 3338 1150 ταῦτα
3386 1095 3637 1167 περιττὸν
3670 1097 3851 1148 κινεῖν

2176 1191 2267 1241 ἐπὶ
2317 1192 2416 1260 τῆς
2472 1187 2745 1258 ὑμετέρας
2793 1186 3012 1257 ἀγάπης
3036 1228 3051 1250 ,
3099 1183 3481 1256 δεδιδαγμένης
3535 1184 3684 1248 ἅπαξ
3731 1186 3853 1247 τοῖς

2176 1276 2433 1338 τοιούτοις
2459 1275 2824 1345 ἀποφράττειν
2849 1272 2948 1336 τὰς
2991 1273 3180 1336 ἀκοάς.
3235 1273 3555 1340 Ἀναγκαῖον
3578 1271 3634 1325 δὲ
3658 1272 3855 1325 λοιπὸν

2178 1365 2372 1427 εἰπεῖν,
2403 1362 2546 1425 τίνος
2576 1361 2762 1413 ἕνεκεν
2791 1360 2932 1414 ἑπτά
2961 1359 3099 1413 ἐπτὰ
3145 1358 3252 1412 ἀπὸ
3294 1359 3402 1412 τῶν
3436 1358 3692 1430 καθαρῶν
3731 1359 3853 1411 εἰσ-

2178 1450 2408 1520 αχθῆναι
2426 1451 2504 1512 εἰς
2523 1449 2618 1518 τὴν
2633 1448 2863 1501 κιϐωτὸν
2885 1446 3203 1519 προσέταξε.
3225 1446 3297 1499 Τὸ
3317 1447 3414 1516 μὲν
3439 1446 3657 1499 πλείονα
3676 1463 3857 1517 προσ-

2179 1536 2335 1602 τάξαι
2359 1535 2467 1588 τῶν
2487 1534 2743 1604 καθαρῶν
2788 1534 3124 1604 εἰσαχθῆναι,
3151 1533 3238 1587 διὰ
3260 1533 3317 1585 τὸ
3345 1533 3696 1603 παραμυθίαν
3726 1535 3858 1586 τινὰ

2181 1624 2322 1694 ἔχειν
2353 1624 2446 1677 καὶ
2472 1623 2562 1675 τὸν
2589 1622 2814 1687 δίκαιον,
2839 1622 2932 1674 καὶ
2962 1621 3089 1683 τοὺς
3121 1622 3215 1673 σὺν
3240 1619 3390 1690 αὐτῷ
3411 1623 3510 1691 τῆς
3538 1619 3596 1686 ἐξ
3622 1620 3858 1673 ἐκείνων

2181 1711 2532 1774 ἀπολαύσεως
2568 1709 2893 1780 μετέχοντας
2966 1708 3027 1761 τὸ
3073 1708 3127 1761 δὲ
3163 1707 3300 1760 ἐπτὰ
3348 1708 3487 1760 ἐπτά
3512 1748 3527 1771 ,
3570 1709 3663 1760 καὶ
3689 1708 3859 1762 τοῦτο

2181 1800 2362 1863 πάλιν,
2404 1800 2452 1851 εἰ
2475 1799 2572 1870 τὴν
2606 1797 2784 1850 αἰτίαν
2821 1795 3064 1867 μάθοιτε,
3097 1794 3370 1859 ἀπόδειξις
3394 1794 3459 1848 ἂν
3487 1796 3571 1864 εἴη
3614 1794 3855 1864 μεγίστη

2180 1888 2278 1958 τῆς
2323 1885 2568 1956 φιλοθέου
2612 1884 2838 1955 γνώμης
2881 1882 2973 1936 τοῦ
3008 1883 3237 1937 δικαίου.
3282 1882 3498 1953 Ἐπειδὴ
3527 1881 3636 1954 γάρ
3671 1883 3790 1952 ᾔδει
3822 1885 3857 1935 6

2184 1973 2561 2044 φιλάνθρωπος
2595 1972 2727 2034 Θεὸς
2760 1970 2853 2024 τοῦ
2883 1970 3072 2042 ἀνδρὸς
3106 1972 3206 2041 τὴν
3249 1970 3447 2041 ἀρετὴν
3472 2010 3486 2032 ,
3517 1971 3608 2024 καὶ
3637 1971 3718 2023 δτι
3768 1970 3854 2021 δί-

2184 2080 2335 2126 καιος
2360 2062 2454 2123 ὢν,
2491 2061 2585 2113 καὶ
2621 2058 2887 2130 τοσαύτης
2914 2057 3227 2121 ἀπολαύσας
3257 2059 3410 2128 παρά
3439 2056 3531 2109 τοῦ
3573 2059 3639 2109 Δε
3651 2058 3859 2110 σπότοα

2185 2148 2623 2220 φιλανθρωπίας,
2656 2148 2750 2200 καὶ
2780 2146 2873 2199 τοῦ
2918 2146 3172 2199 τοσούτου
3224 2145 3516 2198 κλυδωνίου
3572 2145 3855 2212 διαφυγὼν

2185 2242 2280 2310 τὴν
2308 2241 2533 2310 πεῖραν,
2569 2236 2766 2309 ἤμελλε
2822 2236 2958 2307 μετὰ
3000 2235 3098 2307 τὴν
3136 2235 3453 2307 ἀπαλλαγὴν
3492 2235 3599 2288 τῶν
3638 2235 3853 2298 δεινῶν,

2187 2328 2277 2380 καὶ
2306 2326 2366 2378 τὸ
2396 2323 2821 2395 ἐλευθερωθῆναι
2848 2324 2945 2393 τῆς
2972 2325 3029 2375 ἐν
3057 2325 3121 2393 τῇ
3151 2322 3369 2393 κιϐωτῷ
3410 2323 3685 2393 διαγωγῆς
3706 2365 3719 2384 ,
3756 2324 3858 2393 τὴν

2184 2413 2392 2467 οἰκείαν
2426 2410 2841 2481 εὐγνωμοσύνην
2874 2409 3295 2470 ἐπιδείκνυσθαι,
3322 2410 3416 2463 καὶ
3446 2410 3729 2480 βούλεσθαι
3763 2412 3858 2463 θυ-

2188 2503 2308 2560 σίας
2336 2500 2622 2568 ἀνενέγκαι
2660 2498 2799 2570 ύπὲρ
2829 2498 3175 2568 εὐχαριστίας
3206 2497 3315 2550 τῶν
3348 2499 3730 2569 γεγενημένων
3763 2500 3861 2553 καὶ

2188 2588 2551 2659 ὑπηργμένων
2571 2588 2739 2655 αὑτηῖ),
2759 2586 2845 2639 ἵνα
2870 2587 2943 2656 μὴ
2969 2585 3125 2638 τοῦτο
3152 2585 3320 2638 ποιῶν
3342 2587 3730 2658 ἀκρωτηριάση
3757 2590 3860 2649 τᾶς

2191 2676 2446 2745 συζυγίας
2472 2716 2487 2739 ,
2517 2675 2605 2730 διὰ
2632 2674 2791 2729 τοῦτο
2815 2674 3079 2746 προειδὼς
3108 2673 3272 2726 αὑτοῦ
3306 2675 3402 2744 τῆς
3425 2676 3647 2745 γνώμης
3678 2677 3738 2727 τὸ
3768 2678 3862 2729 εὑ-

2189 2763 2443 2834 χάριστον
2490 2761 2703 2815 κελεύει
2755 2762 2893 2814 ἐπτά
2945 2760 3083 2813 ἐπτὰ
3132 2760 3445 2829 εἰσάγεσθαι
3484 2762 3575 2829 ἀφ’
3621 2763 3859 2815 ἑκάστου

2188 2851 2377 2919 γένους
2425 2850 2533 2903 τῶν
2581 2849 2816 2921 ὀρνέων,
2856 2850 2943 2903 ίνα
2991 2852 3090 2918 τῆς
3144 2847 3514 2920 πανωλεθρίας
3570 2850 3861 2920 παυσαμέ-

2189 2955 2286 3008 νης
2329 2938 2424 2991 καὶ
2474 2938 2564 2990 τὸν
2614 2938 2810 2989 οἰκεῖον
2867 2935 3064 2989 σκοπὸν
3116 2935 3480 3005 ἐπιδείξηται,
3515 2939 3609 2989 καὶ
3636 2939 3703 3007 τῇ
3758 2954 3859 2990 συ-

2192 3024 2353 3095 ζυγία
2400 3024 2507 3076 τῶν
2554 3024 2812 3076 πετεινῶν
2859 3022 2953 3075 καὶ
3003 3022 3110 3077 τῶν
3153 3022 3356 3076 λοιπῶν
3402 3023 3603 3094 ὀρνέων
3649 3024 3726 3095 μὴ
3767 3024 3860 3079 λυ-

2195 3114 2470 3183 μήνηται,
2522 3110 2551 3162 ὃ
2603 3110 2665 3181 δὴ
2724 3111 2818 3163 καὶ
2868 3109 3162 3180 προϊούσης
3211 3109 3313 3179 τῆς
3363 3109 3709 3174 διδασκαλίας
3751 3130 3861 3181 μα-

2193 3198 2423 3270 θήσεσθε
2460 3238 2475 3260 ,
2529 3197 2745 3250 ἐπειδὰν
2803 3200 2881 3261 εἰς
2934 3198 3094 3250 αὑτὸν
3151 3197 3242 3250 τὸν
3312 3198 3475 3251 τόπον
3532 3199 3859 3270 παραγενὼ-

2196 3285 2355 3357 μεθα.
2411 3284 2563 3357 [226]
2613 3284 2847 3349 ὐψεσθε
2898 3284 3007 3357 γὰρ
3060 3284 3151 3337 τὸν
3200 3284 3405 3338 δίκαιον
3462 3285 3651 3339 τοῦτον
3700 3288 3861 3341 τοῦτο

2194 3375 2552 3447 πεποιηκότα.
2592 3373 2851 3445 Ἐμάθετε
2904 3374 3003 3444 τὴν
3052 3373 3265 3438 αἰτίαν,
3300 3374 3370 3426 δι’
3425 3375 3489 3445 ἢν
3519 3375 3661 3428 ἑπτὰ
3714 3369 3861 3431 ἑπτά

2194 3465 2505 3532 εἰσαγαγεῖν
2533 3461 2893 3533 προσετάχθη.
2912 3460 3118 3531 Μηκέτι
3139 3460 3320 3514 λοιπὸν
3345 3461 3601 3531 ἀνέχεσθε
3626 3462 3734 3515 τῶν
3759 3481 3860 3532 μυ-

2196 3551 2433 3620 θολογεῖν
2480 3548 2919 3620 ἐπιχειρούντων,
2974 3550 3067 3602 καὶ
3114 3549 3711 3619 καταστοιχειουμένων
3758 3551 3860 3621 τῆς

2196 3638 2344 3701 θείας
2373 3637 2612 3709 Γραφῆς,
2644 3636 2736 3689 καὶ
2763 3636 2829 3688 τά
2865 3636 2973 3689 ἀπὸ
3001 3635 3095 3689 τοῦ
3126 3635 3325 3688 οἰκείου
3358 3636 3478 3700 νοὸς
3506 3639 3859 3709 ἐπεισφερόν-

2197 3741 2303 3778 των
2354 3727 2466 3787 τοῖς
2497 3723 2659 3785 θείοις
2705 3722 3049 3793 διδάγμασιν.
3094 3722 3312 3794 Ἐπειδὴ
3357 3724 3534 3777 τοίνυν
3582 3725 3861 3790 διετάξατο

2196 3812 2373 3866 πάντα
2397 3813 2603 3881 σαφῶς,
2630 3813 2723 3864 καὶ
2761 3812 2885 3882 περί
2907 3810 3014 3864 τῶν
3038 3813 3259 3881 ὀρνέων,
3289 3812 3530 3884 καὶπερὶ
3554 3812 3662 3867 τῶν
3691 3814 3859 3871 καθα-

2201 3899 2328 3970 ρῶν,
2370 3901 2462 3953 καί
2494 3899 2620 3970 περὶ
2645 3898 2752 3951 τῶν
2782 3898 3125 3968 ἀκαθάρτων.
3159 3901 3253 3953 καὶ
3298 3903 3396 3970 τῆς
3419 3898 3624 3953 τούτων
3647 3900 3859 3972 διατρο-

2199 3987 2322 4056 φῆς,
2376 3986 2507 4056 φησί
2548 3986 2682 4056 πρὸς
2709 3985 2799 4039 τὸν
2847 3985 3086 4039 δίκαιον
3131 3988 3253 4039 Ἔτι
3280 3987 3389 4056 γὰρ
3420 3987 3656 4056 ἡμερῶν
3687 3990 3858 4054 ἑπτὰ,

2199 4074 2295 4127 καί
2345 4073 2471 4127 ἰδοὺ
2500 4072 2615 4143 ἐγὼ
2649 4073 2847 4142 ἐπάγω
2884 4074 3061 4128 ὑετὸν
3105 4074 3205 4127 ἐπὶ
3257 4074 3371 4143 τὴν
3422 4074 3539 4145 γῆν
3571 4077 3863 4146 τεσσαρὰ-

2202 4176 2388 4214 κοντα
2434 4160 2658 4230 ἡμέρας
2696 4161 2793 4214 καὶ
2831 4161 3287 4229 τεσσαράκοντα
3330 4164 3575 4230 νύκτας,
3622 4164 3719 4218 καί
3768 4166 3854 4227 ἐξ·

2198 4248 2432 4316 αληεῐψω
2458 4246 2666 4300 πᾶσαν
2692 4248 2805 4315 τὴν
2843 4247 3275 4315 ἐξανάστασιν,
3322 4248 3401 4316 ἢν
3428 4251 3706 4316 ἐποίησα,
3744 4252 3863 4305 ἀπὸ

2199 4334 2520 4402 προσώπου
2578 4332 2687 4400 τῆς
2732 4332 2863 4403 γῆς,
2916 4335 3034 4389 ἀπὸ
3067 4335 3383 4404 ἀνθρώπου
3416 4336 3527 4403 ἕως
3577 4336 3860 4405 κτήνους.

2200 4421 2397 4475 Σκόπει
2456 4438 2544 4491 μοι
2592 4422 2683 4475 καὶ
2732 4424 2796 4474 ἐκ
2834 4421 2941 4474 τῶν
2985 4421 3080 4475 νῦν
3146 4423 3451 4494 εἰρημένων
3515 4423 3615 4493 τῆς
3665 4425 3865 4493 ἀγαθό-

2197 4525 2357 4579 τητος
2403 4507 2567 4561 αὐτοῦ
2625 4509 2724 4579 τὴν
2794 4508 3117 4579 ὑπερϐολὴν,
3152 4508 3270 4573 πῶς
3337 4510 3474 4580 μετὰ
3557 4512 3865 4582 τὴντοσαύ-

2197 4615 2297 4667 την
2339 4596 2720 4667 μακροθυμίαν
2738 4598 2830 4652 καὶ
2871 4599 2965 4651 νῦν
3000 4599 3105 4670 πρὸ
3151 4599 3290 4653 ἐπτά
3324 4602 3544 4672 ἡμερῶν
3584 4602 3863 4673 προλέγει,

2201 4683 2520 4754 βουλόμενος
2569 4683 2645 4755 τῷ
2707 4685 2857 4756 φόϐῳ
2907 4688 3379 4759 σωφρονεστέρους
3445 4690 3643 4753 αὐτοὺς
3707 4692 3865 4760 ποιῆ-

2201 4788 2321 4835 σαι,
2378 4772 2473 4824 καὶ
2528 4773 2607 4834 εἰς
2665 4773 2953 4843 μετάνοιαν
3015 4775 3263 4844 ἀγαγεῖν.
3314 4776 3424 4829 Καὶ
3471 4777 3554 4830 ὅτι
3599 4778 3686 4831 διὰ
3712 4778 3868 4832 τοῦτο

2200 4859 2475 4930 προλέγει,
2494 4860 2580 4913 ἵνα
2602 4859 2674 4930 μὴ
2692 4862 2944 4933 ἐπαγάγῃ
2967 4861 3034 4915 τὰ
3052 4865 3183 4935 παρ’
3200 4863 3367 4918 αὑτοῦ
3391 4865 3677 4937 εἰρημένα,
3698 4866 3869 4919 ἐννόει

2203 4966 2291 5020 μοι
2320 4950 2444 5012 τοὺς
2480 4949 2787 5014 Νινευῖτας,
2834 4951 2926 5003 καὶ
2960 4950 3123 5020 βλέπε
3152 4951 3292 5022 πόση
3332 4954 3365 5024 ἡ
3401 4952 3634 5024 διαφορά
3664 4952 3869 5006 τούτων

2201 5036 2486 5090 κάκείνων.
2523 5036 2681 5091 Μετά
2712 5037 2821 5108 γὰρ
2854 5038 3089 5092 τοσαῦτα
3136 5039 3231 5112 ἐτη
3277 5040 3613 5104 ἀκούσαντες
3661 5042 3743 5094 ὅτι
3775 5042 3872 5094 ἐπὶ

2201 5127 2392 5197 θύραις
2442 5126 2558 5179 ἐστί
2588 5126 2657 5180 τὰ
2690 5126 2858 5191 δεινὰ,
2893 5127 3012 5180 ούδέ
3063 5128 3206 5182 οὕτω
3234 5130 3332 5199 τῆς
3370 5130 3567 5195 κακίας
3609 5130 3865 5203 ἔστησαν.

2200 5215 2310 5268 Καὶ
2345 5213 2450 5285 μὴν
2478 5213 2747 5286 εἰώθαμέν
2791 5231 2929 5280 πως,
2981 5215 3279 5287 μελλούσης
3325 5218 3424 5286 μὲν
3452 5218 3549 5289 τῆς
3577 5217 3868 5289 τιμωρίας,

2203 5301 2464 5373 ῥᾳθυμεῖν
2495 5302 2586 5355 καὶ
2615 5302 3060 5357 διαναϐάλλεσθαι
3081 5321 3093 5334 ⁸
3120 5304 3340 5358 ἐπειδάν
3379 5305 3437 5358 δὲ
3468 5305 3697 5376 πλησίον
3718 5299 3870 5375 ὦμεν

2200 5389 2307 5442 τῶν
2328 5388 2515 5440 λυπεῖν
2543 5387 2876 5458 δυναμένων,
2922 5389 3043 5443 τότε
3080 5390 3463 5457 συστέλλεσθαι
3516 5392 3610 5444 καὶ
3665 5391 3869 5462 πολλὴν

2200 5475 2600 5551 ἐπιδείκνυσθαι
2617 5476 2713 5546 τὴν
2734 5477 3033 5549 μεταϐολήν
3050 5495 3063 5509 ο
3090 5478 3194 5548 ὃδὴ
3225 5480 3316 5532 καὶ
3340 5480 3432 5532 ἐπὶ
3450 5479 3556 5533 τῶν
3573 5480 3873 5534 Νινευῖτῶν

2200 5563 2441 5631 γέγονεν.
2485 5561 2702 5633 Ἐπειδὴ
2753 5563 2861 5634 γὰρ
2884 5565 3145 5634 ἥκουσαν,
3179 5566 3261 5619 ὅτι
3299 5568 3421 5619 Ἔτι
3452 5566 3604 5633 τρεῖς
3636 5566 3868 5635 ἡμέραι,

2201 5649 2297 5702 καὶ
2323 5648 2525 5702 Νινευτ
2548 5651 3129 5720 καταστραφήσεται,
3156 5654 3217 5707 οὐ
3251 5653 3410 5724 μόνον
3435 5654 3534 5707 οὐκ
3567 5654 3874 5725 ἀπηγόρευ-

2205 5753 2326 5804 σαν,
2360 5734 2495 5791 άλλά
2529 5736 2619 5790 καὶ
2642 5735 2993 5812 διανέστησαν
3023 5741 3155 5813 πρὸς
3197 5741 3256 5796 τὸ
3280 5742 3464 5814 ῥηθὲν,
3489 5742 3581 5797 καὶ
3605 5743 3871 5814 τοσαύτην
