4102 6204
396 287 506 345 213

398 397 737 469 pronuntiat?
770 396 902 463 Quia
938 403 985 449 te
1020 393 1119 446 vidi
1153 392 1370 463 justum,
1422 390 1609 460 inquit,
1652 403 1822 442 coram
1866 401 1962 439 me.

404 495 536 546 Vera
586 488 701 544 lucc
744 488 911 541 virtus
946 495 1048 551 est,
1080 482 1293 553 quando
1330 495 1511 536 coram
1544 480 1655 534 Deo
1682 479 1800 548 quis
1829 478 1968 532 illam

398 578 636 637 exhibet.
666 576 878 645 quando
918 574 1103 629 oculus
1138 572 1229 626 ille
1256 572 1346 641 qui
1377 570 1550 639 decipi
1581 568 1781 638 nequit,
1817 581 1969 621 suum

399 669 501 724 fert
528 667 812 722 calculum.
843 665 976 719 Exin
1004 663 1201 718 docens
1235 677 1331 716 nos
1364 659 1620 730 benignus
1651 659 1788 712 Deus
1816 671 1967 710 men-

397 774 575 814 suram
615 757 844 820 virtutis,
871 767 1062 825 quanta
1090 763 1214 808 tunc
1238 753 1305 807 ab
1328 752 1472 822 justo
1500 750 1806 820 exigebatur
1826 748 1847 812 (
1865 762 1971 802 non

399 851 541 905 enim
580 848 822 904 eamdem
860 847 1068 901 virtutis
1105 859 1405 900 mensuram
1435 842 1504 897 ab
1528 842 1773 897 omnibus
1796 838 1972 893 aﬂ'erri

404 941 531 1006 vult,
560 940 653 994 sed
682 955 778 1009 pro
821 938 1075 992 varietate
1124 946 1422 1005 temporum
1463 932 1676 987 virtutis
1718 929 1973 985 dilTeren-

401 1033 526 1084 tiam
550 1029 813 1098 requirit),
843 1028 1007 1082 dicit:
1041 1026 1174 1093 Qui:
1203 1035 1249 1079 te
1268 1023 1368 1078 vidi
1386 1031 1586 1094 justum
1620 1037 1791 1074 coram
1821 1035 1899 1072 me
1921 1019 1974 1071 iu

401 1119 723 1190 generatione
749 1118 865 1181 ista,
898 1133 1015 1187 qua:
1045 1127 1148 1170 tam
1181 1115 1337 1177 mala,
1369 1129 1487 1183 qua:
1516 1114 1568 1167 in
1601 1120 1799 1165 tantam
1827 1109 1977 1163 mali-

404 1214 528 1264 tiam
577 1208 879 1272 declinavit,
915 1222 1035 1277 qua:
1075 1215 1179 1260 tam
1223 1205 1485 1272 ingratum
1512 1202 1746 1255 animum
1778 1215 1886 1268 prta
1920 1212 1977 1251 se

405 1302 523 1355 l'ert.
550 1298 623 1353 Te
650 1299 752 1352 vidi
771 1300 990 1371 justum,
1022 1306 1073 1352 te
1098 1298 1269 1351 solum
1312 1295 1486 1349 inveni
1525 1302 1756 1362 gratum,
1795 1299 1846 1344 tc
1870 1288 1975 1343 vidi

404 1391 611 1445 virtutis
654 1391 912 1445 rationem
944 1386 1175 1441 habere:
1207 1395 1261 1439 tu
1293 1384 1441 1438 solus
1478 1397 1659 1437 coram
1699 1396 1782 1434 me
1802 1379 1979 1449 justus

400 1482 711 1553 apparuisti,
757 1479 1004 1535 omnibus
1044 1478 1163 1532 aliis
1209 1475 1582 1546 pereuntibus,
1613 1471 1851 1541 tejubeo
1894 1470 1977 1523 in-

401 1573 551 1642 gredi
580 1587 699 1627 cum
726 1558 871 1625 omni
908 1570 1066 1624 domo
1105 1578 1189 1621 tua
1230 1568 1281 1620 in
1312 1581 1530 1626 arcam;
1564 1580 1628 1618 ex
1663 1562 1978 1616 animalibus

401 1662 546 1730 puris
567 1660 731 1731 jubeo
761 1671 812 1714 te
841 1657 1177 1712 introducere
1220 1665 1458 1724 septena.
1489 1653 1619 1721 Quia
1652 1653 1796 1721 prius
1824 1651 1976 1706 indc-

403 1751 548 1807 linite
583 1755 905 1822 praeceperat
937 1762 1005 1801 ex
1057 1744 1305 1800 omnibus
1337 1759 1432 1815 par
1473 1758 1633 1797 unum
1674 1739 1975 1795 introduci:

406 1852 622 1914 propter
653 1843 755 1897 hoc
783 1855 923 1896 nunc
942 1840 1100 1894 dicit:
1129 1836 1184 1891 2.
1216 1836 1296 1891 Ex
1317 1836 1455 1905 puris
1478 1844 1645 1889 autem
1664 1843 1889 1905 septena,
1917 1849 1979 1888 ex

403 1933 614 2003 impuris
641 1949 756 1985 vero
794 1932 932 1995 bina,
984 1928 1261 1983 masculum
1303 1936 1349 1979 et
1383 1927 1641 1996 feminam.
1676 1926 1860 1979 Postea
1884 1940 1979 1979 au-

408 2038 514 2081 tem
555 2037 768 2078 causam
811 2021 1029 2083 docens,
1061 2017 1268 2071 subdit:
1302 2016 1353 2070 3.
1387 2014 1452 2069 Ut
1481 2018 1674 2069 nutrias
1699 2031 1863 2069 semen
1892 2031 1979 2068 su-

409 2134 495 2187 per
524 2131 717 2170 omnem
747 2124 950 2166 terram.
1000 2109 1189 2179 Opera:
1240 2107 1464 2176 pretium
1509 2114 1685 2160 autem
1724 2104 1826 2159 hoc
1861 2104 1981 2159 loco

409 2210 567 2264 luerit
610 2207 878 2277 inquirere
919 2213 973 2259 et
1014 2203 1196 2257 videre
1229 2199 1369 2254 unde
1396 2197 1813 2267 sciebatjustus,
1837 2213 1983 2267 qum-

410 2317 530 2356 nam
564 2315 713 2370 pura,
748 2312 990 2368 quamam
1019 2295 1245 2364 impura.
1278 2290 1520 2347 Nondum
1562 2290 1705 2343 enim
1746 2297 1864 2343 erat
1891 2287 1979 2341 di-

409 2392 621 2447 stinctio
651 2391 764 2445 lucc
793 2388 950 2451 facta,
981 2402 1139 2457 quam
1170 2393 1351 2455 postea
1384 2382 1556 2437 Moses
1587 2378 1788 2435 ludatis
1819 2379 1873 2432 in
1899 2378 1980 2433 le-

408 2484 562 2554 gibus
592 2481 703 2536 suis
729 2480 931 2545 statuit.
958 2476 1108 2533 Unde
1132 2490 1261 2544 ergo
1290 2472 1523 2528 sciebat?
1544 2472 1587 2525 A
1608 2470 1808 2541 seipse,
1842 2478 1894 2523 et
1916 2466 1983 2523 ab

410 2574 567 2627 insita
604 2582 806 2625 natura:
853 2584 962 2624 sum
1007 2567 1268 2631 doctrina,
1299 2579 1456 2634 quam
1487 2571 1542 2617 et
1578 2561 1713 2616 ratio
1743 2560 1978 2615 dictavit.

409 2664 548 2720 Nihil
576 2663 715 2717 enim
744 2659 1069 2716 inunundum
1089 2674 1155 2713 ex
1186 2658 1249 2712 iis
1279 2671 1397 2724 qua:
1421 2655 1559 2708 Deus
1586 2652 1727 2708 fecit.
1753 2652 1868 2719 Quo
1888 2666 1983 2721 pa-

409 2768 497 2812 cto
530 2755 670 2810 enim
724 2750 1047 2806 immundam
1101 2761 1415 2803 vocaremus
1457 2745 1615 2798 ullam
1663 2757 1980 2806 creaturam,

411 2864 531 2919 qua:
555 2846 720 2900 semel
752 2859 981 2913 superne
1007 2857 1036 2894 a
1063 2839 1350 2895 Conditore
1376 2836 1664 2906 approbata
1687 2833 1818 2888 fuit?
1845 2831 1985 2886 Dixit

410 2938 552 2993 enim
582 2936 756 2991 divina
785 2934 1092 3003 Scriptura:
1135 2929 1266 2982 Vidit
1299 2927 1431 2980 Deus
1464 2925 1635 2978 omnia
1661 2938 1985 2993 qua'cumqne

412 3030 562 3101 fecit,
597 3036 641 3080 et
689 3041 799 3079 ecce
841 3024 971 3078 bona
1014 3022 1160 3075 valde
1195 3019 1344 3087 (Gen.
1391 3020 1440 3071 1.
1492 3015 1603 3084 51).
1649 3013 1754 3069 Sed
1802 3020 1982 3082 postea

411 3132 596 3176 natura
627 3133 655 3172 a
682 3118 855 3187 seipsa
895 3116 1030 3169 banc
1067 3112 1416 3167 ditl‘erentiam
1444 3106 1700 3164 exhibuit.
1737 3105 1799 3158 Et
1828 3111 1884 3157 ut
1905 3103 1982 3157 vi-

410 3214 540 3268 deas
580 3210 679 3264 hoc
731 3224 851 3263 esse
894 3221 1099 3267 verum,
1135 3203 1408 3259 considera
1444 3198 1711 3271 quomodo
1755 3197 1807 3249 in
1848 3212 1984 3250 non-

413 3306 573 3360 nullis
601 3303 730 3358 locis
751 3301 817 3354 ab
839 3298 1101 3368 aliquibus
1131 3296 1399 3349 abstinent
1426 3291 1586 3361 aliqui
1615 3299 1670 3343 ut
1697 3285 1984 3342 immundis

412 3408 470 3453 et
500 3413 604 3450 non
642 3393 897 3463 probatis,
930 3389 1087 3456 aliqui
1130 3388 1231 3439 illis
1274 3383 1400 3453 ipsis
1431 3388 1731 3442 ve:euntur,
1761 3391 1986 3432 consue-

417 3486 599 3541 tudine
630 3485 770 3552 ipsus
802 3482 865 3534 ad
900 3480 999 3532 hoc
1030 3477 1331 3531 inducente.
1376 3474 1465 3528 Sic
1511 3480 1566 3525 et
1614 3479 1738 3523 tunc
1778 3480 1988 3536 quoque

418 3578 531 3648 ipsa
560 3575 777 3629 scientia
805 3571 945 3641 justo
970 3569 1146 3630 insita,
1174 3565 1395 3618 docebat
1419 3575 1660 3632 quamam
1697 3556 1763 3612 ad
1805 3555 1986 3610 cibum

415 3664 777 3726 acconnnoda,
809 3670 861 3715 et
895 3673 1012 3729 qua:
1039 3653 1329 3719 illlllllllld-l,
1363 3668 1464 3705 non
1497 3651 1638 3720 quod
1679 3650 1751 3702 ita
1779 3652 1985 3710 essent,

422 3758 517 3813 sed
538 3753 679 3823 quod
695 3767 791 3821 pro
812 3750 1106 3804 immundis
1120 3748 1463 3801 haberentur.
1492 3744 1610 3810 Qua
1625 3737 1846 3794 enimde
1867 3752 1991 3791 cau-

425 3862 504 3909 sa,
535 3844 639 3909 die,
672 3858 789 3906 oro,
821 3842 1025 3893 asinum
1066 3835 1392 3891 immundum
1420 3846 1717 3894 censemus,
1750 3828 1990 3900 quamvis

419 3935 711 3992 seminibus
741 3940 939 3986 tantum
980 3935 1243 3998 pascatur,
1273 3926 1371 3980 alia
1415 3933 1590 3979 autem
1630 3919 1985 3992 quadrupedia

419 4028 541 4083 cibo
584 4021 951 4080 convenientia
1002 4028 1266 4088 putamus,
1317 4014 1527 4071 etiamsi
1571 4010 1844 4067 immundo
1889 4009 1987 4062 ali-

420 4124 600 4173 mento
625 4110 942 4183 pascantur?
964 4110 1035 4163 Ita
1064 4108 1286 4180 scientia
1315 4120 1343 4159 a
1383 4107 1490 4160 Deo
1518 4112 1719 4157 natura:
1737 4098 1989 4170 suppedi-

419 4215 528 4263 tata
551 4204 666 4260 haec
691 4204 934 4259 docebat.
974 4201 1157 4254 POSset
1196 4208 1370 4251 autem
1412 4204 1465 4250 et
1503 4193 1660 4247 aliter
1687 4191 1789 4245 diei
1817 4209 1828 4244 :
1856 4188 1988 4257 Quia

420 4299 560 4350 Deus
586 4293 670 4365 qui
699 4299 1041 4363 praeceperat,
1058 4289 1195 4341 idem
1218 4285 1377 4338 etiam
1401 4284 1608 4337 illorum
1635 4280 1989 4349 cognitionem

417 4389 465 4443 ei
492 4386 699 4442 indidit.
728 4383 991 4439 Carterum
1022 4379 1088 4434 de
1113 4378 1327 4432 mundis
1353 4391 1416 4430 ac
1442 4372 1731 4429 immundis
1759 4374 1888 4428 satis
1912 4371 1987 4426 di'

418 4488 562 4533 etum
591 4483 692 4531 est.

489 4572 541 4625 6.
587 4568 759 4636 Quare
775 4580 837 4619 ex
855 4561 1127 4617 immundis
1147 4558 1282 4638 bina,
1300 4574 1365 4611 ea:
1375 4554 1573 4610 mundis
1587 4563 1749 4608 autem
1766 4561 1988 4622 septena.

419 4665 704 4719 -—Verum
733 4660 942 4715 interim
974 4657 1074 4710 alia
1108 4670 1227 4710 sese
1265 4648 1421 4706 oﬂ'ert
1457 4650 1680 4720 quaestio
1705 4666 1718 4702 :
1741 4661 1905 4717 quare
1926 4661 1991 4700 ex

424 4752 708 4810 immundis
738 4751 880 4817 bina,
930 4763 994 4802 ex
1026 4744 1234 4800 mundis
1251 4753 1427 4797 autem
1449 4748 1697 4811 septena;
1722 4738 1835 4792 hmc
1861 4751 1993 4807 quo-

421 4860 526 4915 que
554 4861 566 4897 :
600 4857 764 4912 quare
792 4856 896 4894 non
925 4838 1012 4892 vel
1039 4851 1162 4900 sex,
1195 4834 1278 4888 vel
1309 4842 1447 4895 octo,
1465 4830 1556 4885 sed
1587 4839 1790 4897 septem
1818 4827 1993 4896 paria?

423 4935 682 4992 Fortassis
709 4932 912 5002 longius
933 4929 1167 4986 excurrit
1185 4926 1354 4981 oratio
1379 4943 1392 4978 :
1415 4923 1506 4978 3rd
1535 4923 1578 4976 si
1616 4937 1718 4975 non
1749 4922 1908 4990 piget,
1939 4928 1994 4973 et

423 5026 671 5088 si‘vultis,
705 5021 882 5091 paucis
926 5020 1039 5074 haec
1083 5018 1358 5073 caritatem
1390 5021 1617 5067 vestram
1645 5010 1953 5063 docebimus
1979 5048 1992 5072 ,

428 5133 489 5172 ea
519 5115 722 5171 scilicet
751 5129 868 5182 qua:
898 5111 1050 5165 nobis
1075 5108 1253 5163 divina
1284 5104 1451 5176 gratia
1477 5102 1819 5158 concesserit.
1848 5101 1993 5155 Multi

427 5208 567 5262 enim
596 5204 764 5258 varias
785 5201 852 5257 de
876 5201 939 5254 iis
968 5198 1169 5254 fabulas
1194 5205 1431 5258 narrant,
1455 5202 1511 5248 et
1541 5192 1665 5246 hinc
1714 5190 1997 5246 occasione

427 5306 654 5365 sumpta,
683 5291 1076 5347 observationes
1098 5300 1435 5342 numerorum
1466 5290 1753 5337 ostentant.
1785 5283 1851 5335 At
1891 5295 1994 5334 non

427 5383 751 5448 observatio,
786 5380 880 5436 sed
907 5380 1278 5448 intempesn‘va
1306 5375 1580 5430 hominum
1607 5370 1888 5427 curiositas
1915 5380 1965 5424 ta

428 5483 492 5536 lia
523 5479 721 5548 fingere
766 5472 1000 5539 molitur,
1032 5470 1169 5525 unde
1209 5479 1264 5525 et
1310 5468 1490 5523 muitze
1535 5466 1766 5520 brcreses
1812 5475 1945 5519 ortzc
1976 5504 1993 5530 ,

425 5570 567 5644 quod
593 5568 770 5643 statim
799 5563 995 5621 scietis.
1032 5559 1243 5617 Etenim
1270 5560 1575 5630 frequenter
1603 5557 1698 5625 (ut
1724 5555 1997 5611 videamur

423 5659 583 5737 quasi
602 5677 669 5720 ex
685 5654 1009 5718 abundantia
1032 5668 1145 5722 eos,
1171 5653 1256 5722 qui
1280 5669 1346 5711 ex
1367 5652 1475 5711 suis
1497 5651 1843 5724 Opinionibus
1860 5664 1994 5708 nova

1423 276 1485 331 IN
1522 273 1674 330 CAP.
1710 272 1795 328 VI.
1823 268 2066 327 GENES.
2104 268 2332 324 IIOMIL.
2368 270 2553 325 XXIV.

3548 282 3651 338 Eli

2085 386 2331 454 aﬂ'erunl,
2350 402 2692 459 compescere
2712 388 2732 461 )
2752 392 3046 449 invenimus
3067 392 3120 447 in
3143 394 3431 465 Scripturis
3451 403 3651 471 copulae

2080 494 2356 534 numerum
2385 492 2672 536 servatum.
2698 483 2902 552 Quippe
2926 486 3137 554 quando
3162 488 3302 542 misit
3327 489 3614 559 discipulos
3633 533 3647 553 ,

2081 571 2233 625 bin0s
2251 586 2343 626 eos
2366 574 2530 638 misit,
2559 575 2654 644 ipsi
2680 586 2855 630 autem
2882 578 3367 633 omnes‘duodecim
3394 590 3571 647 erant,
3595 591 3648 635 ct

2080 660 2366 735 Evangelia
2396 675 2622 735 quatuor
2648 681 2887 720 numero.
2925 669 2993 721 At
3021 682 3469 736 supervacaneum
3495 672 3651 725 fuerit

2083 754 2194 807 haec
2214 754 2351 823 apud
2372 758 2645 810 caritatem
2671 764 2897 811 vestram
2923 772 3360 825 commemorare,
3380 777 3497 829 qua:
3518 762 3649 816 satis

2078 844 2261 899 didicit
2290 845 2587 913 Itujttsmodi
2615 846 2771 902 dictis
2796 851 3045 905 oblurare
3064 865 3221 905 aures
3266 852 3365 923 (a).
3396 852 3654 908 Necessa.

2082 938 2217 991 rium
2239 946 2414 991 autem
2449 949 2502 991 ut
2525 939 2744 1007 posthac
2767 940 3071 1003 doceamus,
3115 957 3280 1011 quare
3332 953 3548 1012 septena
3584 960 3651 998 ex

2081 1027 2231 1097 puris
2258 1027 2523 1084 introduci
2553 1030 2602 1083 in
2634 1045 2809 1085 arcam
2842 1033 3171 1102 praeceperit.
3226 1033 3379 1086 Plura
3431 1033 3646 1102 quidem

2082 1119 2334 1187 prmcepit
2354 1134 2417 1172 ex
2448 1119 2662 1174 mundis
2683 1121 3043 1185 introduci,ut
3086 1122 3258 1193 justus
3302 1122 3412 1188 ille,
3465 1132 3520 1177 et
3560 1124 3649 1192 qui

2080 1224 2203 1263 cum
2235 1210 2323 1263 illo
2341 1218 2513 1274 erant,
2537 1225 2603 1266 ex
2624 1211 2834 1266 illorum
2862 1229 2958 1267 usu
2978 1212 3207 1282 aliquam
3233 1213 3650 1280 consolationem

2080 1300 2381 1370 acciperent
2412 1302 2595 1372 :quod
2638 1312 2813 1359 autem
2843 1314 3058 1373 septena
3097 1315 3151 1358 et
3178 1314 3414 1374 septena,
3455 1316 3510 1361 et
3550 1306 3651 1363 hoc

2081 1410 2291 1464 quoque
2319 1395 2364 1448 si
2405 1409 2616 1450 causam
2651 1396 2958 1459 discerctis,
2988 1411 3251 1450 summum
3283 1396 3531 1451 indicium
3570 1408 3653 1453 est

2084 1489 2181 1553 piae
2219 1488 2411 1542 mentis
2440 1487 2568 1557 juSti
2608 1488 2729 1542 viri.
2777 1488 2906 1542 Nam
2947 1489 3068 1559 quia
3111 1488 3352 1559 cognovit
3395 1489 3652 1560 benignus

2084 1578 2223 1632 Deus
2251 1578 2347 1633 viri
2374 1578 2638 1643 virtutem,
2663 1588 2715 1634 et
2739 1579 2876 1648 quod
2895 1589 2954 1634 ut
2975 1580 3172 1649 justus,
3193 1589 3246 1632 et
3271 1588 3412 1633 tanta
3444 1580 3650 1636 Domini

2083 1669 2247 1724 fretus
2286 1671 2678 1736 misericordia,
2719 1672 2804 1726 ubi
2838 1682 2993 1726 tanta:
3033 1672 3359 1740 tempestatis
3386 1672 3652 1742 elfugisset

2084 1762 2393 1830 periculum,
2421 1763 2779 1832 liberatusque
2807 1763 2992 1819 fuisset
3018 1779 3047 1817 a
3071 1764 3324 1833 periculo,
3348 1773 3401 1819 et
3425 1764 3492 1820 ab
3506 1780 3645 1820 area:

2082 1853 2431 1908 incommodis
2456 1853 2677 1920 solutus,
2704 1864 2908 1924 gratum
2934 1855 3164 1908 animum
3195 1854 3577 1918 declaraturus,
3597 1863 3653 1909 et

2085 1958 2179 2012 pro
2206 1944 2493 2012 gratiarum
2515 1945 2721 1998 actione
2743 1945 2940 1998 hostias
2983 1954 3037 1998 ct
3081 1945 3337 1999 sacriﬁcia
3381 1945 3651 1999 oblaturus

2084 2042 2247 2099 esset,
2279 2047 2330 2088 ut
2363 2052 2428 2088 ne
2457 2036 2555 2088 hoc
2588 2035 2831 2089 faciendo
2858 2035 3124 2089 mutilarct
3155 2035 3296 2104 paria
3322 2052 3335 2086 :
3368 2035 3488 2090 ideo
3542 2035 3647 2088 Do-

2086 2125 2256 2178 minus
2300 2128 2550 2194 przrscius
2595 2125 2748 2194 hujus
2793 2134 2956 2195 grata:
2998 2126 3207 2189 mentis,
3245 2125 3396 2195 jubet
3434 2133 3651 2191 septena

2084 2226 2141 2270 et
2181 2225 2400 2284 septena
2441 2217 2700 2272 introduci
2748 2233 2811 2272 ex
2859 2217 3080 2286 singulis
3119 2217 3291 2270 avium
3328 2218 3609 2287 generibus
3633 2256 3650 2281 ,

2089 2319 2181 2372 ut,
2238 2325 2358 2364 cum
2409 2317 2647 2364 cessaret
2699 2309 3011 2363 universalis
3061 2309 3342 2374 interitus,
3399 2316 3454 2363 et
3501 2321 3650 2361 suam

2084 2410 2318 2457 mentem
2349 2392 2669 2466 declararet,
2702 2403 2844 2470 paria
2882 2401 3204 2463 volatilium,
3236 2409 3655 2468 ca-terorumque

2085 2494 2390 2546 animalium
2434 2509 2539 2545 non
2591 2492 2909 2547 laederentur
2949 2510 2964 2546 :
3009 2493 3059 2546 id
3105 2491 3243 2562 quod
3296 2492 3347 2545 in
3393 2491 3655 2546 sermonis

2088 2598 2368 2655 progressu
2419 2584 2665 2651 discetis,
2718 2584 2805 2639 ubi
2855 2585 2907 2638 in
2950 2599 3071 2638 eum
3120 2584 3292 2637 locum
3350 2581 3653 2651 perveneri-

2086 2692 2223 2731 mus.
2253 2677 2505 2732 Videbitis
2529 2678 2668 2732 enim
2688 2677 2885 2746 justum
2913 2675 3059 2729 illum
3087 2674 3200 2728 haec
3227 2673 3429 2728 fecisse.
3457 2672 3652 2727 Didici-

2085 2770 2181 2825 stis
2226 2784 2439 2825 causam
2485 2770 2553 2823 ob
2593 2785 2750 2839 quam
2793 2780 3009 2838 septena
3053 2776 3270 2836 septena
3322 2765 3654 2819 introducere

2087 2874 2408 2934 praeceptum
2440 2861 2555 2917 fuit.
2586 2863 2663 2917 Ne
2689 2861 2908 2932 posthac
2932 2860 3166 2916 toleretis
3181 2875 3275 2915 eos
3289 2860 3377 2929 qui
3406 2858 3645 2917 fabulari,

2085 2956 2445 3025 adversusque
2469 2954 2700 3008 divinam
2727 2953 3051 3022 Scripturam
3100 2952 3389 3022 insurgere,
3434 2960 3489 3004 et
3538 2965 3656 3020 qua:

2086 3063 2148 3103 ex
2170 3062 2266 3102 suo
2280 3049 2451 3116 capite
2472 3046 2755 3110 tinxerunt,
2784 3053 2840 3098 ut
2861 3057 3008 3098 sacra
3034 3043 3298 3112 dogmata,
3323 3039 3655 3095 introducere

2087 3141 2340 3194 nituntur.
2370 3138 2530 3208 Igitur
2557 3147 2830 3207 postquam
2862 3134 3038 3198 omnia
3065 3134 3207 3189 clare
3255 3132 3497 3187 mandata
3546 3130 3658 3185 fuc-

2088 3243 2231 3298 ruut,
2259 3241 2314 3287 et
2337 3233 2403 3287 de
2431 3233 2636 3294 avibus,
2668 3239 2722 3286 ct
2741 3230 2808 3285 de
2835 3227 3066 3292 mundis,
3089 3234 3143 3281 et
3170 3225 3238 3280 de
3263 3223 3569 3287 immundis,
3598 3231 3653 3275 ct

2088 3328 2154 3381 de
2175 3327 2461 3389 alimentis,
2490 3326 2612 3378 dicit
2634 3325 2778 3393 justo
2812 3341 2824 3375 :
2855 3323 2907 3377 4.
2942 3321 3118 3375 Adhuc
3152 3319 3283 3371 enim
3324 3327 3510 3385 septem
3554 3316 3658 3366 dies

2089 3430 2224 3483 sunt,
2252 3428 2299 3471 et
2321 3434 2411 3487 ego
2439 3417 2621 3470 induco
2651 3417 2871 3484 pluviam
2910 3429 3061 3479 super
3098 3421 3282 3463 terram
3325 3406 3659 3477 quadraginta

2091 3510 2260 3561 diebus
2290 3519 2333 3561 ct
2359 3507 2695 3575 quadraginta
2733 3503 2958 3556 noctibus
2978 3541 2991 3564 ,
3023 3510 3066 3555 et
3093 3501 3263 3553 delebo
3293 3513 3486 3551 omnem
3537 3495 3655 3549 sub—

2091 3599 2326 3653 stantiam
2360 3612 2508 3663 quam
2534 3595 2648 3666 feci,
2678 3610 2708 3645 a
2728 3593 2857 3664 [acie
2883 3601 3049 3657 terra,
3076 3589 3135 3641 ab
3175 3589 3373 3642 homine
3414 3601 3568 3653 usque
3592 3586 3660 3637 ad

2080 3693 2389 3760 jumenmm.
2446 3685 2694 3749 Attende,
2721 3684 2964 3743 obsecro,
2996 3682 3156 3736 etiam
3185 3694 3250 3733 ex
3283 3679 3346 3733 iis
3371 3692 3488 3747 quae
3518 3689 3658 3730 nunc

2090 3785 2229 3840 dicta
2263 3791 2385 3839 sunt
2431 3782 2680 3836 bonitatis
2725 3778 2917 3834 divina:
2961 3775 3348 3840 excellentiam,
3394 3771 3658 3842 quomodo

2093 3885 2211 3946 post
2242 3884 2438 3928 tantam
2471 3872 2802 3927 tolerantiam
2826 3869 2984 3922 etiam
3015 3880 3153 3920 nunc
3176 3873 3299 3918 ante
3320 3871 3521 3931 septem
3547 3859 3661 3914 dies

2093 3966 2333 4035 pra-dicit
2362 3982 2375 4017 :
2410 3963 2592 4017 volens
2621 3969 2762 4015 metu
2785 3957 3175 4012 emendatiorcs
3205 3955 3321 4009 illos
3358 3951 3581 4007 reddere
3607 3959 3661 4003 ct

2094 4058 2157 4112 ad
2189 4055 2551 4127 paenitentiam
2580 4052 2848 4107 reducere.
2882 4048 3009 4102 Nam
3040 4044 3177 4114 quod
3210 4044 3328 4097 ideo
3370 4040 3621 4111 praedicat
3642 4080 3657 4102 ,

2094 4163 2160 4203 ne
2180 4162 2238 4202 ea
2265 4161 2384 4216 qum
2404 4145 2550 4208 dicit,
2574 4158 2736 4210 super
2760 4154 2853 4194 eos
2896 4139 3126 4201 inducat,
3156 4134 3428 4190 considera
3456 4130 3658 4185 Ninivi-

2095 4249 2195 4303 las,
2224 4248 2277 4292 et
2302 4236 2515 4292 attende
2544 4242 2736 4305 quanta
2767 4231 2955 4285 horum
2999 4241 3051 4283 et
3078 4228 3283 4281 illorum
3313 4225 3382 4279 sit
3409 4221 3658 4278 differen-

2097 4331 2185 4385 tia.
2214 4329 2346 4397 Quia
2373 4343 2491 4383 cum
2518 4336 2593 4380 tot
2619 4324 2771 4378 annis
2793 4322 3085 4385 audissent,
3116 4325 3239 4373 ante
3264 4315 3405 4370 iores
3428 4326 3549 4368 esse
3573 4325 3655 4365 ca~

2096 4421 2377 4485 lamitates,
2407 4433 2576 4489 neque
2595 4416 2672 4469 sic
2691 4431 2718 4467 a
2745 4414 2943 4467 malitia
2970 4426 3063 4465 sua
3103 4415 3397 4464 cessarunt.
3453 4402 3664 4458 Etenim

2074 4512 2468 4567 consuevimus
2487 4507 2895 4579 negligentiorcs
2921 4518 3060 4566 esse,
3089 4499 3300 4570 quando
3347 4494 3586 4549 dill‘ertur
3611 4501 3665 4546 ct

2098 4603 2421 4676 protrahitur
2432 4601 2633 4673 punitio
2656 4619 2670 4663 ς
2692 4614 2753 4653 ac
2774 4612 2891 4651 cum
2916 4595 3152 4664 proxime
3173 4593 3367 4645 instant
3388 4597 3638 4641 mrumna:
3652 4622 3669 4647 ,

2098 4705 2223 4750 tunc
2248 4692 2607 4755 humiliamur,
2639 4700 2691 4744 et
2722 4688 3003 4756 plurimam
3056 4693 3385 4737 ostentanius
3434 4692 3661 4732 conver-

2097 4788 2300 4841 sionem
2330 4804 2345 4841 :
2375 4785 2425 4839 id
2453 4783 2592 4854 quod
2622 4790 2675 4835 et
2702 4777 3014 4833 inNinivitis
3041 4773 3279 4841 contigit.
3324 4770 3666 4839 Quandoqui-

2098 4877 2216 4934 dem
2247 4878 2334 4932 ubi
2350 4874 2646 4935 audierunt,
2669 4870 2845 4923 Adhuc
2869 4879 2964 4921 tres
2989 4867 3113 4929 dies,
3142 4874 3186 4916 et
3218 4862 3401 4916 Ninive
3420 4861 3667 4916 subverte-

2100 4983 2180 5023 mr
2211 4969 2380 5040 (Jama
2401 4966 2523 5035 5.4)
2543 4966 2639 5037 (b),
2665 4977 2770 5017 non
2792 4962 2963 5016 solum
2988 4973 3091 5012 non
3113 4957 3545 5040 desperaverunt,
3570 4949 3665 5006 sed

2100 5071 2153 5116 et
2172 5038 2236 5114 ad
2258 5060 2457 5114 dictum
2496 5056 2597 5111 hoc
2638 5065 3010 5115 exsurrexere,
3065 5056 3368 5115 tantamque
3423 5038 3666 5095 vitiorum

2164 5320 2235 5383 (.t_)
2270 5328 2364 5383 Non
2388 5319 2475 5383 abs
2490 5329 2552 5383 re
2569 5314 2648 5364 hic
2661 5312 3020 5383 ghrysostomus
3039 5308 3087 5355 in
3109 5304 3217 5354 illos
3239 5302 3498 5383 invehitur,
3510 5297 3600 5370 _qui
3623 5296 3672 5347 in

2103 5362 2824 5435 exii'licanda—di—vinaiscripuira
2857 5376 3413 5435 magnam__nume_rorum
3433 5362 3667 5435 rationem

2102 5420 2832 5502 (iiiziiéiér'mi'gpon
2849 5420 2988 5502 modo
2999 5429 3139 5502 philo
3155 5432 3206 5474 et
3218 5420 3667 5502 cletnensAlesap-
3698 5427 3703 5434 '

2101 5481 2559 5560 iiiiiin'éi'éie’di'ﬁiiﬁ
2582 5481 3016 5560 "Eusebiusaliquot
3032 5502 3087 5560 in
3097 5495 3251 5560 locis;
3276 5488 3371 5560 imo
3385 5558 3394 5560 _
3408 5494 3460 5532 et
3489 5481 3567 5560 alii
3591 5488 3665 5529 ιιι-

2104 5548 2355 5623 ire;
2370 5548 2435 5612 de
2456 5573 2513 5610 re
2536 5568 2761 5618 maguum
2786 5548 2960 5603 librum
2984 5548 3133 5601 edidit
3153 5556 3323 5599 Petrus
3343 5552 3547 5608 Bougus.

2167 5650 2239 5711 (ὁ)
2273 5650 2419 5697 vetus
2450 5641 2599 5692 lectio
2622 5640 2744 5693 LXX
2763 5639 3093 5702 lnterprctum
3120 5642 3219 5687 tres
3239 5641 3428 5687 tantum
3472 5632 3580 5683 dies
3605 5635 3664 5684 ad
