4116 6196
451 305 555 361 2Ιό

454 405 1125 479 feceruntahstinentiam,
1166 409 1223 456 et
1250 408 1358 455 tam
1400 395 1706 467 diiigentem
1736 389 2029 447 confessio-

455 523 578 563 netn
617 501 999 560 exhilmerunt,
1033 503 1089 548 ut
1117 502 1171 548 et
1195 491 1263 546 ad
1294 491 1446 544 bruta
1483 500 1651 557 usque
1683 494 2035 539 extenuet-ent

456 616 517 653 ea
544 610 662 665 qua)
690 585 1064 647 attinebantad
1084 583 1507 643 confessionem;
1538 592 1642 632 non
1688 574 1828 645 quod
1883 573 2069 665 bruta‘

460 663 749 742 animantia
801 680 1192 735 confessionem
1234 672 1535 729 ediderint:
1581 664 1848 739 quomodo
1892 663 2035 719 enim

458 784 695 849 possent,
728 788 849 827 cum
879 781 1126 824 sermone
1146 761 1399 821 careant?
1425 759 1519 816 sed
1550 768 1607 813 ut
1635 773 1729 828 per
1754 756 1855 810 hoc
1878 754 2040 808 mise-

462 845 742 924 ricordiam
774 863 899 918 boni
931 858 1138 916 Domini
1183 855 1286 910 sibi
1328 852 1694 908 cenciliarent.
1747 845 2040 903 Prtedicato

461 959 603 1017 enim
629 956 855 1028 jejunio,
886 953 1077 1024 inquit,
1125 965 1216 1003 rex
1267 949 1380 1016 ipse
1424 942 1712 1006 mandavit,
1766 947 1823 992 ut
1870 951 2042 1004 neque

469 1068 617 1115 oves,
643 1064 813 1118 neque
858 1047 1040 1109 boves,
1091 1056 1263 1110 neque
1312 1038 1416 1092 alia
1464 1036 1614 1090 bruta
1666 1031 1916 1102 pabnlmn
1960 1028 2042 1082 vel

466 1159 657 1213 aquam
695 1143 996 1209 acciperent
1048 1133 1293 1207 (Jonaz5.
1326 1129 1380 1197 7)
1405 1146 1420 1194 ;
1450 1126 1542 1182 sed
1570 1139 1730 1180 omne
1770 1122 2043 1176 hominum

468 1251 635 1305 genus
653 1241 776 1287 tunc
796 1230 968 1286 saccis
989 1224 1264 1288 amictum,
1287 1231 1342 1277 et
1361 1222 1474 1290 ipse
1493 1232 1705 1288 quoque
1724 1231 1814 1270 rex
1834 1213 2045 1268 sublimi

465 1327 600 1381 solio
624 1324 840 1388 sedens,
870 1334 1115 1389 magnam
1135 1325 1190 1371 et
1220 1329 1402 1385 parem
1449 1327 1571 1367 cum
1599 1309 1720 1364 aliis
1745 1322 1904 1378 egere
1930 1320 2048 1375 pm—

471 1416 746 1471 nitentiam
776 1431 790 1467 :
820 1411 1170 1478 feceruntque
1198 1406 1334 1468 hinc.
1364 1405 1487 1458 licet
1512 1403 1817 1472 ignorarent
1836 1414 1904 1451 an
1931 1411 2046 1467 pte-

473 1524 593 1563 nam
615 1505 823 1563 evasuri
851 1510 1054 1560 essent.
1081 1499 1336 1555 Dicebant
1353 1497 1496 1551 enim
1518 1515 1532 1551 :
1560 1494 1685 1561 Quis
1711 1493 1823 1557 scit,
1854 1491 1897 1546 si
1920 1494 2049 1562 forte

474 1602 708 1672 poeniteat
736 1597 872 1653 Deus
896 1611 1051 1664 super
1079 1592 1294 1656 malitia,
1317 1606 1469 1661 quant
1498 1598 1550 1642 ut
1577 1587 1719 1641 nobis
1746 1585 1925 1655 faciat,
1973 1583 2050 1637 lo-

472 1701 657 1761 quutus
678 1699 752 1744 est
773 1685 935 1759 (Ibid.
964 1702 1012 1739 υ.
1032 1685 1133 1748 9)?

549 1782 602 1835 7.
644 1777 888 1833 Pra'dicit
920 1775 1074 1840 Deus,
1105 1790 1170 1828 ne
1188 1773 1395 1827 inducat
1424 1770 1579 1824 mala.
1601 1798 1673 1809 —
1691 1766 1883 1821 Vidisti
1929 1766 2053 1820 bar-

481 1875 728 1928 barorum
766 1877 973 1940 gratum
1020 1866 1294 1921 animum?
1343 1863 1518 1918 vidisti
1568 1859 1837 1932 quomodo
1886 1873 2056 1929 neque

479 1965 685 2018 dierum
713 1962 953 2029 angustia
982 1956 1254 2026 segniores
1281 1954 1435 2015 fecit,
1466 1968 1640 2023 neque
1688 1949 1756 2005 ad
1800 1949 2055 2018 despera-

482 2056 678 2107 tionem
708 2050 944 2106 induxit?
965 2047 1093 2103 Vide
1120 2055 1175 2101 et
1195 2046 1315 2100 illos
1338 2052 1456 2114 post
1475 2056 1755 2097 numerum
1787 2048 1864 2095 tot
1891 2053 2057 2094 anno-

483 2160 621 2207 rum,
650 2143 737 2198 tibi
752 2141 1067 2197 audiverunt
1093 2156 1108 2191 :
1132 2137 1321 2193 Adhuc
1336 2144 1540 2206 septem
1562 2134 1696 2198 dies,
1727 2143 1780 2187 et
1805 2131 2060 2187 diluvium

483 2235 778 2295 inducetur,
810 2246 982 2302 neque
1005 2231 1084 2285 sic
1106 2242 1415 2291 conversos,
1442 2225 1537 2281 sed
1557 2223 1799 2293 stupidus
1845 2230 1900 2277 et
1942 2222 2059 2277 sine

483 2327 669 2381 dolore
693 2326 983 2380 mansisse:
1010 2322 1152 2377 unde
1179 2322 1231 2375 in
1246 2319 1495 2375 confesso
1520 2318 1701 2385 fuerit,
1732 2317 2060 2372 voluntatem

483 2424 718 2470 nostram
745 2415 1006 2469 malorum
1035 2412 1273 2467 omnium
1302 2425 1517 2465 causam
1547 2424 1688 2465 esse.
1740 2406 1880 2463 Ecce
1920 2407 2062 2462 enim

485 2518 535 2563 et
563 2508 637 2574 hi,
661 2517 714 2562 et
744 2505 1059 2561 isti'fuerunt
1080 2505 1348 2570 homines,
1391 2512 1445 2557 et
1493 2502 1732 2572 ejusdem
1774 2500 1926 2570 cujus
1975 2499 2063 2553 alii

488 2610 714 2665 natura‘,
760 2598 854 2654 sed
892 2613 997 2652 non
1025 2597 1264 2667 ejusdem
1295 2595 1603 2650 voluntatis.
1635 2593 1920 2662 Propterea
1969 2606 2069 2646 nec

490 2690 676 2745 eadem
704 2704 890 2745 eorum
921 2704 1037 2743 sors
1062 2687 1180 2753 fuit,
1234 2686 1330 2742 sed
1374 2684 1622 2740 Ninivitie
1664 2683 2066 2739 subversiom-m

489 2779 943 2851 subterfugerant.
967 2796 1088 2834 cum
1120 2779 1291 2834 bonus
1321 2778 1460 2830 Dens
1488 2784 1704 2845 propter
1755 2788 1907 2829 suam
1957 2773 2068 2827 cle-

493 2873 744 2926 mentiam
765 2886 951 2926 eorum
974 2879 1253 2924 contentus
1274 2879 1414 2922 esset
1461 2866 1768 2936 paenitentia
1800 2882 1813 2918 :
1842 2864 1939 2920 sed
1985 2866 2067 2918 isti

490 2962 773 3025 submersi,
791 2961 843 3016 in
867 2960 1134 3016 communi
1160 2959 1376 3014 interitu
1401 2956 1693 3026 perierunt.
1714 2955 1893 3010 Adhuc
1913 2956 2069 3020 enim,

492 3051 681 3121 inquit,
698 3060 886 3121 septem
909 3052 1037 3114 dies,
1067 3060 1113 3103 et
1136 3066 1224 3120 ego
1251 3050 1433 3102 induco
1451 3048 1669 3118 pluviam
1690 3064 1843 3115 super
1862 3058 2070 3100 terrant.

498 3141 697 3196 Deinde
725 3151 783 3196 ut
828 3141 997 3211 magis
1039 3148 1227 3211 augeat
1270 3148 1548 3203 terrorem,
1604 3138 1809 3207 inquit:
1840 3136 2075 3202 Quadra-

494 3239 635 3308 ginta
653 3234 826 3291 diebus
852 3244 900 3290 et
930 3233 1272 3305 quadraginta
1300 3233 1549 3287 noctibus.
1577 3230 1713 3299 Quid
1755 3230 1936 3285 enim?
1975 3245 2074 3284 an-

495 3343 600 3384 non
624 3336 849 3398 poterat,
881 3327 924 3383 si
954 3325 1226 3389 voluisset,
1261 3341 1366 3379 uno
1395 3324 1481 3378 die
1503 3334 1665 3380 totam
1711 3323 1938 3393 pluviam
1991 3322 2075 3376 in-

498 3420 734 3476 ducere?
758 3418 893 3487 Quid
919 3418 1041 3475 dico
1068 3433 1175 3473 uno
1201 3417 1330 3471 die?
1379 3415 1496 3472 Uno
1541 3423 1812 3470 momento
1858 3421 2072 3483 posset:

497 3512 591 3567 sed
622 3511 724 3566 hoc
745 3510 923 3567 dedita
950 3524 1113 3580 opera
1135 3508 1280 3573 facit,
1309 3508 1494 3563 volens
1536 3507 1695 3561 simul
1738 3514 1791 3561 et
1830 3504 2075 3560 timorem

500 3606 756 3667 incutere,
785 3611 841 3656 et
863 3601 1199 3657 occasionem
1225 3608 1498 3670 priestare,
1547 3613 1652 3667 qua
1702 3605 1916 3667 possent
1967 3610 2081 3666 poe-

500 3711 647 3761 nam,
667 3710 788 3766 quae
813 3695 923 3765 jam
952 3694 1007 3749 in
1037 3693 1242 3749 foribus
1274 3702 1440 3758 esset,
1472 3690 1726 3760 ctl‘ugere.
1764 3688 1827 3742 Et
1865 3687 2039 3743 delebo
2062 3728 2078 3754 ,

503 3788 693 3857 inquit,
720 3801 917 3839 onmem
942 3785 1297 3849 substantiam,
1325 3798 1476 3851 quam
1506 3781 1623 3850 feci,
1652 3796 1684 3832 α
1712 3779 1845 3849 [acie
1884 3788 2031 3831 terra:
2061 3817 2077 3843 ,

501 3882 566 3931 ab
587 3878 788 3930 homine
812 3891 968 3945 usque
986 3876 1055 3929 ad
1080 3890 1252 3944 pecus.
1284 3872 1417 3926 Vide
1444 3868 1712 3940 quomodo
1741 3882 1793 3923 et
1823 3868 1987 3922 semel
2029 3876 2084 3922 et

508 3969 698 4023 iterum
729 3966 996 4036 praedicit,
1018 3975 1075 4020 et
1099 3979 1272 4034 neque
1292 3963 1370 4018 sic
1391 3962 1511 4016 illos
1538 3960 1717 4030 tangit.
1752 3959 1940 4013 Omnia
1985 3972 2083 4012 au-

507 4070 615 4117 tem
646 4059 762 4115 hate
790 4058 1038 4125 faciebat,
1068 4066 1125 4112 ut
1146 4071 1243 4111 nos
1262 4056 1499 4117 doceret,
1531 4067 1590 4107 se
1609 4053 1753 4121 juste
1780 4052 1858 4105 eis
1884 4058 2083 4104 tantam

510 4150 1033 4223 pmnaminllixisse;
1063 4158 1117 4205 et
1143 4157 1200 4203 ut
1238 4147 1412 4202 nullus
1458 4144 1812 4213 insipientiam
1863 4156 2087 4213 arguere

508 4244 766 4300 etdicere
809 4250 1028 4311 posset:
1061 4239 1118 4295 Si
1176 4237 1688 4309 procrastinavisset,
1733 4233 1869 4289 forte
1920 4233 2091 4303 pumi-

513 4335 731 4390 tentiam
759 4334 1014 4400 egissent,
1039 4331 1176 4386 forte
1200 4344 1230 4382 a
1257 4328 1398 4382 vitiis
1424 4327 1770 4390 abstitissent,
1811 4335 1867 4382 et
1885 4325 1952 4381 ad
1978 4326 2089 4380 vir-

515 4434 680 4479 tutem
713 4421 1020 4478 rediissem.
1056 4422 1233 4489 anue
1278 4418 1346 4474 de
1397 4432 1557 4473 causa
1586 4432 1848 4472 annorum
1877 4430 2090 4487 quoque

512 4527 793 4570 numerum
824 4511 1115 4566 declaravit
1135 4509 1309 4574 nobis,
1340 4517 1390 4565 et
1419 4521 1596 4563 arcam
1627 4507 1872 4563 fabricari
1910 4507 2090 4577 jussit.

513 4607 586 4664 Et
613 4614 735 4677 post
759 4603 874 4660 haec
895 4603 1073 4658 omnia
1103 4603 1263 4659 etiam
1292 4610 1417 4656 ante
1445 4600 1561 4656 dies
1590 4609 1796 4670 septem
1830 4599 2089 4669 praedicit,

516 4710 572 4756 ιιι
619 4699 857 4754 omnium
909 4706 1108 4751 temere
1144 4694 1471 4764 loquentimn
1510 4691 1846 4761 impudentes
1891 4689 2095 4758 linguas

512 4799 839 4861 compescat.
869 4790 923 4844 5.
958 4788 1020 4842 Et
1046 4787 1187 4858 fecit,
1213 4785 1404 4855 inquit,
1436 4781 1551 4837 Noe
1571 4782 1741 4837 omnia
1776 4794 2097 4851 qutecttmque

520 4883 774 4941 mandavit
794 4883 836 4935 ei
857 4880 1104 4934 Dominus
1130 4876 1288 4931 Dens.
1322 4875 1456 4930 Vide
1483 4872 1750 4944 quomodo
1777 4881 1830 4926 et
1856 4869 2097 4938 nuucju-

518 4977 584 5032 sti
604 4983 814 5046 gratum
843 4972 1080 5026 animum
1109 4978 1163 5024 et
1199 4964 1555 5022 obedientiam
1603 4963 1779 5019 divina
1826 4961 2100 5030 Scriptura

520 5066 797 5143 praedicat,
826 5063 1026 5120 docens
1054 5075 1152 5115 nos
1178 5074 1299 5114 eum
1329 5058 1456 5112 nihil
1483 5054 1623 5126 quod
1644 5056 1959 5125 imperatum
1986 5061 2101 5108 erat

523 5155 964 5234 praetermisisse;
995 5151 1090 5207 sed
1120 5150 1367 5206 omnibus
1395 5146 1646 5217 impletis,
1667 5146 1825 5200 etiam
1856 5160 1948 5213 per
1974 5142 2097 5208 hoc,

523 5391 909 5456 resipiscendum
948 5388 1163 5456 Ninivitis
1180 5385 1319 5456 datos
1356 5387 1699 5456 commemorat
1729 5381 1836 5456 εᾴὶιιΔ
1871 5376 2104 5456 Hebraieo

526 5442 838 5512 testiumque
877 5454 928 5501 in
951 5450 1151 5512 Vulgata
1192 5448 1507 5512 quadraginta
1528 5444 1652 5512 dies
1673 5442 1920 5502 leguntur.
1945 5442 2106 5512 labra-

527 5505 709 5569 riorum
753 5505 915 5579 lapsus
951 5526 1002 5562 tn
1040 5505 1151 5579 ἴ.κῇ
1190 5505 1543 5579 Interoreubus
1574 5505 1688 5579 inde
1727 5512 1864 5579 ortus
1894 5510 2106 5579 putatur,

679 5585 785 5625 tres
801 5565 908 5625 dies
950 5580 1091 5637 trinas
1111 5573 1159 5621 in
1180 5577 1358 5637 ventre
1391 5569 1488 5637 ceti
1524 5568 1714 5637 egerit,
1738 5565 1941 5637 quorum
1962 5565 2107 5615 trium

533 5630 724 5689 dierum
741 5637 997 5689 occasione
1019 5634 1097 5683 hic
1114 5642 1215 5682 tres
1242 5633 1383 5681 etiam
1402 5631 1509 5680 dies
1529 5630 1668 5694 positi
1695 5633 1893 5683 ruerint,

1152 283 1204 339 S.
1242 277 1519 337 JOANNIS
1555 272 2023 334 CHRYSOS'I‘OMI
2063 269 2382 327 ARCHIEP.
2420 268 2954 328 CONSTANTINOP.

3610 265 3723 319 QIG

2143 410 2353 464 virtutis
2373 423 2483 464 suae
2504 410 2775 480 specimen
2799 408 3110 480 priebuisse.

2214 501 2269 556 8.
2312 501 2525 555 Moralis
2545 502 2844 555 exhortatio.
2873 530 2943 540 —
2972 497 3122 553 Illum
3151 497 3310 567 igitur
3330 505 3382 550 et
3409 508 3509 551 nos
3542 496 3723 551 imite—

2146 609 2266 648 mur
2290 594 2512 664 jnstum,
2564 604 2619 648 et
2645 592 2892 648 mandata
2919 608 2948 646 a
2979 593 3088 645 Deo
3121 590 3309 645 tradita
3341 589 3565 659 implere
3609 601 3729 642 snt-

2145 685 2387 749 deamus,
2416 699 2479 740 ac
2514 686 2658 754 leges
2691 699 2721 739 a
2754 683 2965 739 Christo
2992 680 3143 737 nobis
3170 680 3302 735 latas
3330 695 3434 734 non
3464 678 3728 747 despicio.

2146 793 2299 844 mus;
2322 776 2417 833 sed
2439 792 2621 832 earnm
2652 783 2966 846 praesentem
2988 781 3261 829 servantes
3292 770 3625 831 memoriam.
3645 769 3728 824 fe-

2147 871 2406 925 stinenms
2453 869 2518 924 ad
2554 868 2689 922 bona
2721 882 2902 938 Opera,
2958 881 3057 921 nec
3108 877 3299 934 segnes
3344 860 3513 916 simus
3567 861 3618 913 in
3666 860 3730 915 iis

2154 961 2442 1018 tractandis
2467 976 2585 1032 qua:
2610 960 2675 1013 ad
2693 959 2916 1014 salutem
2938 967 3172 1012 nostram
3192 955 3480 1025 pertinent,
3498 967 3729 1023 priescr—

2154 1054 2246 1109 tim
2277 1042 2396 1107 cum
2426 1069 2566 1106 nunc
2595 1052 2749 1122 longe
2795 1050 2966 1120 major
2994 1047 3199 1102 virtutis
3217 1060 3462 1102 mensura
3506 1061 3537 1099 a
3578 1043 3733 1100 nobis

2154 1145 2414 1213 exigatur,
2447 1153 2646 1213 quanto
2671 1151 2725 1195 et
2752 1141 2968 1195 meliora
3003 1138 3138 1193 bona
3166 1137 3337 1193 sortiti
3365 1151 3570 1191 sumus.
3608 1135 3733 1191 Ideo

2152 1247 2207 1293 et
2228 1236 2472 1292 Christus
2513 1234 2763 1291 dicebat:
2800 1233 2916 1289 Nisi
2960 1230 3289 1286 abundaverit
3320 1229 3523 1301 justitia
3570 1241 3734 1283 vestra

2156 1329 2270 1398 plus
2297 1344 2446 1399 quam
2465 1326 2743 1380 scribarum
2766 1334 2811 1378 et
2841 1323 3240 1386 Pharisa’orum,
3267 1338 3365 1373 non
3384 1320 3633 1372 intrabitis
3682 1320 3736 1373 in

2155 1435 2363 1491 regnum
2389 1419 2626 1472 cwlorunt
2656 1414 2863 1487 (Matth.
2891 1414 2945 1470 5.
2976 1413 3092 1484 20).
3126 1411 3541 1467 Cousideremus
3581 1409 3737 1491 igitur

2155 1513 2258 1564 hoc
2295 1509 2536 1572 dictum,
2577 1515 2632 1562 et
2678 1522 2782 1561 non
2834 1503 3190 1575 perfunctorie
3235 1512 3586 1563 trauseanms,
3644 1482 3744 1552 sed

2157 1603 2451 1672 cogitemus
2493 1608 2687 1670 quanta
2710 1613 2865 1668 poma
2918 1598 3092 1651 futura
3144 1595 3209 1649 sit
3257 1609 3442 1650 eorum
3491 1594 3579 1662 qui
3632 1607 3738 1646 non

2158 1694 2329 1749 solum
2382 1708 2487 1746 non
2529 1707 2746 1760 cperam
2776 1690 2903 1744 dant
2928 1698 2984 1742 ut
3005 1688 3124 1742 illos
3155 1695 3428 1757 superent,
3458 1685 3551 1739 sed
3577 1686 3742 1740 etiam

2160 1786 2333 1840 minus
2349 1800 2505 1854 quam
2532 1782 2605 1838 illi
2635 1790 2886 1854 prarstant
2911 1798 2926 1846 ;
2955 1794 3125 1849 neque
3145 1786 3334 1832 cavent
3378 1786 3437 1830 ut
3482 1778 3610 1830 iram
3660 1794 3737 1831 reo

2162 1879 2372 1933 mittant
2420 1877 2683 1948 proximo,
2730 1875 2809 1929 vel
2835 1874 3065 1944 linguam
3096 1887 3124 1924 a
3168 1870 3484 1941 jnramcntis
3532 1878 3746 1923 servent

2166 1985 2370 2040 puram.
2400 1969 2480 2022 vel
2501 1967 2713 2022 oculum
2737 1966 2975 2020 muniant
2996 1982 3024 2019 a
3054 1963 3352 2035 pernicioso
3402 1961 3742 2030 Spectaculo:

2165 2072 2364 2116 etcum
2395 2060 2649 2114 Dominus
2673 2057 2969 2129 prmcipiat,
2997 2072 3104 2112 non
3149 2056 3326 2111 solum
3351 2053 3560 2109 fortiter
3608 2051 3751 2108 ferre

2165 2155 2208 2209 si
2238 2154 2357 2224 'qua
2404 2151 2594 2221 injuria
2638 2150 2897 2205 fuerimus
2935 2149 3129 2214 affecti,
3167 2148 3261 2203 sed
3281 2145 3608 2203 etbeneficia
3650 2146 3751 2200 itii-

2168 2247 2319 2301 micis
2342 2244 2561 2315 largitcr
2580 2242 2851 2313 pra-bere;
2881 2242 3136 2305 aitenim,
3169 2238 3238 2293 Et
3266 2239 3353 2310 qui
3405 2249 3566 2293 tecum
3614 2237 3752 2304 indi.

2168 2341 2247 2393 cio
2277 2337 2576 2391 contendere
2595 2346 2642 2390 et
2672 2336 2891 2389 tunicam
2911 2335 3085 2389 tollere
3100 2334 3224 2399 vult,
3243 2333 3438 2386 dimitte
3452 2341 3496 2385 et
3540 2330 3751 2402 pallium

2169 2432 2380 2505 (Matth.
2404 2432 2457 2486 5.
2475 2431 2588 2501 40).
2613 2429 2721 2485 Nos
2747 2438 2924 2483 autem
2952 2442 3094 2496 saepe
3119 2425 3363 2496 proximo
3389 2425 3633 2494 injuriam
3663 2424 3750 2477 in-

2176 2527 2314 2583 ferre
2360 2526 2597 2589 nitimur,
2629 2533 2720 2577 aut
2746 2519 3026 2576 laedentem
3071 2517 3275 2584 ulcisci,
3323 2515 3562 2587 quamvis
3599 2514 3756 2568 nobis

2177 2618 2499 2686 imperatum
2537 2615 2609 2668 sit
2639 2629 2744 2668 non
2776 2612 2947 2665 solum
2976 2610 3260 2679 diligentes
3310 2607 3533 2676 diligere
3571 2604 3592 2678 [
3619 2604 3755 2658 Nam

2174 2710 2287 2775 hoc,
2318 2708 2510 2777 inquit,
2540 2715 2586 2760 et
2615 2704 2870 2775 publicani
2896 2703 3087 2772 faciunt
3114 2699 3326 2771 (Matth.
3346 2700 3400 2755 5.
3419 2696 3557 2771 66)],
3585 2698 3677 2752 εοιΙ
3703 2708 3758 2752 et

2173 2804 2312 2858 bene
2340 2809 2395 2854 et
2418 2800 2590 2853 amice
2611 2796 2830 2851 allectos
2858 2809 2977 2849 esse
3007 2792 3059 2847 in
3089 2807 3182 2846 eos
3211 2791 3299 2861 qui
3349 2806 3446 2845 nos
3493 2789 3759 2844 hostiliter

2176 2896 2427 2950 infestant
2457 2911 2470 2946 :
2506 2908 2603 2945 nos
2633 2901 2809 2944 tamen
2837 2903 2904 2942 ne
2929 2885 3116 2941 amicis
3145 2884 3358 2955 quidem
3388 2898 3567 2953 parem
3614 2884 3759 2936 cari-

2178 2997 2340 3043 tatem
2366 2985 2701 3040 exhibemus.
2729 2983 3025 3051 Eapropter
3045 2978 3202 3033 doleo
3222 2986 3278 3032 et
3306 2977 3479 3046 lugeo,
3508 2977 3633 3046 quia
3665 2976 3749 3028 vi-

2176 3083 2280 3136 deo
2310 3082 2363 3136 in
2386 3078 2539 3134 nobis
2556 3085 2756 3131 tantam
2774 3073 2985 3129 virtutis
3017 3076 3330 3135 raritatctn;
3359 3068 3613 3122 malitiam
3662 3084 3759 3121 an-

2180 3185 2288 3231 tem
2332 3171 2571 3245 quotidie
2616 3168 2942 3224 invalescere
2973 3183 2988 3220 :
3020 3180 3196 3235 neque
3237 3173 3475 3217 moratur
3500 3159 3762 3231 geliennm

2183 3268 2341 3323 timor
2368 3272 2609 3320 nostrum
2639 3261 2691 3315 in
2716 3259 2856 3315 mala
2875 3272 3111 3321 cursum,
3140 3270 3312 3324 neque
3356 3253 3502 3323 regni
3549 3251 3762 3306 deside.

2182 3362 2317 3414 rium
2335 3356 2539 3423 incitat,
2561 3363 2615 3408 ut
2641 3353 2693 3408 in
2708 3352 2789 3406 via
2810 3348 3022 3404 virtutis
3036 3346 3372 3401 ambuiemus
3398 3362 3411 3399 ε
3440 3341 3533 3398 sed
3552 3356 3760 3404 omnes,

2184 3460 2242 3507 ut
2269 3451 2339 3504 ita
2370 3449 2566 3513 dicam,
2587 3458 2716 3515 quas
2765 3441 2997 3512 pecudes
3021 3438 3335 3493 abducinmr
3362 3453 3375 3488 :
3408 3444 3461 3490 et
3485 3450 3656 3503 neque
3674 3450 3763 3488 co-

2184 3542 2415 3613 gitamus
2435 3537 2726 3594 terribilem
2754 3534 2897 3589 illam
2926 3532 3132 3595 horam,
3163 3529 3247 3584 vel
3305 3528 3450 3598 leges
3477 3543 3507 3581 a
3538 3526 3763 3581 Domino

2189 3634 2346 3690 nobis
2373 3632 2526 3687 datas
2558 3648 2571 3684 :
2604 3628 2697 3684 sed
2724 3640 2913 3683 omnes
2940 3624 3004 3677 ad
3035 3622 3310 3677 hominum
3337 3620 3619 3688 Opinioncs
3639 3632 3762 3685 5pc-

2188 3736 2417 3791 clanius,
2444 3732 2499 3777 et
2526 3720 2803 3793 gloriolam
2825 3716 2895 3770 ab
2924 3714 3026 3769 illis
3052 3727 3327 3775 venamur,
3357 3724 3531 3779 neque
3581 3708 3763 3763 audire

2190 3817 2431 3872 volumus
2461 3809 2814 3881 Evangelium
2845 3806 3031 3862 dicens
3071 3823 3083 3859 :
3130 3804 3392 3869 Quomodo
3439 3817 3525 3855 vos
3568 3802 3766 3870 potestis

2193 3910 2396 3965 credere
2420 3906 2631 3978 gloriam
2655 3902 2717 3957 ab
2748 3899 3031 3956 hominibus
3045 3897 3361 3965 accipientes,
3415 3903 3460 3947 et
3512 3893 3724 3963 gloriam
3749 3933 3764 3955 ,

2188 4020 2303 4076 qua:
2321 4021 2354 4057 a
2373 4000 2481 4055 solo
2515 3998 2619 4052 Deo
2635 4007 2729 4059 est,
2749 4011 2850 4050 non
2866 4002 3140 4064 qua'rentes
3153 3987 3332 4057 (Joan.
3350 3987 3403 4043 5.
3423 3987 3516 4057 Η)
3535 3986 3558 4039 ?
3575 3984 3767 4052 Quem-

2192 4074 2478 4151 admodum
2508 4091 2650 4146 euim
2680 4088 2769 4159 qui
2798 4086 2942 4141 illam
2985 4083 3270 4136 humanam
3313 4078 3639 4139 desiderant,
3689 4074 3769 4128 di-

2198 4188 2322 4242 vina
2351 4196 2571 4255 prorsus
2594 4178 2842 4235 excidunt
2872 4193 2885 4228 :
2918 4175 2988 4228 ita
3016 4172 3106 4242 qui
3129 4172 3362 4226 divinam
3383 4166 3637 4223 continuo
3680 4180 3767 4219 se-

2199 4287 2434 4341 ctantur,
2455 4287 2630 4342 neque
2655 4272 2751 4325 hac
2769 4267 3063 4339 privamur.
3088 4262 3141 4317 ld
3168 4260 3309 4332 quod
3332 4262 3445 4330 ipse
3472 4259 3617 4329 prius
3648 4272 3768 4328 pro-

2196 4369 2340 4425 misit
2365 4385 2378 4420 :
2408 4365 2627 4434 Quaerite
2647 4360 2895 4433 primum‘
2922 4372 3132 4428 regnum
3156 4352 3269 4418 Dei,
3299 4364 3345 4406 et
3375 4352 3481 4406 [nec
3506 4351 3675 4404 omnia
3688 4365 3772 4402 vo-

2195 4463 2270 4516 bis
2288 4459 2590 4531 adﬁcientur
2618 4451 2842 4523 (Matth.
2868 4451 2921 4504 6.
2952 4447 3045 4519 33)
3072 4461 3090 4501 :
3117 4445 3313 4501 etenim
3340 4459 3460 4498 cum
3492 4443 3582 4512 qui
3619 4440 3775 4511 hujus

2197 4551 2467 4610 desiderio
2498 4556 2729 4612 tenetur,
2759 4551 3054 4612 sequuntur
3094 4541 3210 4595 hinc
3259 4538 3459 4592 omnia.
3514 4535 3646 4589 Nam
3686 4532 3774 4602 qui

2200 4648 2327 4702 illuc
2344 4642 2535 4700 mentis
2558 4655 2669 4695 suae
2694 4636 2792 4692 alis
2809 4637 3101 4690 instructus
3123 4632 3284 4694 volat,
3305 4644 3517 4683 omnem
3542 4640 3776 4695 [inesca-

2203 4749 2309 4794 tem
2337 4732 2746 4807 prosperitatem
2768 4726 2916 4799 quasi
2942 4742 3044 4780 non
3075 4732 3240 4786 esset,
3269 4719 3580 4775 contemnit.
3624 4716 3775 4773 Oculi

2201 4829 2343 4885 enim
2375 4825 2521 4889 fidei,
2553 4819 2766 4891 quando
2796 4818 2973 4873 vident
3028 4814 3309 4871 ineffabilia
3344 4814 3429 4866 illa
3486 4811 3623 4864 bona
3647 4851 3662 4873 ,
3715 4822 3786 4862 ne

2202 4914 2669 4986 senttuutquidem
2700 4910 2816 4965 lizec
2843 4906 3108 4963 visibilia:
3141 4913 3344 4958 tantmn
3389 4904 3529 4957 inter
3574 4902 3688 4956 Iure
3730 4908 3787 4952 et

2206 5010 2294 5065 illa
2314 5011 2557 5063 interest.
2584 5003 2686 5060 Sed
2711 5000 2975 5057 neminem
3002 4997 3157 5053 video
3183 4995 3272 5065 qui
3296 4993 3577 5047 invisibilia
3605 4991 3778 5045 visibi-

2205 5101 2343 5156 libus
2371 5098 2637 5169 priefcrat.
2664 5093 2863 5149 Idcirco
2887 5089 3018 5145 mibi
3048 5102 3247 5144 maeror
3270 5094 3373 5149 est,
3392 5094 3447 5140 et
3474 5084 3781 5139 indesinens

2208 5193 2361 5248 dolor
2389 5190 2537 5246 cordi
2563 5201 2721 5243 meo:
2754 5184 2876 5255 quia
2923 5197 3027 5236 non
3057 5195 3236 5235 rerum
3278 5175 3606 5247 experientia
3645 5174 3786 5227 docti

2208 5298 2413 5348 sumus,
2465 5295 2638 5352 neque
2684 5277 2777 5335 Dei
2830 5272 3234 5345 proniissiones,
3285 5283 3458 5338 neque
3506 5279 3787 5321 munerum

2210 5350 2718 5449 magnitudosregni
2747 5365 3069 5424 desiderium
3091 5370 3147 5418 et
3169 5374 3409 5416 amorem
3439 5358 3591 5414 nobis
3638 5350 3788 5418 inge-

2285 5547 2298 5576 '
2330 5543 2456 5602 Vox,
2478 5536 2686 5603 primum
2713 5526 2961 5596 (πρῶτον),
2990 5525 3127 5575 deest
3162 5522 3213 5571 in
3247 5515 3396 5568 Savil.
3431 5517 3484 5564 et
3511 5514 3562 5560 in
3594 5510 3796 5570 septem

2221 5607 2336 5658 llss.
