  <div class='ocr_page' id='page_1' title='image "/cluster/home/n/w/nwhite01/storage/ocr_20150623/53/hvd.32044054086673/215.png"; bbox 0 0 4116 6196; ppageno 0'>
   <div class='ocr_carea' id='block_1_1' title="bbox 454 255 556 309">
    <p class='ocr_par' dir='ltr' id='par_1_1' title="bbox 454 255 556 309">
     <span class='ocr_line' id='line_1_1' title="bbox 454 255 556 309; baseline -0.02 0"><span class='ocrx_word' id='word_1_1' title='bbox 454 255 556 309; x_wconf 70' lang='grc'>217</span> 
     </span>
    </p>
   </div>
   <div class='ocr_carea' id='block_1_2' title="bbox 458 360 2111 439">
    <p class='ocr_par' dir='ltr' id='par_1_2' title="bbox 458 360 2111 439">
     <span class='ocr_line' id='line_1_2' title="bbox 458 360 2111 439; baseline -0.007 -14"><span class='ocrx_word' id='word_1_2' title='bbox 458 370 553 424; x_wconf 84' lang='grc' dir='ltr'>τοῦ</span> <span class='ocrx_word' id='word_1_3' title='bbox 586 368 850 439; x_wconf 74' lang='grc' dir='ltr'>παρόντος</span> <span class='ocrx_word' id='word_1_4' title='bbox 884 365 999 435; x_wconf 82' lang='grc' dir='ltr'>βίου</span> <span class='ocrx_word' id='word_1_5' title='bbox 1047 364 1154 416; x_wconf 87' lang='grc' dir='ltr'>τῶν</span> <span class='ocrx_word' id='word_1_6' title='bbox 1200 364 1570 434; x_wconf 76' lang='grc' dir='ltr'>ἀτελευτήτων</span> <span class='ocrx_word' id='word_1_7' title='bbox 1600 360 1813 416; x_wconf 83' lang='grc' dir='ltr'>αἰώνων</span> <span class='ocrx_word' id='word_1_8' title='bbox 1863 362 2111 429; x_wconf 69' lang='grc' dir='ltr'>ἐκείνων.</span> 
     </span>
    </p>
   </div>
   <div class='ocr_carea' id='block_1_3' title="bbox 459 447 2121 523">
    <p class='ocr_par' dir='ltr' id='par_1_3' title="bbox 459 447 2121 523">
     <span class='ocr_line' id='line_1_3' title="bbox 459 447 2121 523; baseline -0.005 -12"><span class='ocrx_word' id='word_1_9' title='bbox 459 455 590 511; x_wconf 75' lang='grc' dir='ltr'>οἶδα</span> <span class='ocrx_word' id='word_1_10' title='bbox 623 458 703 509; x_wconf 82' lang='grc' dir='ltr'>ὃτι</span> <span class='ocrx_word' id='word_1_11' title='bbox 733 454 919 507; x_wconf 87' lang='grc' dir='ltr'>δάκνει</span> <span class='ocrx_word' id='word_1_12' title='bbox 949 453 1047 523; x_wconf 80' lang='grc' dir='ltr'>τὴν</span> <span class='ocrx_word' id='word_1_13' title='bbox 1081 451 1249 522; x_wconf 70' lang='grc' dir='ltr'>ἀκοὴν</span> <span class='ocrx_word' id='word_1_14' title='bbox 1276 469 1434 505; x_wconf 89' lang='grc' dir='ltr'>ταυτι</span> <span class='ocrx_word' id='word_1_15' title='bbox 1459 468 1527 504; x_wconf 90' lang='grc' dir='ltr'>τα</span> <span class='ocrx_word' id='word_1_16' title='bbox 1554 453 1797 522; x_wconf 79' lang='grc' dir='ltr'>ῥήματα,</span> <span class='ocrx_word' id='word_1_17' title='bbox 1822 448 1959 503; x_wconf 88' lang='grc' dir='ltr'>ἀλλά</span> <span class='ocrx_word' id='word_1_18' title='bbox 1987 447 2121 518; x_wconf 73' lang='grc' dir='ltr'>σύγοι</span> 
     </span>
    </p>
   </div>
   <div class='ocr_carea' id='block_1_4' title="bbox 458 536 2121 611">
    <p class='ocr_par' dir='ltr' id='par_1_4' title="bbox 458 536 2121 611">
     <span class='ocr_line' id='line_1_4' title="bbox 458 536 2121 611; baseline -0.005 -14"><span class='ocrx_word' id='word_1_19' title='bbox 458 560 654 609; x_wconf 89' lang='grc' dir='ltr'>γνωτε.</span> <span class='ocrx_word' id='word_1_20' title='bbox 682 539 995 611; x_wconf 80' lang='grc' dir='ltr'>Ἐπιθυμῶν</span> <span class='ocrx_word' id='word_1_21' title='bbox 1016 540 1113 611; x_wconf 76' lang='grc' dir='ltr'>τὴν</span> <span class='ocrx_word' id='word_1_22' title='bbox 1135 540 1288 609; x_wconf 87' lang='grc' dir='ltr'>ὑμῶν</span> <span class='ocrx_word' id='word_1_23' title='bbox 1311 540 1585 610; x_wconf 79' lang='grc' dir='ltr'>σωτηρίαν</span> <span class='ocrx_word' id='word_1_24' title='bbox 1602 538 1773 592; x_wconf 90' lang='grc' dir='ltr'>ταῦτα</span> <span class='ocrx_word' id='word_1_25' title='bbox 1790 536 2121 608; x_wconf 76' lang='grc' dir='ltr'>φθέγγομαι,</span> 
     </span>
    </p>
   </div>
   <div class='ocr_carea' id='block_1_5' title="bbox 461 622 2122 697">
    <p class='ocr_par' dir='ltr' id='par_1_5' title="bbox 461 622 2122 697">
     <span class='ocr_line' id='line_1_5' title="bbox 461 622 2122 697; baseline -0.005 -15"><span class='ocrx_word' id='word_1_26' title='bbox 461 629 555 682; x_wconf 80' lang='grc' dir='ltr'>καὶ</span> <span class='ocrx_word' id='word_1_27' title='bbox 609 626 930 697; x_wconf 84' lang='grc' dir='ltr'>βουλόμενος</span> <span class='ocrx_word' id='word_1_28' title='bbox 979 625 1213 679; x_wconf 88' lang='grc' dir='ltr'>ἐνταῦθα</span> <span class='ocrx_word' id='word_1_29' title='bbox 1262 627 1458 697; x_wconf 76' lang='grc' dir='ltr'>μικρὸν</span> <span class='ocrx_word' id='word_1_30' title='bbox 1506 626 1652 696; x_wconf 82' lang='grc' dir='ltr'>ὑμᾶς</span> <span class='ocrx_word' id='word_1_31' title='bbox 1683 625 1983 695; x_wconf 84' lang='grc' dir='ltr'>δηχθέντας</span> <span class='ocrx_word' id='word_1_32' title='bbox 2024 622 2122 694; x_wconf 80' lang='grc' dir='ltr'>τὴν</span> 
     </span>
    </p>
   </div>
   <div class='ocr_carea' id='block_1_6' title="bbox 456 710 2124 785">
    <p class='ocr_par' dir='ltr' id='par_1_6' title="bbox 456 710 2124 785">
     <span class='ocr_line' id='line_1_6' title="bbox 456 710 2124 785; baseline -0.004 -16"><span class='ocrx_word' id='word_1_33' title='bbox 456 715 675 769; x_wconf 83' lang='grc' dir='ltr'>αἰώνιον</span> <span class='ocrx_word' id='word_1_34' title='bbox 706 714 925 767; x_wconf 78' lang='grc' dir='ltr'>κόλασιν</span> <span class='ocrx_word' id='word_1_35' title='bbox 955 714 1307 785; x_wconf 77' lang='grc' dir='ltr'>διαφυγεῖν,ή</span> <span class='ocrx_word' id='word_1_36' title='bbox 1340 713 1476 785; x_wconf 83' lang='grc' dir='ltr'>πρὸς</span> <span class='ocrx_word' id='word_1_37' title='bbox 1496 713 1675 782; x_wconf 89' lang='grc' dir='ltr'>ὀλίγον</span> <span class='ocrx_word' id='word_1_38' title='bbox 1693 710 2124 783; x_wconf 82' lang='grc' dir='ltr'>ψυχαγωγηθέν-</span> 
     </span>
    </p>
   </div>
   <div class='ocr_carea' id='block_1_7' title="bbox 461 796 2120 873">
    <p class='ocr_par' dir='ltr' id='par_1_7' title="bbox 461 796 2120 873">
     <span class='ocr_line' id='line_1_7' title="bbox 461 796 2120 873; baseline -0.002 -20"><span class='ocrx_word' id='word_1_39' title='bbox 461 820 562 865; x_wconf 82' lang='grc' dir='ltr'>τας</span> <span class='ocrx_word' id='word_1_40' title='bbox 613 802 836 873; x_wconf 77' lang='grc' dir='ltr'>διηνεκῆ</span> <span class='ocrx_word' id='word_1_41' title='bbox 868 803 969 871; x_wconf 79' lang='grc' dir='ltr'>τὴν</span> <span class='ocrx_word' id='word_1_42' title='bbox 999 802 1268 873; x_wconf 84' lang='grc' dir='ltr'>τιμωρίαν</span> <span class='ocrx_word' id='word_1_43' title='bbox 1298 802 1540 871; x_wconf 89' lang='grc' dir='ltr'>ὑπέχειν.</span> <span class='ocrx_word' id='word_1_44' title='bbox 1579 801 1641 854; x_wconf 84' lang='grc' dir='ltr'>Εἰ</span> <span class='ocrx_word' id='word_1_45' title='bbox 1674 799 1783 870; x_wconf 86' lang='grc' dir='ltr'>γὰρ</span> <span class='ocrx_word' id='word_1_46' title='bbox 1810 796 2120 869; x_wconf 88' lang='grc' dir='ltr'>ἀνάσχησθε</span> 
     </span>
    </p>
   </div>
   <div class='ocr_carea' id='block_1_8' title="bbox 456 885 2123 961">
    <p class='ocr_par' dir='ltr' id='par_1_8' title="bbox 456 885 2123 961">
     <span class='ocr_line' id='line_1_8' title="bbox 456 885 2123 961; baseline -0.002 -19"><span class='ocrx_word' id='word_1_47' title='bbox 456 888 565 942; x_wconf 84' lang='grc' dir='ltr'>τῶν</span> <span class='ocrx_word' id='word_1_48' title='bbox 592 889 740 960; x_wconf 86' lang='grc' dir='ltr'>ἐμῶν</span> <span class='ocrx_word' id='word_1_49' title='bbox 771 888 964 957; x_wconf 86' lang='grc' dir='ltr'>λόγων,</span> <span class='ocrx_word' id='word_1_50' title='bbox 1015 890 1110 942; x_wconf 75' lang='grc' dir='ltr'>καὶ</span> <span class='ocrx_word' id='word_1_51' title='bbox 1138 890 1238 959; x_wconf 86' lang='grc' dir='ltr'>τὴν</span> <span class='ocrx_word' id='word_1_52' title='bbox 1290 887 1668 961; x_wconf 86' lang='grc' dir='ltr'>προλαϐοῦσαν</span> <span class='ocrx_word' id='word_1_53' title='bbox 1716 885 1955 957; x_wconf 75' lang='grc' dir='ltr'>ἀθυμίαν</span> <span class='ocrx_word' id='word_1_54' title='bbox 1985 887 2123 939; x_wconf 87' lang='grc' dir='ltr'>ἀπο-</span> 
     </span>
    </p>
   </div>
   <div class='ocr_carea' id='block_1_9' title="bbox 459 967 2123 1048">
    <p class='ocr_par' dir='ltr' id='par_1_9' title="bbox 459 967 2123 1048">
     <span class='ocr_line' id='line_1_9' title="bbox 459 967 2123 1048; baseline -0.002 -18"><span class='ocrx_word' id='word_1_55' title='bbox 459 978 702 1031; x_wconf 88' lang='grc' dir='ltr'>σείσεσθε</span> <span class='ocrx_word' id='word_1_56' title='bbox 746 990 805 1045; x_wconf 79' lang='grc' dir='ltr'>ι,</span> <span class='ocrx_word' id='word_1_57' title='bbox 846 976 942 1031; x_wconf 78' lang='grc' dir='ltr'>καὶ</span> <span class='ocrx_word' id='word_1_58' title='bbox 996 976 1231 1047; x_wconf 89' lang='grc' dir='ltr'>μάλιστα</span> <span class='ocrx_word' id='word_1_59' title='bbox 1268 976 1364 1030; x_wconf 91' lang='grc' dir='ltr'>νῦν</span> <span class='ocrx_word' id='word_1_60' title='bbox 1400 976 1475 1040; x_wconf 88' lang='grc' dir='ltr'>ὼς</span> <span class='ocrx_word' id='word_1_61' title='bbox 1515 976 1594 1030; x_wconf 82' lang='grc' dir='ltr'>έτι</span> <span class='ocrx_word' id='word_1_62' title='bbox 1631 978 1661 1031; x_wconf 98' lang='lat'>6</span> <span class='ocrx_word' id='word_1_63' title='bbox 1708 976 1912 1048; x_wconf 81' lang='grc' dir='ltr'>βραχὺς</span> <span class='ocrx_word' id='word_1_64' title='bbox 1965 967 2123 1036; x_wconf 78' lang='grc' dir='ltr'>οὗτος</span> 
     </span>
    </p>
   </div>
   <div class='ocr_carea' id='block_1_10' title="bbox 458 1063 2117 1138">
    <p class='ocr_par' dir='ltr' id='par_1_10' title="bbox 458 1063 2117 1138">
     <span class='ocr_line' id='line_1_10' title="bbox 458 1063 2117 1138; baseline -0.004 -17"><span class='ocrx_word' id='word_1_65' title='bbox 458 1068 650 1138; x_wconf 77' lang='grc' dir='ltr'>καιρὸς</span> <span class='ocrx_word' id='word_1_66' title='bbox 699 1067 799 1137; x_wconf 87' lang='grc' dir='ltr'>τῆς</span> <span class='ocrx_word' id='word_1_67' title='bbox 848 1065 1010 1133; x_wconf 83' lang='grc' dir='ltr'>ἁγίας</span> <span class='ocrx_word' id='word_1_68' title='bbox 1058 1066 1184 1136; x_wconf 87' lang='grc' dir='ltr'>ὑμῖν</span> <span class='ocrx_word' id='word_1_69' title='bbox 1217 1064 1601 1117; x_wconf 82' lang='grc' dir='ltr'>ὑπολέλειπται</span> <span class='ocrx_word' id='word_1_70' title='bbox 1633 1063 2079 1134; x_wconf 79' lang='grc' dir='ltr'>τεσσαρακοστῆς</span> <span class='ocrx_word' id='word_1_71' title='bbox 2102 1102 2117 1124; x_wconf 93' lang='grc'>,</span> 
     </span>
    </p>
   </div>
   <div class='ocr_carea' id='block_1_11' title="bbox 456 1149 2121 1224">
    <p class='ocr_par' dir='ltr' id='par_1_11' title="bbox 456 1149 2121 1224">
     <span class='ocr_line' id='line_1_11' title="bbox 456 1149 2121 1224; baseline -0.004 -17"><span class='ocrx_word' id='word_1_72' title='bbox 456 1153 751 1224; x_wconf 88' lang='grc' dir='ltr'>δυνήσεσθε</span> <span class='ocrx_word' id='word_1_73' title='bbox 786 1152 880 1206; x_wconf 72' lang='grc' dir='ltr'>καὶ</span> <span class='ocrx_word' id='word_1_74' title='bbox 908 1153 976 1206; x_wconf 86' lang='grc' dir='ltr'>τὰ</span> <span class='ocrx_word' id='word_1_75' title='bbox 1001 1153 1369 1223; x_wconf 78' lang='grc' dir='ltr'>ἡμαρτημένα</span> <span class='ocrx_word' id='word_1_76' title='bbox 1394 1150 1780 1221; x_wconf 80' lang='grc' dir='ltr'>ἀπονίψασθαι,</span> <span class='ocrx_word' id='word_1_77' title='bbox 1809 1152 1902 1204; x_wconf 76' lang='grc' dir='ltr'>καὶ</span> <span class='ocrx_word' id='word_1_78' title='bbox 1922 1149 2121 1220; x_wconf 81' lang='grc' dir='ltr'>πολλὴν</span> 
     </span>
    </p>
   </div>
   <div class='ocr_carea' id='block_1_12' title="bbox 456 1236 2121 1314">
    <p class='ocr_par' dir='ltr' id='par_1_12' title="bbox 456 1236 2121 1314">
     <span class='ocr_line' id='line_1_12' title="bbox 456 1236 2121 1314; baseline -0.003 -20"><span class='ocrx_word' id='word_1_79' title='bbox 456 1242 608 1314; x_wconf 87' lang='grc' dir='ltr'>παρά</span> <span class='ocrx_word' id='word_1_80' title='bbox 634 1240 729 1293; x_wconf 86' lang='grc' dir='ltr'>τοῦ</span> <span class='ocrx_word' id='word_1_81' title='bbox 774 1239 908 1293; x_wconf 84' lang='grc' dir='ltr'>Θεοῦ</span> <span class='ocrx_word' id='word_1_82' title='bbox 945 1239 1043 1311; x_wconf 83' lang='grc' dir='ltr'>τὴν</span> <span class='ocrx_word' id='word_1_83' title='bbox 1077 1238 1489 1309; x_wconf 79' lang='grc' dir='ltr'>φιλανθρωπίαν</span> <span class='ocrx_word' id='word_1_84' title='bbox 1536 1238 1970 1301; x_wconf 80' lang='grc' dir='ltr'>ἐπισπάσασθαι,</span> <span class='ocrx_word' id='word_1_85' title='bbox 1999 1236 2121 1290; x_wconf 80' lang='grc' dir='ltr'>οὑδὲ</span> 
     </span>
    </p>
   </div>
   <div class='ocr_carea' id='block_1_13' title="bbox 457 1324 2119 1401">
    <p class='ocr_par' dir='ltr' id='par_1_13' title="bbox 457 1324 2119 1401">
     <span class='ocr_line' id='line_1_13' title="bbox 457 1324 2119 1401; baseline -0.004 -18"><span class='ocrx_word' id='word_1_86' title='bbox 457 1330 565 1401; x_wconf 78' lang='grc' dir='ltr'>γὰρ</span> <span class='ocrx_word' id='word_1_87' title='bbox 606 1327 817 1382; x_wconf 84' lang='grc' dir='ltr'>πολλῶν</span> <span class='ocrx_word' id='word_1_88' title='bbox 865 1326 1092 1398; x_wconf 82' lang='grc' dir='ltr'>ἡμερῶν</span> <span class='ocrx_word' id='word_1_89' title='bbox 1121 1327 1290 1381; x_wconf 73' lang='grc' dir='ltr'>δεῖται</span> <span class='ocrx_word' id='word_1_90' title='bbox 1320 1327 1350 1379; x_wconf 89' lang='lat'>6</span> <span class='ocrx_word' id='word_1_91' title='bbox 1400 1327 1697 1395; x_wconf 77' lang='grc' dir='ltr'>Δεσπότης,</span> <span class='ocrx_word' id='word_1_92' title='bbox 1740 1326 1862 1380; x_wconf 84' lang='grc' dir='ltr'>οὑδὲ</span> <span class='ocrx_word' id='word_1_93' title='bbox 1904 1324 2119 1395; x_wconf 84' lang='grc' dir='ltr'>χρόνου,</span> 
     </span>
    </p>
   </div>
   <div class='ocr_carea' id='block_1_14' title="bbox 457 1412 2119 1485">
    <p class='ocr_par' dir='ltr' id='par_1_14' title="bbox 457 1412 2119 1485">
     <span class='ocr_line' id='line_1_14' title="bbox 457 1412 2119 1485; baseline -0.004 -15"><span class='ocrx_word' id='word_1_94' title='bbox 457 1418 571 1470; x_wconf 83' lang='grc' dir='ltr'>ἀλλ’</span> <span class='ocrx_word' id='word_1_95' title='bbox 604 1417 700 1468; x_wconf 88' lang='grc' dir='ltr'>ἐάν</span> <span class='ocrx_word' id='word_1_96' title='bbox 725 1415 1055 1485; x_wconf 86' lang='grc' dir='ltr'>θελήσωμεν</span> <span class='ocrx_word' id='word_1_97' title='bbox 1085 1416 1180 1467; x_wconf 76' lang='grc' dir='ltr'>καὶ</span> <span class='ocrx_word' id='word_1_98' title='bbox 1211 1418 1268 1467; x_wconf 92' lang='grc' dir='ltr'>ἐν</span> <span class='ocrx_word' id='word_1_99' title='bbox 1291 1416 1412 1476; x_wconf 88' lang='grc' dir='ltr'>ταῖς</span> <span class='ocrx_word' id='word_1_100' title='bbox 1435 1413 1557 1467; x_wconf 83' lang='grc' dir='ltr'>δυσί</span> <span class='ocrx_word' id='word_1_101' title='bbox 1584 1414 1811 1477; x_wconf 83' lang='grc' dir='ltr'>ταύταις</span> <span class='ocrx_word' id='word_1_102' title='bbox 1860 1412 2119 1483; x_wconf 80' lang='grc' dir='ltr'>ἑϐδομάσι</span> 
     </span>
    </p>
   </div>
   <div class='ocr_carea' id='block_1_15' title="bbox 458 1503 2120 1578">
    <p class='ocr_par' dir='ltr' id='par_1_15' title="bbox 458 1503 2120 1578">
     <span class='ocr_line' id='line_1_15' title="bbox 458 1503 2120 1578; baseline -0.004 -18"><span class='ocrx_word' id='word_1_103' title='bbox 458 1508 658 1578; x_wconf 82' lang='grc' dir='ltr'>πολλὴν</span> <span class='ocrx_word' id='word_1_104' title='bbox 700 1506 797 1577; x_wconf 78' lang='grc' dir='ltr'>τὴν</span> <span class='ocrx_word' id='word_1_105' title='bbox 856 1503 1005 1576; x_wconf 74' lang='grc'>[229]</span> <span class='ocrx_word' id='word_1_106' title='bbox 1045 1504 1334 1575; x_wconf 80' lang='grc' dir='ltr'>διόρθωσιν</span> <span class='ocrx_word' id='word_1_107' title='bbox 1389 1504 1497 1557; x_wconf 89' lang='grc' dir='ltr'>τῶν</span> <span class='ocrx_word' id='word_1_108' title='bbox 1552 1503 1932 1574; x_wconf 82' lang='grc' dir='ltr'>ἐπταισμένων</span> <span class='ocrx_word' id='word_1_109' title='bbox 1988 1504 2120 1572; x_wconf 84' lang='grc' dir='ltr'>ἡμῖν</span> 
     </span>
    </p>
   </div>
   <div class='ocr_carea' id='block_1_16' title="bbox 459 1590 2118 1665">
    <p class='ocr_par' dir='ltr' id='par_1_16' title="bbox 459 1590 2118 1665">
     <span class='ocr_line' id='line_1_16' title="bbox 459 1590 2118 1665; baseline -0.003 -17"><span class='ocrx_word' id='word_1_110' title='bbox 459 1595 819 1665; x_wconf 75' lang='grc' dir='ltr'>ποιησόμεθα.</span> <span class='ocrx_word' id='word_1_111' title='bbox 854 1595 914 1646; x_wconf 84' lang='grc' dir='ltr'>Εἰ</span> <span class='ocrx_word' id='word_1_112' title='bbox 949 1595 1059 1664; x_wconf 81' lang='grc' dir='ltr'>γάρ</span> <span class='ocrx_word' id='word_1_113' title='bbox 1088 1596 1213 1656; x_wconf 78' lang='grc' dir='ltr'>τοὺς</span> <span class='ocrx_word' id='word_1_114' title='bbox 1233 1594 1279 1645; x_wconf 90' lang='grc' dir='ltr'>Ν</span> <span class='ocrx_word' id='word_1_115' title='bbox 1288 1593 1540 1656; x_wconf 77' lang='grc' dir='ltr'>ινευϊτας,</span> <span class='ocrx_word' id='word_1_116' title='bbox 1568 1592 1754 1664; x_wconf 81' lang='grc' dir='ltr'>ἐπειδὴ</span> <span class='ocrx_word' id='word_1_117' title='bbox 1791 1590 1960 1663; x_wconf 88' lang='grc' dir='ltr'>τριῶν</span> <span class='ocrx_word' id='word_1_118' title='bbox 1980 1593 2118 1661; x_wconf 87' lang='grc' dir='ltr'>ήμε-</span> 
     </span>
    </p>
   </div>
   <div class='ocr_carea' id='block_1_17' title="bbox 463 1678 2119 1754">
    <p class='ocr_par' dir='ltr' id='par_1_17' title="bbox 463 1678 2119 1754">
     <span class='ocr_line' id='line_1_17' title="bbox 463 1678 2119 1754; baseline -0.003 -19"><span class='ocrx_word' id='word_1_119' title='bbox 463 1683 569 1754; x_wconf 84' lang='grc' dir='ltr'>ρῶν</span> <span class='ocrx_word' id='word_1_120' title='bbox 599 1681 696 1752; x_wconf 85' lang='grc' dir='ltr'>τὴν</span> <span class='ocrx_word' id='word_1_121' title='bbox 730 1681 1018 1751; x_wconf 86' lang='grc' dir='ltr'>μετάνοιαν</span> <span class='ocrx_word' id='word_1_122' title='bbox 1066 1680 1411 1744; x_wconf 77' lang='grc' dir='ltr'>ἐπεδείξαντο</span> <span class='ocrx_word' id='word_1_123' title='bbox 1434 1719 1449 1741; x_wconf 96' lang='grc'>,</span> <span class='ocrx_word' id='word_1_124' title='bbox 1493 1679 1760 1750; x_wconf 73' lang='grc' dir='ltr'>τοσαύτης</span> <span class='ocrx_word' id='word_1_125' title='bbox 1798 1678 2000 1748; x_wconf 81' lang='grc' dir='ltr'>ήξίωσε</span> <span class='ocrx_word' id='word_1_126' title='bbox 2030 1695 2119 1747; x_wconf 82' lang='grc' dir='ltr'>φι-</span> 
     </span>
    </p>
   </div>
   <div class='ocr_carea' id='block_1_18' title="bbox 458 1767 2115 1840">
    <p class='ocr_par' dir='ltr' id='par_1_18' title="bbox 458 1767 2115 1840">
     <span class='ocr_line' id='line_1_18' title="bbox 458 1767 2115 1840; baseline -0.002 -17"><span class='ocrx_word' id='word_1_127' title='bbox 458 1769 829 1840; x_wconf 83' lang='grc' dir='ltr'>λανθρωπίας,</span> <span class='ocrx_word' id='word_1_128' title='bbox 868 1768 1048 1839; x_wconf 84' lang='grc' dir='ltr'>πολλῷ</span> <span class='ocrx_word' id='word_1_129' title='bbox 1098 1768 1163 1840; x_wconf 82' lang='grc' dir='ltr'>δὴ</span> <span class='ocrx_word' id='word_1_130' title='bbox 1220 1768 1420 1839; x_wconf 79' lang='grc' dir='ltr'>μᾶλλον</span> <span class='ocrx_word' id='word_1_131' title='bbox 1451 1770 1600 1840; x_wconf 68' lang='grc' dir='ltr'>ἡμᾶς</span> <span class='ocrx_word' id='word_1_132' title='bbox 1644 1770 1708 1821; x_wconf 91' lang='grc' dir='ltr'>οὑ</span> <span class='ocrx_word' id='word_1_133' title='bbox 1753 1767 2115 1840; x_wconf 79' lang='grc' dir='ltr'>περιόψεται·</span> 
     </span>
    </p>
   </div>
   <div class='ocr_carea' id='block_1_19' title="bbox 461 1855 2119 1929">
    <p class='ocr_par' dir='ltr' id='par_1_19' title="bbox 461 1855 2119 1929">
     <span class='ocr_line' id='line_1_19' title="bbox 461 1855 2119 1929; baseline -0.002 -18"><span class='ocrx_word' id='word_1_134' title='bbox 461 1859 621 1929; x_wconf 83' lang='grc' dir='ltr'>μόνον</span> <span class='ocrx_word' id='word_1_135' title='bbox 654 1857 750 1910; x_wconf 86' lang='grc' dir='ltr'>ἐάν</span> <span class='ocrx_word' id='word_1_136' title='bbox 787 1857 884 1927; x_wconf 82' lang='grc' dir='ltr'>τὴν</span> <span class='ocrx_word' id='word_1_137' title='bbox 914 1856 1089 1926; x_wconf 88' lang='grc' dir='ltr'>ἀληθῆ</span> <span class='ocrx_word' id='word_1_138' title='bbox 1120 1857 1409 1926; x_wconf 88' lang='grc' dir='ltr'>μετάνοιαν</span> <span class='ocrx_word' id='word_1_139' title='bbox 1456 1855 1872 1926; x_wconf 79' lang='grc' dir='ltr'>ἐπιδειξώμεθα,</span> <span class='ocrx_word' id='word_1_140' title='bbox 1898 1856 1991 1908; x_wconf 81' lang='grc' dir='ltr'>καὶ</span> <span class='ocrx_word' id='word_1_141' title='bbox 2021 1855 2119 1925; x_wconf 86' lang='grc' dir='ltr'>τῆς</span> 
     </span>
    </p>
   </div>
   <div class='ocr_carea' id='block_1_20' title="bbox 458 1942 2118 2015">
    <p class='ocr_par' dir='ltr' id='par_1_20' title="bbox 458 1942 2118 2015">
     <span class='ocr_line' id='line_1_20' title="bbox 458 1942 2118 2015; baseline -0.001 -18"><span class='ocrx_word' id='word_1_142' title='bbox 458 1944 657 2008; x_wconf 85' lang='grc' dir='ltr'>κακίας</span> <span class='ocrx_word' id='word_1_143' title='bbox 685 1943 1018 2005; x_wconf 84' lang='grc' dir='ltr'>ἀποστάντες</span> <span class='ocrx_word' id='word_1_144' title='bbox 1048 1942 1316 2014; x_wconf 72' lang='grc' dir='ltr'>ἁψώμεθα</span> <span class='ocrx_word' id='word_1_145' title='bbox 1348 1945 1445 2015; x_wconf 85' lang='grc' dir='ltr'>τῆς</span> <span class='ocrx_word' id='word_1_146' title='bbox 1463 1945 1555 1996; x_wconf 74' lang='grc' dir='ltr'>ἐπὶ</span> <span class='ocrx_word' id='word_1_147' title='bbox 1576 1943 1673 2015; x_wconf 82' lang='grc' dir='ltr'>τὴν</span> <span class='ocrx_word' id='word_1_148' title='bbox 1695 1942 1892 2014; x_wconf 83' lang='grc' dir='ltr'>ἀρετὴν</span> <span class='ocrx_word' id='word_1_149' title='bbox 1923 1942 2118 2014; x_wconf 77' lang='grc' dir='ltr'>φερού-</span> 
     </span>
    </p>
   </div>
   <div class='ocr_carea' id='block_1_21' title="bbox 458 2030 2114 2101">
    <p class='ocr_par' dir='ltr' id='par_1_21' title="bbox 458 2030 2114 2101">
     <span class='ocr_line' id='line_1_21' title="bbox 458 2030 2114 2101; baseline -0.001 -17"><span class='ocrx_word' id='word_1_150' title='bbox 458 2050 559 2101; x_wconf 80' lang='grc' dir='ltr'>σης</span> <span class='ocrx_word' id='word_1_151' title='bbox 586 2032 727 2085; x_wconf 85' lang='grc' dir='ltr'>ὁδοῦ.</span> <span class='ocrx_word' id='word_1_152' title='bbox 770 2031 879 2085; x_wconf 76' lang='grc' dir='ltr'>Καὶ</span> <span class='ocrx_word' id='word_1_153' title='bbox 909 2032 1017 2101; x_wconf 83' lang='grc' dir='ltr'>γάρ</span> <span class='ocrx_word' id='word_1_154' title='bbox 1042 2031 1167 2101; x_wconf 85' lang='grc' dir='ltr'>περί</span> <span class='ocrx_word' id='word_1_155' title='bbox 1203 2032 1451 2095; x_wconf 89' lang='grc' dir='ltr'>ἐκείνων,</span> <span class='ocrx_word' id='word_1_156' title='bbox 1482 2031 1591 2085; x_wconf 88' lang='grc' dir='ltr'>τῶν</span> <span class='ocrx_word' id='word_1_157' title='bbox 1624 2031 1918 2085; x_wconf 87' lang='grc' dir='ltr'>Νινευῖτῶν</span> <span class='ocrx_word' id='word_1_158' title='bbox 1951 2030 2114 2098; x_wconf 85' lang='grc' dir='ltr'>λέγω,</span> 
     </span>
    </p>
   </div>
   <div class='ocr_carea' id='block_1_22' title="bbox 460 2115 2118 2189">
    <p class='ocr_par' dir='ltr' id='par_1_22' title="bbox 460 2115 2118 2189">
     <span class='ocr_line' id='line_1_22' title="bbox 460 2115 2118 2189; baseline 0 -19"><span class='ocrx_word' id='word_1_159' title='bbox 460 2118 811 2189; x_wconf 80' lang='grc' dir='ltr'>μαρτυροῦσα</span> <span class='ocrx_word' id='word_1_160' title='bbox 837 2120 869 2187; x_wconf 87' lang='grc' dir='ltr'>ή</span> <span class='ocrx_word' id='word_1_161' title='bbox 895 2117 1015 2171; x_wconf 85' lang='grc' dir='ltr'>θεία</span> <span class='ocrx_word' id='word_1_162' title='bbox 1032 2118 1243 2189; x_wconf 76' lang='grc' dir='ltr'>Γραφὴ,</span> <span class='ocrx_word' id='word_1_163' title='bbox 1258 2118 1414 2172; x_wconf 87' lang='grc' dir='ltr'>τοῦτό</span> <span class='ocrx_word' id='word_1_164' title='bbox 1436 2136 1621 2189; x_wconf 83' lang='grc' dir='ltr'>φησιν,</span> <span class='ocrx_word' id='word_1_165' title='bbox 1638 2120 1719 2171; x_wconf 85' lang='grc' dir='ltr'>ὅτι</span> <span class='ocrx_word' id='word_1_166' title='bbox 1737 2115 1956 2172; x_wconf 79' lang='grc' dir='ltr'>Εἷδενό</span> <span class='ocrx_word' id='word_1_167' title='bbox 1975 2118 2118 2184; x_wconf 84' lang='grc' dir='ltr'>Θεὸς</span> 
     </span>
    </p>
   </div>
   <div class='ocr_carea' id='block_1_23' title="bbox 455 2203 2118 2274">
    <p class='ocr_par' dir='ltr' id='par_1_23' title="bbox 455 2203 2118 2274">
     <span class='ocr_line' id='line_1_23' title="bbox 455 2203 2118 2274; baseline -0.001 -15"><span class='ocrx_word' id='word_1_168' title='bbox 455 2208 547 2260; x_wconf 78' lang='grc' dir='ltr'>ὅτι</span> <span class='ocrx_word' id='word_1_169' title='bbox 578 2207 813 2273; x_wconf 78' lang='grc' dir='ltr'>ἀπέστη</span> <span class='ocrx_word' id='word_1_170' title='bbox 852 2206 1112 2272; x_wconf 73' lang='grc' dir='ltr'>ἕκαστος</span> <span class='ocrx_word' id='word_1_171' title='bbox 1135 2206 1253 2259; x_wconf 81' lang='grc' dir='ltr'>ἀπὸ</span> <span class='ocrx_word' id='word_1_172' title='bbox 1282 2204 1393 2274; x_wconf 80' lang='grc' dir='ltr'>τῆς</span> <span class='ocrx_word' id='word_1_173' title='bbox 1416 2205 1556 2259; x_wconf 81' lang='grc' dir='ltr'>ὀδοῦ</span> <span class='ocrx_word' id='word_1_174' title='bbox 1580 2206 1767 2260; x_wconf 82' lang='grc' dir='ltr'>αὐτοῦ</span> <span class='ocrx_word' id='word_1_175' title='bbox 1799 2203 1905 2272; x_wconf 83' lang='grc' dir='ltr'>τῆς</span> <span class='ocrx_word' id='word_1_176' title='bbox 1935 2219 2118 2270; x_wconf 76' lang='grc' dir='ltr'>πονη-</span> 
     </span>
    </p>
   </div>
   <div class='ocr_carea' id='block_1_24' title="bbox 448 2292 2117 2366">
    <p class='ocr_par' dir='ltr' id='par_1_24' title="bbox 448 2292 2117 2366">
     <span class='ocr_line' id='line_1_24' title="bbox 448 2292 2117 2366; baseline -0.003 -18"><span class='ocrx_word' id='word_1_177' title='bbox 448 2294 583 2363; x_wconf 79' lang='grc' dir='ltr'>ρᾶς.</span> <span class='ocrx_word' id='word_1_178' title='bbox 625 2295 749 2348; x_wconf 77' lang='grc' dir='ltr'>Ἐάν</span> <span class='ocrx_word' id='word_1_179' title='bbox 788 2295 966 2347; x_wconf 84' lang='grc' dir='ltr'>τοίνυν</span> <span class='ocrx_word' id='word_1_180' title='bbox 998 2295 1093 2346; x_wconf 73' lang='grc' dir='ltr'>καὶ</span> <span class='ocrx_word' id='word_1_181' title='bbox 1137 2294 1286 2363; x_wconf 77' lang='grc' dir='ltr'>ἡμᾶς</span> <span class='ocrx_word' id='word_1_182' title='bbox 1338 2294 1423 2366; x_wconf 74' lang='grc' dir='ltr'>ἴδῃ</span> <span class='ocrx_word' id='word_1_183' title='bbox 1472 2293 1947 2364; x_wconf 81' lang='grc' dir='ltr'>μεταταξαμένους</span> <span class='ocrx_word' id='word_1_184' title='bbox 1982 2292 2117 2362; x_wconf 76' lang='grc' dir='ltr'>πρὸς</span> 
     </span>
    </p>
   </div>
   <div class='ocr_carea' id='block_1_25' title="bbox 455 2381 2117 2454">
    <p class='ocr_par' dir='ltr' id='par_1_25' title="bbox 455 2381 2117 2454">
     <span class='ocr_line' id='line_1_25' title="bbox 455 2381 2117 2454; baseline -0.001 -21"><span class='ocrx_word' id='word_1_185' title='bbox 455 2384 556 2449; x_wconf 86' lang='grc' dir='ltr'>τὴν</span> <span class='ocrx_word' id='word_1_186' title='bbox 595 2384 819 2454; x_wconf 74' lang='grc' dir='ltr'>ἀρετὴν,</span> <span class='ocrx_word' id='word_1_187' title='bbox 851 2385 944 2437; x_wconf 74' lang='grc' dir='ltr'>καὶ</span> <span class='ocrx_word' id='word_1_188' title='bbox 983 2382 1336 2446; x_wconf 87' lang='grc' dir='ltr'>ἐκκλίναντας</span> <span class='ocrx_word' id='word_1_189' title='bbox 1369 2383 1469 2452; x_wconf 87' lang='grc' dir='ltr'>μὲν</span> <span class='ocrx_word' id='word_1_190' title='bbox 1502 2382 1609 2435; x_wconf 84' lang='grc' dir='ltr'>ἀπὸ</span> <span class='ocrx_word' id='word_1_191' title='bbox 1645 2384 1742 2453; x_wconf 84' lang='grc' dir='ltr'>τῆς</span> <span class='ocrx_word' id='word_1_192' title='bbox 1772 2382 1992 2444; x_wconf 86' lang='grc' dir='ltr'>κακίας,</span> <span class='ocrx_word' id='word_1_193' title='bbox 2025 2381 2117 2432; x_wconf 79' lang='grc' dir='ltr'>ἐπὶ</span> 
     </span>
    </p>
   </div>
   <div class='ocr_carea' id='block_1_26' title="bbox 454 2468 2116 2543">
    <p class='ocr_par' dir='ltr' id='par_1_26' title="bbox 454 2468 2116 2543">
     <span class='ocr_line' id='line_1_26' title="bbox 454 2468 2116 2543; baseline -0.002 -20"><span class='ocrx_word' id='word_1_194' title='bbox 454 2471 512 2523; x_wconf 86' lang='grc' dir='ltr'>δέ</span> <span class='ocrx_word' id='word_1_195' title='bbox 551 2471 650 2543; x_wconf 82' lang='grc' dir='ltr'>τὴν</span> <span class='ocrx_word' id='word_1_196' title='bbox 686 2472 795 2524; x_wconf 90' lang='grc' dir='ltr'>τῶν</span> <span class='ocrx_word' id='word_1_197' title='bbox 829 2471 1049 2537; x_wconf 86' lang='grc' dir='ltr'>ἀγαθῶν</span> <span class='ocrx_word' id='word_1_198' title='bbox 1081 2470 1346 2541; x_wconf 77' lang='grc' dir='ltr'>ἐργασίαν</span> <span class='ocrx_word' id='word_1_199' title='bbox 1380 2469 1726 2533; x_wconf 83' lang='grc' dir='ltr'>σπεύδοντας.</span> <span class='ocrx_word' id='word_1_200' title='bbox 1763 2469 1972 2535; x_wconf 80' lang='grc' dir='ltr'>δέξεται</span> <span class='ocrx_word' id='word_1_201' title='bbox 2022 2468 2116 2519; x_wconf 76' lang='grc' dir='ltr'>καὶ</span> 
     </span>
    </p>
   </div>
   <div class='ocr_carea' id='block_1_27' title="bbox 452 2554 2116 2630">
    <p class='ocr_par' dir='ltr' id='par_1_27' title="bbox 452 2554 2116 2630">
     <span class='ocr_line' id='line_1_27' title="bbox 452 2554 2116 2630; baseline -0.002 -20"><span class='ocrx_word' id='word_1_202' title='bbox 452 2558 612 2629; x_wconf 74' lang='grc' dir='ltr'>ἡμῶν</span> <span class='ocrx_word' id='word_1_203' title='bbox 657 2560 758 2630; x_wconf 77' lang='grc' dir='ltr'>τὴν</span> <span class='ocrx_word' id='word_1_204' title='bbox 793 2560 1149 2630; x_wconf 76' lang='grc' dir='ltr'>ἐπιστροφὴν,</span> <span class='ocrx_word' id='word_1_205' title='bbox 1198 2558 1290 2611; x_wconf 73' lang='grc' dir='ltr'>καὶ</span> <span class='ocrx_word' id='word_1_206' title='bbox 1324 2557 1434 2612; x_wconf 86' lang='grc' dir='ltr'>τῶν</span> <span class='ocrx_word' id='word_1_207' title='bbox 1476 2557 1710 2628; x_wconf 79' lang='grc' dir='ltr'>φορτίων</span> <span class='ocrx_word' id='word_1_208' title='bbox 1744 2554 2116 2625; x_wconf 81' lang='grc' dir='ltr'>ἐλευθερώσας</span> 
     </span>
    </p>
   </div>
   <div class='ocr_carea' id='block_1_28' title="bbox 456 2642 2113 2717">
    <p class='ocr_par' dir='ltr' id='par_1_28' title="bbox 456 2642 2113 2717">
     <span class='ocr_line' id='line_1_28' title="bbox 456 2642 2113 2717; baseline -0.002 -18"><span class='ocrx_word' id='word_1_209' title='bbox 456 2646 566 2699; x_wconf 89' lang='grc' dir='ltr'>τῶν</span> <span class='ocrx_word' id='word_1_210' title='bbox 602 2646 1015 2717; x_wconf 84' lang='grc' dir='ltr'>ἁμαρτημάτων</span> <span class='ocrx_word' id='word_1_211' title='bbox 1056 2643 1283 2716; x_wconf 75' lang='grc' dir='ltr'>παρέξει</span> <span class='ocrx_word' id='word_1_212' title='bbox 1321 2647 1417 2708; x_wconf 68' lang='grc' dir='ltr'>τὰς</span> <span class='ocrx_word' id='word_1_213' title='bbox 1460 2646 1590 2715; x_wconf 77' lang='grc' dir='ltr'>παρ’</span> <span class='ocrx_word' id='word_1_214' title='bbox 1638 2642 1833 2697; x_wconf 88' lang='grc' dir='ltr'>ἐαυτοῦ</span> <span class='ocrx_word' id='word_1_215' title='bbox 1883 2643 2113 2714; x_wconf 88' lang='grc' dir='ltr'>δωρεάς.</span> 
     </span>
    </p>
   </div>
   <div class='ocr_carea' id='block_1_29' title="bbox 454 2730 2115 2804">
    <p class='ocr_par' dir='ltr' id='par_1_29' title="bbox 454 2730 2115 2804">
     <span class='ocr_line' id='line_1_29' title="bbox 454 2730 2115 2804; baseline 0.001 -20"><span class='ocrx_word' id='word_1_216' title='bbox 454 2734 591 2786; x_wconf 76' lang='grc' dir='ltr'>υὺδέ</span> <span class='ocrx_word' id='word_1_217' title='bbox 620 2735 726 2804; x_wconf 71' lang='grc' dir='ltr'>γάρ</span> <span class='ocrx_word' id='word_1_218' title='bbox 754 2736 912 2804; x_wconf 87' lang='grc' dir='ltr'>ήμεῖς</span> <span class='ocrx_word' id='word_1_219' title='bbox 940 2732 1081 2786; x_wconf 76' lang='grc' dir='ltr'>οὕτω</span> <span class='ocrx_word' id='word_1_220' title='bbox 1103 2733 1199 2802; x_wconf 84' lang='grc' dir='ltr'>τῆς</span> <span class='ocrx_word' id='word_1_221' title='bbox 1221 2731 1328 2784; x_wconf 89' lang='grc' dir='ltr'>τῶν</span> <span class='ocrx_word' id='word_1_222' title='bbox 1349 2732 1764 2803; x_wconf 84' lang='grc' dir='ltr'>ἁμαρτημάτων</span> <span class='ocrx_word' id='word_1_223' title='bbox 1794 2730 2115 2800; x_wconf 79' lang='grc' dir='ltr'>ἀπαλλαγῆς</span> 
     </span>
    </p>
   </div>
   <div class='ocr_carea' id='block_1_30' title="bbox 454 2817 2114 2890">
    <p class='ocr_par' dir='ltr' id='par_1_30' title="bbox 454 2817 2114 2890">
     <span class='ocr_line' id='line_1_30' title="bbox 454 2817 2114 2890; baseline -0.002 -17"><span class='ocrx_word' id='word_1_224' title='bbox 454 2820 849 2890; x_wconf 81' lang='grc' dir='ltr'>ἐπιθυμοῦμεν,</span> <span class='ocrx_word' id='word_1_225' title='bbox 883 2821 976 2873; x_wconf 79' lang='grc' dir='ltr'>καὶ</span> <span class='ocrx_word' id='word_1_226' title='bbox 1008 2819 1284 2890; x_wconf 79' lang='grc' dir='ltr'>σωτηρίας</span> <span class='ocrx_word' id='word_1_227' title='bbox 1312 2819 1692 2890; x_wconf 71' lang='grc' dir='ltr'>ἐφιέμεθα,ώς</span> <span class='ocrx_word' id='word_1_228' title='bbox 1711 2819 1872 2880; x_wconf 78' lang='grc' dir='ltr'>αὐτὸς</span> <span class='ocrx_word' id='word_1_229' title='bbox 1893 2817 2114 2871; x_wconf 85' lang='grc' dir='ltr'>σπεύδει</span> 
     </span>
    </p>
   </div>
   <div class='ocr_carea' id='block_1_31' title="bbox 453 2904 2112 2977">
    <p class='ocr_par' dir='ltr' id='par_1_31' title="bbox 453 2904 2112 2977">
     <span class='ocr_line' id='line_1_31' title="bbox 453 2904 2112 2977; baseline -0.002 -16"><span class='ocrx_word' id='word_1_230' title='bbox 453 2910 547 2962; x_wconf 77' lang='grc' dir='ltr'>καὶ</span> <span class='ocrx_word' id='word_1_231' title='bbox 576 2907 857 2976; x_wconf 84' lang='grc' dir='ltr'>ἐπείγεται</span> <span class='ocrx_word' id='word_1_232' title='bbox 887 2907 1158 2960; x_wconf 85' lang='grc' dir='ltr'>κάκείνων</span> <span class='ocrx_word' id='word_1_233' title='bbox 1197 2909 1328 2977; x_wconf 76' lang='grc' dir='ltr'>ἡμῖν</span> <span class='ocrx_word' id='word_1_234' title='bbox 1362 2907 1460 2977; x_wconf 82' lang='grc' dir='ltr'>τὴν</span> <span class='ocrx_word' id='word_1_235' title='bbox 1515 2905 1836 2975; x_wconf 82' lang='grc' dir='ltr'>ἀπαλλαγὴν</span> <span class='ocrx_word' id='word_1_236' title='bbox 1864 2904 2112 2976; x_wconf 87' lang='grc' dir='ltr'>δωρήσα-</span> 
     </span>
    </p>
   </div>
   <div class='ocr_carea' id='block_1_32' title="bbox 455 2990 2116 3065">
    <p class='ocr_par' dir='ltr' id='par_1_32' title="bbox 455 2990 2116 3065">
     <span class='ocr_line' id='line_1_32' title="bbox 455 2990 2116 3065; baseline -0.002 -17"><span class='ocrx_word' id='word_1_237' title='bbox 455 2995 598 3059; x_wconf 88' lang='grc' dir='ltr'>σθαι,</span> <span class='ocrx_word' id='word_1_238' title='bbox 626 2996 717 3048; x_wconf 80' lang='grc' dir='ltr'>καὶ</span> <span class='ocrx_word' id='word_1_239' title='bbox 754 2995 853 3064; x_wconf 83' lang='grc' dir='ltr'>τῆς</span> <span class='ocrx_word' id='word_1_240' title='bbox 883 2995 1159 3065; x_wconf 84' lang='grc' dir='ltr'>σωτηρίας</span> <span class='ocrx_word' id='word_1_241' title='bbox 1187 2993 1284 3065; x_wconf 84' lang='grc' dir='ltr'>τὴν</span> <span class='ocrx_word' id='word_1_242' title='bbox 1331 2992 1632 3047; x_wconf 85' lang='grc' dir='ltr'>ἀπόλαυσιν</span> <span class='ocrx_word' id='word_1_243' title='bbox 1660 2993 1980 3064; x_wconf 84' lang='grc' dir='ltr'>παρασχεῖν.</span> <span class='ocrx_word' id='word_1_244' title='bbox 2014 2990 2116 3045; x_wconf 88' lang='grc' dir='ltr'>Διά</span> 
     </span>
    </p>
   </div>
   <div class='ocr_carea' id='block_1_33' title="bbox 450 3079 2115 3154">
    <p class='ocr_par' dir='ltr' id='par_1_33' title="bbox 450 3079 2115 3154">
     <span class='ocr_line' id='line_1_33' title="bbox 450 3079 2115 3154; baseline -0.002 -19"><span class='ocrx_word' id='word_1_245' title='bbox 450 3084 631 3149; x_wconf 88' lang='grc' dir='ltr'>τοῦτο,</span> <span class='ocrx_word' id='word_1_246' title='bbox 654 3082 975 3154; x_wconf 83' lang='grc' dir='ltr'>παρακαλῶ,</span> <span class='ocrx_word' id='word_1_247' title='bbox 996 3082 1349 3153; x_wconf 85' lang='grc' dir='ltr'>διεγείρωμεν</span> <span class='ocrx_word' id='word_1_248' title='bbox 1380 3081 1589 3134; x_wconf 80' lang='grc' dir='ltr'>ἑαυτῶν</span> <span class='ocrx_word' id='word_1_249' title='bbox 1613 3079 1702 3133; x_wconf 75' lang='grc' dir='ltr'>τὸν</span> <span class='ocrx_word' id='word_1_250' title='bbox 1723 3079 2003 3149; x_wconf 84' lang='grc' dir='ltr'>λογισμὸν,</span> <span class='ocrx_word' id='word_1_251' title='bbox 2018 3079 2115 3132; x_wconf 66' lang='grc' dir='ltr'>καὶ¹</span> 
     </span>
    </p>
   </div>
   <div class='ocr_carea' id='block_1_34' title="bbox 450 3163 2113 3240">
    <p class='ocr_par' dir='ltr' id='par_1_34' title="bbox 450 3163 2113 3240">
     <span class='ocr_line' id='line_1_34' title="bbox 450 3163 2113 3240; baseline -0.003 -17"><span class='ocrx_word' id='word_1_252' title='bbox 450 3170 679 3233; x_wconf 70' lang='grc' dir='ltr'>ἕκαστος</span> <span class='ocrx_word' id='word_1_253' title='bbox 728 3168 1017 3240; x_wconf 80' lang='grc' dir='ltr'>ἐξεταστὴς</span> <span class='ocrx_word' id='word_1_254' title='bbox 1066 3168 1243 3240; x_wconf 81' lang='grc' dir='ltr'>ἐαυτῴ</span> <span class='ocrx_word' id='word_1_255' title='bbox 1290 3168 1544 3236; x_wconf 81' lang='grc' dir='ltr'>γινέσθω,</span> <span class='ocrx_word' id='word_1_256' title='bbox 1600 3166 1732 3221; x_wconf 79' lang='grc' dir='ltr'>εἴτι</span> <span class='ocrx_word' id='word_1_257' title='bbox 1774 3166 1937 3218; x_wconf 81' lang='grc' dir='ltr'>πλέον</span> <span class='ocrx_word' id='word_1_258' title='bbox 1963 3163 2113 3236; x_wconf 85' lang='grc' dir='ltr'>αὑτῷ</span> 
     </span>
    </p>
   </div>
   <div class='ocr_carea' id='block_1_35' title="bbox 452 3252 2111 3329">
    <p class='ocr_par' dir='ltr' id='par_1_35' title="bbox 452 3252 2111 3329">
     <span class='ocr_line' id='line_1_35' title="bbox 452 3252 2111 3329; baseline -0.002 -18"><span class='ocrx_word' id='word_1_259' title='bbox 452 3257 810 3329; x_wconf 85' lang='grc' dir='ltr'>κατώρθωται</span> <span class='ocrx_word' id='word_1_260' title='bbox 865 3259 921 3310; x_wconf 83' lang='grc' dir='ltr'>ἐν</span> <span class='ocrx_word' id='word_1_261' title='bbox 948 3257 1027 3329; x_wconf 82' lang='grc' dir='ltr'>τῷ</span> <span class='ocrx_word' id='word_1_262' title='bbox 1066 3257 1386 3327; x_wconf 68' lang='grc' dir='ltr'>παρελθόντι</span> <span class='ocrx_word' id='word_1_263' title='bbox 1438 3256 1638 3328; x_wconf 87' lang='grc' dir='ltr'>χρόνῳ,</span> <span class='ocrx_word' id='word_1_264' title='bbox 1691 3255 1744 3308; x_wconf 87' lang='grc' dir='ltr'>εῖ</span> <span class='ocrx_word' id='word_1_265' title='bbox 1774 3271 1897 3307; x_wconf 88' lang='grc' dir='ltr'>τινα</span> <span class='ocrx_word' id='word_1_266' title='bbox 1927 3252 2111 3323; x_wconf 78' lang='grc' dir='ltr'>ὄνησιν</span> 
     </span>
    </p>
   </div>
   <div class='ocr_carea' id='block_1_36' title="bbox 450 3342 2110 3417">
    <p class='ocr_par' dir='ltr' id='par_1_36' title="bbox 450 3342 2110 3417">
     <span class='ocr_line' id='line_1_36' title="bbox 450 3342 2110 3417; baseline -0.004 -17"><span class='ocrx_word' id='word_1_267' title='bbox 450 3347 608 3417; x_wconf 78' lang='grc' dir='ltr'>ἔσχεν</span> <span class='ocrx_word' id='word_1_268' title='bbox 636 3349 699 3399; x_wconf 87' lang='grc' dir='ltr'>ἐκ</span> <span class='ocrx_word' id='word_1_269' title='bbox 731 3347 829 3417; x_wconf 86' lang='grc' dir='ltr'>τῆς</span> <span class='ocrx_word' id='word_1_270' title='bbox 863 3345 1122 3416; x_wconf 77' lang='grc' dir='ltr'>συνεχοῦς</span> <span class='ocrx_word' id='word_1_271' title='bbox 1158 3345 1361 3416; x_wconf 86' lang='grc' dir='ltr'>ταύτης</span> <span class='ocrx_word' id='word_1_272' title='bbox 1386 3343 1754 3409; x_wconf 77' lang='grc' dir='ltr'>διδασκαλίας,</span> <span class='ocrx_word' id='word_1_273' title='bbox 1780 3342 1834 3395; x_wconf 79' lang='grc' dir='ltr'>εί</span> <span class='ocrx_word' id='word_1_274' title='bbox 1858 3360 1911 3396; x_wconf 91' lang='grc' dir='ltr'>τι</span> <span class='ocrx_word' id='word_1_275' title='bbox 1940 3343 2110 3411; x_wconf 87' lang='grc' dir='ltr'>ἐκαρ-</span> 
     </span>
    </p>
   </div>
   <div class='ocr_carea' id='block_1_37' title="bbox 451 3433 2109 3508">
    <p class='ocr_par' dir='ltr' id='par_1_37' title="bbox 451 3433 2109 3508">
     <span class='ocr_line' id='line_1_37' title="bbox 451 3433 2109 3508; baseline -0.002 -18"><span class='ocrx_word' id='word_1_276' title='bbox 451 3436 672 3490; x_wconf 87' lang='grc' dir='ltr'>πώσατο</span> <span class='ocrx_word' id='word_1_277' title='bbox 700 3438 780 3500; x_wconf 85' lang='grc' dir='ltr'>είς</span> <span class='ocrx_word' id='word_1_278' title='bbox 811 3435 909 3507; x_wconf 83' lang='grc' dir='ltr'>τὴν</span> <span class='ocrx_word' id='word_1_279' title='bbox 935 3436 1029 3490; x_wconf 92' lang='grc' dir='ltr'>τοῦ</span> <span class='ocrx_word' id='word_1_280' title='bbox 1080 3437 1307 3508; x_wconf 88' lang='grc' dir='ltr'>πλησίον</span> <span class='ocrx_word' id='word_1_281' title='bbox 1349 3436 1703 3498; x_wconf 85' lang='grc' dir='ltr'>κατάστασιν,</span> <span class='ocrx_word' id='word_1_282' title='bbox 1756 3434 1809 3487; x_wconf 74' lang='lat' dir='ltr'>el</span> <span class='ocrx_word' id='word_1_283' title='bbox 1853 3451 1975 3487; x_wconf 89' lang='grc' dir='ltr'>τινα</span> <span class='ocrx_word' id='word_1_284' title='bbox 2002 3433 2109 3487; x_wconf 87' lang='grc' dir='ltr'>τῶν</span> 
     </span>
    </p>
   </div>
   <div class='ocr_carea' id='block_1_38' title="bbox 449 3520 2111 3595">
    <p class='ocr_par' dir='ltr' id='par_1_38' title="bbox 449 3520 2111 3595">
     <span class='ocr_line' id='line_1_38' title="bbox 449 3520 2111 3595; baseline -0.002 -19"><span class='ocrx_word' id='word_1_285' title='bbox 449 3523 843 3594; x_wconf 82' lang='grc' dir='ltr'>ἐλαττωμάτων</span> <span class='ocrx_word' id='word_1_286' title='bbox 881 3522 1158 3595; x_wconf 88' lang='grc' dir='ltr'>διώρθωσε</span> <span class='ocrx_word' id='word_1_287' title='bbox 1184 3522 1291 3575; x_wconf 87' lang='grc' dir='ltr'>τῶν</span> <span class='ocrx_word' id='word_1_288' title='bbox 1316 3522 1534 3584; x_wconf 88' lang='grc' dir='ltr'>ἐαυτοῦ,</span> <span class='ocrx_word' id='word_1_289' title='bbox 1566 3522 1619 3576; x_wconf 81' lang='grc' dir='ltr'>εί</span> <span class='ocrx_word' id='word_1_290' title='bbox 1642 3540 1763 3576; x_wconf 91' lang='grc' dir='ltr'>τινα</span> <span class='ocrx_word' id='word_1_291' title='bbox 1799 3522 1936 3593; x_wconf 83' lang='grc' dir='ltr'>πρὸς</span> <span class='ocrx_word' id='word_1_292' title='bbox 1963 3520 2111 3590; x_wconf 70' lang='grc' dir='ltr'>τριλο-</span> 
     </span>
    </p>
   </div>
   <div class='ocr_carea' id='block_1_39' title="bbox 451 3608 2107 3683">
    <p class='ocr_par' dir='ltr' id='par_1_39' title="bbox 451 3608 2107 3683">
     <span class='ocr_line' id='line_1_39' title="bbox 451 3608 2107 3683; baseline -0.003 -19"><span class='ocrx_word' id='word_1_293' title='bbox 451 3611 643 3681; x_wconf 83' lang='grc' dir='ltr'>σοφίαν</span> <span class='ocrx_word' id='word_1_294' title='bbox 681 3609 997 3683; x_wconf 81' lang='grc' dir='ltr'>προτροπὴν</span> <span class='ocrx_word' id='word_1_295' title='bbox 1028 3609 1246 3674; x_wconf 78' lang='grc' dir='ltr'>ἐδέξατο</span> <span class='ocrx_word' id='word_1_296' title='bbox 1294 3612 1358 3663; x_wconf 86' lang='grc' dir='ltr'>ἐκ</span> <span class='ocrx_word' id='word_1_297' title='bbox 1387 3612 1486 3680; x_wconf 86' lang='grc' dir='ltr'>τῆς</span> <span class='ocrx_word' id='word_1_298' title='bbox 1527 3608 1902 3680; x_wconf 76' lang='grc' dir='ltr'>καθημερινῆς</span> <span class='ocrx_word' id='word_1_299' title='bbox 1951 3608 2107 3678; x_wconf 82' lang='grc' dir='ltr'>ήμῶν</span> 
     </span>
    </p>
   </div>
   <div class='ocr_carea' id='block_1_40' title="bbox 448 3696 2110 3772">
    <p class='ocr_par' dir='ltr' id='par_1_40' title="bbox 448 3696 2110 3772">
     <span class='ocr_line' id='line_1_40' title="bbox 448 3696 2110 3772; baseline -0.003 -19"><span class='ocrx_word' id='word_1_300' title='bbox 448 3700 820 3772; x_wconf 82' lang='grc' dir='ltr'>παραινέσεως</span> <span class='ocrx_word' id='word_1_301' title='bbox 839 3716 852 3730; x_wconf 92' lang='grc'><strong>·</strong></span> <span class='ocrx_word' id='word_1_302' title='bbox 884 3699 978 3751; x_wconf 77' lang='grc' dir='ltr'>καὶ</span> <span class='ocrx_word' id='word_1_303' title='bbox 1026 3699 1139 3761; x_wconf 82' lang='grc' dir='ltr'>τοῖς</span> <span class='ocrx_word' id='word_1_304' title='bbox 1170 3698 1267 3768; x_wconf 80' lang='grc' dir='ltr'>μὲν</span> <span class='ocrx_word' id='word_1_305' title='bbox 1320 3697 1421 3768; x_wconf 77' lang='grc' dir='ltr'>ήδη</span> <span class='ocrx_word' id='word_1_306' title='bbox 1449 3696 1902 3767; x_wconf 77' lang='grc' dir='ltr'>κατωρθωμένοις</span> <span class='ocrx_word' id='word_1_307' title='bbox 1938 3712 2110 3765; x_wconf 88' lang='grc' dir='ltr'>προσ-</span> 
     </span>
    </p>
   </div>
   <div class='ocr_carea' id='block_1_41' title="bbox 447 3783 2110 3857">
    <p class='ocr_par' dir='ltr' id='par_1_41' title="bbox 447 3783 2110 3857">
     <span class='ocr_line' id='line_1_41' title="bbox 447 3783 2110 3857; baseline -0.004 -18"><span class='ocrx_word' id='word_1_308' title='bbox 447 3786 621 3857; x_wconf 78' lang='grc' dir='ltr'>θήκην</span> <span class='ocrx_word' id='word_1_309' title='bbox 672 3785 976 3849; x_wconf 81' lang='grc' dir='ltr'>ἐπινοείτω,</span> <span class='ocrx_word' id='word_1_310' title='bbox 1025 3787 1120 3838; x_wconf 75' lang='grc' dir='ltr'>καὶ</span> <span class='ocrx_word' id='word_1_311' title='bbox 1168 3784 1436 3854; x_wconf 75' lang='grc' dir='ltr'>μηδέποτε</span> <span class='ocrx_word' id='word_1_312' title='bbox 1487 3783 1741 3836; x_wconf 78' lang='grc' dir='ltr'>παυέσθω</span> <span class='ocrx_word' id='word_1_313' title='bbox 1792 3783 1892 3851; x_wconf 87' lang='grc' dir='ltr'>τῆς</span> <span class='ocrx_word' id='word_1_314' title='bbox 1938 3783 2110 3849; x_wconf 86' lang='grc' dir='ltr'>καλῆς</span> 
     </span>
    </p>
   </div>
   <div class='ocr_carea' id='block_1_42' title="bbox 447 3869 2109 3943">
    <p class='ocr_par' dir='ltr' id='par_1_42' title="bbox 447 3869 2109 3943">
     <span class='ocr_line' id='line_1_42' title="bbox 447 3869 2109 3943; baseline -0.002 -18"><span class='ocrx_word' id='word_1_315' title='bbox 447 3872 652 3941; x_wconf 87' lang='grc' dir='ltr'>ταύτης</span> <span class='ocrx_word' id='word_1_316' title='bbox 676 3872 959 3943; x_wconf 89' lang='grc' dir='ltr'>ἐργασίας.</span> <span class='ocrx_word' id='word_1_317' title='bbox 988 3872 1051 3925; x_wconf 71' lang='lat' dir='ltr'>El</span> <span class='ocrx_word' id='word_1_318' title='bbox 1082 3871 1137 3923; x_wconf 90' lang='grc' dir='ltr'>δέ</span> <span class='ocrx_word' id='word_1_319' title='bbox 1159 3889 1241 3935; x_wconf 90' lang='grc' dir='ltr'>τις</span> <span class='ocrx_word' id='word_1_320' title='bbox 1269 3870 1374 3924; x_wconf 84' lang='grc' dir='ltr'>ὑπὸ</span> <span class='ocrx_word' id='word_1_321' title='bbox 1394 3871 1491 3939; x_wconf 85' lang='grc' dir='ltr'>τῆς</span> <span class='ocrx_word' id='word_1_322' title='bbox 1520 3869 1809 3939; x_wconf 88' lang='grc' dir='ltr'>συνηθείας</span> <span class='ocrx_word' id='word_1_323' title='bbox 1836 3870 1935 3938; x_wconf 86' lang='grc' dir='ltr'>τῆς</span> <span class='ocrx_word' id='word_1_324' title='bbox 1981 3871 2109 3941; x_wconf 85' lang='grc' dir='ltr'>περί</span> 
     </span>
    </p>
   </div>
   <div class='ocr_carea' id='block_1_43' title="bbox 448 3955 2105 4029">
    <p class='ocr_par' dir='ltr' id='par_1_43' title="bbox 448 3955 2105 4029">
     <span class='ocr_line' id='line_1_43' title="bbox 448 3955 2105 4029; baseline -0.001 -17"><span class='ocrx_word' id='word_1_325' title='bbox 448 3958 609 4013; x_wconf 75' lang='grc' dir='ltr'>αὑτὸν</span> <span class='ocrx_word' id='word_1_326' title='bbox 637 3959 1044 4029; x_wconf 85' lang='grc' dir='ltr'>κεκρατημένος</span> <span class='ocrx_word' id='word_1_327' title='bbox 1065 3960 1167 4029; x_wconf 76' lang='grc' dir='ltr'>ὁρᾷ</span> <span class='ocrx_word' id='word_1_328' title='bbox 1195 3957 1387 4011; x_wconf 78' lang='grc' dir='ltr'>ἐαυτὸν</span> <span class='ocrx_word' id='word_1_329' title='bbox 1413 3958 1523 4021; x_wconf 87' lang='grc' dir='ltr'>τοῖς</span> <span class='ocrx_word' id='word_1_330' title='bbox 1549 3958 1731 4020; x_wconf 85' lang='grc' dir='ltr'>αὐτοῖς</span> <span class='ocrx_word' id='word_1_331' title='bbox 1760 3955 2105 4026; x_wconf 87' lang='grc' dir='ltr'>ἐπιμένοντα,</span> 
     </span>
    </p>
   </div>
   <div class='ocr_carea' id='block_1_44' title="bbox 449 4044 2108 4116">
    <p class='ocr_par' dir='ltr' id='par_1_44' title="bbox 449 4044 2108 4116">
     <span class='ocr_line' id='line_1_44' title="bbox 449 4044 2108 4116; baseline -0.002 -18"><span class='ocrx_word' id='word_1_332' title='bbox 449 4044 724 4115; x_wconf 87' lang='grc' dir='ltr'>βιασάσθω</span> <span class='ocrx_word' id='word_1_333' title='bbox 785 4046 981 4099; x_wconf 82' lang='grc' dir='ltr'>ἑαυτοῦ</span> <span class='ocrx_word' id='word_1_334' title='bbox 1028 4046 1118 4098; x_wconf 68' lang='grc' dir='ltr'>τὸν</span> <span class='ocrx_word' id='word_1_335' title='bbox 1162 4045 1443 4116; x_wconf 81' lang='grc' dir='ltr'>λογισμὸν,</span> <span class='ocrx_word' id='word_1_336' title='bbox 1485 4044 1641 4116; x_wconf 90' lang='grc' dir='ltr'>δίκην</span> <span class='ocrx_word' id='word_1_337' title='bbox 1664 4044 1977 4115; x_wconf 87' lang='grc' dir='ltr'>ἀπαιτήσας</span> <span class='ocrx_word' id='word_1_338' title='bbox 2008 4044 2108 4115; x_wconf 83' lang='grc' dir='ltr'>τῆς</span> 
     </span>
    </p>
   </div>
   <div class='ocr_carea' id='block_1_45' title="bbox 445 4130 2109 4204">
    <p class='ocr_par' dir='ltr' id='par_1_45' title="bbox 445 4130 2109 4204">
     <span class='ocr_line' id='line_1_45' title="bbox 445 4130 2109 4204; baseline -0.001 -18"><span class='ocrx_word' id='word_1_339' title='bbox 445 4133 714 4203; x_wconf 87' lang='grc' dir='ltr'>τοσαύτης</span> <span class='ocrx_word' id='word_1_340' title='bbox 770 4134 1077 4204; x_wconf 72' lang='grc' dir='ltr'>ῥᾳθυμίας,</span> <span class='ocrx_word' id='word_1_341' title='bbox 1134 4133 1228 4186; x_wconf 76' lang='grc' dir='ltr'>καὶ</span> <span class='ocrx_word' id='word_1_342' title='bbox 1277 4134 1351 4202; x_wconf 87' lang='grc' dir='ltr'>μὴ</span> <span class='ocrx_word' id='word_1_343' title='bbox 1406 4133 1694 4203; x_wconf 86' lang='grc' dir='ltr'>ἀνάσχοιτο</span> <span class='ocrx_word' id='word_1_344' title='bbox 1739 4132 1767 4172; x_wconf 63' lang='grc' dir='ltr'>δ</span> <span class='ocrx_word' id='word_1_345' title='bbox 1804 4130 2109 4203; x_wconf 74' lang='grc' dir='ltr'>περαιτέρω</span> 
     </span>
    </p>
   </div>
   <div class='ocr_carea' id='block_1_46' title="bbox 447 4221 2108 4294">
    <p class='ocr_par' dir='ltr' id='par_1_46' title="bbox 447 4221 2108 4294">
     <span class='ocr_line' id='line_1_46' title="bbox 447 4221 2108 4294; baseline -0.002 -18"><span class='ocrx_word' id='word_1_346' title='bbox 447 4222 753 4294; x_wconf 84' lang='grc' dir='ltr'>προελθεῖν,</span> <span class='ocrx_word' id='word_1_347' title='bbox 807 4222 944 4275; x_wconf 87' lang='grc' dir='ltr'>ἀλλά</span> <span class='ocrx_word' id='word_1_348' title='bbox 996 4222 1157 4293; x_wconf 87' lang='grc' dir='ltr'>μέχρι</span> <span class='ocrx_word' id='word_1_349' title='bbox 1188 4221 1377 4274; x_wconf 91' lang='grc' dir='ltr'>τούτου</span> <span class='ocrx_word' id='word_1_350' title='bbox 1407 4222 1611 4291; x_wconf 89' lang='grc' dir='ltr'>στήσας</span> <span class='ocrx_word' id='word_1_351' title='bbox 1638 4221 1706 4275; x_wconf 90' lang='grc' dir='ltr'>τά</span> <span class='ocrx_word' id='word_1_352' title='bbox 1735 4223 1833 4291; x_wconf 79' lang='grc' dir='ltr'>τῆς</span> <span class='ocrx_word' id='word_1_353' title='bbox 1860 4221 2108 4291; x_wconf 83' lang='grc' dir='ltr'>πονηρᾶς</span> 
     </span>
    </p>
   </div>
   <div class='ocr_carea' id='block_1_47' title="bbox 450 4307 2107 4379">
    <p class='ocr_par' dir='ltr' id='par_1_47' title="bbox 450 4307 2107 4379">
     <span class='ocr_line' id='line_1_47' title="bbox 450 4307 2107 4379; baseline -0.001 -18"><span class='ocrx_word' id='word_1_354' title='bbox 450 4309 738 4379; x_wconf 85' lang='grc' dir='ltr'>συνηθείας</span> <span class='ocrx_word' id='word_1_355' title='bbox 764 4346 779 4369; x_wconf 93' lang='grc'>,</span> <span class='ocrx_word' id='word_1_356' title='bbox 829 4309 1144 4362; x_wconf 78' lang='grc' dir='ltr'>ἐκκοπτέτω</span> <span class='ocrx_word' id='word_1_357' title='bbox 1174 4307 1271 4377; x_wconf 83' lang='grc' dir='ltr'>τὴν</span> <span class='ocrx_word' id='word_1_358' title='bbox 1307 4307 1504 4378; x_wconf 84' lang='grc' dir='ltr'>ὁρμὴν,</span> <span class='ocrx_word' id='word_1_359' title='bbox 1561 4307 1962 4377; x_wconf 78' lang='grc' dir='ltr'>ἀναχαιτιζέτω</span> <span class='ocrx_word' id='word_1_360' title='bbox 2016 4308 2107 4361; x_wconf 84' lang='grc' dir='ltr'>τὸν</span> 
     </span>
    </p>
   </div>
   <div class='ocr_carea' id='block_1_48' title="bbox 446 4393 2109 4467">
    <p class='ocr_par' dir='ltr' id='par_1_48' title="bbox 446 4393 2109 4467">
     <span class='ocr_line' id='line_1_48' title="bbox 446 4393 2109 4467; baseline 0 -21"><span class='ocrx_word' id='word_1_361' title='bbox 446 4394 722 4463; x_wconf 81' lang='grc' dir='ltr'>λογισμὸν,</span> <span class='ocrx_word' id='word_1_362' title='bbox 748 4394 827 4456; x_wconf 87' lang='grc' dir='ltr'>είς</span> <span class='ocrx_word' id='word_1_363' title='bbox 845 4393 1051 4446; x_wconf 83' lang='grc' dir='ltr'>έννοιαν</span> <span class='ocrx_word' id='word_1_364' title='bbox 1078 4395 1268 4448; x_wconf 75' lang='grc' dir='ltr'>ἐαυτὸν</span> <span class='ocrx_word' id='word_1_365' title='bbox 1292 4395 1470 4462; x_wconf 85' lang='grc' dir='ltr'>ἀγέτω</span> <span class='ocrx_word' id='word_1_366' title='bbox 1491 4393 1592 4464; x_wconf 87' lang='grc' dir='ltr'>τῆς</span> <span class='ocrx_word' id='word_1_367' title='bbox 1624 4394 1860 4467; x_wconf 78' lang='grc' dir='ltr'>φοϐερᾶς</span> <span class='ocrx_word' id='word_1_368' title='bbox 1893 4395 2109 4465; x_wconf 84' lang='grc' dir='ltr'>ἐκείνης</span> 
     </span>
    </p>
   </div>
   <div class='ocr_carea' id='block_1_49' title="bbox 446 4476 2108 4551">
    <p class='ocr_par' dir='ltr' id='par_1_49' title="bbox 446 4476 2108 4551">
     <span class='ocr_line' id='line_1_49' title="bbox 446 4476 2108 4551; baseline 0 -20"><span class='ocrx_word' id='word_1_369' title='bbox 446 4478 678 4549; x_wconf 78' lang='grc' dir='ltr'>ἡμέρας.</span> <span class='ocrx_word' id='word_1_370' title='bbox 711 4476 1112 4545; x_wconf 77' lang='grc' dir='ltr'>ἀναλογιζέσθω</span> <span class='ocrx_word' id='word_1_371' title='bbox 1159 4478 1261 4549; x_wconf 86' lang='grc' dir='ltr'>τῆς</span> <span class='ocrx_word' id='word_1_372' title='bbox 1309 4482 1542 4551; x_wconf 83' lang='grc' dir='ltr'>φρικτῆς</span> <span class='ocrx_word' id='word_1_373' title='bbox 1595 4481 1799 4551; x_wconf 89' lang='grc' dir='ltr'>ταύτης</span> <span class='ocrx_word' id='word_1_374' title='bbox 1831 4479 2108 4550; x_wconf 78' lang='grc' dir='ltr'>τραπέζης</span> 
     </span>
    </p>
   </div>
   <div class='ocr_carea' id='block_1_50' title="bbox 444 4566 2108 4638">
    <p class='ocr_par' dir='ltr' id='par_1_50' title="bbox 444 4566 2108 4638">
     <span class='ocr_line' id='line_1_50' title="bbox 444 4566 2108 4638; baseline 0.001 -20"><span class='ocrx_word' id='word_1_375' title='bbox 444 4566 544 4636; x_wconf 79' lang='grc' dir='ltr'>τὴν</span> <span class='ocrx_word' id='word_1_376' title='bbox 568 4566 883 4630; x_wconf 83' lang='grc' dir='ltr'>ἀπόλαυσιν,</span> <span class='ocrx_word' id='word_1_377' title='bbox 917 4568 1009 4620; x_wconf 74' lang='grc' dir='ltr'>καὶ</span> <span class='ocrx_word' id='word_1_378' title='bbox 1034 4566 1126 4620; x_wconf 90' lang='grc' dir='ltr'>τοῦ</span> <span class='ocrx_word' id='word_1_379' title='bbox 1148 4567 1395 4622; x_wconf 84' lang='grc' dir='ltr'>ἐντεῦθεν</span> <span class='ocrx_word' id='word_1_380' title='bbox 1431 4569 1777 4638; x_wconf 86' lang='grc' dir='ltr'>ἐκπηδῶντος</span> <span class='ocrx_word' id='word_1_381' title='bbox 1813 4566 1983 4638; x_wconf 83' lang='grc' dir='ltr'>πυρὸς</span> <span class='ocrx_word' id='word_1_382' title='bbox 2006 4566 2108 4638; x_wconf 81' lang='grc' dir='ltr'>τὴν</span> 
     </span>
    </p>
   </div>
   <div class='ocr_carea' id='block_1_51' title="bbox 446 4653 2108 4726">
    <p class='ocr_par' dir='ltr' id='par_1_51' title="bbox 446 4653 2108 4726">
     <span class='ocr_line' id='line_1_51' title="bbox 446 4653 2108 4726; baseline 0.001 -19"><span class='ocrx_word' id='word_1_383' title='bbox 446 4653 800 4726; x_wconf 81' lang='grc' dir='ltr'>φαιδρότητα,</span> <span class='ocrx_word' id='word_1_384' title='bbox 831 4655 926 4709; x_wconf 71' lang='grc' dir='ltr'>καὶ</span> <span class='ocrx_word' id='word_1_385' title='bbox 948 4655 1043 4726; x_wconf 84' lang='grc' dir='ltr'>τὴν</span> <span class='ocrx_word' id='word_1_386' title='bbox 1076 4657 1374 4726; x_wconf 80' lang='grc' dir='ltr'>καυστικὴν</span> <span class='ocrx_word' id='word_1_387' title='bbox 1404 4655 1651 4725; x_wconf 86' lang='grc' dir='ltr'>δύναμιν,</span> <span class='ocrx_word' id='word_1_388' title='bbox 1675 4654 1768 4707; x_wconf 79' lang='grc' dir='ltr'>καὶ</span> <span class='ocrx_word' id='word_1_389' title='bbox 1797 4655 1916 4707; x_wconf 85' lang='grc' dir='ltr'>οἵαν</span> <span class='ocrx_word' id='word_1_390' title='bbox 1940 4656 2108 4708; x_wconf 85' lang='grc' dir='ltr'>ἀπαι-</span> 
     </span>
    </p>
   </div>
   <div class='ocr_carea' id='block_1_52' title="bbox 444 4738 2104 4813">
    <p class='ocr_par' dir='ltr' id='par_1_52' title="bbox 444 4738 2104 4813">
     <span class='ocr_line' id='line_1_52' title="bbox 444 4738 2104 4813; baseline -0.001 -19"><span class='ocrx_word' id='word_1_391' title='bbox 444 4743 526 4795; x_wconf 86' lang='grc' dir='ltr'>τεῖ</span> <span class='ocrx_word' id='word_1_392' title='bbox 567 4741 662 4795; x_wconf 87' lang='grc' dir='ltr'>τοῦ</span> <span class='ocrx_word' id='word_1_393' title='bbox 710 4741 1023 4813; x_wconf 83' lang='grc' dir='ltr'>προσιόντος</span> <span class='ocrx_word' id='word_1_394' title='bbox 1053 4738 1189 4795; x_wconf 81' lang='grc' dir='ltr'>εἶναι</span> <span class='ocrx_word' id='word_1_395' title='bbox 1241 4742 1338 4812; x_wconf 78' lang='grc' dir='ltr'>τὴν</span> <span class='ocrx_word' id='word_1_396' title='bbox 1365 4742 1624 4803; x_wconf 86' lang='grc' dir='ltr'>διάνοιαν,</span> <span class='ocrx_word' id='word_1_397' title='bbox 1679 4741 1875 4804; x_wconf 71' lang='grc' dir='ltr'>παντὸς</span> <span class='ocrx_word' id='word_1_398' title='bbox 1909 4740 2104 4809; x_wconf 81' lang='grc' dir='ltr'>ῥύπου,</span> 
     </span>
    </p>
   </div>
   <div class='ocr_carea' id='block_1_53' title="bbox 446 4827 2107 4901">
    <p class='ocr_par' dir='ltr' id='par_1_53' title="bbox 446 4827 2107 4901">
     <span class='ocr_line' id='line_1_53' title="bbox 446 4827 2107 4901; baseline -0.001 -18"><span class='ocrx_word' id='word_1_399' title='bbox 446 4830 625 4900; x_wconf 78' lang='grc' dir='ltr'>πάσης</span> <span class='ocrx_word' id='word_1_400' title='bbox 650 4829 859 4901; x_wconf 86' lang='grc' dir='ltr'>κηλῖδος</span> <span class='ocrx_word' id='word_1_401' title='bbox 892 4828 1323 4901; x_wconf 90' lang='grc' dir='ltr'>καθαρεύουσαν,</span> <span class='ocrx_word' id='word_1_402' title='bbox 1342 4830 1434 4882; x_wconf 84' lang='grc' dir='ltr'>καί</span> <span class='ocrx_word' id='word_1_403' title='bbox 1456 4827 1564 4880; x_wconf 89' lang='grc' dir='ltr'>τῶν</span> <span class='ocrx_word' id='word_1_404' title='bbox 1588 4827 1804 4880; x_wconf 82' lang='grc' dir='ltr'>ἀτόπων</span> <span class='ocrx_word' id='word_1_405' title='bbox 1832 4827 2107 4897; x_wconf 89' lang='grc' dir='ltr'>λογισμῶν</span> 
     </span>
    </p>
   </div>
   <div class='ocr_carea' id='block_1_54' title="bbox 442 4915 2108 4988">
    <p class='ocr_par' dir='ltr' id='par_1_54' title="bbox 442 4915 2108 4988">
     <span class='ocr_line' id='line_1_54' title="bbox 442 4915 2108 4988; baseline -0.002 -18"><span class='ocrx_word' id='word_1_406' title='bbox 442 4915 543 4987; x_wconf 84' lang='grc' dir='ltr'>τὴν</span> <span class='ocrx_word' id='word_1_407' title='bbox 576 4917 858 4970; x_wconf 89' lang='grc' dir='ltr'>συνουσίαν</span> <span class='ocrx_word' id='word_1_408' title='bbox 887 4917 1317 4988; x_wconf 87' lang='grc' dir='ltr'>ἐκτρεπομένην,</span> <span class='ocrx_word' id='word_1_409' title='bbox 1350 4916 1415 4969; x_wconf 84' lang='grc' dir='ltr'>ἵν’</span> <span class='ocrx_word' id='word_1_410' title='bbox 1442 4915 1614 4979; x_wconf 87' lang='grc' dir='ltr'>οὑτως</span> <span class='ocrx_word' id='word_1_411' title='bbox 1663 4916 1889 4977; x_wconf 80' lang='grc' dir='ltr'>ἑαυτοὺς</span> <span class='ocrx_word' id='word_1_412' title='bbox 1919 4916 2108 4984; x_wconf 88' lang='grc' dir='ltr'>εὑτρε-</span> 
     </span>
    </p>
   </div>
   <div class='ocr_carea' id='block_1_55' title="bbox 444 5001 2108 5074">
    <p class='ocr_par' dir='ltr' id='par_1_55' title="bbox 444 5001 2108 5074">
     <span class='ocr_line' id='line_1_55' title="bbox 444 5001 2108 5074; baseline -0.002 -16"><span class='ocrx_word' id='word_1_413' title='bbox 444 5004 702 5068; x_wconf 87' lang='grc' dir='ltr'>πίσαντες</span> <span class='ocrx_word' id='word_1_414' title='bbox 730 5007 849 5068; x_wconf 84' lang='grc' dir='ltr'>ταῖς</span> <span class='ocrx_word' id='word_1_415' title='bbox 881 5004 1083 5069; x_wconf 81' lang='grc' dir='ltr'>μεταξὺ</span> <span class='ocrx_word' id='word_1_416' title='bbox 1114 5003 1336 5067; x_wconf 84' lang='grc' dir='ltr'>ταύταις</span> <span class='ocrx_word' id='word_1_417' title='bbox 1360 5003 1592 5074; x_wconf 81' lang='grc' dir='ltr'>ἡμέραις</span> <span class='ocrx_word' id='word_1_418' title='bbox 1607 5001 1949 5074; x_wconf 90' lang='grc' dir='ltr'>δυνηθῶμεν,</span> <span class='ocrx_word' id='word_1_419' title='bbox 1983 5004 2108 5054; x_wconf 82' lang='grc' dir='ltr'>καθ’</span> 
     </span>
    </p>
   </div>
   <div class='ocr_carea' id='block_1_56' title="bbox 443 5088 2105 5162">
    <p class='ocr_par' dir='ltr' id='par_1_56' title="bbox 443 5088 2105 5162">
     <span class='ocr_line' id='line_1_56' title="bbox 443 5088 2105 5162; baseline -0.001 -18"><span class='ocrx_word' id='word_1_420' title='bbox 443 5092 565 5145; x_wconf 84' lang='grc' dir='ltr'>ὅσον</span> <span class='ocrx_word' id='word_1_421' title='bbox 591 5088 701 5145; x_wconf 76' lang='grc' dir='ltr'>οἷόν</span> <span class='ocrx_word' id='word_1_422' title='bbox 734 5110 793 5145; x_wconf 88' lang='grc' dir='ltr'>τε</span> <span class='ocrx_word' id='word_1_423' title='bbox 827 5092 1231 5162; x_wconf 87' lang='grc' dir='ltr'>ἐκκαθάραντες</span> <span class='ocrx_word' id='word_1_424' title='bbox 1275 5092 1518 5154; x_wconf 75' lang='grc' dir='ltr'>ἑαυτοὺς,</span> <span class='ocrx_word' id='word_1_425' title='bbox 1570 5092 1662 5143; x_wconf 69' lang='grc' dir='ltr'>καὶ</span> <span class='ocrx_word' id='word_1_426' title='bbox 1706 5089 1806 5159; x_wconf 87' lang='grc' dir='ltr'>τῆς</span> <span class='ocrx_word' id='word_1_427' title='bbox 1856 5090 2105 5144; x_wconf 88' lang='grc' dir='ltr'>ἐντεῦθεν</span> 
     </span>
    </p>
   </div>
   <div class='ocr_carea' id='block_1_57' title="bbox 444 5176 2104 5249">
    <p class='ocr_par' dir='ltr' id='par_1_57' title="bbox 444 5176 2104 5249">
     <span class='ocr_line' id='line_1_57' title="bbox 444 5176 2104 5249; baseline 0 -19"><span class='ocrx_word' id='word_1_428' title='bbox 444 5177 792 5241; x_wconf 85' lang='grc' dir='ltr'>ἀπολαύσεως</span> <span class='ocrx_word' id='word_1_429' title='bbox 846 5180 1155 5247; x_wconf 84' lang='grc' dir='ltr'>μετασχεῖν,</span> <span class='ocrx_word' id='word_1_430' title='bbox 1209 5177 1303 5230; x_wconf 68' lang='grc' dir='ltr'>καί¹</span> <span class='ocrx_word' id='word_1_431' title='bbox 1347 5176 1455 5229; x_wconf 87' lang='grc' dir='ltr'>τῶν</span> <span class='ocrx_word' id='word_1_432' title='bbox 1504 5178 1832 5249; x_wconf 73' lang='grc' dir='ltr'>ἀπορρήτων</span> <span class='ocrx_word' id='word_1_433' title='bbox 1877 5177 2104 5230; x_wconf 82' lang='grc' dir='ltr'>ἐκείνων</span> 
     </span>
    </p>
   </div>
   <div class='ocr_carea' id='block_1_58' title="bbox 443 5257 2105 5333">
    <p class='ocr_par' dir='ltr' id='par_1_58' title="bbox 443 5257 2105 5333">
     <span class='ocr_line' id='line_1_58' title="bbox 443 5257 2105 5333; baseline 0.002 -18"><span class='ocrx_word' id='word_1_434' title='bbox 443 5263 663 5331; x_wconf 84' lang='grc' dir='ltr'>ἀγαθῶν</span> <span class='ocrx_word' id='word_1_435' title='bbox 687 5263 1006 5333; x_wconf 78' lang='grc' dir='ltr'>ἀξιωθῆναι,</span> <span class='ocrx_word' id='word_1_436' title='bbox 1036 5257 1110 5316; x_wconf 84' lang='grc' dir='ltr'>ὧν</span> <span class='ocrx_word' id='word_1_437' title='bbox 1141 5264 1504 5333; x_wconf 85' lang='grc' dir='ltr'>ἐπηγγείλατο</span> <span class='ocrx_word' id='word_1_438' title='bbox 1529 5267 1642 5326; x_wconf 89' lang='grc' dir='ltr'>τοῖς</span> <span class='ocrx_word' id='word_1_439' title='bbox 1687 5265 1978 5329; x_wconf 86' lang='grc' dir='ltr'>ἀγαπῶσιν</span> <span class='ocrx_word' id='word_1_440' title='bbox 2006 5283 2105 5319; x_wconf 85' lang='grc' dir='ltr'>αυ-</span> 
     </span>
    </p>
   </div>
   <div class='ocr_carea' id='block_1_59' title="bbox 442 5349 2097 5422">
    <p class='ocr_par' dir='ltr' id='par_1_59' title="bbox 442 5349 2097 5422">
     <span class='ocr_line' id='line_1_59' title="bbox 442 5349 2097 5422; baseline 0.004 -21"><span class='ocrx_word' id='word_1_441' title='bbox 442 5352 554 5414; x_wconf 76' lang='grc' dir='ltr'>τὸν,</span> <span class='ocrx_word' id='word_1_442' title='bbox 591 5351 772 5422; x_wconf 84' lang='grc' dir='ltr'>χάριτι</span> <span class='ocrx_word' id='word_1_443' title='bbox 803 5350 897 5404; x_wconf 77' lang='grc' dir='ltr'>καὶ</span> <span class='ocrx_word' id='word_1_444' title='bbox 925 5350 1307 5421; x_wconf 70' lang='grc' dir='ltr'>φιλανθρωπία</span> <span class='ocrx_word' id='word_1_445' title='bbox 1338 5350 1429 5402; x_wconf 84' lang='grc' dir='ltr'>τοῦ</span> <span class='ocrx_word' id='word_1_446' title='bbox 1473 5349 1675 5419; x_wconf 85' lang='grc' dir='ltr'>Κύριου</span> <span class='ocrx_word' id='word_1_447' title='bbox 1727 5350 1885 5418; x_wconf 89' lang='grc' dir='ltr'>ήμῶν</span> <span class='ocrx_word' id='word_1_448' title='bbox 1928 5351 2097 5421; x_wconf 74' lang='grc' dir='ltr'>Ἰησοιῖ</span> 
     </span>
    </p>
   </div>
   <div class='ocr_carea' id='block_1_60' title="bbox 444 5433 2103 5509">
    <p class='ocr_par' dir='ltr' id='par_1_60' title="bbox 444 5433 2103 5509">
     <span class='ocr_line' id='line_1_60' title="bbox 444 5433 2103 5509; baseline -0.001 -16"><span class='ocrx_word' id='word_1_449' title='bbox 444 5438 717 5508; x_wconf 74' lang='grc' dir='ltr'>Χριστοῦ,</span> <span class='ocrx_word' id='word_1_450' title='bbox 753 5438 871 5509; x_wconf 80' lang='grc' dir='ltr'>μεθ’</span> <span class='ocrx_word' id='word_1_451' title='bbox 919 5433 987 5494; x_wconf 79' lang='grc' dir='ltr'>οὗ</span> <span class='ocrx_word' id='word_1_452' title='bbox 1023 5437 1101 5509; x_wconf 84' lang='grc' dir='ltr'>τῷ</span> <span class='ocrx_word' id='word_1_453' title='bbox 1145 5438 1318 5508; x_wconf 78' lang='grc' dir='ltr'>Πατρί</span> <span class='ocrx_word' id='word_1_454' title='bbox 1361 5437 1479 5506; x_wconf 81' lang='grc' dir='ltr'>ἁμα</span> <span class='ocrx_word' id='word_1_455' title='bbox 1524 5436 1600 5507; x_wconf 79' lang='grc' dir='ltr'>τῷ</span> <span class='ocrx_word' id='word_1_456' title='bbox 1640 5436 1781 5508; x_wconf 85' lang='grc' dir='ltr'>ἁγίῳ</span> <span class='ocrx_word' id='word_1_457' title='bbox 1825 5436 2103 5508; x_wconf 83' lang='grc' dir='ltr'>Πνεύματι</span> 
     </span>
    </p>
   </div>
   <div class='ocr_carea' id='block_1_61' title="bbox 501 5558 2100 5625">
    <p class='ocr_par' dir='ltr' id='par_1_61' title="bbox 501 5558 2100 5625">
     <span class='ocr_line' id='line_1_61' title="bbox 501 5558 2100 5625; baseline 0.003 -19"><span class='ocrx_word' id='word_1_458' title='bbox 501 5558 520 5581; x_wconf 87' lang='grc'><strong><em>⁸</em></strong></span> <span class='ocrx_word' id='word_1_459' title='bbox 556 5559 686 5625; x_wconf 59' lang='lat' dir='ltr'>ngil</span> <span class='ocrx_word' id='word_1_460' title='bbox 709 5623 719 5625; x_wconf 96' lang='lat'><em>_</em></span> <span class='ocrx_word' id='word_1_461' title='bbox 746 5561 870 5623; x_wconf 87' lang='lat' dir='ltr'>conj.</span> <span class='ocrx_word' id='word_1_462' title='bbox 908 5561 1150 5625; x_wconf 78' lang='grc' dir='ltr'>ῥᾳθυμίαν.</span> <span class='ocrx_word' id='word_1_463' title='bbox 1174 5560 1308 5610; x_wconf 83' lang='lat' dir='ltr'>Idem</span> <span class='ocrx_word' id='word_1_464' title='bbox 1334 5558 1384 5609; x_wconf 88' lang='lat' dir='ltr'>in</span> <span class='ocrx_word' id='word_1_465' title='bbox 1409 5565 1547 5609; x_wconf 70' lang='lat' dir='ltr'>textu</span> <span class='ocrx_word' id='word_1_466' title='bbox 1569 5561 1846 5621; x_wconf 81' lang='grc' dir='ltr'>ἁπώσησθε,</span> <span class='ocrx_word' id='word_1_467' title='bbox 1868 5559 1915 5609; x_wconf 87' lang='grc' dir='ltr'>ἱη</span> <span class='ocrx_word' id='word_1_468' title='bbox 1950 5574 2100 5623; x_wconf 74' lang='lat' dir='ltr'><strong>malg.</strong></span> 
     </span>
    </p>
   </div>
   <div class='ocr_carea' id='block_1_62' title="bbox 439 5620 769 5669">
    <p class='ocr_par' dir='ltr' id='par_1_62' title="bbox 439 5620 769 5669">
     <span class='ocr_line' id='line_1_62' title="bbox 439 5620 769 5669; baseline 0 0"><span class='ocrx_word' id='word_1_469' title='bbox 439 5620 769 5669; x_wconf 54' lang='grc' dir='ltr'>ἀπολσείσεσθε.</span> 
     </span>
    </p>
   </div>
   <div class='ocr_carea' id='block_1_63' title="bbox 507 5682 2100 5757">
    <p class='ocr_par' dir='ltr' id='par_1_63' title="bbox 507 5682 2100 5757">
     <span class='ocr_line' id='line_1_63' title="bbox 507 5682 2100 5757; baseline 0.003 -30"><span class='ocrx_word' id='word_1_470' title='bbox 507 5682 705 5757; x_wconf 33' lang='lat' dir='ltr'>{Sevi}.</span> <span class='ocrx_word' id='word_1_471' title='bbox 724 5682 961 5757; x_wconf 52' lang='grc' dir='ltr'>λογισμὸχ</span> <span class='ocrx_word' id='word_1_472' title='bbox 986 5683 1411 5757; x_wconf 4' lang='grc' dir='ltr'>,δίκηνγάπαιτήσῃ</span> <span class='ocrx_word' id='word_1_473' title='bbox 1454 5689 1548 5757; x_wconf 36' lang='grc' dir='ltr'>τῇ-ς.</span> <span class='ocrx_word' id='word_1_474' title='bbox 1576 5683 1809 5757; x_wconf 68' lang='grc' dir='ltr'>τρσαύτῃς</span> <span class='ocrx_word' id='word_1_475' title='bbox 1862 5683 2100 5757; x_wconf 56' lang='grc' dir='ltr'>ῥαθυμίαξ,</span> 
     </span>
    </p>
   </div>
   <div class='ocr_carea' id='block_1_64' title="bbox 441 5740 2102 5809">
    <p class='ocr_par' dir='ltr' id='par_1_64' title="bbox 441 5740 2102 5809">
     <span class='ocr_line' id='line_1_64' title="bbox 441 5740 2102 5809; baseline 0.002 -18"><span class='ocrx_word' id='word_1_476' title='bbox 441 5740 879 5809; x_wconf 46' lang='grc' dir='ltr'>μήτεοάνάιξχῃται.</span> <span class='ocrx_word' id='word_1_477' title='bbox 922 5743 1034 5809; x_wconf 82' lang='lat' dir='ltr'>Duo_</span> <span class='ocrx_word' id='word_1_478' title='bbox 1063 5756 1175 5809; x_wconf 55' lang='lat' dir='ltr'><strong>mss.</strong></span> <span class='ocrx_word' id='word_1_479' title='bbox 1208 5740 1450 5809; x_wconf 78' lang='grc' dir='ltr'>λογισμόν.</span> <span class='ocrx_word' id='word_1_480' title='bbox 1478 5740 1557 5803; x_wconf 78' lang='grc' dir='ltr'>Μή</span> <span class='ocrx_word' id='word_1_481' title='bbox 1597 5746 1729 5803; x_wconf 78' lang='grc' dir='ltr'>δίκην</span> <span class='ocrx_word' id='word_1_482' title='bbox 1752 5740 1992 5807; x_wconf 66' lang='grc' dir='ltr'>ἁπαξτῆσῄ</span> <span class='ocrx_word' id='word_1_483' title='bbox 2022 5752 2102 5801; x_wconf 81' lang='grc' dir='ltr'>τῆς</span> 
     </span>
    </p>
   </div>
   <div class='ocr_carea' id='block_1_65' title="bbox 437 5800 1422 5865">
    <p class='ocr_par' dir='ltr' id='par_1_65' title="bbox 437 5800 1422 5865">
     <span class='ocr_line' id='line_1_65' title="bbox 437 5800 1422 5865; baseline 0.004 -18"><span class='ocrx_word' id='word_1_484' title='bbox 437 5800 673 5854; x_wconf 75' lang='grc' dir='ltr'>τοσαῦτης</span> <span class='ocrx_word' id='word_1_485' title='bbox 695 5800 932 5864; x_wconf 75' lang='grc' dir='ltr'>ῥᾳθυμίας,</span> <span class='ocrx_word' id='word_1_486' title='bbox 954 5802 1036 5850; x_wconf 80' lang='grc' dir='ltr'>καὶ</span> <span class='ocrx_word' id='word_1_487' title='bbox 1058 5804 1121 5862; x_wconf 79' lang='grc' dir='ltr'>μὴ</span> <span class='ocrx_word' id='word_1_488' title='bbox 1144 5800 1422 5865; x_wconf 75' lang='grc' dir='ltr'>ἀνάσχηται.</span> 
     </span>
    </p>
   </div>
   <div class='ocr_carea' id='block_1_66' title="bbox 1252 243 3089 303">
    <p class='ocr_par' dir='ltr' id='par_1_66' title="bbox 1252 243 3089 303">
     <span class='ocr_line' id='line_1_66' title="bbox 1252 243 3089 303; baseline -0.002 0"><span class='ocrx_word' id='word_1_489' title='bbox 1252 248 1308 303; x_wconf 90' lang='lat' dir='ltr'><strong>S.</strong></span> <span class='ocrx_word' id='word_1_490' title='bbox 1347 244 1630 303; x_wconf 77' lang='lat' dir='ltr'>JOANNIS</span> <span class='ocrx_word' id='word_1_491' title='bbox 1668 243 2146 302; x_wconf 77' lang='lat' dir='ltr'>CHRYSOSTOMI</span> <span class='ocrx_word' id='word_1_492' title='bbox 2188 243 2506 300; x_wconf 67' lang='lat' dir='ltr'>AliCHIEP.</span> <span class='ocrx_word' id='word_1_493' title='bbox 2547 244 3089 302; x_wconf 80' lang='lat' dir='ltr'>CONSTANTINOP.</span> 
     </span>
    </p>
   </div>
   <div class='ocr_carea' id='block_1_67' title="bbox 3789 246 3891 302">
    <p class='ocr_par' dir='ltr' id='par_1_67' title="bbox 3789 246 3891 302">
     <span class='ocr_line' id='line_1_67' title="bbox 3789 246 3891 302; baseline 0 -1"><span class='ocrx_word' id='word_1_494' title='bbox 3789 246 3891 302; x_wconf 65' lang='lat'>9.18</span> 
     </span>
    </p>
   </div>
   <div class='ocr_carea' id='block_1_68' title="bbox 2226 360 3896 433">
    <p class='ocr_par' dir='ltr' id='par_1_68' title="bbox 2226 360 3896 433">
     <span class='ocr_line' id='line_1_68' title="bbox 2226 360 3896 433; baseline 0.003 -20"><span class='ocrx_word' id='word_1_495' title='bbox 2226 361 2374 425; x_wconf 76' lang='grc' dir='ltr'>δόξα,</span> <span class='ocrx_word' id='word_1_496' title='bbox 2398 361 2618 432; x_wconf 83' lang='grc' dir='ltr'>κράτος,</span> <span class='ocrx_word' id='word_1_497' title='bbox 2632 362 2789 433; x_wconf 79' lang='grc' dir='ltr'>τιμὴ.</span> <span class='ocrx_word' id='word_1_498' title='bbox 2808 361 2902 415; x_wconf 90' lang='grc' dir='ltr'>νῦν</span> <span class='ocrx_word' id='word_1_499' title='bbox 2929 362 3022 414; x_wconf 81' lang='grc' dir='ltr'>καὶ</span> <span class='ocrx_word' id='word_1_500' title='bbox 3049 362 3157 426; x_wconf 79' lang='grc' dir='ltr'>ἀεὶ,</span> <span class='ocrx_word' id='word_1_501' title='bbox 3193 360 3283 413; x_wconf 79' lang='grc' dir='ltr'>καὶ</span> <span class='ocrx_word' id='word_1_502' title='bbox 3306 361 3385 424; x_wconf 85' lang='grc' dir='ltr'>είς</span> <span class='ocrx_word' id='word_1_503' title='bbox 3412 362 3535 425; x_wconf 78' lang='grc' dir='ltr'>τοὺς</span> <span class='ocrx_word' id='word_1_504' title='bbox 3563 363 3762 427; x_wconf 72' lang='grc' dir='ltr'>αἰῶνας</span> <span class='ocrx_word' id='word_1_505' title='bbox 3786 366 3896 419; x_wconf 78' lang='grc' dir='ltr'>τῶν</span> 
     </span>
    </p>
   </div>
   <div class='ocr_carea' id='block_1_69' title="bbox 2226 450 2685 520">
    <p class='ocr_par' dir='ltr' id='par_1_69' title="bbox 2226 450 2685 520">
     <span class='ocr_line' id='line_1_69' title="bbox 2226 450 2685 520; baseline 0.004 -18"><span class='ocrx_word' id='word_1_506' title='bbox 2226 450 2458 504; x_wconf 89' lang='grc' dir='ltr'>αιώνων.</span> <span class='ocrx_word' id='word_1_507' title='bbox 2494 450 2685 520; x_wconf 82' lang='grc' dir='ltr'>Ἀμήν.</span> 
     </span>
    </p>
   </div>
   <div class='ocr_carea' id='block_1_70' title="bbox 2783 518 3367 590">
    <p class='ocr_par' dir='ltr' id='par_1_70' title="bbox 2783 518 3367 590">
     <span class='ocr_line' id='line_1_70' title="bbox 2783 518 3367 590; baseline -0.002 -18"><span class='ocrx_word' id='word_1_508' title='bbox 2783 518 2931 590; x_wconf 65' lang='grc' dir='ltr'>ιεδο]</span> <span class='ocrx_word' id='word_1_509' title='bbox 2969 519 3211 571; x_wconf 75' lang='grc' dir='ltr'>ΟΜΙΛΙΑ</span> <span class='ocrx_word' id='word_1_510' title='bbox 3243 519 3367 571; x_wconf 72' lang='grc' dir='ltr'>κει.</span> 
     </span>
    </p>
   </div>
   <div class='ocr_carea' id='block_1_71' title="bbox 2226 602 3890 677">
    <p class='ocr_par' dir='ltr' id='par_1_71' title="bbox 2226 602 3890 677">
     <span class='ocr_line' id='line_1_71' title="bbox 2226 602 3890 677; baseline 0.004 -19"><span class='ocrx_word' id='word_1_511' title='bbox 2226 604 2353 659; x_wconf 86' lang='grc' dir='ltr'>Νῶε</span> <span class='ocrx_word' id='word_1_512' title='bbox 2383 605 2452 659; x_wconf 82' lang='grc' dir='ltr'>δὲ</span> <span class='ocrx_word' id='word_1_513' title='bbox 2480 602 2559 677; x_wconf 84' lang='grc' dir='ltr'>ἦν</span> <span class='ocrx_word' id='word_1_514' title='bbox 2582 606 2734 660; x_wconf 83' lang='grc' dir='ltr'>ἐτῶν</span> <span class='ocrx_word' id='word_1_515' title='bbox 2762 606 3121 677; x_wconf 67' lang='grc' dir='ltr'>ἑξακοσίων,</span> <span class='ocrx_word' id='word_1_516' title='bbox 3150 605 3247 677; x_wconf 73' lang='grc' dir='ltr'>καὶ</span> <span class='ocrx_word' id='word_1_517' title='bbox 3269 609 3301 677; x_wconf 69' lang='grc' dir='ltr'>ο</span> <span class='ocrx_word' id='word_1_518' title='bbox 3323 611 3547 677; x_wconf 65' lang='grc' dir='ltr'>κατςικλ</span> <span class='ocrx_word' id='word_1_519' title='bbox 3558 608 3749 677; x_wconf 75' lang='grc' dir='ltr'>ισσμὸς</span> <span class='ocrx_word' id='word_1_520' title='bbox 3781 611 3890 666; x_wconf 85' lang='grc' dir='ltr'>τοῦ</span> 
     </span>
    </p>
   </div>
   <div class='ocr_carea' id='block_1_72' title="bbox 2599 674 3510 745">
    <p class='ocr_par' dir='ltr' id='par_1_72' title="bbox 2599 674 3510 745">
     <span class='ocr_line' id='line_1_72' title="bbox 2599 674 3510 745; baseline 0.001 -15"><span class='ocrx_word' id='word_1_521' title='bbox 2599 677 2817 742; x_wconf 82' lang='grc' dir='ltr'>ὕδατος</span> <span class='ocrx_word' id='word_1_522' title='bbox 2843 675 3079 745; x_wconf 76' lang='grc' dir='ltr'>ἐγένετο</span> <span class='ocrx_word' id='word_1_523' title='bbox 3100 674 3198 728; x_wconf 75' lang='grc' dir='ltr'>ἐπὶ</span> <span class='ocrx_word' id='word_1_524' title='bbox 3228 675 3341 743; x_wconf 83' lang='grc' dir='ltr'>τῆς</span> <span class='ocrx_word' id='word_1_525' title='bbox 3379 675 3510 745; x_wconf 76' lang='grc' dir='ltr'>γῆς.</span> 
     </span>
    </p>
   </div>
   <div class='ocr_carea' id='block_1_73' title="bbox 2293 761 3893 841">
    <p class='ocr_par' dir='ltr' id='par_1_73' title="bbox 2293 761 3893 841">
     <span class='ocr_line' id='line_1_73' title="bbox 2293 761 3893 841; baseline 0.005 -27"><span class='ocrx_word' id='word_1_526' title='bbox 2293 767 2363 815; x_wconf 85' lang='grc' dir='ltr'>α’.</span> <span class='ocrx_word' id='word_1_527' title='bbox 2393 763 2504 833; x_wconf 90' lang='grc' dir='ltr'>Τῆς</span> <span class='ocrx_word' id='word_1_528' title='bbox 2535 763 2848 825; x_wconf 85' lang='grc' dir='ltr'>ὑποθέσεως</span> <span class='ocrx_word' id='word_1_529' title='bbox 2874 761 3131 833; x_wconf 86' lang='grc' dir='ltr'>βούλομαι</span> <span class='ocrx_word' id='word_1_530' title='bbox 3189 763 3349 817; x_wconf 82' lang='grc' dir='ltr'>πάλιν</span> <span class='ocrx_word' id='word_1_531' title='bbox 3375 764 3635 834; x_wconf 77' lang='grc' dir='ltr'>ἂψασθαι,</span> <span class='ocrx_word' id='word_1_532' title='bbox 3670 768 3798 838; x_wconf 72' lang='grc' dir='ltr'>περὶ</span> <span class='ocrx_word' id='word_1_533' title='bbox 3823 763 3893 841; x_wconf 79' lang='grc' dir='ltr'>ἧς</span> 
     </span>
    </p>
   </div>
   <div class='ocr_carea' id='block_1_74' title="bbox 2224 848 3892 922">
    <p class='ocr_par' dir='ltr' id='par_1_74' title="bbox 2224 848 3892 922">
     <span class='ocr_line' id='line_1_74' title="bbox 2224 848 3892 922; baseline 0.005 -23"><span class='ocrx_word' id='word_1_534' title='bbox 2224 848 2417 920; x_wconf 87' lang='grc' dir='ltr'>πρώην</span> <span class='ocrx_word' id='word_1_535' title='bbox 2468 849 2750 920; x_wconf 81' lang='grc' dir='ltr'>διελέχθην</span> <span class='ocrx_word' id='word_1_536' title='bbox 2782 849 2937 920; x_wconf 89' lang='grc' dir='ltr'>ὑμῶν</span> <span class='ocrx_word' id='word_1_537' title='bbox 2967 853 3033 920; x_wconf 80' lang='grc' dir='ltr'>τῇ</span> <span class='ocrx_word' id='word_1_538' title='bbox 3064 849 3252 920; x_wconf 76' lang='grc' dir='ltr'>ἀγάπῃ</span> <span class='ocrx_word' id='word_1_539' title='bbox 3276 888 3294 911; x_wconf 85' lang='grc'>,</span> <span class='ocrx_word' id='word_1_540' title='bbox 3341 852 3435 903; x_wconf 70' lang='grc' dir='ltr'>καὶ</span> <span class='ocrx_word' id='word_1_541' title='bbox 3484 850 3580 922; x_wconf 82' lang='grc' dir='ltr'>τὴν</span> <span class='ocrx_word' id='word_1_542' title='bbox 3615 853 3756 906; x_wconf 90' lang='grc' dir='ltr'>κατά</span> <span class='ocrx_word' id='word_1_543' title='bbox 3800 854 3892 908; x_wconf 77' lang='grc' dir='ltr'>τὸν</span> 
     </span>
    </p>
   </div>
   <div class='ocr_carea' id='block_1_75' title="bbox 2222 935 3891 1007">
    <p class='ocr_par' dir='ltr' id='par_1_75' title="bbox 2222 935 3891 1007">
     <span class='ocr_line' id='line_1_75' title="bbox 2222 935 3891 1007; baseline 0.003 -18"><span class='ocrx_word' id='word_1_544' title='bbox 2222 935 2428 990; x_wconf 84' lang='grc' dir='ltr'>δίκαιον</span> <span class='ocrx_word' id='word_1_545' title='bbox 2469 937 2593 989; x_wconf 92' lang='grc' dir='ltr'>Νῶε</span> <span class='ocrx_word' id='word_1_546' title='bbox 2630 937 2791 991; x_wconf 86' lang='grc' dir='ltr'>πάλιν</span> <span class='ocrx_word' id='word_1_547' title='bbox 2833 936 3073 1004; x_wconf 78' lang='grc' dir='ltr'>ἱστορίαν</span> <span class='ocrx_word' id='word_1_548' title='bbox 3109 939 3189 999; x_wconf 83' lang='grc' dir='ltr'>είς</span> <span class='ocrx_word' id='word_1_549' title='bbox 3231 938 3393 1007; x_wconf 86' lang='grc' dir='ltr'>μέσον</span> <span class='ocrx_word' id='word_1_550' title='bbox 3433 939 3680 1007; x_wconf 84' lang='grc' dir='ltr'>ἀγαγεῖν.</span> <span class='ocrx_word' id='word_1_551' title='bbox 3715 941 3891 1004; x_wconf 81' lang='grc' dir='ltr'>Πολὺς</span> 
     </span>
    </p>
   </div>
   <div class='ocr_carea' id='block_1_76' title="bbox 2223 1023 3892 1099">
    <p class='ocr_par' dir='ltr' id='par_1_76' title="bbox 2223 1023 3892 1099">
     <span class='ocr_line' id='line_1_76' title="bbox 2223 1023 3892 1099; baseline 0.002 -23"><span class='ocrx_word' id='word_1_552' title='bbox 2223 1023 2330 1091; x_wconf 90' lang='grc' dir='ltr'>γάρ</span> <span class='ocrx_word' id='word_1_553' title='bbox 2358 1025 2386 1077; x_wconf 90' lang='grc' dir='ltr'><strong>ὁ</strong></span> <span class='ocrx_word' id='word_1_554' title='bbox 2419 1024 2517 1095; x_wconf 86' lang='grc' dir='ltr'>τῆς</span> <span class='ocrx_word' id='word_1_555' title='bbox 2558 1024 2760 1095; x_wconf 86' lang='grc' dir='ltr'>ἀρετῆς</span> <span class='ocrx_word' id='word_1_556' title='bbox 2795 1024 2889 1077; x_wconf 91' lang='grc' dir='ltr'>τοῦ</span> <span class='ocrx_word' id='word_1_557' title='bbox 2935 1024 3144 1077; x_wconf 86' lang='grc' dir='ltr'>δικαίου</span> <span class='ocrx_word' id='word_1_558' title='bbox 3182 1024 3409 1088; x_wconf 86' lang='grc' dir='ltr'>πλοῦτος</span> <span class='ocrx_word' id='word_1_559' title='bbox 3433 1066 3445 1086; x_wconf 91' lang='grc'>,</span> <span class='ocrx_word' id='word_1_560' title='bbox 3499 1027 3594 1081; x_wconf 72' lang='grc' dir='ltr'>καὶ</span> <span class='ocrx_word' id='word_1_561' title='bbox 3622 1031 3892 1099; x_wconf 84' lang='grc' dir='ltr'>προσήκει</span> 
     </span>
    </p>
   </div>
   <div class='ocr_carea' id='block_1_77' title="bbox 2225 1111 3893 1187">
    <p class='ocr_par' dir='ltr' id='par_1_77' title="bbox 2225 1111 3893 1187">
     <span class='ocr_line' id='line_1_77' title="bbox 2225 1111 3893 1187; baseline 0.003 -23"><span class='ocrx_word' id='word_1_562' title='bbox 2225 1112 2370 1180; x_wconf 77' lang='grc' dir='ltr'>ἡμᾶς</span> <span class='ocrx_word' id='word_1_563' title='bbox 2391 1111 2532 1165; x_wconf 85' lang='grc' dir='ltr'>κατὰ</span> <span class='ocrx_word' id='word_1_564' title='bbox 2554 1112 2781 1182; x_wconf 88' lang='grc' dir='ltr'>δύναμιν</span> <span class='ocrx_word' id='word_1_565' title='bbox 2801 1112 3072 1183; x_wconf 84' lang='grc' dir='ltr'>ἡμετέραν</span> <span class='ocrx_word' id='word_1_566' title='bbox 3096 1112 3272 1165; x_wconf 85' lang='grc' dir='ltr'>πάντα</span> <span class='ocrx_word' id='word_1_567' title='bbox 3297 1114 3439 1166; x_wconf 83' lang='grc' dir='ltr'>κατά</span> <span class='ocrx_word' id='word_1_568' title='bbox 3469 1115 3662 1185; x_wconf 83' lang='grc' dir='ltr'>μικρὸν</span> <span class='ocrx_word' id='word_1_569' title='bbox 3683 1116 3893 1187; x_wconf 80' lang='grc' dir='ltr'>διερευ-</span> 
     </span>
    </p>
   </div>
   <div class='ocr_carea' id='block_1_78' title="bbox 2226 1198 3890 1274">
    <p class='ocr_par' dir='ltr' id='par_1_78' title="bbox 2226 1198 3890 1274">
     <span class='ocr_line' id='line_1_78' title="bbox 2226 1198 3890 1274; baseline 0.004 -24"><span class='ocrx_word' id='word_1_570' title='bbox 2226 1198 2562 1269; x_wconf 87' lang='grc' dir='ltr'>νησαμένους</span> <span class='ocrx_word' id='word_1_571' title='bbox 2594 1199 2796 1271; x_wconf 84' lang='grc' dir='ltr'>πολλὴν</span> <span class='ocrx_word' id='word_1_572' title='bbox 2820 1200 2948 1270; x_wconf 77' lang='grc' dir='ltr'>ὑμῖν</span> <span class='ocrx_word' id='word_1_573' title='bbox 2978 1201 3078 1270; x_wconf 77' lang='grc' dir='ltr'>τὴν</span> <span class='ocrx_word' id='word_1_574' title='bbox 3106 1200 3364 1270; x_wconf 82' lang='grc' dir='ltr'>εὐπορίαν</span> <span class='ocrx_word' id='word_1_575' title='bbox 3410 1201 3658 1254; x_wconf 87' lang='grc' dir='ltr'>ἐντεῦθεν</span> <span class='ocrx_word' id='word_1_576' title='bbox 3707 1220 3890 1274; x_wconf 87' lang='grc' dir='ltr'>παρα-</span> 
     </span>
    </p>
   </div>
   <div class='ocr_carea' id='block_1_79' title="bbox 2225 1284 3884 1358">
    <p class='ocr_par' dir='ltr' id='par_1_79' title="bbox 2225 1284 3884 1358">
     <span class='ocr_line' id='line_1_79' title="bbox 2225 1284 3884 1358; baseline 0.004 -24"><span class='ocrx_word' id='word_1_577' title='bbox 2225 1285 2389 1354; x_wconf 84' lang='grc' dir='ltr'>σχεῖν.</span> <span class='ocrx_word' id='word_1_578' title='bbox 2438 1284 2599 1338; x_wconf 81' lang='grc' dir='ltr'>Ἀλλά</span> <span class='ocrx_word' id='word_1_579' title='bbox 2628 1286 2940 1338; x_wconf 88' lang='grc' dir='ltr'>συντείνατε</span> <span class='ocrx_word' id='word_1_580' title='bbox 2967 1303 3077 1355; x_wconf 91' lang='grc' dir='ltr'>μοι,</span> <span class='ocrx_word' id='word_1_581' title='bbox 3131 1286 3452 1356; x_wconf 87' lang='grc' dir='ltr'>παρακαλῶ,</span> <span class='ocrx_word' id='word_1_582' title='bbox 3497 1287 3597 1358; x_wconf 79' lang='grc' dir='ltr'>τὴν</span> <span class='ocrx_word' id='word_1_583' title='bbox 3622 1288 3884 1354; x_wconf 85' lang='grc' dir='ltr'>διάνοιαν,</span> 
     </span>
    </p>
   </div>
   <div class='ocr_carea' id='block_1_80' title="bbox 2224 1370 3882 1446">
    <p class='ocr_par' dir='ltr' id='par_1_80' title="bbox 2224 1370 3882 1446">
     <span class='ocr_line' id='line_1_80' title="bbox 2224 1370 3882 1446; baseline 0.004 -24"><span class='ocrx_word' id='word_1_584' title='bbox 2224 1370 2309 1422; x_wconf 83' lang='grc' dir='ltr'>ἴνα</span> <span class='ocrx_word' id='word_1_585' title='bbox 2370 1371 2535 1442; x_wconf 79' lang='grc' dir='ltr'>μηδὲν</span> <span class='ocrx_word' id='word_1_586' title='bbox 2564 1373 2709 1443; x_wconf 77' lang='grc' dir='ltr'>ὑμᾶς</span> <span class='ocrx_word' id='word_1_587' title='bbox 2743 1372 2979 1443; x_wconf 85' lang='grc' dir='ltr'>διαφύγῃ</span> <span class='ocrx_word' id='word_1_588' title='bbox 3007 1383 3028 1410; x_wconf 77' lang='grc' dir='ltr'><strong>ο</strong></span> <span class='ocrx_word' id='word_1_589' title='bbox 3068 1372 3175 1426; x_wconf 91' lang='grc' dir='ltr'>τῶν</span> <span class='ocrx_word' id='word_1_590' title='bbox 3210 1374 3547 1444; x_wconf 86' lang='grc' dir='ltr'>ἐγκειμένων</span> <span class='ocrx_word' id='word_1_591' title='bbox 3577 1377 3882 1446; x_wconf 87' lang='grc' dir='ltr'>νοημάτων.</span> 
     </span>
    </p>
   </div>
   <div class='ocr_carea' id='block_1_81' title="bbox 2236 1457 3886 1536">
    <p class='ocr_par' dir='ltr' id='par_1_81' title="bbox 2236 1457 3886 1536">
     <span class='ocr_line' id='line_1_81' title="bbox 2236 1457 3886 1536; baseline 0.004 -25"><span class='ocrx_word' id='word_1_592' title='bbox 2236 1457 2557 1526; x_wconf 86' lang='grc' dir='ltr'>Ἀναγκαῖον</span> <span class='ocrx_word' id='word_1_593' title='bbox 2587 1460 2643 1512; x_wconf 85' lang='grc' dir='ltr'>δέ</span> <span class='ocrx_word' id='word_1_594' title='bbox 2676 1461 2940 1530; x_wconf 87' lang='grc' dir='ltr'>πρότερον</span> <span class='ocrx_word' id='word_1_595' title='bbox 2969 1461 3276 1530; x_wconf 84' lang='grc' dir='ltr'>ὑπομνῆσαι</span> <span class='ocrx_word' id='word_1_596' title='bbox 3310 1460 3463 1530; x_wconf 87' lang='grc' dir='ltr'>ὑμῶν</span> <span class='ocrx_word' id='word_1_597' title='bbox 3503 1462 3601 1533; x_wconf 83' lang='grc' dir='ltr'>τὴν</span> <span class='ocrx_word' id='word_1_598' title='bbox 3629 1465 3850 1536; x_wconf 83' lang='grc' dir='ltr'>ἀγάπην</span> <span class='ocrx_word' id='word_1_599' title='bbox 3870 1506 3886 1528; x_wconf 95' lang='grc'>,</span> 
     </span>
    </p>
   </div>
   <div class='ocr_carea' id='block_1_82' title="bbox 2228 1544 3889 1617">
    <p class='ocr_par' dir='ltr' id='par_1_82' title="bbox 2228 1544 3889 1617">
     <span class='ocr_line' id='line_1_82' title="bbox 2228 1544 3889 1617; baseline 0.005 -21"><span class='ocrx_word' id='word_1_600' title='bbox 2228 1544 2390 1615; x_wconf 88' lang='grc' dir='ltr'>μέχρι</span> <span class='ocrx_word' id='word_1_601' title='bbox 2423 1546 2566 1609; x_wconf 91' lang='grc' dir='ltr'>τίνος</span> <span class='ocrx_word' id='word_1_602' title='bbox 2599 1549 2730 1617; x_wconf 89' lang='grc' dir='ltr'>ήμῖν</span> <span class='ocrx_word' id='word_1_603' title='bbox 2766 1546 2959 1617; x_wconf 84' lang='grc' dir='ltr'>πρώην</span> <span class='ocrx_word' id='word_1_604' title='bbox 2997 1545 3153 1616; x_wconf 77' lang='grc' dir='ltr'>ἔληξε</span> <span class='ocrx_word' id='word_1_605' title='bbox 3183 1547 3252 1600; x_wconf 87' lang='grc' dir='ltr'>τὰ</span> <span class='ocrx_word' id='word_1_606' title='bbox 3281 1548 3381 1617; x_wconf 85' lang='grc' dir='ltr'>τῆς</span> <span class='ocrx_word' id='word_1_607' title='bbox 3412 1548 3780 1615; x_wconf 80' lang='grc' dir='ltr'>διδασκαλίας,</span> <span class='ocrx_word' id='word_1_608' title='bbox 3800 1551 3889 1604; x_wconf 85' lang='grc' dir='ltr'>ῖνα</span> 
     </span>
    </p>
   </div>
   <div class='ocr_carea' id='block_1_83' title="bbox 2224 1632 3888 1705">
    <p class='ocr_par' dir='ltr' id='par_1_83' title="bbox 2224 1632 3888 1705">
     <span class='ocr_line' id='line_1_83' title="bbox 2224 1632 3888 1705; baseline 0.005 -22"><span class='ocrx_word' id='word_1_609' title='bbox 2224 1632 2433 1685; x_wconf 86' lang='grc' dir='ltr'>ἐκεῖθεν</span> <span class='ocrx_word' id='word_1_610' title='bbox 2466 1632 2627 1685; x_wconf 89' lang='grc' dir='ltr'>πάλιν</span> <span class='ocrx_word' id='word_1_611' title='bbox 2662 1633 3022 1697; x_wconf 87' lang='grc' dir='ltr'>ἀναλαϐόντες</span> <span class='ocrx_word' id='word_1_612' title='bbox 3052 1636 3293 1705; x_wconf 89' lang='grc' dir='ltr'>σήμερον</span> <span class='ocrx_word' id='word_1_613' title='bbox 3324 1634 3415 1688; x_wconf 86' lang='grc' dir='ltr'>τὸν</span> <span class='ocrx_word' id='word_1_614' title='bbox 3466 1635 3627 1704; x_wconf 90' lang='grc' dir='ltr'>λόγον</span> <span class='ocrx_word' id='word_1_615' title='bbox 3648 1676 3663 1699; x_wconf 94' lang='grc'>,</span> <span class='ocrx_word' id='word_1_616' title='bbox 3716 1637 3888 1701; x_wconf 79' lang='grc' dir='ltr'>οὕτως</span> 
     </span>
    </p>
   </div>
   <div class='ocr_carea' id='block_1_84' title="bbox 2225 1721 3884 1795">
    <p class='ocr_par' dir='ltr' id='par_1_84' title="bbox 2225 1721 3884 1795">
     <span class='ocr_line' id='line_1_84' title="bbox 2225 1721 3884 1795; baseline 0.004 -23"><span class='ocrx_word' id='word_1_617' title='bbox 2225 1721 2514 1791; x_wconf 80' lang='grc' dir='ltr'>ὑφάνωμεν</span> <span class='ocrx_word' id='word_1_618' title='bbox 2542 1722 2654 1784; x_wconf 90' lang='grc' dir='ltr'>τοῖς</span> <span class='ocrx_word' id='word_1_619' title='bbox 2684 1721 2997 1791; x_wconf 80' lang='grc' dir='ltr'>εἰρημένοις</span> <span class='ocrx_word' id='word_1_620' title='bbox 3020 1722 3113 1774; x_wconf 75' lang='grc' dir='ltr'>καὶ</span> <span class='ocrx_word' id='word_1_621' title='bbox 3137 1722 3204 1775; x_wconf 84' lang='grc' dir='ltr'>τὰ</span> <span class='ocrx_word' id='word_1_622' title='bbox 3234 1721 3327 1775; x_wconf 87' lang='grc' dir='ltr'>νῦν</span> <span class='ocrx_word' id='word_1_623' title='bbox 3355 1723 3615 1793; x_wconf 80' lang='grc' dir='ltr'>μέλλοντα</span> <span class='ocrx_word' id='word_1_624' title='bbox 3649 1724 3884 1795; x_wconf 86' lang='grc' dir='ltr'>ῥηθήσε-</span> 
     </span>
    </p>
   </div>
   <div class='ocr_carea' id='block_1_85' title="bbox 2225 1807 3886 1878">
    <p class='ocr_par' dir='ltr' id='par_1_85' title="bbox 2225 1807 3886 1878">
     <span class='ocr_line' id='line_1_85' title="bbox 2225 1807 3886 1878; baseline 0.002 -18"><span class='ocrx_word' id='word_1_625' title='bbox 2225 1807 2367 1860; x_wconf 89' lang='grc' dir='ltr'>σθαι.</span> <span class='ocrx_word' id='word_1_626' title='bbox 2431 1807 2585 1860; x_wconf 83' lang='grc' dir='ltr'>Οὓτω</span> <span class='ocrx_word' id='word_1_627' title='bbox 2634 1807 2744 1878; x_wconf 90' lang='grc' dir='ltr'>γάρ</span> <span class='ocrx_word' id='word_1_628' title='bbox 2797 1809 2925 1878; x_wconf 89' lang='grc' dir='ltr'>ὑμῖν</span> <span class='ocrx_word' id='word_1_629' title='bbox 2974 1808 3291 1865; x_wconf 39' lang='grc' dir='ltr'>εὑσύνοπταη</span> <span class='ocrx_word' id='word_1_630' title='bbox 3335 1809 3487 1863; x_wconf 73' lang='grc' dir='ltr'>ἔσται</span> <span class='ocrx_word' id='word_1_631' title='bbox 3536 1810 3630 1863; x_wconf 89' lang='grc' dir='ltr'>καί</span> <span class='ocrx_word' id='word_1_632' title='bbox 3675 1811 3744 1865; x_wconf 82' lang='grc' dir='ltr'>τά</span> <span class='ocrx_word' id='word_1_633' title='bbox 3791 1810 3886 1863; x_wconf 89' lang='grc' dir='ltr'>νῦν</span> 
     </span>
    </p>
   </div>
   <div class='ocr_carea' id='block_1_86' title="bbox 2223 1892 3884 1968">
    <p class='ocr_par' dir='ltr' id='par_1_86' title="bbox 2223 1892 3884 1968">
     <span class='ocr_line' id='line_1_86' title="bbox 2223 1892 3884 1968; baseline 0.003 -22"><span class='ocrx_word' id='word_1_634' title='bbox 2223 1894 2510 1966; x_wconf 88' lang='grc' dir='ltr'>λεγόμενα.</span> <span class='ocrx_word' id='word_1_635' title='bbox 2550 1894 2659 1949; x_wconf 87' lang='grc' dir='ltr'>Ποῦ</span> <span class='ocrx_word' id='word_1_636' title='bbox 2687 1892 2780 1948; x_wconf 81' lang='grc' dir='ltr'>οῦν</span> <span class='ocrx_word' id='word_1_637' title='bbox 2807 1896 2867 1948; x_wconf 83' lang='grc' dir='ltr'>τὸ</span> <span class='ocrx_word' id='word_1_638' title='bbox 2892 1895 3043 1960; x_wconf 86' lang='grc' dir='ltr'>τέλος</span> <span class='ocrx_word' id='word_1_639' title='bbox 3064 1896 3220 1965; x_wconf 78' lang='grc' dir='ltr'>ἔσχεν</span> <span class='ocrx_word' id='word_1_640' title='bbox 3249 1898 3379 1966; x_wconf 83' lang='grc' dir='ltr'>ἡμῖν</span> <span class='ocrx_word' id='word_1_641' title='bbox 3401 1896 3467 1950; x_wconf 76' lang='grc' dir='ltr'>τά</span> <span class='ocrx_word' id='word_1_642' title='bbox 3500 1900 3599 1968; x_wconf 85' lang='grc' dir='ltr'>τῆς</span> <span class='ocrx_word' id='word_1_643' title='bbox 3625 1898 3884 1952; x_wconf 83' lang='grc' dir='ltr'>διδασκα-</span> 
     </span>
    </p>
   </div>
   <div class='ocr_carea' id='block_1_87' title="bbox 2222 1974 3885 2050">
    <p class='ocr_par' dir='ltr' id='par_1_87' title="bbox 2222 1974 3885 2050">
     <span class='ocr_line' id='line_1_87' title="bbox 2222 1974 3885 2050; baseline 0.002 -21"><span class='ocrx_word' id='word_1_644' title='bbox 2222 1976 2340 2040; x_wconf 88' lang='grc' dir='ltr'>λίας</span> <span class='ocrx_word' id='word_1_645' title='bbox 2365 1997 2380 2044; x_wconf 87' lang='grc'>;</span> <span class='ocrx_word' id='word_1_646' title='bbox 2407 1974 2574 2040; x_wconf 76' lang='grc' dir='ltr'>Εἶπε,</span> <span class='ocrx_word' id='word_1_647' title='bbox 2616 1980 2769 2050; x_wconf 68' lang='grc' dir='ltr'>φησι,</span> <span class='ocrx_word' id='word_1_648' title='bbox 2803 1980 3021 2045; x_wconf 76' lang='grc' dir='ltr'>Κύριος</span> <span class='ocrx_word' id='word_1_649' title='bbox 3052 1982 3083 2032; x_wconf 84' lang='grc' dir='ltr'>ό</span> <span class='ocrx_word' id='word_1_650' title='bbox 3116 1979 3257 2045; x_wconf 82' lang='grc' dir='ltr'>Θεὸς</span> <span class='ocrx_word' id='word_1_651' title='bbox 3292 1978 3370 2044; x_wconf 83' lang='grc' dir='ltr'>τῷ</span> <span class='ocrx_word' id='word_1_652' title='bbox 3411 1978 3536 2033; x_wconf 88' lang='grc' dir='ltr'>Νῶε</span> <span class='ocrx_word' id='word_1_653' title='bbox 3567 1997 3580 2010; x_wconf 82' lang='grc'><em>’</em></span> <span class='ocrx_word' id='word_1_654' title='bbox 3631 1982 3885 2034; x_wconf 77' lang='grc' dir='ltr'>Εἴσελθε</span> 
     </span>
    </p>
   </div>
   <div class='ocr_carea' id='block_1_88' title="bbox 2223 2061 3884 2133">
    <p class='ocr_par' dir='ltr' id='par_1_88' title="bbox 2223 2061 3884 2133">
     <span class='ocr_line' id='line_1_88' title="bbox 2223 2061 3884 2133; baseline 0.002 -17"><span class='ocrx_word' id='word_1_655' title='bbox 2223 2064 2304 2118; x_wconf 85' lang='grc' dir='ltr'>σὺ</span> <span class='ocrx_word' id='word_1_656' title='bbox 2333 2064 2430 2118; x_wconf 80' lang='grc' dir='ltr'>καὶ</span> <span class='ocrx_word' id='word_1_657' title='bbox 2445 2063 2563 2130; x_wconf 84' lang='grc' dir='ltr'>πᾶς</span> <span class='ocrx_word' id='word_1_658' title='bbox 2590 2068 2621 2118; x_wconf 82' lang='grc' dir='ltr'><em>ὀ</em></span> <span class='ocrx_word' id='word_1_659' title='bbox 2646 2061 2808 2129; x_wconf 77' lang='grc' dir='ltr'>οἶκός</span> <span class='ocrx_word' id='word_1_660' title='bbox 2826 2081 2941 2119; x_wconf 89' lang='grc' dir='ltr'>σου</span> <span class='ocrx_word' id='word_1_661' title='bbox 2959 2068 3045 2132; x_wconf 88' lang='grc' dir='ltr'>εὶς</span> <span class='ocrx_word' id='word_1_662' title='bbox 3078 2066 3192 2133; x_wconf 78' lang='grc' dir='ltr'>τὴν</span> <span class='ocrx_word' id='word_1_663' title='bbox 3214 2065 3483 2129; x_wconf 77' lang='grc' dir='ltr'>κιϐωτὸν,</span> <span class='ocrx_word' id='word_1_664' title='bbox 3515 2067 3603 2119; x_wconf 78' lang='grc' dir='ltr'>ὅτι</span> <span class='ocrx_word' id='word_1_665' title='bbox 3630 2084 3703 2120; x_wconf 91' lang='grc' dir='ltr'>σε</span> <span class='ocrx_word' id='word_1_666' title='bbox 3722 2064 3884 2121; x_wconf 75' lang='grc' dir='ltr'>εἶδον</span> 
     </span>
    </p>
   </div>
   <div class='ocr_carea' id='block_1_89' title="bbox 2220 2151 3882 2222">
    <p class='ocr_par' dir='ltr' id='par_1_89' title="bbox 2220 2151 3882 2222">
     <span class='ocr_line' id='line_1_89' title="bbox 2220 2151 3882 2222; baseline -0.001 -16"><span class='ocrx_word' id='word_1_667' title='bbox 2220 2152 2455 2206; x_wconf 73' lang='grc' dir='ltr'>δίκαιον</span> <span class='ocrx_word' id='word_1_668' title='bbox 2479 2153 2757 2205; x_wconf 82' lang='grc' dir='ltr'>ἐναντίον</span> <span class='ocrx_word' id='word_1_669' title='bbox 2792 2151 2937 2220; x_wconf 80' lang='grc' dir='ltr'>ἐμοῦ</span> <span class='ocrx_word' id='word_1_670' title='bbox 2976 2152 3046 2205; x_wconf 82' lang='grc' dir='ltr'>ἐν</span> <span class='ocrx_word' id='word_1_671' title='bbox 3066 2152 3139 2220; x_wconf 74' lang='grc' dir='ltr'>τῇ</span> <span class='ocrx_word' id='word_1_672' title='bbox 3174 2151 3347 2222; x_wconf 64' lang='grc' dir='ltr'>γενεᾷ</span> <span class='ocrx_word' id='word_1_673' title='bbox 3396 2154 3580 2220; x_wconf 81' lang='grc' dir='ltr'>ταύτῃ</span> <span class='ocrx_word' id='word_1_674' title='bbox 3603 2171 3616 2183; x_wconf 91' lang='grc'><strong>·</strong></span> <span class='ocrx_word' id='word_1_675' title='bbox 3665 2153 3783 2207; x_wconf 75' lang='grc' dir='ltr'>ἀπὸ</span> <span class='ocrx_word' id='word_1_676' title='bbox 3814 2153 3882 2205; x_wconf 77' lang='grc' dir='ltr'>δὲ</span> 
     </span>
    </p>
   </div>
   <div class='ocr_carea' id='block_1_90' title="bbox 2220 2236 3881 2307">
    <p class='ocr_par' dir='ltr' id='par_1_90' title="bbox 2220 2236 3881 2307">
     <span class='ocr_line' id='line_1_90' title="bbox 2220 2236 3881 2307; baseline 0.001 -15"><span class='ocrx_word' id='word_1_677' title='bbox 2220 2239 2337 2292; x_wconf 84' lang='grc' dir='ltr'>τῶν</span> <span class='ocrx_word' id='word_1_678' title='bbox 2390 2237 2626 2307; x_wconf 83' lang='grc' dir='ltr'>κτηνῶν</span> <span class='ocrx_word' id='word_1_679' title='bbox 2672 2236 2791 2291; x_wconf 81' lang='grc' dir='ltr'>τῶν</span> <span class='ocrx_word' id='word_1_680' title='bbox 2814 2238 3088 2307; x_wconf 77' lang='grc' dir='ltr'>καθαρῶν</span> <span class='ocrx_word' id='word_1_681' title='bbox 3126 2240 3406 2307; x_wconf 71' lang='grc' dir='ltr'>εἰσάγαγε</span> <span class='ocrx_word' id='word_1_682' title='bbox 3447 2239 3597 2307; x_wconf 77' lang='grc' dir='ltr'>πρὸς</span> <span class='ocrx_word' id='word_1_683' title='bbox 3622 2239 3697 2293; x_wconf 87' lang='grc' dir='ltr'>σὲ</span> <span class='ocrx_word' id='word_1_684' title='bbox 3732 2240 3881 2294; x_wconf 80' lang='grc' dir='ltr'>ἑπτὰ</span> 
     </span>
    </p>
   </div>
   <div class='ocr_carea' id='block_1_91' title="bbox 2219 2326 3878 2395">
    <p class='ocr_par' dir='ltr' id='par_1_91' title="bbox 2219 2326 3878 2395">
     <span class='ocr_line' id='line_1_91' title="bbox 2219 2326 3878 2395; baseline 0.002 -18"><span class='ocrx_word' id='word_1_685' title='bbox 2219 2326 2385 2391; x_wconf 80' lang='grc' dir='ltr'>ἑπτὰ,</span> <span class='ocrx_word' id='word_1_686' title='bbox 2408 2326 2504 2379; x_wconf 84' lang='grc' dir='ltr'>καὶ</span> <span class='ocrx_word' id='word_1_687' title='bbox 2526 2326 2646 2380; x_wconf 80' lang='grc' dir='ltr'>ἀπὸ</span> <span class='ocrx_word' id='word_1_688' title='bbox 2681 2326 2800 2380; x_wconf 87' lang='grc' dir='ltr'>τῶν</span> <span class='ocrx_word' id='word_1_689' title='bbox 2822 2327 3058 2393; x_wconf 79' lang='grc' dir='ltr'>κτηνῶν</span> <span class='ocrx_word' id='word_1_690' title='bbox 3082 2326 3200 2379; x_wconf 85' lang='grc' dir='ltr'>τῶν</span> <span class='ocrx_word' id='word_1_691' title='bbox 3218 2327 3302 2395; x_wconf 78' lang='grc' dir='ltr'>μὴ</span> <span class='ocrx_word' id='word_1_692' title='bbox 3330 2327 3600 2394; x_wconf 83' lang='grc' dir='ltr'>καθαρῶν</span> <span class='ocrx_word' id='word_1_693' title='bbox 3618 2327 3727 2381; x_wconf 80' lang='grc' dir='ltr'>δύο</span> <span class='ocrx_word' id='word_1_694' title='bbox 3747 2328 3878 2381; x_wconf 78' lang='grc' dir='ltr'>δύο.</span> 
     </span>
    </p>
   </div>
   <div class='ocr_carea' id='block_1_92' title="bbox 2223 2411 3881 2483">
    <p class='ocr_par' dir='ltr' id='par_1_92' title="bbox 2223 2411 3881 2483">
     <span class='ocr_line' id='line_1_92' title="bbox 2223 2411 3881 2483; baseline -0.001 -16"><span class='ocrx_word' id='word_1_695' title='bbox 2223 2414 2350 2467; x_wconf 78' lang='grc' dir='ltr'>Ἔτι</span> <span class='ocrx_word' id='word_1_696' title='bbox 2386 2415 2496 2482; x_wconf 77' lang='grc' dir='ltr'>γὰρ</span> <span class='ocrx_word' id='word_1_697' title='bbox 2537 2412 2685 2466; x_wconf 82' lang='grc' dir='ltr'>ἑπτὰ</span> <span class='ocrx_word' id='word_1_698' title='bbox 2713 2411 2964 2481; x_wconf 80' lang='grc' dir='ltr'>ἡμερῶν,</span> <span class='ocrx_word' id='word_1_699' title='bbox 3000 2412 3198 2483; x_wconf 75' lang='grc' dir='ltr'>ἐπάγω</span> <span class='ocrx_word' id='word_1_700' title='bbox 3248 2414 3426 2466; x_wconf 81' lang='grc' dir='ltr'>ὑετὸν</span> <span class='ocrx_word' id='word_1_701' title='bbox 3464 2413 3564 2467; x_wconf 80' lang='grc' dir='ltr'>ἐπὶ</span> <span class='ocrx_word' id='word_1_702' title='bbox 3619 2412 3734 2480; x_wconf 76' lang='grc' dir='ltr'>τὴν</span> <span class='ocrx_word' id='word_1_703' title='bbox 3766 2413 3881 2483; x_wconf 76' lang='grc' dir='ltr'>γῆν</span> 
     </span>
    </p>
   </div>
   <div class='ocr_carea' id='block_1_93' title="bbox 2220 2501 3876 2570">
    <p class='ocr_par' dir='ltr' id='par_1_93' title="bbox 2220 2501 3876 2570">
     <span class='ocr_line' id='line_1_93' title="bbox 2220 2501 3876 2570; baseline 0 -16"><span class='ocrx_word' id='word_1_704' title='bbox 2220 2501 2669 2568; x_wconf 69' lang='grc' dir='ltr'>τεσσαράκοντα</span> <span class='ocrx_word' id='word_1_705' title='bbox 2716 2503 2939 2570; x_wconf 75' lang='grc' dir='ltr'>ἡμέρας</span> <span class='ocrx_word' id='word_1_706' title='bbox 2986 2502 3083 2553; x_wconf 79' lang='grc' dir='ltr'>καὶ</span> <span class='ocrx_word' id='word_1_707' title='bbox 3145 2501 3597 2569; x_wconf 74' lang='grc' dir='ltr'>τεσσαράκοντα</span> <span class='ocrx_word' id='word_1_708' title='bbox 3635 2503 3876 2565; x_wconf 81' lang='grc' dir='ltr'>νύκτας,</span> 
     </span>
    </p>
   </div>
   <div class='ocr_carea' id='block_1_94' title="bbox 2221 2586 3877 2657">
    <p class='ocr_par' dir='ltr' id='par_1_94' title="bbox 2221 2586 3877 2657">
     <span class='ocr_line' id='line_1_94' title="bbox 2221 2586 3877 2657; baseline 0.001 -16"><span class='ocrx_word' id='word_1_709' title='bbox 2221 2590 2316 2642; x_wconf 79' lang='grc' dir='ltr'>καὶ</span> <span class='ocrx_word' id='word_1_710' title='bbox 2339 2588 2639 2656; x_wconf 70' lang='grc' dir='ltr'>ἐξαλείψω</span> <span class='ocrx_word' id='word_1_711' title='bbox 2660 2586 2859 2642; x_wconf 75' lang='grc' dir='ltr'>πᾶσαν</span> <span class='ocrx_word' id='word_1_712' title='bbox 2901 2587 3015 2654; x_wconf 72' lang='grc' dir='ltr'>τὴν</span> <span class='ocrx_word' id='word_1_713' title='bbox 3034 2588 3462 2651; x_wconf 78' lang='grc' dir='ltr'>ἐξανάστασιν,</span> <span class='ocrx_word' id='word_1_714' title='bbox 3498 2588 3577 2655; x_wconf 75' lang='grc' dir='ltr'>ἣν</span> <span class='ocrx_word' id='word_1_715' title='bbox 3601 2590 3877 2657; x_wconf 75' lang='grc' dir='ltr'>ἐποίησα,</span> 
     </span>
    </p>
   </div>
   <div class='ocr_carea' id='block_1_95' title="bbox 2217 2672 3875 2745">
    <p class='ocr_par' dir='ltr' id='par_1_95' title="bbox 2217 2672 3875 2745">
     <span class='ocr_line' id='line_1_95' title="bbox 2217 2672 3875 2745; baseline 0.001 -17"><span class='ocrx_word' id='word_1_716' title='bbox 2217 2674 2337 2729; x_wconf 82' lang='grc' dir='ltr'>ἀπὸ</span> <span class='ocrx_word' id='word_1_717' title='bbox 2374 2672 2699 2742; x_wconf 77' lang='grc' dir='ltr'>προσώπου</span> <span class='ocrx_word' id='word_1_718' title='bbox 2734 2672 2844 2742; x_wconf 84' lang='grc' dir='ltr'>τῆς</span> <span class='ocrx_word' id='word_1_719' title='bbox 2884 2673 3011 2745; x_wconf 70' lang='grc' dir='ltr'>τῆς,</span> <span class='ocrx_word' id='word_1_720' title='bbox 3066 2674 3183 2728; x_wconf 81' lang='grc' dir='ltr'>ἀπὸ</span> <span class='ocrx_word' id='word_1_721' title='bbox 3232 2674 3545 2742; x_wconf 82' lang='grc' dir='ltr'>ἀνθρώπου</span> <span class='ocrx_word' id='word_1_722' title='bbox 3582 2676 3690 2741; x_wconf 81' lang='grc' dir='ltr'>ἕως</span> <span class='ocrx_word' id='word_1_723' title='bbox 3740 2678 3875 2742; x_wconf 76' lang='grc' dir='ltr'>κτήο</span> 
     </span>
    </p>
   </div>
   <div class='ocr_carea' id='block_1_96' title="bbox 2217 2760 3877 2830">
    <p class='ocr_par' dir='ltr' id='par_1_96' title="bbox 2217 2760 3877 2830">
     <span class='ocr_line' id='line_1_96' title="bbox 2217 2760 3877 2830; baseline 0 -13"><span class='ocrx_word' id='word_1_724' title='bbox 2217 2781 2384 2830; x_wconf 85' lang='grc' dir='ltr'>νους.</span> <span class='ocrx_word' id='word_1_725' title='bbox 2407 2763 2515 2819; x_wconf 84' lang='grc' dir='ltr'>Καὶ</span> <span class='ocrx_word' id='word_1_726' title='bbox 2547 2763 2796 2829; x_wconf 78' lang='grc' dir='ltr'>ἐποίησε</span> <span class='ocrx_word' id='word_1_727' title='bbox 2825 2760 2951 2816; x_wconf 87' lang='grc' dir='ltr'>Νῶε</span> <span class='ocrx_word' id='word_1_728' title='bbox 2981 2763 3177 2815; x_wconf 75' lang='grc' dir='ltr'>πάντα</span> <span class='ocrx_word' id='word_1_729' title='bbox 3210 2762 3325 2815; x_wconf 83' lang='grc' dir='ltr'>ὅσα</span> <span class='ocrx_word' id='word_1_730' title='bbox 3354 2763 3689 2818; x_wconf 79' lang='grc' dir='ltr'>ἐνετείλατο</span> <span class='ocrx_word' id='word_1_731' title='bbox 3718 2761 3877 2829; x_wconf 76' lang='grc' dir='ltr'>αὐτῷ</span> 
     </span>
    </p>
   </div>
   <div class='ocr_carea' id='block_1_97' title="bbox 2218 2849 3875 2921">
    <p class='ocr_par' dir='ltr' id='par_1_97' title="bbox 2218 2849 3875 2921">
     <span class='ocr_line' id='line_1_97' title="bbox 2218 2849 3875 2921; baseline -0.002 -15"><span class='ocrx_word' id='word_1_732' title='bbox 2218 2853 2437 2919; x_wconf 82' lang='grc' dir='ltr'>Κύριος</span> <span class='ocrx_word' id='word_1_733' title='bbox 2474 2853 2507 2904; x_wconf 84' lang='grc' dir='ltr'>ό</span> <span class='ocrx_word' id='word_1_734' title='bbox 2537 2850 2699 2915; x_wconf 79' lang='grc' dir='ltr'>Θεός.</span> <span class='ocrx_word' id='word_1_735' title='bbox 2729 2849 2906 2921; x_wconf 81' lang='grc' dir='ltr'>Μέχρι</span> <span class='ocrx_word' id='word_1_736' title='bbox 2944 2849 3131 2902; x_wconf 79' lang='grc' dir='ltr'>τούτου</span> <span class='ocrx_word' id='word_1_737' title='bbox 3165 2850 3458 2919; x_wconf 83' lang='grc' dir='ltr'>στήσαντες</span> <span class='ocrx_word' id='word_1_738' title='bbox 3491 2850 3579 2902; x_wconf 77' lang='grc' dir='ltr'>τὸν</span> <span class='ocrx_word' id='word_1_739' title='bbox 3618 2850 3773 2918; x_wconf 86' lang='grc' dir='ltr'>λόγον</span> <span class='ocrx_word' id='word_1_740' title='bbox 3794 2851 3875 2903; x_wconf 64' lang='grc' dir='ltr'>ἐνυ</span> 
     </span>
    </p>
   </div>
   <div class='ocr_carea' id='block_1_98' title="bbox 2216 2938 3873 3011">
    <p class='ocr_par' dir='ltr' id='par_1_98' title="bbox 2216 2938 3873 3011">
     <span class='ocr_line' id='line_1_98' title="bbox 2216 2938 3873 3011; baseline -0.002 -18"><span class='ocrx_word' id='word_1_741' title='bbox 2216 2939 2393 2994; x_wconf 84' lang='grc' dir='ltr'>ταῦθα</span> <span class='ocrx_word' id='word_1_742' title='bbox 2427 2938 2854 3009; x_wconf 88' lang='grc' dir='ltr'>κατεπαύσαμεν</span> <span class='ocrx_word' id='word_1_743' title='bbox 2898 2938 2996 3009; x_wconf 80' lang='grc' dir='ltr'>τὴν</span> <span class='ocrx_word' id='word_1_744' title='bbox 3042 2938 3409 2991; x_wconf 83' lang='grc' dir='ltr'>διδασκαλίαν.</span> <span class='ocrx_word' id='word_1_745' title='bbox 3438 2938 3731 3011; x_wconf 89' lang='grc' dir='ltr'>Μέμνησθε</span> <span class='ocrx_word' id='word_1_746' title='bbox 3765 2939 3873 3009; x_wconf 83' lang='grc' dir='ltr'>γάρ</span> 
     </span>
    </p>
   </div>
   <div class='ocr_carea' id='block_1_99' title="bbox 2220 3023 3871 3095">
    <p class='ocr_par' dir='ltr' id='par_1_99' title="bbox 2220 3023 3871 3095">
     <span class='ocr_line' id='line_1_99' title="bbox 2220 3023 3871 3095; baseline -0.001 -19"><span class='ocrx_word' id='word_1_747' title='bbox 2220 3026 2349 3088; x_wconf 71' lang='grc' dir='ltr'>ἴσως</span> <span class='ocrx_word' id='word_1_748' title='bbox 2396 3025 2490 3077; x_wconf 76' lang='grc' dir='ltr'>καί</span> <span class='ocrx_word' id='word_1_749' title='bbox 2524 3024 2697 3086; x_wconf 77' lang='grc' dir='ltr'>αὑτοὶ,</span> <span class='ocrx_word' id='word_1_750' title='bbox 2733 3025 2819 3077; x_wconf 75' lang='grc' dir='ltr'>ὅτε</span> <span class='ocrx_word' id='word_1_751' title='bbox 2868 3024 2965 3094; x_wconf 78' lang='grc' dir='ltr'>τὴν</span> <span class='ocrx_word' id='word_1_752' title='bbox 3011 3024 3189 3077; x_wconf 79' lang='grc' dir='ltr'>αἰτίαν</span> <span class='ocrx_word' id='word_1_753' title='bbox 3247 3024 3549 3095; x_wconf 71' lang='grc' dir='ltr'>εἰρήκαμεν</span> <span class='ocrx_word' id='word_1_754' title='bbox 3601 3023 3756 3092; x_wconf 92' lang='grc' dir='ltr'>ὑμῶν</span> <span class='ocrx_word' id='word_1_755' title='bbox 3806 3027 3871 3093; x_wconf 80' lang='grc' dir='ltr'>τῇ</span> 
     </span>
    </p>
   </div>
   <div class='ocr_carea' id='block_1_100' title="bbox 2215 3110 3868 3184">
    <p class='ocr_par' dir='ltr' id='par_1_100' title="bbox 2215 3110 3868 3184">
     <span class='ocr_line' id='line_1_100' title="bbox 2215 3110 3868 3184; baseline -0.003 -17"><span class='ocrx_word' id='word_1_756' title='bbox 2215 3112 2423 3184; x_wconf 79' lang='grc' dir='ltr'>ἀγάπῃ,</span> <span class='ocrx_word' id='word_1_757' title='bbox 2464 3113 2606 3174; x_wconf 87' lang='grc' dir='ltr'>τίνος</span> <span class='ocrx_word' id='word_1_758' title='bbox 2638 3112 2823 3165; x_wconf 76' lang='grc' dir='ltr'>ἕνεκεν</span> <span class='ocrx_word' id='word_1_759' title='bbox 2849 3111 2955 3164; x_wconf 78' lang='grc' dir='ltr'>ἀπὸ</span> <span class='ocrx_word' id='word_1_760' title='bbox 2992 3110 3091 3179; x_wconf 83' lang='grc' dir='ltr'>μὲν</span> <span class='ocrx_word' id='word_1_761' title='bbox 3120 3112 3228 3162; x_wconf 89' lang='grc' dir='ltr'>τῶν</span> <span class='ocrx_word' id='word_1_762' title='bbox 3255 3111 3509 3182; x_wconf 89' lang='grc' dir='ltr'>καθαρῶν</span> <span class='ocrx_word' id='word_1_763' title='bbox 3536 3111 3674 3164; x_wconf 80' lang='grc' dir='ltr'>ἐπτά</span> <span class='ocrx_word' id='word_1_764' title='bbox 3704 3127 3868 3182; x_wconf 87' lang='grc' dir='ltr'>προσ-</span> 
     </span>
    </p>
   </div>
   <div class='ocr_carea' id='block_1_101' title="bbox 2216 3195 3870 3269">
    <p class='ocr_par' dir='ltr' id='par_1_101' title="bbox 2216 3195 3870 3269">
     <span class='ocr_line' id='line_1_101' title="bbox 2216 3195 3870 3269; baseline -0.002 -16"><span class='ocrx_word' id='word_1_765' title='bbox 2216 3200 2401 3266; x_wconf 77' lang='grc' dir='ltr'>έταξεν</span> <span class='ocrx_word' id='word_1_766' title='bbox 2430 3197 2766 3269; x_wconf 82' lang='grc' dir='ltr'>εἰσαχθῆναι,</span> <span class='ocrx_word' id='word_1_767' title='bbox 2795 3195 2903 3250; x_wconf 85' lang='grc' dir='ltr'>ἀπὸ</span> <span class='ocrx_word' id='word_1_768' title='bbox 2933 3197 2987 3250; x_wconf 88' lang='grc' dir='ltr'>δέ</span> <span class='ocrx_word' id='word_1_769' title='bbox 3014 3198 3119 3251; x_wconf 90' lang='grc' dir='ltr'>τῶν</span> <span class='ocrx_word' id='word_1_770' title='bbox 3144 3197 3470 3269; x_wconf 90' lang='grc' dir='ltr'>ἀκαθάρτων</span> <span class='ocrx_word' id='word_1_771' title='bbox 3494 3196 3587 3250; x_wconf 92' lang='grc' dir='ltr'>δύο</span> <span class='ocrx_word' id='word_1_772' title='bbox 3611 3196 3870 3267; x_wconf 73' lang='grc' dir='ltr'>δύο.Φέρε</span> 
     </span>
    </p>
   </div>
   <div class='ocr_carea' id='block_1_102' title="bbox 2213 3283 3862 3356">
    <p class='ocr_par' dir='ltr' id='par_1_102' title="bbox 2213 3283 3862 3356">
     <span class='ocr_line' id='line_1_102' title="bbox 2213 3283 3862 3356; baseline -0.003 -15"><span class='ocrx_word' id='word_1_773' title='bbox 2213 3283 2306 3341; x_wconf 84' lang='grc' dir='ltr'>οὖν</span> <span class='ocrx_word' id='word_1_774' title='bbox 2336 3287 2519 3341; x_wconf 84' lang='grc' dir='ltr'>λοιπὸν</span> <span class='ocrx_word' id='word_1_775' title='bbox 2548 3288 2786 3356; x_wconf 80' lang='grc' dir='ltr'>σήμερον</span> <span class='ocrx_word' id='word_1_776' title='bbox 2807 3287 2919 3348; x_wconf 89' lang='grc' dir='ltr'>τοῖς</span> <span class='ocrx_word' id='word_1_777' title='bbox 2947 3285 3075 3354; x_wconf 81' lang='grc' dir='ltr'>ἑξῆς</span> <span class='ocrx_word' id='word_1_778' title='bbox 3117 3285 3542 3352; x_wconf 88' lang='grc' dir='ltr'>ἀναγνωσθεῖσιν</span> <span class='ocrx_word' id='word_1_779' title='bbox 3572 3283 3862 3349; x_wconf 77' lang='grc' dir='ltr'>ἐπεξέλθω-</span> 
     </span>
    </p>
   </div>
   <div class='ocr_carea' id='block_1_103' title="bbox 2217 3370 3870 3446">
    <p class='ocr_par' dir='ltr' id='par_1_103' title="bbox 2217 3370 3870 3446">
     <span class='ocr_line' id='line_1_103' title="bbox 2217 3370 3870 3446; baseline -0.004 -18"><span class='ocrx_word' id='word_1_780' title='bbox 2217 3392 2337 3446; x_wconf 88' lang='grc' dir='ltr'>μεν,</span> <span class='ocrx_word' id='word_1_781' title='bbox 2364 3374 2458 3428; x_wconf 76' lang='grc' dir='ltr'>καὶ</span> <span class='ocrx_word' id='word_1_782' title='bbox 2507 3373 2705 3443; x_wconf 74' lang='grc' dir='ltr'>ἴδωμεν</span> <span class='ocrx_word' id='word_1_783' title='bbox 2733 3372 2783 3425; x_wconf 90' lang='grc' dir='ltr'>τί</span> <span class='ocrx_word' id='word_1_784' title='bbox 2815 3373 3082 3443; x_wconf 89' lang='grc' dir='ltr'>διηγεῖται</span> <span class='ocrx_word' id='word_1_785' title='bbox 3114 3373 3303 3442; x_wconf 86' lang='grc' dir='ltr'>ήμῖν.ή</span> <span class='ocrx_word' id='word_1_786' title='bbox 3336 3371 3456 3424; x_wconf 88' lang='grc' dir='ltr'>θεία</span> <span class='ocrx_word' id='word_1_787' title='bbox 3504 3370 3691 3442; x_wconf 75' lang='grc' dir='ltr'>Γραφὴ</span> <span class='ocrx_word' id='word_1_788' title='bbox 3734 3371 3870 3439; x_wconf 83' lang='grc' dir='ltr'>μετά</span> 
     </span>
    </p>
   </div>
   <div class='ocr_carea' id='block_1_104' title="bbox 2211 3457 3870 3534">
    <p class='ocr_par' dir='ltr' id='par_1_104' title="bbox 2211 3457 3870 3534">
     <span class='ocr_line' id='line_1_104' title="bbox 2211 3457 3870 3534; baseline -0.005 -19"><span class='ocrx_word' id='word_1_789' title='bbox 2211 3463 2312 3534; x_wconf 80' lang='grc' dir='ltr'>τὴν</span> <span class='ocrx_word' id='word_1_790' title='bbox 2346 3460 2548 3515; x_wconf 75' lang='grc' dir='ltr'>εἴσοδον</span> <span class='ocrx_word' id='word_1_791' title='bbox 2575 3458 2670 3514; x_wconf 88' lang='grc' dir='ltr'>τοῦ</span> <span class='ocrx_word' id='word_1_792' title='bbox 2708 3459 2829 3513; x_wconf 88' lang='grc' dir='ltr'>Νῶε</span> <span class='ocrx_word' id='word_1_793' title='bbox 2868 3460 2947 3522; x_wconf 89' lang='grc' dir='ltr'>εἰς</span> <span class='ocrx_word' id='word_1_794' title='bbox 2979 3458 3074 3530; x_wconf 85' lang='grc' dir='ltr'>τὴν</span> <span class='ocrx_word' id='word_1_795' title='bbox 3105 3459 3356 3514; x_wconf 88' lang='grc' dir='ltr'>κιϐωτόν.</span> <span class='ocrx_word' id='word_1_796' title='bbox 3394 3457 3508 3512; x_wconf 86' lang='grc' dir='ltr'>Νῦν</span> <span class='ocrx_word' id='word_1_797' title='bbox 3542 3458 3672 3531; x_wconf 81' lang='grc' dir='ltr'>γάρ.</span> <span class='ocrx_word' id='word_1_798' title='bbox 3705 3458 3754 3509; x_wconf 85' lang='grc' dir='ltr'>εί</span> <span class='ocrx_word' id='word_1_799' title='bbox 3780 3459 3870 3511; x_wconf 83' lang='grc' dir='ltr'>καί</span> 
     </span>
    </p>
   </div>
   <div class='ocr_carea' id='block_1_105' title="bbox 2219 3545 3869 3618">
    <p class='ocr_par' dir='ltr' id='par_1_105' title="bbox 2219 3545 3869 3618">
     <span class='ocr_line' id='line_1_105' title="bbox 2219 3545 3869 3618; baseline -0.004 -14"><span class='ocrx_word' id='word_1_800' title='bbox 2219 3567 2350 3604; x_wconf 85' lang='grc' dir='ltr'>ποτε</span> <span class='ocrx_word' id='word_1_801' title='bbox 2374 3549 2586 3611; x_wconf 81' lang='grc' dir='ltr'>ἄλλοτε,</span> <span class='ocrx_word' id='word_1_802' title='bbox 2617 3548 2848 3618; x_wconf 86' lang='grc' dir='ltr'>μάλιστα</span> <span class='ocrx_word' id='word_1_803' title='bbox 2875 3545 3074 3617; x_wconf 80' lang='grc' dir='ltr'>πολλὴν</span> <span class='ocrx_word' id='word_1_804' title='bbox 3125 3545 3528 3600; x_wconf 87' lang='grc' dir='ltr'>ἐπιδείκνυσθαι</span> <span class='ocrx_word' id='word_1_805' title='bbox 3550 3546 3695 3616; x_wconf 79' lang='grc' dir='ltr'>ἡμᾶς</span> <span class='ocrx_word' id='word_1_806' title='bbox 3712 3560 3869 3615; x_wconf 83' lang='grc' dir='ltr'>προσ-</span> 
     </span>
    </p>
   </div>
   <div class='ocr_carea' id='block_1_106' title="bbox 2214 3633 3868 3709">
    <p class='ocr_par' dir='ltr' id='par_1_106' title="bbox 2214 3633 3868 3709">
     <span class='ocr_line' id='line_1_106' title="bbox 2214 3633 3868 3709; baseline -0.004 -18"><span class='ocrx_word' id='word_1_807' title='bbox 2214 3640 2338 3709; x_wconf 82' lang='grc' dir='ltr'>ήκει</span> <span class='ocrx_word' id='word_1_808' title='bbox 2372 3638 2470 3708; x_wconf 83' lang='grc' dir='ltr'>τὴν</span> <span class='ocrx_word' id='word_1_809' title='bbox 2505 3637 2760 3703; x_wconf 76' lang='grc' dir='ltr'>σπουδὴν,</span> <span class='ocrx_word' id='word_1_810' title='bbox 2794 3636 2881 3688; x_wconf 87' lang='grc' dir='ltr'>ὅτε</span> <span class='ocrx_word' id='word_1_811' title='bbox 2912 3634 2998 3688; x_wconf 88' lang='grc' dir='ltr'>διά</span> <span class='ocrx_word' id='word_1_812' title='bbox 3020 3634 3110 3687; x_wconf 81' lang='grc' dir='ltr'>τὸν</span> <span class='ocrx_word' id='word_1_813' title='bbox 3153 3635 3253 3705; x_wconf 83' lang='grc' dir='ltr'>τῆς</span> <span class='ocrx_word' id='word_1_814' title='bbox 3282 3633 3533 3704; x_wconf 86' lang='grc' dir='ltr'>νηστείας</span> <span class='ocrx_word' id='word_1_815' title='bbox 3561 3633 3749 3703; x_wconf 79' lang='grc' dir='ltr'>καιρὸν</span> <span class='ocrx_word' id='word_1_816' title='bbox 3781 3634 3868 3687; x_wconf 84' lang='grc' dir='ltr'>καί</span> 
     </span>
    </p>
   </div>
   <div class='ocr_carea' id='block_1_107' title="bbox 2213 3718 3867 3795">
    <p class='ocr_par' dir='ltr' id='par_1_107' title="bbox 2213 3718 3867 3795">
     <span class='ocr_line' id='line_1_107' title="bbox 2213 3718 3867 3795; baseline -0.004 -18"><span class='ocrx_word' id='word_1_817' title='bbox 2213 3725 2312 3794; x_wconf 82' lang='grc' dir='ltr'>τῆς</span> <span class='ocrx_word' id='word_1_818' title='bbox 2348 3724 2568 3795; x_wconf 77' lang='grc' dir='ltr'>ἡδίστης</span> <span class='ocrx_word' id='word_1_819' title='bbox 2593 3722 2746 3793; x_wconf 85' lang='grc' dir='ltr'>ὑμῶν</span> <span class='ocrx_word' id='word_1_820' title='bbox 2778 3720 3067 3791; x_wconf 88' lang='grc' dir='ltr'>συντυχίας</span> <span class='ocrx_word' id='word_1_821' title='bbox 3096 3720 3332 3791; x_wconf 88' lang='grc' dir='ltr'>συνεχῶς</span> <span class='ocrx_word' id='word_1_822' title='bbox 3364 3718 3729 3788; x_wconf 88' lang='grc' dir='ltr'>ἀπολαύομεν,</span> <span class='ocrx_word' id='word_1_823' title='bbox 3777 3720 3867 3773; x_wconf 68' lang='grc' dir='ltr'>καὶ</span> 
     </span>
    </p>
   </div>
   <div class='ocr_carea' id='block_1_108' title="bbox 2211 3806 3867 3882">
    <p class='ocr_par' dir='ltr' id='par_1_108' title="bbox 2211 3806 3867 3882">
     <span class='ocr_line' id='line_1_108' title="bbox 2211 3806 3867 3882; baseline -0.002 -20"><span class='ocrx_word' id='word_1_824' title='bbox 2211 3811 2311 3881; x_wconf 88' lang='grc' dir='ltr'>τῆς</span> <span class='ocrx_word' id='word_1_825' title='bbox 2360 3812 2488 3882; x_wconf 78' lang='grc' dir='ltr'>περὶ</span> <span class='ocrx_word' id='word_1_826' title='bbox 2541 3811 2637 3879; x_wconf 77' lang='grc' dir='ltr'>τὴν</span> <span class='ocrx_word' id='word_1_827' title='bbox 2683 3808 2894 3880; x_wconf 80' lang='grc' dir='ltr'>τρυφὴν</span> <span class='ocrx_word' id='word_1_828' title='bbox 2943 3808 3250 3880; x_wconf 84' lang='grc' dir='ltr'>ἀδηφαγίας</span> <span class='ocrx_word' id='word_1_829' title='bbox 3311 3806 3728 3877; x_wconf 88' lang='grc' dir='ltr'>ἀπηλλάγμεθα,</span> <span class='ocrx_word' id='word_1_830' title='bbox 3777 3808 3867 3859; x_wconf 80' lang='grc' dir='ltr'>καί</span> 
     </span>
    </p>
   </div>
   <div class='ocr_carea' id='block_1_109' title="bbox 2212 3893 3865 3968">
    <p class='ocr_par' dir='ltr' id='par_1_109' title="bbox 2212 3893 3865 3968">
     <span class='ocr_line' id='line_1_109' title="bbox 2212 3893 3865 3968; baseline -0.003 -18"><span class='ocrx_word' id='word_1_831' title='bbox 2212 3897 2649 3968; x_wconf 86' lang='grc' dir='ltr'>διεγηγερμένων</span> <span class='ocrx_word' id='word_1_832' title='bbox 2681 3896 2896 3967; x_wconf 80' lang='grc' dir='ltr'>ἔχοντες</span> <span class='ocrx_word' id='word_1_833' title='bbox 2950 3896 3040 3948; x_wconf 79' lang='grc' dir='ltr'>τὸν</span> <span class='ocrx_word' id='word_1_834' title='bbox 3091 3894 3349 3965; x_wconf 78' lang='grc' dir='ltr'>λογισμὸν</span> <span class='ocrx_word' id='word_1_835' title='bbox 3403 3893 3679 3964; x_wconf 86' lang='grc' dir='ltr'>δυνάμεθα</span> <span class='ocrx_word' id='word_1_836' title='bbox 3735 3893 3865 3963; x_wconf 83' lang='grc' dir='ltr'>μετά</span> 
     </span>
    </p>
   </div>
   <div class='ocr_carea' id='block_1_110' title="bbox 2213 3977 3868 4057">
    <p class='ocr_par' dir='ltr' id='par_1_110' title="bbox 2213 3977 3868 4057">
     <span class='ocr_line' id='line_1_110' title="bbox 2213 3977 3868 4057; baseline -0.004 -19"><span class='ocrx_word' id='word_1_837' title='bbox 2213 3986 2499 4057; x_wconf 86' lang='grc' dir='ltr'>ἀκριϐείας</span> <span class='ocrx_word' id='word_1_838' title='bbox 2525 3985 2813 4055; x_wconf 87' lang='grc' dir='ltr'>προσέχειν</span> <span class='ocrx_word' id='word_1_839' title='bbox 2840 3987 2954 4047; x_wconf 86' lang='grc' dir='ltr'>τοῖς</span> <span class='ocrx_word' id='word_1_840' title='bbox 2993 3983 3328 4053; x_wconf 88' lang='grc' dir='ltr'>λεγομένοις.</span> <span class='ocrx_word' id='word_1_841' title='bbox 3358 3982 3527 4035; x_wconf 89' lang='grc' dir='ltr'>Πόθεν</span> <span class='ocrx_word' id='word_1_842' title='bbox 3557 3977 3648 4035; x_wconf 80' lang='grc' dir='ltr'>οῦν</span> <span class='ocrx_word' id='word_1_843' title='bbox 3677 3983 3805 4051; x_wconf 86' lang='grc' dir='ltr'>ἡμῖν</span> <span class='ocrx_word' id='word_1_844' title='bbox 3836 3980 3868 4049; x_wconf 80' lang='grc' dir='ltr'>ή</span> 
     </span>
    </p>
   </div>
   <div class='ocr_carea' id='block_1_111' title="bbox 2213 4069 3868 4145">
    <p class='ocr_par' dir='ltr' id='par_1_111' title="bbox 2213 4069 3868 4145">
     <span class='ocr_line' id='line_1_111' title="bbox 2213 4069 3868 4145; baseline -0.004 -18"><span class='ocrx_word' id='word_1_845' title='bbox 2213 4073 2355 4145; x_wconf 85' lang='grc' dir='ltr'>ἀρχὴ</span> <span class='ocrx_word' id='word_1_846' title='bbox 2402 4073 2592 4141; x_wconf 83' lang='grc' dir='ltr'>γέγονε</span> <span class='ocrx_word' id='word_1_847' title='bbox 2626 4072 2734 4124; x_wconf 90' lang='grc' dir='ltr'>τῶν</span> <span class='ocrx_word' id='word_1_848' title='bbox 2783 4074 3022 4143; x_wconf 84' lang='grc' dir='ltr'>σήμερον</span> <span class='ocrx_word' id='word_1_849' title='bbox 3060 4069 3540 4139; x_wconf 81' lang='grc' dir='ltr'>ἀναγνωσθέντων,</span> <span class='ocrx_word' id='word_1_850' title='bbox 3575 4070 3868 4137; x_wconf 83' lang='grc' dir='ltr'>ἀναγκαῖον</span> 
     </span>
    </p>
   </div>
   <div class='ocr_carea' id='block_1_112' title="bbox 2214 4155 3868 4229">
    <p class='ocr_par' dir='ltr' id='par_1_112' title="bbox 2214 4155 3868 4229">
     <span class='ocr_line' id='line_1_112' title="bbox 2214 4155 3868 4229; baseline -0.006 -15"><span class='ocrx_word' id='word_1_851' title='bbox 2214 4164 2409 4215; x_wconf 87' lang='grc' dir='ltr'>εἰπεῖν.</span> <span class='ocrx_word' id='word_1_852' title='bbox 2433 4160 2559 4215; x_wconf 78' lang='grc' dir='ltr'>Νῶε</span> <span class='ocrx_word' id='word_1_853' title='bbox 2588 4159 2655 4213; x_wconf 81' lang='grc' dir='ltr'>δὲ</span> <span class='ocrx_word' id='word_1_854' title='bbox 2678 4155 2758 4229; x_wconf 84' lang='grc' dir='ltr'>ἦν</span> <span class='ocrx_word' id='word_1_855' title='bbox 2784 4159 2936 4214; x_wconf 86' lang='grc' dir='ltr'>ἐτῶν</span> <span class='ocrx_word' id='word_1_856' title='bbox 2964 4158 3318 4223; x_wconf 76' lang='grc' dir='ltr'>ἑξακοσίων,</span> <span class='ocrx_word' id='word_1_857' title='bbox 3336 4156 3487 4227; x_wconf 74' lang='grc' dir='ltr'>φησί,</span> <span class='ocrx_word' id='word_1_858' title='bbox 3512 4155 3609 4210; x_wconf 73' lang='grc' dir='ltr'>καὶ</span> <span class='ocrx_word' id='word_1_859' title='bbox 3634 4159 3666 4209; x_wconf 86' lang='grc' dir='ltr'>ό</span> <span class='ocrx_word' id='word_1_860' title='bbox 3697 4173 3868 4208; x_wconf 76' lang='grc' dir='ltr'>κατα-</span> 
     </span>
    </p>
   </div>
   <div class='ocr_carea' id='block_1_113' title="bbox 2212 4242 3869 4317">
    <p class='ocr_par' dir='ltr' id='par_1_113' title="bbox 2212 4242 3869 4317">
     <span class='ocr_line' id='line_1_113' title="bbox 2212 4242 3869 4317; baseline -0.005 -16"><span class='ocrx_word' id='word_1_861' title='bbox 2212 4246 2488 4317; x_wconf 75' lang='grc' dir='ltr'>κλυσμὸς</span> <span class='ocrx_word' id='word_1_862' title='bbox 2508 4245 2617 4300; x_wconf 88' lang='grc' dir='ltr'>τοῦ</span> <span class='ocrx_word' id='word_1_863' title='bbox 2644 4245 2862 4311; x_wconf 76' lang='grc' dir='ltr'>ὓδατος</span> <span class='ocrx_word' id='word_1_864' title='bbox 2888 4244 3125 4315; x_wconf 74' lang='grc' dir='ltr'>ἐγένετο</span> <span class='ocrx_word' id='word_1_865' title='bbox 3149 4245 3247 4297; x_wconf 77' lang='grc' dir='ltr'>ἐπὶ</span> <span class='ocrx_word' id='word_1_866' title='bbox 3276 4242 3527 4312; x_wconf 72' lang='grc' dir='ltr'>τῆςγῆς.</span> <span class='ocrx_word' id='word_1_867' title='bbox 3548 4242 3869 4312; x_wconf 82' lang='grc' dir='ltr'>Προσέχετε,</span> 
     </span>
    </p>
   </div>
   <div class='ocr_carea' id='block_1_114' title="bbox 2213 4331 3867 4408">
    <p class='ocr_par' dir='ltr' id='par_1_114' title="bbox 2213 4331 3867 4408">
     <span class='ocr_line' id='line_1_114' title="bbox 2213 4331 3867 4408; baseline -0.005 -19"><span class='ocrx_word' id='word_1_868' title='bbox 2213 4335 2533 4408; x_wconf 88' lang='grc' dir='ltr'>παρακαλῶ,</span> <span class='ocrx_word' id='word_1_869' title='bbox 2565 4335 2657 4388; x_wconf 74' lang='grc' dir='ltr'>καὶ</span> <span class='ocrx_word' id='word_1_870' title='bbox 2683 4336 2756 4407; x_wconf 81' lang='grc' dir='ltr'>μὴ</span> <span class='ocrx_word' id='word_1_871' title='bbox 2788 4334 2973 4398; x_wconf 88' lang='grc' dir='ltr'>ἀπλῶς</span> <span class='ocrx_word' id='word_1_872' title='bbox 2990 4334 3432 4405; x_wconf 85' lang='grc' dir='ltr'>παραδράμωμεν</span> <span class='ocrx_word' id='word_1_873' title='bbox 3458 4332 3517 4383; x_wconf 75' lang='grc' dir='ltr'>τὸ</span> <span class='ocrx_word' id='word_1_874' title='bbox 3546 4331 3834 4401; x_wconf 86' lang='grc' dir='ltr'>εἰρημένον</span> <span class='ocrx_word' id='word_1_875' title='bbox 3853 4345 3867 4358; x_wconf 75' lang='grc' dir='ltr'><strong><em>ο</em></strong></span> 
     </span>
    </p>
   </div>
   <div class='ocr_carea' id='block_1_115' title="bbox 2210 4412 3869 4488">
    <p class='ocr_par' dir='ltr' id='par_1_115' title="bbox 2210 4412 3869 4488">
     <span class='ocr_line' id='line_1_115' title="bbox 2210 4412 3869 4488; baseline -0.004 -17"><span class='ocrx_word' id='word_1_876' title='bbox 2210 4419 2324 4488; x_wconf 75' lang='grc' dir='ltr'>ἔχει</span> <span class='ocrx_word' id='word_1_877' title='bbox 2352 4420 2462 4488; x_wconf 89' lang='grc' dir='ltr'>γάρ</span> <span class='ocrx_word' id='word_1_878' title='bbox 2483 4434 2603 4470; x_wconf 89' lang='grc' dir='ltr'>τινα</span> <span class='ocrx_word' id='word_1_879' title='bbox 2628 4417 2855 4470; x_wconf 86' lang='grc' dir='ltr'>πλοῦτον</span> <span class='ocrx_word' id='word_1_880' title='bbox 2886 4417 3332 4487; x_wconf 86' lang='grc' dir='ltr'>ἐγκεκρυμμένον</span> <span class='ocrx_word' id='word_1_881' title='bbox 3353 4418 3510 4467; x_wconf 75' lang='grc' dir='ltr'>ταυτὶ</span> <span class='ocrx_word' id='word_1_882' title='bbox 3530 4414 3596 4466; x_wconf 87' lang='grc' dir='ltr'>τά</span> <span class='ocrx_word' id='word_1_883' title='bbox 3623 4412 3869 4483; x_wconf 70' lang='grc' dir='ltr'>βραχέαιί</span> 
     </span>
    </p>
   </div>
   <div class='ocr_carea' id='block_1_116' title="bbox 2213 4502 3869 4575">
    <p class='ocr_par' dir='ltr' id='par_1_116' title="bbox 2213 4502 3869 4575">
     <span class='ocr_line' id='line_1_116' title="bbox 2213 4502 3869 4575; baseline -0.001 -18"><span class='ocrx_word' id='word_1_884' title='bbox 2213 4507 2453 4575; x_wconf 87' lang='grc' dir='ltr'>ῥήματα,</span> <span class='ocrx_word' id='word_1_885' title='bbox 2488 4504 2584 4557; x_wconf 68' lang='grc' dir='ltr'>καὶ.</span> <span class='ocrx_word' id='word_1_886' title='bbox 2610 4504 2706 4556; x_wconf 83' lang='grc' dir='ltr'>ἐὰν</span> <span class='ocrx_word' id='word_1_887' title='bbox 2747 4508 3108 4573; x_wconf 85' lang='grc' dir='ltr'>συντείνωμεν</span> <span class='ocrx_word' id='word_1_888' title='bbox 3164 4504 3319 4573; x_wconf 88' lang='grc' dir='ltr'>ήμῶν</span> <span class='ocrx_word' id='word_1_889' title='bbox 3343 4503 3443 4573; x_wconf 82' lang='grc' dir='ltr'>τὴν</span> <span class='ocrx_word' id='word_1_890' title='bbox 3485 4502 3745 4565; x_wconf 86' lang='grc' dir='ltr'>διάνοιαν,</span> <span class='ocrx_word' id='word_1_891' title='bbox 3776 4505 3869 4555; x_wconf 72' lang='grc' dir='ltr'>καὶ</span> 
     </span>
    </p>
   </div>
   <div class='ocr_carea' id='block_1_117' title="bbox 2211 4588 3865 4660">
    <p class='ocr_par' dir='ltr' id='par_1_117' title="bbox 2211 4588 3865 4660">
     <span class='ocr_line' id='line_1_117' title="bbox 2211 4588 3865 4660; baseline 0 -18"><span class='ocrx_word' id='word_1_892' title='bbox 2211 4590 2269 4656; x_wconf 78' lang='grc' dir='ltr'>ἐξ</span> <span class='ocrx_word' id='word_1_893' title='bbox 2289 4590 2454 4645; x_wconf 89' lang='grc' dir='ltr'>αὑτοῦ</span> <span class='ocrx_word' id='word_1_894' title='bbox 2485 4590 2674 4642; x_wconf 89' lang='grc' dir='ltr'>τούτου</span> <span class='ocrx_word' id='word_1_895' title='bbox 2703 4589 3046 4660; x_wconf 87' lang='grc' dir='ltr'>δυνησόμεθα</span> <span class='ocrx_word' id='word_1_896' title='bbox 3085 4588 3423 4659; x_wconf 76' lang='grc' dir='ltr'>καταμαθεῖν</span> <span class='ocrx_word' id='word_1_897' title='bbox 3449 4589 3549 4659; x_wconf 84' lang='grc' dir='ltr'>τῆς</span> <span class='ocrx_word' id='word_1_898' title='bbox 3579 4605 3638 4641; x_wconf 89' lang='grc' dir='ltr'>τε</span> <span class='ocrx_word' id='word_1_899' title='bbox 3686 4590 3865 4657; x_wconf 61' lang='grc' dir='ltr'>φίλαν»</span> 
     </span>
    </p>
   </div>
   <div class='ocr_carea' id='block_1_118' title="bbox 2212 4675 3870 4749">
    <p class='ocr_par' dir='ltr' id='par_1_118' title="bbox 2212 4675 3870 4749">
     <span class='ocr_line' id='line_1_118' title="bbox 2212 4675 3870 4749; baseline -0.002 -19"><span class='ocrx_word' id='word_1_900' title='bbox 2212 4677 2456 4749; x_wconf 84' lang='grc' dir='ltr'>θρωπίας</span> <span class='ocrx_word' id='word_1_901' title='bbox 2488 4677 2580 4731; x_wconf 86' lang='grc' dir='ltr'>τοῦ</span> <span class='ocrx_word' id='word_1_902' title='bbox 2603 4676 2873 4731; x_wconf 88' lang='grc' dir='ltr'>Δεσπότου</span> <span class='ocrx_word' id='word_1_903' title='bbox 2906 4678 3004 4747; x_wconf 84' lang='grc' dir='ltr'>τὴν</span> <span class='ocrx_word' id='word_1_904' title='bbox 3036 4676 3360 4746; x_wconf 81' lang='grc' dir='ltr'>ὑπερϐολὴν,</span> <span class='ocrx_word' id='word_1_905' title='bbox 3380 4676 3473 4729; x_wconf 72' lang='grc' dir='ltr'>καὶ</span> <span class='ocrx_word' id='word_1_906' title='bbox 3501 4675 3601 4745; x_wconf 87' lang='grc' dir='ltr'>τῆς</span> <span class='ocrx_word' id='word_1_907' title='bbox 3621 4676 3730 4728; x_wconf 88' lang='grc' dir='ltr'>τῶν</span> <span class='ocrx_word' id='word_1_908' title='bbox 3750 4676 3870 4727; x_wconf 85' lang='grc' dir='ltr'>τότε</span> 
     </span>
    </p>
   </div>
   <div class='ocr_carea' id='block_1_119' title="bbox 2209 4756 3873 4836">
    <p class='ocr_par' dir='ltr' id='par_1_119' title="bbox 2209 4756 3873 4836">
     <span class='ocr_line' id='line_1_119' title="bbox 2209 4756 3873 4836; baseline -0.005 -17"><span class='ocrx_word' id='word_1_909' title='bbox 2209 4765 2511 4836; x_wconf 85' lang='grc' dir='ltr'>ἀνθρώπων</span> <span class='ocrx_word' id='word_1_910' title='bbox 2556 4764 2755 4828; x_wconf 89' lang='grc' dir='ltr'>κακίας</span> <span class='ocrx_word' id='word_1_911' title='bbox 2802 4764 2901 4835; x_wconf 79' lang='grc' dir='ltr'>τήν</span> <span class='ocrx_word' id='word_1_912' title='bbox 2956 4762 3155 4833; x_wconf 84' lang='grc' dir='ltr'>πολλὴν</span> <span class='ocrx_word' id='word_1_913' title='bbox 3194 4763 3463 4815; x_wconf 86' lang='grc' dir='ltr'>ἐπίτασιν.</span> <span class='ocrx_word' id='word_1_914' title='bbox 3515 4761 3642 4815; x_wconf 85' lang='grc' dir='ltr'>Νῶε</span> <span class='ocrx_word' id='word_1_915' title='bbox 3682 4761 3751 4813; x_wconf 77' lang='grc' dir='ltr'>δὲ</span> <span class='ocrx_word' id='word_1_916' title='bbox 3794 4756 3873 4830; x_wconf 74' lang='grc' dir='ltr'>ἦν</span> 
     </span>
    </p>
   </div>
   <div class='ocr_carea' id='block_1_120' title="bbox 2209 4848 3872 4921">
    <p class='ocr_par' dir='ltr' id='par_1_120' title="bbox 2209 4848 3872 4921">
     <span class='ocr_line' id='line_1_120' title="bbox 2209 4848 3872 4921; baseline -0.004 -17"><span class='ocrx_word' id='word_1_917' title='bbox 2209 4850 2377 4916; x_wconf 85' lang='grc' dir='ltr'>ἑτῶν,</span> <span class='ocrx_word' id='word_1_918' title='bbox 2403 4851 2588 4921; x_wconf 73' lang='grc' dir='ltr'>φησὶν,</span> <span class='ocrx_word' id='word_1_919' title='bbox 2607 4849 2959 4915; x_wconf 75' lang='grc' dir='ltr'>ἑξακοσίων.</span> <span class='ocrx_word' id='word_1_920' title='bbox 3000 4850 3111 4920; x_wconf 85' lang='grc' dir='ltr'>Οὑχ</span> <span class='ocrx_word' id='word_1_921' title='bbox 3138 4848 3322 4912; x_wconf 89' lang='grc' dir='ltr'>άπλῶς</span> <span class='ocrx_word' id='word_1_922' title='bbox 3358 4851 3504 4920; x_wconf 80' lang='grc' dir='ltr'>ἡμᾶς</span> <span class='ocrx_word' id='word_1_923' title='bbox 3522 4849 3612 4902; x_wconf 82' lang='grc' dir='ltr'>τὸν</span> <span class='ocrx_word' id='word_1_924' title='bbox 3641 4848 3872 4919; x_wconf 78' lang='grc' dir='ltr'>ἀριθμὸν</span> 
     </span>
    </p>
   </div>
   <div class='ocr_carea' id='block_1_121' title="bbox 2208 4934 3872 5005">
    <p class='ocr_par' dir='ltr' id='par_1_121' title="bbox 2208 4934 3872 5005">
     <span class='ocr_line' id='line_1_121' title="bbox 2208 4934 3872 5005; baseline -0.002 -14"><span class='ocrx_word' id='word_1_925' title='bbox 2208 4937 2317 4991; x_wconf 87' lang='grc' dir='ltr'>τῶν</span> <span class='ocrx_word' id='word_1_926' title='bbox 2351 4940 2487 4991; x_wconf 89' lang='grc' dir='ltr'>ἐτῶν</span> <span class='ocrx_word' id='word_1_927' title='bbox 2521 4936 2725 5002; x_wconf 77' lang='grc' dir='ltr'>ἐδίδαξε</span> <span class='ocrx_word' id='word_1_928' title='bbox 2766 4936 2860 4990; x_wconf 87' lang='grc' dir='ltr'>τοῦ</span> <span class='ocrx_word' id='word_1_929' title='bbox 2882 4938 3113 5001; x_wconf 88' lang='grc' dir='ltr'>δικαίου,</span> <span class='ocrx_word' id='word_1_930' title='bbox 3154 4936 3275 4990; x_wconf 86' lang='grc' dir='ltr'>οὑδέ</span> <span class='ocrx_word' id='word_1_931' title='bbox 3302 4937 3388 4991; x_wconf 83' lang='grc' dir='ltr'>ἵνα</span> <span class='ocrx_word' id='word_1_932' title='bbox 3420 4935 3550 4989; x_wconf 82' lang='grc' dir='ltr'>αὑτὸ</span> <span class='ocrx_word' id='word_1_933' title='bbox 3572 4935 3728 4988; x_wconf 84' lang='grc' dir='ltr'>τοῦτο</span> <span class='ocrx_word' id='word_1_934' title='bbox 3762 4934 3872 5005; x_wconf 87' lang='grc' dir='ltr'>μά-</span> 
     </span>
    </p>
   </div>
   <div class='ocr_carea' id='block_1_122' title="bbox 2210 5020 3872 5097">
    <p class='ocr_par' dir='ltr' id='par_1_122' title="bbox 2210 5020 3872 5097">
     <span class='ocr_line' id='line_1_122' title="bbox 2210 5020 3872 5097; baseline -0.003 -20"><span class='ocrx_word' id='word_1_935' title='bbox 2210 5025 2414 5097; x_wconf 85' lang='grc' dir='ltr'>θωμεν,</span> <span class='ocrx_word' id='word_1_936' title='bbox 2470 5025 2652 5078; x_wconf 87' lang='grc' dir='ltr'>πόσων</span> <span class='ocrx_word' id='word_1_937' title='bbox 2701 5020 2768 5094; x_wconf 81' lang='grc' dir='ltr'>ἦν</span> <span class='ocrx_word' id='word_1_938' title='bbox 2800 5024 2932 5077; x_wconf 86' lang='grc' dir='ltr'>ἐτῶν</span> <span class='ocrx_word' id='word_1_939' title='bbox 2985 5026 3013 5077; x_wconf 89' lang='lat'>6</span> <span class='ocrx_word' id='word_1_940' title='bbox 3059 5023 3299 5087; x_wconf 88' lang='grc' dir='ltr'>δίκαιος,</span> <span class='ocrx_word' id='word_1_941' title='bbox 3353 5022 3466 5076; x_wconf 86' lang='grc' dir='ltr'>ἀλλ’</span> <span class='ocrx_word' id='word_1_942' title='bbox 3496 5021 3648 5092; x_wconf 65' lang='grc'><strong>[151]</strong></span> <span class='ocrx_word' id='word_1_943' title='bbox 3682 5020 3872 5090; x_wconf 77' lang='grc' dir='ltr'>ἐπειδὴ</span> 
     </span>
    </p>
   </div>
   <div class='ocr_carea' id='block_1_123' title="bbox 2210 5106 3870 5185">
    <p class='ocr_par' dir='ltr' id='par_1_123' title="bbox 2210 5106 3870 5185">
     <span class='ocr_line' id='line_1_123' title="bbox 2210 5106 3870 5185; baseline -0.004 -19"><span class='ocrx_word' id='word_1_944' title='bbox 2210 5110 2556 5185; x_wconf 84' lang='grc' dir='ltr'>προλαϐοῦσα</span> <span class='ocrx_word' id='word_1_945' title='bbox 2588 5110 2822 5175; x_wconf 78' lang='grc' dir='ltr'>ἐδίδαξεν</span> <span class='ocrx_word' id='word_1_946' title='bbox 2855 5113 2999 5180; x_wconf 77' lang='grc' dir='ltr'>ἡμᾶς</span> <span class='ocrx_word' id='word_1_947' title='bbox 3029 5111 3062 5180; x_wconf 89' lang='grc' dir='ltr'>ή</span> <span class='ocrx_word' id='word_1_948' title='bbox 3095 5109 3213 5162; x_wconf 88' lang='grc' dir='ltr'>θεία</span> <span class='ocrx_word' id='word_1_949' title='bbox 3250 5109 3440 5182; x_wconf 78' lang='grc' dir='ltr'>Γραφὴ</span> <span class='ocrx_word' id='word_1_950' title='bbox 3485 5109 3586 5180; x_wconf 79' lang='grc' dir='ltr'>ῆδη</span> <span class='ocrx_word' id='word_1_951' title='bbox 3617 5106 3870 5168; x_wconf 85' lang='grc' dir='ltr'>εἰποῦσα,</span> 
     </span>
    </p>
   </div>
   <div class='ocr_carea' id='block_1_124' title="bbox 2205 5194 3872 5268">
    <p class='ocr_par' dir='ltr' id='par_1_124' title="bbox 2205 5194 3872 5268">
     <span class='ocr_line' id='line_1_124' title="bbox 2205 5194 3872 5268; baseline -0.007 -9"><span class='ocrx_word' id='word_1_952' title='bbox 2205 5206 2288 5259; x_wconf 74' lang='grc' dir='ltr'>ὅτι</span> <span class='ocrx_word' id='word_1_953' title='bbox 2315 5202 2440 5261; x_wconf 80' lang='grc' dir='ltr'>Νῶε</span> <span class='ocrx_word' id='word_1_954' title='bbox 2460 5202 2527 5255; x_wconf 86' lang='grc' dir='ltr'>δὲ</span> <span class='ocrx_word' id='word_1_955' title='bbox 2552 5202 2633 5268; x_wconf 82' lang='grc' dir='ltr'>ἦν</span> <span class='ocrx_word' id='word_1_956' title='bbox 2654 5200 2805 5254; x_wconf 81' lang='grc' dir='ltr'>ἑτῶν</span> <span class='ocrx_word' id='word_1_957' title='bbox 2823 5199 3256 5265; x_wconf 81' lang='grc' dir='ltr'>πεντακοσίων,</span> <span class='ocrx_word' id='word_1_958' title='bbox 3299 5200 3393 5252; x_wconf 74' lang='grc' dir='ltr'>καὶ</span> <span class='ocrx_word' id='word_1_959' title='bbox 3426 5198 3563 5268; x_wconf 84' lang='grc' dir='ltr'>μετά</span> <span class='ocrx_word' id='word_1_960' title='bbox 3584 5197 3646 5250; x_wconf 80' lang='grc' dir='ltr'>τὸ</span> <span class='ocrx_word' id='word_1_961' title='bbox 3674 5194 3872 5265; x_wconf 85' lang='grc' dir='ltr'>γνώρι-</span> 
     </span>
    </p>
   </div>
   <div class='ocr_carea' id='block_1_125' title="bbox 2210 5284 3875 5363">
    <p class='ocr_par' dir='ltr' id='par_1_125' title="bbox 2210 5284 3875 5363">
     <span class='ocr_line' id='line_1_125' title="bbox 2210 5284 3875 5363; baseline -0.007 -18"><span class='ocrx_word' id='word_1_962' title='bbox 2210 5309 2308 5363; x_wconf 88' lang='grc' dir='ltr'>μον</span> <span class='ocrx_word' id='word_1_963' title='bbox 2333 5290 2466 5362; x_wconf 84' lang='grc' dir='ltr'>ήμϊν</span> <span class='ocrx_word' id='word_1_964' title='bbox 2483 5291 2705 5359; x_wconf 84' lang='grc' dir='ltr'>ποιῆσαι</span> <span class='ocrx_word' id='word_1_965' title='bbox 2726 5287 2835 5340; x_wconf 89' lang='grc' dir='ltr'>τῶν</span> <span class='ocrx_word' id='word_1_966' title='bbox 2861 5286 2996 5338; x_wconf 81' lang='grc' dir='ltr'>ἐτῶν</span> <span class='ocrx_word' id='word_1_967' title='bbox 3023 5286 3113 5340; x_wconf 81' lang='grc' dir='ltr'>τὸν</span> <span class='ocrx_word' id='word_1_968' title='bbox 3141 5286 3397 5358; x_wconf 73' lang='grc' dir='ltr'>ἀριθμὸν,</span> <span class='ocrx_word' id='word_1_969' title='bbox 3425 5287 3547 5339; x_wconf 88' lang='grc' dir='ltr'>τότε</span> <span class='ocrx_word' id='word_1_970' title='bbox 3573 5284 3875 5355; x_wconf 84' lang='grc' dir='ltr'>διηγήσατο</span> 
     </span>
    </p>
   </div>
   <div class='ocr_carea' id='block_1_126' title="bbox 2204 5370 3876 5449">
    <p class='ocr_par' dir='ltr' id='par_1_126' title="bbox 2204 5370 3876 5449">
     <span class='ocr_line' id='line_1_126' title="bbox 2204 5370 3876 5449; baseline -0.007 -15"><span class='ocrx_word' id='word_1_971' title='bbox 2204 5380 2313 5434; x_wconf 89' lang='grc' dir='ltr'>τῶν</span> <span class='ocrx_word' id='word_1_972' title='bbox 2342 5377 2640 5449; x_wconf 82' lang='grc' dir='ltr'>ἀνθρώπων</span> <span class='ocrx_word' id='word_1_973' title='bbox 2671 5377 2768 5446; x_wconf 79' lang='grc' dir='ltr'>τὴν</span> <span class='ocrx_word' id='word_1_974' title='bbox 2796 5374 2996 5446; x_wconf 80' lang='grc' dir='ltr'>πολλὴν</span> <span class='ocrx_word' id='word_1_975' title='bbox 3033 5376 3161 5446; x_wconf 85' lang='grc' dir='ltr'>περί</span> <span class='ocrx_word' id='word_1_976' title='bbox 3185 5377 3285 5446; x_wconf 85' lang='grc' dir='ltr'>τὴν</span> <span class='ocrx_word' id='word_1_977' title='bbox 3323 5374 3525 5429; x_wconf 87' lang='grc' dir='ltr'>κακίαν</span> <span class='ocrx_word' id='word_1_978' title='bbox 3556 5372 3752 5443; x_wconf 83' lang='grc' dir='ltr'>ῥοπὴν,</span> <span class='ocrx_word' id='word_1_979' title='bbox 3776 5370 3876 5426; x_wconf 70' lang='grc' dir='ltr'>καὶ</span> 
     </span>
    </p>
   </div>
   <div class='ocr_carea' id='block_1_127' title="bbox 2203 5458 3875 5533">
    <p class='ocr_par' dir='ltr' id='par_1_127' title="bbox 2203 5458 3875 5533">
     <span class='ocr_line' id='line_1_127' title="bbox 2203 5458 3875 5533; baseline -0.006 -14"><span class='ocrx_word' id='word_1_980' title='bbox 2203 5466 2293 5521; x_wconf 88' lang='grc' dir='ltr'>δτι</span> <span class='ocrx_word' id='word_1_981' title='bbox 2323 5465 2567 5532; x_wconf 75' lang='grc' dir='ltr'>ἔγκειται</span> <span class='ocrx_word' id='word_1_982' title='bbox 2596 5464 2629 5531; x_wconf 84' lang='grc' dir='ltr'>ή</span> <span class='ocrx_word' id='word_1_983' title='bbox 2666 5461 2871 5514; x_wconf 91' lang='grc' dir='ltr'>διάνοια</span> <span class='ocrx_word' id='word_1_984' title='bbox 2904 5460 2998 5514; x_wconf 87' lang='grc' dir='ltr'>τοῦ</span> <span class='ocrx_word' id='word_1_985' title='bbox 3033 5460 3319 5532; x_wconf 87' lang='grc' dir='ltr'>ἀνθρώπου</span> <span class='ocrx_word' id='word_1_986' title='bbox 3350 5460 3623 5533; x_wconf 88' lang='grc' dir='ltr'>ἐπιμελῶς</span> <span class='ocrx_word' id='word_1_987' title='bbox 3657 5458 3750 5512; x_wconf 77' lang='grc' dir='ltr'>ἐπὶ</span> <span class='ocrx_word' id='word_1_988' title='bbox 3802 5459 3875 5512; x_wconf 71' lang='grc' dir='ltr'>τὰ</span> 
     </span>
    </p>
   </div>
   <div class='ocr_carea' id='block_1_128' title="bbox 2207 5547 3971 5622">
    <p class='ocr_par' dir='ltr' id='par_1_128' title="bbox 2207 5547 3971 5622">
     <span class='ocr_line' id='line_1_128' title="bbox 2207 5547 3971 5622; baseline -0.005 -18"><span class='ocrx_word' id='word_1_989' title='bbox 2207 5550 2417 5622; x_wconf 86' lang='grc' dir='ltr'>πονηρά</span> <span class='ocrx_word' id='word_1_990' title='bbox 2447 5551 2511 5603; x_wconf 89' lang='grc' dir='ltr'>ἐκ</span> <span class='ocrx_word' id='word_1_991' title='bbox 2539 5549 2789 5619; x_wconf 90' lang='grc' dir='ltr'>νεότητος</span> <span class='ocrx_word' id='word_1_992' title='bbox 2811 5564 2826 5579; x_wconf 88' lang='grc'><strong>·</strong></span> <span class='ocrx_word' id='word_1_993' title='bbox 2858 5548 2939 5602; x_wconf 89' lang='grc' dir='ltr'>διό</span> <span class='ocrx_word' id='word_1_994' title='bbox 2978 5566 3144 5620; x_wconf 83' lang='grc' dir='ltr'>φησιν</span> <span class='ocrx_word' id='word_1_995' title='bbox 3187 5552 3215 5603; x_wconf 92' lang='lat'>6</span> <span class='ocrx_word' id='word_1_996' title='bbox 3260 5550 3422 5615; x_wconf 85' lang='grc' dir='ltr'>Θεὸς,</span> <span class='ocrx_word' id='word_1_997' title='bbox 3458 5551 3541 5603; x_wconf 82' lang='grc' dir='ltr'>Οὐ</span> <span class='ocrx_word' id='word_1_998' title='bbox 3569 5547 3655 5618; x_wconf 79' lang='grc' dir='ltr'>μὴ</span> <span class='ocrx_word' id='word_1_999' title='bbox 3685 5560 3865 5599; x_wconf 27' lang='grc' dir='ltr'>κατα.</span> <span class='ocrx_word' id='word_1_1000' title='bbox 3966 5547 3971 5551; x_wconf 83' lang='grc'><em>’</em></span> 
     </span>
    </p>
   </div>
   <div class='ocr_carea' id='block_1_129' title="bbox 2200 5634 3875 5709">
    <p class='ocr_par' dir='ltr' id='par_1_129' title="bbox 2200 5634 3875 5709">
     <span class='ocr_line' id='line_1_129' title="bbox 2200 5634 3875 5709; baseline -0.003 -19"><span class='ocrx_word' id='word_1_1001' title='bbox 2200 5639 2379 5709; x_wconf 72' lang='grc' dir='ltr'>μείνῃ</span> <span class='ocrx_word' id='word_1_1002' title='bbox 2411 5634 2477 5690; x_wconf 74' lang='grc' dir='ltr'>τὸ</span> <span class='ocrx_word' id='word_1_1003' title='bbox 2514 5634 2754 5704; x_wconf 80' lang='grc' dir='ltr'>Πνεῦμά</span> <span class='ocrx_word' id='word_1_1004' title='bbox 2781 5654 2902 5706; x_wconf 83' lang='grc' dir='ltr'>μου</span> <span class='ocrx_word' id='word_1_1005' title='bbox 2950 5636 3020 5690; x_wconf 82' lang='grc' dir='ltr'>ἐν</span> <span class='ocrx_word' id='word_1_1006' title='bbox 3068 5637 3193 5703; x_wconf 80' lang='grc' dir='ltr'>τοῖς</span> <span class='ocrx_word' id='word_1_1007' title='bbox 3242 5638 3576 5706; x_wconf 79' lang='grc' dir='ltr'>ἀνθρώποις</span> <span class='ocrx_word' id='word_1_1008' title='bbox 3611 5635 3875 5701; x_wconf 71' lang='grc' dir='ltr'>τούτοις,</span> 
     </span>
    </p>
   </div>
   <div class='ocr_carea' id='block_1_130' title="bbox 3431 5740 3444 5753">
    <p class='ocr_par' dir='ltr' id='par_1_130' title="bbox 3431 5740 3444 5753">
     <span class='ocr_line' id='line_1_130' title="bbox 3431 5740 3444 5753; baseline 0 0"><span class='ocrx_word' id='word_1_1009' title='bbox 3431 5740 3444 5753; x_wconf 75' lang='grc' dir='ltr'><strong><em>Ι</em></strong></span> 
     </span>
    </p>
   </div>
   <div class='ocr_carea' id='block_1_131' title="bbox 2270 5738 3529 5849">
    <p class='ocr_par' dir='ltr' id='par_1_131' title="bbox 2270 5738 3529 5849">
     <span class='ocr_line' id='line_1_131' title="bbox 2270 5738 3529 5849; baseline 0.001 -61"><span class='ocrx_word' id='word_1_1010' title='bbox 2270 5743 2291 5771; x_wconf 75' lang='grc' dir='ltr'><strong>ο</strong></span> <span class='ocrx_word' id='word_1_1011' title='bbox 2328 5738 2409 5813; x_wconf 70' lang='lat' dir='ltr'>Sjc</span> <span class='ocrx_word' id='word_1_1012' title='bbox 2442 5738 2593 5807; x_wconf 70' lang='lat' dir='ltr'>Savjl.</span> <span class='ocrx_word' id='word_1_1013' title='bbox 2618 5745 2672 5790; x_wconf 78' lang='lat' dir='ltr'>cl</span> <span class='ocrx_word' id='word_1_1014' title='bbox 2690 5747 2882 5802; x_wconf 75' lang='lat' dir='ltr'>septem</span> <span class='ocrx_word' id='word_1_1015' title='bbox 2909 5754 3020 5789; x_wconf 90' lang='lat' dir='ltr'>mss.</span> <span class='ocrx_word' id='word_1_1016' title='bbox 3045 5739 3110 5790; x_wconf 73' lang='lat' dir='ltr'><strong>At</strong></span> <span class='ocrx_word' id='word_1_1017' title='bbox 3135 5740 3306 5789; x_wconf 74' lang='lat' dir='ltr'>Morel.</span> <span class='ocrx_word' id='word_1_1018' title='bbox 3333 5740 3529 5849; x_wconf 55' lang='grc' dir='ltr'>ἐκφὺχῃ.</span> 
     </span>
     <span class='ocr_line' id='line_1_132' title="bbox 2270 5800 3529 5849; baseline 0 0"><span class='ocrx_word' id='word_1_1019' title='bbox 2270 5801 2294 5840; x_wconf 83' lang='lat' dir='ltr'><strong>d</strong></span> <span class='ocrx_word' id='word_1_1020' title='bbox 2321 5804 2399 5849; x_wconf 57' lang='lat' dir='ltr'>huc</span> <span class='ocrx_word' id='word_1_1021' title='bbox 2433 5800 2581 5849; x_wconf 74' lang='lat' dir='ltr'>Savnl.</span> <span class='ocrx_word' id='word_1_1022' title='bbox 2617 5808 2775 5849; x_wconf 75' lang='lat' dir='ltr'>elsex</span> <span class='ocrx_word' id='word_1_1023' title='bbox 2812 5816 2926 5849; x_wconf 86' lang='lat' dir='ltr'>mss.</span> <span class='ocrx_word' id='word_1_1024' title='bbox 2966 5801 3017 5849; x_wconf 85' lang='lat' dir='ltr'>In</span> <span class='ocrx_word' id='word_1_1025' title='bbox 3049 5802 3218 5849; x_wconf 76' lang='lat' dir='ltr'>Morel.</span> <span class='ocrx_word' id='word_1_1026' title='bbox 3246 5803 3424 5849; x_wconf 80' lang='grc' dir='ltr'>Βοαγεα</span> <span class='ocrx_word' id='word_1_1027' title='bbox 3478 5813 3529 5849; x_wconf 74' lang='lat' dir='ltr'>ct</span> 
     </span>
    </p>
   </div>
   <div class='ocr_carea' id='block_1_132' title="bbox 2267 5800 3606 5866">
    <p class='ocr_par' dir='ltr' id='par_1_132' title="bbox 2267 5800 3606 5866">
     <span class='ocr_line' id='line_1_133' title="bbox 2267 5800 3606 5866; baseline -0.001 -18"><span class='ocrx_word' id='word_1_1028' title='bbox 2267 5801 2294 5840; x_wconf 89' lang='lat' dir='ltr'><strong>d</strong></span> <span class='ocrx_word' id='word_1_1029' title='bbox 2321 5802 2399 5849; x_wconf 73' lang='lat' dir='ltr'>Sic</span> <span class='ocrx_word' id='word_1_1030' title='bbox 2433 5800 2581 5849; x_wconf 81' lang='lat' dir='ltr'>Savil.</span> <span class='ocrx_word' id='word_1_1031' title='bbox 2617 5808 2670 5850; x_wconf 81' lang='lat' dir='ltr'>el</span> <span class='ocrx_word' id='word_1_1032' title='bbox 2691 5800 2775 5851; x_wconf 67' lang='lat' dir='ltr'>sei</span> <span class='ocrx_word' id='word_1_1033' title='bbox 2812 5816 2926 5851; x_wconf 85' lang='lat' dir='ltr'><strong>mss.</strong></span> <span class='ocrx_word' id='word_1_1034' title='bbox 2966 5801 3017 5849; x_wconf 85' lang='lat' dir='ltr'>In</span> <span class='ocrx_word' id='word_1_1035' title='bbox 3049 5802 3218 5851; x_wconf 75' lang='lat' dir='ltr'>Morel.</span> <span class='ocrx_word' id='word_1_1036' title='bbox 3246 5800 3424 5866; x_wconf 75' lang='grc' dir='ltr'>βραχέα</span> <span class='ocrx_word' id='word_1_1037' title='bbox 3445 5800 3606 5850; x_wconf 60' lang='lat' dir='ltr'>deest.</span> 
     </span>
    </p>
   </div>
  </div>
