4116 6196
307 339 412 395 217
1499 325 1566 383 ΙΝ
1602 322 1755 382 CAP.
1800 322 1887 378 νη

303 463 494 512 nerant
521 474 533 510 :
565 467 749 510 verum
773 450 947 508 adhuc
968 448 1112 503 humi
1136 454 1407 518 reptantes
1431 444 1762 515 praeferimus
1776 451 1887 496 ter-

300 563 429 603 reita
450 547 778 610 caelestibus,
802 540 1084 614 praesentia
1118 539 1348 594 futuris:
1382 545 1438 592 et
1472 551 1535 591 ea
1587 550 1708 605 qute
1743 533 1889 604 prius

298 640 537 706 avolant,
572 653 732 708 quam
762 644 1092 706 spectentur,
1126 632 1192 686 iis
1241 646 1361 702 quae
1400 628 1650 684 omnibus
1694 627 1889 680 durant

296 730 509 785 szrculis
535 747 547 782 :
578 738 633 786 et
663 737 1061 798 temporaneam
1094 725 1416 794 voluptatem
1464 728 1735 791 perpeture
1789 730 1884 771 vo-

295 821 483 890 luptati
531 838 545 870 τ
608 821 830 875 brevem
889 820 1024 872 hanc
1075 817 1354 886 priesentis
1404 813 1528 867 vita:
1573 809 1882 866 felicitatem

293 913 514 968 aeternis
538 912 662 980 illis,
696 922 751 968 et
779 911 883 966 line
921 908 1224 965 carentibus
1279 906 1511 961 saeculis.
1557 903 1680 959 Scio
1726 915 1885 956 aures

293 1012 501 1059 vestras
533 1004 615 1058 his
667 1004 846 1059 verbis
896 1001 1159 1067 vellicari,
1215 1000 1309 1055 sed
1354 997 1630 1068 ignoscite.
1676 993 1883 1050 Avidus

296 1106 485 1151 vestra:
505 1096 693 1152 salutis
718 1097 833 1151 lirec
858 1096 1073 1165 laquor,
1113 1092 1318 1148 malens
1344 1107 1440 1146 vos
1463 1090 1549 1144 hic
1573 1086 1883 1158 aliquantis-

295 1206 389 1260 per
417 1191 713 1245 lanciualos
742 1199 999 1245 mleruam
1026 1203 1236 1259 pinnam
1268 1185 1523 1254 effugere,
1550 1196 1707 1253 quam
1755 1193 1877 1233 cum

293 1295 454 1351 parva
482 1280 863 1337 refocillatione
894 1290 1205 1349 perpetuam
1226 1277 1365 1332 ferre
1391 1289 1624 1345 pinnam.
1650 1271 1781 1326 Nam
1833 1268 1878 1323 si

290 1387 472 1428 sermo
503 1388 654 1428 meus
675 1373 726 1427 in
753 1371 904 1427 vobis
932 1371 1139 1441 prolicit
1161 1412 1176 1438 ,
1222 1374 1650 1439 prtecouceptum
1680 1375 1878 1417 mer-

287 1479 402 1519 rem
421 1465 708 1535 repelletis,
723 1474 779 1519 et
796 1479 932 1518 nunc
946 1463 1173 1518 maxime
1188 1462 1315 1517 dum
1330 1458 1503 1514 adhuc.
1520 1465 1719 1512 sanctae
1735 1456 1876 1523 Qua-

286 1556 603 1627 dragesima:
637 1567 849 1627 tempus
873 1556 1025 1609 vobis
1049 1554 1313 1624 reliquum
1361 1560 1447 1607 est
1480 1550 1730 1622 pusillum
1758 1548 1835 1619 (a)
1855 1588 1871 1613 ,

285 1648 529 1717 poteritis
559 1657 771 1718 peccata
796 1647 1132 1717 abstergere,
1172 1660 1523 1716 magnamque
1546 1658 1575 1697 a
1603 1642 1713 1698 Deo
1766 1641 1871 1695 cle-

283 1741 534 1793 mentiam
575 1739 726 1794 vobis
769 1739 1072 1794 conciliare.
1110 1738 1224 1792 Non
1262 1737 1404 1792 enim
1453 1734 1636 1789 multis
1682 1732 1872 1789 diebus

280 1845 417 1900 opus
441 1830 597 1885 habet
626 1829 904 1895 Dominus,
932 1844 1104 1898 neque
1137 1838 1381 1898 tempore
1407 1845 1420 1879 :
1448 1824 1542 1881 sed
1566 1825 1609 1879 si
1632 1823 1871 1878 volucri-

281 1936 422 1987 ums,
444 1930 497 1974 et
518 1922 568 1974 in
591 1919 794 1975 duabus
822 1920 967 1975 hisee
985 1919 1334 1975 hebdomadis
1360 1917 1631 1987 corrigere
1655 1926 1868 1986 peccata

280 2023 463 2067 nostra
484 2013 794 2081 poterimus.
822 2012 952 2067 Nam
975 2013 1017 2068 si
1044 2012 1303 2067 Ninivitas
1326 2012 1483 2066 trium
1523 2010 1729 2065 dierqu
1759 2022 1870 2077 pa:-

282 2102 562 2157 niteutiam
591 2114 810 2174 agentes
837 2112 977 2157 tanta
1024 2103 1273 2172 dignatus
1317 2110 1401 2156 est
1450 2099 1814 2156 misericordia
1846 2139 1864 2165 ,

280 2194 450 2249 multo
472 2195 640 2265 magis
667 2209 765 2250 nos
789 2210 892 2249 non
923 2194 1214 2265 deSpiciet:
1240 2204 1440 2249 tantum
1472 2194 1514 2248 si
1543 2208 1669 2249 vere
1693 2193 1891 2261 paeni--

284 2297 511 2353 teainus,
540 2296 593 2341 et
610 2286 931 2342 desistentes
956 2302 985 2341 a
1017 2295 1254 2356 peccato,
1287 2288 1424 2341 viam
1463 2300 1584 2356 quin
1609 2284 1674 2338 ad
1695 2286 1863 2338 virtu-

278 2389 388 2436 tem
410 2380 553 2435 ducit
580 2381 961 2451 ingrediamur.
993 2381 1283 2436 Enimvero
1311 2380 1378 2435 de
1420 2381 1542 2444 illis',
1596 2378 1861 2433 Ninivitas

275 2470 415 2536 dico,
441 2469 713 2542 Scriptura
743 2481 983 2536 testatur,
1003 2472 1186 2527 dicens
1220 2492 1232 2527 :
1266 2473 1400 2541 Quia
1415 2473 1537 2526 vidit
1562 2472 1702 2526 Deus
1731 2471 1864 2541 quod

274 2563 503 2618 discessit
527 2565 867 2635 unusquisque
891 2582 923 2619 α
952 2567 1031 2620 via
1056 2584 1149 2620 sua
1170 2566 1306 2620 mala
1339 2565 1485 2639 (Jan.
1517 2565 1569 2620 3.
1602 2564 1724 2638 10).
1759 2563 1857 2635 lgi-

275 2665 363 2706 tur
387 2652 431 2707 si
459 2653 670 2719 viderit,
702 2654 842 2723 quod
870 2664 924 2710 et
953 2670 1051 2710 nos
1073 2672 1215 2711 nunc
1258 2657 1436 2710 virtuti
1484 2655 1822 2724 juuxcrimus
1842 2695 1856 2720 ,

272 2753 376 2797 eta
408 2744 550 2799 malo
576 2745 975 2813 destiterimus,
1028 2746 1441 2817 festinemusque
1486 2746 1552 2801 ad
1597 2747 1856 2801 bonorum

272 2835 664 2904 operationem,
695 2837 1013 2907 approbabit
1055 2848 1291 2894 nostram
1322 2839 1750 2901 conversionem,
1804 2848 1858 2894 et

270 2927 480 2981 sarcina
500 2936 837 2997 peccatorum
866 2928 1102 2985 liberatis
1124 2945 1219 2985 sua
1245 2931 1497 3001 largietur
1542 2930 1702 2986 dona.
1750 2930 1857 2986 Nc-

270 3034 374 3088 que
395 3034 492 3073 nos
514 3019 590 3073 sic
611 3029 948 3089 peccatorum
977 3021 1335 3091 expiationem
1358 3031 1412 3077 et
1432 3021 1658 3078 salutem
1700 3022 1853 3092 cupi-

271 3126 412 3177 mus,
442 3113 579 3167 sicut
599 3112 714 3183 ipse
742 3113 890 3182 cupit
912 3121 965 3168 et
985 3113 1176 3169 adesse
1191 3112 1428 3183 festinat,
1456 3125 1512 3170 ut
1535 3124 1589 3170 et
1634 3115 1702 3170 ab
1749 3115 1855 3170 illis

270 3201 468 3258 liberos
496 3218 593 3259 nos
621 3203 801 3272 faciat,
834 3214 889 3260 et
934 3205 1107 3261 salute
1149 3207 1305 3277 potiri
1333 3206 1612 3264 cont-edat.
1647 3207 1853 3277 Eapro-

269 3302 407 3364 pter,
435 3295 682 3363 obsecro,
708 3297 1002 3353 excitemus
1030 3309 1242 3353 nostras
1266 3307 1496 3367 mentes,
1520 3310 1573 3355 et
1597 3300 1680 3355 sui
1702 3302 1853 3369 quis-

264 3400 371 3457 que
391 3395 657 3442 scrutator
682 3388 773 3453 sit,
800 3387 999 3458 anquid
1028 3390 1257 3460 amplius
1277 3405 1308 3444 a
1335 3404 1393 3446 se
1422 3393 1695 3460 praeterito
1726 3401 1853 3448 tem-

263 3492 397 3548 pore
421 3493 542 3533 cum
567 3478 723 3533 laude
745 3488 954 3550 gestum
980 3479 1181 3547 sit,,vel
1208 3496 1367 3550 quam
1419 3482 1699 3537 utilitatem
1751 3483 1851 3538 ha-

268 3570 445 3625 buerit
470 3585 538 3625 ex
573 3568 825 3624 centinua
858 3571 959 3626 hac
978 3572 1219 3627 doctrina
1248 3593 1260 3628 :
1288 3575 1332 3627 si
1369 3574 1518 3643 quid,
1550 3574 1691 3645 quod
1726 3590 1853 3645 pro-

265 3662 414 3716 ximo
435 3661 652 3724 serviat,
676 3659 943 3717 fructuum
964 3662 1260 3734 collegerit,
1285 3664 1329 3719 si
1349 3665 1592 3735 quaedam
1610 3667 1735 3721 vitia
1758 3682 1852 3722 sua

264 3751 597 3815 correxerit;
644 3752 689 3806 si
729 3753 873 3823 quod
899 3753 967 3808 ad
993 3768 1173 3810 veram
1201 3755 1594 3827 philosophiam
1647 3759 1853 3816 adeun-

263 3842 391 3899 dam
424 3843 828 3899 incitamentum
854 3859 921 3900 ex
944 3846 1028 3901 his
1053 3849 1251 3903 nostris
1276 3851 1601 3921 quotidianis
1623 3868 1850 3924 accepe-

262 3936 335 3991 rit
354 3934 826 3992 admonitionibus.
854 3937 1015 3996 Bonis
1042 3940 1254 4011 quidem
1283 3945 1535 4013 operibus
1580 3948 1849 4002 accessio-

262 4045 389 4086 nem
413 4028 526 4084 lieri
545 4029 861 4096 curandum,
892 4040 948 4087 et
995 4048 1285 4104 numquam
1326 4036 1735 4106 quiescendum—
1764 4051 1849 4095 est

258 4121 331 4177 ab
356 4122 462 4178 hoc
491 4123 634 4179 bono
656 4123 847 4192 agendi
867 4123 1149 4181 instituto:
1180 4136 1237 4181 at
1264 4129 1309 4184 si
1340 4131 1458 4200 quis
1486 4131 1679 4195 viderit
1719 4145 1849 4187 con-

257 4216 599 4273 suetudinem
616 4230 770 4272 suam
794 4216 971 4274 adhuc
996 4220 1308 4289 prtevalere,
1341 4232 1396 4277 et
1449 4239 1510 4279 se
1559 4225 1611 4278 in
1658 4223 1847 4279 iisdem

259 4322 632 4378 perseverare,
652 4317 815 4379 cogat
840 4320 1079 4367 mentem
1101 4326 1254 4366 suam
1276 4327 1387 4368 sine
1408 4313 1631 4371 desidia:
1684 4318 1849 4374 ratio-

265 4414 387 4454 nem
412 4399 637 4455 reddere
665 4416 678 4452 :
710 4416 809 4456 nec
824 4402 969 4456 sinat
995 4403 1244 4473 progredi
1273 4405 1521 4473 ulterius,
1544 4408 1641 4464 sed
1668 4422 1845 4480 pravae

263 4490 663 4546 consuetudinis
693 4490 852 4546 finem
875 4491 1066 4559 faciat;
1095 4494 1375 4552 esseindat
1393 4498 1673 4569 impetum,
1693 4516 1849 4558 coer-

262 4587 384 4634 ceat
424 4581 798 4651 cogitationes,
822 4583 874 4637 in
897 4595 1077 4665 mente
1099 4586 1679 4648 revolvathorrendum
1697 4592 1845 4648 illuni

258 4669 424 4736 diem,
447 4674 645 4743 cogitet
669 4688 872 4729 mensa:
896 4674 1056 4745 hujus
1077 4678 1369 4734 tremendae
1385 4682 1844 4753 participationem

252 4770 310 4817 et
325 4762 667 4833 splendorem
693 4765 832 4835 ignis
857 4765 982 4822 inde
998 4766 1289 4826 resilientis
1311 4769 1408 4845 (b),
1430 4788 1492 4829 ac
1508 4776 1844 4847 conflagran-

255 4861 368 4909 tem
397 4854 526 4918 vim,
542 4864 598 4909 et
621 4856 832 4925 qualem
877 4859 1306 4918 conveniatesse
1346 4866 1649 4922 accedentis
1694 4884 1846 4924 men-

252 4953 399 5009 tem;
431 4944 500 5000 ab
540 4946 685 5001 omni
735 4962 929 5019 nempe
979 4951 1209 5020 macula,
1242 4954 1312 5009 ab
1326 4956 1474 5011 omni
1497 4957 1615 5014 labe
1634 4975 1840 5028 puram,

252 5049 311 5095 et
322 5040 629 5096 illicitarum
642 5043 1022 5113 cogitationum
1040 5044 1392 5118 frequentiam
1404 5050 1803 5108 subvertentem
1826 5072 1840 5107 :

253 5140 315 5185 ut
333 5130 413 5185 sic
433 5130 646 5187 interim
671 5132 865 5189 diebus
886 5135 1005 5190 istis
1021 5137 1268 5208 nosipsos
1299 5152 1683 5210 prteparantes,
1715 5159 1846 5215 pus-

251 5222 447 5287 simus,
495 5235 787 5297 espurgata
824 5244 920 5298 pro
947 5230 1089 5287 virili
1133 5234 1311 5288 anima
1335 5243 1540 5301 nostra,
1562 5238 1846 5308 participes

253 5313 370 5370 ﬂeri
396 5317 679 5384 przesentis
709 5318 867 5375 istius
890 5322 1236 5391 sumptionis,
1265 5333 1324 5382 et
1352 5325 1715 5383 inetl‘ahilibus
1736 5330 1842 5385 illis

258 5409 424 5465 bonis
446 5410 632 5479 potiri,
663 5426 782 5483 qua:
810 5416 1058 5484 promisit
1074 5416 1424 5490 diligentibus
1447 5434 1539 5485 se;
1576 5421 1743 5492 gratia
1791 5431 1846 5480 et

316 5564 403 5643 (ei
417 5565 770 5643 t5blgqppcio
785 5582 896 5621 cum
913 5570 1024 5624 dua:
1048 5579 1231 5630 tantum
1252 5577 1638 5643 Quadragesimte
1661 5580 1848 5634 hebdo-

251 5627 408 5689 unde
424 5636 763 5689 superessent.

315 5687 392 5751 (ὁ)
423 5687 624 5760 Savilius
645 5694 925 5760 suspicatur,
939 5695 1018 5746 hic
1053 5697 1219 5760 ignem
1256 5703 1541 5755 sensibilem
1586 5707 1634 5756 in
1680 5720 1849 5760 mensa

253 5761 392 5801 sacra
410 5752 620 5813 positum
634 5752 949 5821 suldndieari,
963 5752 1142 5822 nempe
1164 5752 1413 5815 lucernam
1428 5752 1637 5821 aliumve
1663 5752 1845 5836 iaci;

1898 361 1912 377 .
1952 321 2195 381 GENES.
2238 325 2463 385 "0M"...
2510 332 2672 389 XXV.

3480 329 3588 385 2|8

2004 443 2332 515 benignitate
2362 449 2567 506 Domini
2596 453 2764 508 nostri
2793 452 2922 509 Jesu
2942 453 3163 519 Christi,
3187 469 3310 511 cum
3343 470 3451 525 quo
3475 455 3579 509 Pa-

2000 539 2089 603 tri,
2118 537 2358 595 simulet
2391 543 2610 612 Spiritui
2663 557 2852 601 sancto
2889 546 2961 603 sit
3010 548 3200 619 gloria,
3252 547 3577 618 imperium.

1998 629 2190 696 honor,
2221 648 2361 688 nunc
2409 646 2462 690 et
2499 649 2758 707 semper,
2812 647 2867 693 et
2912 638 2966 693 in
3012 639 3208 695 saecula
3237 639 3576 694 saeculorum.

1997 722 2188 777 Amen.

2533 840 2809 897 IIOMILIA
2862 842 3028 897 XXV.
3072 872 3085 898 ε

1994 948 2110 1003 Nae
2152 963 2318 1005 autent
2366 971 2613 1010 annorum
2654 966 2758 1012 erat
2808 967 3191 1020 sexcentarum,
3240 966 3286 1011 et
3328 958 3573 1012 diluvium

2167 1060 2312 1111 aqua:
2334 1049 2520 1117 factum
2546 1059 2617 1103 est
2642 1065 2795 1120 super
2820 1052 3015 1103 terrant'
3035 1046 3187 1118 (Gen.
3222 1048 3274 1102 7.
3320 1047 3395 1118 6).

2062 1182 2112 1235 1.
2153 1182 2535 1252 Argumentum
2563 1184 2757 1255 dequo
2783 1185 2896 1240 beri
2934 1184 3143 1240 caritati
3176 1193 3366 1239 vestrae
3405 1183 3576 1240 disse-

1986 1273 2089 1339 rui,
2113 1274 2286 1329 denuo
2316 1278 2592 1347 attingam,
2624 1278 2825 1347 etjusti
2856 1279 2966 1333 Noe
2993 1278 3268 1333 historiam
3299 1277 3490 1332 iterum
3520 1278 3572 1332 in

1986 1364 2216 1420 medium
2243 1365 2479 1421 afferam.
2521 1368 2723 1438 Magnae
2751 1371 2895 1425 enim
2921 1369 3174 1423 virtutum
3210 1368 3338 1437 justi
3373 1368 3570 1422 divitia:

1984 1465 2128 1522 sunt,
2176 1457 2451 1527 nostrique
2499 1457 2658 1513 ofticii
2702 1470 2783 1514 est
2822 1461 3071 1514 omnibus
3095 1475 3190 1529 pro
3216 1471 3396 1514 nostra
3427 1460 3569 1513 virili

1980 1547 2294 1618 disquisitis,
2326 1566 2515 1605 curare
2540 1560 2597 1605 ut
2626 1561 2816 1607 vestra!
2839 1567 2971 1622 opes
2991 1552 3113 1606 hinc
3133 1552 3400 1606 auctiores
3418 1552 3566 1607 ﬁant.

1980 1639 2263 1701 Caeterum,
2301 1642 2542 1704 obsecro,
2575 1650 2770 1697 attenta
2800 1653 2978 1699 mente
3019 1644 3206 1698 adsitis
3228 1685 3243 1709 ,
3270 1651 3329 1697 ut
3355 1658 3420 1696 ne
3440 1657 3567 1697 sen-

1980 1732 2156 1786 tentia:
2181 1731 2269 1787 hic
2291 1734 2578 1789 recondita:
2599 1750 2629 1789 a
2654 1734 2803 1789 vobis
2816 1735 3110 1804 dill‘ugiant.
3130 1734 3317 1803 Operae
3335 1733 3564 1804 pretium

1977 1833 2157 1878 autem
2208 1824 2385 1888 fuerit,
2434 1825 2583 1895 prius
2617 1826 2826 1879 caritati
2880 1836 3076 1881 vestrae
3118 1839 3562 1889 commemorare,

1979 1910 2190 1966 ubinam
2223 1912 2336 1967 beri
2368 1913 2592 1969 docendi
2616 1916 2774 1970 linem
2802 1916 3086 1971 fecerimus
3108 1956 3123 1978 ,
3154 1926 3210 1969 ut
3256 1915 3376 1970 inde
3407 1915 3565 1971 hodie

1976 2018 2225 2061 sermone
2266 2006 2519 2076 repetito,
2546 2006 2767 2062 dicenda
2807 2009 2964 2062 dictis
2999 2018 3144 2063 recte
3191 2019 3561 2063 contexamus.

1973 2094 2060 2150 Sic
2085 2098 2227 2150 enim
2248 2095 2612 2152 manifestiora
2634 2100 2788 2153 nobis
2813 2109 2974 2153 erunt
3000 2099 3164 2154 etiam
3189 2114 3248 2153 ea
3276 2116 3393 2169 qua:
3420 2113 3561 2153 nunc

1972 2187 2239 2243 dicuntur.
2273 2189 2373 2246 Ubi
2396 2205 2524 2259 ergo
2548 2207 2664 2261 qua!
2685 2191 3008 2246 doce-bamus
3029 2191 3162 2255 heri,
3191 2192 3347 2246 finem
3367 2191 3560 2248 habue-

1971 2280 2133 2333 runt?
2166 2279 2327 2347 Dixit,
2352 2281 2541 2350 inquit,
2576 2279 2824 2335 Dominus
2847 2280 2985 2336 Deus
3012 2282 3081 2335 ad
3110 2280 3223 2334 Noe
3250 2297 3269 2334 :
3290 2279 3560 2351 Ingredere

1972 2378 2045 2436 tu,
2074 2379 2118 2423 et
2158 2370 2319 2425 omnis
2348 2371 2527 2424 damus
2551 2381 2638 2423 tua
2664 2371 2715 2423 in
2746 2387 2916 2423 arcani
2945 2387 2963 2425 :
2989 2372 3107 2441 quia
3134 2382 3180 2425 te
3226 2372 3327 2424 vidi
3357 2372 3557 2441 justum

1968 2477 2138 2514 eorum
2165 2478 2241 2515 me
2266 2463 2318 2515 in
2348 2463 2667 2533 generatione
2690 2461 2803 2516 ista.
2830 2460 2913 2516 Ea:
2928 2464 3171 2532 juntentis
3213 2479 3327 2517 vero
3357 2462 3558 2516 mundis

1967 2554 2121 2606 induc
2173 2553 2242 2606 ad
2287 2563 2334 2607 te
2374 2565 2577 2622 septena
2609 2569 2627 2607 :
2657 2564 2702 2607 et
2747 2569 2810 2608 ea:
2846 2554 3112 2625 jumentis,
3143 2570 3254 2625 qua:
3293 2570 3392 2608 nan
3438 2562 3556 2608 sunt

1967 2646 2176 2707 munda,
2210 2646 2346 2698 bina.
2379 2646 2556 2699 Adhuc
2599 2646 2728 2699 enim
2773 2657 2962 2715 septem
2990 2646 3128 2711 dies,
3179 2662 3269 2717 ego
3315 2646 3555 2699 inducant

1966 2738 2187 2809 pluviam
2216 2754 2366 2807 super
2391 2748 2573 2791 terram
2602 2738 2934 2807 quadraginta
2954 2737 3127 2790 diebus
3147 2748 3191 2790 et
3215 2737 3552 2808 quadraginta

1966 2828 2189 2881 noctibus
2217 2869 2232 2892 ,
2259 2836 2305 2881 et
2332 2827 2503 2880 delebo
2524 2843 2718 2879 omnem
2739 2826 3065 2880 substantiam
3085 2844 3234 2897 quant
3264 2827 3381 2897 feci,
3406 2842 3439 2878 a
3474 2826 3555 2890 fa-

1962 2919 2038 2972 cie
2062 2928 2226 2982 terrai,
2268 2918 2332 2971 ab
2386 2918 2588 2971 nomine
2623 2934 2779 2984 usque
2824 2917 2892 2971 ad
2928 2935 3095 2988 pecus.
3148 2918 3215 2971 Et
3270 2919 3385 2989 fecit
3441 2915 3556 2972 Nae

1964 3011 2132 3064 omnia
2160 3025 2272 3077 qua!
2297 3018 2598 3080 Μακαρεῖ-(ιι
2621 3010 2715 3063 sibi
2744 3009 2988 3062 Dominus
3038 3008 3170 3062 Dens
3198 3008 3347 3078 (Gen.
3397 3009 3450 3063 7.
3495 3009 3554 3062 1ο

1964 3100 2045 3172 5).
2074 3099 2361 3170 [lucusque
2391 3099 2717 3169 procedebat
2752 3114 2965 3165 sermo,
3000 3098 3084 3153 hic
3122 3097 3346 3154 docendi
3389 3099 3549 3154 linem

1962 3190 2310 3246 faciebamus.
2337 3189 2603 3245 Fortassis
2627 3190 2769 3246 enim
2799 3200 2853 3245 et
2879 3192 2976 3261 ipsi
2998 3189 3315 3245 meministis
3333 3188 3547 3261 quando

1961 3282 2170 3338 caritati
2200 3291 2396 3337 vestra:
2446 3296 2661 3336 causam
2690 3281 3040 3347 reddidimus,
3098 3296 3265 3351 quare
3297 3282 3436 3337 Deus
3480 3297 3545 3336 ex

1961 3371 2177 3429 mundis
2202 3380 2444 3442 septena,
2470 3386 2538 3427 ex
2569 3371 2856 3426 immundis
2882 3371 3001 3426 bina
3020 3370 3279 3426 introduci
3305 3372 3545 3439 jusserit.

1960 3463 2074 3536 Age
2103 3478 2232 3533 ergo
2282 3462 2440 3517 hodie
2469 3463 2788 3517 accedamus
2812 3461 2877 3516 ad
2921 3477 2983 3517 ea
3009 3478 3128 3532 qua:
3156 3470 3547 3531 consequenter

1959 3553 2095 3610 lecta
2124 3562 2267 3619 sunt,
2294 3561 2350 3608 et
2389 3552 2662 3608 videamus
2702 3552 2828 3623 quid
2871 3552 3024 3607 nobis
3052 3552 3228 3609 divina
3271 3552 3544 3621 Scriptura

1961 3646 2105 3701 dicat
2125 3653 2246 3716 post
2270 3645 2566 3715 ingressum
2591 3643 2705 3699 Noe
2734 3644 2787 3698 iu
2812 3658 3011 3699 arcam.
3062 3644 3215 3699 Nunc
3250 3644 3393 3699 enim
3434 3658 3545 3699 ma-

1961 3737 2123 3803 xime,
2154 3736 2201 3791 si
2225 3736 2335 3791 ullo
2360 3734 2466 3790 alio
2510 3743 2772 3805 tempore,
2815 3733 2970 3790 decet
3007 3742 3068 3789 ut
3093 3734 3320 3805 amplius
3349 3735 3418 3789 sit
3447 3749 3544 3788 no-

1959 3839 2129 3885 strmn
2157 3829 2411 3895 studium,
2439 3843 2561 3884 cum
2591 3827 2661 3883 ob
2686 3828 2869 3899 jejuuii
2899 3836 3109 3899 tempus
3147 3838 3199 3883 et
3238 3827 3540 3884 dulcissima

1959 3937 2132 3978 vestra
2182 3921 2568 3979 consuetudine
2611 3921 2779 3990 magis
2829 3920 3072 3986 fruimur,
3118 3929 3172 3974 et
3215 3935 3244 3973 a
3274 3920 3545 3989 voluptate

1959 4013 2193 4084 crapula:
2218 4012 2529 4077 liberamur,
2562 4010 2911 4081 excitatisque
2935 4010 3221 4074 mentibus,
3250 4010 3408 4066 dictis
3432 4011 3546 4066 dili-

1957 4114 2143 4176 genter
2195 4102 2470 4160 attendere
2513 4115 2813 4172 possumus.
2864 4100 3153 4157 Dicendum
3201 4102 3357 4172 igitur
3405 4101 3543 4156 unde

1959 4198 2117 4253 hodie
2141 4197 2298 4253 lectio
2323 4204 2495 4266 empta
2517 4202 2618 4249 est.
2672 4196 2726 4248 6.
2761 4192 2877 4247 Noe
2922 4202 3090 4250 autem
3134 4202 3240 4247 erat
3292 4209 3543 4246 annorum

1957 4299 2335 4353 sexcentarum,
2357 4286 2545 4356 inquit,
2570 4296 2614 4339 et
2642 4284 2886 4339 diluvium
2906 4299 3052 4356 aqua
3074 4285 3265 4354 factum
3293 4294 3364 4337 est
3393 4300 3541 4353 super

1956 4391 2159 4436 terram.
2202 4379 2495 4443 Attendite,
2518 4380 2764 4446 obsecro,
2791 4388 2933 4435 etne
2960 4378 3318 4449 perfunctorie
3342 4379 3541 4433 dictum

1955 4485 2465 4546 prietercurramus;
2511 4473 2711 4530 habent
2734 4473 2874 4529 enim
2902 4473 3127 4528 latentes
3142 4472 3352 4527 divitias
3364 4472 3543 4527 brevia

1957 4566 2072 4623 hrec
2098 4568 2297 4629 verba;
2327 4565 2466 4637 quod
2498 4566 2541 4621 si
2571 4577 2803 4621 mentem
2826 4565 3232 4630 intenderimus,
3267 4565 3447 4619 licebit
3477 4579 3542 4619 ex

1954 4658 2059 4713 isto
2088 4658 2203 4727 ipso
2238 4656 2619 4712 misericordia:
2648 4656 2855 4711 Domini
2881 4656 3271 4720 excellentiam,
3300 4654 3545 4709 malitia:-

1955 4763 2058 4818 que
2085 4748 2390 4812 hominum,
2420 4746 2510 4817 qui
2552 4756 2677 4802 tunc
2706 4755 2878 4811 crant,
2901 4745 3327 4815 exsuperantiam
3354 4744 3543 4814 depre-

1955 4837 2210 4895 hendere.
2239 4836 2353 4891 Nae
2371 4846 2795 4890 autemunnorunt
2813 4844 2939 4900 erat,
2963 4835 3150 4903 inquit,
3174 4844 3540 4889 sexcentarum.

1954 4928 2069 4985 Non
2102 4928 2305 4997 absque
2326 4941 2485 4981 causa
2513 4939 2774 4981 annorum
2791 4925 2919 4996 justi
2945 4940 3225 4979 numerum
3244 4940 3342 4980 nos
3362 4924 3543 4980 docuit

1953 5020 2133 5076 divina
2162 5020 2459 5090 Scriptum,
2514 5032 2689 5086 neque
2746 5025 2805 5072 ut
2847 5015 2986 5071 istud
3033 5017 3205 5085 ipsum
3253 5015 3538 5082 discamus,

1953 5120 2082 5183 quot
2106 5125 2366 5166 annorum
2397 5109 2551 5165 fuerit
2584 5108 2692 5175 ille,
2724 5107 2819 5163 sed
2860 5107 2985 5178 quia
3023 5107 3171 5177 prius
3213 5120 3311 5161 nos
3362 5105 3545 5164 docuit

1953 5207 2226 5277 Scriptura
2263 5203 2447 5260 dicens
2469 5245 2484 5269 ,
2518 5201 2572 5257 Ν
2575 5219 2633 5257 oe
2655 5212 2821 5257 autent
2846 5210 2952 5257 erat
2976 5217 3223 5255 annorum
3243 5200 3544 5271 quingenta-

1952 5315 2066 5355 rum
2096 5297 2249 5372 (Gen.
2278 5297 2332 5353 5.
2361 5296 2456 5367 51)
2481 5312 2493 5349 :
2517 5304 2572 5352 et
2618 5302 2898 5365 postquam
2955 5293 3108 5349 nobis
3147 5306 3409 5348 annorum
3452 5292 3547 5346 de.

1950 5389 2174 5449 claravit
2218 5403 2525 5453 numerum,
2556 5396 2685 5442 tunc
2728 5386 2964 5443 narravit
2993 5384 3330 5441 immodicam
3375 5384 3545 5441 homi-

1952 5497 2083 5540 num
2114 5483 2168 5540 iu
2199 5482 2393 5539 malum
2425 5479 2857 5553 propensionem,
2888 5488 2942 5533 et
2967 5479 3089 5549 quia
3117 5477 3377 5534 incumbit
3402 5492 3543 5550 cogi-

1954 5578 2087 5634 tatio
2115 5577 2388 5634 hominum
2403 5576 2685 5646 dlligentcr
2706 5576 2757 5630 in
2775 5575 2913 5631 mala
2930 5591 2959 5631 a
2976 5576 3254 5648 juventute
3276 5593 3292 5640 ;
3320 5575 3545 5647 ideoque

1948 5662 2090 5724 dixit
2113 5669 2287 5736 Deus,
2320 5669 2438 5726 Non
2472 5668 2778 5740 permanebit
2808 5669 3034 5740 Spiritus
3060 5686 3198 5723 ntrns
3231 5669 3288 5723 in
3324 5652 3542 5725 Immitti-

1955 5766 2046 5821 δυσ
2066 5758 2201 5832 istis,
2232 5777 2290 5818 ea
2314 5766 2447 5832 quod
2470 5758 2569 5833 ipsi
2597 5760 2697 5816 sint
2724 5774 2902 5817 carnes
2927 5760 3081 5836 (Gen.
3110 5761 3158 5818 6.
3185 5759 3272 5831 3);
3294 5775 3544 5832 praznun-
