4102 6204
567 309 672 363 919

570 423 750 478 tiando
774 420 853 475 eis
891 418 1266 488 indignationis
1311 431 1413 471 sua
1460 414 1904 485 magnitudinem;
1933 411 2055 466 dein
2082 421 2137 464 ut

570 515 722 568 daret
747 512 824 566 eis
854 511 1102 566 idoneum
1133 522 1374 579 tempus,
1404 508 1543 579 quod
1573 506 1841 562 sufficeret
1860 505 1927 559 ad
1955 503 2144 575 resipi-

567 604 821 660 scendum
842 644 857 667 ,
884 612 943 658 ut
965 601 1378 673 indignationem
1407 615 1513 656 non
1542 598 1942 666 experiremur,
1969 594 2098 650 dicit
2123 610 2141 647 :

572 694 732 749 Erunt
750 703 917 746 autent
935 693 1039 746 dies
1053 708 1224 746 eorum
1236 691 1357 745 anni
1370 699 1564 745 centum
1582 699 1629 743 et
1641 689 1813 760 viginti
1826 684 1977 759 (Gen.
1993 685 2047 742 6.
2062 686 2140 757 3):

567 790 667 842 hoc
691 795 792 844 est.
823 785 1010 839 Adhuc
1055 783 1453 864 procrastinabo
1478 783 1636 838 etiam
1665 791 1785 851 post
1828 780 2143 850 quingentos

567 876 686 929 illos
731 890 919 940 annos,
971 874 1022 927 in
1074 874 1263 943 quibus
1302 873 1474 941 justus
1499 873 1598 926 iste
1629 887 1724 925 suo
1751 870 1967 924 nomine
2013 870 2143 923 satis

567 980 757 1019 omnes
786 965 900 1017 illos
924 962 1242 1018 admonebat
1260 973 1314 1017 et
1341 960 1644 1027 inducebat,
1664 961 1708 1014 si
1731 959 1942 1029 quidem
1972 966 2143 1012 atten-

567 1059 700 1114 dere
728 1057 1037 1120 voluissent,
1068 1064 1123 1109 ut
1172 1063 1226 1110 et
1268 1069 1296 1108 a
1353 1054 1550 1109 malitia
1610 1052 1948 1117 desisterent,
1976 1059 2031 1106 et
2074 1049 2141 1103 ad

568 1152 819 1205 virtutem
849 1164 907 1203 se
934 1148 1299 1202 transferrent.
1330 1146 1704 1200 Verumtamen
1730 1152 1786 1198 et
1814 1157 1954 1197 nunc
1991 1141 2145 1212 polli-

568 1256 697 1297 ceor
723 1255 810 1295 me
852 1256 1020 1295 annos
1071 1248 1282 1295 centum
1333 1239 1516 1307 viginti
1565 1235 1643 1309 (α)
1693 1237 2059 1298 toleraturum,
2086 1242 2146 1287 ut

572 1344 814 1403 tempore
862 1331 1005 1402 quod
1046 1330 1385 1395 intercedet,
1432 1328 1874 1400 quemadmodum
1924 1343 2021 1396 par
2061 1336 2148 1382 est

570 1434 806 1486 utantur,
836 1425 1196 1493 malitiamque
1223 1423 1444 1492 fugiant,
1483 1430 1540 1478 et
1566 1422 1814 1476 virtutem
1838 1419 2146 1489 amplexen—

570 1525 677 1571 tur.
733 1516 802 1570 Et
824 1530 931 1569 non
955 1516 1129 1568 solum
1177 1524 1459 1569 contentus
1495 1512 1590 1567 fuit
1630 1520 1840 1566 centum
1882 1518 1935 1564 et
1961 1508 2144 1578 viginti

570 1621 830 1661 annorum
874 1605 1244 1675 promissione,
1289 1603 1382 1659 sed
1423 1604 1567 1671 justo
1608 1601 1854 1671 praecepit
1882 1606 1941 1653 ut
1965 1612 2143 1653 arcam

571 1706 921 1759 construeret,
946 1711 1054 1767 quo
1076 1706 1131 1753 et
1156 1696 1269 1765 ipse
1293 1706 1535 1764 aspectus
1548 1708 1686 1749 arca:
1712 1693 1777 1747 iis
1794 1692 2141 1747 sufficientem

570 1789 883 1845 memoriam
907 1796 1232 1858 suggereret,
1252 1797 1303 1841 et
1332 1786 1508 1841 nullus
1546 1786 1811 1855 ignoraret
1856 1781 2145 1837 inferendae

571 1895 744 1951 pinum
769 1878 1202 1949 magnitudinem.
1230 1878 1361 1932 Nam
1391 1876 1528 1932 istud
1567 1876 1770 1945 ipsum,
1798 1873 1938 1943 quod
1968 1871 2144 1943 justus

573 1975 685 2035 ille,
713 1982 766 2028 et
792 1973 879 2041 qni
910 1972 961 2025 in
988 1986 1253 2025 summum
1281 1971 1491 2024 virtutis
1519 1975 1831 2039 pervenerat
1856 1965 2140 2035 fastigium,

572 2074 719 2119 tanto
743 2063 919 2118 studio
946 2062 1253 2118 exstruehat
1278 2076 1454 2115 arcam
1479 2101 1495 2125 ,
1527 2060 1656 2113 satis
1679 2073 1799 2113 esse
1822 2055 2049 2112 debebat
2075 2054 2143 2109 ad

573 2155 917 2224 injiciendum
964 2154 1231 2219 omnibus,
1275 2153 1466 2222 quibus
1516 2166 1665 2205 mens
1708 2157 1864 2213 erat,
1892 2160 2141 2216 angorem

572 2256 629 2302 ct
671 2246 1027 2309 formidinem,
1071 2254 1127 2299 et
1169 2242 1586 2313 persuadendum
1618 2249 1676 2293 ιιι
1723 2238 1991 2307 placarent
2037 2246 2142 2290 tam

572 2344 903 2391 mansuetum
929 2344 983 2389 et
1021 2335 1339 2390 clementem
1376 2330 1674 2386 Dominum.
1709 2327 1838 2381 Nam
1869 2327 1912 2381 si
1935 2325 2143 2381 barbari

572 2429 646 2484 illi
670 2427 763 2502 (b),
802 2427 1059 2482 Ninivitas
1079 2426 1198 2481 dico
1221 2466 1236 2491 ,
1262 2440 1395 2495 quos
1418 2424 1606 2477 iterum
1637 2421 1689 2476 iu
1712 2420 1942 2476 medium
1980 2417 2145 2471 addu-

575 2533 702 2574 cere
730 2532 908 2587 Opera:
934 2515 1160 2585 pretium
1189 2522 1290 2579 est,
1320 2522 1378 2567 ut
1398 2514 1555 2567 etiam
1585 2511 1684 2565 hac
1729 2511 1932 2565 ratione
1977 2508 2143 2578 magis

572 2607 969 2667 demonstretur
1012 2615 1067 2660 et
1103 2605 1291 2659 horum
1339 2605 1523 2673 ingens
1572 2600 1787 2662 malitia,
1822 2608 1878 2655 et
1929 2599 2139 2653 illorum

575 2714 765 2769 magna
794 2696 1046 2768 probitas.
1088 2696 1293 2751 Etenim
1344 2693 1598 2748 Dominus
1634 2701 1815 2746 noster
1849 2691 1900 2744 in
1936 2689 2024 2744 die
2053 2690 2145 2743 illo

577 2791 820 2854 terribili,
838 2789 1042 2859 jndicii,
1078 2788 1312 2857 inquam,
1343 2800 1527 2841 servos
1551 2793 1605 2840 et
1623 2798 1807 2839 servos
1831 2782 1881 2836 in
1912 2781 2143 2836 medium

571 2884 907 2953 produccns,
955 2882 1033 2936 sic
1080 2880 1569 2935 condemnationem
1615 2875 1879 2947 proferet,
1935 2871 2145 2944 quando

571 2973 1009 3026 nioustrabuntnr
1058 2972 1090 3024 ii
1122 2972 1207 3038 qui
1251 2969 1435 3024 eadem
1484 2969 1621 3023 bona
1663 2966 1836 3023 sortiti
1879 2973 2052 3029 erant,
2094 2974 2148 3016 et

572 3060 879 3116 earumdem
905 3061 1160 3114 bonorum
1191 3059 1470 3128 participes
1494 3072 1601 3112 non
1627 3056 1865 3114 eamdem
1881 3068 2144 3109 exercue-

578 3164 697 3207 rant
741 3152 1034 3207 virtutem:
1074 3166 1216 3221 sa-pe
1262 3160 1437 3204 autem
1488 3151 1648 3204 etiam
1687 3164 1753 3204 ex
1801 3147 2147 3217 inatqualibus

579 3241 1006 3314 comparationes
1039 3240 1207 3306 facit,
1244 3249 1307 3296 ut
1352 3240 1606 3309 majorem
1650 3237 2145 3295 condemnationem

579 3335 781 3405 ignavis
806 3335 1015 3391 inferat.
1056 3337 1387 3408 Ouapropter
1414 3344 1468 3389 ct
1493 3335 1543 3388 in
1580 3331 1865 3400 Evangelia
1894 3331 2099 3387 dicebat
2127 3345 2145 3385 :

581 3413 696 3472 Viri
715 3413 1260 3479 Ninivitteexsurgent
1284 3412 1544 3476 lujudwlu
1558 3428 1675 3466 cum
1704 3418 2157 3486 generatione/tae,

574 3516 623 3558 et
672 3505 1070 3561 condemnabam
1119 3521 1263 3571 eam,
1303 3505 1423 3575 quia
1464 3508 1805 3575 paniteutiam
1849 3519 2053 3581 egerunt
2099 3511 2153 3565 in

578 3593 935 3661 pradicittione
956 3594 1107 3650 J0me
1127 3606 1207 3650 :ct
1227 3613 1338 3650 ecce
1355 3598 1467 3665 plus
1480 3615 1629 3668 quam
1647 3598 1810 3655 Jonas
1838 3601 1917 3655 hic
1938 3601 2148 3671 (Matth.

580 3684 669 3739 li.
696 3684 790 3754 εΗ)
815 3702 828 3736 :
855 3687 1002 3754 quasi
1052 3686 1531 3742 diceret:Barbari
1574 3705 1796 3760 quorum
1843 3693 1979 3745 nulla
2024 3708 2151 3748 cura

577 3784 659 3829 est
676 3773 872 3838 habita,
891 3777 978 3845 qui
1012 3778 1382 3845 propheutrum
1404 3778 1697 3833 doctrinam
1721 3796 1823 3835 non
1847 3782 2146 3847 audierunt,

579 3863 671 3933 qui
695 3865 842 3934 signa
867 3880 972 3919 non
1000 3864 1265 3933 viderunt,
1291 3868 1376 3935 qui
1400 3868 1648 3923 miracula
1679 3884 1780 3924 non
1805 3882 2107 3938 spectarunt
2131 3912 2147 3936 ,

579 3953 674 4008 sed
696 3954 890 4009 auditis
918 3967 1118 4010 tantum
1150 3958 1302 4012 unius
1326 3958 1553 4013 hominis
1575 3958 1625 4012 in
1655 3960 1929 4032 naufragio
1955 3962 2151 4016 servati

577 4045 787 4110 verbis,
815 4062 934 4116 quae
983 4062 1105 4113 eos,
1131 4064 1371 4120 magnam
1399 4049 1818 4120 desperationem
1860 4050 2148 4118 all‘erendo,

576 4136 784 4190 consilii
816 4139 1000 4206 inopes
1018 4137 1189 4195 facere
1218 4149 1477 4209 poterant,
1501 4142 1568 4195 ita
1592 4143 1821 4198 utetiam
1841 4153 2149 4199 contemne—

577 4236 695 4282 rent
742 4243 862 4297 qua:
915 4229 1245 4295 dicebantur,
1277 4247 1380 4286 non
1430 4234 1601 4289 solmn
1643 4250 1745 4290 non
1798 4234 2152 4306 despexerunt

575 4317 852 4386 propheta:
877 4319 1058 4384 verba,
1090 4320 1182 4374 sed
1233 4331 1287 4375 et
1340 4323 1391 4377 in
1444 4325 1601 4380 trium
1653 4326 1860 4382 dierum
1911 4331 2150 4399 angustia

577 4406 918 4474 deprehensi,
950 4420 1055 4464 tam
1102 4409 1407 4481 diligentem
1435 4425 1490 4468 et
1525 4415 1813 4472 studiosam
1838 4416 2011 4475 fecere
2036 4435 2151 4489 pm-

577 4495 875 4561 nitcntiam,
906 4508 1041 4555 utet
1090 4502 1403 4558 sententiam
1450 4505 1659 4560 Domini
1706 4518 2034 4564 revocarent.
2083 4510 2147 4566 Ili

574 4588 754 4659 igitur,
806 4589 1007 4660 inquit,
1058 4592 1483 4651 condemnabam
1529 4602 1922 4667 generationem
1974 4601 2145 4672 hanc,

571 4681 712 4735 circa
740 4696 897 4751 quam
930 4692 1072 4739 tanta
1099 4699 1223 4740 cura
1256 4685 1354 4742 fuit
1371 4687 1758 4762 adhibita,qu:e
1777 4692 2147 4765 prophetarum

572 4771 724 4828 libris
752 4775 980 4828 enutrita
1018 4785 1119 4843 cst,
1151 4792 1270 4848 quae
1315 4780 1463 4850 signa
1515 4790 1570 4836 et
1613 4782 1867 4839 miracula
1915 4785 2150 4856 quotidie

572 4866 852 4935 spectavit.
897 4868 1094 4926 Deinde
1116 4880 1174 4925 ut
1197 4882 1247 4926 et
1280 4871 1497 4927 istorum
1520 4889 1762 4944 magnam
1808 4876 2148 4933 incredulita-

573 4956 642 5010 tis
666 4957 1007 5013 eminentiam
1038 4961 1376 5020 ostenderet.
1408 4966 1565 5018 etiam
1596 4964 1803 5020 illorum
1831 4966 2146 5022 ineffabilem

577 5047 889 5116 probitatem
917 5050 1096 5104 subdit
1127 5068 1140 5105 :
1173 5052 1302 5117 Quia
1332 5054 1671 5122 paenitentiam
1700 5067 1902 5126 egerunt
1924 5057 1994 5109 ad
2017 5073 2149 5123 pra:-

575 5138 873 5193 tlicationem
901 5140 1050 5196 lana:
1075 5184 1091 5208 ,
1118 5152 1163 5195 et
1190 5159 1300 5197 ecce
1328 5144 1441 5214 plus
1469 5161 1619 5215 quam
1646 5144 1805 5201 Jonas
1837 5148 1909 5200 [tit
1950 5163 1968 5201 .'
1992 5148 2147 5203 Nini-

632 5318 704 5380 (a)
733 5318 852 5390 )‘ide
874 5332 984 5382 quae
1007 5322 1231 5384 superius
1248 5321 1457 5372 diximus
1485 5322 1577 5372 col.
1602 5323 1708 5384 190,
1733 5326 1857 5374 circa
1900 5324 2009 5375 illos
2028 5339 2147 5377 cen-

571 5384 675 5427 tum
700 5384 865 5431 vtamti
891 5394 1055 5431 annos.

785 5394 865 5429 lﬂll
891 5394 1055 5429 annos.

630 5393 675 5427 m
700 5393 865 5440 viginti
891 5394 1055 5431 annos.

630 5440 703 5500 (ὁ)
734 5443 1011 5490 Orationem
1031 5442 1159 5493 solet
1178 5443 1537 5511 Clin-sestertius
1554 5443 1841 5511 frequenter
1858 5447 2143 5511 interpella-

568 5513 644 5555 re,
659 5513 1091 5569 aenonnumquam
1114 5512 1211 5569 tam
1226 5503 1402 5569 longas
1424 5506 1605 5569 inducit
1620 5503 1958 5569 p'arentheses,
1982 5503 2037 5558 ut
2057 5523 2146 5560 sre-

565 5574 630 5629 pe
654 5561 875 5610 videmur
897 5561 1070 5631 prioris
1090 5566 1238 5631 seriei
1263 5561 1470 5631 ohliltts;
1488 5568 1574 5617 sed
1592 5561 1758 5617 u'escio
1773 5582 1834 5618 an
1848 5561 2033 5631 uspiam
2048 5583 2146 5620 ma-

563 5626 720 5692 iorem
736 5635 880 5682 quam
903 5626 981 5673 hic
998 5626 1312 5687 parenthesin
1338 5628 1609 5679 adhibuerit
1634 5642 1645 5677 :
1668 5631 1889 5692 paginam
1909 5626 2043 5682 enim
2065 5631 2144 5683 illa

565 5690 670 5738 fere
693 5693 936 5752 integram
956 5695 1173 5758 occupat.

1257 300 1314 357 S.
1354 296 1632 355 JOANNIS
1666 293 2139 352 CIIRYSOSTOMI
2178 294 2496 355 ARCIIIEP.
2534 297 3064 357 CONSTANTINOP.

3714 306 3826 362 220

2250 414 2371 469 vita-
2394 415 2629 484 quidem,
2679 418 2867 489 inquit,
2918 419 3033 474 viso
3070 419 3281 489 ahjecto
3327 420 3538 478 homine
3582 423 3737 490 δοίη.
3765 442 3821 485 ct

2245 506 2362 574 ejus
2398 519 2746 577 susceperunt
2767 512 3219 579 praedicationem.
3265 525 3325 569 et
3370 520 3822 574 accuratissimant

2247 595 2483 652 fecerunt
2527 601 2890 668 pandtentiam
2941 618 2955 655 :
3007 602 3093 657 isti
3138 613 3317 659 autem
3371 606 3613 663 videntes
3657 612 3825 666 multo

2245 688 2501 755 majorem
2520 705 2677 758 quam
2697 689 2858 746 Jonas
2883 703 2993 746 erat
3021 735 3038 758 ,
3072 694 3347 765 ipsumque
3374 697 3605 752 universi
3647 700 3820 756 Domi-

2247 794 2373 833 num
2401 794 2582 836 secum
2610 782 2772 837 simul
2793 795 3109 851 versanti-nt,
3138 796 3389 853 tantaque
3411 802 3475 842 ac
3500 788 3624 843 talia
3650 794 3823 862 quoti-

2244 868 2333 925 die
2355 871 2606 926 miracula
2637 884 2966 943 operantem,
2994 877 3233 947 leprosos
3262 880 3606 935 mandantem
3626 923 3644 948 ,
3675 900 3815 939 mor-

2247 969 2366 1015 tuos
2405 962 2748 1019 suscitantem
2774 1003 2791 1028 ,
2821 966 2944 1020 vitia
2971 977 3174 1022 natum
3200 970 3596 1040 corrigentem,
3621 972 3825 1027 ἀει-πηο-

2246 1065 2341 1106 nes
2369 1052 2745 1121 expellentem,
2773 1056 2989 1111 morbos
3034 1069 3332 1121 curantem,
3366 1069 3627 1129 praestate
3657 1064 3819 1118 multa

2243 1154 2579 1211 peccatorum
2606 1147 2969 1202 remissionem
2987 1149 3346 1216 praebentem:
3373 1167 3476 1206 non
3501 1153 3644 1207 illam
3661 1170 3819 1224 quam

2246 1233 2451 1288 barbari
2486 1235 2643 1289 fidem
2666 1238 3036 1293 cxhilmcruut.

2313 1325 2368 1379 2.
2414 1325 2666 1379 Patientia
2716 1336 2762 1381 et
2806 1329 3082 1399 benignitas
3106 1329 3196 1385 Dei
3249 1330 3301 1383 in
3346 1330 3459 1401 ipso
3488 1331 3715 1395 diluvio;
3760 1350 3828 1387 ea:

2246 1416 2475 1482 pra'senti
2513 1434 2659 1486 ptem:
2696 1420 3012 1486 peccantibus
3047 1420 3189 1473 illam
3239 1420 3480 1473 minttitur
3507 1433 3713 1477 (eterna.
3740 1453 3813 1463 --

2248 1502 2442 1558 Verum
2472 1506 2537 1558 ad
2567 1508 2830 1561 sermonis
2859 1509 3025 1563 nostri
3074 1510 3266 1563 seriem
3311 1510 3605 1573 redeamus,
3633 1523 3689 1567 ut
3736 1514 3819 1567 vi-

2246 1593 2373 1649 deas
2414 1610 2571 1664 quam
2616 1596 2894 1649 immodica
2940 1597 3160 1651 istorum
3201 1600 3355 1653 fuerit
3381 1601 3717 1670 improhitas,
3766 1614 3823 1658 et

2249 1699 2405 1751 quam
2443 1684 2699 1739 laboriosa
2747 1687 2952 1740 illorum
2999 1690 3663 1757 resipiscentiazNiniritze
3698 1696 3822 1763 qui-

2247 1775 2367 1828 dem
2396 1777 2446 1829 in
2488 1776 2717 1830 triduum
2757 1779 3029 1847 coarctati,
3056 1795 3230 1849 neque
3278 1782 3355 1836 sic
3403 1781 3471 1837 de
3516 1785 3686 1839 salute
3727 1800 3821 1839 sua

2244 1865 2610 1936 desperarunt,
2634 1868 2726 1921 sed
2741 1868 2805 1920 ad
2829 1871 3190 1939 ptenitentiam
3213 1883 3572 1940 properantes,
3607 1887 3820 1944 peccata

2246 1960 2543 2025 ahlnerunt,
2573 1961 3035 2032 misericordiaque
3065 1963 3270 2018 Domini
3296 1980 3416 2020 sese
3454 1965 3645 2037 dignos
3669 1968 3822 2022 exhi-

2249 2053 2476 2106 htterunt
2504 2070 2517 2106 :
2550 2053 2635 2107 isti
2661 2063 2840 2109 autem
2866 2096 2880 2117 ,
2903 2054 2971 2110 de
2997 2056 3187 2125 quihus
3214 2072 3352 2111 nunc
3379 2073 3585 2123 sermo,
3613 2068 3822 2129 tempus

2244 2154 2458 2209 centum
2489 2154 2543 2200 et
2568 2145 2751 2216 viginti
2788 2162 3047 2201 annorum
3096 2147 3161 2201 ad
3193 2149 3553 2219 penitentiam
3597 2167 3821 2222 accepe-

2247 2245 2390 2301 rant,
2409 2253 2582 2308 ncque
2609 2238 2802 2306 aliquid
2833 2237 2956 2294 inde
2983 2237 3372 2293 lucrifecerunt.
3400 2240 3629 2297 Proinde
3648 2243 3822 2296 Domi.

2247 2341 2348 2382 nus
2371 2326 2556 2381 videns
2578 2328 2629 2382 in
2659 2327 2874 2381 multam
2904 2327 3019 2380 illos
3038 2328 3298 2383 excidisse
3333 2330 3651 2398 nequitiam,
3678 2332 3822 2388 cele-

2248 2434 2360 2472 rem
2385 2418 2512 2487 ipsis
2537 2417 2736 2472 inducit
2769 2419 3149 2473 correctionem
3173 2460 3187 2481 ,
3212 2418 3491 2487 aboletque
3510 2431 3565 2475 et
3592 2435 3623 2475 e
3644 2421 3823 2475 medio

2249 2507 2392 2562 tollit
2418 2509 2542 2563 mali
2588 2524 2775 2563 eorum
2826 2506 3067 2562 fermenti
3123 2508 3329 2563 vitium.
3357 2508 3481 2564 Ideo
3508 2510 3676 2565 dicit:
3709 2512 3823 2565 Noe

2248 2607 2415 2650 autem
2461 2607 2568 2650 erat
2610 2614 2858 2650 annorum
2903 2609 3276 2662 sexcentarum,
3304 2611 3350 2653 et
3388 2601 3632 2655 diluvium
3675 2619 3823 2673 aqua

2248 2691 2434 2759 factum
2454 2700 2525 2743 est
2552 2705 2704 2758 super
2723 2699 2927 2742 terram.
2957 2688 3073 2743 lam
3100 2689 3379 2744 didicimus
3402 2732 3417 2754 ,
3444 2692 3654 2761 quando
3680 2692 3824 2747 indi-

2246 2781 2425 2849 gnatio
2477 2788 2531 2834 et
2579 2780 2850 2846 jrzedietio
2897 2780 3105 2835 Domini
3161 2782 3294 2835 facta
3346 2792 3447 2845 est,
3499 2783 3609 2837 Noe
3661 2785 3824 2838 fuisse

2246 2886 2503 2925 annorum
2535 2871 2942 2939 quingentorum
2967 2888 2982 2923 :
3012 2871 3223 2941 quando
3248 2883 3424 2925 autem
3453 2873 3722 2927 inductum
3741 2886 3823 2928 est

2247 2961 2518 3019 diluvium.
2542 2972 2908 3015 sescentorum
2984 2961 3052 3013 ita
3085 2961 3311 3015 interces
3341 2971 3495 3015 erunt
3535 2963 3658 3017 anni
3686 2964 3826 3018 inter

2253 3052 2682 3120 praedicationem
2713 3062 2766 3107 et
2787 3053 3039 3106 diluvium
3072 3064 3281 3107 centum
3317 3064 3411 3108 :et
3464 3055 3516 3110 in
3564 3056 3627 3109 iis
3666 3056 3822 3110 annis

2251 3159 2316 3198 ne
2343 3145 2604 3199 tantillum
2632 3144 2843 3213 quidem
2876 3145 3233 3214 profecerunt,
3267 3147 3387 3200 licet
3417 3140 3688 3217 tantiipere
3726 3149 3825 3203 dn-

2247 3242 2493 3287 ccrentur
2520 3248 2550 3287 a
2580 3232 2689 3288 Noe
2712 3250 2890 3288 arcam
2922 3234 3231 3289 fabricante.
3270 3236 3373 3291 Sed
3420 3237 3645 3292 fortasse
3671 3256 3824 3308 qum-

2249 3335 2329 3377 t'et
2377 3323 2801 3393 aliquisanarc
2842 3340 2960 3377 cum
3017 3322 3213 3379 dixerit
3268 3324 3517 3380 Demittus
3550 3367 3563 3393 ,
3610 3328 3835 3384 Genium

2259 3409 2739 3480 vigintiannierunt
2767 3413 2879 3469 dies
2892 3429 3106 3477 eorum;
3126 3419 3540 3493 promiseritque
3568 3438 3627 3477 se
3673 3433 3827 3476 tanto

2256 3511 2493 3573 tempore
2530 3506 2804 3559 tolerantia
2848 3521 3085 3571 usurum,
3127 3518 3412 3576 antequam
3470 3514 3822 3582 implerentnr

2253 3595 2377 3648 anni
2407 3595 2679 3663 promissi,
2710 3596 3011 3652 universale
3033 3598 3631 3658 introducitexcidium?
3652 3605 3826 3661 Etiam

2255 3683 2357 3738 hoc
2402 3686 2563 3754 ipsius
2591 3685 2886 3739 clementia:
2936 3687 3220 3741 maximum
3254 3700 3336 3742 est
3374 3705 3743 3762 argumentum
3775 3710 3826 3752 ct

2257 3775 2526 3831 indicium.
2561 3776 2689 3830 Nam
2717 3776 2963 3846 quoniam
3005 3778 3136 3832 vidit
3182 3780 3415 3849 quotidie
3467 3785 3831 3842 incurabiziter

2257 3867 2374 3921 illos
2403 3882 2639 3936 peccare,
2666 3876 2720 3922 et
2752 3883 2855 3922 non
2906 3869 3076 3923 solum
3121 3871 3248 3924 nihil
3278 3888 3343 3926 ex
3392 3874 3645 3931 ineﬂ’ahili
3685 3879 3825 3933 tole-

2255 3959 2421 4011 rantia
2474 3971 2568 4013 sua
2622 3957 2898 4026 prolicere,
2948 3958 3043 4014 sed
3096 3969 3151 4014 et
3201 3960 3571 4019 incrudescere
3620 3968 3824 4030 ulcera,

2256 4057 2531 4116 propterea
2560 4046 2782 4102 succidit
2802 4056 3033 4118 tempus,
3051 4057 3110 4103 ut
3132 4065 3198 4104 ne
3224 4050 3408 4121 majori
3435 4054 3633 4109 scilicet
3653 4070 3832 4124 preme

2251 4152 2312 4193 se
2339 4137 2596 4193 obnoxios
2622 4137 2875 4193 facerent.
2908 4140 2977 4192 Et
3000 4154 3120 4209 qum
3138 4181 3153 4207 ,
3174 4140 3315 4196 dicet
3343 4142 3553 4211 aliquis,
3582 4144 3682 4200 hac
3708 4162 3833 4199 ma-

2248 4227 2337 4297 jor
2354 4236 2497 4282 esset
2516 4228 2709 4296 paena?
2731 4229 2824 4283 Est
2852 4228 3024 4298 plane,
3054 4239 3170 4295 est,
3192 4228 3386 4287 dilecte
3403 4271 3418 4295 ,
3448 4247 3602 4303 paena
3634 4244 3685 4287 et
3709 4251 3828 4288 ma-

2246 4318 2354 4389 jor,
2381 4330 2436 4374 et
2462 4319 2763 4384 terribilior,
2789 4328 2843 4374 et
2870 4328 3143 4389 perpetua,
3174 4336 3367 4391 nempe
3399 4338 3517 4393 qua:
3555 4324 3609 4377 in
3646 4323 3836 4379 futuro

2253 4412 2471 4466 saeculo.
2501 4411 2724 4478 Quidam
2778 4413 2919 4466 enim
2948 4412 3153 4466 etiamsi
3198 4413 3282 4468 hic
3324 4428 3532 4483 pinnam
3576 4414 3833 4483 subeant,

2253 4503 2361 4557 illic
2383 4511 2561 4559 tamen
2620 4520 2726 4558 non
2751 4501 3007 4574 ell‘ugiunt
3036 4545 3052 4570 ,
3084 4504 3179 4559 sed
3224 4505 3473 4561 leviorem
3513 4509 3834 4573 Sortientur,

2251 4593 2321 4648 ob
2338 4609 2455 4648 eam
2483 4609 2641 4664 quam
2664 4594 2747 4648 hic
2763 4595 2996 4648 tulerunt
3010 4596 3423 4666 magnitudinem
3441 4597 3833 4666 suppliciorum

2252 4685 2378 4742 hinc
2401 4687 2714 4742 minucntes.
2744 4687 2879 4742 Audi
2907 4688 3174 4743 Christum
3193 4689 3481 4753 dicentem,
3502 4700 3559 4746 et
3573 4693 3832 4748 miseram

2252 4783 2529 4832 vocantem
2577 4776 2852 4832 Bethsaida
2884 4794 2899 4832 :
2936 4776 3023 4833 γω
3052 4777 3174 4847 tibi,
3198 4778 3484 4847 Chomaim,
3521 4781 3710 4852 inquit,
3757 4798 3840 4839 ac

2252 4866 2359 4932 tibi,
2388 4865 2661 4921 Bel/naida
2680 4882 2700 4921 :
2722 4868 2841 4938 quia
2858 4868 2902 4922 si
2927 4868 2981 4922 in
3007 4868 3248 4924 Sodomis
3268 4872 3417 4941 facta
3439 4882 3602 4925 essent
3624 4873 3839 4926 virtutes

2251 4955 2357 5009 illa:
2380 4970 2492 5026 uiue
2524 4958 2674 5025 locta
2710 4965 2825 5011 sunt
2845 4958 2899 5010 in
2948 4959 3101 5023 vobis,
3131 4958 3252 5012 olim
3296 4960 3350 5011 in
3380 4975 3526 5014 sacco
3566 4973 3616 5015 et
3663 4963 3840 5017 einen

2253 5046 2592 5113 ptenitentiam
2613 5047 2844 5116 egissent.
2886 5045 3014 5101 Ideo
3044 5049 3157 5102 dico
3198 5049 3337 5104 vobis
3364 5051 3484 5120 quia
3520 5052 3849 5107 tolerabilius

2251 5139 2346 5191 erit
2387 5146 2532 5192 terra
2578 5138 2915 5193 Sodomorum
2961 5149 3006 5193 et
3059 5139 3357 5195 Gomorrlta:
3401 5142 3455 5196 in
3497 5144 3582 5197 die
3622 5144 3832 5215 iudicii,

2250 5243 2402 5294 quam
2442 5228 2579 5283 vobis
2627 5228 2840 5300 (Matth.
2890 5230 2973 5284 ll.
3027 5231 3117 5285 2|.
3166 5229 3275 5298 ἥς
3318 5230 3447 5287 Luc.
3476 5233 3564 5288 10.
3595 5235 3682 5288 15.
3714 5236 3834 5303 ιι).

2256 5319 2435 5386 Vides,
2462 5319 2676 5386 dilecte,
2704 5322 2969 5390 quomodo
2992 5337 3114 5378 cum
3141 5324 3308 5391 dicit,
3332 5323 3667 5381 Tolerabilius
3692 5329 3789 5381 erit
3816 5370 3836 5392 ,

2252 5411 2487 5467 ostendit
2511 5428 2605 5468 eos
2621 5412 2743 5468 licet
2766 5422 2966 5469 tantam
2996 5414 3082 5471 hic
3122 5430 3333 5486 pinnam
3367 5417 3633 5485 dederint,
3661 5428 3719 5475 et
3747 5420 3840 5473 in-

2250 5501 2496 5558 cendium
2536 5502 2662 5558 illud
2688 5519 2882 5559 novum
2910 5515 2964 5559 et
2996 5521 3173 5561 rarum
3202 5508 3419 5562 tulerint
3438 5550 3453 5574 ,
3487 5509 3593 5564 illic
3619 5525 3844 5581 quoque

2252 5610 2460 5665 pinnam
2482 5595 2683 5651 laturos
2711 5610 2850 5660 esse,
2884 5607 3252 5655 verumtamen
3272 5598 3523 5655 leviorem
3547 5643 3560 5666 ,
3594 5617 3661 5657 eo
3688 5604 3844 5674 quod

2250 5683 2402 5756 prius
2421 5683 2508 5740 hic
2528 5696 2723 5742 tantam
2760 5689 2965 5759 experti
2989 5689 3092 5746 sint
3120 5689 3573 5761 indignationem?
3615 5691 3694 5751 Ne
3742 5695 3838 5764 igi-
