4116 6196
364 326 468 384 219

363 444 461 497 διὰ
509 441 570 496 τὸ
612 438 763 496 εἶναι
803 440 1024 507 αὐτοὺς
1061 444 1311 511 σάρκας,
1349 447 1678 516 προμηνύων
1719 449 1902 512 αὑτοῖς
1926 452 2026 520 τῆς

1506 326 1575 385 ΙΝ
1608 330 1759 388 CAP.
1806 330 1890 390 VII
1917 332 2159 393 GENES.
2206 340 2435 399 HOMIL.
2481 343 2643 403 XXV.

3690 362 3793 417 9.9.0

2134 454 2303 510 πλείω
2349 459 2443 512 τοῦ
2492 462 2661 528 Ἰωνᾶ,
2718 464 2809 518 καὶ
2854 466 3014 521 αὑτὸν
3043 467 3134 522 τδν
3156 468 3263 523 τῶν
3285 470 3421 524 ὅλων
3466 472 3795 547 δημιουργὸν

2651 526 2655 528 ⁷
3518 526 3550 543 η
3610 526 3619 528 ⁷
3644 526 3647 527 ⁷
3669 526 3687 547 I7
3711 526 3723 543 ι
3746 526 3759 528 “
3775 526 3786 530 ⁷

364 529 789 599 ἀγανακτήσεως
817 526 984 635 αὐτοῖς
999 528 1423 635 ἣνὶὺπερδξλῂν
1445 548 1461 564 ⁸
1482 527 1600 586 εἶτα
1628 534 1714 587 ἵνα
1744 533 1819 605 δῷ
1845 536 2011 605 αὑτοῖί
2049 536 2089 609 ξι
2131 549 2365 620 ὁρῶντες
2408 556 2505 609 σὺν
2540 558 2721 622 αὑτοῖς
2766 565 3364 635 συναναστρεφόμενον,
3422 568 3515 621 καὶ
3559 569 3794 624 τοσαῦτα

369 632 451 635 μωμμ
475 615 554 635 -\,_
589 615 849 635 1___A-!___-_
888 632 953 635 __
1007 632 1022 635 -
1061 632 1085 635 μ
1151 632 1280 635 “-7-
1399 618 1484 635 ’.Α
1662 621 1674 635 ι
1754 621 1766 635 ι
1904 623 1929 635 υ

366 615 555 687 καιρδν
580 615 853 686 ἀρκοῦντα
882 614 1023 685 πρὸς
1056 616 1117 668 τὸ
1147 617 1566 685 μεταϐαλέσθαι.
1588 621 1685 673 καὶ
1717 621 1814 693 τὴν
1835 623 2029 692 πεῖραν

363 701 644 770 διαφυγεῖν
694 702 794 771 τῆς
848 702 1297 772 ἀγανακτήσεως,
1348 706 1545 775 φησίνο
1576 707 1828 761 Ἔσονται
1874 707 1931 760 δέ
1970 709 2028 762 αἱ

364 787 568 860 ἡμέραι
598 788 777 843 αὑτῶν
816 787 910 860 έτη
960 789 1152 843 ἑκατὸν
1184 790 1355 844 είκοσι
1377 807 1392 822 ·
1432 793 1554 846 ἀντὶ
1596 794 1712 858 τοῦ,
1744 796 2025 867 μακροθυ-

368 876 527 945 μήσω
553 876 632 929 ἔτι
667 876 804 947 μετά
837 876 905 930 τά
936 876 1268 930 πεντακόσια
1294 878 1411 949 ἔτη.
1442 880 1576 934 Οὐδὲ
1607 885 1714 952 γὰρ
1746 882 2024 937 ἐπαύσατο

361 964 391 1016 ό
419 963 625 1026 δίκαιος
638 957 791 1027 οὗτος
807 965 865 1015 ὲν
889 964 1002 1027 τοῖς
1029 964 1404 1030 πεντακοσίοις
1420 966 1563 1020 ἔτεσι
1584 967 1671 1020 διὰ
1698 970 1795 1039 τῆς
1817 971 2024 1035 οίκείας

362 1050 731 1121 προσηγορίας
748 1050 956 1115 πάντας
981 1050 1180 1114 αὐτοὺς
1201 1051 1657 1124 ὑπομιμνήσκων,
1672 1056 1767 1109 καὶ
1789 1056 2022 1125 ἐνάγων,

360 1135 521 1207 εῖπερ
563 1135 845 1191 ἐϐούλοντο
878 1135 1193 1207 προσέχειν,
1227 1137 1367 1191 ὥστε
1397 1139 1617 1210 καὶτῆς
1661 1141 1859 1206 κακίας
1884 1143 2025 1199 ἀπο-

362 1223 553 1294 στῆναι
581 1222 676 1277 καὶ
705 1223 842 1295 πρὸς
860 1222 960 1295 τήν
987 1224 1191 1295 ἀρετὴν
1223 1225 1649 1295 μετατάξασθαι.
1689 1227 1828 1281 Ἀλλ’
1849 1230 2021 1302 ὅμως,

358 1310 513 1380 φησὶ,
546 1309 640 1363 καὶ
666 1308 761 1362 νῦν
795 1308 875 1363 ἔτι
904 1310 1097 1363 ἐκατδν
1134 1311 1305 1364 εἴκοσι
1331 1312 1468 1365 ἐτῶν
1488 1314 1718 1385 ἀριθμὸν
1741 1316 2025 1388 ὑπισχνοῦ-

360 1415 461 1468 μαι
488 1397 962 1469 μακροθυμήσειν,
986 1398 1076 1452 ἴνα
1096 1398 1175 1469 τῷ
1203 1398 1406 1470 μεταξὺ
1438 1402 1614 1473 χρόνῳ
1639 1405 1718 1467 είς
1745 1404 1863 1459 δέον
1885 1423 2023 1477 χρη-

359 1485 606 1554 σάμενοι,
637 1484 734 1543 καὶ
762 1483 859 1555 τὴν
890 1483 1089 1538 κακίαν
1114 1484 1348 1553 φύγωσι,
1386 1488 1480 1540 καὶ
1507 1490 1607 1559 τῆς
1640 1489 1839 1561 ἀρετῆς
1872 1492 2022 1545 ἀντι-

356 1570 645 1626 λάϐωνται.
689 1572 795 1624 Καὶ
821 1571 880 1623 οὑ
916 1570 1075 1641 μόνον
1097 1573 1162 1642 τῇ
1191 1572 1485 1643 ὑποσχέσει
1515 1573 1625 1629 τῶν
1652 1576 1790 1630 ἐτῶν
1821 1579 2019 1633 ἐκατὸν

356 1655 808 1727 εἴκοσιὴρκέσθη,
832 1655 967 1709 ἀλλά
995 1656 1090 1710 καὶ
1112 1656 1189 1728 τῷ
1205 1657 1400 1729 δικαίῳ
1435 1661 1760 1730 προστάττει
1787 1664 2021 1719 κιϐωτὸν

353 1744 739 1815 τεκτήνασθαι,
792 1742 879 1797 ῖνα
919 1742 1014 1796 κα)⁸
1043 1744 1185 1817 αὑτὴ
1219 1747 1253 1817 ἡ
1286 1745 1408 1815 ὄψις
1435 1747 1535 1817 τῆς
1591 1749 1824 1803 κιϐωτοῦ
1858 1751 2021 1806 πάλιν

353 1830 630 1902 ἀρκοῦσαν
643 1830 827 1894 αὑτοῖς
844 1829 1150 1901 ὑπόμνησιν
1165 1831 1444 1906 παράσχῃ,
1465 1834 1561 1887 καὶ
1580 1835 1768 1907 μηδεὶς
1778 1838 2019 1912 ἀγνοήσῃ

346 1926 457 1996 ,τῆς
507 1924 806 1998 μελλούσης
852 1924 1120 1996 τιμωρίας
1164 1927 1467 1996 ἐπάγεσθαι
1497 1928 1557 1983 τὸ
1588 1929 1837 2001 μέγεθος.
1874 1933 2018 1987 Δὺτὸ

355 2022 466 2094 γάρ
496 2020 654 2075 τοῦτο
706 2020 798 2072 τὸν
848 2019 1052 2074 δίκαιον
1094 2022 1300 2077 ἐκεῖνον
1330 2023 1425 2077 καὶ
1455 2025 1535 2088 εἰς
1575 2025 1675 2096 τὴν
1703 2025 1882 2099 ἀκραν
1914 2028 2017 2099 τῆς

356 2117 598 2190 κορυφῆς
652 2112 933 2184 φθάσαντα
985 2116 1252 2188 τοσαύτην
1297 2119 1567 2172 ποιεῖσθαι
1607 2120 1840 2193 σπουδὴν
1887 2122 2015 2193 περὶ

354 2213 453 2284 τὴν
478 2212 573 2281 τῆς
610 2208 842 2262 κιϐωτοῦ
874 2211 1239 2283 κατασκευὴν,
1276 2214 1459 2269 ἱκανὸν
1495 2216 1707 2282 πάντας
1726 2218 1852 2283 τοὺς
1889 2215 2014 2273 νοῦν

354 2307 570 2379 ἔχοντας
627 2307 707 2368 εἰς
754 2305 993 2373 ἀγωνίαν
1034 2307 1128 2360 καὶ
1168 2309 1332 2378 φόϐον
1373 2311 1660 2383 ἐμϐαλεῖν,
1701 2313 1796 2367 καὶ
1830 2316 2013 2369 πεῖσαι

351 2400 797 2473 ἐξευμενίσασθαι
824 2400 913 2454 τὸν
941 2399 1116 2465 οὑτως
1143 2402 1350 2476 ἥμερον
1388 2405 1484 2460 καὶ
1512 2407 1891 2479 φιλάνθρωπον
1918 2410 2012 2461 Δε-

352 2499 572 2567 σπότην.
612 2496 673 2548 Et
699 2494 807 2566 γάρ
837 2495 888 2548 οἱ
910 2494 1174 2568 βάρϐαροι
1209 2498 1432 2564 ἐκεῖνοι,
1461 2501 1509 2554 οἱ
1537 2501 2009 2572 Νινευῖταιλέγω’

352 2591 512 2648 πάλιν
540 2589 651 2661 γάρ
706 2589 905 2653 αὑτοὺς
951 2589 1246 2659 ἀναγκαῖον
1296 2594 1377 2657 είς
1415 2592 1578 2664 μέσον
1622 2595 1871 2665 ἀγαγεῖν,
1926 2595 2011 2650 (va

346 2685 521 2758 ταύτῃ
573 2685 667 2739 καὶ
717 2684 915 2754 μᾶλλον
950 2683 1133 2756 δειχθῇ
1180 2686 1504 2742 καὶτούτων
1530 2690 1565 2761 ἡ
1597 2689 2011 2750 ὑπερϐάλλουσα

349 2782 536 2844 κακία,
567 2779 835 2833 κάκείνων
862 2779 895 2850 ἡ
938 2778 1107 2850 πολλὴ
1138 2780 1544 2855 εὐγνωμοσύνη.
1577 2784 1687 2838 Καὶ
1715 2785 1825 2856 γάρ
1852 2787 1881 2839 ὁ
1907 2787 2008 2839 Ae-

349 2877 552 2944 σπότης
578 2874 733 2946 ἡμῶν
761 2874 880 2927 τότε
927 2875 985 2927 ἐν
1030 2876 1095 2945 τῇ
1136 2874 1320 2946 ἡμέρᾳ
1365 2877 1548 2950 ἐκείνῃ
1590 2882 1656 2952 τῇ
1688 2880 1914 2953 φοϐερᾷ,
1941 2884 2005 2954 τῇ

347 2969 446 3039 τῆς
473 2969 704 3038 κρίσεως
737 2966 899 3036 λέγω,
924 2966 1144 3031 δούλους
1180 2969 1273 3022 καὶ
1297 2968 1516 3034 δούλους
1540 2971 1622 3035 είς
1654 2973 1817 3043 μέσον
1836 2974 2005 3043 ἄγων,

345 3060 489 3116 οὑτω
510 3060 609 3132 τὴν
637 3060 960 3132 κατάκρισιν
1010 3061 1321 3132 ἐργάζεται,
1359 3063 1488 3117 ὅταν
1518 3064 1803 3135 δειχθῶσιν
1822 3069 1871 3121 οί
1898 3068 2007 3122 τῶν

345 3156 522 3211 αὑτῶν
541 3156 946 3220 ἀπολαύσαντες
972 3157 1066 3210 καὶ
1093 3156 1202 3210 τῶν
1229 3157 1408 3211 αὑτῶν
1432 3162 1790 3231 μετασχόντες
1809 3162 1885 3235 μὴ
1906 3163 2005 3235 τὴν

344 3252 512 3325 αὑτὴν
537 3253 737 3325 ἀρετὴν
774 3252 1120 3323 μετελθόντες
1143 3268 1157 3283 ’
1191 3253 1451 3319 πολλάκις
1479 3254 1536 3308 δὲ
1572 3257 1667 3310 καὶ
1695 3258 1754 3325 ἐξ
1805 3259 2004 3314 ἀνίσων

345 3351 575 3403 ποιεῖται
618 3350 718 3413 τάς
753 3349 1086 3420 συγκρίσεις,
1143 3349 1231 3404 ῖνα
1271 3350 1490 3405 πλείονα
1532 3353 1631 3423 τὴν
1679 3356 2005 3427 κατάκρισιν

343 3446 455 3507 τοῖς
502 3442 943 3515 ἐρῤᾳθυμηκόσιν
987 3444 1263 3515 ἐπαγάγῃ.
1311 3445 1409 3497 Διά
1445 3444 1602 3500 τοῦτο
1651 3449 1745 3501 καὶ
1796 3452 1855 3503 ἐν
1893 3453 2005 3515 τοῖς

348 3535 694 3606 Εὑαγγελίοις
711 3535 924 3603 ἐλεγενσ
962 3535 1205 3604 Ἄνδρες
1238 3537 1535 3592 Νινευῖται
1556 3541 2004 3608 ἀναστήσονται

340 3635 415 3689 ἐν
448 3632 523 3702 τῇ
549 3632 740 3702 κρίσει
762 3630 911 3701 μετά
943 3631 1055 3701 τῆς
1084 3631 1291 3703 γενεᾶς
1327 3636 1568 3703 ταύτης,
1599 3638 1698 3690 καὶ
1732 3655 1999 3708 κατακρι-

347 3727 561 3783 νοῦσιν
579 3725 794 3795 αὐτὴν,
819 3725 910 3780 ὅτι
939 3729 1316 3797 μετενόησαν
1333 3731 1420 3795 εις
1446 3730 1512 3784 τὸ
1537 3731 1808 3804 κήρυγμα
1823 3734 2000 3803 Ἰωνᾶ,

343 3825 445 3881 καὶ
484 3824 614 3879 ἰδοὺ
660 3822 875 3879 πλεῖον
917 3822 1086 3880 Ἰωνᾶ
1120 3820 1266 3880 ὧδεο
1298 3829 1578 3899 μονονουχὶ
1601 3829 1794 3899 λέγων,
1834 3833 1915 3888 ὅτι
1950 3836 2000 3889 οί

342 3923 609 3997 βάρϐαροι
633 3924 681 3977 οί
711 3922 980 3994 μηδεμιᾶς
1029 3924 1344 3994 ἐπιμελείας
1378 3927 1803 3996 ἀπολαύσαντες,
1839 3934 1889 3986 οί
1923 3935 1997 4006 μὴ

342 4015 697 4089 προφητικῶν
715 4015 1057 4087 διδαγμάτων
1097 4019 1445 4087 ἀκούσαντες,
1470 4025 1519 4075 οἱ
1544 4028 1743 4096 σημεῖα
1772 4027 1846 4099 μὴ
1874 4029 2000 4083 Θεα-

340 4112 590 4184 σάμενοι,
643 4111 694 4164 οί
742 4108 997 4181 θαύματα
1032 4112 1109 4182 μὴ
1142 4112 1361 4181 ίδόντες,
1394 4115 1510 4170 ἀλλ’
1548 4118 1667 4182 ἐνὸς
1709 4122 1999 4195 ἀνθρώπου

336 4207 403 4262 ἐκ
436 4204 694 4273 ναυαγίου
738 4202 1092 4270 διασωθέντος
1146 4209 1368 4280 ῥήματα
1418 4212 1748 4280 ἀκούσαντες
1796 4218 1997 4291 πολλὴν

336 4300 521 4362 αὑτοῖς
552 4297 654 4363 τὴν
687 4296 996 4367 ἀπόγνωσιν
1018 4306 1321 4373 παρασχεῖν
1345 4304 1641 4377 δυνάμενα.
1659 4312 1844 4377 καὶείς
1861 4314 1998 4387 ἀμη.

339 4395 529 4465 χανίαν
559 4392 839 4464 ἐμϐαλεῖν,
867 4393 943 4459 ὡς
958 4395 1052 4449 καὶ
1073 4396 1346 4469 ὑπεριδεῖν
1371 4399 1479 4454 τῶν
1501 4403 1630 4475 παρ’
1652 4405 1815 4460 αὑτοῦ
1846 4408 1988 4479 λεγο-

344 4487 538 4558 μένων,
596 4487 659 4542 οὑ
713 4488 874 4560 μόνον
904 4490 967 4544 οὑ
1000 4492 1413 4565 κατεφρόνησαν
1439 4496 1547 4552 τῶν
1591 4500 1685 4554 τοῦ
1719 4506 1996 4577 προφήτου

340 4584 620 4655 ῥημάτων,
647 4584 784 4639 ἀλλά
803 4585 897 4639 καὶ
913 4587 995 4649 είς
1015 4586 1182 4659 τριῶν
1200 4590 1425 4662 ἡμερῶν
1455 4598 1813 4669 στενοχωρίαν
1840 4598 1994 4674 [2521

336 4675 769 4753 ἀποληφθέντες,
818 4676 992 4743 οῦτως
1039 4680 1242 4753 ἀκριϐῆ
1302 4684 1395 4738 καὶ
1445 4692 1844 4763 συντεταμένην
1897 4694 1996 4767 τήν

341 4766 629 4835 μετάνοιαν
659 4767 1025 4835 ἐπεδείξαντο,
1050 4768 1193 4825 ὥστε
1222 4773 1322 4845 τὴν
1351 4775 1626 4846 ἀπόφασιν
1658 4766 1995 4840 ἀνακαλέσα-

339 4854 464 4909 σθαι
499 4855 594 4909 τοῦ
620 4857 911 4911 Δεσπότου.
937 4850 1097 4913 Οὗτοι
1129 4856 1243 4927 οὖν,
1269 4865 1423 4933 φησὶ,
1455 4872 1843 4940 κατακρινοῦσι
1871 4876 1996 4929 ταύ-

334 4965 437 5021 ⁴την
461 4949 562 5020 τήν
586 4951 798 5019 γενεὰν,
827 4952 927 5024 τήν
956 4954 1222 5027 τοσαύτης
1240 4959 1623 5016 ἀπολαύσασαν
1653 4966 1990 5036 ἐπιμελείας,

335 5041 438 5113 τὴν
466 5048 828 5116 προφητικαῖς
870 5048 1228 5120 ἐντραφεῖσαν
1264 5051 1486 5121 βίϐλοις,
1536 5054 1632 5127 τὴν
1670 5063 1870 5131 σημεῖα
1901 5066 1995 5120 καὶ

332 5137 537 5209 τέρατα
586 5140 709 5194 καθ’
738 5142 975 5213 ἑκάστην
1029 5145 1240 5217 ἡμέραν
1269 5145 1567 5219 θεωμένην.
1620 5149 1752 5208 Εἶτα
1786 5157 1874 5212 ῖνα
1901 5161 1995 5217 καὶ

332 5233 538 5287 τούτων
572 5234 674 5303 τῆς
718 5237 976 5302 ἀπιστίας
1014 5239 1162 5313 δείξῃ
1217 5240 1316 5311 τὴν
1358 5240 1685 5317 ὑπερϐολήν,
1724 5251 1994 5310 κάκείνων

333 5327 432 5396 τὴν
451 5328 654 5401 ἀφατον
668 5331 1106 5407 εὑγνωμοσύνην,
1136 5337 1435 5408 ἐπήγαγεν,
1463 5340 1591 5394 Ὅτι
1616 5349 1995 5415 μετενόησαν

333 5424 421 5488 εις
474 5422 542 5476 τὸ
584 5423 856 5495 κήρυγμα
891 5426 1083 5494 Ἰωνᾶ,
1114 5431 1210 5485 καί
1236 5431 1364 5487 Ιδοὺ
1394 5435 1605 5490 πλεῖον
1645 5439 1812 5496 Ἰωνᾶ
1839 5437 1989 5501 ὦδε·

2132 646 2225 699 καὶ
2237 649 2460 704 τοιαῦτα
2482 651 2763 723 θαυμάσια
2781 658 2865 725 ἐφ’
2891 657 3127 731 ἑκάστης
3148 660 3533 732 ἐργαζόμενον,
3560 664 3791 737 λεπροπ

2130 741 2477 813 καθαίροντα,
2530 751 2754 820 νεκροὺς
2790 752 3092 824 ἐγείροντα,
3120 753 3189 807 τὰ
3223 755 3532 828 πηρὼματα
3560 758 3657 830 τῆς
3690 758 3794 829 φύσ-

2132 849 2269 899 σεως
2301 837 2700 912 διορθούμενον,
2737 846 2996 919 δαίμονας
3048 848 3358 917 ἐλαύνοντα,
3402 852 3591 917 νόσους
3626 852 3792 924 ίὼμε-

2129 945 2239 995 νον,
2268 935 2384 1002 μετ’
2411 933 2658 1003 ἐξουσίας
2685 939 2886 1012 πολλῆς
2916 943 3325 1015 ἁμαρτημάτων
3351 945 3543 1015 ἀφεσιν
3566 947 3791 1019 χαριζό-

2131 1041 2313 1095 μενον,
2337 1028 2458 1083 οὑδὲ
2515 1034 2615 1104 τὴν
2652 1036 2821 1109 αὑτὴν
2870 1040 2978 1101 τοῖς
3031 1035 3323 1110 βαρϐάροις
3359 1039 3540 1094 πίστιν
3579 1040 3792 1096 ἐπεδεί-

2128 1114 2307 1181 ξαντο.

2197 1253 2260 1320 μ’.
2304 1253 2441 1308 Ἀλλ’
2477 1257 2570 1312 ἐπὶ
2605 1259 2703 1331 τὴν
2731 1261 3051 1318 ἀκολουθίαν
3084 1263 3466 1335 ἐπανέλθωμεν
3494 1265 3582 1320 τοῦ
3604 1261 3786 1333 λόγου,

2127 1346 2213 1400 ῖνα
2237 1348 2383 1420 εἰδῇς
2408 1353 2502 1406 καὶ
2531 1354 2733 1409 τούτων
2752 1360 2851 1428 τῆς
2878 1359 3268 1431 ἀγνωμοσύνης
3285 1360 3382 1432 τὴν
3404 1361 3673 1424 ἐπίτασιν.
3692 1364 3789 1416 καὶ

2124 1442 2347 1498 ἐκείνων
2370 1446 2470 1517 τῆς
2486 1449 2897 1524 εὐγνωμοσύνης
2921 1455 2982 1508 τὸ
3002 1455 3258 1508 ἐπίπονον
3275 1473 3288 1487 ·
3314 1456 3410 1509 καὶ
3437 1456 3518 1508 ὃτι
3546 1456 3787 1508 κάκεῖνοι

2127 1538 2226 1607 μὲν
2242 1540 2298 1592 ἐν
2316 1543 2493 1609 τρισὶν
2511 1546 2745 1617 ἡμέραις
2770 1551 3285 1623 στενοχωρηθέντες,
3306 1552 3428 1606 οὑδέ
3464 1551 3637 1615 οὑτως
3681 1551 3788 1604 ἀπ-

2120 1633 2426 1704 ηγόρευσαν
2454 1639 2635 1694 αὑτῶν
2663 1641 2762 1714 τὴν
2796 1646 3088 1716 σωτηρίαν,
3118 1647 3233 1700 ἀλλ’
3257 1648 3349 1701 ἐπὶ
3375 1647 3473 1720 τὴν
3496 1644 3785 1718 μετάνοιαν

2123 1729 2454 1797 σπεύσαντες
2511 1735 2603 1787 καὶ
2646 1736 2715 1789 τά
2754 1738 3117 1812 ἡμαρτημένα
3164 1743 3518 1814 ἀπενίψαντο.
3559 1741 3784 1813 καὶτῆς

2122 1826 2530 1901 φιλανθρωπίας
2551 1832 2646 1887 τοῦ
2661 1835 2930 1890 Δεσπότου
2956 1837 3138 1902 ἀξίους
3160 1839 3385 1903 ἐαυτοὺς
3405 1839 3777 1909 κατέστησαν*

2118 1915 2264 1978 οὑτοι
2294 1925 2350 1979 δέ
2378 1928 2531 1981 αὑτοὶ
2568 1930 2760 1985 ἑκατὸν
2782 1932 2955 1987 εῐκοσι
2988 1933 3123 1988 ἐτῶν
3159 1934 3496 2006 προθεσμίαν
3525 1934 3781 2001 λαϐόντες

2120 2018 2255 2089 πρὸς
2282 2021 2589 2090 μετάνοιαν,
2610 2025 2731 2078 οὑδέ
2752 2025 2924 2092 οὕτως
2958 2027 3242 2083 άπώνανιιό
3274 2047 3326 2083 τι
3353 2030 3535 2083 πλέον.
3563 2029 3654 2082 Διὸ
3683 2029 3780 2083 καὶ

2116 2112 2146 2165 ὁ
2163 2114 2438 2185 Δεσπότης
2461 2118 2605 2189 ὁρῶν
2644 2120 2825 2174 αὑτῶν
2860 2124 2959 2194 τῆς
2988 2124 3187 2188 κακίας
3208 2123 3306 2195 τὴν
3330 2124 3656 2197 ὑπερϐολὴν.
3682 2125 3778 2178 καὶ

2116 2200 2303 2273 ἐπειδὴ
2353 2198 2491 2258 εῐδεν
2538 2207 2619 2271 εἰς
2656 2208 2855 2281 πολλὴν
2912 2212 3109 2267 κακίαν
3134 2212 3525 2280 ἐξοκείλαντας,
3554 2217 3776 2284 ταχεῖαν

2114 2298 2299 2363 αὑτοῖς
2356 2300 2549 2370 ἐπάγει
2575 2301 2673 2376 τήν
2703 2304 3003 2376 διόρθωσιν,
3035 2307 3134 2377 τῆς
3166 2309 3344 2378 κακῆς
3386 2308 3568 2364 αὑτῶν
3596 2308 3775 2379 ζύμης

2114 2391 2210 2463 τὴν
2232 2394 2494 2465 πονηρίαν
2523 2397 2808 2466 ἀφανίσας,
2835 2402 2930 2455 καὶ
2946 2402 3189 2456 ἐκποδὼν
3218 2403 3467 2475 ποιήσας.
3497 2403 3596 2457 Διά
3615 2402 3774 2456 τοῦτό

2114 2505 2246 2560 φησι
2268 2507 2282 2521 ο
2312 2490 2441 2546 Νῶε
2465 2493 2534 2547 δὲ
2557 2490 2637 2566 ἦν
2646 2495 2796 2552 ἐτῶν
2808 2496 3162 2564 ἑξακοσίων,
3183 2498 3285 2555 καὶ
3298 2502 3332 2554 ό
3349 2499 3774 2568 κατακλυσμές·

2112 2585 2218 2640 τοῦ
2250 2587 2465 2656 ὓδατος
2509 2589 2746 2661 ἐγένετο
2763 2593 2861 2648 ἐπὶ
2891 2594 3002 2663 τῆς
3033 2594 3165 2665 τῆς.
3191 2595 3341 2660 Τέως
3378 2595 3654 2666 ἐμάθομεν
3688 2594 3772 2648 ὅτι

2111 2680 2273 2750 ἡνίκα
2307 2682 2406 2753 μὲν
2438 2684 2473 2755 ἡ
2515 2685 2885 2758 ἀγανάκτησις
2915 2688 3105 2758 γέγονε
3150 2687 3244 2742 τοῦ
3284 2690 3575 2755 Δεσπότου,
3606 2690 3701 2745 καὶ
3736 2693 3773 2763 ἡ

2112 2780 2439 2853 πρόρρησις,
2487 2786 2856 2840 πεντακοσίων
2894 2782 2963 2858 ἦν
3029 2788 3184 2843 ἐτῶν.
3217 2787 3349 2843 Ὀτε
3391 2789 3448 2843 δὲ
3483 2789 3694 2861 ἐπήχθη
3742 2792 3772 2845 ό

2111 2874 2513 2946 κατακλυσμὸς,
2567 2878 2882 2944 ἑξακοσίων,
2921 2881 2997 2946 ὡς
3048 2883 3242 2937 ἐκατδν
3276 2884 3371 2956 ἐτη
3426 2888 3484 2940 ἐν
3519 2886 3596 2958 τῷ
3624 2888 3773 2958 μέσῳ

2110 2968 2386 3036 γενέσθαι,
2410 2971 2505 3025 καὶ
2527 2973 2663 3044 μηδὲ
2689 2975 2748 3028 ἐν
2774 2978 2886 3038 τοῖς
2905 2977 3099 3031 ἐκατδν
3126 2978 3269 3032 ἔτεσι
3292 2980 3548 3051 κερδᾶναι
3571 2981 3772 3044 αὑτούς

2108 3080 2161 3118 τι
2218 3065 2397 3133 πλέον,
2461 3067 2731 3140 τοσαύτης
2786 3070 3158 3136 ἀπολαύοντας
3193 3073 3543 3139 διδασκαλίας
3582 3078 3648 3131 ἐκ
3671 3076 3768 3149 τῆς

2109 3159 2656 3234 κατασκευαζομένης
2680 3163 2788 3217 ὑπὸ
2816 3165 2911 3218 τοῦ
2939 3165 3061 3219 Νῶε
3086 3167 3340 3225 κιϐωτοῦ.
3386 3170 3530 3225 Ἀλλ’
3554 3173 3684 3236 ίσως
3702 3174 3768 3229 ἀν

2105 3270 2190 3318 τις
2212 3255 2403 3326 μαθεῖν
2430 3256 2799 3331 ἐπιζητήσειε,
2827 3261 2972 3326 τίνος
3000 3262 3185 3317 ἕνεκεν
3200 3262 3390 3331 είπὼν,
3415 3264 3667 3321 Ἑκατὸν
3689 3265 3776 3320 εῖ-

2105 3365 2242 3404 κοσι
2267 3350 2371 3420 ἐτη
2391 3352 2631 3408 ἔσονται
2652 3358 2713 3410 αἱ
2724 3356 2934 3425 ἡμέραι
2955 3355 3174 3424 αὐτῶν,
3193 3359 3289 3412 καὶ
3303 3359 3767 3432 ἐπαγγειλάμενος

2105 3446 2341 3500 τοσαῦτα
2397 3449 2860 3521 μακροθυμήσειν,
2894 3450 3000 3521 πρὸ
3046 3452 3148 3523 τῆς
3192 3454 3399 3508 τούτων
3429 3455 3763 3527 συμπληρώ-

2107 3561 2244 3616 σεως
2296 3544 2393 3617 τὴν
2441 3548 2816 3619 πανωλεθρίαν
2849 3550 3116 3622 ἐπήγαγε.
3148 3553 3259 3605 Καὶ
3285 3552 3442 3607 τοῦτο
3468 3554 3567 3626 τῆς
3598 3556 3762 3610 αὑτοῦ

2104 3641 2513 3715 φιλανθρωπίας
2542 3645 2798 3716 μέγιστον
2816 3646 2883 3701 ἂν
2910 3649 2992 3720 εῐη
3015 3648 3230 3720 δεῖγμα.
3276 3649 3492 3725 Ἐπειδὴ
3514 3654 3624 3725 γάρ
3652 3649 3762 3708 εἶδε

2105 3735 2226 3790 καθ’
2253 3738 2488 3809 ἐκάστην
2508 3739 2720 3810 ἡμέραν
2742 3740 2935 3795 ἀνίατα
2951 3743 3381 3815 ἁμαρτάνοντας,
3405 3747 3499 3799 καὶ
3513 3747 3576 3800 ού
3601 3749 3762 3819 μόνον

2102 3831 2253 3886 οὑδέν
2297 3832 2674 3904 κερδαίνοντας
2701 3837 2766 3889 ἐκ
2804 3838 2903 3907 τῆς
2948 3838 3154 3907 ἀφάτου
3187 3840 3587 3913 μακροθυμίας,
3623 3843 3760 3899 ἀλλά

2103 3927 2197 3979 καὶ
2224 3928 2585 3993 ἐπιτείνοντας
2606 3928 2675 3983 τά
2696 3930 2850 4000 ἕλκη,
2871 3931 2959 3986 διά
2978 3931 3135 3986 τοῦτο
3148 3934 3330 3987 συνέτε
3338 3952 3404 4006 με
3430 3935 3521 3989 τὸν
3546 3938 3758 4008 χρόνον,

2101 4017 2239 4072 ὥστε
2268 4020 2342 4091 μὴ
2372 4012 2578 4090 μείζονι
2610 4025 2851 4096 τιμωρίᾳ
2880 4025 3217 4093 ὑπευθύνους
3261 4029 3456 4093 αὐτοὺς
3486 4033 3760 4103 καταστῆς

2101 4126 2208 4165 ναι.
2231 4113 2339 4166 Καὶ
2363 4115 2511 4181 ποία,
2544 4116 2698 4186 φησὶ,
2719 4119 2919 4188 μείζων
2939 4116 3007 4191 ἦν
3021 4120 3225 4191 ταύτης
3251 4124 3522 4195 τιμωρίας
3548 4124 3757 4194 Ἔστιν,

2102 4206 2370 4286 ἁγαπητὲ,
2406 4212 2500 4265 καὶ
2534 4212 2752 4283 μείζων,
2787 4217 2880 4270 καὶ
2910 4216 3278 4291 φοϐερωτέρα,
3317 4219 3413 4274 καὶ
3439 4219 3685 4292 διαρκής,
3720 4219 3757 4291 ἠ

2102 4305 2242 4359 κατά
2282 4307 2372 4362 τὸν
2412 4308 2672 4379 μέλλοντα
2700 4311 2893 4368 αἰῶνα.
2926 4314 3049 4368 ’Ότι
3085 4314 3195 4386 γὰρ
3218 4315 3319 4370 κᾶν
3340 4316 3572 4371 ἐνταῦθα
3601 4317 3759 4389 δίκην

2098 4401 2241 4464 τινὲς
2271 4402 2602 4474 ὑποσχῶσιν,
2635 4407 2754 4462 οὑδὲ
2777 4408 2877 4480 τὴν
2910 4409 3059 4484 [233]
3092 4414 3208 4465 ἐκεῖ
3240 4413 3507 4484 τιμωρίαν
3532 4411 3757 4483 διαφεύ-

2100 4494 2302 4563 ξονται,
2331 4500 2465 4557 ἀλλά
2493 4505 2829 4578 κουφοτέραν
2854 4507 3249 4581 ὑποστήσονται
3272 4509 3361 4564 διὰ
3388 4510 3495 4564 τῶν
3526 4510 3760 4565 ἐνταῦθα

2100 4594 2439 4663 συμϐάντων,
2461 4597 2523 4651 τδ
2546 4600 2775 4669 μέγεθος
2797 4601 2903 4654 τῶν
2925 4604 3041 4657 ἐκεῖ
3065 4604 3435 4675 κολαστηρίων
3460 4605 3758 4674 ὑποτεμνό-

2100 4704 2271 4757 μενοι,
2303 4689 2467 4743 ἄκουε
2496 4691 2589 4745 τοῦ
2616 4694 2853 4764 Χριστοῦ
2886 4696 3132 4766 λέγοντος
3154 4700 3246 4752 καὶ
3272 4697 3646 4763 ταλανίζοντος
3656 4696 3757 4767 τὴν

2097 4779 2389 4851 Βηθσαῖδᾶ·
2425 4786 2574 4840 Οὐαί
2606 4804 2724 4853 σοι,
2748 4788 3057 4859 Χωραζεὶμ,
3102 4791 3298 4861 φησὶν,
3330 4791 3468 4845 οὐαί
3498 4805 3619 4858 σοι,
3650 4793 3759 4858 Βη-

2096 4875 2334 4942 θσαϊδᾶ,
2376 4877 2466 4933 ὅτι
2508 4884 2561 4934 ει
2583 4882 2654 4936 ἐν
2671 4884 2956 4954 Σοδόμοις
2980 4885 3259 4956 ἐγένοντο
3294 4890 3354 4943 αι
3381 4888 3663 4958 δυνάμεις
3692 4890 3753 4943 σι

2094 4971 2406 5040 γενόμεναι
2459 4974 2532 5029 ἐν
2568 4976 2728 5045 ὑμῖν,
2758 4978 2944 5035 πάλαι
2989 4982 3156 5037 ἂνέν
3188 4983 3394 5049 σάκκῳ
3416 4984 3514 5040 καί
3544 4986 3753 5053 σποδῷ

2094 5067 2485 5137 μετενόησαν.
2529 5070 2628 5125 Διὸ
2672 5071 2828 5142 λέγω
2862 5075 3023 5145 ὑμῖν,
3066 5077 3457 5147 ἀνεκτότερον
3486 5079 3657 5134 ἔσται
3677 5077 3755 5149 γῆ

2100 5157 2372 5229 Σοδόμων
2421 5163 2520 5217 καί
2565 5166 2876 5237 ΓοΜρῤας
2921 5170 2991 5224 ὲν
3022 5170 3210 5241 ᾑμέρᾳ
3243 5171 3496 5240 κρίσεως
3526 5173 3571 5241 ἣ.
3592 5175 3751 5242 ὑμῖν.

2107 5252 2288 5325 Ὁρᾷς,
2312 5256 2585 5330 ἀγαπητὴ
2617 5261 2735 5327 πῶς
2769 5264 2849 5335 τῷ
2871 5267 3062 5332 είπεῖν,
3103 5267 3525 5337 Ἄνεκτότερον,
3553 5267 3755 5334 ἔδειξεν

2093 5348 2175 5403 ὅτι
2197 5352 2292 5406 καὶ
2317 5354 2367 5407 οί
2398 5356 2668 5429 τοσαύτην
2702 5359 2933 5414 ἐνταῦθα
2974 5361 3130 5434 δίκην
3165 5362 3370 5428 δόντες,
3410 5364 3504 5418 καὶ
3533 5363 3627 5417 τὸν
3649 5364 3755 5433 ἐμ-

2093 5445 2347 5516 πρησμὸν
2400 5449 2607 5503 ἐκεῖνον
2656 5452 2747 5506 τὸν
2777 5454 2963 5509 καινδν
3017 5456 3110 5510 καὶ
3143 5455 3291 5522 ξένον
3338 5457 3752 5528 ὑπομείναντες,

333 5518 530 5571 ἐκεῖνοι
594 5518 712 5590 μὲν.
758 5523 943 5591 φησὶν,
989 5525 1180 5598 εὐτελῆ
1226 5526 1508 5601 ἄνθρωπον
1537 5532 1861 5609 θεασάμενοι
1905 5546 2061 5610 τοιλ
2091 5540 2256 5593 κάκεῖ
2280 5558 2401 5597 τινα
2428 5546 2699 5615 τιμωρίαν
2726 5518 3499 5624 ὑποστήσονται,κουφοτέραν
3517 5551 3575 5605 δὲ
3601 5518 3752 5623 ὅμως

343 5611 548 5677 ’Ῑωνᾶν.
582 5616 676 5668 καὶ
703 5614 951 5683 ἐδέξαντο
974 5620 1036 5673 τὸ
1063 5624 1192 5694 παρ’
1220 5625 1385 5681 αὑτοῦ
1408 5630 1690 5703 κήρυγμα,
1713 5636 1807 5689 καὶ
1832 5637 1991 5710 ἀκρι-

331 5704 600 5778 ϐεστάτην
629 5710 971 5779 ἐπεδείξαντο
1012 5714 1109 5785 τήν
1135 5718 1423 5786 μετάνοιαν
1441 5741 1457 5757 ο
1486 5720 1629 5781 οὗτοι
1648 5726 1703 5783 δέ
1730 5731 1779 5783 οι
1810 5704 1990 5805 πολλῷ

572 5802 843 5866 ΡΑτιιοι..
880 5804 999 5866 Gn.
1046 5807 1193 5873 LIII.

2090 5635 2179 5690 διά
2220 5637 2282 5690 τὸ
2341 5640 2711 5710 προλαϐόντας
2737 5645 2970 5702 ἐνταῦθα
3011 5649 3275 5721 τοσαύτης
3302 5649 3628 5721 πειραθῆναι
3652 5648 3751 5719 τῆς

2093 5737 2553 5812 ἀγανακτήσεως;
2595 5744 2693 5801 ’1ν’
2714 5742 2808 5802 οὑν
2836 5749 2913 5823 μὴ
2958 5751 3052 5806 καὶ
3097 5746 3241 5808 οὑτοι
3297 5750 3653 5811 ἐπιτείνοντες
3678 5746 3746 5800 τά

3309 5843 3378 5898 ιιι
