4116 6196
301 327 399 380 2‘21

308 441 681 512 ἁμαρτήματα
743 436 977 508 μείζονος
1041 438 1314 510 τιμωρίας
1366 441 1593 506 ἑαυτοὺς
1637 441 1972 505 ὑπευθύνους

307 528 742 597 καταστήσωσιν,
789 524 866 583 ὡς
915 524 1116 593 ἀγαθὸς
1158 525 1253 578 καὶ
1293 524 1673 599 φιλάνθρωπος
1703 529 1977 599 Δεσπότης

304 614 446 684 ὀρῶν
478 610 659 665 αὐτῶν
705 610 766 664 τὸ
803 611 1196 683 ἀμετανόητον,
1229 613 1288 666 ὃν
1318 613 1588 683 ὑπέσχετο
1621 613 1979 687 μακροθυμή-

308 720 441 765 σειν,
472 700 663 772 χρόνον
700 698 1010 770 συνέτεμεν.
1037 699 1370 771 ’Ὡσπεργάρ
1397 702 1489 754 ἐπὶ
1515 700 1622 754 τῶν
1644 701 1743 773 τὴν
1771 702 1977 754 οἰκείαν

304 786 723 861 εὐγνωμοσύνην
757 787 1209 858 ἐπιδεικνυμένων
1238 787 1325 841 διὰ
1359 787 1458 859 τὴν
1485 787 1795 859 προσοῦσαν
1827 788 1977 860 αὐτῷ

304 877 621 946 ἀγαθότητα
658 875 1008 930 ἀνακαλεῖται
1037 875 1135 938 τὰς
1165 875 1298 947 παρ’
1329 874 1494 929 αὑτοῦ
1525 876 1849 946 ἀποφάσεις,
1881 877 1976 930 καὶ

307 959 813 1033 μεταϐαλλομένους
843 958 1145 1034 προσίεται,
1171 960 1265 1011 καὶ
1297 960 1397 1029 τῆς
1422 959 1776 1029 ἐπικειμένης
1800 958 1976 1012 ἀπαλ-

304 1048 489 1103 λάττει
536 1048 807 1121 τιμωρίας
827 1064 841 1079 ο
892 1045 1034 1100 οὕτω
1068 1045 1229 1100 πάλιν
1254 1044 1473 1099 ἐπειδάν
1514 1046 1974 1118 ἐπαγγέλληταιή

304 1137 487 1207 ἀγαθά
513 1154 634 1191 τινα
662 1134 938 1206 παρέξειν,
986 1134 1019 1204 ἢ
1072 1133 1412 1204 προθεσμίαν
1442 1136 1752 1204 μετανοίας,
1796 1136 1885 1206 ίδῃ
1920 1135 1975 1189 δὲ

302 1226 554 1290 ἀναξίους
596 1224 908 1293 γεγονότας,
940 1222 1034 1276 καὶ
1073 1221 1193 1274 τότε
1232 1221 1394 1276 πάλιν
1421 1221 1771 1277 ἀνακαλεῖται
1810 1220 1972 1275 αὐτοῦ

300 1314 400 1377 τὰς
431 1311 769 1381 ὑποσχέσεις.
800 1309 897 1363 Διά
917 1308 1075 1363 τοῦτο
1097 1310 1191 1362 καὶ
1235 1308 1324 1362 διὰ
1354 1308 1448 1362 τοῦ
1467 1310 1742 1381 προφήτου
1777 1308 1929 1378 ἔλεγε
1955 1326 1969 1341 ο

301 1401 495 1470 Πέρας
512 1399 766 1465 λαλήσω
783 1397 877 1451 ἐπί
894 1396 1058 1464 ἔθνη,
1078 1396 1173 1450 καί
1193 1396 1289 1449 ἐπὶ
1307 1397 1654 1462 βασιλείας,
1670 1396 1774 1450 τοῦ
1788 1397 1975 1451 ἀπολ-

300 1491 472 1543 λύειν
531 1487 625 1541 καί
686 1482 1168 1540 κατασκάπτειν’
1225 1482 1323 1536 καί
1366 1482 1476 1536 ἐὰν
1520 1483 1971 1552 μετανοήσωσι,

296 1575 653 1649 μετανοήσω
685 1572 845 1644 κάγὼ
887 1572 978 1643 ἐφ’
1019 1569 1109 1638 οἷς
1154 1570 1433 1637 ἐλάλησα
1454 1569 1702 1639 ποιῆσαι
1731 1572 1936 1638 αὐτοῖς
1956 1588 1970 1603 ·

302 1666 398 1719 καὶ
423 1663 601 1723 πάλιν,
626 1661 815 1729 Πέρας
837 1658 1091 1726 λαλήσω
1106 1657 1201 1711 ἐπὶ
1227 1657 1371 1724 ἔθνη
1396 1656 1495 1711 καί
1512 1656 1609 1709 ἐπὶ
1626 1656 1972 1724 βασιλείας,

301 1752 407 1807 τοῦ
464 1747 907 1817 άνοικοδομεῗνο
951 1745 1049 1800 καί
1096 1745 1206 1799 ἐὰν
1240 1743 1565 1814 ἁμάρτωσι,
1614 1744 1971 1812 μετανοήσω

300 1841 467 1901 κάγὼ
492 1839 583 1907 ἐφ’
611 1832 701 1903 οἷς
724 1834 1002 1899 ἐλάλησα
1017 1830 1268 1899 ποιῆσαι
1288 1829 1514 1896 αὐτοῖς.
1533 1825 1689 1893 Εἶδες
1705 1829 1822 1893 πῶς
1844 1832 1971 1901 παρ’

300 1928 458 1999 ἡμῶν
484 1926 583 1990 τὰς
632 1922 886 1995 ἀφορμὰς
917 1920 1186 1993 λαμϐάνει
1208 1919 1303 1973 καὶ
1330 1917 1431 1988 τῆς
1459 1917 1870 1989 φιλανθρωπίας
1904 1920 1972 1991 ἦν

303 2016 432 2087 περὶ
483 2014 631 2084 ἡμᾶς
679 2010 1064 2071 ἐπιδείκνυται,
1114 2006 1210 2061 καὶ
1246 2008 1346 2075 τῆς
1385 2007 1840 2076 ἀγανακτήσεως;
1877 2005 1975 2059 Διά

300 2122 383 2158 τοι
410 2102 567 2157 τοῦτο
592 2100 687 2155 καὶ
726 2099 820 2153 νῦν
846 2098 1031 2169 ἐπειδὴ
1065 2097 1164 2151 οὐκ
1206 2097 1286 2161 είς
1312 2094 1431 2149 δέον
1457 2094 1756 2167 ἐχρήσαντο
1781 2097 1848 2165 τῇ
1878 2094 1973 2147 τοῦ

300 2191 491 2262 χρόνου
532 2187 856 2258 παρατάσει,
884 2185 1169 2255 συντέμνει
1200 2183 1294 2237 τὸν
1321 2183 1533 2255 καιρόν.
1564 2181 1663 2236 Διά
1694 2180 1852 2236 τοῦτο
1881 2181 1975 2235 καὶ

300 2282 328 2331 6
370 2277 637 2347 μακάριος
672 2274 881 2337 Παῦλος
911 2272 1065 2341 ἐλεγε
1099 2271 1236 2343 πρὸς
1264 2271 1390 2333 τοὺς
1420 2268 1740 2341 ἀναλγήτως
1770 2269 1973 2323 διακει-

306 2366 520 2436 μένους,
549 2362 644 2416 καὶ
671 2361 771 2431 τὴν
808 2360 896 2415 διὰ
934 2360 1033 2430 τῆς
1070 2356 1356 2428 μετανοίας
1390 2356 1678 2426 δεδομένην
1706 2357 1838 2428 ἡμῖν
1870 2373 1974 2409 σω-

302 2452 493 2524 τηρίαν
531 2448 591 2503 ού
625 2447 1121 2519 προσιεμένου;.Ἢ
1144 2443 1251 2498 τοῦ
1282 2444 1550 2497 πλούτου
1583 2441 1692 2511 τῆς
1721 2442 1973 2511 χρηστό-

305 2556 480 2607 τητος
507 2535 717 2598 αὑτοῦ,
745 2535 840 2588 καί
865 2532 972 2599 τῆς
1009 2531 1261 2600 ἀνοχῆς,
1291 2529 1386 2583 καί
1418 2528 1527 2597 τῆς
1558 2530 1974 2599 μακροθυμίας

304 2623 716 2695 καταφρονεῖς,
765 2618 1021 2691 ἀγνοῶν,
1052 2618 1141 2671 ὅτι
1170 2617 1236 2669 τὸ
1272 2615 1539 2684 χρηστὸν
1559 2616 1665 2669 τοῦ
1708 2616 1855 2670 Θεοῦ
1887 2620 1975 2683 είς

300 2710 621 2783 μετάνοιάν
653 2724 727 2764 σε
756 2708 880 2776 ἄγει
904 2722 923 2771 ;
951 2702 1110 2759 Κατὰ
1143 2703 1211 2757 δὲ
1260 2701 1376 2769 τὴν
1421 2702 1801 2770 σκληρότητά
1856 2717 1974 2757 σου

303 2801 400 2853 καί
431 2797 837 2866 ἀμετανόητον
857 2791 1109 2861 καρδίαν
1131 2788 1505 2858 θησαιφίζεις
1538 2787 1773 2854 σεαυτῷ
1789 2790 1977 2859 ὀργὴν

301 2888 372 2941 ἐν
401 2887 586 2955 ἡμέρᾳ
608 2882 788 2952 ὀργῆς
816 2881 912 2935 καὶ
952 2879 1394 2948 ἀποκαλύψεως
1420 2876 1516 2931 καί
1534 2876 1974 2955 δικαιοκρισίας

303 2974 409 3028 τοῦ
434 2954 620 3033 Θεοῦ;
657 2968 808 3033 Εἶδες
834 2968 949 3031 πῶς
983 2967 1078 3021 καὶ
1100 2969 1128 3019 6
1156 2965 1459 3034 θαυμάσιος
1482 2954 1637 3026 οὗτος
1669 2962 1769 3032 τῆς
1799 2964 1975 3016 οἰκου-

308 3062 476 3134 μένης
501 3058 817 3120 διδάσκαλος
862 3056 1049 3125 σαφῶς
1080 3056 1229 3125 ἡμᾶς
1261 3053 1501 3119 ἐδίδαξεν
1520 3094 1535 3119 ,
1571 3053 1653 3107 ὅτι
1691 3054 1742 3106 οί
1772 3055 1837 3123 τῇ
1872 3070 1976 3124 μα-

304 3149 579 3220 κροθυμία
608 3146 702 3201 τοῦ
759 3144 893 3198 Θεοῦ
921 3146 987 3213 τῇ
1035 3142 1169 3215 πρὸς
1202 3142 1491 3214 μετάνοιαν
1521 3144 1658 3212 ἡμῖν
1700 3157 1975 3211 παρασχε-

305 3236 460 3307 θείσῃ
502 3236 579 3307 μὴ
631 3232 904 3306 χρώμενοι
938 3232 1018 3295 είς
1050 3230 1192 3294 δέον,
1225 3230 1429 3302 μείζονι
1460 3229 1582 3300 δίκῃ
1621 3228 1711 3282 καὶ
1737 3226 1977 3299 τιμωρία

305 3325 532 3387 ἑαυτοὺς
580 3321 912 3384 ὑπευθύνους
966 3319 1299 3381 καθιστῶσι;
1354 3316 1453 3369 Διά
1497 3315 1655 3370 τοῦτο
1689 3315 1781 3368 καὶ
1825 3314 1921 3368 νῦν
1950 3315 1978 3367 6

306 3410 683 3481 φιλάνθρωπος
702 3408 831 3472 Θεὸς
857 3405 1137 3477 μονονουχὶ
1166 3402 1619 3473 ἀπολογούμενος.
1642 3402 1736 3455 καὶ
1766 3401 1977 3464 δεικνὺς

303 3501 402 3570 τὴν
433 3496 633 3559 αἰτίαν,
664 3494 730 3548 δι’
772 3495 836 3565 ἣν
872 3492 976 3564 πρὸ
1006 3492 1103 3562 τῆς
1134 3490 1245 3543 τῶν
1287 3489 1495 3561 καιρῶν
1532 3487 1976 3560 συμπληρώσεως

306 3588 552 3655 ἐπήγαγε
596 3582 686 3636 τὸν
737 3579 1153 3650 κατακλυσμὸν,
1198 3575 1619 3647 ἐπισημαίνεται
1679 3578 1811 3647 ἡμῖν
1869 3575 1978 3628 τῶν

304 3672 439 3726 ἐτῶν
497 3671 591 3724 τοῦ
635 3668 845 3723 δικαίου
896 3666 987 3720 τὸν
1027 3664 1276 3737 ἀριθμὸν,
1324 3663 1417 3729 καί
1453 3681 1585 3735 φησι
1608 3680 1620 3691 ·
1655 3662 1783 3717 Νῶε
1811 3661 1879 3715 δὲ
1898 3656 1980 3732 ἦν

304 3760 455 3815 ἐτῶν
480 3758 831 3825 ἑξακοσίων.
871 3756 933 3808 Οἱ
966 3753 1071 3825 γάρ
1110 3755 1166 3807 ὲν
1195 3754 1305 3813 τοῖς
1342 3752 1539 3805 ἑκατὸν
1572 3750 1716 3804 ἔτεσι
1737 3750 1977 3819 μεταϐα-

303 3848 492 3902 λέσθαι
523 3846 598 3916 μὴ
652 3842 1022 3914 βουληθέντες,
1054 3840 1106 3892 τί
1133 3837 1292 3893 πλέον
1315 3838 1379 3892 ἂν
1411 3837 1706 3909 ἐκέρδανον
1734 3836 1842 3890 ἀπὸ
1867 3836 1977 3889 τῶν

307 3932 478 3985 εἴκοσι
499 3930 658 3991 ἐτῶν,
686 3929 720 4001 ἢ
751 3927 813 3981 τὸ
842 3925 1062 3980 πλείονα
1081 3924 1181 3997 τὴν
1202 3923 1521 3995 προσθήκην
1550 3920 1885 3994 ἐργάσασθαι
1914 3933 1972 3987 ας

307 4018 531 4082 Δεικνύς
564 4016 673 4088 γὰρ
704 4014 869 4070 αὐτοῦ
899 4014 996 4085 τῆς
1026 4012 1233 4082 ἀφὰτου
1268 4009 1417 4082 [234]
1449 4007 1857 4081 φιλανθρωπίας
1882 4009 1976 4062 καὶ

307 4102 763 4181 ἀγαθότητοςοτὴν
790 4099 1118 4172 ὑπερϐολὴν,
1144 4099 1236 4153 καὶ
1260 4097 1367 4168 πρὸ
1391 4096 1529 4150 ἐπτὶι
1551 4093 1772 4166 ἡμερῶν
1805 4112 1879 4165 μη
1890 4094 1977 4147 νῦ-

310 4212 402 4248 σαι
428 4195 611 4256 αὐτοῖς
642 4192 740 4262 τὴν
772 4188 1065 4259 ἐπαγωγὴν
1094 4187 1189 4241 τοῦ
1221 4184 1607 4256 κατακλυσμοῦ
1638 4185 1697 4238 ού
1727 4186 1975 4257 παρῃτήο

310 4298 459 4345 σοιτο,
477 4282 564 4333 ἵνα
586 4278 686 4332 κᾶν
708 4280 771 4347 τῇ
793 4275 1121 4347 στενοχωρία
1143 4275 1236 4327 τοῦ
1263 4274 1455 4342 καιροῦ
1484 4272 1841 4337 συσταλέντες
1858 4273 1977 4328 τινὰ

311 4366 614 4439 μεταϐολὴν
652 4363 1043 4428 ἐπιδείξωνται.

379 4479 449 4541 γ’.
486 4470 592 4524 Καὶ
631 4469 730 4538 δρα
770 4466 1177 4540 φιλανθρωπίαν
1214 4465 1514 4525 Δεσπότου,
1560 4468 1675 4531 πῶς
1708 4468 1978 4541 διαφόρως

310 4559 559 4623 καθάπερ
607 4555 786 4625 ἰατρὸς
840 4554 1058 4625 ἀριστος
1091 4554 1425 4625 μεθώδευσεν
1448 4553 1626 4608 αὐτῶν
1663 4554 1759 4628 τήν
1801 4557 1974 4614 νόσον.

322 4645 541 4717 Ἐπειδὴ
596 4642 705 4713 γὰρ
752 4641 943 4695 ἀνίατα
981 4637 1048 4712 ῆν
1081 4640 1261 4695 αὐτῶν
1291 4641 1358 4696 τά
1391 4641 1699 4714 τραύματα,
1726 4644 1978 4698 τοσοῦτον

313 4736 485 4807 μῆκος
536 4732 719 4794 αὐτοῖς
771 4729 1109 4801 προθεσμίας
1163 4728 1487 4799 παρέσχετο,
1531 4730 1848 4803 βουλόμενος
1876 4732 1978 4787 κᾶν

308 4822 397 4877 διὰ
428 4821 519 4875 τοῦ
552 4818 787 4891 πλήθους
820 4815 914 4871 τοῦ
940 4816 1130 4888 χρόνου
1173 4818 1251 4880 εἰς
1284 4814 1539 4886 αίσθησιν
1569 4817 1763 4881 αὐτοὺς
1792 4818 1977 4872 ἐλθόν-

308 4929 407 4975 τας
434 4907 868 4964 ἀνακαλέσασθαι
921 4904 1084 4960 αὐτοῦ
1122 4905 1219 4974 τῆς
1256 4906 1680 4976 ἀγανακτήσεως
1710 4907 1809 4978 τὴν
1842 4909 1977 4962 ἀπό-

310 5016 492 5069 φασιν.
524 4997 685 5060 Ἔθος
708 4995 817 5066 γάρ
867 4992 1016 5063 αὑτῷ
1066 4994 1171 5058 ἀεὶ,
1204 4991 1390 5063 ἐπειδὴ
1433 4990 1657 5063 κήδεται
1682 4994 1780 5063 τῆς
1809 5012 1975 5060 σωτησ

311 5085 434 5155 ρίας
462 5084 560 5152 τῆς
593 5083 889 5154 ἡμετέρας,
925 5079 1207 5151 προλέγειν
1246 5078 1313 5142 ἀς
1347 5078 1525 5149 μέλλει
1561 5079 1784 5146 ἐπάγειν
1810 5097 1975 5151 τιμω-

312 5172 451 5243 ρίας,
481 5171 569 5224 διὰ
596 5169 754 5223 τοῦτο
789 5168 968 5239 μόνον.
1012 5166 1101 5218 ἵνα
1135 5164 1208 5236 μὴ
1238 5165 1492 5235 ἐπαγάγῃ
1515 5182 1528 5197 ⁶
1558 5165 1634 5228 ὡς
1679 5166 1734 5218 εἴ
1770 5183 1834 5234 γε
1882 5169 1974 5219 ἐπ·-

309 5260 536 5327 αγαγεῖν
567 5255 836 5320 ἐϐούλετο,
856 5255 954 5307 οὐκ
975 5253 1039 5307 ἂν
1066 5247 1216 5306 εἶπεν
1240 5269 1254 5282 ο
1281 5252 1397 5305 ἀλλ’
1426 5252 1677 5320 ἐπίτηδες
1702 5252 1975 5324 προλέγει,

312 5345 399 5399 ἵνα
425 5346 587 5415 ἡμεῖς
619 5342 902 5414 μαθόντες,
936 5340 1029 5394 καὶ
1055 5338 1133 5409 τῷ
1158 5337 1309 5410 φόϐῳ
1331 5337 1791 5409 σωφρονισθέντες
1815 5356 1976 5409 μετα-

313 5431 562 5502 ϐάλωμεν
622 5426 787 5483 αὐτοῦ
837 5426 935 5498 τὴν
974 5426 1369 5495 ἀγανάκτησιν,
1404 5423 1499 5478 καὶ
1537 5424 1634 5487 τὰς
1676 5423 1977 5491 ἀποφάσεις

312 5517 476 5573 αὑτοῦ
501 5518 738 5589 ἀκύρους
770 5514 1221 5584 καταστήσωμεν.
1275 5509 1441 5565 Οὐδὲν
1463 5509 1573 5582 γὰρ
1616 5507 1789 5573 οὕτως
1820 5510 1978 5562 αὐτὸν

312 5603 593 5676 εὐφραίνει
615 5602 739 5674 ὡςή
765 5598 1064 5670 ἐπιστροφὴ
1096 5598 1409 5670 ἡὴμετέρα,
1444 5597 1535 5650 καὶ
1560 5598 1593 5667 ἡ
1617 5596 1723 5649 ἀπὸ
1753 5596 1848 5666 τῆς
1882 5613 1976 5649 κα-

312 5691 436 5754 κίας
463 5690 554 5742 ἐπὶ
572 5690 667 5759 τὴν
685 5688 883 5760 ἀρετὴν
908 5686 1187 5750 ἐπάνοδος.
1217 5686 1417 5738 Σκόπει
1452 5681 1544 5738 οὖν
1576 5686 1691 5750 πῶς
1731 5684 1822 5737 καὶ
1854 5686 1973 5738 τού-

312 5796 418 5831 των
436 5776 534 5845 τὴν
557 5775 710 5826 νόσον
727 5773 1067 5843 ἐμεθόδευσε,
1092 5774 1355 5844 πρότερον
1378 5774 1474 5843 μὲν
1486 5773 1565 5843 τῷ
1586 5772 1837 5828 τοσοῦτον
1856 5771 1971 5825 δοῦ-

313 5875 401 5913 ναι
423 5859 615 5931 χρόνον
646 5857 1131 5927 προθεσμίαςπρὺς
1164 5859 1471 5928 μετάνοιαν,
1499 5858 1685 5915 ἔπειτα
1704 5859 1895 5915 ἐπειδὴ
1911 5855 1989 5914 εί-

382 5944 408 5974 ⁸
435 5943 608 6000 ﬂoret.
634 5942 921 6006 ἐργάζεσθαι.

1134 323 1189 377 S.
1224 322 1507 380 JOANNIS
1546 322 2030 381 CHRYSOSTOMI
2064 325 2381 384 ABCIIIEP.
2407 324 2952 382 CONSTANTINOP.
3646 327 3712 384 2‘2

2082 442 2171 495 δεν
2189 443 2529 515 ἀναισθήτως
2547 443 2945 509 διακειμένους,
2976 441 3071 495 καὶ
3102 440 3252 495 οὐδὲν
3277 438 3387 496 ἀπδ
3409 441 3494 496 τοῦ
3518 442 3741 515 πλήθου,

2081 525 2176 580 τοῦ
2208 528 2402 598 χρόνου
2423 527 2823 598 κερδαίνοντας,
2860 526 2958 578 καὶ
2988 524 3127 598 πρὸς
3161 524 3353 588 αὑταῖς
3384 528 3503 590 ταῖς
3536 526 3743 599 θύραις,

2081 609 2154 673 ὡς
2171 611 2366 674 εἰπεῖν,
2383 609 2477 663 τοῦ
2494 608 2902 679 κατακλυσμοῦ,
2924 607 3180 678 προλέγει
3201 608 3261 661 οὐ
3282 608 3388 679 πρὸ
3417 610 3581 678 τριῶν
3613 611 3744 681 ήμεο

2092 692 2214 765 ρῶν,
2248 692 2501 764 καθάπερ
2533 693 2627 746 ἐπὶ
2661 691 2769 746 τῶν
2798 691 3124 753 Νινευιτῶν,
3157 691 3297 746 ἀλλά
3330 691 3435 763 πρὸ
3458 693 3618 748 ἐπτά.
3642 695 3752 750 Καὶ

2089 779 2189 852 γάρ
2216 780 2433 852 θαρρῶν
2459 780 2525 835 ἂν
2556 778 2767 850 εἴποιμι
2798 778 2887 832 διὰ
2915 778 2977 833 τὸ
3008 778 3208 833 είδέναι
3228 778 3322 833 τοῦ
3355 781 3628 835 Δεσπότου
3653 783 3751 836 τοῦ

2087 864 2350 935 ήμετέρου
2388 864 2486 934 τῆς
2518 861 2930 934 φιλανθρωπίας
2976 861 3075 935 τὴν
3099 861 3426 933 ὑπερϐολὴν,
3459 864 3542 918 ὅτι
3575 864 3668 918 καὶ
3692 866 3752 917 ἐν

2087 953 2199 1013 ταῖς
2226 949 2367 1004 ἐπτά
2413 947 2670 1020 ἡμέραις,
2711 951 2761 1003 εί
2810 948 3185 1019 ἐϐουλήθησαν
3217 950 3421 1021 ἀκριϐῆ
3449 950 3549 1020 τὴν
3581 952 3746 1020 μετά-

2086 1051 2228 1088 νοιαν
2267 1034 2660 1099 ἐπιδείξασθαι,
2709 1034 2959 1102 διέφυγον
3010 1032 3077 1087 ἂν
3106 1031 3200 1086 τοῦ
3230 1033 3618 1104 κατακλυσμοῦ
3648 1033 3750 1105 τὴν

2081 1121 2294 1190 πεῖραν.
2338 1118 2489 1172 Ἐπεὶ
2524 1114 2618 1172 οὖν
2647 1116 2769 1171 οὔτε
2796 1119 2830 1188 ή
2867 1114 3182 1188 παράτασις
3209 1114 3303 1170 τοῦ
3335 1116 3592 1171 τοσούτου
3621 1119 3751 1190 χρό-

2081 1216 2194 1264 νου,
2219 1199 2343 1255 οὐτε
2390 1202 2422 1267 ἡ
2476 1201 2804 1273 στενοχωρία
2833 1199 2928 1253 τοῦ
2965 1199 3158 1272 καιροῦ
3205 1199 3527 1257 καθικέσθαι
3567 1201 3748 1256 αὐτῶν

2078 1282 2175 1352 τῆς
2198 1282 2394 1346 κακίας
2421 1283 2681 1354 ἠδυνήθη,
2714 1283 2959 1353 ἐπήγαγε
3004 1282 3390 1354 κατακλυσμὸν
3414 1285 3472 1337 ἐν
3499 1283 3577 1354 τῷ
3619 1284 3747 1350 ἐξα-

2078 1367 2343 1438 κοσιοστῷ
2382 1366 2492 1419 ἐτει
2541 1367 2635 1420 τοῦ
2689 1367 2831 1419 Νῶε.
2866 1365 2995 1419 Νῶε
3023 1365 3110 1429 δὲ,
3143 1366 3296 1436 φησὶ,
3328 1362 3408 1436 ἦν
3434 1366 3587 1421 ἐτῶν
3609 1368 3745 1433 ἐξα-

2078 1448 2319 1511 κοσίων,
2378 1448 2476 1502 καί
2520 1452 2553 1503 d
2610 1448 3037 1517 κατακλυσμὸς
3076 1448 3183 1502 τοῦ
3239 1448 3459 1515 ὕδατος
3505 1449 3742 1519 ἐγένετο

2074 1530 2172 1584 ἐπὶ
2205 1527 2312 1597 τῆς
2343 1527 2473 1601 γῆς.
2514 1531 2719 1595 Είδετε,
2750 1529 3048 1601 ἀγαπητοὶ,
3091 1529 3268 1601 πόσης
3304 1531 3435 1601 ἡμῖν
3473 1529 3743 1600 ὠφελείας

2076 1614 2333 1678 ὑπόθεσις
2383 1613 2573 1681 γέγονε
2605 1614 2666 1667 τὸ
2698 1612 2901 1682 γνῶναι
2937 1613 3029 1666 τὸν
3074 1613 3307 1684 ἀριθμὸν
3338 1613 3451 1668 τῶν
3484 1616 3621 1670 ἐτῶν
3647 1619 3743 1673 τοῦ

2075 1699 2306 1763 δικαίου,
2329 1700 2423 1753 καὶ
2453 1700 2592 1753 ὅσων
2612 1697 2748 1751 ἐτῶν
2780 1692 2868 1766 ἦν,
2893 1696 3057 1768 ἡνίκα
3072 1701 3100 1751 6
3122 1698 3500 1769 κατακλυσμὸς
3518 1699 3741 1770 ἐπῆλθες

2075 1781 2211 1854 Φέρε
2244 1782 2307 1853 δὴ
2358 1782 2451 1835 καὶ
2486 1784 2599 1845 τοῖς
2650 1780 2959 1843 ἀκολούθως
2996 1780 3304 1852 εἰρημένοις
3345 1781 3742 1852 ἐπεξέλθωμεν.

2089 1864 2305 1936 Ἐπειδὴ
2330 1866 2437 1936 γάρ
2481 1865 2684 1936 ήρξατο
2735 1867 2764 1918 6
2811 1863 3215 1934 κατακλυσμὸς,
3259 1864 3444 1936 φησὶν,
3483 1865 3745 1934 Elaﬁus

2076 1950 2145 2004 δὲ
2175 1949 2321 2016 Νῶε,
2351 1950 2448 2005 καί
2479 1952 2532 2005 οι
2557 1950 2671 2004 vlo!
2697 1949 2905 2012 αὐτοῦ,
2936 1948 3034 2002 καί
3066 1949 3105 2017 ’ἡ
3134 1948 3290 2019 γυνὴ
3321 1949 3529 2013 αὑτοῦ,
3564 1952 3659 2006 καί
3683 1954 3746 2006 αι

2077 2033 2357 2103 γυναῖκες
2396 2032 2516 2087 τῶν
2559 2030 2706 2087 υἱῶν
2755 2030 2942 2085 αὐτοῦ
2984 2032 3069 2097 είς
3102 2032 3217 2099 τὴν
3248 2031 3515 2095 κιϐωτὸν,
3537 2033 3634 2087 διὰ
3676 2033 3745 2087 τὸ

2076 2116 2232 2183 ὕδωρ
2264 2115 2370 2170 τοῦ
2402 2113 2854 2184 κατακλυσμοῦ.
2876 2112 2984 2168 Καὶ
3002 2112 3121 2168 ἀπὸ
3159 2113 3279 2167 τῶν
3314 2114 3601 2169 πετεηνῶν
3626 2116 3744 2170 τῶν

2075 2196 2368 2266 καθαρῶν,
2420 2196 2518 2250 καί
2556 2195 2676 2251 ἀπὸ
2718 2194 2839 2249 τῶν
2859 2195 3146 2250 πετεινῶν
3173 2194 3292 2250 τῶν
3318 2196 3403 2266 μὴ
3449 2199 3742 2265 καθαρῶν,

2074 2282 2169 2335 καὶ
2196 2281 2314 2337 ἀπὸ
2353 2279 2470 2335 τῶν
2494 2277 2757 2350 ἑρπετῶν
2778 2279 2889 2334 δύο
2908 2278 3035 2333 δύο.
3074 2277 3218 2333 Ἀπὸ
3246 2278 3486 2333 πάντων
3499 2280 3745 2349 εἰσῆλθε

2075 2363 2224 2432 πρὸς
2262 2363 2390 2418 Νῶε
2436 2365 2522 2431 είς
2559 2362 2674 2431 τὴν
2724 2360 2974 2416 κιϐωτὸν
3004 2359 3194 2429 ἄρσεν
3227 2361 3324 2416 καί
3365 2362 3560 2431 θῆλυ,
3609 2367 3743 2421 καθ’

2073 2448 2112 2500 d
2161 2447 2499 2501 ἐνετείλατο
2567 2447 2780 2513 Κύριος
2846 2442 2928 2509 τῷ
2971 2446 3117 2500 Νῶεη
3180 2444 3292 2514 Οὐχ
3333 2444 3521 2510 ἁπλῶς
3571 2463 3742 2516 προσ-

2075 2529 2237 2600 έθηκε
2280 2529 2361 2596 τὸ,
2406 2531 2545 2583 Καθ’
2570 2527 2608 2583 d
2648 2528 2987 2581 ἐνετείλατο
3033 2527 3246 2594 Κύριος
3289 2526 3372 2592 τῷ
3426 2526 3575 2594 Νῶε,
3628 2529 3742 2583 ἀλλ’

2075 2612 2163 2665 ἵνα
2215 2611 2377 2666 πάλιν
2427 2610 2642 2682 αὐξήσῃ
2704 2610 2797 2663 τοῦ
2843 2609 3053 2664 δικαίου
3105 2610 3197 2663 τὸν
3221 2609 3477 2675 ἔπαινον,
3525 2612 3622 2667 καὶ
3659 2612 3744 2667 ὃτι

2075 2694 2256 2749 πάντα
2303 2694 2476 2757 οὕτως
2525 2694 2835 2764 ἐπλήρωσε,
2874 2692 3126 2762 καθάπερ
3171 2693 3453 2759 διετάξατο
3483 2697 3513 2748 6
3537 2697 3745 2751 Δεσπό-

2072 2786 2193 2846 της,
2242 2776 2339 2832 καὶ
2386 2776 2539 2831 οὐδὲν
2599 2776 2868 2848 παρέλιπε
2921 2774 3030 2829 τῶν
3068 2774 3394 2845 παράὐτοῦ
3440 2777 3747 2849 εἰρημένων

2076 2858 2245 2929 αὐτῷ.
2283 2859 2392 2914 Καὶ
2425 2857 2664 2922 ἐγένετο
2696 2859 2849 2928 μετὰ
2888 2857 2996 2922 τὰς
3027 2855 3179 2911 ἑπτὰ
3207 2856 3452 2926 ἡμέρας,
3493 2859 3749 2931 καθάπερ

2081 2943 2369 3013 ὑπέσχετο,
2401 2942 2587 3012 φησὶν,
2615 2942 2643 2994 6
2681 2942 2980 3010 Δεσπότης,
3010 2940 3107 2994 καί
3139 2940 3205 2994 τὸ
3232 2940 3389 3009 ὕδωρ
3421 2941 3528 2996 τοῦ
3571 2959 3749 2998 κατα-

2076 3026 2356 3096 κλυσμοῦ
2397 3025 2635 3094 ἐγένετο
2679 3024 2777 3079 ἐπί
2810 3023 2921 3095 τῆς
2944 3022 3078 3093 γῆς,
3110 3023 3180 3077 ὲν
3211 3022 3292 3089 τῷ
3337 3024 3749 3094 ἑξακοσιοστῷ

2076 3110 2195 3165 ἔτει
2224 3110 2294 3163 ἐν
2317 3107 2394 3178 τῇ
2421 3107 2538 3177 ζ’ωῇ
2562 3108 2669 3163 τοῦ
2698 3108 2846 3169 Νῶε,
2882 3106 2989 3161 τοῦ
3029 3106 3311 3175 δευτέρου
3338 3108 3553 3178 μηνὸς,
3583 3108 3750 3165 ἐϐδό-

2072 3212 2157 3263 μῃ
2193 3192 2289 3246 καί
2314 3190 2505 3246 εἰκάδι
2534 3190 2641 3263 τοῦ
2665 3188 2878 3258 μηνός.
2910 3189 3053 3260 Ὅρα
3083 3190 3186 3260 τῆς
3218 3189 3440 3261 Γραφῆς
3467 3190 3567 3262 τὴν
3590 3191 3747 3262 ἀκρε-

2076 3276 2252 3339 ϐειαν,
2282 3274 2399 3337 πῶς
2427 3273 2488 3326 οὐ
2519 3273 2677 3344 μόνον
2705 3272 2796 3326 τὸν
2828 3272 3073 3325 ἐνιαυτὸν
3098 3272 3246 3342 ἡμᾶς
3279 3272 3508 3340 ἐδίδαξε,
3541 3274 3664 3331 καθ’
3685 3275 3747 3330 δν

2075 3361 2105 3413 6
2136 3355 2519 3429 κατακλυσμὸς
2551 3356 2792 3425 γέγονεν.
2814 3353 2967 3425 [235]
2999 3354 3135 3408 ἀλλά
3168 3354 3377 3408 καὶτὸν
3406 3355 3550 3425 μῆνα
3579 3357 3748 3411 κατά.

2075 3440 2233 3511 δηλον
2254 3439 2475 3508 ἐποίησε
2496 3438 2590 3492 καὶ
2609 3438 2706 3507 τὴν
2729 3435 2961 3507 ἡμέραν.
2991 3431 3125 3488 Εἶτα
3146 3435 3234 3488 ἴνα
3264 3439 3329 3507 τῇ
3352 3436 3598 3506 διηγήσει
3622 3441 3749 3504 τούς

2081 3518 2220 3590 μετά
2245 3517 2420 3573 ταῦτα
2468 3516 2942 3588 σωφρονεστέρους
2983 3516 3305 3587 ἐργάσηται,
3341 3518 3432 3570 καί
3459 3517 3551 3570 τὸν
3583 3519 3747 3588 φόϐον

2079 3598 2290 3668 αὐξήσῃ
2318 3595 2428 3649 τῶν
2450 3593 2855 3667 γεγενημένων,
2879 3593 3066 3664 φησίν’
3100 3595 3196 3648 Ἐν
3225 3592 3299 3661 τῇ
3324 3595 3514 3665 ἡμέρᾳ
3544 3597 3746 3667 ἐκείνῃ

2077 3675 2422 3745 ἐῤῥὰῃησαν
2476 3672 2667 3728 πᾶσαι
2701 3676 2759 3726 at
2802 3671 2986 3742 πηγαί
3038 3670 3150 3739 τῆς
3204 3674 3505 3737 ἀϐύσσου,
3556 3676 3655 3730 καί
3693 3680 3747 3732 οι

2079 3752 2475 3823 καταρράκται
2499 3752 2605 3806 τοῦ
2628 3751 2889 3819 οὐρανόῦ
2925 3749 3346 3819 ἠνεῴχθησαν,
3381 3753 3479 3807 καί
3510 3753 3749 3824 ἐγένετο

2079 3836 2113 3888 ὁ
2138 3833 2311 3899 ὑετὸς
2339 3831 2436 3886 ἐπί
2470 3829 2579 3897 τῆς
2599 3831 2712 3900 γῆς
2740 3828 3199 3897 τεσσαράκοντα
3226 3830 3454 3901 ἡμέρας
3482 3835 3583 3889 καὶ
3610 3848 3746 3889 τεσ.

2078 3913 2424 3981 σαράκοντα
2461 3912 2868 3982 νύκτας.”ορα
2927 3908 3069 3982 πόσῃ
3120 3909 3387 3983 κέχρηται
3430 3913 3526 3967 καὶ
3580 3913 3676 3969 νῦν
3710 3916 3745 3987 ή

2079 3995 2211 4062 ἀγία
2247 3993 2435 4064 Γραφὴ
2464 3994 2529 4063 τῇ
2559 3990 2983 4059 συγκαταϐάσει,
3014 3988 3109 4043 καὶ
3142 3990 3280 4061 πρὸς
3316 3989 3413 4061 τὴν
3454 3991 3744 4062 συνήθειαν

2077 4073 2175 4142 τὴν
2214 4070 2558 4142 ἀνθρωπίνην
2587 4071 2765 4123 πάντα
2800 4068 3123 4136 διαλέγεται.
3156 4068 3272 4121 Οὐκ
3305 4068 3491 4141 ἐπειδὴ
3536 4074 3744 4142 καταρ-

2081 4150 2278 4224 ράκται
2315 4148 2452 4202 εἰσὶν
2497 4149 2555 4202 ὲν
2599 4146 2676 4219 τῷ
2716 4146 2950 4218 οὐρανῷ,
2995 4145 3110 4200 ἀλλ’
3145 4146 3253 4200 ἀπὸ
3290 4147 3400 4201 τῶν
3429 4149 3744 4220 συντρόφων

2079 4232 2210 4301 ἡμῖν
2236 4228 2518 4298 ὀνομάτων
2547 4226 2762 4281 ἅπαντα
2790 4225 3117 4294 διαλέγεται,
3160 4227 3444 4297 μονονουχὶ
3487 4228 3741 4296 λέγουσα,

2077 4311 2159 4363 ὄτι
2210 4304 2514 4378 προσέταξε
2568 4305 2725 4376 μόνον
2767 4307 2797 4360 6
2839 4305 3138 4375 Δεσπότης,
3193 4306 3287 4359 καὶ
3333 4306 3535 4370 εὐθέως
3571 4309 3605 4378 ή
3635 4309 3744 4363 τῶν

2080 4388 2287 4442 ὑδάτων
2316 4384 2475 4454 φύσις
2500 4384 2778 4452 ὑπήκουσε
2803 4380 2880 4453 τῷ
2900 4382 3231 4453 ἐπιτάγματι
3263 4381 3357 4437 τοῦ
3384 4383 3740 4455 δημιουργοῦ,

2080 4467 2175 4520 καὶ
2202 4462 2463 4518 πάντοθεν
2506 4460 2805 4532 συρρέουσα
2822 4462 2851 4501 ιι
2880 4462 3056 4515 πάντα
3080 4461 3173 4515 τὸν
3206 4463 3410 4534 κόσμον
3448 4462 3738 4519 ἐπέκλυσε.

2026 4543 2031 4549 ’
2078 4546 2190 4600 Καὶ
2221 4544 2283 4597 τδ
2312 4545 2369 4596 ἐν
2416 4540 2820 4613 τεσσαράκοντα
2859 4542 3096 4613 ἡμέραις
3135 4542 3230 4595 καὶ
3259 4541 3409 4607 νυξὶν
3438 4544 3738 4613 ἐπαγαγεῖν

2078 4624 2169 4678 τὸν
2199 4620 2602 4691 κατακλυσμὸν,
2649 4620 2743 4673 καὶ
2781 4619 2937 4673 τοῦτο
2984 4619 3143 4674 πάλιν
3175 4620 3431 4692 μέγιστον
3468 4619 3607 4695 εἶδος
3637 4625 3740 4695 τῆς

2079 4701 2242 4754 αὐτοῦ
2284 4687 2714 4770 φιλανθρωπίας.
2744 4697 3024 4757 Ἐϐούλετο
3062 4687 3186 4769 γὰρ’
3216 4687 3304 4754 διὰ
3355 4687 3558 4773 πολλὴν
3593 4687 3740 4771 ἀγάέ

2081 4780 2276 4849 θότητα
2300 4779 2399 4832 κᾶν
2432 4778 2607 4840 ἐνίους
2646 4776 2707 4841 ἐξ
2750 4776 2929 4830 αὐτῶν
2956 4776 3420 4848 σωφρονισθέντας
3458 4779 3743 4849 διαφυγεῖν

2077 4859 2178 4928 τὴν
2202 4854 2440 4925 παντελῆ
2482 4853 2779 4918 ἀπώλειαν,
2823 4855 3064 4925 ὁρῶντας
3089 4856 3149 4908 ἐν
3179 4855 3476 4927 ὀφθαλμοῖς
3510 4859 3603 4913 καὶ
3633 4858 3745 4914 τῶν

2078 4935 2356 5007 ὁμογενῶν
2381 4935 2480 5006 τὴν
2502 4932 2796 4999 ἀπώλειαν,
2822 4935 2918 4988 καὶ
2941 4934 3038 5006 τὴν
3068 4934 3367 5005 μέλλουσαν
3406 4937 3607 5001 αὐτοὺς
3644 4956 3746 4993 κα-

2082 5012 2412 5085 ταλήψεσθαι
2458 5011 2851 5083 πανωλεθρίαν.
2901 5011 3060 5077 Είκδς
3084 5011 3193 5084 γάρ
3216 5014 3275 5067 ἐν
3312 5014 3410 5085 μὲν
3438 5017 3504 5086 τῇ
3552 5015 3746 5090 πρώτῃ

2084 5093 2260 5164 ἡμέρᾳ
2300 5091 2534 5161 φανερόν
2572 5108 2624 5144 τι
2667 5092 2830 5162 μέρος
2862 5091 3274 5160 ἐπικλυσθῆναι,
3312 5092 3407 5145 καὶ
3440 5092 3499 5145 ἐν
3528 5095 3593 5163 τῇ
3625 5095 3746 5148 δευ-

2083 5173 2215 5242 τέρᾳ
2252 5169 2572 5241 προσθήκην
2616 5169 2736 5224 τινά
2787 5169 3070 5237 γενέσθαι*
3122 5169 3383 5234 ὡσαύτως
3435 5171 3532 5223 καὶ
3581 5173 3642 5224 ἐν
3676 5175 3745 5246 τῇ

2084 5250 2259 5323 τρίτῃ,
2306 5248 2401 5303 καὶ
2459 5248 2671 5319 ἐφεξῆς.
2702 5248 2812 5301 Καὶ
2860 5248 2949 5301 διὰ
3004 5248 3161 5302 τοῦτο
3203 5250 3284 5312 είς
3338 5251 3748 5321 τεσσαράκοντα

2083 5328 2291 5399 ἡμέρας
2319 5326 2602 5399 παρέτεινε
2642 5326 2735 5380 καὶ
2760 5326 3168 5397 τεσσαράκοντα
3192 5326 3412 5391 νύκτας,
3442 5328 3530 5393 ἵνα
3568 5331 3747 5385 πᾶσαν

2080 5406 2257 5460 αὐδῶν
2298 5405 2593 5472 ἀπολογίας
2621 5403 2893 5473 πρόφασιν
2932 5403 3224 5475 περικόψῃ.
3261 5405 3323 5459 Εί
3358 5406 3467 5478 γὰρ
3500 5407 3747 5461 ἐϐούλετο

2085 5484 2172 5537 καὶ
2212 5482 2559 5555 προσέταξεν,
2589 5482 2819 5551 ἠδύνατο
2841 5482 2933 5535 καὶ
2963 5483 3019 5534 ἐν
3052 5484 3150 5553 μιᾷ
3172 5485 3312 5558 ῥοπῇ
3334 5485 3402 5539 τά
3427 5487 3605 5540 πάντα
3635 5487 3757 5540 ἐπι-

2079 5561 2295 5624 κλύσαι,
2346 5562 2480 5615 άλλά
2533 5560 2629 5629 τὴν
2676 5559 2885 5613 οἰκείαν
2945 5560 3359 5634 φιλανθρωπίαν
3413 5563 3746 5636 μιμούμενος

2082 5642 2174 5695 καὶ
2196 5644 2266 5712 τῇ
2297 5640 2534 5712 τοσαύτῃ
2563 5638 2868 5710 παρατάσει
2896 5639 3004 5693 τῶν
3036 5638 3261 5712 ήμερῶν
3282 5642 3574 5713 ἐχρήσατο.
3616 5637 3750 5697 Εἶτά

2083 5720 2379 5791 φησιν,Ἐν
2405 5718 2480 5787 τῇ
2516 5718 2710 5786 ἡμέρῃ
2747 5718 2933 5786 ταύτῃ
2964 5718 3215 5786 εισῆλθε
3251 5719 3380 5774 Νῶε
3402 5722 3491 5787 εὶς
3523 5718 3641 5789 τὴν
3664 5737 3751 5774 κι-

2080 5799 2287 5861 ϐωτὸν,
2342 5798 2441 5852 καί
2485 5796 2639 5867 Σήμ,
2682 5795 2781 5851 καὶ
2823 5798 2971 5868 Χὰμ,
3000 5798 3099 5853 καί
3148 5797 3357 5869 Ἰάφεθ,
3385 5798 3483 5853 καί
3513 5797 3554 5868 ἡ
3593 5797 3746 5871 γυνὴ

2137 5945 2165 5986 δ
2187 5943 2336 5994 Savil.
2353 5950 2402 5995 el
2425 5944 2507 5993 alii
2536 5944 2849 6010 συῤῥεύσασα.
