4116 6196
437 308 531 362 ‘Hl
1433 304 1499 360 ,Ν
1537 306 1687 361 CAP.
1715 307 1822 360 Vll.
1867 307 2102 364 GliNliS.
2150 309 2374 364 liOfvilL
2422 311 2581 366 XXV.

443 451 528 496 tur
559 450 613 496 et
653 441 688 496 ii
726 451 939 512 peccata
990 450 1387 505 coacervantcs,
1421 443 1709 512 majoribus
1748 459 1803 497 se
1855 446 2025 516 pomis

437 531 698 588 obnoxios
724 530 1008 587 redderent
1031 572 1044 597 ,
1077 531 1331 588 Dominus
1359 533 1528 588 bonus
1558 544 1610 588 et
1634 534 1893 606 benignus
1922 539 2024 590 du-

439 624 610 679 ritiam
635 624 847 680 illorum
872 625 1134 695 paenitere
1163 624 1398 678 nesciam
1433 623 1650 691 videns,
1688 635 1896 696 tempus
1921 642 2026 698 quo

435 727 492 768 se
521 715 810 786 patientem
840 714 1071 769 futurum
1103 715 1385 784 promisit,
1419 715 1700 769 imminuit.
1726 715 1856 770 Nam
1889 717 2026 773 sicut

435 819 622 859 eorum
653 819 810 860 causa
841 803 930 874 qui
968 803 1422 859 admonitionibus
1475 805 1586 859 suis
1638 816 1878 875 prompte
1928 823 2023 877 pa-

434 902 574 963 rent,
607 895 676 950 ob
710 893 1001 950 bonitatem
1044 895 1145 950 sibi
1191 895 1509 964 peculiarem
1555 898 1849 952 sententias
1900 912 2023 952 suas

433 996 681 1054 revocat,
708 997 762 1042 et
787 986 853 1042 ad
878 1002 937 1042 se
960 1001 1255 1043 conversos
1284 986 1536 1052 admittit,
1565 997 1724 1058 atque
1751 988 1818 1043 ab
1848 988 2026 1043 immi~

434 1087 595 1132 nente
615 1077 873 1147 supplicio
902 1077 1092 1133 liberat
1118 1093 1132 1130 :
1167 1077 1237 1132 ita
1266 1092 1476 1149 quoque
1511 1089 1628 1133 eum
1652 1079 1910 1148 promittit
1939 1081 2021 1136 vel

433 1167 570 1223 bona
608 1169 782 1239 aliqua
809 1183 869 1224 se
917 1169 1284 1239 praebiturum,
1313 1169 1394 1224 vel
1423 1170 1748 1239 poenitentia:
1773 1180 1980 1242 tempus
2003 1214 2018 1239 ,

431 1259 574 1315 videt
601 1271 779 1315 autem
822 1261 944 1315 illos
986 1260 1244 1331 indignos,
1275 1261 1437 1315 etiam
1480 1270 1603 1314 tunc
1647 1277 1856 1331 quoque
1899 1277 2021 1318 suas

435 1353 820 1422 promissiones
845 1361 1078 1412 revocat,
1108 1351 1368 1419 Quocirca
1407 1361 1456 1406 et
1484 1366 1578 1421 per
1608 1353 1916 1422 prephetam
1942 1353 2020 1407 di-

430 1443 582 1497 cebat
610 1459 622 1495 :
656 1442 734 1496 Ad
763 1459 1008 1496 summam
1046 1443 1223 1513 loquar
1246 1459 1400 1511 super
1432 1452 1622 1514 gentes,
1669 1453 1715 1496 et
1759 1460 1909 1512 super
1937 1461 2020 1499 re-

431 1548 553 1601 gna,
589 1540 642 1585 ut
671 1531 880 1601 perdam
907 1542 952 1586 et
982 1543 1195 1587 evertam
1234 1546 1254 1586 :
1280 1542 1326 1586 et
1352 1532 1396 1586 si
1430 1533 1770 1602 paenitentiam
1800 1535 2015 1604 egerint,

433 1637 582 1692 agam
612 1630 658 1674 et
697 1639 788 1692 ego
816 1623 1154 1692 paenitentiam
1191 1639 1344 1693 super
1386 1623 1446 1677 iis
1479 1640 1594 1692 qua:
1638 1625 1870 1693 loquutus
1907 1643 2018 1680 sum

431 1723 484 1766 ut
511 1716 724 1785 facerent
745 1715 816 1768 eis
841 1715 974 1786 (Jer.
1003 1715 1087 1771 18.
1119 1715 1170 1769 7.
1203 1716 1261 1787 8)
1295 1731 1310 1769 :
1338 1723 1391 1771 et
1414 1715 1600 1769 iterum
1627 1733 1639 1769 :
1667 1717 1745 1769 Ad
1772 1734 2020 1772 summam

431 1806 608 1876 loquar
632 1824 784 1877 super
809 1818 977 1878 gentes
1001 1818 1048 1861 et
1077 1824 1228 1878 super
1253 1823 1426 1879 regna,
1460 1817 1515 1860 ut
1544 1809 1840 1875 rewdi/ieein
1866 1826 1884 1863 :
1913 1811 2021 1864 etsi

435 1900 741 1969 peccaverint
767 1941 781 1966 ,
818 1900 1156 1971 pa'nitentiam
1179 1910 1224 1952 et
1245 1916 1334 1970 ego
1362 1917 1510 1970 agam
1538 1917 1688 1968 super
1712 1901 1772 1953 iis
1800 1917 1910 1971 qua:
1937 1905 2015 1955 lo-

440 1999 623 2058 quutus
663 2007 774 2044 sum
816 2000 869 2043 ut
917 1992 1129 2058 facerem
1181 1991 1252 2045 eis
1284 1989 1442 2061 (Ibid.
1497 2006 1544 2046 v.
1586 1992 1638 2046 9.
1688 1992 1797 2062 10).
1828 1992 2015 2048 Vidisti

430 2079 699 2148 quomodo
717 2094 747 2133 a
778 2079 929 2134 nobis
954 2080 1262 2136 occasiones
1279 2081 1466 2151 accipit
1487 2092 1590 2134 tam
1614 2081 2013 2148 misericordim,

431 2188 591 2240 quam
613 2187 736 2240 erga
766 2186 862 2226 nos
883 2171 1148 2233 declarat,
1181 2188 1339 2242 quam
1371 2173 1786 2243 indignationis?
1815 2173 2015 2230 Idcirco

430 2264 589 2317 etiam
621 2278 760 2317 nunc
792 2273 998 2334 tempus
1019 2274 1243 2330 resecat,
1263 2264 1412 2334 cujus
1432 2265 1502 2318 illi
1533 2265 1858 2334 longitudine
1887 2265 2017 2319 abu—

430 2355 696 2410 lt‘balillll'.
739 2357 932 2412 Beatus
957 2373 1168 2428 quoque
1199 2357 1391 2412 Paulus
1417 2357 1481 2411 ad
1500 2356 1743 2427 stupidos
1766 2357 1903 2423 illos,
1923 2358 2014 2428 qui

425 2445 647 2500 salutem
676 2461 770 2516 per
797 2447 1159 2517 pmnitentiam
1185 2447 1338 2503 nobis
1364 2446 1539 2501 datam
1570 2463 1672 2502 non
1704 2447 2009 2515 admittunt,

423 2538 633 2594 diccbat
665 2556 678 2594 :
710 2539 786 2592 An
819 2539 1017 2593 divitias
1042 2540 1278 2594 bonitatis
1315 2541 1425 2610 ejus
1466 2548 1510 2593 et
1539 2539 1795 2608 patientia:
1830 2548 1876 2592 et
1896 2540 2008 2592 lon~

425 2629 732 2698 ganimitatis
758 2630 1054 2695 contemnis,
1079 2629 1318 2699 ignorans
1346 2631 1481 2698 quod
1503 2627 1787 2698 benignitas
1816 2627 1909 2682 Dei
1940 2631 2012 2682 ad

423 2719 763 2788 paenitentiam
805 2729 852 2774 te
898 2718 1181 2789 provocat?
1227 2718 1518 2773 Secundum
1562 2727 1728 2772 autem
1773 2719 2012 2772 duritiam

423 2822 595 2877 tuam,
620 2821 667 2866 et
691 2812 1004 2883 impcnitens
1020 2827 1124 2877 eor,
1158 2795 1467 2864 thesaurizas
1498 2811 1786 2881 tibimetipsi
1806 2811 1932 2863 iram
1959 2813 2010 2864 in

421 2902 503 2956 die
528 2903 617 2956 irae
641 2911 688 2956 et
716 2902 1032 2957 reuelationis
1051 2903 1180 2973 justi
1210 2900 1388 2964 iudicii
1417 2901 1510 2954 Dei
1547 2901 1718 2971 (Rom.
1746 2900 1799 2954 ‘2.
1830 2903 1882 2957 4.
1911 2900 2010 2975 5)?

423 2991 615 3048 Vidisti
636 2993 907 3064 quomodo
957 3001 1014 3048 et
1037 2994 1266 3050 eximius
1305 2993 1393 3048 ille
1436 2992 1626 3048 doctor
1674 2992 1820 3048 orbis
1865 2993 2010 3050 clare

420 3098 519 3140 nos
546 3083 744 3152 docuit,
773 3099 866 3141 eos
891 3085 978 3156 qui
1005 3075 1260 3156 patientia
1288 3085 1378 3139 Dei
1411 3083 1475 3138 ad
1505 3085 1875 3154 paenitentiam
1909 3101 2006 3140 no-

420 3175 500 3230 bis
551 3189 806 3231 concessa
849 3175 1159 3241 abutuntur,
1189 3175 1378 3246 majori
1428 3189 1602 3245 paenae
1648 3184 1703 3230 et
1748 3175 2009 3246 supplicio

419 3268 734 3338 semetipsos
755 3268 1022 3324 obnoxios
1050 3267 1315 3324 reddere?
1340 3267 1410 3322 Et
1434 3268 1530 3323 hac
1554 3268 1620 3324 de
1648 3283 1806 3323 causa
1846 3269 2006 3324 etiam

420 3375 558 3414 nunc
590 3361 852 3432 benignus
880 3360 1039 3426 Deus,
1071 3361 1222 3431 quasi
1251 3375 1371 3416 sese
1407 3375 1642 3431 purgans
1662 3403 1676 3428 ,
1710 3363 2006 3416 rationem-

419 3464 522 3519 que
567 3450 832 3516 reddens,
880 3466 1046 3522 quare
1089 3461 1376 3521 antequam
1425 3452 1743 3521 promissum
1799 3463 2008 3523 tempus

421 3539 751 3608 impleretur,
780 3541 1038 3596 diluvium
1068 3541 1358 3608 induxerit,
1383 3557 1643 3597 annorum
1662 3544 1789 3612 justi
1821 3561 2009 3602 nume-

420 3643 536 3682 rum
585 3629 840 3698 declarat,
881 3639 936 3685 et
981 3630 1161 3686 dicit:
1215 3628 1331 3686 Noe
1375 3642 1545 3686 autem
1597 3642 1703 3686 erat
1757 3650 2006 3690 annorum

419 3729 784 3774 sercentorum.
829 3721 960 3777 Nam
985 3723 1072 3793 qui
1123 3723 1174 3778 in
1205 3731 1420 3778 centum
1450 3724 1604 3779 annis
1632 3727 1872 3782 converti
1903 3743 2002 3782 no-

420 3813 634 3880 luerint,
667 3816 790 3886 quid
834 3817 1060 3888 amplius
1112 3818 1433 3888 proticerent
1473 3833 1539 3874 ex
1589 3819 1744 3875 annis
1797 3822 2000 3892 viginti,

417 3921 573 3974 quam
621 3906 762 3977 quod
817 3908 966 3976 plura
1026 3909 1321 3979 adjicerent
1375 3909 1625 3978 peccata?
1678 3911 1830 3965 Enim
1874 3927 2004 3968 vero

419 4005 722 4050 monstrans
751 3996 1067 4052 ineffabilem
1098 4013 1248 4052 snam
1272 3998 1694 4054 misericordiam
1725 4010 1778 4055 et
1816 4003 1998 4056 excel-

417 4085 611 4139 lentem
639 4086 946 4152 bonitatem,
979 4103 1083 4144 non
1129 4088 1396 4144 recusavit
1453 4090 1613 4145 etiam
1652 4099 1774 4146 ante
1795 4101 1998 4161 septem

412 4175 529 4230 dies
556 4178 842 4248 przedicere
867 4178 945 4233 eis
967 4179 1223 4233 diluvium
1259 4194 1384 4234 mox
1423 4179 1804 4248 inducendum,
1830 4191 1886 4235 ut
1913 4183 1996 4237 vel

413 4270 653 4341 angustia
717 4272 971 4344 temporis
1026 4273 1261 4344 correpti
1305 4274 1714 4330 conversionem
1766 4275 1997 4346 aliquam

415 4361 776 4418 ostenderent.

483 4453 537 4507 5.
573 4451 712 4527 Deus
739 4453 966 4523 ρνιεάὶσὶι
991 4470 1187 4525 pinnas,
1212 4470 1274 4508 ne
1299 4454 1504 4523 inferat.
1534 4485 1604 4494 —
1627 4454 1694 4510 Et
1718 4455 1837 4510 vide
1889 4456 2000 4512 cle-

419 4545 666 4598 mentiam
695 4545 925 4609 Domini,
957 4544 1223 4614 quomodo
1263 4545 1410 4615 quasi
1454 4545 1624 4600 bonus
1665 4547 1854 4618 aliquis
1879 4562 1996 4602 me-

413 4634 583 4700 dicus,
609 4635 767 4690 variis
796 4635 895 4690 viis
925 4635 1166 4690 morbum
1197 4650 1382 4690 eorum
1413 4651 1602 4692 curare
1644 4645 1830 4693 tentat.
1863 4637 1996 4693 Nam

415 4725 662 4792 quoniam
694 4725 1001 4781 incurabilia
1029 4741 1214 4780 eorum
1242 4734 1396 4780 erant
1427 4727 1668 4794 vulnera,
1698 4737 1804 4782 tam
1832 4729 1997 4797 proli-

418 4828 540 4868 Ium
568 4816 644 4868 eis
675 4825 882 4885 tempus
909 4816 1251 4885 priescripsit,
1282 4817 1663 4882 volens,etiam
1691 4818 1734 4870 si
1767 4819 1818 4870 in
1850 4827 1998 4871 tanto

417 4914 652 4973 tempore
674 4908 1062 4977 resipiscerent,
1077 4908 1716 4978 revocareindignationis
1741 4923 1850 4962 sua:
1877 4924 1997 4963 sen-

416 4996 646 5049 tentiam.
680 4995 903 5068 Semper
929 4999 1068 5052 enim
1100 5013 1217 5052 mos
1245 4999 1359 5068 ejus
1386 5007 1490 5064 est,
1519 4999 1768 5068 quoniam
1798 5009 1995 5055 nostra:

414 5083 598 5138 salutis
612 5100 794 5140 curam
825 5088 953 5156 agit,
970 5086 1260 5156 prmdicere
1281 5103 1410 5157 quas
1434 5101 1617 5155 poenas
1637 5088 1702 5142 sit
1730 5088 1994 5156 illaturus,

412 5176 481 5229 ob
514 5177 647 5232 hanc
690 5185 893 5232 tantum
933 5192 1170 5246 causam,
1198 5194 1264 5233 ne
1316 5178 1532 5242 inierat;
1560 5192 1692 5248 quas
1727 5180 1770 5234 si
1796 5179 1994 5237 inferre

415 5267 603 5334 vellet,
630 5269 934 5338 neutiquam
982 5269 1181 5325 diceret
1211 5286 1223 5322 :
1256 5267 1349 5324 sed
1386 5268 1623 5323 studiose
1659 5269 1919 5340 prtedicit,
1943 5277 2000 5326 ut

414 5373 534 5414 cum
596 5373 694 5412 nos
745 5359 1111 5426 didicerimus,
1147 5362 1338 5414 timore
1394 5359 1787 5414 emendatiores
1836 5361 1996 5429 facti,

413 5456 716 5504 avertamus
766 5449 932 5520 ipsius
972 5451 1406 5521 indignationem,
1436 5458 1490 5505 et
1513 5450 1802 5504 sententias
1825 5449 2002 5507 irritas

3612 324 3713 357 ααιι

3618 365 3716 380 ιιι-ι.

2135 425 2387 479 industria
2420 428 2640 496 quadam
2667 443 2854 486 curare
2887 434 3068 488 nititur
3098 455 3113 493 :
3147 438 3318 506 primo
3354 448 3551 494 tantum
3579 453 3713 496 lt‘ltl-

2132 515 2274 583 poris
2295 517 2358 569 ad
2385 519 2750 586 paenitentiam
2795 521 2971 588 dedit;
3007 525 3126 580 dein
3178 527 3263 582 ubi
3292 528 3420 583 vidit
3445 545 3536 584 eos
3563 536 3712 602 quasi

2133 604 2382 660 insensati
2432 620 2631 674 essent,
2680 611 2747 664 ita
2790 629 2848 666 se
2893 629 3116 683 gerere,
3166 620 3401 691 nihilque
3454 625 3712 692 prolicere

2133 698 2383 765 temporis
2415 699 2762 769 longitudine,
2786 703 2893 771 jam
2920 721 3037 759 cum
3088 712 3470 776 propemodum
3501 713 3552 768 in
3583 715 3713 772 lori-

2129 785 2226 839 bus
2272 788 2398 854 ipsis
2447 801 2588 845 CSSt'i.
2632 793 2907 860 diluvium,
2956 797 3145 852 iterum
3193 805 3549 871 prmnnntiat,
3605 824 3710 861 non

2127 889 2251 933 ante
2279 889 2384 935 tres
2424 881 2557 948 dies,
2605 885 2739 939 sicut
2781 887 3041 953 Ninivitis,
3082 892 3172 945 sed
3220 903 3342 948 ante
3388 908 3611 965 septem.
3650 901 3708 954 lit

2128 967 2354 1024 ﬁdenter
2397 972 2641 1042 dixerim,
2691 981 3100 1048 magnitudinem
3147 984 3448 1042 clementia:
3503 990 3708 1046 Domini

2127 1060 2290 1113 nostri
2321 1063 2511 1126 sciens,
2544 1066 2586 1118 si
2617 1068 2700 1120 vel
2727 1069 2776 1122 in
2799 1082 2998 1138 septem
3021 1073 3207 1128 diebus
3236 1091 3414 1130 veram
3446 1083 3708 1148 perniten-

2128 1148 2251 1201 tiam
2283 1167 2440 1220 agere
2483 1155 2791 1220 voluissent,
2820 1160 3127 1229 effugissent
3157 1165 3334 1234 utique
3363 1167 3540 1223 diluvii
3571 1175 3709 1240 peri-

2124 1240 2322 1292 culum.
2358 1242 2534 1312 Itaque
2582 1249 2830 1315 quoniam
2865 1267 3034 1321 neque
3077 1254 3355 1321 productio
3401 1262 3528 1314 tanti
3577 1271 3680 1316 tcm

2126 1328 2287 1394 poris,
2319 1346 2488 1400 neque
2511 1337 2795 1390 coarctatiu
2821 1354 2850 1391 a
2884 1341 3033 1395 malis
3077 1357 3169 1398 eos
3215 1345 3476 1403 abducere
3518 1354 3706 1422 potuit,

2125 1421 2332 1478 induxit
2375 1425 2626 1481 diluvium
2657 1430 2706 1482 in
2737 1436 3125 1488 sexcentesimo
3169 1452 3309 1492 anno
3337 1439 3466 1495 Noe.
3500 1443 3553 1497 6.
3592 1443 3705 1498 Noe

2123 1526 2307 1578 autem,
2341 1515 2526 1585 inquit,
2569 1532 2911 1576 sescentorum
2953 1541 3202 1582 annorum
3239 1541 3363 1595 erat,
3393 1542 3440 1586 et
3465 1535 3706 1590 diluvium

2123 1617 2267 1672 aqua:
2295 1607 2482 1676 factum
2499 1618 2569 1662 est
2592 1627 2744 1679 super
2773 1622 2977 1668 terram.
3009 1616 3242 1685 Vidistis,
3271 1621 3469 1688 dilecti,
3495 1636 3706 1695 quant.e

2122 1693 2275 1748 nobis
2306 1697 2544 1753 utilitatis
2576 1703 2792 1756 materia
2827 1703 2961 1760 facta
3006 1708 3093 1773 sit,
3139 1723 3465 1780 cognoscere
3515 1693 3704 1772 nume-

2123 1799 2238 1837 rum
2284 1802 2542 1844 annorum
2585 1792 2735 1860 justi,
2765 1806 2814 1849 et
2857 1807 2986 1866 quot
3028 1813 3284 1857 annorum
3331 1813 3467 1870 erat,
3496 1810 3705 1877 quando

2120 1875 2374 1932 diluvium
2406 1883 2584 1936 venit?
2609 1885 2718 1954 Age
2747 1890 3145 1956 progrediamur
3173 1893 3237 1948 ad
3263 1909 3326 1949 ea
3371 1912 3490 1966 qua:
3511 1875 3703 1956 conse-

2120 1979 2346 2038 quenter
2390 1973 2656 2028 dicuntur.
2688 1977 2817 2034 Nam
2851 1989 2907 2033 ut
2934 1983 3095 2051 cmpit
3123 1982 3395 2050 diluvium,
3429 1990 3619 2059 inquit,
3646 1995 3698 2047 7.

2121 2059 2388 2130 Ingressus
2425 2076 2496 2119 est
2527 2079 2694 2121 autem
2729 2069 2860 2136 Noe,
2896 2084 2941 2126 et
2969 2075 3067 2142 filii
3089 2077 3217 2146 ejus,
3242 2087 3288 2130 et
3314 2095 3441 2132 uxor
3476 2081 3630 2150 illius,
3657 2096 3701 2138 et

2117 2169 2298 2209 uxores
2323 2157 2542 2223 ﬁliorum
2584 2161 2718 2216 illius
2745 2165 2794 2216 in
2815 2181 3006 2231 arcam,
3035 2179 3240 2238 propter
3282 2189 3464 2240 aquam
3503 2175 3697 2230 diluvii.

2117 2242 2169 2297 8.
2199 2244 2261 2298 Et
2289 2263 2353 2300 ea:
2381 2249 2664 2305 volatilibus
2707 2255 2906 2307 mundis
2936 2265 2982 2308 et
3008 2274 3071 2310 cx
3099 2260 3377 2314 volatilibus
3406 2265 3696 2334 imminutis,

2114 2343 2162 2386 et
2189 2351 2252 2389 ea:
2289 2339 2552 2408 jumentis,
2605 2353 2651 2394 et
2691 2359 2752 2396 ex
2795 2346 3058 2413 reptilibus
3101 2350 3236 2405 bina.
3265 2352 3318 2407 9.
3344 2351 3427 2407 Ex
3472 2360 3698 2413 omnibus

2115 2427 2423 2484 intraverunt
2453 2433 2521 2485 ad
2545 2433 2670 2499 Noe,
2696 2436 2748 2489 in
2777 2454 2968 2502 arcam,
2997 2443 3246 2497 masculus
3274 2443 3570 2517 et'frzmina,
3601 2453 3698 2506 sic-

2114 2528 2168 2570 ut
2193 2533 2494 2591 prmeeperat
2525 2524 2767 2581 Dominus
2795 2527 2925 2582 Noe.
2958 2531 3071 2586 Non
3098 2534 3300 2606 absque
3346 2552 3504 2594 causa
3543 2542 3696 2596 addi-

2113 2611 2208 2676 dit,
2234 2613 2378 2667 Sieut
2398 2628 2700 2686 pra-ceperat
2731 2618 2976 2675 Dominus
3005 2623 3116 2678 Noe
3139 2642 3157 2677 :
3185 2627 3275 2681 sed
3305 2637 3362 2682 ut
3391 2629 3578 2686 iterum
3601 2650 3693 2688 au-

2113 2712 2260 2772 geret
2285 2705 2490 2760 laudem
2515 2708 2819 2779 justi,qund
2849 2714 3023 2767 omnia
3053 2717 3367 2786 impleverit,
3388 2721 3522 2777 sicut
3555 2738 3690 2793 pra:-

2113 2808 2325 2862 ceperat
2357 2797 2629 2865 Dominus,
2661 2811 2714 2854 et
2735 2803 2872 2871 quod
2906 2804 3032 2859 nihil
3062 2821 3128 2861 ex
3159 2809 3312 2863 dictis
3341 2815 3694 2879 przetermise-

2112 2886 2200 2940 rit.
2231 2887 2314 2941 10.
2348 2887 2413 2940 Et
2441 2893 2629 2959 factum
2655 2901 2726 2944 est
2753 2902 2862 2960 post
2900 2894 3004 2949 dies
3029 2907 3236 2966 septem,
3268 2900 3405 2955 sicut
3432 2904 3692 2971 promise-

2113 2986 2212 3042 rat,
2247 2979 2434 3048 inquit,
2470 2981 2752 3044 Dominus,
2793 2994 2838 3036 et
2859 3001 2988 3051 aqua
3031 2987 3207 3040 diluvii
3253 2994 3390 3061 facta
3426 3003 3498 3047 est
3544 3010 3696 3065 super

2112 3078 2318 3133 terram,
2350 3072 2436 3126 11.
2470 3073 2520 3125 in
2551 3077 2909 3129 sexcentesimo
2933 3094 3068 3132 anno
3115 3080 3166 3133 in
3208 3081 3306 3134 vita
3351 3082 3482 3149 Noe,
3529 3102 3696 3142 mense

2111 3164 2350 3229 secundo,
2394 3165 2626 3218 vicesimo
2654 3175 2698 3218 ct
2723 3167 2934 3237 septimo
2983 3171 3184 3224 mensis.
3237 3171 3369 3228 Vide
3406 3173 3692 3246 Scriptura:

2113 3252 2482 3324 diligentiam,
2537 3259 2805 3326 quomodo
2853 3275 2958 3315 non
3006 3262 3177 3316 solum
3221 3279 3316 3318 nos
3367 3265 3546 3322 docuit
3591 3286 3694 3338 quo

2109 3358 2250 3397 anno
2296 3343 2489 3399 factum
2519 3348 2588 3401 sit
2623 3347 2902 3417 diluvium,
2932 3351 3025 3406 sed
3053 3363 3102 3406 et
3131 3369 3237 3422 quo
3283 3370 3466 3412 mense
3495 3368 3548 3412 et
3585 3360 3690 3414 die.

2114 3435 2312 3490 Deinde
2355 3445 2408 3490 ut
2451 3455 2515 3493 ex
2562 3441 2866 3496 narratione
2891 3443 3281 3500 emendatiores
3308 3447 3494 3502 reddat
3518 3461 3692 3518 poste-

2109 3543 2220 3590 rus,
2253 3536 2617 3600 terroremque
2647 3532 2721 3585 rei
2762 3543 2924 3600 geste
2960 3544 3166 3604 augeat,
3197 3537 3321 3590 dicit
3351 3556 3364 3592 :
3393 3537 3456 3591 In
3487 3541 3568 3594 die
3603 3543 3691 3594 illo

2109 3620 2244 3686 rupti
2271 3629 2385 3673 sunt
2411 3635 2582 3674 omnes
2611 3625 2773 3692 fontes
2802 3621 2987 3693 abyssi,
3007 3635 3054 3678 et
3068 3635 3336 3680 cataracta:
3360 3630 3472 3682 eali
3499 3642 3690 3698 aperta:

2107 3718 2254 3775 sunt,
2302 3711 2385 3764 l2.
2433 3721 2479 3764 et
2529 3713 2665 3780 facta
2711 3723 2783 3766 est
2829 3715 2997 3777 pluvia
3051 3733 3202 3784 super
3243 3728 3424 3772 terram
3465 3724 3687 3790 quadra-

2106 3803 2246 3872 ginta
2274 3804 2445 3856 diebus
2470 3813 2514 3856 et
2540 3806 2872 3876 quadraginta
2901 3807 3143 3864 noctibus.
3192 3809 3326 3866 Vide
3363 3823 3555 3882 quanta
3605 3816 3687 3871 di-

2107 3893 2258 3946 cemli
2288 3897 2724 3964 attemperatione
2766 3913 2904 3952 mmc
2933 3899 3092 3953 etiam
3141 3901 3304 3957 utitur
3347 3919 3500 3976 sacra
3541 3909 3686 3962 Scri-

2107 3995 2256 4054 ptura
2284 4004 2296 4040 :
2322 3989 2496 4041 omnia
2545 3990 2684 4042 enim
2717 3991 3004 4045 secundum
3035 3992 3318 4049 humanam
3348 3988 3688 4057 consitctudi-

2106 4093 2226 4131 nem
2268 4078 2512 4147 loquitur.
2560 4079 2672 4133 Non
2717 4081 2856 4149 quod
2891 4091 3169 4139 cataractae
3191 4085 3296 4140 sint
3327 4087 3376 4142 in
3403 4091 3557 4155 cmlo,
3593 4093 3685 4146 sed

2104 4169 2277 4222 omnia
2307 4171 2696 4238 perfamiliaris
2721 4173 2872 4227 nobis
2903 4176 3058 4228 verba
3083 4177 3335 4247 loquitur,
3365 4183 3512 4249 quasi
3536 4183 3681 4239 dicc-

2105 4269 2184 4314 ret
2219 4277 2231 4313 :
2267 4261 2526 4331 Praecepit
2568 4272 2767 4317 tantum
2811 4264 3084 4330 Dominus,
3129 4277 3181 4322 et
3206 4269 3385 4324 statim
3429 4285 3684 4340 aquarum

2104 4361 2290 4405 natura
2324 4352 2573 4408 mandato
2597 4353 2901 4410 Conditoris
2937 4356 3192 4425 obedivit,
3219 4368 3356 4415 etut
3391 4362 3646 4420 conﬂuxit
3669 4409 3684 4432 ,

2104 4453 2270 4498 totum
2296 4445 2479 4500 orbem
2508 4445 2796 4500 inundavit.
2815 4444 2932 4502 Jam
2962 4448 3102 4518 quod
3122 4450 3469 4523 quadraginta
3498 4452 3687 4512 diebus

2108 4536 2161 4584 et
2175 4530 2528 4601 quadraginta
2544 4534 2793 4589 noctibus
2806 4534 3082 4590 inductum
3099 4538 3527 4604 estdiluvium,et
3541 4544 3682 4598 istud

2108 4613 2285 4684 ipsum
2308 4615 2570 4671 bonitatis
2589 4618 2883 4671 maximum
2903 4619 3176 4687 specimen
3191 4620 3682 4678 est.Volebatenim

2109 4713 2329 4774 propter
2349 4722 2598 4776 magnam
2616 4707 3271 4774 misericordiam,saltem
3297 4713 3509 4783 aliquos
3527 4729 3589 4767 ex
3604 4715 3684 4769 eis

2109 4794 2406 4863 castigatos
2441 4796 2750 4864 generalem
2795 4799 2932 4851 hanc
2959 4798 3384 4856 internecionem
3423 4803 3677 4873 etingere,

2107 4898 2230 4938 cum
2244 4893 2370 4939 ante
2386 4885 2577 4940 oculos
2600 4886 2845 4942 viderent
2859 4896 2909 4942 et
2921 4905 3255 4960 congeneres
3271 4909 3403 4949 suos
3420 4895 3677 4965 perire,ct

2107 4977 2500 5032 immineresibi
2531 4993 2872 5034 connnunem
2890 4982 3507 5041 interitum.Verisitnite
3532 4988 3675 5041 enim

2103 5077 2186 5124 est
2201 5069 2378 5138 primo
2395 5070 2483 5125 die
2502 5071 2694 5125 bonam
2714 5072 2949 5142 aliquam
2977 5085 3184 5145 partem
3199 5077 3404 5132 diluvio
3426 5079 3674 5149 periisse,

2102 5166 2155 5211 et
2178 5159 2423 5213 secundo
2443 5161 2530 5215 die
2549 5163 2858 5218 accrevissc
2881 5165 3086 5236 aliquid
3105 5169 3292 5224 diluvii
3313 5188 3330 5225 :
3350 5178 3404 5224 et
3425 5171 3678 5225 similiter

2103 5247 2191 5301 die
2221 5250 2404 5316 tertio,
2423 5260 2479 5306 et
2501 5253 2930 5325 reliquis.Atque
2958 5256 3077 5312 ideo
3100 5259 3152 5312 in
3177 5258 3535 5330 quadraginta
3558 5259 3677 5315 dies

2101 5349 2155 5394 et
2187 5340 2548 5413 quadraginta
2573 5354 2763 5399 noctes
2785 5347 3064 5415 produxit,
3086 5356 3145 5400 nt
3169 5363 3385 5405 omnem
3410 5349 3675 5405 delensio-

2103 5431 2189 5485 nis
2203 5433 2486 5488 obtentum
2513 5435 2793 5491 adimeret.
2817 5436 2950 5492 Nam
2981 5438 3026 5492 si
3048 5440 3488 5511 voluissetatque
3515 5442 3678 5512 impe-

415 5538 692 5595 iaciamus.
721 5541 859 5597 Nihil
887 5543 1029 5598 enim
1061 5549 1164 5607 est,
1195 5540 1336 5613 quod
1366 5542 1436 5596 ita
1467 5541 1614 5596 illum
1642 5540 1921 5600 cxbilaret.
1947 5551 2003 5595 ut

2114 5532 2296 5587 rassct,
2322 5527 2590 5594 potuisset
2616 5529 2796 5582 omnia
2824 5529 2876 5582 in
2917 5545 3024 5584 uno
3048 5540 3326 5585 momento
3363 5532 3627 5588 inundare
3659 5554 3673 5589 :

416 5634 696 5689 conversio
726 5642 927 5701 nostra,
946 5644 1000 5688 et
1025 5649 1053 5688 a
1082 5641 1301 5704 peccato
1329 5635 1395 5690 ad
1424 5635 1676 5690 virtutem
1702 5649 1999 5704 regressus.

414 5714 797 5777 Animadverte
826 5725 984 5796 igitur
1009 5725 1278 5797 quomodo
1304 5735 1358 5784 ct
1378 5725 1600 5784 istorum
1630 5729 1996 5801 aegritudinem

2103 5617 2196 5671 sed
2213 5629 2311 5686 pro
2330 5632 2426 5672 sua
2454 5619 2741 5673 clementia
2767 5628 2916 5674 tanta
2933 5622 3144 5678 dierum
3159 5622 3518 5680 diuturnitate
3543 5640 3677 5681 usus

2101 5717 2205 5766 est.
2240 5708 2442 5766 Deinde
2471 5711 2601 5766 dicit
2637 5731 2648 5765 :
2686 5712 2769 5766 15.
2799 5711 2863 5768 1η
2897 5716 2984 5770 die
3007 5716 3107 5771 illa
3132 5715 3352 5770 intravit
3370 5718 3482 5773 Noe
3506 5718 3560 5773 in
3587 5726 3679 5771 ar-
