4102 6204
419 233 525 290 9'25

414 379 542 425 cum,
575 371 620 414 et
646 360 785 424 Sem,
805 368 849 412 et
874 357 1054 425 Cltam,
1084 366 1128 411 et
1147 355 1394 427 Japlteth,
1429 365 1474 411 et
1497 371 1623 410 uxor
1660 354 1789 421 Noe,
1821 363 1868 408 et
1903 364 2002 411 tres

415 467 594 506 uxores
634 449 858 518 ﬁliorum
900 447 1180 516 illius,H.
1227 457 1274 502 et
1315 463 1489 501 omnes
1522 446 1690 500 bestia:
1731 444 1988 500 secundun

414 559 590 612 genus,
621 541 707 596 16.
743 541 874 595 sicut
902 550 1210 611 praeceperat
1239 539 1486 594 Dominus
1513 538 1652 592 Deus
1674 535 1806 592 Noe.
1825 537 2004 604 Quan-

411 635 520 700 do,
568 633 772 702 inquit,
823 632 986 701 coepit
1033 633 1290 686 diluvium
1335 629 1626 686 secundum
1677 638 1998 699 praeceptum

415 725 642 792 Domini,
676 726 888 780 intravit
911 724 1024 780 Noe
1042 726 1091 778 in
1114 739 1290 779 arcam
1320 738 1440 776 cum
1471 722 1594 776 [iliis
1619 729 1672 776 et
1697 735 1860 776 uxore
1883 734 1998 784 sua,

409 827 462 872 ct
490 817 742 871 uxoribus
771 815 997 870 ﬁliorum
1035 829 1274 878 suorum,
1308 821 1362 868 et
1387 826 1573 867 omnes
1607 811 1788 867 bestia:
1813 824 2002 865 secun-

409 909 536 963 dum
560 923 752 978 genus.
790 904 859 961 Et
884 907 1084 972 clausit,
1113 906 1302 974 inquit,
1332 904 1584 958 Dominus
1629 901 1768 956 Deus
1811 899 2000 971 deforis

409 1001 519 1068 ejus
543 1014 736 1052 arcam.

482 1089 535 1143 4.
568 1087 945 1143 Animadverte
990 1088 1150 1142 etiam
1181 1086 1268 1141 hic
1308 1085 1456 1140 verbi
1482 1085 1547 1139 ad
1579 1092 1816 1139 nostram
1847 1081 2000 1138 infir-

414 1181 649 1234 mitatem
677 1177 1245 1234 accommodationem.
1276 1175 1479 1231 Clausit
1519 1175 1659 1230 Deus
1706 1174 2000 1229 forinsecus

415 1271 554 1324 illius
573 1285 773 1334 arcam,
808 1278 864 1323 ut
904 1268 1092 1323 doceat
1137 1283 1195 1322 se
1235 1268 1287 1321 in
1335 1281 1522 1337 magna
1567 1265 1851 1320 securitate
1903 1277 2000 1334 po-

411 1364 582 1418 suisse
621 1361 845 1432 justum.
880 1361 1003 1415 Ideo
1029 1361 1122 1426 ait,
1156 1359 1368 1426 Clausit,
1399 1367 1452 1413 et
1476 1358 1643 1423 addit,
1675 1356 1895 1426 Deforis,
1928 1355 2000 1410 ita

414 1465 470 1510 ut
495 1471 598 1510 non
628 1461 808 1524 posset
831 1455 1012 1507 videre
1036 1453 1212 1522 justus
1240 1451 1542 1522 generalem
1571 1449 1810 1504 omnium
1858 1449 1998 1502 inte-

413 1547 593 1612 ritum,
626 1545 767 1600 unde
802 1544 991 1614 majori
1037 1543 1225 1597 dolore
1256 1543 1368 1612 ipse
1392 1539 1763 1595 conﬁceretur.
1791 1537 1924 1592 Nam
1954 1535 2001 1590 si

411 1654 592 1695 secum
617 1639 794 1691 animo
815 1645 1114 1707 reputasset
1134 1635 1520 1689 atrocissimam
1545 1632 1686 1686 illam
1711 1639 1999 1700 tempesta-

414 1738 540 1792 tem,
561 1727 1034 1797 descripsissetquc
1081 1727 1132 1779 in
1161 1732 1341 1780 mente
1380 1723 1594 1778 humani
1624 1723 1835 1792 generis
1875 1735 1998 1790 per-

412 1821 689 1886 ditionem,
718 1833 1054 1873 communem
1078 1817 1350 1872 brutorum
1382 1815 1620 1870 omnium
1649 1814 1919 1869 interitum
1946 1824 2000 1868 et

413 1911 689 1966 hominum
731 1918 784 1964 et
822 1907 1208 1978 jumentorum,
1251 1916 1305 1962 et
1330 1906 1495 1976 ipsius
1524 1915 1699 1971 terra},
1732 1912 1789 1958 ut
1819 1904 1890 1958 ita
1921 1903 2002 1958 di-

411 2019 552 2068 cam,
583 2000 951 2067 abolitionem,
984 1998 1237 2054 maastitia
1279 2006 1576 2066 correptus,
1607 2005 1660 2050 et
1689 1994 1845 2050 valde
1890 2004 2001 2049 tur-

413 2095 566 2149 batus
607 2092 817 2148 fuisset.
865 2089 1193 2160 Quamquam
1240 2088 1382 2144 enim
1433 2095 1586 2142 erant
1628 2085 1882 2156 improbi,
1911 2085 2000 2154 qui

411 2187 676 2258 peribant,
713 2193 948 2238 attamen
999 2183 1259 2237 bonorum
1296 2181 1530 2236 virorum
1577 2179 1768 2234 anima:
1811 2192 1998 2248 magna

411 2277 878 2333 commiseratione
918 2273 1057 2328 afﬁci
1084 2273 1279 2340 solent,
1307 2272 1352 2326 si
1376 2269 1588 2341 quando
1618 2268 1800 2324 vident
1826 2268 2000 2338 puniri

414 2370 686 2434 homines;
713 2377 766 2423 et
791 2367 1029 2422 invenies
1056 2381 1244 2422 omnes
1275 2364 1558 2434 prOphetas
1586 2371 1639 2418 et
1659 2361 1834 2432 justos
1880 2361 1998 2430 plu-

413 2463 604 2516 rimum
629 2475 727 2531 pro
754 2459 859 2514 illis
891 2460 1000 2513 Deo
1029 2458 1352 2528 supplicare,
1397 2455 1534 2510 sicut
1576 2452 1872 2524 patriarcha
1905 2466 2001 2522 pro

410 2551 701 2609 Sodomitis
747 2549 973 2606 faciebat
1000 2548 1151 2623 (Gen.
1201 2547 1288 2602 18.
1335 2546 1449 2616 25).
1491 2544 1630 2600 sicut
1671 2543 1830 2599 etiam
1878 2557 2002 2613 pro-

412 2644 584 2714 pheta:
609 2642 860 2698 continuo
887 2639 1062 2694 facere
1089 2637 1346 2693 solebant.
1379 2635 1590 2691 Etenim
1619 2649 1756 2689 unus
1785 2633 1998 2704 quidem

411 2736 622 2792 dicebat
653 2752 666 2788 :
703 2733 820 2788 IIeu
848 2732 989 2797 mihi,
1017 2731 1252 2796 Domine,
1281 2729 1468 2783 delebis
1492 2738 1544 2781 tu
1569 2727 1804 2798 reliquias
1833 2723 2003 2780 Israel

413 2825 622 2898 (Ezech.
649 2823 702 2879 9.
727 2823 819 2893 8)?
848 2823 984 2877 alius
1006 2831 1184 2875 autem
1232 2820 1306 2873 ait
1337 2837 1348 2872 :
1380 2817 1561 2872 Facies
1605 2818 1828 2871 homines
1871 2816 2001 2870 sicut

415 2917 572 2987 pisces
599 2915 775 2980 maris,
800 2931 900 2966 non
930 2913 1165 2966 habentes
1192 2910 1366 2963 ducem
1395 2909 1574 2980 (Abas.
1603 2910 1653 2963 1.
1685 2909 1774 2978 14)
1795 2907 1818 2959 ?
1841 2906 2002 2976 Igitur

412 3006 536 3076 quia
582 3004 814 3074 alioquin
854 3003 1030 3074 justus
1070 3001 1494 3056 coufundebatur
1514 3008 1711 3064 mente,
1739 3007 1792 3052 et
1823 2996 2003 3051 turba-

413 3099 588 3162 batur,
622 3113 688 3151 ne
715 3113 781 3152 ex
808 3097 922 3150 visu
943 3104 998 3150 et
1017 3093 1322 3166 spectaculo
1351 3092 1537 3161 majori
1569 3092 1776 3146 tristitia
1824 3090 2003 3144 afﬁce-

415 3202 581 3256 retur,
629 3191 683 3244 in
727 3203 848 3243 arca
892 3187 1037 3242 illum
1077 3187 1228 3258 quasi
1275 3187 1326 3240 in
1375 3199 1588 3240 carcere
1636 3183 1894 3244 includit.
1945 3193 2004 3236 ut

416 3298 482 3336 nc
506 3281 675 3336 oculis
700 3279 1112 3351 prospicientem
1159 3286 1330 3332 metus
1378 3275 1672 3331 invaderet.
1708 3273 2003 3329 Verisimile

422 3373 565 3428 enim
596 3379 699 3433 est.
727 3370 773 3425 si
804 3371 1024 3424 vidisset
1061 3367 1461 3423 inundationem
1503 3375 1579 3420 tot
1605 3380 1880 3436 aquarum,
1908 3380 2005 3419 au-

416 3466 558 3520 xium
589 3463 720 3528 fore,
750 3477 818 3518 ne
845 3471 899 3517 et
926 3463 1039 3531 ipse
1057 3461 1208 3531 aquis
1239 3459 1457 3529 periret.
1491 3459 1616 3529 Ejus
1644 3459 1802 3530 igitur
1821 3472 2002 3512 curam

413 3572 605 3627 gerens
635 3555 895 3624 benignus
928 3553 1092 3618 Dens,
1126 3566 1233 3606 non
1262 3550 1501 3620 permisit
1529 3551 1700 3620 ipsum
1732 3550 1815 3604 vel
1841 3564 2004 3619 aqua-

416 3663 532 3702 rum
549 3655 790 3716 spectare
811 3644 1090 3709 sievitiem,
1111 3643 1195 3698 vel
1213 3642 1394 3697 videre
1411 3640 1684 3695 hominum
1713 3640 2000 3706 excidium,

415 3748 470 3794 et
485 3751 820 3792 communem
841 3735 984 3789 orbis
1002 3733 1440 3788 internecionem.
1461 3732 1571 3802 Ego
1592 3740 1766 3786 autem
1790 3730 2004 3800 quando

419 3838 606 3898 reputo
634 3842 842 3882 mecum
879 3826 1005 3895 justi
1035 3825 1192 3892 hujus
1222 3824 1381 3878 vitam
1414 3823 1464 3876 in
1493 3837 1615 3877 arca
1636 3863 1651 3886 ,
1685 3822 2005 3889 obstupeseo

419 3932 472 3975 et
502 3921 686 3985 miror,
717 3919 1016 3988 iterumque
1042 3917 1134 3972 Dei
1179 3914 1478 3972 clementia:
1524 3922 1693 3969 totum
1732 3913 2001 3968 adseribo.

419 4014 550 4070 Nam
581 4013 680 4067 nisi
709 4012 796 4066 illa
823 4012 1194 4066 conﬁrmasset
1222 4009 1361 4064 illius
1405 4015 1658 4074 mentem,
1689 4015 1740 4061 et
1768 4004 2002 4060 difficilia

421 4103 554 4158 lovia
596 4101 832 4168 fecisset,
885 4097 1172 4169 quomodo,
1223 4097 1327 4163 dic,
1381 4110 1498 4163 oro,
1547 4095 1683 4150 ferre
1725 4095 2001 4166 potuisset,

422 4194 493 4250 ibi
523 4193 756 4248 inclusus
782 4191 930 4261 quasi
962 4190 1014 4242 in
1045 4187 1283 4242 custodia
1311 4185 1534 4256 quadam
1563 4194 1616 4240 et
1644 4185 1696 4240 in
1730 4195 1863 4240 tetro
1887 4200 2005 4240 car-

421 4287 584 4341 cere?
633 4281 930 4354 quomodo,
981 4293 1184 4350 quaeso,
1227 4278 1486 4348 potuisset
1527 4276 1781 4332 adversus
1830 4284 2006 4331 tantos

423 4374 674 4430 fluctuum
725 4374 953 4441 impetus
993 4369 1285 4424 obsistere?
1331 4367 1581 4421 Homines
1629 4367 1768 4422 enim
1817 4367 1905 4437 qui
1951 4367 2001 4421 in

424 4465 541 4519 navi
572 4472 715 4528 sunt,
745 4474 799 4516 et
833 4462 953 4516 velo
1002 4469 1239 4525 utuntur,
1289 4467 1342 4513 et
1370 4458 1772 4528 gubernatorem
1804 4457 1869 4511 ad
1899 4459 2006 4512 cla-

424 4570 550 4609 vum
599 4552 870 4608 sedentem
918 4550 1138 4613 vident,
1189 4557 1244 4603 ct
1290 4562 1385 4602 sua
1423 4559 1536 4602 arte
1581 4555 1860 4602 ventorum
1888 4549 1904 4579 ¹
1935 4548 1984 4602 vi

421 4645 766 4702 obsistentem
794 4683 808 4707 ,
851 4640 1106 4712 siquando
1163 4639 1414 4694 fluctuum
1461 4639 1639 4693 vident
1697 4637 1956 4692 insaniam
1985 4679 2001 4703 ,

423 4747 715 4794 enecantur
744 4745 908 4802 metu,
937 4743 992 4790 et
1018 4734 1085 4789 de
1131 4734 1301 4788 salute
1349 4747 1442 4786 sua
1483 4733 1862 4802 propemodum
1907 4732 2005 4787 de-

423 4836 685 4898 sperant:
729 4825 855 4895 quid
904 4826 1061 4894 igitur
1108 4823 1300 4879 dixerit
1338 4823 1528 4894 aliquis
1554 4823 1627 4879 de
1665 4823 1810 4892 justo
1855 4821 2005 4877 hoc?

421 4920 552 4977 Nam
593 4918 742 4990 quasi
785 4918 838 4972 in
877 4931 1113 4981 carcere,
1147 4925 1204 4970 ut
1231 4915 1361 4980 dixi,
1403 4915 1616 4980 sedens,
1664 4915 1786 4968 hinc
1804 4921 1858 4968 et
1883 4912 2006 4968 inde

425 5010 920 5076 t-ircumfercbatur,
947 5008 1333 5079 nequecazlum
1373 5007 1554 5062 videre
1576 5046 1591 5072 ,
1615 5021 1786 5076 neque
1829 5005 2006 5074 aliquo

425 5103 609 5158 oculos
654 5109 864 5156 vertere
892 5099 1098 5164 valens,
1130 5097 1224 5152 scd
1257 5098 1397 5152 intus
1438 5096 1732 5163 tenebatur,
1773 5095 2006 5165 nihilque

426 5208 646 5264 prorsus
670 5191 852 5246 videre
882 5197 1109 5260 poterat,
1140 5188 1280 5257 quod
1317 5187 1730 5243 consolationem
1773 5187 2004 5242 afferret.

431 5284 496 5337 Et
524 5283 556 5338 ii
575 5281 795 5352 quidem
826 5281 914 5350 qui
949 5280 1000 5334 in
1040 5278 1172 5333 mari
1216 5277 1500 5348 navigant,
1526 5277 1733 5332 etiamsi
1765 5277 1816 5331 in
1841 5277 2006 5330 altum

419 5381 713 5445 exsurgant
751 5372 940 5426 ﬂuctus
961 5409 978 5436 ,
1015 5378 1237 5438 possunt
1271 5366 1494 5423 subinde
1525 5367 1576 5421 in
1606 5367 1796 5422 caelum
1838 5368 2010 5439 suspi-

427 5481 569 5530 ccne,
594 5475 648 5520 et
676 5463 951 5520 cacumina
970 5461 1230 5516 montium
1248 5460 1448 5526 videre,
1464 5468 1519 5516 et
1533 5459 1773 5516 civitates
1783 5475 2009 5531 .magnas

430 5565 670 5624 spectare
691 5595 706 5621 ,
754 5555 937 5623 sicque
974 5553 1295 5621 aliquantam
1331 5551 1748 5608 consolationem
1776 5565 2005 5625 capere;

493 5669 512 5698 ¹
541 5674 684 5726 Unus,
708 5666 948 5716 tmdartsm
961 5677 980 5726 ;
1003 5663 1147 5720 alios,
1167 5662 1413 5724 ﬂuctuum.

1137 238 1192 294 S.
1233 236 1509 294 JOANNIS
1545 235 2025 294 CIIRYSOSTOMI
2067 234 2379 291 ARCHIEP.
2422 235 2958 294 CONSTANTINOP.

3591 237 3695 294 234

2109 353 2249 423 quod
2271 355 2313 408 si
2338 355 2548 424 gravior
2573 366 2624 410 et
2648 355 3027 411 intolerabilior
3051 353 3208 409 fuerit
3235 362 3542 424 tempestas,
3571 365 3696 426 post

2107 445 2290 501 decem
2316 447 2400 500 vel
2429 447 2584 516 paulo
2611 447 2788 516 plures
2809 447 2941 512 dies,
2966 457 3019 502 et
3043 454 3164 516 post
3187 447 3382 502 multas
3409 447 3526 502 illas
3555 458 3693 504 tem-

2108 546 2339 605 pestates
2374 545 2428 592 et
2465 538 2696 608 pericula
2722 579 2736 603 ,
2771 539 2824 593 in
2867 546 3064 592 terram
3103 537 3257 606 ejecti
3283 579 3298 605 ,
3335 547 3389 593 et
3420 539 3693 608 paululum

2107 627 2332 696 refecti,
2373 629 2612 683 omnium
2646 629 2852 684 illarum
2891 628 3250 684 molestiarum
3283 628 3690 684 obliviscuntur.

2108 718 2204 775 Hic
2227 729 2404 774 autem
2436 719 2569 775 nihil
2597 721 2720 784 tale,
2747 719 2840 775 sed
2867 735 3007 774 anno
3034 727 3144 775 toto
3172 735 3364 775 novum
3392 729 3445 775 et
3474 730 3693 791 stupen—

2107 811 2231 866 dum
2259 811 2406 866 illum
2436 827 2704 889 carcerem
2738 811 3088 879 inhabitabat,
3113 827 3284 882 neque
3309 827 3488 867 aerem
3515 813 3691 882 reSpi-

2106 919 2228 959 rare
2257 905 2460 958 valens.
2501 903 2779 971 Quomodo
2804 904 2945 958 enim
2977 903 3237 974 potuisset
3261 945 3277 969 ,
3305 917 3427 959 eum
3455 903 3694 972 undique

2105 1010 2226 1051 area
2244 996 2421 1051 clausa
2442 997 2620 1052 esset?
2641 995 2936 1064 Quomodo,
2956 1009 3158 1064 qumso,
3175 995 3406 1050 restitit?
3422 995 3693 1066 quomodo

2104 1087 2356 1142 duravit?
2397 1087 2526 1141 Nam
2566 1088 2610 1142 si
2652 1086 2824 1142 ferrea
2867 1096 2920 1142 et
2952 1085 3288 1141 adamantina
3328 1085 3435 1140 illis
3465 1086 3695 1141 fuissent

2106 1194 2329 1249 corpora
2356 1221 2368 1246 ,
2399 1179 2665 1250 quomodo
2702 1180 2996 1249 potuissent
3021 1220 3035 1243 ,
3066 1178 3156 1248 qui
3189 1193 3362 1248 neque
3391 1192 3516 1233 aere
3546 1176 3691 1232 fruc-

2105 1270 2296 1325 bantur
2321 1285 2491 1340 neque
2519 1279 2679 1324 vento
2702 1311 2716 1336 ,
2747 1270 2834 1339 qui
2865 1285 2973 1324 nrn
3005 1270 3176 1324 minus
3200 1285 3356 1338 quam
3385 1284 3479 1322 aer
3506 1268 3570 1322 ad
3605 1285 3691 1324 rc-

2105 1362 2384 1417 focillauda
2429 1377 2652 1432 corpora
2699 1373 2878 1418 nostra
2919 1361 3090 1417 factus
3131 1371 3214 1417 est
3239 1403 3253 1427 ,
3301 1376 3475 1432 neque
3505 1361 3690 1415 oculos

2104 1467 2326 1523 pascere
2355 1461 2600 1522 poterant
2625 1495 2638 1519 ,
2669 1462 2760 1509 aut
2789 1453 2904 1508 caeli
2928 1494 2943 1520 ,
2974 1462 3066 1508 aut
3095 1462 3254 1508 terra:
3285 1451 3503 1507 ﬂoribus
3534 1452 3689 1522 picta:

2104 1545 2449 1615 spectaculo?
2474 1545 2750 1613 Quomodo
2771 1561 2876 1602 non
2901 1547 3150 1600 exczecati
3181 1545 3322 1600 oculi
3345 1560 3526 1599 eorum
3551 1586 3568 1610 ,
3596 1543 3688 1614 qui

2107 1636 2304 1691 tamdiu
2328 1636 2396 1692 ibi
2420 1637 2680 1706 egerunt?
2706 1636 2772 1690 Et
2793 1637 2838 1690 si
2863 1635 3108 1690 humanis
3135 1634 3433 1690 rationibus
3461 1633 3573 1688 hmc
3593 1633 3688 1688 de-

2105 1727 2438 1797 prehendere
2468 1729 2711 1782 voluntus
2735 1767 2750 1792 ,
2781 1737 2834 1782 et
2861 1725 2987 1781 illud
3014 1724 3349 1796 cogitandum
3374 1765 3390 1790 ,
3419 1723 3560 1778 unde
3587 1724 3687 1776 llu-

2104 1818 2255 1873 vialis
2281 1829 2335 1874 et
2363 1817 2610 1888 potabilis
2637 1833 2786 1888 aqua:
2818 1817 3025 1887 copiam
3062 1815 3330 1870 habebant
3367 1815 3418 1868 in
3449 1828 3572 1868 arca
3613 1814 3690 1867 vi-

2103 1921 2307 1967 ventes.
2340 1912 2407 1965 Et
2435 1921 2490 1965 ut
2521 1911 2634 1966 haec
2660 1917 2994 1980 praeteream,
3023 1907 3290 1979 quomodo
3319 1907 3488 1976 potuit
3511 1906 3688 1975 justus

2104 2005 2192 2060 ille
2217 2019 2336 2060 cum
2364 2003 2482 2059 [iliis
2503 2012 2558 2058 et
2579 2003 2831 2058 uxoribus
2854 2001 3312 2057 conversationem
3335 2013 3455 2054 cum
3485 1997 3611 2054 feris
3635 2009 3690 2054 et

2104 2095 2221 2150 aliis
2249 2093 2563 2148 animalibus
2594 2094 2774 2148 ferre?
2802 2091 3070 2162 quomodo
3097 2091 3215 2146 tulit
3240 2089 3484 2146 faetorem
3507 2089 3529 2141 ?
3551 2103 3686 2159 quo-

2103 2183 2263 2240 modo
2285 2183 2400 2238 tulit
2421 2183 2522 2238 coh
2543 2183 2864 2238 .bitationem
2881 2181 2905 2234 ?
2925 2181 2992 2236 Et
3011 2197 3107 2238 cur
3122 2181 3222 2235 ista
3242 2179 3393 2235 dico?
3409 2180 3690 2246 Quomodo

2104 2275 2256 2330 bruta
2287 2275 2398 2343 ipsa
2433 2281 2718 2344 potuerunt
2745 2273 2970 2339 durare,
3003 2281 3058 2343 et
3095 2287 3200 2326 non
3241 2271 3414 2342 perire
3449 2271 3500 2324 in
3544 2279 3686 2325 tanta

2105 2365 2357 2434 temporis
2387 2361 2736 2434 longitudine,
2759 2377 2878 2433 qua:
2900 2377 3071 2433 neque
3099 2376 3277 2416 acrem
3305 2359 3571 2416 attrahere
3596 2376 3691 2416 va-

2103 2455 2303 2519 lebant,
2333 2470 2505 2526 neque
2530 2454 2752 2520 moveri,
2784 2453 2878 2508 sed
2907 2453 2960 2508 in
2985 2468 3092 2508 uno
3120 2453 3238 2508 loco
3266 2451 3689 2508 coercebantur?

2104 2547 2265 2602 Scitis
2294 2546 2434 2600 enim
2459 2587 2473 2612 ,
2507 2554 2561 2601 et
2591 2544 2756 2615 probe
2785 2544 2934 2599 scitis
2963 2543 3123 2598 talem
3147 2557 3267 2599 esse
3293 2551 3531 2598 uestram
3559 2542 3689 2596 bru-

2104 2646 2385 2708 torumque
2411 2648 2672 2702 naturam,
2705 2646 2760 2691 ut
2785 2636 2992 2690 etiamsi
3022 2650 3148 2691 aere
3174 2633 3431 2700 fruamur,
3462 2633 3688 2704 aliisque

2102 2730 2350 2786 omnibus
2372 2771 2388 2796 ,
2410 2729 2663 2784 continuo
2695 2737 2872 2783 autem
2910 2727 2964 2782 in
2987 2741 3094 2782 uno
3126 2728 3246 2782 loco
3271 2727 3437 2780 simus
3461 2724 3652 2781 inclusi
3671 2765 3686 2788 ,

2103 2820 2234 2874 nihil
2269 2819 2544 2890 prohibeat
2580 2817 2863 2888 quominus
2890 2830 3187 2888 pereamus.
3225 2815 3376 2872 Unde
3405 2815 3563 2886 igitur
3589 2829 3687 2885 po-

2104 2911 2203 2964 tuit
2222 2909 2394 2979 justus
2415 2923 2536 2964 cum
2562 2907 2808 2963 omnibus
2837 2907 2926 2978 qui
2965 2907 3020 2962 in
3056 2921 3179 2962 area
3208 2915 3360 2962 erant
3383 2945 3400 2971 ,
3423 2914 3569 2960 tanto
3592 2905 3690 2962 dn-

2105 3016 2224 3056 rare
2250 3001 2530 3071 tempore?
2554 2998 2669 3053 Non
2699 2998 2913 3054 aliunde
2937 3014 3096 3069 quam
3121 3013 3189 3054 ex
3223 3013 3450 3069 superna
3481 2997 3646 3070 gratia
3671 3039 3687 3063 ,

2103 3092 2189 3146 cui
2221 3091 2396 3146 omnia
2427 3098 2552 3145 sunt
2580 3089 2873 3160 possibilia.
2904 3091 3096 3145 Annon
3129 3104 3306 3144 arcam
3336 3089 3458 3145 hinc
3485 3102 3536 3146 et
3565 3089 3690 3145 inde

2105 3183 2328 3249 moveri,
2352 3190 2406 3238 et
2429 3199 2532 3237 non
2560 3181 2828 3253 submergi
2849 3197 2879 3236 a
2901 3190 3044 3237 tanta
3066 3197 3320 3253 aquarum
3342 3183 3413 3249 vi,
3436 3197 3557 3237 cum
3576 3181 3692 3236 nul-

2105 3277 2188 3333 lus
2213 3286 2358 3333 esset
2398 3276 2742 3348 gubernator,
2775 3291 3021 3347 supernae
3061 3286 3173 3331 erat
3202 3276 3360 3346 opis?
3399 3275 3512 3330 Non
3549 3276 3690 3336 cnim

2105 3370 2284 3427 dicere
2323 3379 2474 3440 potes
2520 3369 2681 3425 fuisse
2714 3383 2892 3424 arcam
2923 3369 2990 3422 ad
3031 3369 3249 3423 modum
3279 3369 3429 3422 navis
3453 3410 3468 3435 ,
3499 3376 3554 3422 ut
3579 3375 3693 3422 arte

2104 3461 2332 3532 quadam
2373 3461 2513 3515 illius
2557 3459 2658 3515 iter
2685 3459 2840 3530 dirigi
2870 3459 3120 3530 potuerit.
3152 3459 3290 3514 Area
3319 3469 3436 3514 erat
3460 3457 3693 3528 undique

2106 3553 2306 3608 munita
2333 3561 2421 3608 :et
2447 3559 2662 3622 propter
2691 3557 3011 3620 praeceptum
3029 3547 3354 3615 Conditoris,
3383 3563 3488 3603 non
3516 3548 3691 3602 solum

2107 3661 2222 3702 eam
2246 3644 2442 3700 laedere
2469 3657 2573 3698 non
2599 3642 2769 3712 potuit
2793 3655 3051 3711 aquarum
3078 3641 3330 3710 impetus,
3357 3639 3450 3695 sed
3481 3648 3535 3693 et
3563 3638 3691 3692 sub-

2106 3738 2285 3794 limior
2354 3737 2459 3792 illis
2522 3733 2662 3791 facta
2708 3732 3064 3790 inhabitantes
3111 3730 3397 3786 admodum
3473 3743 3694 3785 securos

2107 3827 2357 3885 reddidit.

2178 3917 2429 3974 Creatoris
2458 3916 2680 3986 potentia
2698 3911 3527 3983 incomprehensibilis.-Quando
3555 3911 3696 3966 Deus

2108 4018 2362 4080 operatur
2384 4007 2583 4078 aliquid
2607 4048 2622 4073 ,
2654 4005 2868 4074 dilecte,
2893 4005 3002 4060 noli
3032 4005 3263 4060 humana
3294 4003 3696 4060 ratiocinatione

2107 4099 2223 4169 ejus
2260 4113 2428 4168 opera
2475 4097 2754 4166 exquirere
2796 4113 2810 4151 :
2845 4095 3226 4150 transcendunt
3270 4094 3413 4151 enim
3459 4101 3692 4149 mentem

2108 4201 2343 4248 nostram
2365 4233 2379 4258 ,
2411 4198 2464 4246 et
2490 4203 2775 4259 numquam
2803 4195 2978 4258 potest
3003 4186 3232 4240 humana
3262 4185 3512 4256 cogitatio
3538 4185 3698 4238 attin-

2107 4299 2234 4355 gere
2273 4291 2329 4339 et
2354 4281 2812 4352 comprehendere
2848 4293 3032 4336 eorum
3055 4318 3074 4347 ,
3119 4293 3238 4350 qua:
3273 4291 3305 4332 a
3335 4277 3445 4332 Deo
3481 4275 3695 4332 condita

2107 4383 2249 4442 sunt,
2278 4374 2557 4430 rationem.

2178 4471 2233 4526 5.
2275 4467 2502 4524 Proinde
2527 4481 2620 4536 par
2641 4473 2742 4532 est,
2773 4478 2872 4519 nos
2897 4463 3172 4519 audientes
3198 4460 3337 4534 quod
3365 4461 3503 4516 Deus
3529 4459 3698 4529 impe-

2113 4562 2342 4626 raverit,
2375 4558 2592 4614 obedire
2631 4567 2685 4614 et
2711 4557 2934 4612 credere
2966 4557 3030 4610 iis
3057 4571 3175 4625 quae
3217 4555 3284 4609 ab
3311 4555 3402 4610 illo
3428 4553 3697 4611 dicuntur.

2108 4655 2238 4710 Nam
2267 4666 2386 4706 cum
2415 4648 2670 4703 Conditor
2697 4647 2764 4702 sit
2807 4655 3008 4701 natura:
3033 4687 3047 4710 ,
3079 4645 3256 4699 omnia
3292 4653 3605 4698 transmutat
3645 4650 3697 4697 ct

2111 4741 2450 4799 transformat
2478 4746 2634 4809 prout
2681 4738 2780 4793 sibi
2826 4736 3052 4791 videtur.
3112 4735 3177 4790 Et
3221 4737 3404 4789 clausit
3450 4735 3699 4789 Dominus

2110 4835 2249 4890 Deus
2293 4831 2482 4901 deforis
2530 4829 2668 4883 illius
2707 4845 2897 4882 aream.
2931 4828 3115 4898 Magna
3163 4827 3318 4896 hujus
3357 4827 3487 4897 justi
3531 4827 3700 4882 virtus

2112 4927 2243 4990 fuit,
2271 4934 2324 4978 et
2351 4923 2470 4978 fidei
2500 4922 2832 4978 excellentia.
2869 4920 2957 4975 Illa
2990 4922 3100 4990 ipsa
3127 4921 3269 4974 enim
3294 4961 3308 4984 ,
3337 4929 3395 4973 ut
3420 4933 3540 4973 arca
3565 4934 3696 4973 con-

2110 5026 2404 5073 strueretur
2422 5055 2438 5081 ,
2468 5014 2660 5078 cll‘rcit,
2685 5022 2742 5067 ut
2763 5013 2917 5067 talem
2943 5011 3321 5066 habitationem
3349 5027 3499 5079 inquo
3519 5011 3699 5065 animo

2112 5110 2311 5164 ferrent
2335 5106 2873 5175 coarctationemque,
2897 5113 2952 5159 et
2975 5103 3135 5157 vitam
3160 5117 3280 5156 cum
3305 5101 3431 5156 feris
3455 5100 3699 5171 reliquis-

2110 5215 2213 5271 que
2239 5199 2408 5254 brutis
2432 5197 2750 5251 animalibus
2774 5195 3116 5249 sustinerent.
3147 5193 3280 5247 lline
3301 5201 3383 5247 est
3407 5191 3546 5261 quod
3575 5192 3699 5246 bea-

2113 5302 2199 5345 tus
2226 5289 2418 5345 Paulus
2449 5288 2563 5356 ejus
2602 5287 2869 5341 mentione
2895 5284 3025 5338 facta
3055 5283 3351 5352 prmdicans
3377 5283 3525 5336 illum
3551 5323 3564 5344 ,
3592 5282 3697 5336 cla-

2114 5381 2292 5436 mabat
2315 5380 2498 5435 dicens
2529 5396 2542 5434 :
2576 5377 2707 5432 Fide
2731 5377 2937 5430 oraculo
2961 5375 3248 5430 admonitus
3276 5373 3390 5427 Noe
3422 5375 3483 5428 de
3506 5373 3568 5427 iis
3587 5389 3700 5441 qua:

2113 5472 2340 5529 nondum
2367 5469 2680 5536 uidebantur,
2711 5478 2932 5522 metuens
2957 5465 3148 5536 aptavit
3181 5481 3353 5518 arcam
3383 5464 3452 5518 ad
3483 5465 3700 5518 salutem

2114 5564 2294 5619 domus
2317 5577 2463 5628 suae;
2491 5577 2580 5631 per
2607 5575 2759 5630 quam
2808 5557 3154 5612 condemnavit
3190 5555 3432 5608 nmndum
3454 5595 3468 5620 ,
3515 5565 3563 5609 et
3591 5556 3699 5623 ejus

2115 5673 2228 5730 qua
2283 5653 2554 5710 secundum
2621 5649 2772 5720 [idem
2819 5657 2892 5707 est
2921 5645 3150 5717 justitim
3210 5649 3374 5720 [actus
3432 5660 3505 5704 est
3559 5654 3696 5703 lieres
