4102 6204
370 253 476 308 2'25

372 368 598 435 κόσμον,
628 362 722 416 καὶ
750 360 846 430 τῆς
872 358 1015 413 κατά
1055 356 1237 412 πίστιν
1267 354 1608 426 δικαιοσύνης
1649 353 1864 422 ἐγένετο
1898 353 2026 424 κλη-
2076 367 2086 371 ·

374 453 618 523 ρονόμος.
662 443 810 509 Εἶδες
851 444 966 508 πῶς
1014 445 1047 515 ή
1082 444 1264 508 πίστις
1303 446 1339 515 ή
1377 446 1455 508 είς
1496 443 1585 495 τὸν
1618 442 1749 495 Θεὸν
1782 440 2024 511 καθάπερ

372 538 588 608 ἄγκυρά
623 551 707 597 τις
738 531 987 602 ἀσφαλὴς
1026 531 1434 603 παρεσκεύασεν
1468 529 1649 593 αὐτὸν,
1682 528 1776 583 καὶ
1818 528 1916 599 τῆς
1944 545 2020 581 κι-

371 623 544 679 ϐωτοῦ
592 621 690 692 τὴν
734 618 1075 690 κατασκευὴν
1115 618 1461 691 ποιήσασθαι,
1496 617 1590 670 καὶ
1631 616 1731 686 τῆς
1770 617 2028 687 οἰκήσεως

370 710 731 783 άνασχέσθαι;
771 708 919 779 Αὕτη
940 708 1051 779 γὰρ
1072 707 1219 778 αὐτῷ
1245 707 1338 760 καὶ
1358 707 1455 777 τῆς
1481 705 1753 776 σωτηρίας
1781 704 2028 768 ὑπόθεσις

371 801 585 870 γέγονε,
620 814 638 848 ι
677 797 754 850 Δι’
777 790 864 867 ἧς,
911 794 1066 864 φησὶ,
1104 793 1394 865 κατέκρινε
1427 792 1515 845 τὸν
1562 791 1787 861 κόσμον,
1813 790 2028 860 καὶτῆς

371 887 513 942 κατὰ
585 885 768 939 πίστιν
811 880 1155 952 δικαιοσύνης
1207 881 1420 950 ἐγένετο
1469 877 1829 949 κληρονόμοςο
1867 896 1886 928 ι
1933 876 2027 932 οὐκ

371 973 559 1048 ἐπειδὴ
606 972 766 1035 αὐτὸς
819 968 990 1042 [258]
1034 969 1266 1042 ἔκρινεν,
1307 966 1422 1020 ἀλλ’
1455 964 1643 1036 ἐπειδὴ
1693 966 1722 1018 6
1758 964 2028 1034 Δεσπότης

372 1061 709 1132 συγκρίσεως
759 1057 858 1129 τὴν
905 1055 1235 1127 κατάκρισιν
1280 1053 1509 1122 ἐπάγεν
1568 1051 1675 1104 τῶν
1704 1051 1814 1121 γὰρ
1855 1049 2029 1102 αὐτῶν

370 1147 776 1210 ἀπολαύσαντες
810 1144 884 1215 τῷ
914 1144 1128 1215 δικαίῳ,
1157 1142 1217 1196 ού
1248 1142 1345 1211 τὴν
1376 1139 1543 1211 αὐτὴν
1576 1138 1725 1209 αὐτῷ
1771 1135 2030 1208 μετῆλθον

371 1237 471 1307 τῆς
503 1235 704 1306 ἀρετῆς
736 1233 855 1287 ὀδόν
880 1249 892 1261 ·
925 1230 1014 1285 διὰ
1039 1230 1137 1302 τῆς
1163 1229 1397 1290 πίστεως
1430 1228 1526 1297 μέν
1550 1237 1574 1260 ⁸
1604 1222 1718 1288 οὖν,
1742 1227 1806 1295 ἢν
1829 1224 2033 1276 ἐπεδεί-

373 1327 522 1394 ξατο,
572 1324 891 1394 κατέκρινεν
932 1320 1173 1381 ἐκείνους
1218 1319 1344 1380 τοὺς
1393 1315 1591 1386 πολλὴν
1637 1315 1737 1385 τὴν
1781 1312 2035 1367 ἀπιστίαν

374 1411 839 1481 ἐπιδειξαμένους,
899 1407 995 1460 καὶ
1035 1405 1110 1477 μὴ
1153 1404 1550 1465 πιστεύσαντας
1594 1404 1661 1472 τῇ
1710 1401 2031 1471 προρρήσει.

387 1497 527 1568 Ἐγὼ
563 1497 620 1551 δέ
674 1496 812 1566 μετά
857 1493 1073 1547 πάντων
1114 1491 1208 1545 καλ⁵
1262 1491 1355 1544 τοῦ
1410 1490 1616 1544 δικαίου
1664 1487 2035 1558 ἐκπλήττομαι

371 1587 472 1657 τὴν
509 1584 729 1655 ἀρετὴν,
766 1582 982 1637 καὶτοῦ
1014 1580 1284 1632 Δεσπότου
1325 1577 1422 1649 τὴν
1461 1576 1768 1646 ἀγαθότητα
1807 1574 1901 1627 καὶ
1936 1572 2035 1641 τὴν

373 1673 578 1743 ἄφατον
595 1670 785 1740 φιλανθ
795 1669 1021 1741 ρωπίαν,
1034 1668 1160 1721 ὅταν
1185 1667 1420 1737 ἐννοήσω
1440 1664 1557 1727 πῶς
1576 1662 1813 1733 ήδυνήθη
1834 1660 2034 1731 μεταξὺ

372 1760 482 1813 τῶν
514 1759 715 1831 θηρίων
764 1758 992 1825 διάγειν,
1030 1755 1139 1809 τῶν
1170 1754 1399 1807 λεόντων
1428 1747 1591 1820 λέγω,
1626 1750 1722 1805 καὶ
1752 1748 1862 1804 τῶν
1895 1764 2037 1818 παρ-

373 1849 596 1910 δάλεων,
626 1846 718 1901 καὶ
764 1844 873 1898 τῶν
904 1843 1144 1917 ἄρκτων,
1190 1841 1287 1896 καὶ
1325 1839 1435 1894 τῶν
1463 1838 1665 1893 λοιπῶν
1691 1838 1798 1891 τῶν
1829 1834 2035 1907 ἀγρίων

376 1938 471 1993 καὶ
504 1937 568 1990 ἀτ
575 1934 623 1989 ιθ
630 1934 828 1988 άσσων.

460 2020 861 2094 ’Δναμνήσθητί
905 2035 995 2090 μοι
1036 2015 1292 2080 ἐνταῦθα,
1320 2013 1590 2084 ἀγαπητὴ
1632 2013 1733 2083 τῆς
1767 2009 1925 2077 ἀξίας
1968 2005 2037 2081 ἦς

374 2115 655 2184 ἀπήλαυεν
679 2113 709 2164 6
747 2108 1171 2181 πρωτόπλαστος
1202 2106 1310 2176 πρὸ
1339 2106 1435 2173 τῆς
1476 2102 1782 2174 παρακοῆς,
1825 2103 1919 2155 καὶ
1951 2101 2033 2153 λο·

375 2200 530 2269 γίζου
572 2198 668 2252 τοῦ
707 2194 842 2251 Θεοῦ
877 2196 978 2266 τὴν
1021 2194 1351 2263 ἀγαθότητα.
1389 2190 1605 2259 Ἐπειδὴ
1636 2188 1743 2260 γάρ
1786 2189 1819 2259 ὴ
1860 2189 2036 2258 παρά-

377 2288 534 2350 ϐασις
555 2286 765 2339 ἐκείνου
784 2281 1167 2354 ήκρωτηρίασε
1186 2279 1282 2350 τὴν
1298 2277 1589 2348 δεδομένην
1609 2273 1875 2339 ἐξουσίαν,
1911 2270 2036 2346 εὗρε

374 2375 435 2430 δὲ
467 2376 496 2427 6
525 2372 728 2441 ἀγαθὸς
752 2370 1029 2438 Δεσπότης
1054 2368 1240 2438 ἕτερον
1262 2364 1430 2435 ἄνδρα
1458 2364 1754 2434 δυνάμενον
1782 2361 2040 2416 ἀνακαλέ-

379 2459 572 2515 σασθαι
584 2458 680 2530 τὴν
694 2455 924 2528 ἀρχαίαν
940 2454 1240 2516 είκόνα,καὶ
1249 2452 1278 2504 δ
1284 2448 1580 2515 ιασώζοντα
1592 2450 1693 2521 τῆς
1705 2450 1903 2522 ἀρετῆς
1913 2450 2039 2512 τοὺς

377 2547 749 2618 χαρακτῆρας,
780 2543 875 2598 καὶ
898 2540 1097 2613 πολλὴν
1139 2540 1266 2611 περὶ
1296 2538 1394 2602 τὰς
1415 2537 1633 2601 ἐντολάς
1668 2538 1765 2607 τὴν
1795 2534 2040 2607 ὑπακοὴν

380 2634 837 2703 ἐπιδεικνύμενον,
854 2631 1012 2683 πάλιν
1030 2631 1109 2692 είς
1123 2628 1221 2697 τὴν
1237 2625 1467 2697 ἀρχαίαν
1479 2625 1641 2696 τιμὴν
1657 2623 1815 2678 αὑτὸν
1828 2624 2037 2691 ἀνάγει,

382 2722 662 2794 μονονουχὶ
692 2720 956 2774 διδάσκων
976 2717 1126 2787 ἡμᾶς
1146 2714 1213 2767 δι’
1240 2712 1421 2766 αὐτῶν
1452 2713 1560 2765 τῶν
1581 2712 1919 2784 πραγμάτων
1942 2710 2041 2780 τῆς

354 2800 362 2805 ’
379 2809 625 2874 ἐξουσίας
640 2806 734 2860 τοῦ
750 2804 920 2875 ’Δδάμ
932 2803 992 2856 τὸ
1017 2800 1266 2874 μέγεθος,
1282 2799 1349 2870 ἢν
1370 2794 1485 2869 εἶχε
1502 2798 1608 2870 πρὸ
1622 2799 1721 2868 τῆς
1738 2797 2055 2869 παρακοῆς.⁶

391 2896 456 2948 Ἦ
468 2894 637 2966 ἀρετὴ
648 2894 825 2947 τοίνυν
833 2890 928 2945 τοῦ
944 2889 1153 2944 δικαίου
1170 2886 1534 2957 ἐπιλαϐομένη
1556 2885 1656 2955 τῆς
1676 2884 1766 2937 τοῦ
1785 2883 1918 2938 Θεοῦ
1933 2882 2045 2954 φιλ·

380 2980 710 3054 ανθρωπίας,
745 2976 1106 3033 ἀνεκαλέσατο
1124 2975 1223 3045 τὴν
1263 2972 1531 3044 προτέραν
1552 2972 1745 3043 ἀρχὴν,
1769 2971 1863 3024 καὶ
1884 2969 2043 3024 πάλιν

381 3070 451 3123 τὰ
476 3067 638 3139 θηρία
664 3064 763 3136 τὴν
806 3062 1084 3133 ὑποταγὴν
1113 3061 1496 3130 ἐπεγίνωσκον.
1533 3056 1701 3111 Ἔνθα
1730 3056 1839 3129 γάρ
1864 3056 1929 3110 ἂν
1960 3056 2043 3128 ἴδῃ

383 3157 547 3229 θηρία
565 3154 790 3218 δίκαιον,
805 3148 1213 3204 ἐπιλανθάνεται
1234 3148 1334 3217 τῆς
1356 3144 1563 3209 οίκείας
1587 3145 1820 3213 φύσεως,
1848 3144 2044 3215 μᾶλλον

380 3245 439 3298 δὲ
466 3243 527 3296 οὐ
555 3240 654 3310 τῆς
695 3237 928 3307 φύσεως,
955 3234 1091 3288 ἀλλὰ
1124 3233 1223 3305 τῆς
1249 3232 1561 3304 θηριώδεας,
1604 3232 1697 3284 καὶ
1732 3230 1959 3301 μένοντα
1988 3231 2044 3284 ἐν

381 3332 449 3400 τῇ
476 3327 635 3397 φύσει
658 3326 759 3395 τὴν
788 3321 1079 3393 θηριωδίαν
1120 3322 1198 3384 εἰς
1228 3318 1327 3391 τὴν
1357 3319 1668 3390 ἡμερότητα
1700 3312 2061 3389 Peneius“:

384 3416 491 3471 Καὶ
521 3416 624 3486 δρα
653 3411 810 3471 τοῦτο
835 3408 925 3464 ἐπὶ
953 3406 1047 3461 τοῦ
1075 3406 1269 3477 Δανιὴλ
1306 3405 1604 3476 γινόμενον.
1637 3404 1772 3457 Ὑπὸ
1800 3404 1907 3477 γὰρ
1937 3403 2046 3460 τῶν

383 3503 608 3557 λεόντων
640 3497 1023 3567 κυκλούμενος,
1054 3494 1243 3563 ῶσπερ
1280 3493 1385 3546 ὑπὸ
1411 3491 1696 3564 προϐάτων
1722 3492 2047 3564 δορυφορού-

388 3607 564 3660 μενος,
590 3587 761 3650 οὕτως
787 3583 956 3647 ἀδεῶς
980 3582 1164 3651 διῆγεν
1182 3597 1196 3611 ο
1227 3581 1260 3651 ή
1288 3580 1395 3651 γὰρ
1416 3578 1511 3632 τοῦ
1531 3579 1741 3633 δικαίου
1766 3579 2046 3651 παρρησία

384 3677 629 3748 ἐχαλίνου
677 3672 784 3727 τῶν
822 3670 1028 3742 θηρίων
1063 3668 1162 3737 τὴν
1195 3667 1386 3737 φύσιν,
1428 3665 1524 3721 καὶ
1565 3666 1667 3720 οὐκ
1710 3667 1798 3720 εἷα
1835 3667 1904 3721 τὰ
1937 3667 2046 3722 τῶν

385 3763 590 3835 θηρίων
640 3760 833 3822 αὐτοὺς
889 3754 1314 3810 ἐπιδείκνυσθαι.
1367 3754 1471 3807 Τὸν
1511 3753 1674 3807 αὐτὸν
1734 3753 1800 3825 δὴ
1847 3754 2047 3824 τρόπον

382 3852 415 3905 6
445 3848 744 3920 θαυμάσιος
769 3838 924 3907 οὗτος
949 3843 1047 3914 τὴν
1084 3843 1220 3913 μετὰ
1257 3842 1363 3895 τῶν
1394 3840 1598 3912 θηρίων
1623 3840 1898 3912 διαγωγὴν
1930 3844 2047 3912 μετ’

384 3937 635 4000 εὐκολίας
658 3934 840 4005 ἔφερε,
875 3932 968 3986 καὶ
1000 3929 1123 3985 οὔτε
1147 3931 1181 4000 ή
1217 3928 1565 3999 στενοχωρία,
1593 3926 1715 3981 οὔτε
1738 3930 1772 3998 ή
1801 3927 1895 3981 τοῦ
1919 3929 2048 4000 χρό-

384 4041 478 4079 νου
510 4022 836 4094 παράτασις,
865 4018 989 4073 οὔτε
1027 4018 1089 4070 τὸ
1128 4016 1299 4079 οὕτως
1333 4014 1741 4083 ἐγκεκλεῖσθαι,
1775 4016 1871 4069 καὶ
1911 4018 2048 4087 μήτε

384 4111 475 4166 τὸν
502 4112 638 4182 ἀέρα
660 4110 918 4164 ἀναπνεῖν
949 4104 1224 4176 ναρκῆσαι
1265 4102 1426 4157 αὐτὸν
1457 4100 1886 4172 παρεσκεύασεν,
1915 4103 2050 4157 ἀλλά

383 4197 452 4267 τῇ
486 4193 666 4247 πίστει
689 4194 755 4262 τῇ
780 4192 860 4254 είς
882 4188 974 4242 τὸν
999 4188 1131 4242 Θεὸν
1160 4187 1375 4241 ἅπαντα
1400 4185 1575 4255 κοῦφα
1604 4185 1753 4257 αὐτῷ
1779 4185 2046 4257 ἐφαίνετο,

387 4286 482 4339 καὶ
528 4282 668 4336 οὕτω
699 4279 884 4349 διῆγεν
928 4278 987 4330 ἐν
1024 4274 1102 4346 τῷ
1149 4274 1369 4345 χαλεπῷ
1417 4274 1608 4345 ἐκείνῳ
1657 4274 2048 4347 δεσμωτηρίῳ,

385 4371 587 4425 ὡσανεὶ
614 4370 775 4438 ἡμεῖς
809 4367 867 4418 ἐν
892 4362 1121 4434 λειμῶσι
1159 4362 1255 4415 καὶ
1281 4362 1575 4433 δενδρικοῖς
1598 4362 1799 4426 τόποις.
1837 4363 1913 4416 Τὸ
1943 4364 2051 4435 γάρ

387 4458 667 4526 ἐπίταγμα
698 4451 790 4506 τοῦ
823 4451 1092 4504 Δεσπότου
1124 4448 1192 4502 τά
1229 4448 1461 4520 δυσχερῆ
1496 4450 1654 4521 ῥᾴδια
1684 4449 1831 4521 αὐτῷ
1863 4451 2049 4520 φαίνε-

388 4539 514 4592 σθαι
545 4534 946 4610 παρεσκεύασε.
971 4531 1224 4586 Τοιοῦτον
1255 4532 1364 4603 γὰρ
1398 4531 1506 4586 τῶν
1540 4531 1763 4587 δικαίων
1798 4532 1859 4587 τὸ
1896 4532 2047 4599 ἔθος·

386 4628 515 4682 ὅταν
546 4644 599 4679 τι
623 4625 690 4678 δι’
719 4622 879 4678 αὐτὸν
901 4622 1281 4693 ὑπομένουσιν,
1314 4620 1374 4673 οὐ
1396 4623 1462 4691 τῇ
1482 4619 1600 4691 ϐψει
1622 4619 1730 4674 τῶν
1753 4622 2051 4692 γινομένων

388 4714 766 4784 προσέχουσιν,
800 4709 937 4764 ἀλλά
972 4709 1070 4780 τὴν
1099 4707 1353 4762 ὑπόθεσιν
1381 4708 1719 4779 λογιζόμενοι
1745 4711 1861 4773 μετ’
1892 4710 2051 4764 εὐκο-

385 4799 508 4864 λίας
537 4799 749 4855 ἅπαντα
774 4796 1050 4869 φέρουσιν.
1100 4796 1252 4848 Ἐπεὶ
1279 4795 1372 4849 καὶ
1409 4794 1637 4859 Παῦλος,
1676 4796 1706 4848 6
1746 4794 1854 4849 τῶν
1881 4795 2053 4849 ἐθνῶν

384 4886 721 4949 διδάσκαλος,
750 4884 818 4937 τά
863 4883 1232 4954 δεσμωτήρια,
1264 4882 1364 4947 τάς
1396 4881 1719 4952 ἀπαγωγάς,
1752 4883 1878 4947 τοὺς
1905 4883 2055 4937 καθ-

386 4974 680 5044 ημερινοῦς
708 4970 1005 5034 κινδύνους,
1035 4970 1134 5033 τάς
1163 4970 1361 5033 πολλάς
1393 4970 1607 5033 ἐκείνας
1630 4971 1725 5025 καὶ
1747 4971 2053 5042 ἀφορήτους

387 5059 595 5130 θλίψεις
631 5059 872 5128 ἐλαφρὰς
904 5056 1106 5120 ἐκάλει,
1135 5057 1235 5109 οὐκ
1277 5057 1465 5128 ἐπειδὴ
1504 5060 1571 5129 τῇ
1602 5056 1763 5126 φύσει
1809 5057 2053 5114 τοιαῦται

384 5143 546 5219 ἦσαν,
580 5145 693 5200 ἀλλ’
726 5143 911 5216 ἐπειδὴ
950 5146 984 5215 ἡ
1020 5142 1275 5206 ὑπόθεσις
1308 5141 1416 5194 τῶν
1454 5143 1750 5214 γινομένων
1785 5144 2053 5217 τοσαύτην

386 5235 535 5306 αὐτῷ
565 5234 663 5304 τήν
697 5230 920 5304 γνώμην
952 5228 1353 5293 κατεσκεύαζεν
1377 5230 1426 5290 δ,
1457 5230 1531 5294 ὡς
1562 5232 1696 5303 μηδέ
1732 5232 2053 5304 ἐπιστρέφε-

388 5323 510 5377 σθαι
536 5321 671 5394 πρὸς
698 5319 767 5373 τὰ
792 5319 1015 5373 ἐπιόντα
1034 5317 1202 5373 δεινά.
1223 5318 1424 5369 Ἀκουε
1450 5315 1553 5388 γὰρ
1580 5318 1744 5370 αὑτοῦ
1772 5318 2016 5385 λέγοντος
2034 5337 2049 5352 ·

392 5411 461 5464 T6
486 5409 598 5480 γὰρ
630 5406 965 5477 παραυτίκα
996 5404 1261 5475 ἐλαφρὸν
1287 5402 1395 5471 τῆς
1430 5404 1690 5473 θλίψεως
1725 5405 1893 5475 ἡμῶν
1923 5409 2052 5463 καθ’

386 5496 730 5565 ὑπερϐολὴν
759 5492 1001 5549 αἰώνιον
1015 5493 1205 5561 βάρος
1232 5491 1418 5559 δόξης
1446 5490 1593 5559 ἡμῖν
1626 5494 2052 5564 κατεργάζεται.

397 5585 456 5638 'll
485 5584 801 5655 προσδοκία,
826 5582 979 5651 φησὶ,
1007 5581 1105 5651 τῆς
1130 5578 1429 5651 μελλούσης
1447 5579 1846 5653 καταλήψεσθαι
1873 5583 2051 5656 δόξης,

385 5670 535 5745 μευ]
572 5671 667 5723 καὶ
698 5671 797 5740 τῆς
827 5668 1107 5738 διηνεκοῦς
1138 5668 1353 5740 ἐκείνης
1391 5667 1624 5737 ἀνέσεως
1656 5670 1872 5742 κούφως
1906 5673 2053 5745 ἡμᾶς

445 5811 469 5838 ⁸
497 5807 714 5858 Accam“
742 5806 823 5855 οὖν
846 5818 874 5854 e
898 5806 1096 5855 Savilio.
1128 5808 1260 5859 Ευιτ.

446 5871 475 5913 δ
506 5870 674 5921 lintei.
702 5867 1058 5931 παρεσκεύαζεν.
1250 5903 1254 5907 ,

1145 244 1203 298 S.
1239 242 1524 299 JOANNIS
1560 237 2047 296 CIIRYSOSTOMI
2083 238 2403 297 ARCIHEP.
2444 238 2988 298 CONSTANTINOP.

3691 243 3802 300 2'26

2138 358 2281 408 ποιεῖ
2302 356 2485 425 φέρειν
2503 354 2601 419 τὰς
2623 355 2953 427 ἐπαλλήλους
2976 355 3176 420 ταύτας
3204 354 3429 427 θλίψεις,
3446 356 3538 411 καὶ
3561 356 3805 428 ἐλαφρὰς

2138 438 2305 502 αὑτάς
2335 438 2602 509 ἡγεῖσθαι.
2622 435 2774 503 Εἶδες
2794 440 2940 502 ὅπως
2961 438 3317 510 ὑποτέμνεται
3343 440 3373 491 6
3399 439 3534 509 πρὸς
3555 439 3649 494 τὸν
3668 440 3807 494 Θεὸν

2140 522 2299 585 πόθος
2332 522 2429 592 τὴν
2461 521 2567 575 τῶν
2593 521 2780 576 δεινῶν
2811 523 3081 588 ἐπίτασιν,
3105 522 3199 575 καί⁵
3236 522 3358 574 ούδέ
3377 521 3632 592 αἴσθησιν
3667 539 3804 591 συγ-

2140 605 2305 676 χωρεῖ
2334 602 2517 655 λαϐεῖν
2552 603 2661 656 τῶν
2691 603 2953 658 ἐπιόντων
2977 620 2992 668 ;
3027 603 3126 657 Διά
3162 620 3241 656 τοι
3264 603 3421 656 τοῦτο
3446 604 3540 657 καὶ
3569 606 3599 657 ὁ
3625 606 3807 673 μακά-

2142 702 2254 759 ριος
2292 678 2447 749 οὗτος
2487 685 2662 739 πάντα
2705 685 2895 757 πράως
2925 685 3124 757 ἔφερε,
3168 687 3233 756 τῇ
3268 684 3447 738 πίστει
3495 688 3560 757 τῇ
3599 687 3682 750 είς
3712 686 3810 740 τὸν

2143 767 2269 821 Θεὸν
2295 767 2387 821 καὶ
2406 770 2472 839 τῇ
2507 767 2682 820 ἐλπίδι
2706 767 3055 839 τρεφόμενος.
3074 766 3180 822 Καί
3210 766 3471 832 ἔκλεισε,
3499 768 3653 840 φησὶ,
3689 770 3811 823 Κύ-

2145 868 2264 919 ριος
2285 852 2317 903 ό
2346 851 2490 916 Θεὸς
2517 849 2739 914 ἔξωθεν
2767 849 2951 905 αὐτοῦ
2979 850 3092 919 τὴν
3128 851 3396 905 κιϐωτόν.
3432 851 3543 906 Καί
3568 852 3812 923 ἐγένετο

2147 936 2174 988 0'
2203 933 2630 1003 κατακλυσμὸς
2656 932 3109 1002 τεσσαράκοντα
3135 932 3357 1002 ἡμέρας
3385 933 3483 987 καί
3511 934 3812 1003 τεσσαρά-

2148 1036 2324 1074 κοντα
2348 1022 2572 1087 νύκτας
2592 1020 2689 1074 ἐπί
2716 1019 2825 1089 τῆς
2849 1018 2980 1090 γῆς,
3007 1018 3105 1073 καὶ
3137 1018 3454 1089 ἐπεφέρετο
3475 1019 3513 1086 ἠ
3538 1021 3809 1086 κιϐωτός.

2144 1102 2337 1156 Σκόπει
2366 1103 2524 1157 πάλιν
2547 1103 2664 1167 πῶς
2696 1105 2762 1175 τῇ
2793 1103 3041 1173 διηγήσει
3069 1100 3222 1167 αὔξει
3250 1102 3343 1156 τὸν
3383 1104 3567 1172 φόϐον,
3597 1105 3694 1156 καὶ
3722 1103 3812 1169 ἐξα

2139 1188 2290 1253 ογκοί
2334 1185 2396 1238 τὸ
2442 1184 2823 1255 γεγενημένον.
2877 1184 3135 1255 Ἐγένετο
3166 1184 3295 1255 γὰρ,
3337 1186 3520 1255 φησὶν,
3553 1188 3588 1240 ὀ
3624 1201 3810 1239 κατα-

2141 1266 2414 1335 κλυσμὸς
2452 1265 2902 1336 τεσσαράκοντα
2948 1266 3172 1335 ἡμέρας
3210 1266 3306 1320 καὶ
3352 1266 3812 1335 τεσσαράκοντα

2139 1350 2385 1414 νύκτας,
2420 1348 2518 1401 καί
2544 1347 2893 1415 ἐπληθύνθη
2919 1347 2987 1401 τὸ
3016 1347 3194 1415 ὕδωρ,
3228 1346 3326 1401 καί
3356 1347 3543 1417 ἐπῆρε
3580 1348 3698 1417 τὴν
3720 1367 3808 1402 κι-

2142 1430 2350 1498 ϐωτὸν,
2393 1431 2492 1484 καὶ
2532 1430 2741 1499 ὑψώθη
2772 1430 2892 1485 άπὸ
2919 1429 3027 1498 τῆς
3056 1429 3192 1501 τῆς.
3240 1431 3351 1486 Καὶ
3392 1432 3704 1501 ἐπεκράτει
3739 1432 3810 1486 τὸ

2141 1511 2317 1580 ὕδωρ,
2348 1510 2446 1565 καί
2466 1510 2835 1577 ἐπληθύνετο
2870 1511 3105 1580 σφόδρα
3134 1511 3234 1565 ἐπὶ
3270 1511 3382 1581 τῆς
3407 1511 3539 1583 γῆς,
3566 1514 3663 1568 καί
3704 1514 3813 1567 ἐπ-

2141 1593 2380 1664 εφέρετο
2416 1595 2455 1662 ἡ
2487 1592 2728 1659 κιϐωτὸς
2771 1591 2970 1647 ἐπάνω
3001 1594 3106 1648 τοῦ
3146 1594 3365 1661 ὕδατος
3385 1611 3402 1628 ο
3450 1596 3518 1649 τὸ
3556 1594 3626 1649 δὲ
3649 1595 3811 1665 ὕδωρ

2141 1674 2447 1744 ἐπεκράτει
2474 1676 2709 1745 σφόδρα
2734 1673 3010 1744 σφοδρῶς
3037 1676 3133 1730 ἐπι
3158 1675 3269 1745 τῆς
3287 1676 3419 1748 γῆς.

2213 1763 2289 1823 ς’.
2322 1759 2465 1828 Ὅρα
2496 1757 2614 1822 πῶς
2636 1758 2876 1829 ἀκριϐῶς
2902 1759 3035 1829 ήμῖν
3061 1758 3328 1829 διηγεῖται
3351 1760 3450 1829 τὴν
3470 1758 3670 1831 πολλὴν
3698 1761 3815 1817 τῶν

2142 1838 2353 1895 ὑδάτων
2380 1840 2572 1911 φοράν,
2588 1840 2683 1893 καὶ
2707 1840 2789 1894 ὅτι
2820 1841 2905 1909 ἐφ’
2930 1840 3166 1911 ἐκάστης
3190 1840 3417 1911 αὔξησιν
3442 1841 3745 1911 ἐλάμϐανεν
3775 1846 3815 1914 ή

2143 1920 2449 1993 πλημμύρα
2471 1921 2578 1974 τῶν
2612 1922 2837 1990 ὐδάτῳν.
2869 1921 3206 1990 Ἐπεκράτει
3225 1923 3334 1992 γὰρ
3358 1923 3424 1976 τὸ
3449 1922 3626 1991 ὕδωρ,
3652 1927 3811 1994 φησι,

2143 2004 2377 2073 σφόδρα
2402 2001 2700 2071 σφοδρῶς,
2744 2003 2841 2058 καί
2881 2002 3229 2072 ἐπεκάλυψε
3262 2003 3456 2059 πάντα
3489 2003 3563 2059 τὰ
3600 2005 3709 2075 ὄρη
3742 2005 3818 2061 τὰ

2144 2086 2376 2156 ὑψηλὰ,
2406 2085 2445 2139 ἁ
2469 2082 2549 2157 ἦν
2581 2085 2859 2141 ὑποκάτω
2887 2086 2993 2140 τοῦ
3026 2086 3307 2154 οὐρανοῦ.
3343 2087 3673 2143 Δεκαπέντε
3701 2087 3813 2155 πή-

2144 2187 2271 2240 χεις
2298 2169 2497 2224 ἐπάνω
2521 2169 2728 2239 ὑψώθη
2753 2168 2821 2222 τὸ
2847 2168 3023 2238 ὕδωρ,
3051 2170 3150 2224 καί
3171 2168 3498 2230 ἐπέκλυζεν
3529 2170 3766 2227 ἅπαντα
3784 2186 3811 2213 ε

2145 2253 2216 2306 τὰ
2244 2251 2372 2320 ὄρη.
2404 2252 2644 2315 Εἰκότως
2686 2250 3034 2322 ᾡκονόμησεν
3079 2253 3108 2305 6
3136 2251 3512 2325 φιλάνθρωπος
3540 2254 3819 2329 Δεσπότης

2146 2333 2460 2406 κλεισθῆναι
2496 2332 2596 2405 τὴν
2630 2332 2882 2399 κιϐωτὸν,
2916 2333 3057 2387 ὥστε
3098 2333 3175 2403 μὴ
3208 2335 3342 2405 όρᾷν
3383 2332 3475 2387 τὸν
3510 2334 3718 2388 δίκαιον
3746 2337 3819 2388 τὰ

2146 2415 2426 2486 γινόμενα.
2473 2416 2536 2468 El
2572 2414 2681 2485 γάρ
2732 2415 2891 2486 ήμεῖς
2928 2414 3067 2486 μετά
3098 2415 3351 2468 τοσοῦτον
3388 2415 3524 2471 ἐτῶν
3561 2416 3812 2487 ἀριθμὸν.

2147 2500 2240 2552 καὶ
2274 2498 2412 2571 μετά
2438 2497 2703 2562 τοσαύτας
2728 2499 2921 2567 γενεάς
2946 2497 3235 2562 ἀκούοντες
3272 2498 3430 2570 μόνον
3465 2498 3562 2568 τῆς
3591 2499 3819 2570 Γραφῆς

2146 2581 2245 2652 τὴν
2266 2582 2517 2651 διήγησιν
2548 2579 2968 2651 συστελλόμεθα,
3000 2581 3095 2634 καὶ
3129 2581 3187 2633 ἐν
3222 2580 3502 2652 ἀμηχανίᾳ
3528 2580 3815 2652 γινόμεθα,

2148 2664 2200 2717 τί
2244 2664 2391 2727 είκὸς
2448 2660 2519 2734 ἦν
2551 2662 2644 2717 τὸν
2699 2662 2905 2716 δίκαιον
2960 2664 3166 2717 ἐκεῖνον
3228 2664 3461 2727 παθεῖν,
3501 2664 3556 2717 εί
3596 2681 3661 2734 γε
3702 2666 3819 2729 τοὶς

2148 2747 2447 2819 ὀφθαλμοῖς
2462 2745 2609 2818 ἐώρα
2623 2745 2720 2817 τὴν
2740 2744 2975 2799 άϐυσσον
3001 2745 3216 2818 ἐκείνην
3237 2747 3335 2818 τὴν
3358 2747 3630 2819 ἀφόρητον
3652 2763 3668 2812 ;
3690 2745 3820 2808 Πῶς

2149 2829 2258 2900 γὰρ
2294 2828 2361 2883 ἀν
2386 2827 2623 2900 ἠδυνήθη
2654 2826 2756 2883 κάν
2790 2826 2926 2898 πρὸς
2953 2826 3126 2899 βραχὺ
3159 2830 3466 2900 ἀντισχεῖν;
3496 2830 3616 2899 οὐχὶ
3637 2828 3693 2881 δέ
3730 2828 3821 2881 εὑ.

2150 2910 2286 2974 θέως
2308 2911 2373 2963 ἐκ
2395 2909 2618 2982 πρώτης
2644 2908 2821 2980 ὅψεως
2851 2908 2918 2963 ἂν
2938 2909 3130 2980 ἐξέστη
3149 2909 3247 2980 τῆς
3275 2909 3455 2980 ψυχῆς
3478 2908 3821 2980 ἀποστάσης,

2150 2993 2247 3046 καὶ
2287 2992 2484 3064 μηκέτι
2525 2990 2847 3060 δυνηθείσης
2884 2992 3129 3059 ἐνεγκεῖν
3176 2989 3287 3044 τῶν
3326 2990 3595 3044 τοσούτων
3628 2989 3821 3044 δεινῶν

2149 3072 2250 3144 τὴν
2291 3071 2454 3137 θέαν;
2497 3071 2698 3125 Ἐννόει
2731 3070 2841 3143 γάρ
2875 3088 2986 3142 μοι,
3021 3072 3292 3143 ἀγαπητὴ
3326 3071 3447 3136 πῶς
3478 3071 3575 3126 νῦν
3615 3073 3821 3143 μικρᾶς

2152 3154 2456 3227 ἐπομϐρίας
2482 3155 2776 3227 ⁴γενομένης
2802 3153 3082 3223 ἐναγώνιοι
3101 3154 3386 3225 γινόμεθα,
3413 3154 3651 3227 περὶτοῦ
3680 3173 3825 3210 παν-

2151 3238 2242 3302 τὸς
2276 3237 2614 3308 δεδοίκαμεν,
2649 3237 2777 3309 περὶ
2817 3237 3012 3308 αὐτῆς,
3046 3237 3122 3302 ώς
3149 3238 3344 3303 εἰπεῖν,
3365 3237 3467 3309 τῆς
3495 3237 3642 3309 ζωῆς
3671 3238 3823 3292 ἀπα-

2152 3319 2479 3392 γορεύομεν.
2508 3320 2573 3373 Τί
2609 3319 2789 3374 τοίνυν
2820 3320 2968 3383 εἰκὸς
3011 3315 3079 3391 ἦν
3103 3320 3194 3374 τὸν
3227 3320 3433 3374 δίκαιον
3461 3321 3667 3377 ἐκεῖνον
3695 3321 3821 3375 τότε

2152 3404 2346 3458 παθεῖν
2369 3404 2505 3475 πρὸς
2539 3401 2792 3456 τοσοῦτον
2821 3401 2955 3472 ὕψος
2987 3401 3199 3473 δρῶντα
3243 3402 3314 3455 τά
3349 3401 3520 3455 ὕδατα
3552 3404 3823 3475 κορυφοῦ-

2157 3503 2328 3558 μενα;
2370 3483 2596 3539 Ἐπάνω
2628 3484 2763 3555 γὰρ,
2801 3484 2955 3555 φησὶ,
2986 3483 3103 3537 τῶν
3125 3484 3310 3553 ὀρέων
3337 3483 3664 3540 δεκαπέντε
3703 3486 3823 3555 πή-

2155 3587 2281 3638 χεις
2303 3567 2512 3637 ὑψώθη
2545 3566 2608 3621 τὸ
2635 3565 2811 3635 ὕδωρ.
2853 3565 3256 3637 Ἀναμνήσθητί
3291 3582 3381 3638 μοι
3406 3566 3660 3633 ἐνταῦθα,
3683 3568 3822 3635 ἀγα·

2157 3652 2313 3722 πητέ,
2341 3650 2451 3705 τῶν
2477 3650 2626 3721 παρᾶ
2652 3649 2746 3703 τοῦ
2771 3648 3043 3703 Δεσπότου
3067 3648 3359 3721 ῥηθέντων,
3381 3650 3470 3704 ὅτε
3494 3650 3677 3718 ἔλεγεν
3695 3666 3710 3680 ο
3737 3652 3821 3705 οὑ

2148 3733 2234 3804 μὴ
2291 3734 2617 3804 καταμείνῃ
2667 3732 2733 3787 τὸ
2779 3731 3021 3802 Πνεῦμά
3049 3749 3171 3801 μου
3212 3732 3283 3787 ἐν
3330 3732 3451 3799 τοῖς
3488 3730 3825 3802 ἀνθρώποις

2156 3818 2410 3883 τούτοις,
2458 3816 2555 3870 διὰ
2602 3815 2670 3870 τὸ
2712 3811 2866 3870 εἶναι
2917 3814 3139 3881 αὐτοὺς
3181 3814 3439 3884 σάρκαςο
3485 3816 3580 3869 καὶ⁵
3619 3814 3781 3868 πάλιν
3802 3831 3819 3845 ·

2168 3899 2481 3968 Ἐφθάρηή
2518 3897 2617 3969 γῆ,
2648 3897 2744 3952 καί
2774 3896 3051 3967 ἐπλήσθη
3088 3898 3128 3969 ἡ
3165 3896 3242 3969 τῆ
3277 3897 3390 3967 τῆς
3412 3897 3664 3963 ἀδικίας·
3704 3896 3825 3962 καὶ,

2156 3978 2297 4038 Εἷδε
2313 3983 2532 4051 Κύριος
2555 3980 2669 4049 τὴν
2688 3980 2825 4050 γῆν,
2843 3980 2942 4035 καί
2966 3976 3048 4052 ἦν
3076 3980 3548 4050 κατεφθαρμένῃ,
3573 3980 3662 4034 ὅτι
3684 3997 3825 4035 κατ-

2155 4067 2388 4136 έφθειρε
2427 4061 2594 4120 πᾶσα
2634 4062 2791 4133 σὰρξ
2844 4063 2961 4133 τὴν
2996 4063 3140 4119 ὀδόν
3182 4063 3392 4133 αὐτῆς.
3449 4064 3601 4119 Ἐπεὶ
3644 4063 3828 4118 τοίνυν

2155 4149 2449 4221 ὁλοκλήρου
2476 4146 2773 4217 καθαρσίου
2803 4145 2972 4200 ἐδεῖτο
2997 4149 3031 4218 ή
3066 4148 3378 4221 οἰκουμένη,
3414 4148 3509 4202 καὶ
3538 4147 3704 4219 ἐχρῆν
3731 4147 3833 4201 αύ-

2157 4232 2254 4303 τὴν
2288 4230 2501 4285 ἅπαντα
2528 4227 2619 4281 τὸν
2658 4226 2827 4297 ῥύπον
2857 4228 3332 4301 ἀποκαθάρασθαι,
3373 4229 3468 4284 καί¹
3502 4229 3602 4300 τὴν
3638 4228 3830 4300 ζύμην

2158 4312 2375 4367 ἃπασαν
2417 4312 2517 4383 τῆς
2564 4310 2942 4383 προλαϐούσης
2989 4312 3253 4383 πονηρίας
3302 4312 3687 4384 ἀναιρεθῆναι,
3730 4315 3830 4367 καὶ

2161 4396 2296 4469 μηδέ
2328 4396 2472 4466 ίχνος
2517 4394 2618 4463 τῆς
2663 4395 2860 4458 κακίας
2901 4393 3314 4467 ἀπολειφθῆναι,
3354 4395 3471 4450 ἀλλ’
3487 4392 3826 4466 ὦσπεράνα-

2160 4480 2493 4551 στοιχείωσιν
2533 4495 2655 4531 τινα
2692 4477 2965 4547 γενέσθαι,
3006 4478 3255 4551 καθάπερ
3292 4479 3543 4551 τεχνίτης
3581 4479 3828 4549 ἄριστος,

2159 4563 2375 4619 ἐπειδάν
2400 4561 2541 4633 λάϐῃ
2562 4560 2753 4625 σκεῦος
2785 4561 2890 4615 ὑπὸ
2917 4560 3010 4615 τοῦ
3048 4561 3240 4632 χρόνου
3266 4561 3575 4617 παλαιωθέν
3603 4561 3698 4615 καὶ
3729 4579 3829 4614 κα-

2157 4643 2529 4712 ταδαπανηθέν
2552 4684 2566 4707 ,
2595 4642 2671 4706 ώς
2723 4644 2924 4708 είπεῖν,
2955 4644 3061 4697 ὑπὸ
3092 4643 3186 4697 τοῦ
3220 4645 3322 4709 ίοῦ,
3366 4645 3461 4698 καὶ
3486 4647 3568 4708 είς
3602 4644 3666 4698 τὸ
3712 4643 3829 4714 πῦρ

2159 4728 2312 4802 [240]
2344 4726 2614 4798 ἐμϐαλὼν,
2638 4727 2732 4780 καλ⁵
2756 4722 3180 4800 παρασκευάσας
3207 4729 3383 4783 πάντα
3406 4730 3497 4782 τὸν
3524 4729 3602 4783 ίὸν
3626 4727 3830 4782 ἀποθὲ-

2160 4813 2302 4870 σθαι,
2329 4809 2689 4881 μεταπλάττει
2714 4810 2805 4864 καὶ
2823 4812 3237 4880 μετασκευάζει,
3259 4813 3353 4866 καὶ
3370 4813 3449 4876 είς
3473 4814 3572 4883 τὴν
3592 4812 3831 4884 ἀρχαίαν

2158 4895 2458 4968 εὐμορφίαν
2490 4892 2782 4962 ἐπανάγει·
2824 4893 2966 4948 οὕτω
3006 4896 3098 4949 καὶ
3130 4896 3160 4948 6
3203 4897 3528 4967 Δεσπότηςὸ
3557 4897 3831 4967 ἡμέτερος

2159 4980 2377 5036 ἀπασαν
2416 4979 2515 5051 τὴν
2543 4977 2867 5049 οίκουμένην
2903 4977 2993 5032 διά
3026 4978 3122 5033 τοῦ
3148 4980 3269 5033 τότε
3308 4979 3694 5051 κατακλυσμοῦ
3727 4996 3834 5033 κα-

2161 5064 2353 5136 θάρας,
2384 5064 2477 5118 καὶ
2503 5063 2579 5127 ώς
2609 5063 2805 5128 εἰπεῖν,
2840 5062 3213 5135 ἐλευθερώσας
3245 5063 3344 5136 τῆς
3374 5063 3574 5127 κακίας
3596 5062 3706 5116 τῶν
3734 5063 3835 5116 άν-

2162 5147 2413 5220 θρώπων,
2444 5145 2652 5201 καὶτοῦ
2686 5145 2987 5217 μολυσμοῦ,
3006 5145 3101 5199 καὶ
3126 5145 3230 5215 τῆς
3257 5145 3466 5218 φθορᾶς
3483 5145 3586 5215 τῆς
3605 5144 3831 5214 πολλῆς,

2160 5230 2547 5304 λαμπροτέραν
2586 5228 2756 5300 αὐτὴν
2793 5227 3202 5298 ἀπειργάσατο,
3245 5227 3450 5282 ἀνωθεν
3490 5229 3622 5299 ήμῖν
3651 5225 3836 5293 δείξας

2160 5314 2328 5384 αὐτῆς
2353 5311 2573 5384 φαιδρὸν
2616 5310 2679 5365 τὸ
2716 5310 3029 5382 πρόσωπον,
3078 5311 3171 5364 καὶ
3213 5311 3274 5364 οὐ
3306 5312 3670 5383 συγχωρήσας
3706 5308 3834 5363 ούδδ

2163 5398 2307 5468 ῐχνος
2344 5395 2446 5466 τῆς
2484 5393 2754 5466 προτέρας
2784 5392 3063 5464 ἀμορφίας
3097 5393 3541 5465 καταλειφθῆναι.
3576 5390 3833 5461 TWa,

2162 5481 2345 5550 φησιν,
2366 5476 2569 5532 ἐπάνω
2597 5474 2716 5531 τῶν
2743 5474 2929 5545 ὀρέων
2951 5475 3278 5530 δεκαπέντε
3305 5476 3521 5546 πήχεις
3556 5474 3621 5528 τὸ
3648 5472 3833 5541 ὕδωρ.

2162 5564 2273 5629 Οὐχ
2299 5560 2483 5625 ἁπλῶς
2508 5562 2640 5630 ήμῖν
2661 5558 2833 5614 ταῦτα
2863 5560 3130 5630 διηγεῖται
3161 5562 3193 5631 ἡ
3226 5560 3439 5632 Γραφὴ,
3461 5558 3574 5613 ἀλλ’
3605 5556 3695 5610 ἵνα
3718 5555 3832 5626 μά-

2164 5646 2367 5715 θωμεν,
2405 5645 2487 5699 ὅτι
2515 5645 2575 5697 οὐ
2622 5644 2782 5713 μόνον
2813 5643 3109 5714 ἄνθρωποι,
3139 5644 3236 5697 καὶ
3281 5643 3474 5713 κτήνη,
3504 5641 3598 5695 καὶ
3632 5638 3835 5709 τετρά-

2163 5728 2316 5793 ποδα,
2340 5726 2430 5781 καὶ
2474 5725 2678 5797 ἑρπετὰ
2704 5724 3010 5797 ὑποϐρύχια
3041 5726 3283 5794 γέγονεν,
3331 5724 3468 5779 ἀλλά
3511 5723 3602 5777 καὶ
3628 5721 3695 5776 τά
3734 5734 3837 5774 πε-

2224 5865 2245 5893 c
2276 5867 2374 5921 Alii
2416 5881 2522 5917 cum
2552 5868 2677 5919 Bibl.
2709 5870 2787 5918 καὶ
2825 5865 3114 5933 ἐπεκάλυψεν
3140 5870 3341 5917 ἅπαντα.
