4102 6204
511 164 616 222 225

509 282 532 352 ἰ
556 278 712 340 Hebr.
739 285 827 341 ll.
859 284 891 338 7
915 284 956 356 ).
992 280 1175 339 Vidisti
1203 278 1472 353 quomodo
1497 278 1629 336 ﬁdes
1655 279 1706 334 in
1736 280 1900 335 Deum
1929 292 2080 350 quasi

508 392 694 433 secura
721 377 961 448 quaedam
989 374 1240 440 anchora,
1256 371 1411 437 ‘fecit,
1443 379 1505 427 ut
1527 385 1703 425 arcam
1728 371 1961 426 construi
1986 384 2085 425 cn-

508 480 651 524 raret
673 509 690 536 ,
720 477 772 523 et
797 469 913 537 ejus
944 465 1321 521 habitationem
1347 464 1675 519 sustineret?
1698 462 1829 518 Nam
1862 461 1977 516 lia~c
2011 460 2084 515 illi

507 572 561 616 et
588 559 775 616 salutis
801 560 897 615 fuit
924 558 1155 621 occasio,
1187 556 1291 613 Per
1310 573 1463 627 quam
1482 597 1498 623 ,
1531 554 1720 625 inquit,
1743 552 2089 607 condemnavit

507 654 771 720 vitandum,
797 660 846 707 et
862 652 974 723 ejus
997 666 1110 721 quas
1126 649 1401 705 secundum
1423 647 1576 717 ﬁdem
1595 656 1669 701 est
1682 645 1898 716 justitiai
1921 645 2087 715 factus

507 752 579 800 est
617 744 757 800 lieres
782 759 804 799 :
831 758 937 798 non
975 742 1116 813 quod
1141 741 1255 812 ipse
1293 739 1451 795 fuerit
1488 738 1648 809 iudex
1673 778 1689 803 ,
1734 735 1829 791 sed
1855 735 1976 806 quia
2020 748 2085 789 ex

508 834 905 904 comparatione
962 831 1463 888 condemnationem
1524 828 1777 884 Dominus
1836 816 2082 881 inducit:

506 943 627 983 cum
670 928 811 983 enim
840 926 1025 983 eadem
1066 924 1348 980 habuerint
1374 939 1490 993 quze
1531 921 1709 992 justus
1732 962 1746 985 ,
1775 934 1880 973 non
1908 926 2084 972 tamen

509 1021 753 1075 eamdem
800 1020 1011 1073 virtutis
1057 1018 1196 1072 viam
1224 1015 1448 1086 ingressi
1477 1021 1602 1069 sunt
1631 1030 1646 1068 :
1681 1028 1774 1083 per
1802 1010 1958 1065 fidem
1982 1023 2083 1079 qua

507 1112 758 1184 praeditus
783 1111 898 1180 fuit,
924 1109 1299 1165 condemnavit
1329 1122 1425 1163 eos
1451 1106 1538 1176 qui
1561 1110 1719 1159 tanta:
1757 1101 1970 1157 fuerunt
2001 1100 2084 1154 in-

502 1201 826 1258 credulitatis
843 1241 861 1267 ,
887 1209 947 1256 ut
973 1198 1297 1270 pra‘dictioni
1324 1211 1427 1252 non
1453 1196 1748 1250 crederent.
1772 1193 1884 1263 Ego
1908 1196 2085 1245 autem

503 1306 626 1347 cum
648 1290 765 1347 aliis
788 1292 1036 1346 omnibus
1062 1292 1311 1344 virtutem
1336 1289 1495 1342 etiam
1521 1285 1649 1356 justi
1677 1284 1914 1339 admiror
1932 1323 1947 1345 ,
1978 1282 2083 1336 Do-

503 1384 740 1453 minique
802 1383 1091 1439 bonitatem
1145 1390 1199 1436 et
1247 1378 1563 1435 ineﬂ‘abilem
1627 1373 2082 1439 misericordiam,

502 1473 712 1544 quando
737 1472 1017 1529 considero
1044 1471 1308 1543 quomodo
1334 1468 1559 1539 potuerit
1601 1466 1801 1522 versari
1829 1464 1881 1519 in
1909 1463 2085 1519 medio

505 1562 790 1617 sestiarum
815 1602 830 1627 ,
876 1562 1089 1617 leonum
1136 1561 1255 1615 dico
1278 1601 1292 1624 ,
1328 1559 1655 1630 pardorum,
1696 1569 1939 1611 ursorum
1963 1590 1981 1622 ,
2028 1562 2085 1609 et

498 1654 720 1708 aliarum
744 1652 1022 1706 itntnititnn
1051 1651 1301 1706 ferarum.

569 1743 688 1799 Noe
726 1744 939 1800 restituit
985 1741 1120 1812 quod
1160 1742 1325 1795 Adam
1366 1740 1656 1795 abstulerat.
1683 1766 1753 1779 —-
1779 1736 2080 1792 Recordare

500 1834 606 1900 die,
634 1835 850 1901 dilecte,
880 1833 1127 1898 obsecro,
1154 1838 1366 1902 quantae
1392 1829 1663 1900 dignitatis
1693 1829 1849 1883 fuerit
1877 1828 2080 1896 primus

501 1926 661 1982 homo
703 1937 828 1982 ante
870 1925 1281 1980 inobedientiam
1310 1940 1323 1977 :
1355 1931 1409 1978 et
1450 1922 1544 1977 Dei
1573 1921 1863 1976 benitatem
1900 1918 2080 1972 animo

497 2020 748 2076 observa.
781 2018 1131 2086 Posteaquam
1176 2015 1318 2070 enim
1364 2013 1505 2068 illius
1532 2010 1896 2082 praevaricatio
1942 2009 2079 2064 hanc

500 2118 816 2180 potestatem
846 2108 998 2163 nobis
1037 2106 1219 2160 datam
1259 2105 1628 2164 imminuerat,
1678 2101 1878 2156 invenit
1902 2108 2075 2153 autem

498 2202 672 2258 bonus
699 2200 952 2256 Dominus
976 2198 1138 2252 alium
1162 2196 1352 2257 virum,
1377 2194 1464 2265 qni
1490 2193 1652 2262 potuit
1673 2206 1923 2261 reparare
1951 2191 2079 2245 inta-

497 2293 675 2363 ginem
704 2290 1000 2361 pristinam,
1023 2295 1078 2341 et
1104 2300 1318 2343 scrvare
1348 2283 1554 2339 virtutis
1580 2283 1934 2348 characteres,
1968 2295 2077 2334 ma-

496 2395 762 2453 gnamque
795 2381 846 2435 in
878 2379 1142 2435 mandatis
1171 2377 1262 2432 Dei
1293 2374 1646 2432 obedientiam
1688 2389 1799 2445 pra:
1836 2388 1896 2428 se
1923 2372 2074 2440 tulit;

495 2471 690 2525 iterum
712 2471 779 2527 ad
803 2471 1026 2542 primum
1049 2469 1307 2523 honorem
1323 2482 1443 2523 eum
1470 2465 1694 2532 reducit,
1715 2464 1865 2534 quasi
1878 2463 2079 2518 docens

498 2576 597 2618 nos
623 2559 891 2632 operibus,
918 2567 1167 2630 quantam
1197 2564 1508 2627 potestatem
1542 2555 1708 2609 Adam
1737 2563 1860 2608 ante
1886 2553 2077 2608 inobe-

497 2650 749 2707 dientiain
780 2649 1043 2705 habuerit.
1070 2648 1251 2703 Virtus
1277 2646 1456 2716 itaque
1475 2646 1603 2716 juSti
1633 2645 1811 2700 divina
1837 2645 2076 2700 clemen-

500 2745 569 2801 tia
616 2743 794 2813 adiuta
841 2741 1065 2811 primum
1107 2737 1372 2809 reparavit
1413 2736 1744 2802 dominium,
1790 2735 2078 2806 bestimque

499 2838 690 2893 iterum
718 2834 1103 2903 subjectionem
1142 2838 1491 2902 agnoverunt.
1520 2826 1651 2882 Cum
1685 2827 1825 2883 enim
1868 2827 1971 2881 illa:
2000 2826 2075 2881 vi-

495 2927 672 2983 derint
703 2926 902 2997 justum
928 2964 944 2989 ,
975 2921 1358 2977 obliviscuntur
1397 2929 1599 2974 naturie
1629 2933 1739 2974 sua:
1768 2936 1780 2973 :
1812 2919 1920 2973 imo
1969 2933 2072 2972 non

494 3029 733 3086 naturai,
759 3017 854 3074 sed
877 3015 1201 3081 ferocire;et
1237 3021 1439 3068 natura:
1465 3012 1674 3067 insitam
1720 3009 1976 3066 feritatem
2022 3010 2073 3064 in

494 3109 949 3167 mansuetudinem
1000 3115 1337 3163 convertunt.
1383 3103 1449 3159 Et
1495 3102 1615 3158 vide
1662 3101 1927 3172 quomodo
1977 3101 2076 3155 hoc

494 3203 663 3274 ipsum
706 3200 911 3256 Danicli
937 3198 1174 3254 evenerit
1202 3194 1375 3271 (Dan.
1408 3194 1459 3251 6.
1503 3192 1572 3246 22
1592 3193 1631 3264 ).
1661 3192 1756 3248 llic
1782 3192 1924 3248 enim
1953 3204 2073 3246 cum

492 3307 521 3346 a
554 3291 795 3348 leonibus
818 3288 1258 3355 circumdaretur,
1289 3285 1441 3356 quasi
1462 3285 1530 3339 ab
1554 3283 1738 3338 ovibus
1764 3284 2071 3351 stiparetttr,

493 3383 570 3436 sic
598 3379 861 3450 intrepide
890 3377 1083 3449 agebat
1114 3395 1127 3430 :
1158 3374 1585 3446 quandoquidem
1623 3373 1749 3442 justi
1781 3373 1969 3427 ﬁducia
1999 3372 2076 3428 fe-

494 3484 672 3526 rarum
715 3478 956 3524 naturam
1000 3466 1279 3531 frenabat,
1311 3478 1409 3518 nec
1434 3462 1641 3517 sinebat
1667 3471 1723 3516 ut
1750 3472 1971 3531 agerent
2012 3478 2073 3517 ea

492 3578 612 3632 qua:
640 3559 764 3615 ferre
792 3559 982 3614 solent.
1011 3557 1179 3612 Simili
1209 3555 1366 3610 modo
1388 3554 1548 3609 etiam
1576 3553 1819 3623 egregius
1845 3554 1932 3607 ille
1959 3567 2075 3606 ma-

492 3666 593 3723 gna
637 3650 886 3706 facilitate
926 3648 1155 3703 ferarum
1199 3644 1401 3702 ferebat
1442 3645 1779 3712 convictum,
1811 3652 1865 3701 et
1905 3656 2077 3715 neque

493 3743 591 3798 loci
618 3742 875 3812 angustia,
901 3753 1074 3810 neque
1095 3736 1348 3809 temporis
1364 3737 1722 3804 diuturnitate,
1742 3751 1914 3808 neque
1936 3737 2075 3807 quod

493 3836 571 3892 sic
601 3833 834 3890 inclusus
859 3840 1002 3888 esset
1039 3842 1094 3884 ut
1124 3844 1304 3886 aerem
1334 3829 1598 3899 respirare
1637 3844 1741 3885 non
1770 3834 1944 3899 poeset
1972 3869 1988 3894 ,
2021 3827 2074 3883 in

493 3935 760 3996 torporem
788 3935 842 3981 et
862 3939 1111 3980 nauseam
1136 3924 1251 3994 ipse
1274 3921 1685 3991 conjicieba‘tur:
1707 3922 1799 3978 sed
1821 3921 1891 3978 ob
1917 3921 2074 3977 ﬁdem

491 4019 545 4072 in
577 4017 742 4072 Deum
767 4016 942 4070 omnia
971 4014 1069 4086 ipsi
1099 4010 1273 4069 facilia
1304 4013 1621 4068 videbantur
1641 4055 1657 4079 ,
1691 4021 1746 4068 et
1785 4012 1866 4068 sic
1889 4026 2069 4068 versa-

488 4109 644 4164 batur
665 4109 717 4163 in
748 4117 887 4163 tetro
916 4107 1007 4162 illo
1032 4120 1267 4172 carcere,
1291 4106 1427 4159 sicut
1450 4120 1548 4160 nos
1570 4108 1623 4160 in
1644 4106 1809 4176 pratis
1834 4113 1889 4161 et
1917 4105 2070 4160 locis.

489 4202 819 4270 Pra-ceptum
856 4199 999 4254 enim
1029 4196 1238 4253 Domini
1269 4195 1568 4263 efﬁciebat,
1610 4206 1666 4251 ut
1694 4195 1929 4252 difﬁcilia
1971 4194 2070 4268 ipsi

485 4291 659 4349 facilia
702 4292 1028 4347 viderentur.
1056 4288 1201 4344 Talis
1233 4288 1374 4345 enim
1404 4288 1667 4360 iustorum
1713 4303 1828 4343 mos
1854 4296 1938 4342 est
1961 4329 1975 4347 .
2017 4296 2075 4343 ut

484 4385 700 4458 quando
722 4383 920 4454 aliquid
946 4391 1159 4453 preptcr
1181 4382 1344 4438 Deum
1373 4384 1663 4452 patiuntur,
1693 4396 1798 4436 non
1820 4394 1907 4435 res
1931 4381 2070 4450 ipsas

482 4494 602 4550 qua:
629 4478 760 4533 ﬁunt
786 4483 1027 4547 spectent
1051 4516 1065 4540 ,
1096 4474 1190 4530 sed
1217 4488 1429 4529 causam
1461 4488 1643 4530 secum
1667 4472 2031 4542 expendentes
2050 4514 2066 4539 ,

485 4571 639 4625 facile
664 4568 840 4625 omnia
871 4566 1059 4622 ferant.
1082 4565 1513 4636 Quandoquidem
1536 4574 1588 4619 et
1607 4565 1815 4631 Paulus,
1833 4565 2068 4634 gentium

488 4658 691 4724 doctor,
710 4657 942 4725 vincula,
964 4646 1031 4711 all
1050 4656 1333 4711 tribunalia
1360 4655 1727 4719 abductiones,
1759 4654 2068 4724 quotidiana

487 4749 718 4816 pericula
746 4789 760 4813 ,
808 4748 1001 4802 inultas
1044 4746 1163 4803 illas
1203 4754 1258 4802 ct
1302 4745 1668 4802 intolerabiles
1713 4745 2064 4810 afﬂictiones,

487 4839 628 4894 leves
653 4839 873 4894 vocabat
900 4855 915 4905 ;
944 4852 1047 4894 non
1069 4837 1209 4910 quod
1238 4846 1424 4893 natura
1452 4838 1585 4894 tales
1604 4846 1802 4907 essent,
1826 4838 1918 4894 sed
1945 4837 2069 4909 quia

483 4946 663 4997 causa,
692 4940 906 5001 propter
930 4947 1087 5002 quam
1119 4930 1432 4988 accidebant
1451 4971 1466 4994 ,
1495 4931 1652 4986 talem
1678 4931 1724 4985 ei
1750 4932 2066 4987 sententiam

484 5021 858 5090 ingenerabat,
889 5032 946 5077 ut
973 5038 1146 5091 neque
1173 5022 1509 5090 adverteret,
1538 5022 1582 5077 si
1610 5037 1712 5093 qua
1733 5025 1911 5094 gravia
1945 5024 2065 5079 talia

484 5110 815 5166 obvenircnt.
845 5110 980 5165 Audi
1009 5114 1150 5166 enim
1181 5111 1329 5167 illum
1348 5110 1613 5167 dicentem
1638 5129 1652 5167 :
1677 5111 1815 5166 Nam
1839 5128 2063 5168 momen-

485 5209 630 5253 tanea
646 5199 817 5254 levitas
837 5200 1116 5272 aﬂlictionis
1148 5211 1352 5268 nostris,
1374 5202 1499 5255 mire
1518 5218 1676 5271 supra
1692 5202 1895 5257 modum
1916 5212 2065 5258 aiter-

485 5309 603 5345 num
631 5292 830 5363 pondus
854 5293 1035 5364 σιω-ἕω
1063 5304 1299 5367 operatur
1329 5296 1382 5350 in
1410 5296 1551 5350 nobis
1583 5295 1675 5366 (2.
1702 5296 1820 5351 Cor.
1850 5297 1902 5350 4.
1936 5297 1998 5351 l7
2020 5295 2062 5368 ).

480 5379 844 5452 Exspectatio,
873 5385 1057 5455 inquit,
1088 5386 1270 5457 gloria:
1292 5402 1448 5457 quam
1471 5401 1835 5456 assequemur,
1865 5394 1919 5442 ct
1945 5402 2065 5456 per-

486 5486 654 5544 petuat
685 5473 825 5529 illius
842 5475 1105 5533 felicitatis
1132 5478 1183 5532 id
1211 5478 1319 5548 agit
1344 5486 1400 5532 tit
1426 5477 1609 5533 leviter
1635 5481 1865 5532 feramus
1893 5478 2065 5532 conti-

478 5579 618 5619 nuas
641 5564 755 5620 illas
780 5564 1111 5637 aﬂlictioncs_
1137 5568 1383 5640 levesque
1403 5568 1521 5626 illas
1540 5569 1849 5625 habeamus.
1878 5568 2063 5625 Vidisti

1664 163 1817 221 CAP.
1861 163 1972 221 VII.
2014 164 2256 223 GENES.
2299 166 2527 224 IIOMIL.
2572 169 2742 225 XXV.

3671 178 3770 236 226

2194 280 2458 349 quomodo
2494 295 2645 338 amor
2673 282 2726 338 in
2756 282 2920 339 Deum
2942 294 3254 357 gravitatem
3282 287 3643 344 molestiarum
3668 291 3770 347 itu-

2191 371 2407 438 minuit,
2438 387 2610 444 neque
2647 375 2774 431 sinit
2804 386 2860 432 ut
2887 376 2995 432 ullo
3022 393 3206 434 earum
3245 392 3403 436 sensu
3431 382 3771 440 efﬁciamur?

2200 462 2343 518 Sane
2371 465 2442 519 ob
2470 466 2573 522 hoc
2612 477 2664 522 et
2701 469 2886 524 beatus
2930 470 3018 526 ille
3054 472 3232 527 omnia
3272 473 3506 528 suaviter
3532 474 3731 531 ferebat
3754 514 3769 541 .

2192 563 2374 623 utpote
2400 557 2488 625 qui
2514 556 2616 613 ﬁde
2638 567 2691 613 et
2711 573 2805 628 spe
2832 560 2883 614 in
2914 560 3080 615 Deum
3113 563 3445 632 pascebatur.
3478 563 3546 618 Et
3567 567 3772 633 clausit,

2190 645 2378 717 inquit,
2403 644 2649 703 Dominus
2664 649 2803 704 Deus
2818 650 3008 721 deforis
3028 652 3163 706 illius
3183 670 3374 708 arcam.
3396 656 3479 710 I7.
3496 654 3565 709 Et
3586 659 3774 729 factum

2190 747 2264 791 est
2288 738 2537 793 diluvium
2558 742 2896 814 quadraginta
2921 743 3093 798 diebus
3112 752 3158 798 et
3177 746 3514 820 quadraginta
3543 749 3770 804 noctibus

2190 839 2342 897 super
2377 836 2608 885 terram:
2633 840 2680 886 et
2702 832 3110 904 superfcrebatur
3136 851 3277 889 arca.
3312 837 3540 892 Attende
3586 839 3775 894 iterum

2191 920 2457 986 quomodo
2485 925 2787 979 narratione
2835 920 3024 995 augeat
3071 936 3329 982 terrorem
3355 969 3370 992 ,
3421 937 3477 984 et
3519 942 3768 999 aggravet

2191 1006 2406 1063 factum.
2435 1008 2649 1066 Factum
2670 1024 2739 1068 est
2761 1014 2922 1079 enim,
2956 1017 3412 1086 inquit,diluvium
3439 1021 3775 1090 quadraginta

2188 1097 2362 1152 diebus
2388 1114 2438 1153 ει
2466 1102 2804 1172 quadraginta
2828 1105 3051 1160 noctibus
3071 1148 3086 1172 ,
3110 1108 3426 1176 muliplicata
3453 1119 3526 1163 est
3549 1126 3699 1181 aqua,
3726 1123 3772 1165 et

2189 1187 2393 1242 elevavit
2430 1206 2633 1257 arcam,
2659 1202 2705 1246 ει
2733 1195 2955 1249 exoltuta
2987 1206 3059 1250 est
3092 1213 3125 1250 a
3151 1207 3305 1253 terra.
3351 1199 3437 1255 18.
3466 1198 3533 1252 Ει
3563 1202 3772 1255 invaluit

2187 1293 2337 1347 aqua,
2369 1290 2415 1333 et
2440 1281 2775 1352 multiplicata
2803 1295 2873 1339 est
2894 1286 3038 1341 valde
3059 1304 3210 1357 super
3241 1298 3447 1356 terram,
3478 1299 3524 1344 et
3550 1294 3766 1363 superfe-

2186 1369 2388 1423 rebatur
2413 1388 2534 1425 arca
2558 1388 2709 1442 super
2731 1390 2941 1445 aquam;
2985 1377 3071 1432 19.
3096 1394 3230 1448 aqua
3255 1391 3424 1434 autem
3443 1380 3677 1437 invalesct
3687 1383 3771 1438 bat

2186 1457 2334 1514 valde
2370 1460 2681 1517 vehementer
2704 1480 2857 1534 super
2882 1475 3086 1520 terrain.

2265 1550 2317 1605 6.
2362 1552 2494 1608 Vide
2523 1556 2791 1623 quomodo
2811 1556 3093 1627 diligenter
3121 1567 3303 1614 narrat
3329 1576 3574 1630 magnam
3602 1578 3741 1633 aqua

2185 1654 2303 1696 rum
2330 1643 2459 1710 vim,
2486 1652 2540 1698 et
2564 1645 2927 1714 quotidianum
2954 1648 3339 1703 exuntlatttium
3366 1651 3574 1705 illarum
3600 1652 3775 1708 incre-

2184 1741 2445 1787 mentum.
2472 1732 2817 1791 Invalescebat
2843 1738 2985 1793 enim
3027 1755 3159 1809 aqua
3182 1782 3197 1808 ,
3221 1741 3422 1813 inquit,
3453 1743 3601 1798 valde
3633 1745 3776 1801 velte-

2185 1832 2374 1878 menter
2398 1840 2419 1879 :
2445 1835 2492 1879 et
2516 1828 2778 1898 occupavit
2803 1844 2976 1884 omnes
2999 1842 3191 1885 montes
3219 1833 3443 1888 excelsos
3459 1875 3476 1902 ,
3521 1836 3611 1906 qui
3633 1847 3775 1890 erant

2185 1913 2277 1967 sub
2302 1915 2449 1969 creto.
2483 1916 2574 1972 20.
2603 1918 2900 1984 Quindecim
2925 1919 3105 1975 cubitis
3131 1922 3182 1974 in
3208 1923 3421 1979 sublime
3444 1928 3671 1979 exaltata
3700 1938 3775 1981 est

2182 2016 2331 2073 aqua,
2362 2015 2410 2059 et
2446 2009 2643 2075 operuit
2672 2025 2846 2063 onmes
2874 2021 3085 2065 montes.
3114 2011 3303 2067 Merito
3333 2013 3600 2071 ordinavit
3624 2016 3773 2072 beni-

2181 2108 2319 2163 gnus
2344 2096 2598 2151 Dominus
2617 2099 2791 2153 claudi
2823 2115 3021 2167 arcam,
3053 2112 3107 2156 ut
3132 2117 3200 2158 ne
3229 2103 3432 2160 videret
3451 2106 3627 2175 justus
3654 2104 3774 2179 qua:

2182 2183 2399 2240 ﬁebant.
2445 2186 2579 2243 Nam
2620 2190 2665 2244 si
2694 2205 2796 2245 nos
2823 2200 2942 2261 post
2976 2203 3052 2248 tot
3075 2209 3335 2249 annorum
3366 2213 3644 2254 numerum
3666 2240 3680 2265 ,
3723 2213 3778 2256 ct

2189 2285 2309 2345 post
2337 2285 2412 2331 tot
2438 2279 2632 2333 smeula
2664 2280 2949 2337 audientes
2977 2283 3254 2340 dumtaxat
3278 2284 3567 2357 Scriptura:
3594 2304 3777 2344 narra-

2185 2366 2382 2421 tionem
2414 2380 2560 2424 ntetu
2599 2379 2653 2425 et
2679 2380 2896 2442 stupore
2940 2374 3262 2444 cort‘ipitnur
3292 2393 3307 2431 :
3336 2378 3463 2448 quid
3489 2379 3777 2437 verisimile

2182 2468 2265 2513 est
2284 2458 2486 2528 justum
2527 2461 2673 2516 illutn
2719 2462 2887 2518 fuisse
2922 2479 3245 2534 passurum,
3273 2468 3318 2522 si
3361 2468 3577 2539 quidem
3608 2470 3776 2527 oculis

2183 2551 2401 2607 vidisset
2424 2552 2815 2610 intolerabilem
2842 2555 2983 2611 illam
3009 2557 3304 2629 abyssum?
3327 2558 3607 2627 Quomodo
3631 2565 3774 2618 enim

2182 2642 2440 2712 potuisset
2466 2644 2549 2698 vel
2572 2645 2639 2699 ad
2664 2644 2825 2700 breve
2852 2655 3058 2718 tempus
3078 2648 3368 2705 resistere?
3393 2666 3570 2708 annon
3596 2654 3775 2708 statim

2182 2735 2355 2804 primo
2393 2745 2611 2805 aspectu
2650 2736 2934 2795 defecisset
2979 2739 3156 2795 anima
3207 2741 3346 2798 illius
3393 2751 3498 2798 tota
3524 2784 3543 2812 ,
3587 2752 3643 2800 et
3670 2754 3775 2800 tant

2180 2839 2343 2894 grave
2387 2838 2451 2881 ac
2490 2826 2774 2883 molestum
2817 2830 3180 2898 spectaculum
3210 2830 3349 2888 ferre
3379 2833 3512 2888 ultra
3539 2848 3662 2888 non-
3685 2848 3778 2904 po-

2183 2916 2410 2971 tuisset?
2427 2915 2613 2986 Cogita
2644 2933 2874 2988 namque
2900 2919 2985 2975 hic
3005 2960 3019 2987 ,
3065 2920 3258 2977 dilecte
3281 2963 3297 2991 ,
3344 2925 3613 2993 quomodo
3637 2939 3776 2980 nunc

2179 3020 2299 3061 cum
2330 3022 2523 3076 parvus
2569 3007 2742 3065 imber
2770 3010 2967 3080 ingruit
2988 3050 3004 3076 ,
3034 3012 3087 3067 in
3117 3028 3318 3083 angore
3346 3022 3529 3069 sumus
3559 3056 3574 3083 ,
3604 3028 3654 3071 et
3701 3017 3769 3072 de
3848 3069 3854 3075 .

2183 3098 2465 3167 universo,
2495 3098 2668 3170 deque
2693 3101 2808 3171 ipsa
2845 3103 3240 3172 quodammodo
3261 3106 3365 3163 vita
3399 3105 3765 3177 desperatnus.

2179 3188 2316 3257 Quid
2356 3191 2514 3261 igitur
2537 3193 2828 3250 verisimile
2867 3204 2983 3251 erat
3018 3198 3221 3267 justum
3253 3199 3399 3254 illum
3441 3209 3566 3257 tunc
3611 3201 3775 3258 fuisse

2180 3294 2479 3349 passurum,
2504 3283 2549 3337 si
2570 3284 2637 3338 ad
2659 3292 2857 3339 tantam
2876 3286 3257 3343 sublimitatem
3280 3290 3500 3345 vidisset
3518 3292 3774 3349 exaltatas

2182 3381 2347 3438 aquas
2371 3369 2395 3421 Ἰ
2418 3370 2589 3439 Super
2614 3382 2806 3426 montes
2832 3375 2974 3428 enim
2994 3416 3009 3441 ,
3044 3376 3242 3445 inquit,
3270 3378 3558 3447 quindecim
3593 3382 3773 3436 cubitis

2181 3458 2400 3511 evaltata
2425 3469 2496 3513 est
2520 3476 2671 3529 aqua.
2705 3462 3004 3518 Recordare
3028 3466 3186 3534 igitur
3215 3466 3301 3522 ltic
3323 3509 3338 3534 ,
3367 3468 3563 3524 dilecte
3585 3510 3601 3534 ,
3651 3487 3767 3527 ver-

2182 3546 2367 3602 borum
2397 3549 2626 3617 Domini,
2654 3553 2867 3620 quando
2894 3553 3104 3610 dicebat
3128 3572 3140 3609 :
3176 3554 3297 3611 Non
3316 3560 3623 3629 permanebit
3647 3561 3772 3631 Spi—

2179 3639 2306 3695 ritus
2328 3656 2469 3696 meus
2495 3642 2547 3696 in
2574 3642 2858 3698 hominibus
2885 3645 2994 3700 istis
3014 3688 3028 3713 ,
3058 3663 3117 3701 eo
3155 3649 3291 3718 quod
3321 3650 3421 3720 ipsi
3443 3661 3558 3706 sunt
3596 3668 3771 3710 carnes

2185 3731 2355 3805 (Gen.
2388 3735 2438 3791 6.
2464 3735 2497 3790 5
2522 3735 2541 3806 )
2567 3753 2582 3801 ;
2604 3744 2657 3790 ιιι
2685 3737 2875 3792 iterum
2901 3757 2916 3791 :
2945 3738 3195 3810 Corrupto
3224 3750 3296 3796 est
3317 3751 3472 3809 terra,
3493 3753 3541 3797 et
3567 3745 3771 3813 impleta

2180 3834 2252 3879 est
2298 3836 2432 3880 terra
2467 3827 2716 3898 injuititia
2747 3829 2766 3901 (
2788 3827 2924 3884 Ibid.
2971 3846 3015 3885 v.
3059 3833 3179 3904 ii);
3211 3842 3264 3889 et
3287 3875 3303 3901 ,
3340 3834 3477 3891 Vidit
3519 3837 3768 3893 Dominus

2179 3925 2363 3972 terram
2384 3959 2400 3986 ,
2428 3928 2475 3973 et
2498 3931 2608 3974 erat
2648 3930 2887 3993 corrupta
2920 3939 2940 3976 :
2977 3924 3096 3994 quia
3124 3936 3417 3997 corruperat
3445 3930 3610 3984 omnis
3649 3947 3769 3985 caro

2178 4010 2310 4065 viam
2339 4028 2484 4066 suum
2522 4014 2540 4085 (
2571 4011 2708 4067 Ibid.
2753 4031 2800 4068 υ.
2848 4015 2915 4072 η
2943 4014 2987 4087 ).
3039 4016 3221 4087 Itaque
3255 4021 3375 4089 quia
3407 4024 3672 4077 communi
3715 4034 3770 4078 et

2179 4101 2382 4172 integra
2409 4102 2778 4172 puriﬁcatione
2801 4106 2948 4161 orbis
2975 4105 3276 4177 indigebat,
3308 4117 3362 4163 et
3390 4124 3524 4180 opus
3546 4122 3662 4167 erat
3700 4114 3769 4168 ab

2176 4208 2242 4250 eo
2261 4209 2473 4251 omnem
2495 4197 2755 4252 maculam
2781 4196 2944 4266 ablui,
2970 4205 3024 4255 et
3045 4200 3545 4258 omnexfermentum
3575 4205 3766 4273 prioris

2177 4287 2392 4344 malitiae
2421 4289 2648 4355 sustolli,
2679 4299 2732 4345 et
2770 4303 2942 4361 neque
2966 4292 3241 4362 veStigium
3273 4293 3486 4348 malitiae
3510 4296 3762 4367 relinqui,

2176 4379 2270 4434 sed
2297 4381 2448 4450 quasi
2475 4380 2858 4437 elementorum
2890 4384 3285 4439 renovationem
3305 4386 3588 4456 quamdam
3609 4386 3758 4443 ﬁeri:

2175 4469 2312 4526 sicut
2337 4470 2506 4527 bonus
2531 4471 2740 4540 artifex,
2772 4473 2817 4529 si
2847 4474 3059 4543 quando
3083 4475 3222 4530 videt
3256 4490 3349 4531 vas
3376 4477 3588 4547 aliquod
3616 4482 3765 4537 inve-

2177 4568 2405 4617 teratum
2427 4575 2456 4616 a
2474 4561 2713 4634 rubigine
2734 4562 2883 4632 quasi
2904 4565 3165 4632 consumi,
3190 4565 3386 4635 injecto
3405 4582 3470 4621 eo
3492 4568 3542 4621 in
3563 4568 3756 4637 ignem,

2175 4653 2227 4708 id
2250 4665 2392 4708 curat
2421 4665 2473 4708 ut
2492 4655 2743 4725 quidquid
2772 4656 2930 4710 habet
2961 4656 3216 4726 rubiginis
3239 4657 3489 4726 deponat,
3509 4668 3565 4713 et
3586 4669 3756 4715 trans-

2174 4744 2459 4800 furtnatum
2491 4747 2542 4800 in
2574 4747 2849 4815 pristinum
2881 4747 3126 4803 decorem
3161 4747 3378 4803 reducat
3418 4767 3431 4803 :
3472 4750 3542 4805 ita
3572 4759 3626 4805 et
3661 4754 3757 4807 Do-

2173 4836 2349 4891 minus
2374 4845 2557 4890 noster
2583 4845 2749 4890 totum
2777 4839 2958 4891 orbem
2983 4837 3085 4893 hoc
3109 4838 3310 4894 diluvio
3337 4842 3609 4910 purgavit,
3638 4853 3692 4897 et
3720 4858 3751 4897 a

2174 4927 2369 4981 malitia
2393 4926 2688 4989 hominum,
2719 4935 2777 4980 ut
2804 4927 2875 4981 ita
2903 4928 3094 4990 dicam,
3124 4937 3178 4984 et
3205 4944 3234 4983 a
3256 4931 3686 5001 coinquinatiouc
3707 4943 3760 4987 et

2171 5018 2511 5088 corruptione
2533 5017 2692 5071 multa
2715 5018 2979 5085 liberavit,
3003 5029 3059 5074 et
3076 5019 3252 5075 denuo
3271 5021 3385 5091 ejus
3408 5022 3651 5077 restituta
3681 5023 3756 5077 fa-

2169 5109 2272 5175 cie,
2294 5106 2648 5179 pulchriorem
2681 5108 2822 5174 fecit,
2847 5109 2916 5163 ita
2947 5117 3003 5163 ut
3030 5124 3134 5165 non
3159 5111 3458 5179 permiserit
3479 5113 3562 5167 vel
3592 5116 3756 5168 vesti-

2167 5201 2310 5272 gium
2344 5200 2532 5270 prioris
2552 5198 2900 5256 deformitatis
2920 5201 3164 5272 relinqui.
3190 5202 3430 5258 Exaltata
3449 5213 3537 5272 est,
3570 5205 3755 5275 inquit,

2167 5309 2318 5362 super
2341 5301 2529 5346 montes
2548 5293 2830 5363 quindecim
2857 5292 3035 5347 cubitis
3062 5311 3211 5363 aqua.
3234 5293 3349 5349 Non
3376 5295 3471 5351 abs
3493 5309 3550 5351 re
3580 5308 3758 5350 narrat

2172 5385 2284 5440 haec
2314 5383 2585 5453 Scriptura
2607 5427 2623 5451 ,
2651 5384 2744 5440 sed
2774 5393 2826 5439 ut
2850 5384 3115 5440 discamus
3148 5400 3255 5441 non
3293 5389 3464 5443 solum
3491 5388 3755 5454 homines.

2163 5479 2402 5554 jumenta
2421 5517 2434 5541 ,
2464 5476 2857 5547 quadrupedes,
2886 5477 3094 5546 reptilia
3122 5478 3395 5533 submersa
3425 5480 3589 5536 fuisse
3612 5521 3629 5546 ,
3658 5484 3754 5537 sed

2171 5579 2220 5624 et
2245 5571 2485 5626 volucres
2502 5571 2642 5638 ca-li,
2668 5578 2720 5626 et
2740 5583 3087 5641 quascumque
3106 5571 3159 5627 in
3186 5572 3453 5630 montibus
3466 5568 3756 5641 degebant.
