4102 6204
245 297 348 356 227

242 412 397 467 τεινά
424 410 520 466 τοῦ
549 410 802 485 οὐρανοῦ,
827 411 921 466 ml
945 411 1048 465 ὅσα
1082 409 1141 465 ἐν
1171 409 1283 488 τοῖς
1307 410 1458 482 δρεσι
1486 411 1728 485 διῃτᾶτο,
1752 412 1917 485 θηρία

243 498 391 571 λέγω
422 499 517 554 ml
538 498 701 565 ἐτερα
722 499 891 567 ἀλογα
923 498 1057 563 ζῶα.
1083 498 1182 551 Διά
1202 497 1361 552 τοῦτό
1384 515 1540 570 φησι,
1563 499 1676 553 Kal
1705 499 1916 568 ὑψώθη

244 587 447 643 ἐπάνω
490 586 611 642 τῶν
635 588 821 656 ὀρέων
850 586 1184 642 δεκαπέντε
1224 584 1462 656 πήχεις,
1492 587 1580 641 ῖνα
1631 586 1806 658 μάθῃς
1835 588 1917 642 ὅτι

242 673 312 728 τὰ
328 673 427 744 τῆς
449 673 778 742 ἀποφάσεως
794 672 890 726 τοῦ
913 673 1187 727 Δεσπότου
1208 673 1287 737 είς
1307 672 1466 744 ἐργον
1488 672 1737 743 ἐξῆλθενο
1762 671 1916 741 ἔλεγε

242 760 373 834 γάρ,
403 761 485 815 δτι
523 762 643 815 Ἕτι
669 759 819 814 ἐπτὰ
849 760 1082 830 ἡμέραι,
1109 759 1209 815 καί
1246 759 1448 831 ἐπάγω
1482 757 1917 828 κατακλυσμὸν

240 848 339 903 ἐπὶ
369 846 484 917 τὴν
510 846 652 918 γῆν,
694 848 793 902 καὶ
820 847 1123 916 ἐξαλείψω
1156 846 1403 903 ἅπασαν
1429 845 1546 916 τὴν
1577 844 1914 912 ἐξανάστα-

241 952 368 1003 σιν,
409 933 492 1004 ἣν
519 935 800 1003 ἐποίησα,
833 933 953 989 ἀπὸ
980 933 1305 1002 προσώπου
1340 930 1450 1001 τῆς
1477 932 1614 1002 τῆς,
1645 933 1766 988 ἀπὸ
1808 933 1915 988 ἀν-

240 1020 476 1091 θρώπου
499 1022 612 1089 ἕως
638 1020 920 1090 κτήνους,
946 1021 1044 1075 καὶ
1070 1020 1188 1075 ἀπὸ
1212 1018 1476 1088 ἑρπετῶν
1491 1019 1603 1087 ἕως
1627 1017 1916 1076 πετεινῶν

240 1108 348 1164 τοῦ
375 1108 658 1178 οίφανοῦ.
687 1108 798 1179 Οὐχ
826 1108 913 1161 ἴνα
944 1107 1125 1161 τοίνυν
1168 1106 1353 1172 ἁπλῶς
1378 1105 1476 1178 τὴν
1521 1108 1603 1171 είς
1640 1106 1773 1177 ὐψος
1803 1108 1913 1162 τῶν

240 1194 446 1251 ὑδάτων
474 1195 720 1268 κορυφὴν
749 1196 898 1267 ήμᾶς
928 1193 1116 1268 διδάξῃ
1134 1234 1150 1260 ,
1183 1195 1216 1265 ή
1249 1193 1369 1249 θεία
1403 1193 1595 1268 Γραφὴ
1632 1193 1807 1248 ταῦτα
1836 1194 1912 1249 δι-

238 1284 475 1352 ηγεῖται,
513 1282 626 1336 ἀλλ’
654 1282 742 1335 ῖνα
780 1280 918 1352 μετὰ
944 1280 1134 1334 τούτου
1185 1280 1416 1335 συνιδεῖν
1457 1278 1794 1352 δυνηθῶμεν,
1828 1280 1911 1335 ὅτι

235 1367 389 1422 οὐδὲν
412 1367 568 1432 ὅλως,
589 1368 650 1421 οὐ
683 1367 790 1422 τῶν
816 1367 1051 1437 ἀλόγων,
1081 1368 1143 1421 οὐ
1171 1366 1280 1421 τῶν
1306 1366 1533 1439 θηρίων,
1553 1367 1618 1421 οὐ
1643 1369 1752 1422 τῶν
1774 1383 1910 1439 κτη-

238 1454 347 1508 νῶν
383 1454 714 1526 ὑπελείφθη,
757 1454 893 1509 ἀλλά
945 1455 1121 1509 πάντα
1166 1453 1457 1527 ἐξηλείφθη
1491 1454 1629 1526 μετά
1673 1455 1767 1509 τοῦ
1801 1455 1910 1511 τῶν

235 1540 538 1612 ἀνθρώπων
560 1540 772 1610 γένους.
790 1541 1007 1613 Ἐπειδὴ
1041 1540 1110 1595 δι’
1138 1541 1301 1596 αὐτὸν
1323 1541 1540 1597 ἅπαντα
1565 1541 1737 1596 ταῦτα
1764 1559 1908 1615 παρ-

234 1627 606 1699 ήχθη,τούτου
635 1628 923 1699 μέλλοντος
946 1628 1326 1698 ἀφανίζεσθαι,
1348 1630 1574 1693 εἰκότως
1609 1632 1704 1684 ml
1734 1629 1910 1685 ταῦτα

230 1713 594 1768 συναπολαύει
635 1714 736 1785 τῆς
772 1714 1069 1778 ἀπωλείας.
1098 1711 1232 1769 Εἶτα
1269 1715 1458 1788 ἐπειδὴ
1493 1716 1733 1781 ἐδίδαξεν
1761 1719 1909 1790 ἡμᾶς
1938 1726 1945 1731 ’

227 1803 314 1866 είς
352 1803 478 1856 ὅσον
508 1801 642 1873 ύψος
677 1801 1002 1874 ἐκορυφώθη
1037 1802 1147 1856 τῶν
1176 1802 1381 1857 ὑδάτων
1405 1805 1440 1874 ή
1474 1803 1655 1874 φύσις,
1684 1805 1779 1859 καὶ
1822 1807 1905 1860 ὅτι

225 1888 542 1961 ὑπερανέϐη
576 1889 674 1953 τὰς
704 1887 950 1960 κορυφὰς
981 1887 1090 1944 τῶν
1123 1889 1295 1961 ὀρέων
1333 1890 1552 1962 ἐτέρους
1582 1890 1715 1945 δέκα
1745 1893 1906 1947 πέντε

222 1977 450 2048 πήχεις,
493 1975 592 2048 τὴν
634 1977 835 2047 ἐαυτῆς
867 1975 1155 2047 ἀκρίϐειαν
1190 1977 1507 2048 μιμουμένη
1543 1977 1703 2031 πάλιν
1735 1980 1902 2050 φησί’

224 2063 342 2117 Kal
372 2061 636 2117 ἀπέθανε
653 2061 824 2117 πᾶσα
842 2060 1003 2130 σὰρξ
1030 2052 1354 2130 κινουμένη
1379 2062 1478 2116 ἐπὶ
1509 2062 1619 2131 τῆς
1641 2064 1778 2133 γῆς,
1804 2065 1908 2120 καί

221 2145 537 2211 πετεινῶν,
567 2145 667 2200 καὶ
706 2143 827 2198 τῶν
856 2144 1097 2212 θηρίων,
1134 2143 1233 2197 καί
1265 2143 1390 2199 πᾶν
1419 2145 1673 2212 ἑρπετὸν
1703 2150 1905 2203 κινού-

221 2249 415 2302 μενον
444 2232 544 2286 ἐπὶ
577 2230 689 2300 τῆς
716 2228 866 2301 τῆς,
899 2229 1000 2284 καί
1033 2229 1152 2297 πᾶς
1198 2230 1538 2301 ἅνθρωπος,
1571 2234 1672 2289 καὶ
1708 2235 1907 2291 πάντα

226 2319 349 2374 ὅσα
387 2319 513 2388 ἔχει
542 2316 742 2387 πνοὴν
766 2314 938 2387 ζωῆς,
964 2316 1061 2371 καὶ
1092 2316 1213 2385 πᾶς
1243 2317 1312 2385 ὃς
1346 2314 1427 2390 ἦν
1445 2321 1545 2375 ἐπὶ
1581 2320 1687 2391 τῆς
1718 2321 1907 2390 ξηρᾶς

225 2406 548 2462 ἀπέθανεν.
575 2405 688 2475 υύχ
716 2403 903 2468 ἁπλῶς
936 2404 1155 2475 ⁴ῃνίξοιτο
1181 2404 1434 2475 λέγουσα,
1459 2408 1570 2463 Kal
1595 2409 1716 2476 πᾶς
1736 2409 1806 2476 ὃς
1826 2407 1907 2482 ἦν

222 2492 328 2548 ἐπὶ
362 2490 473 2562 τῆς
498 2490 708 2560 ξηρᾶς,
739 2490 853 2545 ἀλλ’
878 2491 965 2545 ἴνα
996 2508 1054 2557 σε
1087 2491 1294 2564 διδάξῃ,
1314 2493 1396 2546 ὅτι
1426 2495 1628 2560 πάντες
1665 2496 1764 2568 μὲν
1793 2498 1902 2553 ἀπ·

222 2579 508 2643 ολώλασιν,
532 2582 560 2634 ό
582 2579 637 2633 δὲ
657 2578 864 2643 δίκαιος
892 2579 1050 2651 μόνος
1073 2578 1213 2650 μετά
1229 2579 1338 2638 τῶν
1357 2582 1414 2635 ἐν
1438 2584 1506 2653 τῇ
1531 2582 1749 2655 κιϐωτῷ
1770 2585 1904 2640 πάν-

221 2687 336 2723 των
353 2667 606 2739 διεσώθη.
625 2668 852 2721 Ἐκεῖνοι
868 2666 975 2738 γὰρ
993 2667 1375 2739 προλαϐόντες,
1391 2670 1533 2724 κατά
1546 2670 1643 2742 τὴν
1658 2670 1750 2726 τοῦ
1769 2672 1915 2751 Θεοῦ.

216 2756 489 2829 διαταγὴν
520 2754 916 2818 καταλιπόντες
941 2754 1040 2825 τὴν
1072 2754 1263 2826 ξηράν,
1286 2756 1389 2828 τὴν
1417 2757 1648 2813 κιϐωτὸν
1682 2761 1901 2816 κατέλα-

213 2845 341 2899 ϐον.
371 2842 483 2900 Kal
510 2842 797 2912 ἐξήλειψε
829 2840 955 2897 πᾶν
980 2843 1047 2896 τὸ
1067 2841 1408 2912 ἀνάστημα,
1432 2844 1468 2900 ὃ
1488 2842 1568 2916 ἦν
1591 2846 1690 2901 ἐπὶ
1715 2863 1907 2917 προσ-

206 2931 389 2986 ώπου
423 2928 628 2998 πάσης
660 2928 772 2998 τῆς
804 2927 941 3000 τῆς,
982 2927 1102 2983 ἀπὸ
1133 2928 1450 2997 ἀνθρώπου
1477 2928 1589 2996 ἕως
1617 2932 1856 3000 κτήνων
1880 2972 1898 3000 ,

206 3017 324 3073 καὶ
348 3015 632 3086 ἑρπετῶν,
664 3013 765 3070 καί
789 3013 1077 3069 πετεινῶν
1101 3014 1207 3069 τοῦ
1235 3016 1514 3085 οὐρανοῦ,
1542 3017 1642 3071 καὶ
1673 3017 1902 3086 ἐξηλεί-

158 3091 166 3101 ’
202 3110 469 3177 φθησαν
488 3104 605 3159 ἀπὸ
630 3101 741 3172 τῆς
763 3101 897 3172 γῆς.
922 3101 1065 3173 Ὅρα
1089 3101 1208 3165 πῶς
1229 3103 1325 3155 ml
1354 3101 1501 3171 ἀπαξ
1530 3105 1624 3158 ml
1651 3104 1902 3178 δεύτερον

207 3195 318 3248 καὶ
345 3192 605 3255 πολλάκις
622 3190 721 3262 τὴν
742 3188 988 3245 πανωλεθ
997 3188 1116 3261 ρίαν
1131 3188 1369 3245 διδάσκει
1386 3189 1485 3262 τὴν
1505 3194 1899 3265 γεγενημένην,

211 3282 319 3336 καὶ
337 3282 420 3334 δτι
445 3280 596 3334 οὐδὲν
620 3278 731 3333 τῶν
753 3279 920 3334 ὄντων
950 3278 1225 3348 διέφυγεν,
1256 3276 1393 3332 ἀλλά
1430 3278 1632 3343 πάντες
1660 3280 1765 3335 ὐπὸ
1791 3282 1903 3337 τῶν

214 3368 433 3423 ὑδάτων
459 3366 863 3438 ἀπεπνίγησαν,
897 3366 994 3420 καὶ
1024 3365 1087 3419 rb
1124 3364 1235 3419 τῶν
1273 3363 1575 3435 ἀνθρώπων
1603 3367 1779 3435 γένος,
1811 3370 1904 3423 ml

213 3456 282 3512 rb
318 3456 429 3509 τῶν
457 3454 686 3523 ἀλόγων.
715 3453 826 3508 Kal
864 3454 1254 3522 κατελείφθη,
1290 3453 1451 3521 φησὶ,
1501 3453 1690 3522 μόνος
1739 3455 1900 3523 Νῶε,

214 3540 324 3596 καὶ
355 3541 411 3594 οι
434 3539 563 3609 μετ’
593 3537 780 3593 αὐτοῦ
809 3538 880 3592 ἐν
903 3537 980 3607 τῇ
1006 3537 1251 3603 κιϐωτῷ.
1279 3537 1389 3590 Kal
1420 3536 1630 3605 ὑψώθη
1653 3538 1722 3593 τὸ
1745 3541 1903 3610 ὕδωρ

215 3626 327 3681 ἐπὶ
376 3625 489 3694 τῆς
528 3624 645 3695 τῆς
688 3622 909 3679 ἑκατὸν
948 3622 1330 3691 πεντήκοντα
1372 3623 1616 3694 ἡμέρας.
1655 3627 1779 3679 Ἐπὶ
1815 3643 1904 3682 το-

218 3713 453 3779 σαύτας,
483 3714 668 3785 φησὶν,
701 3712 917 3784 ἡμέρας
940 3724 966 3754 ι
995 3711 1177 3782 ἔμεινε
1208 3710 1616 3783 κορυφούμενον
1644 3710 1706 3765 τὸ
1735 3711 1899 3786 ὕδωρ.

231 3801 440 3856 Ἐννόει
467 3817 560 3871 μοι
585 3798 748 3853 πάλιν
770 3797 1003 3854 ἐνταῦθα
1025 3797 1119 3852 τοῦ
1142 3797 1350 3852 δικαίου
1378 3797 1477 3870 τὴν
1498 3798 1903 3871 μεγαλοψυχίαν

215 3887 442 3959 καὶτῆς
466 3886 719 3957 ἀνδρείας
748 3885 849 3957 τὴν
880 3884 1208 3957 ὑπερϐολήν.
1235 3884 1301 3938 Τί
1328 3885 1429 3939 οὐκ
1454 3884 1521 3942 ἂν
1549 3886 1750 3943 ἔπαθεν
1772 3888 1904 3943 ὑπο-

214 3971 456 4044 γράφων
484 3972 553 4042 τῇ
582 3968 792 4040 διανοίᾳ
825 3967 920 4023 ml
946 3967 1108 4040 ὀρῶν,
1129 3968 1205 4033 ὡς
1236 3969 1434 4034 εἰπεῖν,
1455 3967 1534 4041 τῷ
1565 3968 1809 4043 λογισμῷ
1834 3972 1902 4027 τά

216 4056 459 4128 σώματα
481 4057 551 4111 τὰ
590 4054 927 4128 ἀνθρώπινα,
959 4057 1055 4110 καὶ
1082 4054 1234 4128 [2M]
1265 4057 1335 4110 τά
1379 4055 1488 4111 τῶν
1527 4057 1760 4129 κτηνῶν,
1794 4058 1903 4114 τῶν

214 4143 487 4215 καθαρῶν
518 4147 612 4197 καὶ
650 4141 762 4197 τῶν
794 4142 1154 4215 ἀκαθάρτων,
1183 4144 1277 4197 τὸν
1308 4143 1484 4198 κοινὸν
1514 4144 1741 4201 θάνατον
1771 4147 1904 4202 ὑπο-

217 4231 510 4305 μείναντα,
542 4230 638 4284 ml
675 4228 813 4301 ὁμοῦ
859 4230 1208 4303 πεφυρμένα,
1233 4232 1329 4286 ml
1357 4232 1615 4304 οὐδεμίαν
1640 4233 1902 4308 διαφοράν

210 4317 567 4390 γενομένην;
608 4317 718 4371 Kal
760 4317 900 4389 μετά
938 4317 1131 4373 τούτου
1176 4318 1361 4385 πάλιν,
1392 4320 1610 4375 ἐπειδὰν
1632 4320 1662 4362 δ
1689 4321 1751 4376 rb
1782 4323 1902 4378 καθ’

214 4406 417 4462 ἐαυτὸν
447 4403 923 4475 ἀναλογιζόμενος,
956 4402 1056 4477 τὴν
1096 4405 1355 4477 μόνωσιν,
1381 4405 1480 4479 τὴν
1517 4408 1775 4481 ἐρημίαν,
1802 4410 1902 4483 τὴν

211 4493 500 4565 διαγωγὴν
523 4492 740 4565 ἐκείνην
770 4492 869 4573 τὴν
894 4493 1181 4566 ὀδυνηρὰν,
1206 4495 1302 4551 ml
1321 4496 1579 4568 οὐδεμίαν
1603 4499 1903 4572 οὐδαμόθεν

217 4579 604 4652 παραμυθίαν,
652 4579 755 4635 οὐκ
782 4580 893 4635 ἀπὸ
936 4581 1248 4653 συντυχίας,
1283 4584 1385 4638 οὐκ
1432 4583 1540 4639 ἀπὸ
1578 4585 1742 4653 θέας,
1786 4587 1903 4643 ἀλλ’

215 4667 350 4724 οὐδὲ
372 4669 467 4723 rbv
484 4668 679 4741 χρόνον
698 4668 857 4734 εἰδὼς
881 4668 1146 4741 ἀκριϐῶς,
1169 4670 1334 4726 πόσον
1351 4672 1583 4744 ήμελλεν
1609 4675 1901 4748 ἀνέχεσθαι

212 4754 327 4825 τῆς
370 4756 429 4809 ἐν
462 4756 541 4826 τῷ
580 4757 940 4828 δεσμωτηρίῳ
982 4757 1177 4828 ἐκείνῳ
1202 4758 1512 4831 διαγωγῆς;
1561 4762 1706 4827 Ἕως
1734 4762 1842 4836 γὰρ
1873 4766 1904 4819 ό
1934 4774 1939 4779 ’

215 4841 434 4905 κτύπος
454 4841 563 4895 τῶν
589 4842 795 4896 ὑδάτων
814 4845 910 4897 ml
933 4844 963 4898 ό
985 4844 1230 4915 πάταγος
1247 4840 1336 4917 ἦν,
1357 4846 1479 4901 καθ’
1503 4848 1742 4922 ἑκάστην
1768 4850 1904 4922 ἠμέ-

216 4946 328 5002 ραν
359 4927 677 5000 ἀκμάζοντα
704 4928 856 5001 αὐτῷ
880 4930 942 4985 rb
983 4933 1148 5001 φόϐον
1192 4934 1556 5005 ἐνειργάζετο.
1601 4938 1667 4990 Τί
1695 4939 1803 5011 γάρ
1833 4935 1904 5012 ἦν

211 5016 374 5079 εἰκὸς
406 5015 570 5073 αὐτὸν
615 5018 856 5090 χρηστὸν
890 5019 1229 5076 ὑποπτεῦσαι
1251 5061 1269 5088 ,
1313 5021 1530 5094 ὁρῶντα
1568 5025 1661 5079 ἐπὶ
1708 5027 1903 5082 ἐκατὸν

213 5104 576 5175 πεντήκοντα
604 5104 824 5177 ἡμέρας
876 5108 970 5161 ἐπὶ
1000 5108 1100 5181 τῆς
1132 5108 1459 5182 ταυτότητος
1486 5112 1555 5165 τά
1593 5111 1762 5169 ὕδατα
1808 5113 1904 5187 μέ-

212 5207 413 5256 νοντα,
436 5192 531 5245 ml
553 5191 633 5256 είς
656 5191 791 5263 ὑψος
806 5193 1149 5267 ἐγειρόμενα,
1178 5197 1273 5251 ml
1293 5196 1413 5250 οὐδὲ
1435 5199 1502 5251 rb
1519 5199 1681 5270 τυχὸν
1712 5200 1906 5273 λήγον-

209 5294 329 5342 ra;
371 5273 513 5331 Ἀλλ’
548 5279 700 5349 ὅμως
727 5278 890 5353 ἔφερε
918 5282 1202 5351 γενναίως,
1230 5283 1385 5349 εἰδὼς
1413 5285 1508 5339 τοῦ
1544 5288 1814 5343 Δεσπότου
1842 5291 1905 5345 rb

210 5365 562 5436 εὐμήχανον,
603 5367 702 5421 ml
744 5369 825 5422 ὄτι
856 5369 1186 5442 δημιουργὸς
1209 5371 1285 5425 ὢν
1317 5372 1418 5443 τῆς
1443 5372 1657 5442 φύσεως
1687 5376 1905 5433 ἅπαντα

213 5454 375 5507 ποιεῖ
397 5453 495 5506 ml
519 5454 916 5523 μετασκευάζει
946 5456 1082 5529 πρὸς
1100 5457 1128 5509 ὃ
1157 5457 1428 5529 βούλεται,
1456 5460 1551 5514 ml
1573 5462 1671 5516 οὐκ
1693 5462 1905 5534 ἐδυσχέ-

213 5555 383 5613 ραινε
410 5539 547 5611 πρὸς
569 5539 671 5611 τὴν
691 5540 871 5593 ἐκεῖσε
899 5540 1195 5614 διαγωγήν,
1234 5546 1299 5599 Ἠ
1328 5545 1438 5617 γάρ
1467 5546 1561 5600 τοῦ
1584 5545 1723 5601 Θεοῦ
1763 5548 1903 5620 ῥοπὴ

292 5725 323 5798 ξ
349 5724 501 5798 ξείνη..
519 5732 581 5798 gl
602 5731 957 5798 qginqqqmsg.
980 5727 1345 5798 ἐπὶ-τοσαύταις,
1371 5734 1527 5798 φησίν,
1544 5735 1754 5798 ἡμέραις.

289 5782 332 5857 ιζ
352 5786 498 5838 Putat
517 5782 1019 5857 SayjliOSVdelerJum
1053 5790 1258 5857 ἐπειδάν,
1293 5782 1389 5857 α’ὁί
1411 5782 1588 5844 ἐαίιέιίί
1615 5782 1897 5847 ιῇυιᾶηόυηι

216 5852 277 5901 ιη
309 5848 499 5915 tanta;
537 5849 655 5898 mihi
677 5851 1088 5915 sequgvidelur;
1112 5848 1254 5915 nihil
1283 5856 1412 5905 enim
1455 5861 1631 5915 preler
1674 5871 1813 5909 usum
1849 5865 1901 5909 et

214 5920 420 5959 morem
442 5910 769 5972 (λιι-δεκετοωὶ
802 5911 880 5962 hic
908 5913 1175 5976 conspicio.

1419 294 1486 353 IN
1522 294 1677 356 CAP.
1718 297 1815 355 VII
1849 295 2100 357 GENES.
2139 298 2373 358 HOMIL.
2415 301 2576 359 XXV.

3584 311 3688 367 228

2024 418 2474 489 συνεφαπτομένη
2520 416 2744 488 ἐνεύρου
2783 418 2948 472 αὐτοῦ
2980 416 3077 491 τὴν
3113 418 3443 491 προθυμίαν,
3478 425 3569 477 ml
3598 428 3690 495 dp-

2019 495 2223 551 κοῦσαν
2266 500 2496 570 παρεῖχε
2525 496 2917 568 παραμυθίαν,
2948 498 3049 551 οὐκ
3104 499 3326 569 ἀφιεῖσα
3360 507 3691 557 καταπεσεῖν

2015 574 2142 638 τούς
2173 575 2488 647 λογισμοὺς,
2511 576 2606 629 ml
2633 574 2750 628 οὐδὲ
2778 576 3001 643 ἀγεννές
3026 593 3080 629 τι
3108 588 3131 615 ο
3155 580 3250 630 καὶ
3270 579 3530 650 ἄνανδρον
3553 580 3692 648 λογί-

2022 651 2235 707 σασθαι.
2263 653 2483 725 Ἐπειδὴ
2510 652 2619 724 γάρ
2643 652 2931 725 προλαϐὼν
2958 654 3027 708 τά
3050 657 3180 726 παρ’
3202 656 3398 710 ἐαυτοῦ
3424 659 3687 730 παρέσχε,

2013 732 2112 799 τῆς
2135 731 2336 802 ἀρετῆς
2358 731 2457 803 τὴν
2483 731 2790 801 ἀκρίϐειαν,
2808 733 2908 803 τῆς
2933 732 3276 804 δικαιοσύνης
3297 735 3394 805 τὴν
3416 737 3685 801 ἐπίτασιν,

2013 807 2113 878 τῆς
2145 810 2381 873 πίστεως
2413 809 2510 881 τὴν
2534 809 2857 882 ὑπερϐολὴν,
2894 812 2987 864 ml
3025 813 3093 865 τά
3119 812 3269 882 παρὰ
3296 813 3389 866 τοῦ
3417 816 3687 870 Δεσπότου

2013 884 2198 966 λοιπὸν
2226 886 2374 966 αὐτῷ
2426 888 2565 966 μετὰ
2602 887 2876 966 δαψιλείας
2917 890 3256 960 ἐχορηγεῖτο,
3287 891 3322 959 ἡ
3351 886 3618 964 ὑπομονὴ,
3652 896 3688 966 ἠ

2013 963 2254 1036 ἀνδρεία,
2283 965 2346 1019 rb
2377 965 2568 1037 πράως
2596 965 2812 1021 ἅπαντα
2840 967 3060 1038 φέρειν,
3104 967 3165 1021 rb
3211 968 3539 1039 ἀνασχέσθαι
3586 963 3690 1041 τῆς

2012 1044 2279 1115 οἰκήσεως
2298 1045 2400 1116 τῆς
2431 1047 2505 1099 ἐν’
2525 1048 2593 1117 τῇ
2622 1045 2863 1116 κιϐωτῷ,
2893 1046 2955 1100 rb
2988 1045 3252 1117 μηδεμίαν
3274 1047 3452 1119 λύμην
3481 1049 3688 1104 ἐκεῖθεν

2011 1122 2286 1191 δέξασθαι,
2317 1124 2377 1178 rb
2401 1125 2477 1196 μὴ
2506 1124 2890 1197 διαφθαρῆναι,
2918 1124 3052 1196 μηδὲ
3074 1124 3400 1197 δυσχερᾶναι
3418 1126 3518 1198 τὴν
3548 1127 3686 1199 μετά

2011 1200 2122 1256 τῶν
2157 1200 2368 1271 ἀλόγων
2395 1202 2691 1274 διαγωγήν.

2082 1278 2148 1344 ζ’.
2175 1279 2375 1333 Τοῦτον
2397 1276 2512 1347 οὗν,
2535 1279 2855 1352 παρακαλῶ,
2874 1278 2964 1334 τὸν
2987 1280 3196 1336 δίκαιον
3211 1282 3306 1337 ml
3323 1282 3486 1354 ἡμεῖς
3504 1281 3685 1354 μιμώ-

2015 1357 2176 1432 μεθα,
2215 1358 2307 1412 ml
2338 1359 2408 1412 τά
2445 1359 2576 1430 παρ’
2616 1358 2824 1413 ἑαυτῶν
2857 1359 3250 1430 σπουδάζωμεν
3278 1360 3571 1432 εἰσφέρειν,
3599 1361 3689 1416 ῖνα

2011 1431 2198 1499 ἀξίους
2222 1435 2449 1500 ἐαυτούς
2475 1435 2974 1506 κατασκευάσωμεν
2992 1438 3102 1492 τῶν
3129 1438 3283 1509 παρά
3309 1439 3402 1492 τοῦ
3432 1431 3566 1492 Θεοῦ
3586 1439 3689 1494 δω-

2013 1511 2174 1583 ρεῶν.
2198 1512 2299 1566 Διά
2329 1513 2486 1568 τοῦτο
2511 1514 2620 1587 γάρ
2646 1515 2905 1586 ἀναμένει
2930 1514 3028 1579 τάς
3056 1519 3186 1589 παρ’
3220 1516 3377 1588 ήμῶν
3409 1516 3684 1588 ἀφορμάς,

2013 1593 2101 1646 ἵνα
2133 1592 2335 1666 πολλὴν
2375 1594 2710 1668 ἐπιδείξηται
2752 1596 2851 1666 τὴν
2887 1594 3216 1666 φιλοτιμίαν.
3252 1596 3345 1669 Μὴ
3383 1596 3562 1650 τοίνυν
3598 1597 3686 1651 διὰ

2012 1670 2280 1743 ρᾳθυμίαν
2302 1675 2696 1748 ἀποστερῶμεν
2722 1675 2951 1736 ἐαυτούς
2971 1674 3081 1728 τῶν
3104 1676 3235 1746 παρ’
3254 1674 3421 1729 αὐτοῦ
3446 1674 3684 1747 δωρεῶν.

2009 1750 2144 1804 ἀλλά
2176 1750 2494 1823 σπεύδωμεν
2514 1793 2529 1817 ,
2575 1754 2667 1807 ml
2701 1750 3052 1822 ἐπειγώμεθα
3083 1753 3183 1823 τῆς
3225 1753 3403 1825 ἀρχῆς
3433 1753 3688 1807 ἐπιλαϐέ-

2012 1771 2144 1804 aula
2176 1771 2494 1823 σπευοωμεν
2514 1793 2529 1817 ,
2575 1771 2667 1807 και
2701 1771 3052 1822 επειγωμευα
3083 1771 3183 1823 της
3225 1771 3403 1884 αρὲῃς
3433 1771 3685 1807 επιΛαοε-

2012 1826 2157 1906 σθαι,
2187 1827 2280 1882 ml
2308 1832 2408 1901 τῆς
2436 1830 2556 1884 ὁδοῦ
2584 1831 2685 1902 τῆς
2711 1830 2803 1882 ἐπὶ
2827 1830 2924 1901 τὴν
2953 1829 3153 1902 ἀρετὴν
3180 1830 3292 1902 ἀψα
3366 1849 3438 1888 αι,
3476 1833 3560 1885 ἵνα
3586 1831 3685 1901 τῆς

2008 1904 2213 1962 ἄνωθεν
2237 1908 2551 1980 συμμαχίας
2573 1907 2959 1973 ἀπολαύοντες,
2990 1908 3084 1961 ml
3118 1910 3253 1980 πρὸς
3282 1910 3344 1963 rb
3369 1908 3518 1973 τέλος
3550 1908 3686 1977 φθά-

2009 2002 2100 2039 σαι
2131 1985 2467 2058 δυνηθῶμεν.
2505 1987 2641 2040 Ούδέ
2669 1986 2778 2057 γὰρ
2810 1980 2920 2039 οἷόν
2948 1987 3006 2039 τέ
3036 2003 3091 2038 τι
3119 1987 3353 2057 χρηστὸν
3380 1990 3530 2057 ἡμᾶς
3551 2002 3684 2040 ποτε

2009 2064 2352 2135 κατορθῶσαι
2379 2064 2455 2135 μὴ
2474 2066 2573 2136 τῆς
2605 2064 2812 2118 ἀνωθεν
2844 2063 3020 2134 ῥοπῆς
3047 2064 3482 2128 ἀπολαύσαντας.
3500 2065 3685 2118 Καθά-

2008 2159 2116 2213 περ
2142 2138 2237 2196 οὗν
2264 2145 2361 2208 είς·
2373 2143 2622 2214 ἄγκυραν
2648 2140 2863 2212 ἀσφαλῆ
2891 2142 2998 2195 ’καὶ
3030 2141 3262 2214 βεϐαίαν
3288 2141 3685 2214 ἐξαρτήσαντες

2008 2212 2233 2285 ἑαυτοὺς
2258 2221 2357 2292 τῆς
2394 2222 2476 2285 είς
2497 2212 2588 2275 τὸν
2612 2220 2744 2274 Θεὸν
2775 2219 3007 2286 ἐλπίδος,
3039 2218 3214 2284 οὕτως
3240 2212 3459 2291 ὦμενά,
3478 2212 3576 2274 καὶ
3606 2221 3682 2289 μὴ

2009 2297 2146 2368 πρὸς
2175 2302 2268 2354 τὸν
2308 2298 2471 2353 πόνον
2505 2298 2792 2370 βλέπωμεν
2833 2299 2935 2369 τῆς
2967 2298 3187 2369 ἀρετῆς,
3232 2297 3370 2352 ἀλλά
3415 2299 3514 2369 τὴν
3547 2297 3686 2369 μετά

2005 2378 2098 2432 τὸν
2130 2378 2289 2432 πόνον
2312 2378 2543 2451 ἀμοιϐὴν
2566 2377 2900 2449 λογιζόμενοι
2926 2378 3143 2447 κούφως
3172 2378 3384 2432 ἅπαντα
3406 2378 3680 2448 φέρωμεν.

2019 2457 2172 2510 Ἐπεὶ⁵
2201 2458 2293 2509 καὶ
2318 2457 2579 2529 ἔμπορος,
2603 2456 2821 2510 ἐπειδὰν
2846 2456 2941 2510 τὸν
2969 2456 3162 2527 λιμένα
3194 2456 3443 2527 ἐκϐαίνῃ,
3471 2455 3565 2509 κα)⁸
3589 2453 3684 2507 τοῦ

2005 2534 2280 2603 πελάγους
2307 2538 2364 2588 ἐν
2396 2536 2545 2606 μέσῳ
2584 2534 2842 2605 γένηται,
2875 2535 2936 2590 οὐ
2979 2535 3103 2597 τοὺς
3137 2532 3403 2605 πειρατὰς
3431 2573 3444 2596 ,
3475 2533 3571 2586 καὶ
3615 2531 3685 2584 τά

2005 2616 2258 2684 ναυάγια,
2286 2615 2380 2668 ml
2410 2614 2481 2670 τὰ
2519 2613 2687 2685 θηρία
2714 2615 2784 2668 τὰ
2817 2614 2958 2667 κατὰ
2987 2612 3284 2675 θάλασσαν,
3313 2611 3408 2665 ml
3440 2611 3539 2674 τάς
3575 2609 3684 2662 τῶν

2004 2694 2224 2765 ἀνέμων
2268 2693 2523 2763 ἐμϐολὰς,
2565 2694 2659 2747 ml
2704 2694 2832 2755 τοὺς
2872 2691 3206 2762 ἐπαλλήλους
3246 2691 3556 2762 χειμῶνας,
3589 2690 3684 2741 ml

2003 2773 2304 2843 ἀποτυχίας
2317 2771 2588 2841 λογίζεται
2606 2771 2785 2842 μόνον,
2803 2770 2936 2825 ἀλλά
2964 2771 3059 2825 ml
3082 2770 3150 2824 τά
3173 2770 3313 2841 μετά
3332 2769 3391 2821 rb
3405 2768 3686 2838 διαφυγεῖν

2002 2850 2178 2906 ταῦτα
2206 2850 2610 2922 προσγινόμενα
2639 2848 2802 2919 κέρδη
2823 2890 2838 2911 ,
2869 2849 2961 2901 ml
2992 2846 3144 2919 [242]
3167 2850 3232 2919 τῇ
3275 2845 3449 2899 ἐλπίδι
3485 2846 3683 2915 τρεφό-

2008 2945 2169 3001 μενος
2191 2927 2407 2983 ἀπαντα
2436 2929 2555 2999 μετ’
2585 2927 2838 2990 εὐκολίας
2868 2926 3223 2996 καταδέχεται
3243 2923 3310 2978 τά
3343 2922 3685 2994 προλαϐόντα

2008 3007 2278 3081 μοχθηρὰ,
2305 3007 2393 3061 ἵνα
2430 3007 2650 3060 πλείονα
2683 3005 3045 3077 περιϐάληται
3080 3006 3358 3075 χρήματα,
3389 3002 3483 3056 καὶ
3511 3000 3683 3063 οὓτως

2004 3087 2185 3143 οἶκαδε
2213 3085 2506 3158 ἐπανέλθῃ.
2530 3086 2639 3139 Καὶ
2679 3087 2707 3138 ὁ
2753 3086 2991 3155 γηπόνος
3030 3083 3085 3137 δὲ
3131 3084 3189 3136 οὐ
3225 3084 3352 3147 τούς
3397 3081 3538 3135 κατά
3583 3081 3684 3151 τὴν

2004 3167 2280 3239 γεωργίαν
2314 3167 2545 3237 μόχθους
2575 3166 2747 3219 ἐννοεῖ
2778 3164 2960 3236 μόνον,
2983 3164 3078 3216 ml
3106 3162 3207 3225 τὰς
3232 3161 3556 3233 ἐπομϐρίας,
3578 3160 3684 3239 καὶ

2003 3237 2248 3316 τῆςήγῆς
2281 3246 2378 3317 τὴν
2410 3243 2732 3314 ἀποτυχίαν,
2763 3242 2860 3296 ml
2896 3243 2996 3314 τῆς
3045 3241 3304 3313 ἐρυσίϐης
3342 3239 3443 3310 τὴν
3472 3237 3681 3317 ἔφοδον,

2005 3324 2101 3378 ml
2130 3324 2237 3378 τῶν
2269 3315 2508 3394 ἀκρίδων
2549 3322 2647 3393 τὴν
2685 3321 2897 3393 λύμην,
2932 3320 3067 3375 ἀλλά
3106 3321 3200 3373 ml
3222 3320 3320 3390 τὴν
3352 3319 3465 3372 ἀλω
3493 3318 3585 3372 ml
3615 3315 3685 3370 τά

2003 3403 2297 3476 δράγματα
2323 3402 2658 3473 ὑπογράφων
2682 3404 2796 3463 τοῖς
2819 3400 3121 3469 λογισμοῖς,
3142 3398 3360 3476 ᾶπαντα
3387 3396 3546 3476 φέρει
3567 3410 3685 3476 γεν-

2004 3472 2190 3545 ναίως,
2224 3472 2481 3550 οὐδεμίαν
2515 3478 2624 3532 τῶν
2658 3478 2837 3531 πόνων
2862 3478 3117 3547 αἴσθησιν
3145 3474 3440 3546 λαμϐάνων
3474 3473 3559 3525 διὰ
3584 3472 3684 3542 τὴν

2004 3557 2114 3610 τῶν
2154 3555 2408 3627 χρηστῶν
2441 3555 2804 3627 προσδοκίαν,
2855 3553 3036 3607 καίτοι
3087 3552 3287 3624 ἀδήλου
3331 3552 3430 3622 τῆς
3470 3551 3682 3613 ἐλπίδος

2005 3633 2194 3706 οὔσης,
2224 3633 2343 3688 ἀλλ’
2368 3635 2519 3705 ὅμως
2548 3635 2668 3696 ταῖς
2701 3632 3097 3704 χρηστοτέραις
3123 3631 3304 3684 ἐλπίσι
3328 3630 3680 3701 τρεφόμενος,

2004 3714 2107 3768 οὐκ
2135 3712 2471 3786 ἀπαγορεύει
2499 3711 2637 3784 πρὸς
2662 3713 2789 3776 τοὺς
2817 3712 3034 3775 πόνους,
3062 3709 3200 3765 ἀλλά
3231 3709 3408 3763 πάντα
3444 3708 3513 3762 τά
3551 3707 3683 3780 παρ’

2005 3791 2200 3847 ἐαυτοῦ
2235 3791 2499 3865 εἰσφέρει,
2526 3790 2813 3862 ἀναμένων
2841 3790 2950 3844 τῶν
2987 3790 3166 3844 πόνων
3190 3787 3375 3843 λαϐεῖν
3397 3787 3496 3852 τὰς
3525 3788 3684 3860 ἀμοι-

2005 3872 2125 3937 ϐάς.
2145 3870 2258 3926 Καὶ
2288 3873 2319 3925 ὁ
2360 3869 2699 3942 στρατιώτης
2738 3870 2797 3924 δέ
2828 3867 2990 3924 πάλιν
3014 3868 3159 3923 ϐπλα
3190 3866 3547 3940 περιτίθεται,
3587 3867 3683 3921 ml

2005 3952 2087 4016 είς
2117 3950 2210 4004 τὸν
2241 3950 2478 4021 πόλεμον
2526 3948 2693 4013 ἔξεισι
2716 3989 2732 4016 ,
2759 3949 2855 4003 καὶ
2891 3948 2995 4002 οὐκ
3024 3949 3195 4003 ἐννοεῖ
3228 3946 3388 4018 μόνον
3414 3946 3483 3999 τά
3512 3945 3683 4017 τραύ-

2008 4046 2157 4101 ματα
2196 4028 2292 4082 καὶ
2322 4027 2424 4091 τὰς
2463 4024 2701 4096 σφαγὰς,
2730 4026 2826 4079 καὶ
2851 4025 2949 4089 τὰς
2993 4025 3102 4079 τῶν
3130 4024 3407 4095 πολεμίων
3435 4024 3680 4093 ἐφόδους,

2005 4107 2101 4161 ml
2127 4106 2226 4171 τὰς
2257 4104 2422 4168 ἄλλας
2451 4103 2852 4175 ταλαιπωρίας,
2880 4103 3017 4158 ἀλλά
3044 4103 3142 4174 τὴν
3167 4103 3324 4173 νίκην
3346 4103 3439 4156 ml
3462 4102 3530 4156 τὰ
3557 4104 3684 4173 τρό-

2006 4178 2155 4241 παια’
2172 4182 2351 4254 ἐαυτῷ
2380 4181 2738 4254 ὑπογράφων,
2771 4182 2915 4236 οὕτω
2944 4182 3043 4253 τὴν
3070 4181 3179 4235 τῶν
3219 4180 3399 4235 ὃπλων
3442 4198 3680 4235 παντευ-

2004 4263 2129 4335 χίαν
2152 4260 2557 4334 περιϐάλλεται,
2581 4260 2673 4314 ml
2696 4260 2917 4330 ἀδηλίας
2946 4271 2970 4300 ο
3000 4258 3199 4330 πολλῆς
3231 4256 3396 4330 οὐσης
3423 4258 3516 4311 ml
3546 4259 3683 4313 ἀποο

2004 4341 2412 4412 τυχίας,πάντα
2438 4338 2678 4392 τοιοῦτον
2703 4337 3065 4409 ἀπωσάμενος
3092 4337 3374 4407 λογισμὸν,
3414 4338 3510 4390 ml
3542 4353 3681 4407 χρη-

2006 4420 2137 4484 στὰς
2165 4418 2384 4481 ἐλπίδας
2426 4416 2605 4483 ἐαυτῷ
2637 4416 2993 4488 ὑπογράφων,
3026 4415 3206 4470 πάντα
3239 4415 3395 4469 ὄκνον
3429 4415 3680 4468 ἀποτίθε-

2002 4515 2116 4564 ται,
2144 4499 2242 4552 ml
2285 4496 2464 4551 λαϐὼν
2492 4494 2563 4548 τά
2585 4495 2727 4550 ὅπλα
2762 4496 2898 4567 πρὸς
2931 4496 3030 4568 τὴν
3058 4495 3165 4548 τῶν
3199 4493 3472 4564 πολεμίων
3502 4494 3680 4563 παρά-

2003 4575 2157 4643 ταξιν
2208 4576 2373 4648 ὁρμᾷ.
2405 4576 2470 4630 El
2514 4573 2736 4637 τοίνυν,
2784 4574 3089 4645 ἀγαπητοὶ,
3124 4573 3219 4627 ml
3265 4572 3539 4643 ἔμπορος,
3584 4572 3679 4624 ml

2004 4656 2264 4727 γηπόνος,
2290 4653 2385 4709 ml
2416 4652 2776 4725 στρατιώτης,
2814 4652 2944 4706 ἐνθα
2972 4653 3065 4706 ml
3089 4651 3282 4722 άδηλος
3306 4652 3339 4719 ἠ
3375 4649 3550 4713 ἐλπὶς,
3582 4648 3678 4727 ml

2003 4733 2297 4805 ἀποτυχίαι
2340 4732 2588 4797 πλείους,
2621 4733 2716 4785 ml
2753 4730 2825 4783 τά
2866 4729 3192 4799 κωλύματα,
3229 4727 3481 4805 καθάπερ
3508 4726 3676 4797 ἡκού-

2005 4828 2160 4877 σατε,
2183 4803 2362 4864 πολλά
2391 4810 2484 4864 ml
2509 4808 2765 4878 διάφορα,
2795 4808 2889 4861 ml
2915 4808 3065 4877 ὅμως
3105 4805 3280 4871 οὐδεὶς
3320 4803 3525 4858 τούτων
3567 4805 3675 4857 ἀπ-

2005 4888 2286 4961 αγορεύων
2312 4889 2447 4960 πρὸς
2466 4887 2595 4952 τούς
2629 4885 2824 4948 πόνους
2855 4882 3153 4961 ἀφίσταται
3182 4882 3281 4953 τῆς
3304 4882 3675 4961 χρηστοτέρας

2005 4960 2237 5031 ἐλπίδος,
2271 4967 2432 5029 ποίας
2463 4964 2530 5019 ἂν
2556 4966 2717 5036 ἡμεῖς
2747 4961 3077 5032 συγγνώμης
3096 4960 3353 5031 τύχοιμεν
3375 4960 3676 5013 ἁποκνοῦν·

2003 5064 2096 5111 τες
2128 5047 2265 5119 πρὸς
2287 5046 2389 5118 τήν
2420 5043 2645 5117 ἀρετὴν,
2667 5045 2764 5097 ml
2791 5042 2915 5114 οὐχὶ⁹
2946 5041 3125 5096 πάντα
3163 5041 3325 5095 πόνον
3351 5040 3673 5110 αὐτομάτως

2005 5126 2451 5197 καταδεχόμενοι,
2485 5122 2659 5188 οὑτως
2687 5120 2965 5193 ἀσφαλοῦς
2991 5119 3156 5193 οὐσης
3189 5120 3286 5191 τῆς
3316 5119 3550 5184 ἐλπίδος,
3581 5121 3679 5173 ml

2005 5203 2274 5259 τοσούτων
2332 5202 2711 5273 ἀποκειμένων
2757 5202 2891 5273 ήμῖν
2927 5199 3037 5255 τῶν
3084 5197 3304 5269 ἀγαθῶν
3324 5239 3340 5266 ,
3392 5200 3485 5252 ml
3538 5200 3679 5270 μετά

2005 5285 2208 5357 πολλῆς
2237 5283 2338 5355 τῆς
2382 5281 2701 5355 περιουσίας
2728 5282 2966 5354 νικώσης
2992 5281 3092 5352 τῆς
3133 5280 3369 5351 ἀμοιϐῆς
3402 5278 3578 5333 πάντα
3608 5280 3678 5334 τὰ

2006 5365 2138 5437 παρ’
2169 5363 2324 5435 ἡμῶν
2349 5363 2607 5434 γινόμενα
2629 5380 2644 5430 ;
2671 5362 2869 5416 ΙἌκουε
2895 5361 3076 5415 τοίνυν
3099 5361 3192 5414 τοῦ
3231 5361 3498 5432 μακαρίου
3528 5361 3677 5414 Παύ-

2003 5460 2095 5496 ι.ου
2123 5443 2373 5512 λέγοντος
2403 5441 2540 5513 μετά
2563 5440 2830 5505 τοσαύτας
2857 5442 2952 5494 ml
2978 5439 3309 5512 τηλικαύτας
3330 5440 3557 5510 θλίψεις,
3581 5441 3679 5495 ml

2006 5526 2105 5590 τὰς
2139 5524 2464 5591 ἀπαγωγάς,
2498 5524 2592 5577 ml
2619 5523 2686 5576 τὰ
2715 5521 3088 5592 δεσμωτήρια,
3133 5520 3229 5573 ml
3252 5522 3378 5583 τοὺς
3414 5521 3677 5585 θανάτους

2071 5668 2094 5697 ε
2123 5665 2268 5717 Savil.
2295 5664 2429 5715 addit.
2451 5663 2630 5714 παθεῖν.

2071 5726 2271 5777 ἆ8υνί1.
2295 5731 2347 5775 el
2365 5732 2573 5788 quatuor
2614 5737 2730 5788 mss.
2758 5723 2908 5788 οὕτως
2948 5723 3126 5772 ἅπασιν
3159 5722 3457 5788 ἐγχειρῶμεν.
3494 5720 3674 5788 liora},

2011 5797 2063 5838 et
2087 5789 2172 5837 alii
2210 5788 2359 5842 οὕτως
2383 5784 2545 5847 ’ὦμεν,
2582 5787 2721 5835 etlta
2763 5784 2889 5847 legit
2927 5789 3174 5847 interpres
3214 5784 3532 5847 ιαὶίιιυςηθ
3575 5784 3676 5847 Διίι

2010 5851 2191 5906 ἀηδίας.
2220 5847 2345 5898 Infra
2362 5842 2777 5911 Sqﬁlﬁrrpbgrﬁv
2816 5842 2908 5896 τῶν
2949 5842 3186 5909 πολεμίων
3218 5846 3401 5911 ἔφοδον.
3443 5842 3679 5906 Alii-n96;

2009 5913 2093 5969 τήν
2116 5911 2209 5959 τῶν
2258 5909 2501 5971 πολεμίων
2537 5908 2730 5967 πληθύν.
