4102 6204
475 286 583 344 229

478 405 606 469 τούς
628 401 1052 474 καθημερινούς·
1085 406 1209 459 Οὐκ
1240 403 1379 470 ἀξια
1404 404 1478 459 τὰ
1516 404 1835 473 παθήματα
1881 402 1990 457 τοῦ
2022 401 2138 456 νῦν

480 490 686 559 καιροῦ
717 491 868 559 πρὸς
898 489 1015 559 τὴν
1039 491 1399 560 μέλλουσαν
1428 493 1618 555 δόξαν
1641 486 2140 560 ἀποκαλυφθῆναι

478 580 567 643 εἰς
605 577 778 645 ἡμᾶς.
810 577 928 632 Κάν
964 578 1083 633 καθ’
1116 580 1354 649 ἐκάστην
1387 580 1627 651 ἡμέραν,
1671 580 1845 649 φησὶ,
1887 576 2135 637 θανάτοις

479 664 704 725 ἑαυτοὺς
735 662 1000 734 ἐκδῶμεν,
1042 666 1179 736 ὅπερ
1228 666 1262 737 ἡ
1306 665 1467 734 φύσις
1512 666 1571 720 οὐ
1600 666 1846 737 δέχεται,
1877 665 1925 718 εί
1966 664 2060 717 καὶ
2103 665 2137 734 ἡ

479 748 673 821 γνώμη
705 750 911 804 νικῶσα
937 751 1037 821 τήν
1073 750 1234 821 φύσιν
1260 751 1348 805 διὰ
1387 752 1487 823 τὴν
1517 751 1610 806 τοῦ
1650 752 1920 805 Δεσπότου
1954 750 2142 820 φιλαν-

482 836 729 909 θρωπίαν
751 837 1128 907 στεφανοῦται.
1155 839 1304 893 οὐδὲν
1331 840 1478 904 ἄξιον
1506 840 1846 910 ὑπομένομεν
1874 839 1981 891 τῶν
2014 835 2145 909 μελ-

482 926 679 979 λόντων
707 926 873 998 ἡμᾶς,
916 928 1069 997 φησὶ,
1092 925 1427 998 διαδέχεσθαι
1466 926 1575 981 τῶν
1619 926 1866 996 ἀγαθῶν,
1917 925 2010 979 καὶ
2046 924 2148 994 τῆς

482 1013 639 1083 δόξης
671 1013 772 1082 τῆς
808 1013 1108 1086 μελλούσης
1150 1016 1629 1070 ἀποκαλύπτεσθαι
1671 1018 1750 1079 είς
1799 1016 1966 1086 ἡμᾶς.
2008 1015 2147 1084 Ὅρα

484 1100 646 1153 πόσον
683 1099 781 1169 τῆς
810 1100 967 1172 δόξης
993 1101 1054 1155 τὸ
1085 1101 1316 1173 μέγεθος
1337 1099 1405 1175 ἦς
1427 1102 1789 1158 ἀπολαύουσιν
1822 1103 1871 1155 οί
1903 1101 1998 1172 τὴν
2019 1102 2147 1172 ἀρε-

479 1186 579 1257 τὴν
619 1187 1061 1257 μεταδιώκοντες,
1095 1189 1170 1251 ὡς
1212 1191 1366 1260 νικᾷν
1404 1191 1572 1261 αὐτὴν
1608 1190 1803 1254 πάντα,
1838 1190 2046 1257 ὅσαπερ
2083 1188 2147 1242 ἀν

479 1289 564 1336 τις
590 1271 957 1338 ἐπιδείξασθαι
999 1275 1198 1348 δυνηθῇ
1224 1294 1238 1307 ·
1271 1278 1374 1332 κάν
1406 1278 1514 1349 γὰρ
1553 1280 1631 1343 εἰς
1663 1278 1832 1348 αὐτὴν
1860 1279 1957 1349 τήν
1985 1293 2147 1348 κορυ-

483 1360 588 1432 φὴν
619 1361 821 1432 φθάσῃ,
842 1363 938 1416 καὶ
969 1363 1113 1417 οὕτω
1138 1364 1401 1421 λείπεται.
1428 1366 1493 1418 Τί
1516 1365 1624 1437 γάρ
1651 1365 1905 1418 τοσοῦτον
1935 1362 2146 1437 ἄνθρω-

484 1464 583 1512 πος
620 1449 989 1517 ἐπιδείξασθαι
1019 1450 1269 1516 δύναται,¹
1295 1452 1369 1516 ὼς
1399 1452 1635 1518 ἐπαξίως
1665 1453 1893 1524 ἀθλῆσαι
1923 1451 2020 1523 τῆς
2051 1450 2145 1504 τοῦ

484 1536 751 1590 Δεσπὸτου
784 1536 1129 1609 φιλοτιμίας;
1161 1542 1220 1593 Εἰ
1255 1540 1312 1593 δέ
1346 1541 1557 1604 Παῦλος
1592 1543 1619 1594 ὁ
1643 1540 1892 1602 τοσοῦτος
1924 1540 2017 1593 καὶ
2053 1557 2149 1611 τη-

486 1622 727 1688 λικοῦτος
755 1624 958 1694 ἔλεγεν,
992 1628 1113 1680 Οὐκ
1140 1626 1278 1691 ἀξια
1308 1628 1378 1682 τὰ
1408 1628 1723 1697 παθήματα
1750 1628 1857 1682 τοῦ
1880 1627 1996 1682 νῦν
2023 1645 2148 1683 και-

481 1710 590 1779 ροῦ
614 1710 764 1779 πρὸς
787 1710 900 1777 τὴν
921 1712 1275 1781 μέλλουσαν
1297 1703 1484 1777 δόξαν
1512 1715 2037 1768 ἀποκαλύπτεσθαι
2063 1715 2148 1779 εἱς

486 1794 663 1867 ἡμᾶς,
694 1800 721 1851 ὁ
752 1798 945 1867 λέγων,
981 1799 1120 1854 Κάθ’
1165 1800 1393 1869 ἡμέραν
1424 1800 1807 1870 ἀποθνήσκω,
1841 1801 1936 1853 καὶ
1964 1801 2145 1864 πάλιν,

484 1885 919 1953 Περισσότερον
936 1884 1177 1939 πάντων
1191 1886 1489 1943 ἐκοπίασα
1507 1903 1521 1918 ·
1538 1887 1591 1939 τί
1614 1886 1679 1940 ἀν
1701 1886 1948 1957 εἴποιμεν
1965 1888 2144 1956 ἡμεῖς,

483 1970 536 2023 οί
565 1971 701 2042 μηδέ
732 1972 826 2025 τὸν
868 1972 1099 2042 τυχόντα
1134 1973 1382 2044 κάματον
1423 1974 1565 2045 ὺπέρ
1599 1975 1698 2044 τῆς
1728 1974 1928 2045 ἀρετῆς
1961 1972 2149 2027 ἀναδέ-

485 2056 678 2123 ξασθαι
712 2058 1046 2130 βουλόμενοι,
1090 2059 1205 2113 ἀλλ’
1237 2060 1325 2113 ἀεὶ
1356 2061 1456 2132 τήν
1487 2062 1671 2114 ἀνεσιν
1701 2060 2145 2131 μεταδιώκοντες,

484 2145 577 2198 καὶ
604 2145 760 2199 τοῦτο
790 2147 1269 2218 περισκοποῦντες.
1295 2149 1444 2211 ὅπως
1472 2148 1741 2219 μηδεμίαν
1771 2146 1921 2219 [245]
1956 2150 2148 2218 πεῖραν

484 2232 737 2303 λάϐωμεν
774 2233 883 2286 τῶν
914 2233 1195 2305 λυπηρῶν,
1219 2236 1316 2288 καὶ
1346 2235 1520 2289 ταῦτα
1551 2235 1771 2298 εἰδότες,
1803 2236 1886 2289 ὅτι
1913 2235 2011 2306 οὐχ
2038 2230 2147 2288 οἶόν

485 2338 543 2375 τε
566 2322 769 2394 ἑτέρως
788 2323 888 2392 τῆς
906 2322 1023 2376 ἐκεῖ
1046 2325 1227 2393 τυχεῖν
1254 2323 1511 2389 ἀνέσεως,
1534 2323 1607 2394 μὴ
1634 2323 1894 2395 πρότερον
1915 2322 2148 2376 ἐνταῦθα

485 2409 576 2463 τδν
604 2409 693 2463 διά
721 2409 821 2480 τῆς
851 2410 1129 2481 ἀθλήσεως
1159 2411 1502 2483 ποθήσαντας
1530 2411 1676 2481 βίον;
1704 2412 1770 2464 Δί
1801 2410 1910 2481 γὰρ
1940 2410 2148 2481 θλίψεις

485 2489 648 2551 αὗται
661 2496 912 2567 πρόξενοι
931 2496 1282 2568 γίνονταιτῆς
1296 2498 1429 2570 πρὸς
1448 2498 1538 2553 τὸν
1558 2498 1689 2552 Θεὸν
1718 2498 2145 2569 εὐαρεστήσεως,

486 2583 579 2637 καί⁸
600 2583 661 2637 τὺ
682 2583 877 2655 μικρὸν
891 2582 1126 2638 ἐνταῦθα
1145 2584 1375 2655 κάμνειν
1398 2585 1598 2657 πολλὴν
1616 2588 1750 2657 ἡμῖν
1775 2588 1892 2639 ἐκεῖ
1905 2586 2002 2655 τήν
2019 2588 2151 2655 παῤ-

1302 289 1359 345 S.
1413 287 1698 346 JOANNIS
1738 284 2227 344 CHRYSOSTOMI
2257 285 2576 343 ARCHIEP.
2614 288 3157 346 CONSTANTINJP.

3816 288 3927 345 2'30

2247 401 2453 474 θρωπε,
2486 403 2602 457 ἀλλ’
2631 403 2934 475 εὐγνώμονι
2964 404 3173 475 διανοίᾳ
3213 403 3281 457 τὰ
3321 404 3469 476 παρὰ
3514 404 3608 457 τοῦ
3635 404 3919 459 Δεσπότον

2262 490 2514 560 γινόμενα
2533 491 2712 561 δέχου,
2737 492 2831 545 καὶ
2849 492 2968 546 τότε
2988 490 3190 564 γνώσῃ.
3212 491 3343 562 ὅσης
3373 491 3465 544 καὶ
3492 488 3649 544 τοῦτο
3675 491 3920 560 μάλιστα

2245 576 2587 647 κηδεμονίας.
2646 579 2719 633 Τὸ
2745 580 2853 651 γάρ
2887 580 3015 644 τοὺς
3044 580 3114 634 τά
3156 580 3429 651 ἀνήκεστα
3470 580 3916 651 ἁμαρτάνοντας,

2246 664 2338 716 καὶ
2367 665 2487 718 καθ’
2517 667 2752 738 ἑκάστην
2779 664 2989 738 ἡμέραν
3015 667 3082 721 τά
3097 666 3389 739 τραύματα
3408 667 3796 730 ἐπιτείνοντας,
3821 668 3920 721 καὶ

2243 746 2313 799 τὰ
2345 748 2475 820 ἕλκη
2508 750 2700 805 ἀνίατα
2726 751 3142 823 ἐργαζομένους,
3176 755 3240 806 ἐκ
3265 752 3365 823 τῆς
3400 753 3598 816 κακίας
3632 752 3921 807 ἀπαλλάτ-

2244 850 2378 903 τειν,
2405 837 2525 908 οὐχὶ
2553 836 2876 910 κηδεμονίας
2898 836 2966 912 ἦν
2995 840 3095 910 τῆς
3123 840 3420 912 μεγίστης;
3471 841 3581 894 Καὶ
3608 841 3775 904 αὐτὸς
3801 840 3864 894 δὲ
3888 842 3919 895 6

2243 922 2345 993 τῆς
2389 925 2659 998 τιμωρίας
2702 928 2901 999 τρόπος
2943 927 3007 982 οὐ
3047 928 3229 1001 πάσης
3253 929 3414 1000 γέμει
3455 928 3913 1000 φιλανθρωπίαςς

2246 1012 2320 1065 Τὸ
2352 1013 2461 1086 γάρ
2486 1015 2613 1079 τούς
2644 1015 2740 1069 καὶ
2768 1017 2895 1071 ἀνευ
2925 1016 3115 1070 τούτου
3155 1016 3448 1088 μέλλοντας
3478 1016 3542 1070 τὺ
3567 1016 3668 1085 τῆς
3691 1014 3915 1085 φύσεως

2245 1099 2404 1168 χρέος
2430 1100 2679 1166 ἐκτίνειν,
2714 1101 2884 1165 οῦτως
2920 1098 3142 1165 ἀλύπως
3177 1104 3235 1156 ἐν
3267 1102 3424 1174 μέρει
3446 1102 3719 1173 τιμωρίας
3753 1100 3915 1173 ιαιιι

2243 1184 2342 1257 τὴν
2374 1184 2519 1258 ζωὴν
2551 1187 2869 1253 ἀποθέσθαι,
2908 1190 3002 1243 καὶ
3040 1190 3175 1262 μήτε
3203 1190 3451 1261 αἴσθησιν
3479 1190 3575 1244 τοῦ
3604 1190 3915 1259 γεγενημέο

2244 1288 2335 1324 νου
2368 1271 2571 1337 λαϐεῖν,
2612 1273 2726 1327 ἀλλ’
2758 1275 3044 1340 ἀνωδύνως
3076 1278 3170 1330 καὶ
3213 1276 3474 1347 ἀναλγητὶ
3509 1275 3609 1346 τὴν
3636 1277 3915 1346 τιμωρίαν

2243 1357 2515 1424 δέξασθαι,
2539 1360 2714 1431 πόσης
2746 1362 2844 1415 οὐκ
2870 1361 2938 1415 ἃν
2962 1362 3047 1433 εἴη
3082 1363 3273 1433 σοφίας
3297 1364 3391 1417 καὶ
3412 1361 3779 1431 ἁγαθάιητος;
3802 1364 3917 1415 Καὶ

2244 1446 2377 1498 αὐτὸ
2397 1446 2506 1516 γάρ
2531 1447 2691 1501 πάλιν
2716 1449 2870 1512 εἴτις
2902 1448 3117 1503 εὐσεϐεῖ
3136 1447 3382 1520 λογισμῷ
3408 1448 3715 1518 καταμάθοι
3737 1448 3803 1500 τὸ
3828 1464 3912 1515 γε-

2244 1549 2373 1603 γενη
2384 1534 2564 1603 μένον,
2596 1536 2679 1588 δτι
2705 1535 2804 1589 οὐκ
2830 1537 2910 1601 εἰς
2935 1538 3062 1599 τοὺς
3082 1535 3492 1607 τιμωρηθέντας
3527 1535 3689 1606 μόνον
3705 1535 3777 1588 τά
3808 1536 3916 1605 τῆς

2245 1621 2564 1692 εὐεργεσίας
2585 1622 2825 1690 γέγονεν.
2867 1623 3000 1677 ἀλλά
3030 1624 3123 1677 καὶ
3153 1624 3201 1676 οί
3236 1624 3316 1686 εἰς
3357 1622 3419 1676 τὸ
3455 1623 3581 1693 ἐξῆς
3622 1623 3914 1692 μέλλοντες

2245 1708 2461 1761 ἔσεσθαι
2491 1708 2583 1761 δύο
2621 1710 2689 1763 τά
2728 1710 2958 1780 μέγιστα
2994 1710 3243 1763 ἐντεῦθεν
3283 1708 3670 1781 ἐκαρπώσαντο
3703 1709 3915 1778 ἀγαθὰ,

2245 1796 2329 1868 [τό
2357 1815 2416 1851 τε
2447 1798 2521 1870 μὴ
2546 1798 2747 1853 ἁλῶναι
2774 1801 2833 1853 ἐν
2862 1801 2976 1862 τοῖς
3007 1800 3210 1863 αὐτοῖς,
3233 1798 3329 1853 καὶ
3357 1798 3418 1851 τὸ
3455 1800 3519 1851 ἐκ
3561 1797 3769 1851 τούτων
3800 1798 3919 1851 τῶν

2244 1886 2622 1956 γεγενημένων
2657 1884 3130 1958 σωφρονεστέρους
3170 1884 3543 1956 γεγενῆσθαι,]
3592 1886 3769 1955 πόσην
3810 1885 3917 1938 οὐκ

2245 1972 2472 2041 ὤφειλον
2500 1974 2580 2045 τῷ
2607 1973 2727 2046 Θεῷ
2766 1975 2927 2047 χάριν
2959 1976 3100 2047 ὑπὲρ
3135 1974 3338 2029 τούτων
3359 1973 3659 2043 ὁμολογεῖν,
3700 1973 3788 2025 δτι
3819 1973 3916 2025 καὶ

2244 2062 2311 2131 τῇ
2341 2060 2580 2133 τιμωρίᾳ
2602 2062 2825 2115 ἐκείνων
2854 2063 2949 2116 καὶ
2972 2060 3052 2133 τῷ
3075 2062 3187 2115 δέει
3213 2060 3308 2114 τοῦ
3337 2061 3411 2133 μὴ
3444 2060 3512 2114 τά
3540 2060 3682 2113 αὐτὰ
3715 2058 3917 2114 παθεῖν

2247 2150 2674 2222 σωφρονέστεροι
2705 2149 2991 2217 γεγόνασιν
3045 2150 3096 2202 οί
3137 2148 3275 2219 μετά
3301 2148 3494 2213 ταῦτα,
3543 2148 3636 2201 καὶ
3658 2147 3742 2218 τῷ
3766 2148 3915 2201 ἀπά-

2248 2255 2348 2309 σης
2376 2238 2473 2309 τῆς
2512 2236 2711 2299 κακίας
2738 2236 2832 2289 καὶ
2884 2234 3146 2307 πονηρίας
3185 2235 3285 2305 τὴν
3317 2233 3498 2305 ζύμην
3533 2233 3913 2303 ἀναιρεθῆναι,

2246 2325 2342 2379 καὶ
2367 2324 2571 2395 μηδένα
2592 2322 3018 2395 καταλειφθῆναι
3043 2320 3361 2376 διδάσκαλον
3381 2320 3564 2384 αὐτοῖς
3581 2319 3684 2390 τῆς
3710 2321 3914 2383 κακίας

2247 2414 2343 2468 καὶ
2372 2413 2472 2483 τῆς
2498 2411 2797 2483 πονηρίας;
2832 2407 2985 2475 Εἶδες
3014 2410 3133 2473 πῶς
3148 2410 3242 2463 καὶ
3264 2410 3321 2463 αί
3351 2408 3600 2472 κολάσεις
3621 2407 3795 2461 αὐτοῦ
3823 2413 3917 2462 καὶ

2248 2504 2304 2555 αἰ
2330 2502 2589 2573 τιμωρίαι
2634 2500 2943 2572 εὐεργεσίαι
2984 2501 3185 2572 μᾶλλόν
3230 2501 3356 2561 εἱσι,
3389 2500 3483 2552 καὶ
3511 2500 3613 2569 τὴν
3649 2499 3918 2570 πρόνοιαν

2246 2589 2412 2644 αὐτοῦ
2452 2588 2683 2660 μάλιστα
2704 2589 2803 2658 τὴν
2838 2589 2968 2659 περ)⁸
2999 2589 3099 2660 τὴν
3138 2588 3248 2642 τῶν
3280 2587 3583 2658 ἀνθρώπων
3614 2589 3782 2657 φύσιν
3808 2589 3921 2643 δειο

488 2669 685 2739 ρησίαν
710 2670 1016 2742 χαρίζεται,
1049 2671 1208 2741 μόνον
1231 2671 1325 2724 ἐὰν
1354 2670 1670 2742 βουλώμεθα
1706 2672 1850 2725 κατὰ
1879 2671 1978 2741 τὴν
2014 2688 2152 2741 συμ-
2215 2673 2486 2746 δινύουσις
2519 2672 2626 2725 Καὶ
2648 2670 2799 2734 εἴτις
2819 2672 3103 2742 βουληθείη
3120 2671 3325 2726 ἀνωθεν
3348 2670 3441 2723 καὶ
3466 2670 3524 2736 ἐξ
3543 2671 3720 2742 ἀρχῆς
3739 2671 3919 2724 ταῦτα

485 2757 649 2828 ϐολήν
670 2756 860 2811 τούτου
882 2758 975 2811 τοῦ
999 2760 1098 2830 τῆς
1115 2760 1437 2830 οἰκουμένης
1459 2759 1776 2814 διδασκάλου
1801 2757 2147 2829 πορεύεσθαι.

499 2845 722 2909 Ἐννόει,
755 2845 1004 2917 ἀγαπητέ
1025 2886 1040 2909 ,
1070 2846 1154 2899 ὅτι
1194 2845 1296 2900 κάν
1332 2842 1607 2921 λυπηράῇ
1643 2847 1711 2901 τά
1751 2847 2147 2916 συμπίπτοντα,

486 2931 621 2987 ἀλλά
648 2933 956 3005 πρόσκαιρα
977 2950 989 2964 ·
1025 2933 1093 2989 τά
1125 2933 1309 3004 μέντοι
1335 2934 1452 2987 ἐκεῖ
1466 2934 1811 3004 διαδεξόμενα
1837 2935 1983 3004 ἡμᾶς
2011 2934 2149 3001 ἀγα-

489 3019 590 3082 θά,
619 3020 865 3074 ἀθάνατα
896 3022 989 3073 καὶ
1024 3019 1236 3074 αἰώνια.
1274 3019 1350 3074 Τὰ
1396 3019 1506 3089 γὰρ
1558 3021 1905 3088 ,βλεπόμενα
1926 3058 1941 3083 ,
1982 3020 2147 3090 φησὶ,

489 3107 846 3173 πρόσκαιρα,
882 3107 953 3160 τὰ
980 3106 1047 3159 δὲ
1083 3105 1170 3177 μὴ
1199 3107 1582 3175 βλεπόμενα,
1620 3105 1845 3160 αἰώνια.
1884 3106 2146 3175 Ἐνέγκω-

491 3210 591 3263 μεν
614 3194 790 3247 τοίνυν
814 3194 1074 3263 γενναίως
1102 3194 1170 3248 τὰ
1196 3192 1527 3263 πρόσκαιρα,
1552 3193 1643 3246 καὶ
1676 3192 1749 3263 μὴ
1773 3193 2151 3263 ἀποκάμωμεν

489 3278 625 3350 πρὸς
654 3280 780 3345 τοὺς
806 3280 907 3351 τῆς
933 3280 1131 3351 ἀρετῆς
1159 3280 1372 3342 πόνους,
1406 3280 1491 3332 ἵνα
1519 3279 1627 3331 τῶν
1656 3278 1887 3332 αἰωνίων
1918 3279 2153 3332 ἀπολαύ-

490 3383 691 3437 σωμεν,
721 3366 814 3420 καὶ
860 3367 949 3420 ἀεὶ
987 3366 1255 3438 μενόντων
1299 3365 1515 3435 ἀγαθῶν
1536 3382 1547 3397 ⁸
1583 3358 1658 3419 ὧν
1690 3365 1897 3435 γένοιτο
1946 3366 2151 3431 πάντας

486 3455 633 3525 ἡμᾶς
682 3455 975 3524 ἐπιτυχεῖν,
1005 3453 1189 3524 χάριτι
1239 3453 1333 3506 καὶ
1386 3452 1765 3524 φιλανθρωπίᾳ
1817 3452 1912 3506 τοῦ
1946 3454 2150 3525 Κυρίου

484 3541 643 3612 ἡμῶν
676 3540 851 3612 Ἰησοῦ
882 3540 1137 3613 Χριστοῦ,
1172 3541 1293 3612 μεθ’
1322 3533 1384 3594 οὗ
1410 3540 1488 3612 τῷ
1525 3541 1723 3613 Πατρὶ,
1757 3540 1871 3613 ἅμα
1896 3541 1973 3612 τῷ
2010 3542 2150 3613 ἁγίῳ

485 3630 763 3701 Πνεύματι
785 3629 932 3695 δόξα,
964 3630 1184 3702 κράτος,
1210 3629 1364 3702 τιμή,
1401 3630 1495 3684 νῦν
1529 3630 1623 3684 καὶ
1651 3630 1758 3697 ἀεὶ,
1784 3630 1878 3684 καί
1920 3632 1999 3696 είς
2025 3631 2151 3696 τοὺς

487 3716 691 3781 αἰῶνας
723 3717 832 3771 τῶν
869 3715 1098 3772 αἰώνων.
1148 3717 1341 3787 Ἀμήν.

1104 3836 1356 3893 ολιιΑιΑ
1392 3838 1537 3906 K7.

485 3923 594 3981 Καὶ
618 3923 890 3994 ἐμνήσθη
920 3926 954 3979 d
995 3923 1138 3990 Θεὸς
1166 3924 1274 3994 τοῦ
1303 3922 1458 3988 Νῶε,
1481 3922 1596 3994 ῌκαί
1638 3922 1879 3994 πάντων
1906 3924 2024 3977 τῶν
2051 3927 2151 3994 οη-

550 3991 719 4064 ρίών,
756 3991 1145 4064 -καίίπὰντων
1170 3992 1289 4048 τῶν
1317 3991 1571 4064 κτηνῶν,
1612 3993 1710 4064 καὶ
1751 3993 1991 4064 πάντων
2035 3993 2152 4048 τῶν

556 4059 861 4127 πετεινῶν,
896 4064 993 4133 καί
1033 4063 1273 4117 πάντων
1308 4062 1427 4116 τῶν
1454 4062 1736 4131 ἑρπετῶν,
1765 4063 1881 4117 ὅσα
1915 4059 1994 4133 ἦν
2023 4065 2150 4132 μετ’

555 4134 742 4190 αὑτοῦ
769 4136 839 4188 ἐν
867 4132 939 4204 τῇ
967 4133 1208 4204 κιϐωτῷ.
1232 4133 1337 4187 Καὶ
1360 4133 1662 4204 ἐπήγαγεν
1683 4136 1715 4186 ό
1745 4134 1888 4198 Θεὸς
1916 4134 2151 4204 πνεῦμα

557 4206 656 4261 ἐπὶ
686 4204 798 4272 τὴν
834 4202 971 4275 γῆν,
997 4202 1096 4256 καὶ
1124 4203 1389 4257 ἐκόπασε
1418 4204 1482 4255 τὸ
1515 4202 1692 4269 ὕδωρ.

560 4314 629 4361 α’,
644 4302 870 4372 Μεγάλη
890 4303 982 4355 καὶ
1003 4300 1208 4369 ἀφατος
1226 4302 1283 4353 ἐν
1298 4302 1411 4363 τοῖς
1428 4300 1738 4370 πρόσφατον
1758 4302 2149 4371 ἀναγνωσθεῖσι

487 4392 758 4447 δείκνυται
788 4390 824 4459 ἡ
855 4387 948 4441 τοῦ
976 4386 1109 4441 Θεοῦ
1141 4386 1541 4459 φιλανθρωπία,
1572 4389 1786 4458 καὶτῆς
1818 4389 2150 4460 ἀγαθότητος

486 4476 651 4534 αὐτοῦ
686 4478 721 4547 ἡ
762 4472 1056 4545 ὑπερϐολὴ,
1087 4475 1154 4545 ἢν
1188 4473 1251 4526 οὐ
1300 4473 1458 4544 μόνον
1503 4474 1634 4546 περὶ
1660 4474 1720 4529 τὸ
1755 4474 1970 4545 λογικὸν
1995 4477 2150 4531 τοῦτο

487 4565 627 4632 ζῶον
663 4563 1055 4626 ἐπιδείκνυται,
1077 4561 1171 4615 τὸν
1215 4561 1500 4633 ἄνθρωπον
1536 4563 1696 4632 λέγω,
1723 4564 1857 4620 ἀλλά
1907 4567 1998 4619 καὶ
2024 4567 2151 4638 περί

486 4652 586 4724 τὴν
615 4650 725 4705 τῶν
747 4648 955 4719 ἀλόγων
984 4647 1139 4713 ζώων
1162 4647 1343 4718 φύσιν.
1364 4651 1701 4721 Δημιουργὸς
1722 4650 1829 4722 γὰρ
1851 4652 1960 4705 τῶν
1985 4653 2152 4706 ἁπάν.

486 4757 595 4794 των
619 4737 921 4809 τυγχάνων,
961 4737 1043 4800 είς
1072 4734 1247 4790 πάντα
1273 4735 1343 4789 τά
1369 4737 1460 4791 ὐπ’
1486 4737 1650 4790 αὐτοῦ
1677 4738 2151 4809 δημιουργηθέντα

485 4828 587 4898 τὴν
608 4826 811 4881 οἰκείαν
845 4825 1074 4879 ἐκτείνει
1102 4825 1429 4896 ἀγαθότητα,
1455 4825 1542 4879 διὰ
1581 4826 1797 4880 πάντων
1826 4828 1955 4897 ἡμῖν
1985 4827 2144 4879 ἐνδει-

488 4916 773 4987 κνύμενος,
820 4914 951 4983 ὅσην
996 4916 1225 4967 ποιεῖται
1272 4913 1525 4986 πρόνοιαν
1559 4912 1654 4967 τοῦ
1699 4914 1808 4967 τῶν
1848 4913 2151 4986 ἀνθρώπων

487 5004 697 5073 γένους,
727 5001 819 5055 καὶ
836 5001 921 5054 ὅτι
941 5002 1120 5055 πάντα
1145 5000 1349 5054 ἀνωθεν
1374 5002 1468 5054 καὶ
1496 5001 1555 5067 ἐξ
1580 5002 1751 5072 ἀρχῆς
1774 5002 2152 5074 ἐπραγματεύ-

490 5108 622 5145 σατο
656 5089 742 5143 διά
766 5088 864 5159 τὴν
894 5088 1164 5159 σωτηρίαν
1192 5087 1289 5157 τὴν
1322 5089 1617 5159 ἡμετέραν.
1676 5087 1791 5141 Κάν
1822 5089 2025 5163 κολάζῃ
2044 5091 2152 5144 τοί-

488 5196 602 5243 νυν,
644 5176 747 5230 κᾶν
801 5176 1127 5251 τιμωρῆται,
1174 5176 1281 5229 ἀπὸ
1315 5175 1414 5246 τῆς
1465 5176 1633 5246 αὐτῆς
1676 5176 2008 5248 ἀγαθότητος
2057 5178 2152 5231 καὶ

488 5265 662 5321 ταῦτα
688 5266 917 5319 κάκεῖνα
948 5266 1107 5316 ποιεῖ.
1153 5262 1287 5317 Οὐδὲ
1324 5263 1432 5333 γάρ
1464 5263 1624 5318 πάθει
1665 5264 1761 5317 καὶ⁵
1789 5264 1924 5338 ὀργῇ
1952 5264 2052 5329 τὰς
2079 5282 2153 5319 τι·

492 5354 703 5425 μωρίας
743 5351 959 5420 ἐπάγει,
988 5350 1123 5404 ἀλλὰ
1151 5351 1251 5423 τὴν
1276 5350 1472 5405 κακίαν
1498 5350 1729 5420 ἐγκόψαι
1751 5351 1780 5391 ιι
1811 5350 2149 5422 βουλόμενος,

488 5443 585 5496 καὶ
613 5441 752 5495 ὥστε
789 5440 863 5511 μὴ
911 5439 1052 5493 πάνυ
1095 5439 1267 5509 αὐτὴν
1301 5438 1589 5509 προϐῆναι.
1637 5438 1791 5493 Ἐπεὶ
1816 5439 1909 5493 καὶ
1930 5438 2045 5504 νῦν,
2076 5440 2153 5503 ώς

490 5529 741 5593 ἀκούετε,
779 5527 1159 5599 κατακλυσμὸν
1182 5529 1249 5582 δι’
1287 5527 1438 5580 οὐδὲν
1466 5528 1653 5599 ἕτερον
1677 5528 1978 5598 ἐπήγαγεν,
2015 5527 2154 5582 ἀλλά

488 5617 784 5687 κηδόμενος
811 5616 923 5669 τῶν
965 5616 1101 5687 πρὸς
1141 5615 1408 5686 τοσαύτην
1442 5616 1637 5669 κακίαν
1672 5617 1895 5681 ἑαυτοὺς
1924 5616 2155 5671 ἐκδεδω-

490 5703 684 5757 κότων.
719 5704 832 5759 Καὶ
862 5703 1012 5767 ποία,
1052 5704 1209 5773 φησὶ,
1238 5703 1554 5774 κηδεμονία.
1590 5703 1651 5758 τὸ
1674 5703 1883 5767 πάντας
1914 5704 2018 5758 ὐπὸ
2040 5702 2149 5758 τῶν

489 5789 696 5845 ὑδάτων
731 5790 1112 5861 ἀναιρεθῆναι;
1157 5791 1246 5862 Μὴ
1292 5792 1707 5865 ἀπερισκέπτως
1756 5792 2013 5861 φθέγγου,
2057 5792 2149 5846 ἀν-

568 5911 593 5942 ⁸
622 5908 719 5959 Ᾱηί
741 5915 823 5966 τῆς
861 5911 1070 5972 θλίψεως
1135 5912 1164 5952 h
1185 5913 1330 5962 Savil.
1366 5915 1414 5962 in
1440 5928 1586 5976 mana.
1615 5928 1643 5964 c
1668 5928 1763 5963 var.
1794 5916 1907 5963 ιρι-ι.
1935 5915 2153 5975 ἐκκόψαι.

2248 2756 2752 2829 άπαριθμήσασθαι,
2779 2756 2999 2828 εὑρήσει
3020 2755 3126 2808 ἀπὸ
3152 2752 3244 2806 τοῦ
3267 2752 3431 2806 αὐτοῦ
3461 2752 3665 2806 σκοποῦ
3695 2754 3919 2817 ἁπάσας

2248 2840 2346 2903 τὰς
2365 2839 2630 2912 τιμωρίας
2652 2840 2926 2907 ἐπάγοντα
2940 2850 2961 2878 ο
2988 2840 3097 2901 τοῖς
3118 2838 3230 2908 ἡμα
3239 2836 3509 2908 ρτηκόσιν.
3536 2837 3691 2890 Ἐπεὶ
3710 2838 3812 2891 καὶ
3829 2838 3922 2890 τον

2261 2922 2451 2993 Ἀδὰμ,
2487 2923 2648 2993 ἡνίκα
2679 2922 2916 2993 παρέϐη,
2955 2921 3017 2974 οὐ
3051 2920 3294 2985 κολάζων
3324 2920 3505 2991 μόνον,
3529 2920 3665 2974 ἀλλὰ
3693 2922 3793 2974 καὶ
3823 2922 3918 2974 εὐ·

2248 3005 2486 3074 εργετῶν
2513 3004 2732 3069 ἐξέϐαλε
2777 3003 2871 3057 τοῦ
2900 3002 3246 3074 παραδείσου.
3283 3003 3393 3057 Καὶ
3419 3003 3567 3066 ποία,
3596 3005 3787 3075 φησὶν,
3828 3004 3919 3056 εὐο

2249 3086 2470 3157 εργεσία
2514 3086 2575 3139 τὸ
2605 3088 2856 3140 ἐκπεσεῖν
2897 3086 2994 3156 τῆς
3042 3086 3099 3137 ἐν
3142 3083 3220 3155 τῷ
3260 3084 3575 3156 παραδείσῳ
3598 3085 3918 3156 διατωτῆςὶ

2250 3168 2340 3237 Μὴ
2367 3166 2547 3231 ἀπλῶς
2568 3171 2681 3231 τοῖς
2695 3167 3000 3236 γινομένοις
3027 3167 3280 3237 πρόσεχε,
3304 3166 3575 3236 ἀγαπητέ,
3605 3168 3744 3237 μηδὲ
3771 3186 3916 3239 παρ-

2249 3253 2426 3323 έργως
2460 3252 2529 3305 τά
2557 3252 2708 3323 παρὰ
2744 3251 2839 3304 τοῦ
2868 3250 3004 3305 Θεοῦ
3049 3250 3310 3320 γινόμενα
3341 3250 3749 3321 καταμάνθανε,
3778 3252 3919 3306 ἀλλὰ

2250 3336 2387 3407 πρὸς
2409 3336 2468 3388 τὸ
2494 3334 2656 3406 βάθος
2677 3335 2975 3388 κατόπτευε
3001 3334 3099 3405 τῆς
3130 3332 3329 3403 πολλῆς
3361 3333 3525 3388 αὐτοῦ
3555 3334 3916 3406 ἀγαθότητος,

2249 3419 2343 3473 καὶ
2364 3419 2620 3490 εὑρήσεις
2656 3417 2871 3472 ἅπαντα
2922 3415 3011 3472 διὰ
3052 3416 3212 3470 τοῦτο
3240 3418 3369 3487 παρ’
3419 3415 3583 3470 αὐτοῦ
3629 3417 3914 3488 γινόμενα.

2251 3502 2385 3556 Εἰπὲ
2411 3501 2520 3572 γάρ
2570 3518 2681 3573 μοι,
2736 3501 2785 3553 εί
2815 3499 2909 3554 καὶ
2938 3500 3077 3570 μετά
3121 3500 3220 3571 τὴν
3250 3499 3561 3569 παράϐασιν
3593 3500 3704 3553 τῶν
3734 3502 3916 3556 αὐτῶν

2247 3584 2561 3655 ἀπήλαυσεν
2588 3587 2616 3638 ὁ
2659 3582 2853 3653 Ἀδάμ,
2906 3580 3009 3635 ποῦ
3040 3582 3140 3636 οὐκ
3196 3581 3262 3636 ἂν
3292 3580 3642 3653 ἐξεκυλίσθη;
3699 3584 3764 3637 Εἰ
3808 3585 3914 3657 γάρ

2252 3668 2390 3740 μετὰ
2422 3666 2686 3731 τοσαύτας
2721 3664 3092 3738 παραγγελίας
3112 3665 3439 3736 ἀνασχέσθαι
3465 3666 3795 3731 κατεδέξατο
3817 3669 3914 3739 τῆς

2247 3752 2463 3822 ἀπάτης
2496 3749 2587 3805 τοῦ
2614 3750 2810 3820 ὄφεως,
2842 3749 2935 3802 καλ⁸
2959 3747 3055 3820 τὴν
3076 3747 3362 3819 ἐπιϐουλὴν
3393 3748 3646 3814 δέξασθαι
3679 3750 3775 3805 τοῦ
3805 3751 3918 3804 δια-

2248 3833 2426 3897 ϐόλου,
2460 3835 2526 3905 ἢν
2562 3833 2629 3887 δι’
2659 3831 2825 3886 αὐτοῦ
2874 3833 3189 3903 προσήγαγε
3222 3832 3288 3901 τῇ
3331 3832 3432 3901 τῆς
3475 3832 3712 3895 ίσοθεῖας
3741 3832 3918 3886 ἐλπίδι

2254 3917 2503 3986 φυσήσας
2528 3916 2745 3982 αὐτοὺς,
2767 3915 2860 3968 καὶ
2888 3917 2967 3978 εἰς
2990 3913 3089 3984 τὴν
3117 3913 3214 3983 τῆς
3248 3912 3612 3985 παραϐάσεως
3638 3915 3919 3987 ἁμαρτίαν

2251 3999 2522 4070 ἐμϐαλὼν,
2546 4000 2594 4052 εί
2620 4000 2712 4053 καὶ
2742 3997 2879 4070 μετὰ
2907 3996 3078 4050 ταῦτα
3110 3998 3202 4050 ἐπὶ
3227 3996 3329 4068 τῆς
3345 3997 3516 4067 αὐτῆς
3536 3997 3732 4068 ἔμενεν
3758 3999 3918 4063 ἀξίας

2250 4082 2344 4136 καὶ
2367 4082 2660 4151 διαγωγῆς,
2682 4082 2797 4144 πῶς
2818 4081 2919 4134 οὐκ
2945 4081 3011 4134 ἂν
3037 4079 3216 4151 πολλῷ
3248 4080 3447 4151 μᾶλλον
3473 4078 3921 4154 ἀξιοπιστότερον

2249 4167 2494 4237 ἡγήσατο
2522 4164 2612 4218 τδν
2646 4163 2878 4235 πονηρὸν
2899 4165 3107 4217 ἐκεῖνον
3140 4162 3372 4234 δαίμονα
3402 4162 3497 4216 τοῦ
3525 4162 3636 4218 τῶν
3663 4163 3808 4216 ὅλων
3837 4166 3922 4235 δη.

2252 4248 2533 4319 μιουργοῦ,
2564 4248 2658 4301 καὶ
2687 4246 2908 4318 μείζονα
2933 4246 3037 4315 τῆς
3064 4246 3270 4309 οἰκείας
3296 4245 3455 4311 ἀξίας
3494 4244 3656 4299 πάλιν
3683 4246 3923 4315 ἐφαντά·

2250 4332 2387 4401 σθη;
2442 4332 2551 4385 Καὶ
2581 4329 2689 4401 γὰρ
2725 4328 2947 4399 τοιαύτη
2984 4328 3093 4381 τῶν
3141 4325 3446 4399 ἀνθρώπων
3486 4327 3520 4397 ἡ
3553 4326 3719 4395 φύσις
3742 4343 3758 4358 ·
3789 4328 3923 4380 ὅταν

2247 4413 2639 4485 ἁμαρτάνουσα
2671 4411 2748 4483 μὴ
2778 4409 3214 4481 ἀναχαιτίζηται,
3264 4408 3377 4462 ἀλλ’
3411 4407 3595 4471 ἀδείας
3626 4408 3923 4471 ἀπολαύει,

2251 4498 2555 4569 περαιτέρω
2584 4495 2847 4568 προϊοῦσα
2875 4494 3016 4548 κατὰ
3042 4491 3304 4565 κρημνῶν
3330 4492 3565 4547 ἄπεισιν.
3614 4492 3836 4556 Ἄλλως
3867 4494 3925 4547 δέ

2248 4583 2344 4634 καὶ
2372 4579 2634 4651 ἑτέρωθεν
2672 4578 2780 4648 ἐχω
2823 4576 3015 4643 δεῖξαι,
3041 4578 3124 4630 δτι
3148 4574 3558 4646 φιλανθρωπίαν
3586 4574 3687 4645 τὴν
3718 4575 3924 4629 ἑαυτοῦ

2248 4661 2688 4732 ἐπιδεικνύμενος
2717 4661 2813 4715 καὶ
2833 4660 3067 4728 ἐξελθεῖν
3087 4660 3250 4714 αὐτὸν
3273 4659 3366 4713 τοῦ
3389 4657 3722 4730 παραδείσου
3748 4676 3921 4731 προα-

2249 4745 2426 4811 έταξε,
2469 4746 2563 4799 καὶ
2602 4744 2681 4815 τῷ
2729 4743 2825 4798 τοῦ
2871 4745 3101 4799 θανάτου
3145 4742 3405 4813 ἐπιτιμίῳ
3443 4739 3744 4794 ὑπεύθυνον
3777 4759 3922 4796 κατ-

2250 4829 2467 4902 έστησε,
2488 4831 2553 4899 τῇ
2585 4828 2685 4899 μὲν
2720 4827 2939 4898 ἐκϐολῇ,
2964 4828 3058 4881 καὶ
3099 4826 3178 4897 τῷ
3220 4826 3443 4894 πλησίον
3471 4826 3788 4880 κατοικίσαι
3826 4843 3929 4880 ouo

2250 4913 2606 4984 φρονέστερον
2633 4909 2996 4982 ἐργαζόμενος
3018 4910 3109 4964 καὶ
3135 4911 3216 4973 εἰς
3247 4908 3309 4962 τὸ
3335 4908 3460 4978 ἑξῆς
3486 4906 3928 4977 ἀσφαλέστερον,

2249 4994 2344 5047 καὶ
2369 4990 2457 5046 διὰ
2505 4991 2613 5045 τῶν
2641 4992 2819 5063 ἔργων
2844 4990 3008 5045 αὐτὸν
3045 4990 3311 5044 διδάσκων
3340 4988 3434 5041 τοῦ
3469 4987 3791 5051 ἀπατεῶνος
3828 4990 3932 5056 τὴν

2249 5070 2560 5142 ἐπιϐουλήν.
2589 5072 2661 5125 Τὸ
2680 5070 2736 5123 δέ
2759 5070 2852 5123 τοῦ
2892 5070 3124 5124 θανάτου
3156 5068 3427 5138 ἐπιτίμιον
3452 5066 3611 5119 πάλιν
3639 5065 3727 5118 διά
3758 5067 3933 5119 τοῦτο

2250 5152 2547 5221 ἐπήγαγεν,
2580 5150 2666 5202 ἵνα
2698 5148 2774 5221 μὴ
2797 5149 2982 5203 λοιπὸν
3013 5149 3100 5202 διὰ
3125 5146 3221 5217 τῆς
3255 5144 3540 5219 παρακοῆς
3568 5148 3634 5215 τῇ
3670 5145 3933 5217 ἁμαρτία

2250 5230 2548 5294 ὑπεύθυνος
2600 5229 2837 5297 γεγονὼς
2879 5228 3122 5283 ἀθάνατα
3167 5227 3480 5300 ἁμαρτάνῃ.
3534 5226 3607 5279 Οὐ
3646 5224 3805 5277 δοκεῖ
3835 5222 3933 5278 οὖν

2251 5328 2333 5365 σοι
2360 5309 2532 5363 ταῦτα
2564 5309 2737 5363 πάντα
2760 5308 2857 5377 τῆς
2890 5308 3150 5379 μεγίστης
3176 5303 3313 5361 εἶναι
3345 5302 3781 5375 φιλανθρωπίας,
3832 5307 3933 5357 καὶ

2247 5389 2308 5442 τὶ
2333 5388 2582 5443 ἐκϐαλεῖν
2621 5386 2715 5440 τοῦ
2766 5386 3118 5458 παραδείσου,
3159 5385 3253 5440 καὶ
3292 5384 3353 5437 τδ
3395 5380 3828 5453 τιμωρήσασθαι
3851 5381 3938 5451 τῷ

2248 5468 2342 5522 τοῦ
2365 5468 2594 5521 θανάτου
2612 5465 2871 5536 ἐπιτιμίῳ
2891 5480 2905 5530 ;
2930 5465 3080 5533 Ἐχω
3099 5465 3156 5517 δὲ
3180 5465 3274 5518 καὶ
3294 5464 3479 5533 ἔτερόν
3504 5478 3556 5513 τι
3576 5459 3907 5529 προσθεῖναι
3922 5499 3938 5510 .

2252 5547 2406 5620 [245]
2439 5550 2596 5601 Ποῖον
2622 5546 2686 5617 δὴ
2715 5547 2872 5599 τοῦτο
2895 5560 2908 5607 ;
2934 5545 3055 5597 Ὅτι
3085 5544 3179 5597 καὶ
3200 5542 3402 5613 ταύτην
3428 5537 3575 5610 αὐτῷ
3603 5537 3942 5620 ’πεδινὰ-ταγάν

2252 5613 2446 5698 κτησιν
2488 5613 2795 5695 ἐπήγαγεν,
2849 5624 2949 5677 οὐκ
2974 5625 3054 5687 εἰς
3099 5622 3260 5685 αὐτὸν
3308 5613 3820 5698 μόνονπεριιστῶν
3864 5620 3943 5698 τὰ

2256 5691 2356 5777 τῆς
2381 5691 2717 5773 εὐεργεσίας.
2740 5702 2874 5757 ἀλλὰ
2911 5703 3003 5756 καὶ
3036 5702 3160 5764 τοὺς
3182 5699 3308 5769 ἐξῆς
3340 5697 3661 5777 βουλόμενος
3691 5691 3785 5777 διὰ
3816 5694 3953 5777 τῶν

2257 5770 2335 5851 εἰς
2365 5770 2569 5839 ἐκεῖνον
2619 5783 2997 5853 γεγενημένων
3044 5777 3500 5850 σωφρονίσασθαι.
3560 5773 3622 5827 Εἰ
3658 5770 3796 5840 γὰρ,
3838 5773 3945 5824 καὶ

2327 5911 2346 5936 τ
2375 5904 2523 5956 Savil.
2550 5906 2598 5954 in
2623 5911 2761 5954 lexlu
2786 5910 2836 5953 cl
2863 5903 3057 5965 quidam
3083 5913 3179 5949 mss
3230 5898 3499 5959 ἐπάγοντος.
