4116 6196
320 299 424 361 ἘΩ

321 424 522 471 mortes
558 398 897 483 quotidianas
940 406 1209 464 dicentem
1255 421 1269 459 :
1320 405 1442 461 Non
1481 414 1598 462 sunt
1647 405 1912 477 condigna:

325 498 585 570 passiones
615 497 878 569 pra'sentis
903 494 1140 565 temporis
1168 493 1236 547 ad
1259 493 1483 564 futuram
1501 495 1716 566 gloriam
1741 495 1794 547 in
1822 510 1913 549 no-

322 591 396 645 bis
414 589 732 644 revelandam
759 587 1005 655 (Rom.8.
1032 581 1146 654 18).
1170 584 1390 639 Etiamsi
1415 583 1652 655 quotidie
1678 625 1692 649 ,
1721 584 1908 654 inquit,

324 679 486 734 morti
534 692 634 733 nos
671 691 1084 746 exponeremus,
1118 675 1171 730 id
1191 674 1332 745 quod
1374 684 1560 729 natura
1588 689 1695 730 non
1728 675 1908 744 capit,

325 769 452 825 licet
470 783 624 823 mens
649 767 868 822 vincens
897 776 1165 830 naturam,
1184 781 1278 834 per
1297 765 1673 836 benignitatem
1701 765 1909 820 Domini

319 865 640 923 coronetur,
671 856 826 924 nihil,
849 856 1039 926 inquit,
1059 854 1321 911 ferremus
1347 869 1440 925 par
1461 855 1645 923 tantis,
1665 870 1783 925 quae
1812 871 1910 912 nos

319 957 634 1018 accepturos
662 963 962 1018 speramus,
983 947 1162 1014 bonis,
1179 947 1469 1017 gloriazque
1495 947 1548 1001 in
1571 948 1722 1002 nobis
1751 962 1910 1004 reve-

323 1039 513 1092 laudae.
541 1038 673 1093 Vide
695 1047 892 1108 quanta
917 1038 1104 1108 gloria:
1131 1036 1496 1108 magnitudine
1524 1035 1768 1092 fruantur
1797 1039 1905 1094 vir-

323 1129 448 1184 tutis
475 1129 714 1195 asseclze,
729 1129 800 1183 ita
826 1138 884 1184 ttt
909 1129 997 1182 illa
1018 1128 1186 1199 gloria
1207 1137 1421 1197 superet
1441 1128 1621 1182 omnia
1641 1143 1910 1198 quaecum-

321 1236 425 1292 que
453 1221 707 1278 exhibere
733 1221 852 1292 quis
881 1221 1075 1290 poterit
1118 1236 1132 1271 :
1181 1218 1391 1275 etiamsi
1417 1219 1559 1273 enim
1597 1219 1663 1274 ad
1693 1220 1905 1276 culmen

326 1313 572 1383 attingat,
592 1319 720 1366 tunc
740 1327 952 1382 quoque
981 1309 1204 1364 inferior
1230 1309 1352 1365 erit.
1380 1309 1516 1377 Quid
1543 1311 1682 1365 enim
1707 1309 1906 1367 tantum

321 1405 575 1460 exhibere
597 1414 774 1474 potest
801 1405 963 1458 homo
982 1445 998 1469 ,
1021 1403 1161 1474 quod
1191 1411 1358 1458 certet
1385 1417 1506 1457 curn
1536 1404 1744 1458 Domini
1769 1406 1906 1462 lihe-

323 1497 577 1552 ralitate?
607 1496 760 1565 Quod
791 1497 834 1552 si
865 1497 1060 1551 Paulus
1091 1497 1214 1550 talis
1238 1505 1292 1551 et
1321 1503 1496 1550 tantus
1520 1497 1761 1564 dicebat,
1789 1499 1906 1553 Non

316 1591 436 1633 sunt
455 1579 726 1651 condignae
737 1581 1008 1648 passiones
1027 1581 1184 1650 ltujus
1199 1583 1444 1651 temporis
1463 1582 1532 1636 ad
1545 1583 1777 1652 futuram
1789 1588 1896 1658 glo-

318 1671 452 1725 riam
472 1687 589 1741 qua:
612 1672 928 1725 revelabitur
944 1671 996 1725 in
1018 1673 1166 1726 nobis
1185 1671 1540 1742 (Rom.8.l8),
1559 1673 1650 1742 qui
1669 1674 1804 1729 alias
1821 1675 1896 1727 di-

314 1764 409 1826 cit,
433 1763 676 1827 Quotidie
705 1764 903 1818 morior
931 1763 1005 1832 (Ι.
1031 1762 1158 1820 Cor.
1191 1765 1276 1820 l5.
1305 1765 1396 1834 5|)
1419 1781 1434 1830 ;
1461 1773 1515 1818 et
1531 1779 1747 1828 rursus,
1771 1763 1902 1818 Plus

320 1853 559 1908 omnibus
584 1853 820 1910 laboravi
839 1853 1069 1926 (lbid.v.
1098 1853 1219 1926 10):
1243 1853 1374 1926 quid
1399 1869 1502 1910 nos
1516 1855 1782 1917 dicemus,
1807 1853 1903 1924 qui

322 1960 500 2014 neque
527 1945 800 2016 vulgarem
829 1945 1068 2002 laborem
1090 1961 1189 2017 pro
1221 1949 1425 2002 virtute
1443 1944 1724 2015 suscipere
1752 1946 1904 2001 volu-

325 2051 469 2101 mus,
487 2036 580 2092 sed
603 2037 890 2093 remissam
912 2037 1079 2092 vitam
1105 2045 1402 2102 sectamur,
1422 2047 1478 2094 et
1502 2038 1606 2095 hoc
1623 2053 1790 2093 unum
1813 2051 1903 2094 ca-

327 2144 538 2195 vemus,
557 2142 625 2183 ne
645 2129 776 2199 quid
797 2128 951 2185 triste
972 2128 1130 2184 nobis
1148 2130 1645 2200 aecidat,quamvis
1661 2129 1902 2188 sciamus

319 2237 428 2277 non
461 2236 584 2277 esse
612 2221 868 2292 possibile
897 2221 1053 2277 aliter
1076 2224 1290 2293 assequi
1320 2223 1708 2279 beatitudinem
1737 2225 1901 2281 coele-

319 2323 480 2378 stetn,
523 2313 628 2371 nisi
665 2329 763 2385 per
801 2322 1098 2385 praesentes
1133 2316 1455 2374 aﬂlictiones
1484 2317 1550 2372 ad
1580 2331 1700 2372 eam
1745 2317 1898 2387 prius

317 2404 1022 2464 anltelemusmmietiones
1052 2408 1197 2464 enim
1221 2408 1272 2463 id
1295 2409 1454 2465 nobis
1485 2410 1803 2472 conciliant,
1835 2419 1898 2466 ut

312 2497 426 2553 Deo
463 2501 602 2570 grati
651 2500 856 2567 simus;
888 2509 943 2556 et
974 2501 1061 2556 hic
1097 2502 1183 2558 vel
1219 2517 1413 2573 parum
1466 2503 1736 2568 laborare,
1785 2504 1898 2560 illic

316 2589 477 2645 nobis
505 2605 758 2663 magnam
784 2592 1037 2649 fiduciam
1069 2595 1294 2664 praebet,
1330 2595 1627 2652 dummodo
1665 2597 1896 2654 velimus

313 2681 616 2738 secundum
641 2683 930 2739 consilium
963 2683 1112 2738 illius
1133 2686 1380 2756 magistri
1411 2687 1563 2742 orbis
1592 2687 1892 2743 ambulare.

317 2775 642 2839 Considera,
673 2775 892 2839 dilecte,
927 2776 1054 2831 licet
1086 2777 1272 2832 tristia
1298 2779 1408 2835 sint
1441 2795 1563 2849 qua:
1611 2780 1892 2850 accidunt,

312 2880 438 2922 esse
469 2874 649 2923 tamen
675 2875 1023 2937 temporanea
1048 2885 1062 2924 :
1091 2869 1230 2924 bona
1263 2884 1392 2925 vero
1415 2885 1535 2941 quae
1561 2871 1672 2926 illic
1699 2887 1890 2930 susce-

309 2958 455 3028 pturi
485 2973 697 3024 sumus,
735 2957 1062 3013 immortalia
1091 2973 1213 3016 esse
1239 2968 1293 3016 et
1325 2969 1548 3017 aeterna.
1579 2962 1712 3029 Quae
1749 2966 1887 3018 enim

309 3048 571 3117 videntur,
597 3050 797 3119 inquit,
818 3052 1129 3120 temporalia
1162 3062 1285 3106 sunt
1304 3069 1322 3108 :
1344 3069 1462 3124 qua:
1483 3065 1660 3109 autem
1688 3073 1788 3110 non
1813 3058 1889 3112 vi-

306 3139 519 3202 dentur,
539 3147 737 3192 eterna
768 3139 844 3208 (2.
874 3137 1001 3196 Cor.
1023 3141 1077 3195 4.
1103 3140 1190 3208 i8)
1228 3139 1491 3198 Feramus
1516 3159 1647 3214 ergo
1676 3143 1889 3202 fortiter

308 3227 420 3282 haec
454 3229 799 3299 temporalia,
840 3245 1018 3300 neque
1049 3230 1383 3289 desistamus
1413 3249 1443 3288 a
1475 3236 1736 3292 virtutum
1768 3246 1886 3294 stu-

306 3319 434 3381 diis,
449 3325 507 3372 ut
526 3319 747 3375 aeternis
764 3328 819 3375 et
833 3335 1049 3390 semper
1069 3324 1419 3380 manentibus
1432 3325 1590 3383 bonis
1603 3328 1884 3389 fruamur:

304 3426 425 3480 qua:
448 3411 603 3466 nobis
629 3412 886 3468 omnibus
914 3415 1284 3470 concedantur
1304 3417 1475 3486 gratia
1499 3425 1552 3472 et
1573 3421 1884 3476 misericor-

312 3499 400 3552 dia
423 3499 635 3555 Domini
655 3503 828 3557 nostri
849 3501 976 3559 Jesu
1004 3504 1230 3569 Christi,
1258 3520 1382 3559 cum
1404 3523 1512 3576 quo
1535 3508 1700 3574 l’atri,
1724 3512 1884 3567 simul

304 3597 357 3643 et
381 3588 610 3656 Spiritui
639 3598 831 3646 sancto
859 3594 931 3647 sit
959 3594 1154 3664 gloria,
1179 3595 1490 3666 imperium,
1522 3600 1716 3666 honor,
1741 3617 1885 3658 nunc

304 3692 359 3736 et
392 3695 628 3751 semper,
651 3688 716 3761 {et
742 3681 798 3738 in
825 3685 1024 3739 sarcula
1054 3684 1398 3744 saeculorum.
1425 3688 1616 3745 Amen.

848 3772 1124 3830 HOMILIA
1164 3775 1353 3833 XXVI.

314 3878 383 3933 Et
408 3879 698 3936 recordatus
720 3891 794 3937 est
821 3881 959 3939 Deus
986 3885 1100 3940 Noe
1120 3928 1135 3952 ,
1180 3897 1229 3942 et
1271 3889 1494 3944 omnium
1521 3892 1811 3963 bestiarum,
1843 3909 1890 3952 et

382 3970 606 4023 omnium
634 3974 999 4041 jumentorum,
1039 3985 1084 4029 et
1121 3979 1342 4032 omnium
1371 3980 1667 4052 volatilium,
1693 3996 1742 4040 et
1781 4005 1888 4042 om.

381 4057 522 4110 nium
541 4060 815 4130 reptilium,
841 4077 1161 4136 quacumque
1179 4077 1446 4122 erantcum
1464 4069 1556 4125 illo
1580 4074 1632 4126 in
1659 4090 1799 4128 arca.
1821 4075 1888 4131 Et

378 4147 591 4202 adduxit
614 4147 752 4206 Deus
775 4153 1007 4222 spiritum
1037 4170 1191 4225 super
1215 4165 1418 4224 terram,
1447 4171 1493 4214 et
1530 4164 1736 4218 cessavit
1755 4181 1888 4236 aqua

381 4237 535 4311 (Gen.
558 4241 611 4297 8.
647 4242 722 4314 ι).

379 4351 430 4403 i.
471 4350 655 4421 Magna
675 4361 729 4408 et
754 4353 1034 4408 ineﬂ'abilis
1053 4354 1147 4410 Dei
1168 4357 1486 4428 benignitas,
1506 4361 1887 4435 excellensque

307 4440 423 4509 eius
444 4441 652 4496 bonitas
672 4458 736 4497 ex
755 4443 865 4512 jam
889 4445 1038 4499 lectis
1061 4447 1548 4520 ostenditur,quam
1577 4467 1686 4508 non
1712 4455 1884 4511 solum

306 4545 433 4600 erga
475 4533 734 4588 rationale
782 4535 882 4589 hoc
933 4535 1166 4602 animal,
1195 4536 1464 4594 hominem
1501 4541 1659 4610 dico,
1689 4545 1786 4599 sed
1832 4559 1887 4602 et

305 4636 431 4692 erga
457 4622 735 4679 brutorum
782 4626 1091 4682 animalium
1125 4639 1365 4685 naturam
1409 4631 1716 4690 declaravit.
1751 4637 1882 4693 Nam

303 4719 428 4759 cum
448 4708 686 4762 omnium
711 4709 782 4763 sit
806 4709 1084 4777 Conditor,
1103 4727 1226 4783 erga
1256 4715 1454 4783 omnia,
1479 4733 1596 4787 qua:
1616 4734 1646 4772 a
1674 4735 1733 4776 se
1761 4733 1885 4778 sunt

304 4793 543 4861 condita,
573 4810 723 4851 suam
749 4799 984 4854 ostendit
1023 4800 1313 4858 bonitatem
1349 4821 1362 4858 :
1390 4820 1487 4876 per
1510 4808 1689 4864 omnia
1728 4813 1883 4867 nobis

301 4895 488 4939 notum
516 4885 734 4951 faciens.
757 4899 1007 4959 quantam
1033 4891 1249 4949 humani
1271 4898 1482 4964 generis
1505 4913 1688 4955 curam
1710 4913 1878 4973 gerat,

298 4987 368 5027 ac
387 4988 446 5028 se
465 4976 642 5030 omnia
669 4977 794 5031 olim
822 4988 873 5034 et
900 4979 969 5035 ab
990 4980 1138 5036 initio
1160 4992 1374 5052 propter
1391 4987 1615 5043 salutem
1643 5001 1882 5048 nostram

301 5062 696 5137 iecisseJtaque
717 5069 818 5123 etsi
841 5071 1043 5139 puniat,
1063 5073 1167 5128 etsi
1189 5074 1242 5128 in
1270 5089 1367 5129 nos
1393 5076 1795 5144 animadvertat.
1814 5098 1878 5138 ex

297 5153 482 5210 eadem
508 5155 745 5214 bonitate
766 5173 858 5213 sua
881 5161 992 5216 haec
1013 5171 1067 5216 et
1084 5163 1170 5217 illa
1191 5162 1332 5218 facit.
1351 5164 1464 5220 Non
1481 5167 1623 5223 enim
1643 5170 1723 5225 vel
1754 5172 1882 5228 atie-

296 5245 473 5301 etione
501 5247 588 5301 vel
611 5249 688 5301 ira
711 5264 922 5318 premam
950 5252 1108 5307 infert
1139 5255 1270 5310 :sed
1287 5256 1540 5311 malitiam
1569 5261 1881 5319 exscindere

297 5335 429 5401 vult,
457 5352 525 5392 ne
543 5337 674 5392 ultra
697 5343 1080 5412 progrediatur.
1095 5345 1226 5411 Quia
1249 5356 1301 5401 et
1324 5362 1484 5414 nunc,
1499 5349 1636 5405 sicut
1662 5354 1876 5420 auditis,

295 5426 553 5480 diluvium
580 5427 651 5482 ob
678 5429 811 5484 nihil
835 5432 976 5489 aliud
994 5434 1393 5506 induxit,quam
1413 5447 1468 5492 ut
1487 5453 1669 5496 curam
1699 5454 1880 5514 ageret

296 5531 480 5571 eorum
497 5518 587 5588 qui
615 5519 872 5592 iniquitati
902 5539 962 5580 se
986 5524 1319 5582 dediderant.
1347 5528 1411 5583 Et
1437 5530 1627 5600 qualis,
1651 5532 1876 5603 inquies,

294 5621 420 5659 cura
443 5605 578 5673 hac,
605 5625 793 5666 omnes
815 5628 950 5683 aqua
987 5616 1274 5672 suffocari?
1295 5618 1369 5675 Ne
1395 5629 1593 5676 temere
1625 5621 1877 5694 loquaris,

297 5696 474 5765 homo,
513 5699 607 5756 sed
635 5713 785 5772 grato
817 5706 998 5761 animo
1023 5709 1203 5778 accipe
1228 5725 1288 5766 ea
1311 5727 1426 5781 qum
1449 5729 1476 5767 a
1506 5714 1729 5772 Domino
1755 5727 1877 5772 sunt

1381 290 1448 353 ΙΝ
1474 291 1627 352 CAP.
1671 289 1802 353 Vill.
1831 289 2074 354 (il-ZNES.
2115 287 2326 353 ιιωιεί.
2390 289 2578 357 ΧλΠ.

3503 299 3604 359 230

2031 405 2184 472 facta,
2206 413 2260 460 et
2285 405 2421 462 scies
2441 406 2545 464 hoc
2566 408 2726 464 etiam
2753 423 2874 465 esse
2900 408 3143 467 maxima:
3165 425 3308 468 curre
3333 427 3604 484 argutum

2024 506 2157 553 tum.
2186 497 2317 553 Nam
2348 514 2442 555 eos
2467 501 2558 570 qui
2589 501 2666 556 sic
2706 501 3072 558 incurabiliter
3103 513 3362 574 peccant,
3390 515 3445 561 et
3466 522 3600 576 quo-

2024 589 2149 644 tidie
2178 591 2397 645 vulnera
2426 592 2526 646 sibi
2557 592 2800 662 inﬂigunt
2821 634 2836 660 ,
2869 602 2922 648 et
2963 595 3143 650 ulcera
3168 596 3268 652 sibi
3296 598 3443 652 omni
3475 613 3602 654 cura

2019 682 2293 750 superiora
2323 683 2590 748 inferunt,
2620 699 2684 737 ex
2719 692 2867 739 tanto
2909 685 3052 739 malo
3100 687 3390 754 liberasse,
3425 705 3603 747 nonne

2017 786 2241 828 summa:
2284 782 2400 828 erat
2437 773 2773 843 prudentiae?
2805 774 2868 828 Et
2907 774 3022 844 ipse
3067 777 3318 845 puniendi
3368 780 3560 836 modus
3585 822 3604 850 ,

2019 877 2198 918 nonne
2238 864 2382 918 omni
2435 865 2762 935 benignitate
2804 866 2992 935 plenus
3018 867 3144 921 est?
3183 867 3292 923 Eos
3340 871 3481 926 enim
3511 875 3602 943 qui

2017 954 2254 1025 alioquin
2305 964 2508 1010 natura:
2555 957 2790 1011 debitum
2840 959 3066 1014 soluturi
3107 971 3280 1027 erant,
3309 963 3387 1018 sie
3429 979 3602 1034 poena:

2019 1044 2139 1099 loco
2165 1046 2327 1101 vitam
2368 1046 2638 1117 deponere
2663 1089 2678 1113 ,
2711 1057 2769 1103 ut
2798 1064 2865 1104 ne
2901 1065 3116 1105 sensum
3159 1053 3372 1122 quidem
3416 1058 3602 1113 mortis

2019 1135 2274 1192 haberent
2300 1179 2315 1206 ,
2369 1137 2462 1193 sed
2506 1139 2706 1209 absque
2747 1140 2947 1195 doloris
2985 1143 3223 1198 cruciatu
3273 1145 3598 1215 supplicium

2014 1225 2272 1295 subirent,
2301 1238 2512 1297 quanta:
2552 1245 2660 1284 non
2701 1230 2858 1286 fuerit
2889 1231 3165 1301 sapientiae
3194 1242 3249 1289 et
3291 1235 3597 1293 bonitatis?
3675 1240 3679 1242 ’

2013 1316 2151 1384 Quin
2176 1318 2222 1373 si
2247 1319 2367 1388 quis
2396 1320 2576 1372 animo
2609 1320 2700 1390 pio
2729 1321 2995 1391 expendat
3022 1322 3216 1377 factum
3238 1365 3252 1388 ,
3279 1339 3384 1379 non
3421 1328 3594 1382 solum

2013 1419 2205 1478 nempe
2232 1409 2299 1464 iis
2326 1410 2416 1480 qui
2457 1411 2624 1480 puniti
2655 1421 2778 1466 sunt
2805 1412 3056 1468 beneficia
3085 1429 3205 1470 esse
3233 1417 3460 1484 collata,
3498 1419 3589 1474 sed

2012 1507 2068 1554 et
2107 1501 2356 1569 posteris,
2379 1503 2468 1572 qui
2514 1503 2621 1558 duo
2666 1505 2901 1560 maxima
2948 1505 3074 1562 inde
3114 1519 3466 1579 perceperunt
3502 1510 3596 1565 bo-

2011 1604 2077 1644 na
2098 1633 2113 1655 ,
2149 1591 2223 1662 (a)
2267 1591 2398 1663 [tum
2429 1594 2570 1664 quod
2600 1595 2785 1650 iisdem
2814 1597 2865 1651 in
2895 1599 3048 1652 malis
3077 1613 3181 1653 non
3214 1600 3323 1656 sint
3347 1601 3590 1671 involuti,

2011 1686 2122 1734 tum
2152 1682 2294 1750 quod
2324 1697 2390 1738 ex
2418 1683 2717 1753 hujusmodi
2746 1686 2895 1742 factis
2934 1689 3200 1744 cautiores
3239 1699 3294 1744 et
3333 1702 3592 1762 tempera-

2012 1773 2173 1828 tiores
2198 1777 2498 1850 evaserint]
2543 1789 2793 1850 quantam
2843 1784 3130 1853 gratiarum
3181 1787 3441 1842 actionem
3498 1806 3592 1860 pro

2009 1862 2114 1917 illis
2143 1865 2255 1921 Deo
2285 1882 2392 1922 non
2417 1868 2688 1925 debeant?
2711 1873 2918 1927 Etenim
2946 1875 3143 1944 posteri
3173 1891 3326 1945 paena
3355 1879 3588 1946 illorum,

2007 1962 2062 2007 et
2093 1964 2256 2020 metu,
2291 1972 2356 2011 ne
2377 1958 2561 2012 eadem
2587 1975 2706 2029 qua:
2737 1961 2810 2015 illi
2838 1971 3164 2031 paterentur,
3192 1967 3440 2023 meliores
3469 1970 3588 2026 lacti

2005 2057 2157 2100 sunt:
2181 2063 2242 2102 ac
2267 2058 2523 2117 praeterea
2544 2065 2703 2107 omne
2727 2054 2940 2108 malitia:
2962 2053 3278 2110 fermentum
3299 2059 3584 2126 sublatum,

2008 2147 2063 2192 ct
2091 2140 2268 2194 nullus
2290 2141 2510 2197 relictus
2536 2142 2633 2197 fuit
2661 2145 2739 2198 eis
2771 2145 2988 2200 malitia:
3026 2156 3077 2201 et
3111 2147 3396 2217 iniquitatis
3423 2153 3587 2223 magi-

2006 2235 2134 2284 ster.
2164 2230 2323 2287 Vides
2350 2233 2618 2302 quomodo
2647 2243 2701 2290 et
2732 2249 2903 2304 poena:
2948 2246 2997 2292 et
3041 2240 3295 2309 supplicia
3329 2241 3589 2298 beneficia

2005 2319 2147 2386 sint,
2169 2331 2223 2376 et
2254 2322 2346 2378 Dei
2374 2338 2496 2393 erga
2527 2323 2792 2379 hominem
2839 2328 3224 2396 providentiam
3270 2332 3587 2388 declarent?

2005 2409 2070 2464 Et
2098 2411 2141 2464 si
2165 2412 2284 2481 quis
2313 2413 2447 2466 velit
2474 2413 2589 2469 iure
2614 2429 2644 2468 a
2676 2416 2860 2484 primis
2885 2426 2939 2472 et
2961 2418 3028 2472 ab
3057 2421 3204 2476 initio
3233 2437 3547 2481 enumerare
3567 2470 3582 2492 ,

2003 2500 2237 2556 inveniet
2263 2516 2450 2558 omnes
2492 2518 2676 2573 pmnas
2703 2503 2803 2560 hac
2834 2505 2903 2562 de
2928 2523 3083 2563 causa
3117 2515 3478 2580 peccatoribus
3506 2518 3580 2570 in-

2003 2599 2253 2646 tentatas.
2278 2590 2411 2647 Nam
2443 2601 2497 2648 et
2523 2593 2689 2648 Adam
2721 2605 3025 2664 peccantem
3057 2616 3162 2653 non
3209 2603 3432 2670 puniens
3463 2615 3580 2658 tau-

2005 2687 2140 2747 tum,
2173 2680 2267 2736 sed
2297 2691 2352 2736 et
2377 2683 2638 2739 beneﬂcio
2673 2700 2998 2758 prosequens
3027 2691 3270 2760 paradiso
3292 2694 3464 2764 ejceit.
3517 2698 3581 2752 Et

2000 2772 2158 2842 quale
2186 2771 2319 2828 dicis
2345 2773 2681 2843 beneﬁcium,
2713 2778 2872 2832 etiam
2905 2779 3130 2848 paradisi
3161 2783 3263 2836 vita
3285 2785 3581 2842 excidisse?

1999 2859 2080 2917 Ne
2106 2862 2418 2931 simpliciter
2443 2865 2690 2921 attendas
2719 2867 2786 2921 ad
2812 2882 2872 2922 ea
2897 2883 3014 2938 qua:
3038 2881 3296 2939 geruntur
3315 2915 3329 2941 ,
3367 2875 3578 2944 dilecte,

2000 2963 2174 3022 neque
2201 2952 2376 3008 obiter
2400 2970 2518 3024 qua:
2548 2971 2576 3009 a
2610 2956 2720 3011 Deo
2763 2957 2896 3012 fiunt
2919 2959 3197 3018 addiscas:
3231 2964 3324 3019 sed
3362 2967 3576 3036 profun-

1998 3042 2124 3098 dum
2157 3043 2298 3100 illius
2322 3043 2578 3102 bonitatis
2605 3047 2830 3116 intuere,
2853 3057 2907 3104 et
2935 3051 3171 3109 invenies
3197 3057 3370 3110 omnia
3393 3058 3577 3114 eadem

1998 3133 2068 3190 de
2097 3149 2256 3190 causa
2279 3135 2347 3190 ab
2375 3137 2492 3207 ipso
2513 3138 2650 3194 fieri.
2678 3140 2771 3196 Die
2797 3141 2938 3197 enim
2961 3143 3112 3210 mihi,
3136 3146 3180 3200 si
3205 3147 3394 3214 Adam,
3428 3163 3576 3219 post-

1996 3242 2152 3298 quam
2183 3227 2261 3283 sie
2286 3237 2649 3300 transgressus
2669 3242 2783 3297 est,
2818 3234 3005 3290 iisdem
3036 3237 3213 3294 adhuc
3243 3239 3343 3293 frui
3375 3244 3578 3311 potuis-

1995 3326 2245 3389 set,quo
2291 3333 2400 3375 non
2453 3322 2937 3380 excidisset?Nam
2991 3328 3036 3381 si
3093 3331 3251 3384 tantis
3303 3334 3576 3400 promissis

2002 3411 2258 3479 acceptis,
2293 3421 2594 3480 serpentem
2639 3413 2974 3484 deet-plorem
3021 3417 3243 3484 audivit,
3269 3429 3322 3475 et
3360 3423 3574 3478 insidias

1993 3497 2228 3566 admisit,
2257 3513 2388 3570 quas
2415 3515 2510 3569 per
2534 3517 2656 3556 eum
2683 3491 2942 3558 diabolus.
2969 3505 3177 3572 intulit,
3211 3523 3306 3578 spe
3331 3510 3574 3567 videlicet

1996 3586 2306 3643 obtinenda:
2348 3589 2667 3658 :cqualitatis
2711 3606 2830 3646 cum
2883 3593 2991 3648 Deo
3042 3594 3264 3659 iuuans,
3298 3607 3456 3668 atque
3520 3602 3571 3656 iu

1995 3677 2445 3747 praevaricationis
2472 3689 2746 3750 peccatum
2774 3682 2918 3737 illum
2943 3683 3203 3752 iujicicns,
3234 3687 3277 3740 si
3306 3689 3356 3741 in
3385 3689 3570 3746 eadem

1995 3769 2252 3840 dignitate
2273 3786 2337 3826 ac
2382 3772 2504 3828 vitae
2547 3773 2755 3828 ratione
2793 3775 3110 3843 mansisset,
3149 3779 3417 3848 quomodo
3464 3797 3570 3838 non

1995 3861 2165 3916 multo
2193 3861 2297 3918 ﬁde
2321 3861 2614 3933 digniorem
2637 3873 2870 3934 putasset
2891 3868 3175 3938 malignum
3207 3871 3352 3925 illum
3371 3871 3572 3928 dzemo-

1994 3966 2148 4017 nem,
2181 3968 2340 4022 quam
2393 3970 2570 4010 rerum
2617 3955 2852 4010 omnium
2898 3957 3271 4026 Conditorem,
3298 3962 3471 4033 deque
3514 3980 3574 4021 se

1993 4041 2327 4106 sublimiora,
2356 4059 2517 4114 quam
2544 4044 2772 4116 dignitas
2800 4061 2894 4102 sua
2927 4047 3151 4116 ferebat,
3173 4053 3352 4108 animo
3373 4069 3571 4111 conce-

1993 4131 2200 4200 pisset?
2253 4132 2462 4187 Etenim
2509 4135 2630 4188 talis
2683 4136 2958 4192 hominum
3013 4148 3200 4195 natura
3253 4152 3367 4209 est,
3421 4154 3476 4199 ut
3524 4147 3572 4200 si

1991 4221 2204 4290 quando
2247 4238 2476 4293 peccans
2527 4239 2632 4280 non
2679 4226 3011 4296 refrenatur,
3053 4231 3148 4287 sed
3195 4247 3382 4290 secure
3425 4238 3565 4308 agit,

1992 4309 2216 4367 ulterius
2238 4313 2534 4383 procedens
2554 4315 2605 4370 in
2628 4330 2864 4389 praeceps
2886 4318 3104 4376 feratur.
3137 4323 3253 4378 Alia
3281 4333 3456 4381 tamen
3485 4330 3574 4382 via

1993 4414 2208 4470 possum
2235 4405 2518 4461 ostendere
2535 4446 2551 4471 ,
2573 4407 2713 4476 quod
2741 4408 3078 4466 clementiam
3109 4428 3217 4482 pra:
3251 4429 3308 4470 se
3352 4414 3527 4473 ferens
3552 4461 3570 4485 ,

1991 4491 2251 4547 Adamum
2277 4495 2520 4563 paradiso
2539 4497 2760 4567 jusserit
2783 4502 3065 4570 excedere,
3097 4513 3152 4558 et
3179 4507 3362 4562 mortis
3397 4524 3568 4579 paena!

1990 4581 2180 4638 fecerit
2203 4584 2496 4642 obnoxium
2521 4605 2536 4642 :
2561 4604 2681 4643 nam
2711 4591 2972 4660 ejectione
2999 4602 3054 4648 et
3093 4598 3386 4668 prOpinqua
3418 4601 3567 4654 babi-

1991 4670 2190 4728 tatioue
2213 4674 2605 4744 castigatiorem
2627 4718 2644 4742 ,
2665 4687 2719 4732 et
2757 4679 2808 4733 in
2834 4691 3103 4749 posterum
3145 4688 3466 4742 securiorem
3497 4690 3568 4743 fa~

1991 4760 2172 4829 ciens,
2195 4777 2254 4818 re
2283 4763 2395 4833 ipsa
2425 4764 2605 4820 docuit
2631 4780 2860 4837 quantus
2880 4770 3130 4840 deceptor
3155 4774 3310 4830 fuerit
3331 4776 3601 4834 ἀωιιιοιι..

1990 4851 2178 4907 Mortis
2204 4864 2384 4909 autem
2411 4856 2730 4925 supplicium
2768 4870 2985 4929 prepter
3011 4861 3110 4916 hoc
3150 4863 3328 4919 intulit
3353 4908 3366 4930 ,
3399 4879 3456 4922 ut
3499 4886 3566 4924 ne

1989 4941 2211 5012 posthac
2253 4958 2350 5012 per
2369 4942 2780 5002 inobodientiam
2804 4959 3022 5018 peccato
3050 4952 3313 5011 obnoxius
3341 4957 3564 5013 etl‘ectus

1990 5040 2251 5102 perpetuo
2277 5044 2542 5103 peccaret.
2569 5035 2685 5092 Non
2714 5037 2965 5095 videntur
2990 5041 3082 5098 tibi
3109 5042 3223 5100 base
3247 5061 3366 5104 esse
3392 5052 3575 5105 ωεικί-

1989 5137 2093 5179 mat
2125 5121 2446 5191 clementiae,
2465 5133 2524 5180 et
2544 5126 2741 5196 ejicere
2765 5144 2796 5184 a
2827 5131 3073 5200 paradiso
3109 5144 3162 5188 et
3195 5150 3348 5205 poena
3379 5143 3578 5194 mortis

1988 5212 2261 5282 plectere?
2289 5214 2511 5271 Possum
2538 5227 2714 5274 autem
2762 5230 2816 5277 et
2856 5222 2998 5278 aliud
3042 5236 3299 5294 pra-terea
3347 5231 3558 5288 alfcrre.

1989 5303 2281 5372 Qualenam
2315 5306 2456 5362 hoc?
2488 5309 2633 5365 llanc
2677 5309 3090 5382 indignationem
3133 5317 3208 5371 illi
3248 5318 3562 5386 inferendo,

1988 5409 2096 5448 non
2113 5395 2251 5464 apud
2279 5396 2448 5466 ipsum
2475 5399 2750 5456 dumtaxat
2778 5403 3033 5459 benelleia
3059 5408 3360 5479 collocavit,
3382 5413 3477 5468 sed
3506 5426 3576 5470 et

1988 5495 2235 5556 posteros
2285 5489 2450 5560 ipsius
2481 5492 2728 5562 exemplo
2775 5497 3042 5566 corrigere
3088 5501 3274 5557 voluit.
3305 5503 3436 5560 Nam
3487 5509 3574 5576 εἰη

2048 5667 2122 5729 (a)
2156 5674 2393 5736 ttzpcqum
2415 5672 2550 5736 uncis
2587 5671 2872 5736 clauduntur
2897 5689 2959 5726 ex
2987 5691 3084 5727 uno
3116 5685 3301 5732 tantum
3323 5688 3404 5733 λιι.
3431 5687 3556 5736 ervi

1986 5739 2108 5787 ntus,
2133 5729 2222 5779 sed
2246 5729 2468 5780 videntur
2492 5734 2548 5780 a:l
2573 5735 2751 5782 seriem
2775 5738 3034 5797 quiatlrarc.
