4102 6204
366 245 565 327 κιδι

465 373 745 437 postquam
793 356 909 410 haec
948 357 1257 417 evenerant,
1278 350 1325 402 is
1368 346 1459 417 qui
1500 348 1682 401 ex'eo
1719 348 1877 396 natus
1918 344 2038 401 est,

462 455 595 510 Cain
628 453 862 521 inquam,
883 446 972 517 qui
1004 459 1115 515 prae
1139 442 1309 497 oculis
1334 439 1546 495 videbat
1574 444 1777 506 patrem
1797 448 1864 488 ex
1886 445 2041 501 para-

468 545 587 598 diso
627 541 888 611 ejectum,
934 534 1256 591 ineffabilem
1302 531 1449 586 illam
1488 528 1709 599 gloriam
1752 524 2040 588 amissam,

461 633 893 689 maledictionem
925 628 1071 683 illam
1099 627 1311 690 miram,
1343 638 1462 692 qua:
1490 620 1699 675 dicebat
1728 636 1742 671 :
1772 615 1932 671 Terra
1957 630 2041 679 es,

462 738 510 781 et
537 727 597 780 in
622 735 810 779 terram
829 721 986 776 abibis
1015 718 1166 793 (Gen.
1186 718 1241 771 5.
1263 717 1377 781 l9),
1399 713 1589 769 melior
1616 711 1783 765 factus
1813 724 1918 763 non
1939 716 2041 772 est,

462 817 559 873 sed
596 812 929 887 gravioribus
978 826 1036 865 se
1073 808 1292 864 involvit
1332 805 1484 860 malis
1525 821 1539 859 :
1580 803 1624 856 si
1675 816 1780 856 non
1824 799 2048 855 vidisset

462 920 585 976 qum
615 903 752 974 patri
783 901 1136 971 contigerant,
1157 898 1211 953 in
1231 911 1388 967 quam
1418 909 1525 949 non
1557 891 1883 962 pervenisset
1910 890 2050 943 insa-

466 995 646 1051 niam?
669 994 738 1050 Et
758 992 900 1064 quod
928 1006 1058 1046 sane
1086 988 1438 1044 admiratione
1459 986 1616 1041 fuerit
1643 983 1881 1053 dignum,
1902 981 2047 1034 illum

466 1086 628 1141 etiam
648 1084 738 1154 qui
762 1083 883 1138 talia
914 1080 1234 1153 peccavitet
1259 1076 1463 1132 nefario
1492 1073 1781 1130 homicidio
1808 1072 2049 1126 dextram

469 1173 660 1245 polluit
683 1172 910 1243 puniens
932 1212 949 1238 ,
986 1167 1347 1225 misericordia
1370 1180 1583 1235 patiam
1608 1163 1844 1241 miscuit.

538 1261 594 1317 2.
639 1263 705 1317 Et
732 1270 791 1316 ut
819 1259 1098 1316 manifeste
1138 1258 1277 1313 scias
1311 1254 1507 1311 divina:
1532 1254 1819 1320 bonitatis,
1851 1267 1969 1322 quae
1997 1260 2052 1306 et

468 1353 555 1409 isti
584 1351 818 1408 exhibita
845 1360 966 1416 est,
1009 1346 1423 1418 magnitudinem
1465 1363 1479 1400 :
1523 1354 1634 1399 tum
1672 1344 1886 1415 quidem
1927 1357 2049 1397 cum

473 1447 636 1500 Deum
656 1442 803 1513 gravi
824 1439 1141 1496 contumelia
1161 1437 1397 1493 afﬁceret
1416 1435 1689 1491 offerendo
1709 1433 2050 1498 sacriﬁcium,

473 1542 528 1588 et
555 1546 803 1603 magnum
836 1545 945 1600 pra:
973 1544 1034 1584 se
1074 1527 1294 1584 ferendo
1327 1534 1690 1596 contemptum
1737 1524 1882 1596 (non
1909 1523 2052 1578 enim

471 1622 739 1680 dividebat
766 1622 944 1691 juste,
996 1619 1092 1674 sed
1137 1617 1394 1673 oli'erebat
1421 1616 1733 1686 simpliciter
1773 1624 1828 1669 et
1855 1613 2056 1682 absque

411 1735 424 1742 ·
475 1712 745 1783 delectu),
776 1710 906 1766 nihil
926 1709 1008 1764 vel
1033 1723 1195 1779 grave
1214 1708 1296 1762 vel
1321 1707 1602 1762 molestum
1628 1704 1880 1760 adversus
1908 1703 2056 1757 illum

474 1806 725 1875 loquutus
771 1811 854 1857 est
896 1801 1073 1867 Deus,
1122 1799 1364 1869 quamvis
1411 1805 1684 1867 peccatum
1729 1796 1901 1866 ipsum
1949 1810 2057 1849 non

473 1903 620 1951 esset
641 1908 862 1965 parvum
891 1899 947 1947 et
973 1889 1192 1961 vulgare
1208 1929 1226 1957 ,
1255 1888 1350 1945 sed
1376 1887 1529 1942 valde
1555 1902 1825 1957 magnum.
1852 1884 1982 1941 Nam
2009 1885 2057 1940 si

476 1986 514 2043 ii
543 1987 632 2058 qui
662 1998 991 2056 congeneres
1020 1982 1266 2038 homines
1293 1980 1543 2037 honorari
1572 1980 1777 2045 volunt,
1809 1980 1975 2049 prima
2002 1986 2060 2034 et

475 2078 741 2147 praecipua
759 2076 863 2131 illis
878 2074 1133 2139 tribuunt,
1155 2074 1349 2144 illaque
1365 2071 1559 2128 oﬁ‘erre
1579 2072 1809 2125 maxime
1822 2068 2056 2135 student,

476 2186 596 2238 qua:
644 2167 893 2224 omnibus
939 2165 1258 2237 pretiosiora
1308 2163 1408 2219 sibi
1452 2162 1698 2218 videntur
1740 2179 1753 2215 :
1793 2159 2060 2231 quomodo

476 2260 748 2315 hominem
778 2257 889 2313 Deo
924 2255 1239 2312 oﬁ‘erentem
1281 2268 1386 2308 non
1415 2251 1696 2321 oportebat
1725 2251 1833 2305 Deo
1860 2249 2059 2320 pretio—

477 2350 619 2405 siora
645 2358 697 2404 et
728 2345 1093 2417 praestantiora
1122 2342 1358 2401 oﬁ'erre?
1386 2341 1550 2412 Igitur
1573 2356 1691 2396 cutn
1715 2348 1914 2395 tantum
1938 2352 2061 2408 pec-

477 2449 641 2505 caret,
666 2447 722 2493 et
752 2446 952 2492 tantum
982 2450 1091 2505 prae
1118 2449 1178 2489 se
1202 2434 1367 2489 ferret
1390 2440 1753 2501 contemptum
1782 2431 1891 2495 ille,
1922 2429 2061 2483 Deus

479 2538 655 2584 tamen
686 2544 792 2583 non
840 2527 1023 2597 petivit
1051 2539 1298 2595 poenam,
1344 2537 1519 2593 neque
1543 2536 1639 2592 pro
1682 2521 1831 2576 factis
1855 2519 2061 2589 suppli-

478 2620 618 2675 cium
644 2620 853 2690 exegit:
884 2617 976 2673 sed
1001 2616 1150 2686 quasi
1177 2614 1380 2669 amicus
1399 2616 1592 2679 amico,
1619 2627 1740 2667 cum
1762 2611 1904 2665 omni
1932 2610 2063 2664 leni-

481 2719 589 2766 tate
617 2712 840 2780 loquens
867 2709 946 2762 sic
986 2706 1118 2761 dixit
1146 2724 1160 2761 :
1193 2704 1442 2770 Peccasti,
1464 2704 1660 2774 quiesce
1690 2700 1855 2772 (Gen.
1885 2701 1936 2753 4.
1968 2700 2059 2770 7).

484 2803 767 2859 Peccatum
794 2800 1070 2855 dumtaxat
1098 2798 1172 2851 illi
1203 2797 1485 2863 indicavit,
1512 2802 1568 2850 et
1591 2794 1857 2850 consuluit
1890 2806 1957 2847 ne
1982 2791 2065 2845 ul-

482 2892 647 2947 terius
676 2890 1103 2960 progrederetur.
1133 2886 1325 2942 Vidisti
1367 2885 1617 2940 bonitatis
1652 2880 2063 2938 excellentiam?

480 2983 585 3040 Sed
614 2983 737 3052 quia
766 2982 854 3036 ille
876 2996 979 3035 non
1007 2980 1178 3034 solum
1209 2976 1338 3032 nihil
1364 2991 1428 3031 ex
1458 2985 1601 3029 tanta
1628 2974 1877 3044 patientia
1904 2972 2063 3026 lucri-

484 3073 609 3128 feeit
626 3113 640 3137 ,
670 3071 764 3126 sed
793 3080 848 3126 et
874 3070 1116 3139 graviora
1148 3067 1333 3138 primis
1360 3065 1575 3134 adjecit,
1603 3075 1763 3134 atque
1791 3062 1856 3119 ad
1884 3062 2063 3117 fratris

485 3179 669 3219 necem
699 3161 1037 3232 properavit,
1070 3160 1209 3213 Deus
1236 3157 1450 3228 quidem
1479 3157 1533 3211 in
1575 3171 1697 3211 eum
1738 3154 1911 3210 adhuc
1948 3170 2064 3208 ma-

484 3270 641 3325 gnam
668 3251 985 3308 ostendebat
1010 3251 1301 3314 leuitatem,
1331 3248 1666 3318 interrogans
1692 3246 1835 3317 prius
1860 3256 1915 3301 et
1932 3246 2064 3300 dans

487 3346 563 3400 illi
599 3342 978 3399 satisfactionis
1008 3340 1181 3395 locum
1209 3338 1345 3394 :‘sed
1374 3337 1497 3408 quia
1526 3338 1721 3391 mansit
1763 3335 2062 3406 impudens,

487 3446 611 3490 tunc
632 3448 843 3505 pinnam
867 3432 1042 3486 intulit
1065 3431 1113 3485 ei
1138 3428 1525 3486 emendationis
1549 3427 1737 3498 gratia,
1761 3442 1881 3498 qua:
1903 3426 2063 3482 etiam

486 3529 598 3599 ipsa
627 3527 849 3595 multum
879 3524 1109 3580 habebat
1136 3522 1514 3578 misericordia:
1543 3520 1859 3576 admixtum.

563 3620 665 3688 Qui
704 3619 756 3673 in
799 3634 892 3672 nos
934 3626 1138 3686 peccat,
1186 3619 1424 3687 feratur;
1460 3614 1543 3685 qui
1586 3616 1639 3669 in
1666 3613 1832 3668 Deum
1872 3621 2062 3683 peccat,

492 3713 753 3784 puniatur.
776 3740 847 3750 —
869 3708 1033 3764 Vides
1067 3706 1336 3778 quomodo
1363 3707 1501 3761 Deus
1519 3746 1534 3770 ,
1573 3704 1786 3775 quando
1813 3705 1865 3759 in
1892 3705 2063 3774 ipsum

490 3802 750 3875 peccavit,
773 3808 1155 3871 peccatumque
1180 3812 1285 3852 non
1306 3796 1541 3867 vulgare,
1563 3795 1765 3851 dimisit
1789 3794 1836 3850 ei
1863 3810 1876 3848 :
1901 3808 2068 3863 quan-

489 3895 560 3950 do
584 3903 761 3949 autem
790 3892 842 3945 in
883 3889 1101 3944 fratrem
1139 3886 1365 3942 armavit
1400 3885 1642 3941 dextram
1669 3925 1685 3951 ,
1727 3883 2065 3939 maledictum

490 3984 666 4040 intulit
688 3992 742 4037 et
770 3977 1107 4049 increpavit?
1134 3977 1221 4034 Sic
1247 3991 1388 4031 nunc
1411 3984 1467 4031 et
1496 3989 1595 4030 nos
1623 3973 1876 4030 faciamus
1896 4014 1911 4039 ,
1943 3972 2065 4026 imi-

492 4087 770 4145 temurque
797 4072 1077 4127 Dominum
1111 4079 1392 4132 nostrum;
1424 4078 1475 4122 et
1502 4069 1546 4123 si
1572 4066 1697 4137 quid
1739 4066 1789 4120 in
1819 4080 1917 4120 nos
1948 4078 2069 4136 pec-

490 4175 669 4222 catum
696 4163 875 4227 fuerit,
903 4161 1109 4216 veniam
1136 4158 1344 4225 demus,
1374 4165 1431 4212 et
1458 4155 1788 4211 remittamus
1814 4155 1878 4211 iis
1900 4154 1989 4225 qui
2014 4153 2067 4207 in

494 4272 592 4311 nos
631 4254 1008 4323 deliquerunt:
1038 4248 1253 4319 quando
1297 4256 1473 4302 autem
1504 4247 1555 4301 in
1588 4246 1753 4301 Deum
1794 4254 2068 4314 peccatum

496 4347 753 4411 refertur,
797 4350 924 4397 tunc
964 4354 1151 4412 poenas
1192 4340 1483 4410 exigamus.
1528 4337 1635 4395 Sed
1667 4338 1846 4392 nescio
1874 4336 1962 4408 qui
1991 4335 2066 4401 ﬁt,

500 4448 556 4491 nt
579 4438 755 4490 omnia
797 4447 948 4487 secus
988 4431 1279 4495 faciamus,
1324 4430 1542 4485 omnino
1585 4438 1799 4499 peccata
1841 4444 1960 4500 qua:
2004 4428 2071 4484 ad

498 4526 664 4581 Deum
692 4522 992 4594 pertingunt
1013 4561 1028 4586 ,
1056 4520 1220 4574 inulta
1247 4533 1365 4574 esse
1390 4520 1613 4574 sinimus
1640 4536 1653 4573 :
1681 4519 1726 4573 si
1751 4518 1870 4590 quis
1894 4528 2071 4574 autem

499 4631 681 4686 parum
714 4613 839 4684 quid
877 4613 929 4667 in
974 4625 1075 4666 nos
1118 4610 1449 4681 peccaverit,
1498 4609 1614 4680 ejus
1653 4624 1841 4681 graves
1887 4624 2072 4665 sumus

490 4707 697 4784 pltorcs
740 4713 790 4759 et
839 4710 1215 4769 accusatores,
1268 4702 1572 4773 ignorantes
1617 4706 1714 4756 nos
1761 4718 1820 4758 ea
1867 4702 2073 4757 ratione

498 4793 893 4851 misericordem
913 4793 1191 4848 Dominum
1213 4792 1379 4863 magis
1399 4791 1736 4848 exacerbare.
1760 4792 1910 4860 Quod
1930 4792 2072 4847 enim

499 4903 614 4945 mos
634 4888 703 4943 sit
723 4887 833 4942 Deo
857 4900 1001 4957 smpe
1022 4884 1289 4942 dimittere
1308 4901 1425 4956 qua:
1450 4884 1502 4940 in
1527 4900 1586 4940 se
1611 4895 1828 4955 peccata
1855 4884 2071 4954 fuerint,

499 4998 682 5038 verum
711 4995 832 5053 quae
861 4980 913 5035 in
947 4979 1243 5050 proximum
1264 5020 1281 5046 ,
1324 4993 1387 5034 ea
1416 4993 1536 5033 cum
1567 4992 1755 5048 magna
1792 4980 2076 5036 severitate

497 5073 816 5144 exquirere,
849 5070 973 5125 audi
1016 5070 1227 5125 beatum
1260 5069 1478 5124 Paulum
1522 5068 1787 5125 dicentem
1816 5087 1831 5124 :
1861 5070 1921 5126 Si
1962 5072 2076 5144 quis

503 5178 710 5218 uxorem
732 5160 878 5216 habet
902 5159 1179 5228 inﬁdelem,
1202 5169 1249 5213 et
1273 5160 1371 5229 ipsi
1394 5170 1593 5231 gratum
1616 5160 1768 5230 fuerit
1793 5161 2077 5217 cohabitare

499 5255 598 5321 illi,
631 5269 732 5307 non
766 5252 985 5306 dimittat
1025 5250 1187 5305 illam.
1216 5249 1284 5304 Et
1323 5250 1369 5305 si
1405 5267 1505 5321 qua
1541 5251 1722 5305 mulier
1748 5253 1892 5307 habet
1916 5254 2074 5308 uirum

500 5347 776 5418 infidelem,
808 5357 856 5400 et
882 5346 962 5399 hic
987 5344 1228 5400 consentit
1257 5344 1482 5398 habitare
1508 5359 1620 5397 cum
1644 5345 1756 5409 illa,
1784 5362 1882 5400 non
1908 5347 2077 5401 dimit-

501 5451 570 5494 tat
598 5437 743 5493 illum
769 5438 862 5508 (1.
885 5435 1003 5491 Cor.
1027 5436 1080 5489 7.
1108 5435 1192 5490 η.
1220 5437 1287 5490 15
1308 5435 1345 5505 ),
1374 5434 1563 5490 Vidisti
1589 5445 1782 5506 quanta
1806 5438 1874 5493 ibi
1904 5438 2076 5494 indul-

501 5528 721 5599 gentia?
751 5528 968 5583 Etiamsi
994 5528 1206 5596 gentilis
1235 5527 1410 5592 fuerit,
1438 5526 1643 5583 etiamsi
1674 5528 1922 5596 inﬁdelis,
1955 5544 2077 5599 pro-

505 5620 593 5677 bet
617 5630 790 5674 autem
817 5619 1259 5675 cohabitationetn
1278 5659 1294 5683 ,
1334 5634 1438 5674 non
1469 5617 1712 5688 refugiat.
1746 5618 1813 5676 Et
1843 5620 2032 5677 iterum
2057 5640 2071 5675 :

1178 232 1235 290 S.
1275 226 1556 287 .IOANNIS
1591 214 2067 281 οιιιιϊεοδτοιει
2103 213 2421 271 ARCHIEP.
2460 216 2992 277 CONSTANTlNOP.

3620 220 3735 281 25?

2153 327 2270 385 Etsi
2292 333 2493 402 gentilis
2514 335 2668 403 luerit
2691 334 2871 389 mulier
2887 377 2903 402 ,
2944 335 3039 390 etsi
3061 333 3284 405 inﬁdelis
3302 380 3318 404 ,
3342 338 3546 409 vultque
3569 342 3730 396 εοιια-

2148 420 2326 488 bitere,
2349 439 2452 477 non
2473 424 2706 494 repellat.
2733 425 2835 491 Qui
2853 427 2973 489 scis,
2997 425 3181 495 inquit,
3205 427 3403 491 mulier,
3427 446 3548 482 num
3569 432 3733 485 virum

2149 514 2405 567 salvatura
2428 515 2500 568 sis
2519 515 2545 568 ?
2570 525 2657 568 aut
2681 515 2768 584 qui
2793 515 2911 582 scis,
2938 515 3034 581 vir,
3064 532 3185 569 nam
3214 518 3473 572 mulierem
3500 522 3733 575 salvatu-

2148 620 2238 657 rus
2262 604 2332 657 sis
2357 602 2431 675 (l.
2452 604 2569 659 Cor.
2588 606 2643 660 7.
2668 605 2796 676 l6)?
2813 605 2945 661 Vide
2968 608 3237 676 quomodo
3253 624 3356 663 non
3378 610 3627 679 prohibet
3652 614 3735 667 in-

2150 694 2364 749 ﬁdelem
2387 696 2689 765 quempiam
2705 696 2789 751 vel
2809 697 3108 767 quampiam
3132 698 3184 752 in
3204 701 3535 757 contubernii
3557 703 3738 773 legem

2151 784 2370 840 assumi.
2400 786 2535 839 Audi
2567 788 2756 841 iterum
2787 788 2956 857 ipsum
2985 787 3255 844 Christum
3281 792 3545 848 dicentem
3572 794 3739 850 disci-

2150 876 2289 944 pulis
2318 893 2332 929 :
2371 875 2501 931 Dico
2532 878 2666 933 enim
2694 878 2830 934 vobis
2853 921 2868 945 ,
2900 881 3062 935 omnis
3106 883 3196 953 qui
3237 883 3481 940 dimiserit
3522 905 3743 944 uxorem

2151 983 2326 1034 suam,
2353 981 2564 1041 excepta
2586 986 2742 1025 causa
2765 973 3133 1043 fornicationis,
3162 974 3283 1045 facit
3311 977 3455 1032 illaut
3493 981 3744 1035 mccltari

2153 1058 2175 1131 (
2200 1060 2384 1116 Matth.
2412 1062 2469 1117 5.
2498 1062 2567 1116 52
2592 1063 2632 1133 ).
2677 1061 2864 1134 Ingens
2891 1066 3223 1136 benignitas!
3256 1069 3476 1126 Etiamsi
3504 1072 3746 1129 inﬁdelis

2154 1148 2335 1218 fuerit,
2367 1152 2451 1207 vel
2481 1154 2690 1223 gentilis
2712 1194 2729 1220 ,
2766 1154 2811 1209 si
2839 1158 3201 1224 consenserit,
3247 1160 3417 1215 retine
3444 1178 3460 1215 :
3485 1163 3745 1219 siautem

2154 1242 2208 1300 in
2235 1254 2287 1301 te
2314 1245 2643 1314 peccaverit,
2669 1256 2723 1302 et
2758 1255 3031 1316 pactorum
3065 1250 3410 1308 obliviscatur
3428 1294 3444 1319 ,
3476 1256 3746 1310 aliorum-

2156 1351 2259 1407 que
2288 1338 2579 1407 praetulerit
2601 1339 2925 1394 consortium
2946 1382 2962 1407 ,
3002 1341 3126 1396 licet
3170 1343 3262 1398 tibi
3294 1344 3437 1400 illam
3463 1348 3660 1417 ejicere
3685 1361 3747 1405 et

2157 1426 2441 1496 repellere.
2469 1427 2595 1483 llwc
2620 1428 2944 1500 cogitantes,
2974 1432 3285 1489 studeamus
3312 1435 3472 1490 etiam
3512 1438 3752 1494 Domino

2157 1531 2378 1593 propter
2418 1523 2554 1577 hanc
2582 1524 2634 1577 in
2680 1538 2778 1579 nos
2815 1523 3236 1580 benevolentiam
3267 1527 3467 1595 pariter
3494 1529 3703 1586 referre
3731 1549 3750 1586 :

2157 1621 2212 1667 et
2235 1613 2376 1668 sicut
2400 1611 2516 1683 ipse
2540 1614 2649 1668 vult
2672 1613 2941 1670 dimittere
2964 1630 3028 1670 ea
3052 1630 3171 1685 qua:
3197 1619 3249 1671 in
3272 1631 3331 1672 se
3355 1628 3567 1687 peccata
3590 1630 3751 1685 sunt,

2158 1717 2276 1772 qua:
2301 1713 2475 1758 autem
2503 1703 2554 1757 in
2584 1718 2701 1772 nos,
2724 1705 3014 1768 ulciscitur,
3041 1705 3198 1777 idque
3222 1723 3411 1779 magna
3435 1711 3750 1778 severitate,

2157 1793 2346 1851 eodem
2374 1809 2503 1850 sane
2543 1795 2705 1853 modo
2744 1805 2798 1853 et
2840 1797 2943 1867 ipsi
2981 1796 3235 1855 faciamus
3262 1818 3277 1855 :
3304 1816 3651 1874 quaecumque
3685 1803 3748 1859 in

2161 1899 2261 1939 nos
2290 1892 2509 1954 peccant
2539 1886 2765 1955 proximi
2806 1889 3139 1944 remittamus
3157 1931 3172 1954 ,
3201 1906 3319 1960 qua:
3348 1901 3525 1946 autem
3554 1905 3749 1949 contra

2163 1975 2353 2041 Deum,
2382 1991 2444 2031 ea
2471 1991 2664 2047 magno
2684 1979 2866 2034 studio
2886 1994 3134 2035 curemus
3156 1981 3357 2036 ulcisci.
3389 1983 3541 2049 Quod
3568 1995 3621 2039 et
3650 2002 3753 2040 no.

2161 2066 2245 2122 bis
2289 2068 2520 2137 proderit
2547 2068 2831 2138 plurimum
2855 2111 2871 2138 ,
2901 2079 2957 2126 et
2994 2086 3091 2128 eos
3126 2074 3214 2143 qui
3259 2076 3595 2146 corriguntur
3637 2094 3751 2133 non

2164 2172 2349 2226 parum
2391 2157 2614 2227 juvabit.
2647 2159 2911 2216 Fortassis
2954 2161 3112 2219 hodie
3155 2164 3411 2233 prolixius
3434 2168 3577 2236 justo
3620 2184 3753 2239 pro-

2163 2249 2379 2305 (nmium
2412 2248 2652 2304 fecimus.
2699 2250 2803 2306 Sed
2831 2252 2958 2322 quid
2998 2254 3195 2324 agam?
3234 2255 3345 2311 Hoc
3385 2268 3577 2327 przetcr
3620 2273 3753 2315 sen-

2164 2339 2382 2394 tentiam
2409 2339 2537 2393 mihi
2565 2341 2815 2410 contigit,
2846 2342 3128 2397 verborum
3161 2343 3305 2398 fluxu
3334 2357 3504 2416 rapto.

2236 2427 2411 2483 Plena:
2446 2446 2478 2482 a
2512 2429 2620 2483 Deo
2662 2431 2823 2485 illata:
2859 2432 3139 2488 clementia:
3174 2436 3476 2505 conjuncta.
3496 2468 3571 2479 —
3594 2441 3752 2507 Quo-

2163 2519 2306 2574 niam
2337 2530 2514 2575 autem
2542 2521 2716 2575 omnis
2741 2538 2920 2578 sermo
2945 2533 3129 2579 noster
3151 2525 3218 2581 de
3244 2526 3444 2582 diluvio
3467 2539 3578 2596 est,
3611 2546 3755 2600 opus

2164 2608 2317 2665 nobis
2357 2619 2474 2665 erat
2511 2610 2718 2666 caritati
2763 2621 2955 2667 vestra:
2983 2615 3301 2682 ostendere,
3350 2632 3536 2688 pinnas
3566 2635 3594 2673 a
3637 2621 3755 2677 Deo

2167 2701 2321 2756 nobis
2351 2702 2525 2756 illatas
2552 2703 2932 2759 misericordia:
2962 2705 3128 2776 magis
3152 2721 3272 2762 esse
3290 2748 3305 2773 ,
3346 2724 3502 2779 quam
3532 2726 3709 2781 pinna:
3734 2732 3751 2767 :

2165 2791 2243 2847 sic
2284 2807 2499 2862 quoque
2542 2801 2662 2849 erat
2706 2802 2761 2849 et
2801 2794 3077 2850 diluvium.
3126 2796 3259 2853 Nam
3307 2800 3440 2855 sicut
3487 2802 3755 2875 benignus

2164 2894 2287 2952 erga
2315 2882 2451 2937 ﬁlios
2476 2892 2658 2953 pater,
2691 2886 2869 2940 omnia
2908 2886 2977 2941 ob
3019 2902 3199 2942 curam
3232 2891 3282 2943 in
3309 2905 3482 2961 genus
3507 2905 3753 2953 nostrum

2167 2971 2310 3027 facit.
2342 2972 2411 3028 Ut
2434 2982 2608 3028 autem
2639 2991 2705 3029 ex
2731 2976 2795 3030 iis
2818 3016 2835 3042 ,
2878 2992 2999 3046 qua:
3027 2993 3168 3033 nunc
3197 2984 3465 3051 proposita
3493 2995 3546 3039 et
3590 2984 3757 3043 hodie

2168 3063 2303 3119 lecta
2329 3062 2543 3119 discatis
2571 3066 2911 3136 benignitatis
2936 3067 3082 3124 illius
3100 3071 3539 3141 magnitudinem,
3567 3077 3754 3131 audia-

2168 3169 2287 3210 mus
2330 3155 2442 3223 ipsa
2489 3155 2681 3210 divinas
2724 3156 3013 3228 Scriptura:
3059 3161 3240 3217 verba.
3291 3162 3423 3217 Nam
3467 3167 3589 3235 quia
3634 3166 3753 3223 heri

2167 3245 2349 3302 docuit
2382 3261 2477 3302 nos
2514 3248 2703 3303 beatus
2726 3248 2899 3306 Moses
2922 3293 2936 3317 ,
2969 3252 3186 3320 dicens,
3232 3254 3475 3311 Exaltata
3500 3269 3575 3314 est
3614 3277 3754 3330 aqua

2166 3353 2319 3408 super
2347 3347 2534 3392 terram
2558 3339 2735 3395 diebus
2759 3349 2956 3396 centum
2978 3344 3343 3416 quinquaginta
3370 3347 3535 3418 (Gen.
3563 3350 3614 3402 7.
3643 3350 3749 3422 Ἠ)

2169 3427 2189 3497 (
2204 3436 2257 3483 et
2285 3443 2350 3484 eo
2375 3442 2542 3499 usque
2567 3430 2811 3486 docendo
2840 3433 3255 3505 processimus),
3284 3435 3443 3493 hodie
3461 3439 3534 3492 ait
3562 3455 3580 3494 :
3608 3440 3659 3494 i.
3685 3440 3756 3494 Et

2168 3520 2462 3575 recordatus
2489 3532 2562 3577 est
2589 3521 2730 3578 Deus
2752 3523 2868 3579 Noe
2889 3566 2904 3593 ,
2930 3535 2976 3579 et
3010 3528 3236 3581 omnium
3274 3531 3519 3600 ferarum,
3565 3542 3613 3586 et
3636 3550 3749 3587 om-

2168 3611 2308 3665 nium
2336 3613 2707 3683 jumentorum,
2747 3624 2793 3670 et
2831 3618 3057 3671 omnium
3094 3620 3372 3675 volatilium
3396 3665 3411 3690 ,
3443 3633 3492 3678 et
3527 3628 3754 3681 omnium

2170 3702 2427 3772 reptilium
2448 3746 2464 3768 ,
2490 3720 2813 3775 qua'cumque
2834 3718 3112 3763 erantcum
3136 3711 3225 3765 illo
3249 3713 3302 3766 in
3328 3730 3446 3767 arca
3475 3714 3626 3783 (Gen.
3652 3717 3732 3791 8).

2242 3794 2294 3847 ὅ.
2338 3793 2469 3850 Vide
2512 3794 2599 3850 hic
2634 3796 2823 3851 iterum
2848 3838 2863 3863 ,
2903 3813 3063 3867 quam
3101 3815 3160 3855 se
3200 3811 3515 3873 attemperet
3551 3818 3754 3863 nostra;

2172 3882 2464 3938 inﬁrmitati
2491 3885 2667 3939 divina
2695 3886 2987 3958 Scriptura.
3015 3889 3083 3943 Et
3110 3892 3403 3948 recordatus
3429 3905 3524 3960 est,
3560 3896 3750 3967 inquit,

2175 3975 2331 4032 Deus.
2358 3978 2714 4044 Dilectissimi,
2740 3979 3097 4051 intelligamus
3122 3981 3236 4038 haec
3263 3994 3319 4040 ut
3340 3985 3556 4056 dignum
3582 3998 3661 4042 est
3686 3990 3755 4045 de

2175 4067 2285 4124 Deo
2311 4068 2624 4143 intelligere,
2649 4084 2711 4124 ac
2736 4084 2805 4125 ne
2829 4071 3119 4127 secundum
3147 4082 3349 4130 natur:e
3377 4085 3576 4132 nostra:
3604 4078 3756 4134 inﬁr-

2175 4160 2412 4215 mitatem
2446 4158 2560 4214 haec
2598 4174 2776 4214 crassa
2815 4160 2977 4216 verba
3018 4162 3400 4234 intelligamus.
3423 4166 3554 4222 Nam
3580 4183 3756 4239 quan-

2174 4258 2285 4305 tum
2315 4250 2381 4306 ad
2411 4251 2732 4307 ineﬁ‘abilem
2762 4252 2906 4307 illam
2932 4262 3175 4309 naturam
3212 4257 3440 4325 attinet,
3478 4259 3755 4331 indignum

2176 4342 2364 4398 fuisset
2389 4342 2490 4399 hoc
2513 4343 2735 4399 verbum
2766 4361 2779 4398 :
2811 4353 3063 4415 quantum
3090 4355 3266 4402 autem
3291 4347 3358 4403 ad
3382 4359 3619 4406 nostram
3650 4353 3757 4408 im-

2177 4433 2551 4499 becillitatem,
2594 4434 2834 4504 apposite
2877 4443 2960 4490 est
3017 4435 3242 4492 dictum.
3290 4437 3600 4496 Recordatus
3643 4453 3757 4510 est,

2178 4523 2380 4593 inquit,
2424 4521 2565 4577 Deus
2605 4522 2740 4578 Noe.
2788 4524 3056 4601 Quoniam,
3079 4529 3310 4583 narravit
3353 4531 3508 4587 nobis
3547 4533 3601 4587 in
3641 4533 3757 4604 jam

2178 4614 2356 4681 dictis,
2398 4615 2530 4669 sicut
2573 4615 2719 4684 prius
2759 4618 2966 4672 caritati
3003 4628 3194 4674 vestrae
3232 4621 3480 4691 diximus,
3527 4625 3760 4695 quadra-

2177 4704 2320 4775 ginta
2342 4703 2527 4759 dicbus
2546 4714 2601 4760 et
2621 4705 2836 4761 totidem
2859 4708 3103 4763 noctibus
3121 4707 3284 4766 fuisse
3305 4712 3552 4780 pluviam,
3569 4725 3625 4770 et
3642 4715 3762 4771 die-

2182 4795 2279 4851 bus
2312 4803 2526 4851 centum
2560 4797 2933 4868 quinquaginta
2968 4799 3212 4854 eamdem
3248 4802 3509 4859 mansisse
3539 4818 3759 4874 aquam.

2180 4887 2480 4957 quindecim
2527 4887 2720 4943 cubitis
2760 4903 2923 4958 super
2948 4899 3158 4946 montes
3193 4891 3500 4959 exaltatatu,
3543 4902 3598 4948 et
3634 4910 3760 4951 cum

2182 4978 2298 5034 hzec
2326 4978 2545 5045 ﬁerent,
2585 4978 2785 5049 justum
2825 4980 3088 5037 resedisse
3113 4982 3165 5036 in
3192 4996 3316 5037 arca
3334 5022 3351 5049 ,
3383 4998 3554 5054 neque
3577 5001 3762 5041 aeneia

2182 5069 2387 5140 spirare
2410 5069 2696 5135 valentem,
2725 5069 3191 5143 habitantibusque
3213 5087 3333 5128 cum
3360 5088 3426 5129 eo
3450 5073 3621 5129 brutis
3645 5076 3763 5130 uni-

2184 5161 2371 5230 versis,
2400 5162 2599 5218 idcirco
2663 5163 2867 5234 inquit,
2902 5163 2970 5218 Et
2996 5166 3288 5220 recordatus
3329 5175 3403 5220 est
3442 5166 3582 5222 Deus
3621 5166 3757 5225 Nec.

2183 5253 2320 5322 Quid
2343 5262 2445 5320 est,
2477 5252 2794 5308 Recordatus
2833 5255 2953 5310 est?
2991 5255 3236 5310 Misertus
3273 5265 3374 5322 est,
3407 5257 3604 5328 inquit,
3627 5258 3771 5328 justi-

2185 5346 2238 5400 in
2266 5359 2386 5400 arca
2411 5346 2616 5415 agentis
2645 5362 2658 5399 :
2691 5345 2939 5400 misertus
2965 5355 3046 5401 est
3088 5346 3204 5415 ejus
3244 5346 3298 5401 in
3339 5354 3482 5402 tanta
3520 5348 3765 5418 angustia

2186 5448 2241 5493 et
2268 5452 2444 5491 rerum
2474 5436 2783 5493 difﬁcultate
2818 5437 3130 5504 constituti,
3173 5438 3569 5509 ignorantisque
3595 5455 3762 5508 quan—

2189 5528 2382 5583 donam
2413 5528 2667 5584 molestia:
2692 5529 2798 5583 illa:
2840 5530 2999 5584 ﬁnem
3042 5528 3305 5585 habiturae
3340 5542 3541 5586 essent.
3571 5531 3759 5585 Consi-

2187 5620 2311 5675 dera
2339 5617 2454 5675 hic.
2480 5634 2696 5692 quaeso,
2726 5621 2908 5691 quales
2938 5628 3061 5675 tunc
3092 5620 3228 5676 illius
3263 5619 3456 5678 fuerint
3488 5621 3764 5692 cogitatic-
