4102 6204
281 292 372 348 ΞΠ

277 405 477 461 τούτων
524 402 849 481 γενομένων,
895 414 923 466 6
958 411 1018 477 ἐξ
1065 411 1227 467 αὑτοῦ
1268 414 1501 485 τεχθεὶς,
1528 416 1557 468 ό
1599 415 1740 470 Κάῖν
1772 416 1936 485 λέγω,

276 492 418 563 ὁρῶν
448 495 506 548 ἐν
547 494 843 567 ὀφθαλμοῖς
881 497 974 552 τοῦ
1016 500 1218 570 πατρὸς
1259 499 1358 570 τὴν
1397 502 1461 554 ἐκ
1489 501 1581 554 τοῦ
1612 502 1940 571 παραδείσου

278 579 526 652 ἐκϐολὴν,
557 582 657 653 τῆς
692 584 849 655 δόξης
886 585 1098 655 ἐκείνης
1127 584 1227 654 τῆς
1271 584 1481 653 άφάτου
1513 586 1613 656 τὴν
1646 585 1936 649 ἔκπτωσιν,

277 664 376 735 τῆς
403 668 646 738 κατάρας
679 670 892 742 ἐκείνης
936 670 996 724 τὸ
1038 670 1265 741 μέγεθος
1295 672 1393 741 τῆς
1421 670 1706 742 λεγούσης.
1735 674 1785 725 Γ
1788 671 1826 739 ’ἦ
1867 672 1935 737 εἶ.

279 750 376 805 καὶ
396 753 484 818 είς
512 755 630 823 γῆν
652 756 985 825 ἀπελεύσῃ,
1031 757 1149 810 οὐδὲ
1177 756 1346 821 οὕτως
1380 757 1772 828 ἐσωφρονίσθη,
1807 757 1936 812 ἀλλὰ

281 835 492 906 μείζοσι
514 843 704 903 κακοῖς
727 842 916 895 ἑαυτὸν
940 842 1284 913 περιέπειρεν
1305 859 1318 872 ·
1346 843 1394 895 εί
1427 843 1501 913 μὴ
1523 839 1628 896 είδε
1648 843 1715 896 τὰ.
1744 845 1823 907 εἰς
1852 843 1932 896 τὸν

279 925 490 996 πατέρα
536 926 897 995 γεγενημένα,
947 926 1047 980 ποῦ
1094 927 1194 980 οὐκ
1231 926 1297 981 ἂν
1331 926 1527 998 μανίας
1570 928 1772 998 ἡλασε;
1834 926 1934 980 Καὶ

277 1011 338 1065 τὸ
362 1011 426 1082 δὴ
456 1012 787 1083 θαυμαστὸν,
811 1015 890 1066 ότι
922 1014 1016 1067 καὶ
1043 1013 1205 1067 αὑτὸν
1233 1015 1323 1067 τὸν
1348 1013 1417 1067 τὰ
1446 1013 1670 1069 τοιαῦτα
1691 1017 1940 1086 ἡμαρτη-

278 1096 411 1150 κότα
435 1097 527 1151 καὶ
547 1098 625 1167 τῷ
651 1099 834 1166 ἐναγεῖ
852 1099 995 1171 φόνῳ
1016 1100 1114 1172 τὴν
1139 1098 1321 1164 δεξιὰν
1347 1101 1650 1171 μολύναντα
1673 1119 1720 1154 τι
1728 1100 1933 1173 μωρού-

281 1201 461 1253 μενος,
493 1184 869 1257 φιλανθρωπία
897 1186 995 1258 τὴν
1012 1187 1278 1258 τιμωρίαν
1312 1189 1562 1259 ἐκέρασε.

349 1271 416 1341 β’.
439 1274 547 1326 Καὶ
574 1273 659 1325 ἵνα
687 1273 861 1345 μάθῃς
888 1276 951 1327 ἐκ
977 1273 1085 1326 τῶν
1114 1276 1192 1337 εἰς
1218 1274 1405 1328 τοῦτον
1431 1275 1811 1344 γεγενημένων
1840 1274 1940 1343 τῆς

277 1357 608 1429 ἁγαθότητος
635 1358 728 1412 τοῦ
763 1359 895 1412 Θεοῦ
938 1360 999 1413 τὸ
1035 1360 1284 1430 μέγεθος,
1320 1361 1478 1431 ἡνίκα
1509 1363 1606 1432 μὲν
1653 1362 1733 1425 εἰς
1775 1356 1966 1413 αὑτὸν

281 1441 491 1514 ὕϐρισε,
530 1445 623 1498 καὶ
652 1444 750 1517 τὴν
783 1444 975 1500 θυσίαν
1012 1445 1220 1516 μέλλων
1266 1448 1561 1518 προσάγειν
1600 1447 1798 1517 πολλὴν
1841 1448 1939 1518 τὴν

275 1532 678 1603 καταφρόνησιν
706 1532 1037 1598 ἐπεδείξατο,
1056 1534 1154 1587 οὐκ
1181 1532 1356 1605 ὀρθῶς
1372 1533 1578 1599 διελὼν,
1607 1534 1719 1587 ἀλλ’
1754 1534 1940 1597 ἁπλῶς

273 1618 368 1669 καὶ¹
396 1617 471 1681 ὡς
503 1618 660 1690 ἔτυχε
690 1620 788 1692 τὴν
820 1621 1184 1692 προσαγωγὴν
1212 1621 1596 1692 ποιησάμενος.
1625 1620 1774 1675 οὐδὲν
1804 1620 1939 1690 πρὸς

272 1703 435 1757 αὐτὸν
464 1699 585 1757 εἷπε
614 1704 752 1775 βαρὺ
780 1705 902 1758 ούδέ
931 1707 1167 1775 ἐπαχθές
1187 1723 1200 1735 ·
1232 1707 1406 1760 καίτοι
1439 1725 1503 1776 γε
1535 1708 1594 1759 τὸ
1625 1706 1937 1777 ἁμαρτηθὲν

269 1787 332 1840 ού
367 1789 428 1842 τὸ
453 1786 614 1860 τυχὸν
645 1787 735 1862 ἦν,
764 1791 899 1844 ἀλλά
926 1793 1020 1844 καὶ
1050 1792 1258 1863 σφόδρα
1288 1793 1449 1864 μέγα.
1499 1793 1561 1845 El
1595 1793 1702 1863 γὰρ
1728 1792 1936 1864 ἀνθρώ-

266 1890 406 1938 πους
437 1878 562 1939 τοὺς
587 1877 870 1946 ὁμογενεῖς
888 1879 939 1930 οἱ
964 1879 1127 1950 τιμᾷν
1155 1877 1485 1949 βουλόμενοι,
1509 1878 1616 1930 τῶν
1653 1878 1936 1948 πρωτείων

270 1961 365 2013 καὶ
392 1961 500 2014 τῶν
525 1960 815 2033 ἐξαιρέτων
850 1965 1032 2027 αὑτοῖς
1069 1965 1480 2036 παραχωροῦσι,
1514 1966 1741 2018 κάκεῖνα
1766 1982 1935 2035 προσ-

273 2046 428 2113 άγειν
456 2047 867 2114 σπουδάζουσιν,
887 2049 923 2103 ἃ
946 2050 1178 2119 μάλιστα
1200 2054 1414 2105 πάντων
1434 2053 1614 2116 αὑτοῖς
1636 2052 1937 2123 τιμιώτερα

268 2129 414 2187 εἶναι
455 2134 639 2187 δοκεῖ’
700 2135 984 2206 ἄνθρωπον
1027 2137 1083 2189 δὲ
1122 2137 1252 2190 ὄντα
1291 2140 1384 2191 καὶ
1428 2138 1547 2207 Θεῷ
1595 2138 1938 2205 προσάγοντα

276 2220 395 2284 πῶς
419 2222 519 2275 οὑκ
549 2221 718 2293 ἐχρῆν
759 2223 828 2275 τὰ
859 2222 1155 2293 τιμιώτερα
1196 2223 1289 2276 καί
1317 2223 1570 2294 ἐξαίρετα
1599 2223 1894 2294 προσάγειν
1919 2240 1934 2289 ;

277 2307 544 2361 Τοσοῦτον
575 2309 750 2363 τοίνυν
788 2309 950 2362 αὐτοῦ
981 2310 1348 2381 ἁμαρτόντος,
1392 2310 1485 2363 καὶ
1524 2310 1787 2378 τοσαύτην
1818 2311 1937 2363 ἐπι-ο

275 2393 588 2464 δειξαμένου
618 2395 716 2465 τὴν
741 2396 1161 2467 καταφρόνησιν,
1195 2397 1295 2449 οὑκ
1318 2394 1563 2465 ἅπῄτησε
1601 2395 1778 2464 δίκην,
1815 2393 1937 2446 ούδέ

274 2481 543 2552 τιμωρίαν
572 2481 711 2552 ὑπὲρ
728 2480 837 2534 τῶν
856 2480 1235 2552 γεγενημένων
1254 2481 1631 2551 εἰσεπράξατο,
1658 2479 1772 2533 ἀλλ’
1801 2480 1939 2533 ὡσα-

275 2567 357 2619 νεὶ
401 2567 553 2636 φίλος
602 2568 742 2638 φίλῳ
790 2568 926 2639 μετά
975 2567 1154 2639 πάσης
1194 2568 1527 2639 ἡμερότητος
1559 2566 1935 2636 διαλεγόμενος

274 2651 417 2706 οὕτω
444 2653 890 2724 διελέχθη.λέγων
912 2670 927 2686 ⁶
964 2656 1267 2725 Ἦμαρτες,
1296 2655 1638 2723 ἠσύχασον.
1666 2654 1839 2708 Μόνον
1877 2653 1937 2706 τὸ

274 2740 589 2811 ἁμαρτηθέν
608 2740 754 2811 αύτῷ
770 2740 957 2806 ἔδειξε,
988 2746 1083 2796 καὶ
1114 2741 1497 2795 συνεϐούλευσε
1523 2741 1597 2811 μὴ
1632 2739 1937 2811 περαιτέρω

276 2826 561 2897 προϐῆναι.
618 2823 771 2890 Εἶδες
818 2828 1119 2899 ὑπερϐολὴν
1163 2827 1523 2897 ἀγαθότητος;
1580 2826 1720 2879 Ἀλλ’
1752 2824 1936 2895 ἐπειδὴ

275 2912 479 2976 ἐκεῖνος
504 2914 564 2966 ού
592 2913 752 2983 μόνον
770 2914 871 2968 οὐκ
898 2914 1149 2986 ἐκέρδανέ
1170 2931 1222 2967 τι
1252 2915 1317 2967 ἐκ
1337 2914 1436 2984 τῆς
1468 2914 1733 2983 τοσαύτης
1756 2912 1933 2978 ἀνεξι-

274 2998 490 3063 κακίας,
539 3000 675 3055 ἀλλά
706 3002 800 3054 καὶ
833 3003 944 3064 τοῖς
973 2991 1301 3071 προλαϐοῦσι
1345 2999 1563 3070 μείζονα
1606 2998 1935 3070 προσέθηκε,

274 3087 367 3139 καὶ
394 3086 486 3139 ἐπὶ
516 3086 615 3157 τὴν
645 3086 857 3157 σφαγὴν
884 3087 1120 3157 ἠπείχθη
1145 3085 1237 3140 τοῦ
1265 3085 1516 3156 ἀδελφοῦ,
1543 3086 1638 3139 καὶ
1661 3083 1803 3138 οὕτω
1834 3084 1933 3155 μὲν

275 3171 475 3244 πολλὴν
518 3175 598 3236 είς
624 3173 785 3228 αὑτὸν
819 3172 1184 3226 ἐπιδείκνυται
1227 3172 1325 3245 τὴν
1367 3171 1764 3244 μακροθυμίαν,
1799 3188 1935 3226 πυν-

276 3259 569 3330 θανόμενος
597 3260 861 3332 πρότερον
900 3259 993 3314 καὶ
1028 3259 1205 3324 διδοὺς
1239 3259 1387 3331 αὐτῷ
1415 3260 1576 3312 τόπον
1604 3258 1893 3327 ἀπολογίας
1916 3275 1933 3291 ο

274 3345 461 3417 ἐπειδὴ
513 3345 571 3399 δέ
618 3346 893 3418 ἐνέμεινεν
943 3345 1330 3416 ἀναισχυντῶν,
1369 3346 1490 3399 τότε
1539 3345 1636 3417 τὴν
1669 3345 1937 3418 τιμωρίαν

275 3432 471 3501 ἐπάγει
501 3430 881 3503 σωφρονισμοῦ
910 3431 1116 3495 ἕνεκεν,
1160 3432 1357 3502 πολλὴν
1388 3433 1479 3485 καὶ
1512 3430 1681 3501 αὐτὴν
1709 3430 1939 3501 ἔχουσαν

279 3516 621 3587 μεμιγμένην
652 3517 751 3586 τὴν
784 3516 925 3586 παρ’
954 3515 1120 3569 αὐτοῦ
1152 3515 1582 3587 φιλανθρωπίαν.

356 3601 519 3673 Ὁρᾷς
550 3601 685 3664 πῶς,
729 3601 890 3672 ἡνίκα
922 3601 1019 3671 μὲν
1057 3602 1135 3662 είς
1163 3599 1324 3653 αὑτὸν
1363 3601 1597 3671 ἥμαρτε,
1630 3599 1725 3653 κοιλ⁵
1754 3600 1937 3670 ἀμαρ-

276 3689 397 3743 τίαν
433 3689 493 3741 οὐ
524 3687 622 3759 τὴν
664 3687 952 3758 τυχοῦσαν,
999 3685 1397 3756 ἀπεπέμψατοο
1442 3688 1532 3739 ὅτε
1562 3686 1619 3739 δὲ
1667 3685 1811 3739 κατὰ
1841 3684 1937 3738 τοῦ

277 3774 506 3844 ἀδελφοῦ
529 3775 627 3847 τὴν
659 3774 839 3839 δεξιάν
867 3772 1095 3835 ὥπλισε,
1120 3772 1242 3825 τότε
1267 3772 1359 3825 καὶ
1378 3772 1476 3843 τὴν
1503 3771 1818 3842 ἐπιτίμησιν
1844 3773 1940 3826 καί¹

276 3861 374 3935 τὴν
406 3862 652 3933 κατάραν
681 3860 920 3925 ἐδέξατο.
961 3858 1117 3912 Οὕτω
1135 3859 1230 3913 νῦν
1256 3858 1349 3912 καὶ
1378 3859 1536 3929 ἡμεῖς
1562 3857 1823 3928 ποιῶμεν,
1847 3860 1941 3914 καὶ

282 3946 701 4020 μιμώμεθίτὸν
730 3946 1006 4016 Δεσπότην
1037 3945 1128 3999 τὸν
1170 3945 1438 4018 ἡμέτερον
1457 3960 1473 3973 °
1520 3945 1612 3998 καὶ
1637 3944 1706 3999 τὰ
1736 3946 1835 4016 μὲν
1858 3947 1941 4011 είς

280 4036 427 4107 ἡμᾶς
469 4034 840 4105 ἁμαρτήματα
886 4031 1372 4104 παραπέμπωμεν,
1428 4031 1521 4084 καὶ
1568 4031 1939 4103 συγχωρῶμεν

278 4125 392 4186 τοῖς
423 4124 503 4185 είς
523 4122 670 4192 ἡμᾶς
700 4120 1112 4191 πλημμελοῦσιν
1130 4136 1143 4150 ·
1171 4119 1299 4172 ὅταν
1333 4118 1389 4171 δὲ
1419 4120 1499 4182 εἰς
1526 4117 1620 4171 τὸν
1651 4119 1785 4172 Θεὸν
1812 4136 1939 4173 συν-

277 4208 449 4280 τείνῃ,
480 4208 601 4261 τότε
630 4206 783 4271 δίκας
817 4205 1167 4277 ἀπαιτῶμεν.
1220 4204 1361 4259 Ἀλλ’
1409 4205 1509 4259 οὑκ
1545 4201 1640 4260 οἷδ’
1661 4206 1809 4269 ὅπως
1838 4207 1943 4260 ἀπ-

276 4294 524 4359 εναντίας
575 4293 788 4347 ἅπαντα
829 4291 1291 4365 διαπραττόμεθα,
1339 4291 1434 4345 καὶ
1491 4290 1557 4345 τὰ
1609 4291 1708 4363 μὲν
1739 4293 1819 4357 είς
1844 4293 1936 4347 τὸν

278 4383 410 4436 Θεὸν
434 4379 778 4435 διαϐαίνοντα
807 4380 1174 4452 ἁμαρτήματα
1203 4377 1324 4431 οὐδὲ
1349 4377 1485 4441 ὅλως
1503 4377 1735 4431 ἐκδικεῖν
1766 4394 1934 4430 σπου-

279 4467 533 4538 δάζομεν,
562 4466 629 4521 ἂν
657 4467 714 4521 δέ
748 4483 802 4519 τι
838 4465 948 4519 τῶν
977 4464 1246 4534 τυχόντων
1274 4463 1356 4526 είς
1395 4464 1544 4534 ἡμᾶς
1575 4463 1938 4534 ἀμαρτηθείη,

279 4554 467 4608 τούτου
503 4554 723 4624 σφοδροὶ
754 4549 1018 4623 γινόμεθα
1046 4549 1328 4617 ἐξετασταὶ
1357 4549 1452 4602 καὶ
1495 4550 1810 4621 κατήγοροι,
1840 4551 1942 4605 οὐκ

280 4641 478 4704 ειδότες
503 4643 585 4694 ὅτι
621 4638 793 4712 ταύτῃ
820 4638 913 4691 καὶ
939 4635 1198 4707 μειζόνως
1232 4635 1352 4689 καθ’
1377 4634 1535 4706 ἡμῶν
1580 4635 1778 4705 μᾶλλον
1806 4653 1941 4707 παρ-

277 4728 541 4796 οξύνομεν
581 4726 672 4779 τὸν
712 4723 1091 4795 φιλάνθρωπον
1136 4721 1432 4792 Δεσπότην.
1505 4721 1625 4774 Ὀτι
1669 4720 1778 4792 γὰρ
1822 4721 1944 4787 ἔθος

275 4813 342 4884 γε
353 4812 435 4884 I6]
454 4812 532 4881 τῷ
560 4812 679 4880 Θεῷ
695 4812 763 4865 τὰ
785 4812 883 4882 μὲν
911 4810 991 4874 είς
1028 4807 1191 4862 αὑτὸν
1222 4806 1478 4869 πολλάκις
1499 4806 1941 4877 ἀποπέμπεσθαι,

282 4900 352 4954 τὰ
383 4900 441 4952 δέ
471 4900 548 4960 είς
580 4900 703 4963 τοὺς
760 4897 987 4967 πλησίον
1039 4895 1299 4967 γινόμενα
1346 4894 1740 4964 ἁμαρτήματα,
1771 4894 1944 4948 ταῦτα

288 4985 427 5056 μετά
463 4985 658 5056 πολλῆς
690 4984 924 5038 ἐκδικεῖν
954 4984 1056 5055 τῆς
1100 4982 1477 5053 σφοδρότητος,
1523 4981 1685 5034 ἄκουε
1713 4979 1809 5033 τοῦ
1846 4981 1945 5050 μέν

292 5072 560 5143 μακαρίου
593 5071 802 5124 Παύλου
823 5073 1074 5140 λέγοντος
1093 5088 1108 5102 ·
1156 5069 1228 5124 ΕΖ
1253 5086 1345 5134 τις
1368 5067 1624 5137 γυναῖκα
1646 5061 1771 5134 ἔχει
1806 5066 1941 5121 ἄπι-

288 5175 459 5221 στον,
494 5158 590 5211 καὶ
637 5156 790 5224 αὐτὴ
827 5155 1186 5212 συνευδοκεῖ
1224 5152 1410 5208 οἰκεῖν
1439 5152 1566 5220 μετ’
1608 5152 1814 5218 αὐτοῦ,
1856 5153 1943 5222 μὴ

288 5244 505 5313 ἀφιέτω
527 5243 737 5310 αὑτήν.
778 5244 891 5300 Καὶ
925 5243 1076 5313 γυνὴ
1102 5243 1159 5296 ετ
1188 5259 1277 5308 τις
1301 5241 1425 5309 ἔχει
1449 5237 1636 5306 ἄνδρα
1663 5239 1943 5307 ἄπιστον,

289 5329 390 5383 καί
424 5328 605 5394 αὐτὸς
633 5328 989 5383 συνευδοκεῖ
1012 5327 1195 5382 οικεῖν
1216 5326 1342 5396 μετ’
1379 5322 1587 5391 αὐτῆς,
1612 5322 1698 5393 μὴ
1731 5325 1948 5394 ἀφιέτω

288 5417 495 5471 αὐτόν.
548 5411 701 5478 Εἶδες
741 5415 882 5485 πόση
932 5416 967 5485 ἡ
1008 5411 1450 5481 συγκατάϐασις;
1501 5409 1617 5464 Κᾶν
1650 5410 1851 5482 Ἕλλην
1885 5411 1942 5487 ᾖ,

292 5504 442 5577 φησι.
479 5501 583 5556 κᾶν
620 5502 869 5564 ἄπιστος,
903 5500 1258 5571 καταδέχεται
1290 5499 1348 5552 δὲ
1390 5496 1453 5550 τὸ
1483 5496 1835 5565 συνοικέσιον,
1869 5502 1943 5572 μὴ

293 5590 625 5662 παραιτήσῃ.
667 5587 772 5642 Καὶ
796 5587 956 5642 πάλιν
977 5604 991 5616 ·
1017 5586 1144 5642 Κᾶν
1171 5584 1373 5654 ἐθνικὴ
1398 5581 1665 5654 τυγχάνῃ
1694 5585 1734 5654 ἡ
1766 5588 1942 5656 γυνὴ,

292 5675 408 5733 κᾶν
428 5677 699 5743 ἄπιστος,
718 5674 1007 5740 ,ϐούλεται
1028 5672 1101 5727 δὲ
1130 5670 1456 5740 συνοικεῖν,
1483 5669 1569 5742 μὴ
1599 5671 1833 5742 ἀπώσῃ.
1882 5676 1942 5729 Τί

1407 299 1475 357 ΙΝ
1507 300 1661 359 CAP.
1704 299 1818 359 VIII
1875 299 2114 360 GENES.
2153 301 2386 361 HOMIL.
2426 302 2596 359 XXVI

3600 305 3707 361 232

2044 416 2173 486 γὰρ,
2204 418 2390 487 φησὶν,
2416 417 2604 483 οῖδας,
2627 414 2676 473 ὧ
2717 416 2913 484 γύναι,
2953 417 3005 470 ει
3034 416 3143 470 τὸν
3176 415 3363 485 ἄνδρα
3395 419 3634 484 σώσεις,
3669 420 3706 487 ἢ

2042 503 2095 555 εἰ
2120 498 2321 566 οἶδας,
2351 500 2514 569 ἆνερ,
2545 502 2600 554 εὶ
2627 500 2743 568 τὴν
2769 501 3024 571 γυναῖκα
3049 500 3305 568 σώσεις;
3335 505 3475 574 Ὅρα
3502 502 3619 567 πῶς
3647 506 3706 557 οὐ

2041 587 2238 641 κωλύει
2266 587 2358 641 τὸν
2388 586 2723 641 ἀπιστοῦντα
2749 587 2951 659 αὐτῷἢ
2982 590 3083 658 τὴν
3111 590 3445 643 ἀπιστοῦσαν
3479 592 3703 645 καταδέ-

2041 672 2226 742 χεσθαι
2252 675 2333 737 είς
2359 672 2448 727 τὸν
2490 674 2583 727 τοῦ
2617 676 2949 728 συνοικεσίου
2982 676 3163 745 νόμον.
3223 678 3423 731 ’Ἄκουε
3455 677 3512 730 δὲ
3539 677 3707 732 πάλιν

2039 760 2201 814 αὑτοῦ
2232 760 2327 813 τοῦ
2356 761 2591 832 Χριστοῦ
2624 762 2875 831 λέγοντος
2918 766 3029 826 τοῖς
3064 765 3374 833 μαθηταῖς;
3411 763 3574 833 Λέτω
3597 764 3710 833 τὰρ

2040 846 2199 908 ιήιῖν,
2238 846 2328 900 ὅτι
2363 847 2483 915 πᾶς
2512 852 2544 902 ό
2586 850 2872 904 ἀπολύων
2917 848 3031 915 τὴν
3062 850 3319 919 γυναῖκα
3345 849 3532 904 αὐτοῦ
3559 865 3708 919 παρ-

2039 931 2214 998 εκτὸς
2264 936 2452 1003 λόγου
2498 937 2810 1002 πορνείας,
2861 935 3020 989 ποιεῖ
3057 935 3251 1002 αὐτὴν
3293 935 3705 1005 μοιχευθῆναι.

2039 1017 2214 1090 Πολλὴ
2250 1021 2344 1090 τῆς
2376 1021 2782 1093 φιλανθρωπίας
2810 1025 2843 1093 ἡ
2893 1022 3183 1091 ὑπερϐολή.
3237 1022 3358 1074 Κᾶν
3392 1023 3615 1085 ἄπιστος
3646 1020 3705 1095 ᾗ,

2040 1105 2220 1176 φησὶν,
2262 1107 2294 1177 ἢ
2331 1106 2537 1176 ἐθνικὴ,
2595 1108 2947 1177 καταδέχεται
2980 1108 3055 1170 δὲ,
3085 1109 3310 1176 κάτεχε’
3348 1107 3413 1161 ἂν
3454 1107 3510 1159 δέ
3540 1109 3619 1170 εἰς
3648 1110 3707 1162 at

2037 1192 2278 1265 ἁμάρτῃ.
2308 1194 2401 1245 καὶ
2432 1193 2537 1244 τῶν
2568 1193 2847 1262 συνθηκῶν
2883 1192 3225 1262 ἐπιλάθηται,
3253 1192 3346 1244 καὶ
3367 1192 3467 1263 τὴν
3505 1192 3708 1262 ἐτέρων

2037 1278 2318 1331 κοινωνίαν
2364 1282 2697 1351 προτιμήσῃ,
2745 1279 2920 1344 ἔξεστί
2958 1296 3039 1331 σοι
3084 1277 3333 1330 ἐκϐαλεῖν
3366 1278 3458 1329 καὶ
3487 1277 3710 1332 ἀπῶσα-

2038 1363 2159 1416 σθαι
2218 1365 2400 1417 Ταῦτα
2435 1366 2773 1435 λογιζόμενοι
2816 1365 3205 1435 σπουδάζωμεν
3235 1366 3327 1417 καὶ
3357 1366 3515 1435 ἡμεῖς
3552 1365 3709 1434 ἀμεί-
3771 1412 3774 1415 .

2037 1450 2226 1504 ϐεσθαι
2271 1452 2361 1504 τὸν
2389 1454 2661 1522 Δεσπότην
2696 1452 2794 1522 τῆς
2824 1453 2902 1515 είς
2937 1453 3084 1522 ἡμᾶς
3110 1451 3342 1513 εὐνοίας,
3393 1451 3485 1503 καὶ
3515 1449 3707 1523 ὥσπερ

2036 1536 2197 1598 αὑτὸς
2226 1535 2292 1589 τά
2328 1537 2424 1606 μὲν
2447 1540 2526 1600 είς
2561 1536 2720 1590 αὑτὸν
2768 1535 3192 1607 ἀποπέμπεσθαι
3229 1535 3601 1605 καταδέχεται,
3641 1536 3711 1588 τὰ

2033 1620 2089 1671 δέ
2126 1622 2366 1689 ἡμέτερα
2397 1622 2599 1674 ἐκδικεῖ
2630 1622 2723 1673 καὶ
2766 1621 2901 1691 μετά
2950 1621 3149 1691 πολλῆς
3189 1619 3286 1690 τῆς
3321 1620 3705 1691 σφοδρότητος,

2034 1704 2125 1757 τὸν
2165 1707 2325 1761 αὑτὸν
2367 1707 2430 1778 δὴ
2463 1708 2662 1778 τρόπον
2697 1709 2790 1760 καὶ
2828 1708 2979 1760 αὐτοὶ
3020 1707 3260 1777 ποιῶμεν
3285 1723 3299 1736 ·
3345 1706 3437 1759 καὶ
3471 1708 3570 1759 ὅσα
3610 1707 3709 1777 μὲν

2036 1793 2117 1855 εἰς
2155 1794 2300 1861 ἡμᾶς
2337 1795 2736 1863 ἁμαρτάνουσιν
2768 1796 2815 1847 οἱ
2844 1793 3071 1864 πλησίον
3103 1793 3491 1865 συγχωρῶμεν,
3525 1794 3624 1846 ὅσα
3652 1782 3719 1847 δέκ

2035 1878 2114 1940 είς
2158 1879 2248 1931 τὸν
2283 1879 2414 1932 Θεὸν
2443 1881 2725 1943 συντείνει,
2754 1879 2924 1933 ταῦτα
2960 1880 3096 1950 μετὰ
3125 1880 3326 1947 πολλῆς
3352 1880 3448 1949 τῆς
3476 1879 3709 1950 σπουδῆς

2034 1964 2267 2019 ἐκδικ.ῖν
2305 1967 2713 2037 σπουδάζωμεν.
2765 1966 2935 2020 Τοῦτο
2979 1968 3085 2036 γάρ
3120 1966 3212 2018 καὶ⁵
3257 1967 3401 2036 ἡμᾶς
3437 1964 3708 2035 ὠφελήσει

2032 2049 2103 2102 τά
2153 2050 2406 2120 μέγιστα,
2437 2053 2529 2106 καὶ
2572 2054 2697 2116 τοὺς
2727 2055 2825 2123 τὴν
2869 2052 3150 2125 διόρθωσιν
3190 2052 3509 2121 δεχομένους
3541 2052 3603 2103 οὐ
3639 2050 3709 2105 τὰ

2032 2136 2264 2206 τυχόντα
2308 2138 2535 2208 ὀνίνησι.
2589 2140 2742 2209 Τάχα
2799 2141 2879 2202 είς
2924 2139 3057 2193 πολὺ
3101 2139 3270 2209 μῆκος
3313 2140 3441 2208 ἡμῖν
3479 2138 3706 2209 ἐξετάθη

2037 2223 2272 2293 σήμερον
2318 2223 2386 2276 τά
2422 2224 2705 2294 προοίμια.
2760 2225 2870 2277 Καὶ
2910 2224 2962 2277 τί
2998 2224 3181 2289 πάθω;
3236 2224 3346 2294 Οὐχ
3385 2223 3525 2278 ἐκὼν
3551 2223 3709 2277 τοῦτο

2036 2307 2324 2378 ὑπέμεινα,
2357 2310 2471 2363 ἀλλ’
2502 2311 2606 2363 ὑπὸ
2640 2313 2739 2381 τῆς
2771 2308 3092 2369 ἀκολουθίας
3119 2310 3212 2363 τοῦ
3257 2310 3413 2378 λόγου
3460 2326 3708 2381 παρασυ-

2038 2410 2167 2464 ρεις.

2118 2479 2333 2551 Ἐπειδὴ
2364 2481 2419 2534 δὲ
2470 2482 2596 2552 περὶ
2646 2481 2737 2535 τοῦ
2781 2481 3164 2552 κατακλυσμοῦ
3200 2484 3306 2546 πᾶς
3345 2485 3373 2537 6
3405 2483 3559 2553 λόγος
3591 2486 3707 2538 ἐκι-

2033 2566 2170 2636 νήθη
2209 2569 2359 2637 ἡμῖν,
2394 2567 2638 2638 ἀνάγκην
2669 2567 2895 2637 ἔσχομεν
2927 2568 3092 2632 δεῖξαι
3130 2572 3194 2640 τῇ
3225 2570 3468 2641 ὑμετέρα
3494 2572 3704 2644 ἀγάπῃ,

2033 2653 2115 2705 ὅτι
2166 2654 2260 2705 καὶ
2303 2655 2358 2706 αί
2400 2653 2656 2724 τιμωρίαι
2694 2654 2748 2706 αί
2803 2655 2949 2724 παρά
2987 2654 3080 2707 τοῦ
3126 2655 3257 2708 Θεοῦ
3310 2650 3708 2729 φιλανθρωπίαι

2037 2739 2234 2809 μᾶλλόν
2271 2741 2407 2793 εἰσιν
2442 2740 2473 2810 ἢ
2508 2740 2793 2812 τιμωρίαι,
2820 2739 3009 2811 ὥσπερ
3048 2738 3140 2793 οὖν
3174 2742 3335 2805 αὐτὸς
3380 2743 3408 2795 6
3441 2744 3709 2796 κατακλυ-

2037 2825 2191 2894 σμός.
2235 2824 2500 2895 Καθάπερ
2544 2824 2650 2895 γὰρ
2684 2823 2865 2894 πατὴρ
2901 2824 3268 2896 φιλόστοργος,
3316 2826 3611 2897 κηδεμονίᾳ
3639 2829 3705 2898 τῇ

2035 2910 2165 2981 περὶ
2204 2909 2302 2981 τὴν
2336 2911 2609 2981 ἡμετέραν
2646 2909 2806 2978 φύσιν
2842 2911 3019 2963 πάντα
3061 2911 3471 2983 διαπράττεται.
3512 2914 3628 2967 Ἵνα
3651 2913 3708 2967 δέ

2034 2997 2129 3049 καὶ
2176 2999 2238 3050 ἐκ
2281 2996 2389 3049 τῶν
2429 2996 2523 3049 νῦν
2563 2998 2694 3067 ἡμῖν
2737 2997 3114 3067 προκειμένων
3162 2999 3256 3051 καὶ
3297 3000 3361 3051 ἐκ
3396 2999 3503 3050 τῶν
3537 3000 3708 3070 σήμε-

2036 3099 2127 3152 ρον
2161 3081 2612 3151 ἀναγνωσθέντων
2643 3080 2850 3153 μάθητε
2880 3082 3044 3135 αύτοῦ
3069 3083 3167 3153 τῆς
3202 3082 3610 3154 φιλανθρωπίας
3645 3082 3710 3138 τὸ

2037 3168 2281 3240 μέγεθος,
2316 3169 2637 3240 ἀκούσωμεν
2685 3168 2864 3223 αὐτῶν
2901 3168 3007 3221 τῶν
3046 3170 3144 3240 τῆς
3178 3170 3327 3234 θείας
3352 3171 3575 3241 Γραφῆς
3618 3174 3708 3243 ρηο

2037 3259 2241 3328 μάτων.
2319 3259 2536 3328 Ἐπειδὴ
2589 3259 2699 3329 γάρ
2741 3257 2867 3328 χθὲς
2914 3259 3151 3325 ἐδίδαξεν
3185 3262 3331 3331 ἡμᾶς
3373 3264 3401 3314 6
3443 3262 3707 3334 μακάριος

2034 3346 2274 3414 Μωῦσ-ης
2292 3344 2483 3413 λέγων,
2505 3346 2588 3397 ὅτι
2619 3343 2858 3412 ’Υψώθη
2880 3345 2944 3397 τὸ
2969 3345 3124 3413 ὕδωρ
3153 3346 3248 3398 ἐπὶ
3291 3346 3401 3414 τῆς
3424 3346 3537 3415 γῆς
3563 3348 3706 3416 ’ἡμέ-

2026 3447 2143 3498 ρας
2171 3430 2389 3483 ἑκατὸν
2412 3429 2789 3494 πεντήκοντα
2818 3430 3003 3500 (μέχρι
3034 3431 3143 3500 γὰρ
3169 3432 3358 3484 τούτου
3385 3434 3518 3502 ἡμῖν
3540 3434 3707 3503 ἐπλη-

2040 3514 2187 3584 ρώθη
2232 3516 2300 3568 τὰ
2334 3515 2433 3584 τῆς
2462 3510 2854 3582 διδασκαλίας),
2900 3516 3140 3585 σήμερόν
3188 3533 3340 3585 φησι,
3374 3517 3484 3571 Καὶ
3526 3517 3707 3587 ἐμνήη

2035 3603 2152 3666 σθη
2181 3603 2213 3653 ό
2249 3599 2393 3664 Θεὸς
2434 3599 2540 3652 τοῦ
2571 3598 2719 3664 Νῶε,
2768 3598 2867 3652 καὶ
2895 3599 3137 3653 πάντων
3172 3602 3294 3654 τῶν
3327 3604 3568 3670 θηρίων,
3606 3605 3707 3658 καὶ

2037 3684 2278 3738 πάντων
2324 3684 2442 3738 τῶν
2484 3682 2754 3751 κτηνῶν,
2808 3684 2908 3737 καί
2957 3684 3199 3740 πάντων
3237 3689 3353 3741 τῶν
3398 3690 3704 3753 πετεινῶν,

2036 3773 2135 3826 καὶ
2162 3771 2404 3827 πάντων
2432 3771 2548 3826 τῶν
2576 3770 2861 3841 ἑρπετῶν,
2893 3771 3010 3826 ὅσα
3038 3769 3119 3844 ἦν
3148 3774 3299 3845 μετὰ
3325 3775 3509 3829 αὑτοῦ
3531 3776 3602 3829 ἐν
3621 3775 3707 3845 τῇ

2035 3859 2280 3925 κιϐωτῷ.

2106 3953 2176 4016 γ’.
2207 3946 2315 4000 Θέα
2365 3963 2454 4018 μοι
2490 3945 2649 4000 πάλιν
2678 3947 2777 4018 τῆς
2810 3947 2958 4010 θείας
2983 3948 3208 4020 Γραφῆς
3229 3946 3326 4018 τὴν
3363 3948 3707 4015 συγκατάϐα-

2038 4051 2137 4089 σιν.
2170 4035 2279 4088 Καὶ
2311 4033 2607 4104 ἐμνήσθη.
2649 4034 2833 4103 φησιν,
2866 4039 2898 4090 ό
2928 4038 3091 4101 Θεός.
3123 4035 3450 4105 Θεοπρεπῶς
3475 4035 3706 4105 νοῶμεν,

2034 4122 2326 4193 ἀγαπητοὶ,
2345 4123 2412 4177 τὰ
2430 4123 2718 4192 λεγόμενα,
2738 4123 2833 4175 καὶ
2856 4123 2930 4194 μὴ
2953 4125 3017 4193 τῇ
3048 4122 3301 4193 ἀσθενείᾳ
3321 4123 3415 4192 τῆς
3432 4123 3705 4193 ἡμετέρας

2038 4210 2251 4280 φύσεως
2271 4207 2615 4279 λογιζώμεθα
2629 4207 2739 4261 τῶν
2761 4207 2956 4273 λέξεων
2968 4209 3067 4278 τὴν
3091 4207 3394 4278 παχύτητα.
3417 4208 3581 4261 Ὅσον
3600 4209 3707 4278 γὰρ

2035 4295 2172 4366 πρὸς
2192 4294 2288 4366 τὴν
2313 4294 2548 4365 άρῤητον
2577 4293 2737 4363 φύσιν
2757 4293 2993 4363 ἐκείνην,
3020 4293 3235 4359 ἀνάξιον
3262 4291 3324 4345 τὸ
3351 4292 3503 4362 ῥῆμα
3520 4309 3535 4323 ο
3553 4290 3706 4365 [247]

2037 4382 2160 4436 ὅσον
2190 4380 2247 4433 δέ
2278 4380 2413 4450 πρὸς
2453 4380 2553 4451 τὴν
2580 4380 2852 4451 ἡμετέραν
2880 4379 3184 4441 ἀσθένειαν,
3224 4378 3529 4442 ἀκολούθως
3558 4379 3705 4449 εῖρηη

2037 4479 2148 4522 ται.
2191 4465 2517 4536 Ἐμνήσθη,
2544 4468 2731 4535 φησὶν,
2767 4468 2800 4519 ὀ
2841 4465 2985 4531 Θεὸς
3017 4465 3124 4519 τοῦ
3154 4464 3304 4518 Νῶε.
3349 4464 3566 4536 Ἐπειδὴ
3601 4465 3707 4536 γὰρ

2037 4553 2334 4625 διηγήσατο
2360 4554 2491 4623 ἡμῖν
2536 4554 2594 4606 ἐν
2624 4555 2735 4615 τοῖς
2782 4552 2884 4623 ήδη
2929 4550 3174 4623 ῥηθεῖσι,
3223 4551 3474 4621 καθάπερ
3510 4550 3705 4621 προλα-

2038 4639 2223 4703 ϐόντες
2252 4638 2567 4708 ἐδιδάξαμεν
2601 4637 2753 4707 ὑμῶν
2785 4638 2883 4708 τὴν
2906 4637 3145 4706 ἀγάπην,
3174 4636 3255 4688 ὅτι
3282 4637 3339 4687 ἐν
3359 4637 3478 4697 ταῖς
3514 4650 3711 4687 τεσσαο

2044 4726 2276 4797 ράκοντα
2318 4724 2551 4794 ἡμέραις
2594 4724 2689 4776 καὶ
2728 4721 3017 4784 τοσαύταις
3059 4720 3205 4784 νυξὶν
3231 4722 3279 4772 ’ό
3323 4719 3475 4780 ὑετὸς
3497 4720 3705 4786 γέγονε,

2040 4813 2136 4866 καὶ
2169 4813 2227 4863 ἐν
2264 4810 2457 4863 ἑκατὸν
2496 4810 2831 4878 πεντήκοντα
2867 4807 3100 4877 ἡμέραις
3137 4805 3228 4857 ἐπὶ
3258 4805 3357 4873 τῆς
3384 4802 3704 4873 ταυτότητος

2041 4897 2274 4966 διέμεινε
2303 4896 2436 4948 δέκα
2458 4894 2616 4946 πέντε
2639 4893 2833 4962 πήχεις
2853 4891 3152 4962 ὑψιλύμενον
3174 4890 3359 4943 ἐπάνω
3380 4888 3488 4941 τῶν
3513 4889 3703 4960 ὀρέων,

2042 4986 2136 5039 καὶ
2162 4985 2243 5037 ὃτι
2267 4982 2469 5036 τούτων
2495 4980 2794 5051 γινομένων
2819 4981 2847 5033 6
2882 4979 3090 5044 δίκαιος
3128 4980 3187 5033 ἐν
3210 4981 3277 5049 τῇ
3306 4976 3523 5049 κιϐωτῷ
3548 4977 3703 5046 ἐτύγ-

2043 5086 2224 5140 χανεν,
2246 5068 2367 5121 οὑδέ
2389 5067 2479 5119 τὸν
2498 5066 2634 5138 ἀέρα
2656 5068 2912 5120 ἀναπνεῖν
2929 5067 3243 5136 δυνάμενος,
3269 5066 3534 5119 συνόντων
3559 5064 3706 5136 αὑτῴ

2044 5154 2274 5209 καὶτῶν
2298 5152 2506 5220 ἀλόγων
2548 5153 2818 5215 ἁπάντων,
2865 5153 2953 5206 διὰ
2991 5152 3147 5207 τοῦτό
3194 5167 3345 5221 φησι,
3383 5150 3494 5205 Καὶ
3526 5151 3703 5220 ἐμνή-

2043 5243 2160 5307 σθη
2183 5242 2216 5294 ό
2244 5239 2382 5306 Θεὸς
2412 5239 2517 5293 τοῦ
2543 5238 2689 5294 Νῶε.
2724 5239 2791 5294 Τί
2816 5241 2992 5305 ἐστιν,
3044 5237 3387 5309 Ἔμνήσθη;
3429 5239 3699 5310 ᾭκτειρε,

2045 5328 2237 5399 φησὶν,
2291 5328 2320 5380 ό
2362 5327 2493 5390 Θεὸς
2528 5326 2619 5379 τὸν
2663 5326 2869 5379 δίκαιον
2920 5327 2980 5378 ἐν
3028 5327 3095 5396 τῇ
3151 5323 3369 5394 κιϐωτῷ
3413 5325 3700 5393 διάγοντα,

2043 5415 2272 5486 ἠλέησεν
2300 5413 2463 5468 αὑτὸν
2492 5415 2549 5466 ἐν
2586 5412 2819 5483 τοσαύτῃ
2853 5412 3180 5483 στενοχωρίᾳ
3207 5412 3574 5482 τυγχάνοντα,
3606 5412 3702 5467 καὶ

2042 5499 2102 5551 ἐν
2147 5497 2427 5568 ἀμηχανίᾳ
2472 5495 2809 5558 καθεστῶτα,
2856 5496 2947 5547 καὶ
2988 5496 3089 5547 οὐκ
3131 5495 3309 5548 εἰδότα
3344 5494 3505 5566 μέχρι
3557 5495 3701 5559 τίνος

2045 5586 2300 5657 στήσεται
2331 5583 2401 5637 τὰ
2418 5584 2584 5638 δεινά.
2626 5581 2827 5635 Ἐννόει
2851 5583 2960 5653 γάρ
2987 5599 3077 5653 μοι
3106 5583 3291 5648 ποίους
3315 5584 3548 5637 ἀνεκίνει
3576 5583 3700 5637 καθ’

2047 5670 2234 5729 ἐαυτὸν
2281 5670 2570 5740 λογισμοὺς
2599 5668 2736 5741 μετά
2773 5668 2873 5733 τὰς
2915 5669 3316 5742 τεσσαράκοντα
3358 5670 3569 5744 ἡμέρας
3605 5672 3700 5724 καὶ
