4116 6196
371 313 475 368 235

367 429 469 489 τὰς
503 422 907 494 τεσσαράκοντα
934 420 1158 486 νύκτας,
1205 418 1271 483 ἃς
1296 422 1329 490 ή
1357 419 1465 472 τῶν
1498 418 1703 474 ὑδάτων
1730 422 1872 491 φορὰ
1905 440 2035 475 κατ-

1160 306 1217 361 S.
1259 302 1546 361 JOANNIS
1584 303 2071 363 CHRYSOSTOMI
2110 307 2429 365 ARCHIEP.
2469 302 3021 364 CONS’I‘ANTINOP.

3731 309 3827 364 251

2139 422 2373 491 πνεῦμα
2398 421 2495 476 ἐπὶ
2520 421 2636 487 τὴν
2668 421 2808 492 γῆν,
2832 421 2929 475 κα)
2948 420 3219 475 ἐκόπασε
3246 421 3313 478 τὸ
3354 417 3536 492 ὕδωρ.
3572 423 3689 479 Καὶ
3733 424 3829 478 ἐπ-

368 510 612 581 εφέρετο,
659 506 800 578 ὁρῶν
825 505 918 559 ἐπὶ
964 505 1160 559 ἐκατδν
1205 505 1545 576 πεντήκοντα
1572 504 1784 577 ἡμέρας
1812 508 1906 560 ἐπὶ
1944 507 2038 560 τοῦ
2125 510 2565 578 ἐκαλύφθησαν
2604 512 2666 563 al
2704 509 2889 577 πηγαὶ
2929 507 3039 577 τῆς
3074 507 3358 565 ἀϐὐσσου
3393 511 3494 565 καί
3526 512 3588 565 οι
3618 512 3827 580 καταρ-

368 595 533 649 αύτοῦ
565 594 764 665 μέτρου
782 590 853 646 τά
873 591 1042 646 ὕδατα
1069 591 1317 663 μένοντα,
1341 591 1437 645 καὶ
1460 591 1581 645 οὐδὲ
1609 591 1745 655 ὅλως
1766 591 2000 664 λήγοντα
2018 608 2035 625 ο

370 680 545 735 καὶτὸ
569 680 634 750 δὴ
664 678 1064 751 χαλεπώτερον,
1089 678 1172 732 δτι
1199 676 1319 731 οὐδὲ
1348 678 1532 741 αὐτοῖς
1560 676 1861 749 ὀφθαλμοῖς
1893 674 2038 749 εἶχεν

370 767 502 820 ἰδεῖν
525 766 594 821 τὰ
619 764 986 837 γεγενημένα,
1016 764 1134 819 ἀλλ’
1171 762 1641 834 ἐγκεκλεισμένος,
1675 765 1771 817 καὶ
1797 764 1859 818 οὐ
1886 763 2039 819 δυνά-

370 853 531 925 μενός
557 853 720 907 ποθεν
745 855 811 923 τῇ
852 851 971 921 ᾱινει
1005 849 1299 905 ὑποϐαλεῖν
1342 848 1412 903 τὰ
1448 849 1814 920 κατειληφότα
1852 848 2035 916 δεινά,

371 940 594 1011 μείζονα
612 939 710 1012 τήν
735 938 930 1010 ὀδύνην
953 937 1213 1009 ὑπέμενε,
1237 936 1331 989 καὶ
1360 935 1635 1006 βαρύτερα
1660 936 1784 991 καθ’
1803 935 2041 1009 ἑκάστην

367 1026 732 1095 ἀνελογίζετο.
781 1024 928 1095 Ἐγὼ
957 1025 1014 1079 δέ
1060 1025 1153 1078 καὶ
1198 1021 1464 1094 θαυμάζω
1501 1021 1620 1087 πῶς
1646 1021 1752 1077 ὑπὸ
1775 1024 1875 1095 τῆς
1907 1024 2040 1079 ἀθυ-

371 1113 502 1183 μίας
525 1112 695 1183 αὐτῆς
731 1112 792 1165 ού
832 1110 1129 1181 κατεπόθη,
1160 1110 1239 1173 εἰς
1266 1108 1469 1163 ἔννοιαν
1493 1109 1784 1181 ἐρχόμενος
1812 1112 1907 1165 καὶ
1934 1112 2035 1182 τῆς

367 1198 645 1262 ἀπωλείας
668 1199 762 1253 τοῦ
789 1199 896 1252 τῶν
921 1196 1223 1270 ἀνθρώπων
1256 1197 1465 1266 γένους,
1497 1196 1592 1251 καὶ
1623 1197 1723 1268 τῆς
1753 1198 2041 1270 μονώσεως

367 1286 469 1356 τῆς
485 1284 712 1348 οἰκείας.
757 1284 854 1340 καὶ
888 1286 992 1355 τῆς
1022 1283 1268 1356 χαλεπῆς
1308 1283 1527 1355 ἐκείνης
1556 1284 1852 1355 διαγωγῆς.
1901 1284 2040 1339 Ἀλλ’

369 1374 404 1442 ή
436 1371 584 1425 αἰτία
616 1373 834 1426 πάντων
857 1371 1006 1443 αὐτῷ
1036 1371 1146 1425 τῶν
1172 1370 1448 1442 ἀγαθῶνή
1481 1371 1664 1436 πίστις
1693 1367 1763 1443 ἦν
1782 1373 1817 1444 ή
1849 1373 1931 1436 εἰς
1950 1373 2043 1427 τὸν

373 1457 528 1524 Θεὸν,
554 1457 622 1511 δι’
654 1459 719 1528 ήν
752 1458 846 1511 καὶ
868 1458 1080 1529 ἀντεῖχε
1100 1459 1196 1511 καὶ
1226 1458 1407 1513 πάντα
1433 1458 1695 1527 γενναίως
1721 1458 1882 1532 ἐφερε
1900 1502 1915 1525 ,
1947 1459 2042 1513 καὶ

370 1545 437 1613 τῇ
480 1540 655 1595 ἐλπίδι
700 1541 1032 1613 τρεφόμενος
1069 1540 1281 1605 οὐδενὸς
1325 1537 1591 1613 ἐπῄσθετο
1619 1541 1727 1596 τῶν
1759 1542 2037 1615 λυπηρῶν.

381 1630 534 1683 Ἐπεὶ
569 1625 661 1683 οὖν
693 1631 762 1682 τά
801 1629 932 1700 παρ’
961 1628 1152 1682 ἐαυτοῦ
1183 1627 1451 1700 παρέσχε,
1492 1628 1586 1683 καὶ
1625 1628 1722 1700 τήν
1765 1629 2042 1702 ὑπομονὴν

373 1714 706 1782 ἐπεδείξατο,
728 1717 822 1770 καὶ
847 1714 1046 1787 δαψιλῆ
1067 1714 1163 1787 τὴν
1187 1715 1369 1769 πίστιν
1390 1716 1698 1787 εἰσήνεγκε,
1724 1714 1924 1787 πολλὴν
1944 1717 2042 1788 τήν

371 1805 667 1877 καρτερίαν
696 1803 1134 1874 ἐπιδειξάμενος,
1167 1802 1358 1857 σκόπει
1393 1802 1486 1856 τοῦ
1527 1801 1735 1871 ἀγαθοῦ
1770 1802 1906 1857 Θεοῦ
1942 1802 2043 1877 τὴν

264 1898 267 1899 ⁷
372 1890 571 1962 πολλὴν
596 1890 723 1962 περὶ
754 1889 917 1944 αὑτὸν
940 1887 1372 1959 φιλανθρωπίαν.
1405 1888 1514 1945 Kal
1534 1887 1831 1959 ἐμνήσθη,
1856 1889 2042 1960 φησὶν,

371 1981 406 2034 ὁ
432 1978 577 2044 Θεὸς
600 1976 706 2032 τοῦ
740 1974 890 2032 Νῶε.
922 1976 1037 2047 Οὐχ
1065 1975 1251 2040 ἁπλῶς
1280 1971 1422 2040 εἷπε,
1456 1975 1569 2030 Kal
1593 1975 1865 2047 ἐμνήσθη
1886 1993 1901 2007 ·
1929 1977 2045 2032 ἀλλ’

376 2065 562 2137 ἐπειδὴ
610 2062 958 2136 προλαϐοῦσα
1003 2064 1037 2136 ἠ
1092 2062 1213 2118 θεία
1245 2063 1438 2136 Γραφὴ
1468 2064 1569 2136 τὴν
1614 2064 1918 2136 μαρτυρίαν
1948 2064 2045 2137 τὴν

376 2153 524 2227 παρά
551 2151 646 2206 τοῦ
691 2151 840 2208 Θεοῦ
882 2150 1048 2222 δήλην
1084 2152 1216 2222 ἡμῖν
1249 2152 1473 2222 ἐποίησε
1511 2151 1640 2222 περί
1671 2152 1765 2204 τοῦ
1800 2150 2042 2217 δικαίου,

371 2243 642 2311 λέγοντος,
682 2242 940 2295 Εἵσελθε
967 2240 1055 2306 εις
1087 2238 1202 2308 τὴν
1223 2239 1494 2308 κιϐωτὸν,
1533 2238 1622 2294 ὅτι
1668 2255 1742 2294 σε
1765 2236 1931 2294 εἶδον
1955 2239 2044 2295 δί-

371 2348 545 2386 καισν
572 2331 643 2385 ἐν
680 2328 757 2399 τῇ
799 2328 975 2399 γενεᾷ
1013 2329 1204 2398 ταύτῃ
1226 2370 1242 2396 ,
1283 2328 1373 2383 διά
1399 2329 1558 2385 τοῦτο
1587 2330 1683 2384 νῦν
1724 2347 1897 2402 φησι·
1931 2331 2045 2386 Kal

370 2417 642 2489 ἐμνήσθη
671 2421 704 2472 ό
731 2418 877 2483 Θεὸς
901 2417 1007 2472 τοῦ
1036 2416 1185 2483 Νῶε,
1227 2416 1370 2470 τοῦτ’
1401 2416 1538 2483 ἐστι,
1571 2417 1671 2487 τῆς
1703 2418 2010 2492 μαρτυρίας
2028 2461 2044 2484 ,

371 2508 438 2578 ἦν
467 2506 594 2576 περί
627 2503 791 2559 αὐτοῦ
833 2504 1145 2575 ἐποιήσατο,
1178 2503 1513 2575 ἀνεμνήσθη,
1549 2504 1644 2556 καὶ
1673 2503 1735 2557 οὑ
1776 2504 2048 2576 περιεῖδεν

371 2595 466 2648 ἐπὶ
495 2593 628 2647 πολὺ
658 2592 750 2645 τὸν
799 2591 1045 2656 δίκαιον,
1092 2590 1230 2644 ἀλλὰ
1266 2590 1429 2662 μέχρι
1467 2589 1726 2644 τοσούτου
1776 2592 2050 2662 μακροθυ-

374 2686 583 2755 μήσας,
610 2680 804 2752 μέχρις
838 2680 928 2734 ὅτε
956 2680 1229 2750 ἀντισχεῖν
1270 2678 1535 2749 ήδύνατο,
1576 2679 1697 2733 τότε
1725 2679 1910 2734 λοιπὸν
1949 2682 2050 2751 τὴν

372 2772 506 2840 παρ’
537 2766 733 2822 ἐαυτοῦ
773 2767 1029 2838 δωρεῖται
1060 2765 1240 2837 χάριν.
1274 2765 1444 2828 Εἰδὼς
1474 2765 1583 2837 γὰρ
1621 2765 1778 2837 ἡμῶν
1805 2767 1906 2838 τῆς
1944 2766 2048 2838 φύ-

374 2873 513 2919 σεως
537 2855 637 2925 τὴν
658 2852 967 2917 ἀσθένειαν,
997 2852 1214 2906 ἐπειδάν
1240 2853 1570 2924 συγχωρήσῃ
1600 2853 1903 2925 πειρασμόν
1929 2871 2051 2909 τινα

372 2941 732 3013 ἐπενεχθῆναι
753 2979 768 3004 ,
814 2940 977 3010 μέχρι
1026 2937 1283 2993 τοσούτου
1322 2938 1547 3011 ἀφίησι,
1589 2938 1785 3009 μέχρις
1821 2940 1911 2993 ὅτε
1942 2936 2051 2996 οἶδε

371 3028 709 3099 δυναμένους
764 3027 1088 3096 ὑπενεγκεῖν
1110 3068 1126 3095 ,
1180 3026 1267 3081 ῖνα
1312 3026 1408 3081 καὶ
1436 3027 1570 3098 ἡμῖν
1614 3026 1714 3097 τῆς
1755 3028 2052 3100 καρτερίας

373 3115 653 3188 ἀρκοῦσαν
679 3115 780 3187 τὴν
805 3112 1040 3185 ἀμοιϐήν
1069 3114 1383 3186 χαρίσηται,
1405 3115 1500 3169 καὶ
1519 3112 1618 3186 τήν
1640 3113 1841 3169 οἰκείαν
1863 3115 2053 3187 φιλαν-

373 3204 622 3276 θρωπίαν
664 3202 1031 3273 ἐπιδείξηταιο
1067 3200 1323 3274 καθάπερ
1363 3202 1460 3257 καὶ
1499 3201 1715 3266 Παῦλός
1751 3220 1919 3277 φησι⁸
1949 3206 2053 3258 Πι-

372 3292 522 3356 στὸς
546 3289 615 3344 δὲ
635 3293 668 3345 ὸ
694 3289 864 3357 Θεὸς,
884 3288 953 3357 ὃς
977 3291 1089 3345 οὐκ
1105 3289 1273 3344 ἐάσει
1300 3288 1457 3360 ὑμᾶς
1480 3289 1874 3359 πειρασθῆναι
1897 3290 2052 3361 ὑπὲρ

373 3380 407 3434 ὃ
434 3378 719 3443 δύνασθε,
746 3378 906 3433 ἀλλὰ
929 3377 1172 3447 ποιήσει
1203 3377 1326 3433 σὺν
1349 3377 1430 3444 τῷ
1464 3377 1773 3448 πειρασμῷ
1804 3379 1907 3434 καί
1936 3381 2051 3448 τὴν

370 3468 627 3522 ἔκϐασιν
644 3506 660 3532 ,
695 3465 801 3520 τοῦ
831 3464 1129 3521 δύνασθαι
1169 3463 1325 3536 ὑμᾶς
1350 3465 1724 3536 ὑπενεγκεῖν.
1771 3466 1925 3522 Ἐπεὶ
1955 3464 2051 3523 οὖν

375 3557 470 3611 καὶ
510 3559 539 3612 ό
571 3556 781 3619 δίκαιος
822 3547 980 3619 οὗτος
1018 3555 1118 3628 τὴν
1173 3555 1471 3628 καρτερίαν
1506 3556 1600 3610 καὶ
1625 3554 1724 3627 τήν
1773 3555 2051 3629 ὑπομονήν

374 3644 722 3711 ἐπεδείξατο,
757 3644 938 3697 πίστει
970 3645 1036 3716 τῇ
1084 3644 1165 3707 εἰς
1200 3643 1292 3697 τὸν
1331 3642 1466 3698 Θεὸν
1504 3641 1601 3712 τὴν
1637 3642 1697 3695 ἐν
1732 3644 1800 3714 τῇ
1832 3642 2053 3714 κιϐωτῷ

374 3732 587 3803 οἴκησιν
626 3731 1027 3803 ἀνασχόμενος,
1073 3729 1226 3804 [248]
1265 3729 1376 3785 Kal
1411 3729 1724 3801 ἐμνήσθη,
1775 3731 1976 3801 φησὶν,
2018 3734 2052 3788 ὀ

378 3819 523 3885 Θεὸς
551 3818 659 3873 τοῦ
682 3818 829 3873 Νῶε.
861 3814 993 3872 Εἶτα
1023 3817 1113 3872 ἵνα
1138 3818 1317 3889 μάθῃς
1340 3815 1503 3870 αὑτοῦ
1526 3816 1624 3887 τῆς
1645 3815 2052 3889 φιλανθρωπίας

373 3907 475 3978 τὴν
538 3906 796 3972 ἄϐυσσον,
827 3905 1171 3977 προσέθηκεν
1201 3907 1235 3977 ὴ
1279 3904 1400 3958 θεία
1427 3904 1648 3974 Γραφή·
1671 3903 1782 3957 Kal
1808 3901 2054 3957 πάντων

374 3992 495 4048 τῶν
522 3992 762 4063 θηρίων,
796 3994 893 4048 καὶ
929 3992 1171 4047 πάντων
1214 3993 1334 4047 τῶν
1364 3991 1632 4060 κτηνῶν,
1672 3991 1769 4060 καί
1807 3990 2052 4046 πάντων

374 4079 496 4135 τῶν
546 4077 865 4144 πετεινῶν,
914 4079 1014 4133 καί
1050 4079 1294 4133 πάντων
1336 4075 1457 4133 τῶν
1488 4075 1753 4147 ἑρπετῶν
1776 4117 1793 4144 ,
1825 4076 1944 4133 ὅσα
1970 4074 2049 4149 ἦν

370 4167 497 4238 μετ’
526 4166 713 4221 αὑτοῦ
750 4166 822 4220 ἐν
851 4164 927 4234 τῇ
956 4163 1200 4230 κιϐωτῷ.

448 4254 593 4323 Ὅρα
639 4252 758 4316 πῶς
804 4251 1021 4306 ἅπαντα
1055 4251 1144 4304 διὰ
1171 4250 1270 4321 τήν
1312 4250 1394 4313 εἰς
1434 4249 1526 4303 τὸν
1569 4249 1854 4321 ἄνθρωπον
1884 4249 2049 4322 τιμὴν

376 4340 687 4411 ἐργάζεται.
717 4337 989 4410 Καθάπερ
1013 4337 1122 4409 γάρ
1152 4338 1246 4391 ἐπὶ
1284 4336 1394 4392 τῶν
1435 4336 1791 4391 ἀπολωλότων
1822 4337 1926 4392 ὑπὸ
1952 4335 2048 4392 τοῦ

376 4425 763 4497 κατακλυσμοῦ
793 4424 1118 4496 ἀνθρώπιον,
1153 4427 1271 4499 μετ’
1294 4424 1517 4481 ἐκείνων
1544 4425 1640 4480 καὶ
1665 4424 1765 4499 τὴν
1786 4424 1897 4481 τῶν
1924 4426 2049 4481 ἀλό-

376 4531 492 4583 γων
519 4512 678 4577 ζώων
715 4511 878 4582 φύσιν
906 4513 1125 4567 ἃπασαν
1150 4512 1474 4584 διέφθειρεν,
1507 4511 1650 4568 οὕτω
1679 4514 1772 4569 καὶ
1815 4513 2051 4569 ἐνταῦθα

380 4603 591 4675 μέλλων
631 4601 731 4675 τήν
767 4602 978 4656 οἰκείαν
1021 4601 1431 4673 φιλανθρωπίαν
1479 4602 1884 4658 ἐπιδείκνυσθαι
1923 4603 2052 4675 περὶ

375 4684 470 4740 τόν
505 4684 731 4750 δίκαιον,
768 4682 859 4738 διὰ
886 4684 986 4755 τήν
1020 4684 1101 4748 εἰς
1122 4684 1282 4738 αὐτὸν
1306 4684 1470 4757 τιμὴν
1487 4724 1503 4750 ,
1536 4686 1631 4739 καί
1660 4686 1790 4757 περὶ
1814 4686 1915 4758 τήν
1943 4684 2053 4740 τῶν

376 4773 587 4842 ἀλόγων
619 4771 802 4842 φύσιν,
835 4772 930 4826 καὶ
959 4773 1030 4826 τά
1061 4771 1230 4844 θηρία
1266 4773 1364 4828 καὶ
1389 4772 1460 4827 τά
1489 4773 1714 4829 πετεινά
1742 4774 1835 4828 καί
1859 4772 1930 4828 τὰ
1957 4775 2052 4846 ἐρ-

378 4860 521 4915 πετά
571 4860 804 4914 ἐκτείνει
846 4859 1011 4913 αὐτοῦ
1061 4858 1160 4931 τὴν
1214 4860 1546 4933 ἀγαθότητα.
1592 4862 1703 4917 Καί
1753 4861 2051 4932 ἐμνήσθη,

377 4948 562 5020 φησὶν,
601 4949 636 5003 ό
663 4947 809 5014 Θεὸς
840 4947 946 5003 τοῦ
979 4947 1127 5012 Νῶε,
1156 4948 1254 5002 καὶ
1279 4947 1524 5003 πάντων
1546 4948 1667 5004 τῶν
1690 4949 1930 5018 θηρίων,
1953 4950 2052 5004 καί

380 5034 626 5090 πάντων
646 5033 766 5089 τῶν
789 5034 1048 5105 κτηνῶν,
1083 5036 1179 5091 καί
1214 5035 1334 5090 τῶν
1375 5036 1659 5106 ἑρπετῶν,
1694 5037 1795 5091 καί
1833 5035 1951 5091 ὅσα
1975 5032 2055 5108 ἥν

376 5125 504 5194 μετ’
542 5123 730 5180 αὐτοῦ
780 5122 852 5177 ὲν
899 5123 975 5193 τῇ
1017 5122 1260 5188 κιϐωτῷ.
1307 5124 1419 5179 Kal
1477 5123 1780 5195 ἐπήγαγεν
1827 5127 1863 5180 ό
1909 5125 2055 5189 Θεὸς

380 5212 619 5282 πνεῦμα
653 5212 752 5266 ἐπί
806 5210 924 5279 τὴν
958 5210 1098 5280 γῆν,
1137 5212 1235 5267 καί
1281 5211 1548 5267 ἐκόπασε
1592 5210 1661 5265 τὸ
1691 5212 1869 5281 ὕδωρ.
1894 5209 2056 5283 Μνη-

381 5296 558 5365 σθείς,
588 5299 746 5370 φησὶ,
779 5298 875 5352 τοῦ
906 5296 1069 5363 Νῶε,
1105 5296 1336 5352 καὶτῶν
1370 5297 1488 5368 μετ’
1513 5297 1678 5352 αὑτοῦ
1711 5298 1880 5352 ὄντων
1901 5300 1960 5351 ἐν
1985 5300 2046 5370 τῇ

380 5385 597 5458 κιϐωτῷ
625 5384 957 5459 προσέταξεν
990 5384 1343 5455 ἐπισχεθῆναι
1371 5383 1479 5438 τῶν
1504 5383 1711 5439 ὑδάτων
1735 5383 1834 5456 τὴν
1857 5382 2048 5454 φορὰν,

381 5473 469 5528 ῐνα
496 5472 640 5528 κατά
674 5471 872 5544 μικρὸν
896 5471 996 5543 τὴν
1019 5470 1228 5526 οἰκείαν
1256 5471 1594 5543 ἐπιδείξηται
1614 5469 2049 5544 φιλανθρωπίαν,

379 5561 473 5614 καὶ
501 5560 686 5615 λοιπὸν
712 5559 805 5615 τὸν
834 5558 1042 5616 δίκαιον
1065 5559 1402 5615 ἀναπνεῦσαι
1433 5560 1656 5634 ποιήσῃ,
1688 5559 1785 5615 καὶ
1821 5559 1918 5630 τῆς
1945 5558 2049 5614 τῶν

378 5645 653 5717 λογισμῶν
685 5646 934 5718 ταραχῆς
965 5646 1340 5720 ἐλευθερώσας
1374 5648 1455 5712 εἰς
1484 5646 1729 5720 γαλήνην
1765 5647 1927 5702 αὑτὸν
1956 5663 2050 5701 κα-

380 5733 647 5802 ταστήσῃ,
678 5733 1044 5803 χαρισάμενος
1076 5733 1173 5788 καὶ
1203 5735 1298 5790 τοῦ
1322 5735 1499 5806 φωτὸς
1517 5736 1615 5809 τὴν
1640 5735 1937 5790 ἀπόλαυσιν
1958 5733 2050 5788 καὶ

378 5815 476 5871 τοῦ
509 5814 671 5886 ἀέρος
701 5814 799 5885 τὴν
826 5816 1118 5890 ἀναπνοήν.
1147 5817 1260 5873 Kal
1282 5819 1585 5893 ἐπήγαγεν
1611 5823 1646 5881 ό
1679 5820 1845 5891 Θεὸς,
1876 5820 2009 5894 φησί
2031 5856 2049 5888 ,

442 5920 466 5946 ⁸
491 5915 643 5969 Savil.
669 5916 722 5966 in
753 5929 909 5982 marg.
932 5929 962 5970 e
984 5932 1084 5972 var.
1112 5920 1235 5973 lect.
1270 5921 1493 5985 λέγουσα.

2095 5895 2126 5913 ο

2131 592 2348 660 ﬁdum
2397 593 2505 647 τοῦ
2552 593 2835 661 οὐρανοῦ.
2895 594 3041 665 Ὅρα
3091 593 3212 659 πῶς
3266 594 3643 667 ἀνθρωπίνως
3706 596 3830 667 ἡμῖν

2139 679 2353 733 ᾶπαντα
2379 678 2711 748 διαλέγεται.
2756 680 3332 751 Ἐπεκαλύφθησαν,
3372 681 3507 754 γάρ,
3550 682 3750 753 φησὶν,
3775 683 3831 737 αἰ

2146 765 2325 835 πηγπί
2347 764 2458 833 τῆς
2479 766 2759 821 ἀϐύσσου
2778 766 2879 821 καί
2902 770 2956 821 οἰ
2979 767 3385 843 καταρράκται
3413 770 3524 825 τοῦ
3543 770 3826 839 οὐρανοῦ,

2146 853 2241 907 καί
2272 854 2618 922 συνεσχέθη
2658 856 2692 907 ὸ
2715 852 2893 918 ὑετὸς
2934 854 3043 909 τοῦ
3087 855 3385 923 οὐρανοῦ,
3424 858 3726 928 μονονουχὶ
3746 857 3828 910 λέ-

2147 953 2312 1010 γουσα
2337 941 2422 994 ὃτι
2454 940 2599 1007 ἔδοξε
2631 939 2711 1010 τῷ
2739 940 3009 1014 Δεσπότῃ,
3040 941 3137 996 καὶ
3170 941 3338 996 πάλιν
3365 943 3461 996 ἐπὶ
3496 943 3604 1013 τῆς
3624 944 3831 1008 οἰκείας

2137 1022 2324 1099 χώρας
2347 1026 2417 1081 τά
2448 1026 2618 1081 ὕδατα
2646 1027 2855 1098 ἔμεινε,
2876 1028 2971 1081 καὶ
2991 1029 3093 1082 οὑκ
3116 1027 3201 1081 ἔτι
3222 1028 3568 1100 πλεονασμὸς
3589 1030 3828 1100 ἐγένετο,

2145 1112 2284 1168 ἀλλά
2324 1113 2465 1168 κατὰ
2497 1113 2694 1186 μικρὸν
2723 1112 2906 1184 ἔληγε.
2950 1114 3058 1169 Kal
3096 1114 3375 1170 ἐνεδίδου
3412 1115 3482 1170 τὸ
3519 1115 3686 1186 ὕδωρ
3729 1132 3833 1171 ποι

2136 1200 2467 1268 ρευόμενον
2488 1199 2604 1254 ἀπὸ
2636 1198 2748 1269 τῆς
2770 1198 2899 1270 τῆς,
2923 1200 3021 1255 καί
3045 1201 3383 1269 ἠλαττοῦτο
3405 1202 3474 1256 τὸ
3496 1201 3661 1272 ὕδωρ
3683 1204 3831 1272 μετὰ

2140 1284 2516 1352 πεντήκοντα
2535 1286 2632 1341 καί
2659 1286 2880 1341 ἑκατὸν
2901 1286 3125 1357 ἡμέρας
3153 1325 3170 1343 .
3198 1288 3360 1353 Ποῖος
3384 1287 3653 1360 λογισμὸς
3677 1291 3833 1346 τοῦτα

2141 1372 2468 1427 καταλαϐεῖν
2494 1372 2559 1427 ἃν
2573 1372 2828 1445 δυνηθείη
2853 1374 3022 1441 ποτέ;
3055 1374 3260 1439 Ἔστω,
3294 1375 3323 1427 ὁ
3353 1374 3512 1438 ὑετὸς
3532 1376 3829 1450 ἐπεσχέθη.

2141 1461 2199 1515 αἰ
2229 1460 2405 1531 πηγαὶ
2427 1460 2608 1514 οὐκέτι
2633 1458 2973 1531 πλεονασμὸν
2995 1460 3356 1533 εἰργάσαντο,
3390 1463 3490 1517 καὶ
3518 1463 3579 1516 οἰ
3616 1467 3830 1537 κατιειρ⁴

2145 1546 2342 1619 ρἀται
2372 1545 2467 1600 τοῦ
2489 1546 2719 1619 ούρανοῦ
2762 1546 3141 1619 ἐπεσχέθησαν
3159 1563 3176 1579 ’
3212 1546 3276 1601 τὸ
3309 1547 3458 1619 ῦδωρ
3485 1549 3549 1602 τὺ
3576 1549 3832 1606 τοσοῦτον

2144 1632 2262 1696 πῶς
2290 1631 2482 1703 ἐληξε;
2512 1633 2695 1687 Πάντα
2718 1633 2956 1697 ἀϐυσσος
2978 1628 3069 1704 ἦν.
3094 1633 3223 1698 Πῶς
3241 1630 3338 1689 οὖν
3372 1636 3409 1706 ἠ
3439 1634 3685 1707 τοσαύτη
3723 1637 3832 1691 τῶν

2145 1718 2354 1774 ὑδάτων
2399 1719 2545 1791 ῥύμη
2600 1719 2795 1792 ἀθρόον
2840 1719 3081 1775 ἐλάττων
3135 1720 3382 1791 ἐγίνετο;
3430 1721 3533 1786 Τίς
3567 1721 3639 1776 ἃν
3673 1723 3834 1779 τοῦτο

2144 1804 2469 1877 ἀνθρωπίνῳ
2498 1805 2743 1878 λογισμῷ
2771 1806 2952 1878 εὑρεῖν
2973 1804 3233 1879 δυνηθείη
3266 1806 3431 1873 ποτέ;
3462 1807 3530 1861 Τί
3558 1804 3655 1862 οὖν
3685 1808 3835 1864 ἔστιν

2144 1891 2351 1958 εἰπεῖνς
2384 1892 2458 1946 Τὸ
2488 1892 2581 1946 τοῦ
2611 1892 2746 1947 Θεοῦ
2775 1893 3109 1966 πρόσταγμα
3147 1888 3238 1966 ἦν,
3275 1892 3338 1947 τὸ
3365 1892 3738 1966 ἐργαζόμενον
3761 1896 3832 1951 τά

2145 1978 2345 2033 πάντα.

2214 2066 2255 2119 δί
2263 2108 2274 2120 .
2298 2066 2391 2138 Μὴ
2405 2067 2584 2121 τοίνυν
2598 2067 2757 2139 ἡμεῖς
2774 2085 2841 2121 πε
2848 2086 2930 2140 ριε
2937 2065 3268 2141 ργαζώμεθα
3282 2068 3344 2122 τὸ
3366 2068 3504 2134 πῶς,
3518 2069 3663 2126 ἀλλά
3674 2072 3831 2127 τοῦτο

2150 2153 2309 2225 μόνον
2343 2153 2706 2225 πιστεύωμεν,
2738 2155 2820 2208 ὃτι
2855 2155 3111 2209 ἐκέλευσε
3140 2156 3236 2209 καὶ
3265 2154 3458 2228 ὑψώθη
3488 2159 3523 2228 ή
3553 2157 3828 2223 ἄϐυσσος·

2147 2240 2468 2311 προσέταξε,
2516 2241 2610 2294 καὶ
2658 2240 2821 2295 πάλιν
2858 2241 2956 2313 τὴν
2998 2240 3209 2295 οἰκείαν
3248 2242 3450 2312 ἐπέσχε
3490 2242 3701 2315 φοράν,
3735 2245 3831 2297 καὶ

2148 2325 2286 2399 πρός
2326 2326 2416 2382 τὸν
2456 2329 2654 2381 οἰκεῖον
2693 2327 2857 2381 τόπον
2904 2326 3357 2399 ὑπανεχώρησεν,
3395 2327 3457 2382 ὃν
3507 2328 3675 2393 αὐτὸς
3724 2325 3827 2383 οἶδε

2152 2414 2313 2485 μόνος
2348 2414 2377 2466 ὁ
2408 2414 2819 2486 δημιουργήσας
2863 2413 3032 2485 αὐτὴν
3068 2414 3369 2485 Δεσπότης.
3403 2414 3511 2468 Καὶ
3542 2414 3792 2469 ἐκάθισε
3814 2456 3828 2477 ,

2149 2501 2334 2572 φησὶν,
2368 2502 2407 2569 ἠ
2429 2499 2673 2567 κιϐωτὸς
2703 2500 2773 2554 ἐν
2796 2500 2876 2566 τῷ
2908 2500 3137 2570 ἑϐδόμῳ
3150 2500 3333 2570 μηνί,
3367 2501 3589 2572 ἐϐδόμῃ
3621 2502 3722 2556 καί
3752 2504 3834 2557 εἰ·

2150 2587 2286 2643 κάδι
2321 2588 2426 2642 τοῦ
2453 2586 2667 2658 μηνὸς,
2695 2586 2794 2640 ἐπὶ
2821 2587 2894 2641 τὰ
2919 2588 3024 2657 ὅρη
3051 2587 3123 2642 τὰ
3163 2587 3426 2656 Ἀραράτ.
3473 2588 3545 2642 Τὸ
3575 2587 3647 2641 δὲ
3674 2588 3836 2660 ὕδωρ

2148 2675 2481 2749 ἠλαττοῦτο
2510 2677 2619 2743 ἕως
2655 2676 2761 2731 τοῦ
2789 2674 3045 2730 δεκάτου
3064 2677 3260 2745 μηνός
3279 2693 3294 2707 ο
3325 2675 3425 2729 καί
3450 2674 3749 2747 ὤφθησαν
3771 2681 3835 2732 αἰ

2149 2764 2406 2835 κεφαλαί
2447 2765 2567 2819 τῶν
2594 2765 2780 2833 ὀρέων
2819 2763 2889 2817 ἐν
2923 2760 3004 2828 τῷ
3035 2761 3264 2828 δεκάτῳ
3287 2761 3437 2832 μηνί
3456 2801 3472 2826 ,
3516 2761 3594 2832 τῇ
3625 2762 3835 2835 πρώτῃ

2148 2854 2257 2908 τοῦ
2288 2852 2503 2923 μηνός.
2548 2853 2749 2906 Σκόπει
2789 2850 2907 2914 πῶς
2938 2850 2968 2890 ι)
3002 2849 3198 2922 ἀθρόον
3228 2851 3263 2921 ή
3293 2849 3569 2921 μεταϐολὴ
3602 2850 3795 2920 γέγονε
3815 2894 3832 2920 ,

2150 2940 2245 2995 καὶ
2274 2941 2438 2994 πόσον
2481 2938 2669 3010 ἐληξεν
2702 2940 2736 3009 ή
2775 2937 2883 2991 τῶν
2914 2937 3122 2991 ὑδάτων
3155 2934 3352 3005 φύσις,
3395 2935 3472 3002 ώς
3505 2936 3603 2990 ἐπὶ
3629 2936 3699 2991 τά
3731 2937 3836 3010 ὅρη

2149 3025 2249 3098 τὴν
2293 3025 2529 3080 κιϐωτὸν
2566 3023 2809 3079 καθίσαι.
2864 3022 3147 3095 ’Δνωτέρω
3189 3022 3300 3095 γὰρ
3331 3020 3483 3095 [249]
3524 3023 3764 3077 εἰποῦσα
3797 3025 3835 3096 ή

2151 3113 2362 3187 Γραφὴ,
2384 3114 2466 3167 ὅτι
2493 3112 2628 3167 δέκα
2662 3113 2824 3166 πέντε
2854 3111 3051 3183 πήχεις
3080 3110 3266 3164 ἐπάνω
3293 3108 3402 3163 τῶν
3430 3109 3606 3181 ὀρέων
3642 3109 3837 3183 ὑψώθη

2148 3204 2211 3259 τὸ
2235 3202 2399 3274 ὕδωρ,
2428 3199 2524 3254 νῦν
2554 3216 2719 3271 φησιν
2738 3238 2753 3263 ,
2780 3199 2862 3252 ὃτι
2887 3197 3141 3252 ἐκάθισεν
3169 3197 3205 3268 ἠ
3229 3196 3465 3261 κιϐωτὸς
3500 3199 3597 3252 ἐπὶ
3624 3198 3696 3252 τά
3727 3200 3833 3270 ὅρη

2149 3291 2218 3346 τά
2255 3288 2515 3360 ’Δραράτ,
2539 3287 2632 3341 καὶ
2657 3285 2801 3341 κατά
2823 3285 3015 3359 μικρὸν
3047 3284 3235 3338 λοιπὸν
3272 3283 3435 3357 μέχρι
3463 3284 3562 3339 τοῦ
3602 3285 3835 3340 δεκάτου

2154 3376 2322 3450 μηνὸς
2352 3374 2669 3447 ἠλαττοῦτο,
2698 3374 2795 3429 καὶ
2820 3373 2942 3427 τότε
2969 3371 3047 3445 τῷ
3075 3372 3289 3443 δεκάτῳ
3325 3372 3456 3444 μηνὶ
3482 3371 3749 3443 ὤφθησαν
3774 3374 3837 3427 αἰ

2150 3463 2384 3535 κεφαλαὶ
2403 3462 2511 3518 τῶν
2534 3462 2727 3533 ὀρέων.
2762 3460 2963 3515 Ἐννόει
2988 3477 3077 3532 μοι
3098 3459 3199 3514 τοῦ
3212 3458 3423 3515 δικαίου
3442 3458 3544 3531 τὴν
3560 3460 3833 3526 εὐτονίαν,

2150 3555 2268 3618 πῶς
2299 3553 2585 3625 διήρκεσεν
2616 3553 2676 3605 ἐν
2702 3549 2977 3613 τοσούτοις
3003 3548 3135 3620 μησὶ
3168 3547 3419 3618 καθάπερ
3440 3548 3502 3603 ἐν
3530 3550 3711 3619 σκότῳ
3739 3565 3838 3602 κα-

2149 3635 2623 3707 τακεκλεισμένος.
2652 3632 2764 3687 Kal
2797 3631 3057 3702 ἐγένετο,
3090 3631 3246 3702 φησὶ,
3279 3631 3435 3701 μετὰ
3466 3631 3577 3698 τὰς
3604 3646 3833 3685 τεσσα-

2141 3719 2413 3787 ράκοντα
2448 3716 2695 3786 ἡμέρας,
2744 3714 2845 3770 καί
2879 3713 3110 3779 ἀνέῳξε
3154 3712 3286 3768 Νῶε
3324 3712 3442 3783 τὴν
3478 3712 3694 3783 θυρίδα
3721 3712 3836 3782 τῆς

2152 3800 2403 3856 κιϐωτοῦ
2424 3840 2439 3866 ,
2480 3798 2561 3868 ἣν
2608 3798 2861 3871 ἐποίησε
2882 3837 2898 3864 ,
2935 3796 3035 3851 καί
3082 3794 3406 3851 ἀπέστειλε
3442 3795 3553 3850 τὸν
3600 3796 3836 3865 κόρακα

2153 3883 2322 3947 ἰδεῖν,
2355 3884 2409 3938 εἰ
2441 3882 2740 3937 κεκόπακε
2769 3880 2836 3935 τὸ
2869 3880 3052 3950 ὕδωρ.
3088 3880 3233 3951 Ὅρα
3258 3879 3350 3933 τὸν
3385 3879 3596 3934 δίκαιον
3616 3879 3836 3933 οὐδέπω

2149 3964 2434 4037 τολμῶντα
2478 3961 2843 4018 κατοπτεῦσαι
2885 3962 2954 4016 δι’
3005 3959 3202 4017 ἐαυτοῦ
3221 4001 3238 4027 ,
3298 3961 3434 4017 ἀλλά
3480 3962 3575 4017 τὸν
3617 3961 3836 4034 κόρακα

2151 4047 2459 4112 ἀπέστειλε,
2487 4046 2553 4099 δι’
2586 4045 2796 4099 ἐκείνου
2839 4043 3033 4116 μαθεῖν
3070 4043 3415 4116 βουλόμενος,
3462 4044 3518 4098 εῖ
3550 4061 3672 4098 τινα
3713 4045 3835 4098 ἔστι

2152 4131 2516 4204 προσδοκῆσαι
2546 4129 2793 4201 χρηστὴν
2820 4127 3123 4200 μεταϐολήν
3141 4144 3154 4158 ο
3185 4127 3295 4185 Kal
3326 4127 3615 4193 ἐξελθὼν,
3641 4126 3840 4197 φησιν,

2150 4219 2262 4272 οὐκ
2296 4213 2687 4283 ἀνέστρεψεν,
2717 4212 2828 4279 ἕως
2867 4212 2974 4266 τοῦ
3002 4210 3377 4282 ξηρανθῆναι
3414 4210 3483 4265 τὸ
3517 4210 3678 4279 ὕδωρ
3707 4210 3840 4264 ἀπὸ

2150 4298 2261 4368 τῆς
2288 4298 2422 4370 γῆς.
2450 4298 2564 4351 Οὐκ
2589 4295 2777 4368 ἐπειδὴ
2811 4294 2952 4368 μετὰ
2978 4294 3155 4348 ταῦτα
3184 4293 3507 4366 ἀνέστρεψε,
3534 4293 3617 4360 τὸ,
3650 4295 3838 4360 Ἕως.

2151 4383 2488 4455 προσέθηκεν
2517 4383 2552 4453 ή
2585 4379 2704 4435 θεία
2730 4380 2919 4452 Γραφή
2941 4394 2958 4410 ο
2991 4377 3111 4432 ἀλλ’
3147 4378 3345 4449 ἰδίωμα
3379 4375 3544 4431 τοῦτό
3580 4379 3697 4431 ἐστι
3725 4379 3843 4447 τῆς

2151 4467 2304 4530 θείας
2325 4467 2565 4538 Γραφῆς.
2614 4464 2725 4518 Καὶ
2767 4461 3038 4534 πολλαχοῦ
3080 4461 3147 4517 ἀν
3169 4480 3253 4527 τις
3307 4459 3456 4532 εῦροι
3496 4458 3704 4530 ταύτην
3733 4459 3846 4530 τὴν

2153 4549 2438 4621 συνήθειαν
2456 4589 2472 4616 ,
2498 4548 2591 4601 καὶ
2621 4548 2749 4617 ἐνῆν
2777 4546 2951 4601 πολλὰ
2979 4545 3204 4601 τοιαῦτα
3237 4544 3416 4616 εὑρεῖν
3442 4542 3540 4597 καὶ
3569 4558 3845 4612 παραγα-

2150 4636 2267 4703 γεῖν
2288 4634 2367 4696 εἰς
2394 4631 2558 4704 μέσον
2575 4648 2588 4662 ·
2617 4631 2732 4685 ἀλλ’
2760 4631 2847 4686 ἵνα
2871 4630 2947 4702 μή
2978 4629 3159 4684 πάντα
3186 4628 3316 4699 παρ’
3345 4626 3505 4699 ήμῶν
3537 4624 3848 4697 μανθάνον-

2149 4733 2242 4780 τες
2268 4712 2630 4788 ρᾳθυμότεροι
2664 4712 2910 4784 γίνησθε,
2944 4712 3074 4783 ὑμῖν
3108 4709 3593 4781 καταλιμπάνομεν
3619 4707 3849 4777 διερευ-

2151 4799 2346 4856 νᾶσθαι
2365 4799 2466 4870 τὴν
2494 4797 2738 4870 Γραφὴν,
2776 4799 2870 4851 καὶ
2898 4797 3079 4868 εὑρεῖν
3117 4796 3253 4849 ὅπου
3290 4796 3400 4857 τοῖς
3430 4790 3690 4862 ἰδιώμασι
3712 4792 3851 4843 τού-

2148 4901 2265 4948 τοις
2283 4883 2568 4954 κέχρηται.
2589 4881 2739 4945 Τέως
2756 4880 2812 4934 δέ
2828 4881 2977 4951 ἡμᾶς
2997 4879 3295 4947 ἀναγκαῖον
3318 4877 3486 4929 εἰπεῖν
3507 4874 3605 4945 τὴν
3625 4872 3846 4940 αἰτίαν,

2148 4967 2216 5021 δι’
2247 4969 2316 5038 ἢν
2343 4966 2445 5019 οὑκ
2480 4962 2781 5036 ἀνέστρεψε
2825 4964 2887 5016 τὸ
2933 4962 3143 5033 ὄρνεον.
3196 4960 3354 5022 Ἴσως
3395 4957 3677 5027 ληξάντων
3720 4956 3849 5009 τῶν

2153 5050 2361 5105 ὑδάτων
2404 5047 2715 5118 ἀκάθαρτον
2758 5045 2818 5100 ὃν
2845 5045 2906 5098 τὸ
2945 5045 3152 5116 ὄρνεον,
3180 5041 3275 5095 καὶ
3314 5039 3564 5111 σώμασιν
3603 5039 3852 5110 ἐντυχδν

2150 5135 2263 5197 τοῖς
2294 5149 2355 5185 τε
2382 5128 2765 5201 ἀνθρωπίνοις,
2790 5130 2903 5191 τοῖς
2938 5145 2999 5180 τε
3026 5125 3136 5180 τῶν
3168 5124 3401 5193 ἀλόγων,
3430 5123 3527 5178 καὶ
3569 5123 3671 5195 τὴν
3694 5139 3854 5176 κατ-

2154 5211 2384 5283 ἀλληλον
2425 5212 2586 5284 εὑρὸν
2626 5209 2806 5282 ἐαυτῷ
2853 5208 3090 5281 τροφὴν,
3128 5208 3517 5279 ἐνατέμεινενο
3551 5207 3689 5278 ὅπερ
3739 5205 3855 5260 καὶ

2153 5294 2286 5348 αὐτὸ
2308 5296 2370 5349 οὑ
2407 5295 2602 5366 μικρὸν
2637 5295 2845 5364 ἐγίνετο
2880 5292 2958 5364 τῷ
2982 5292 3178 5364 δικαίῳ
3206 5292 3505 5363 τεκμήριον
3539 5290 3642 5363 τῆς
3691 5308 3859 5364 χρη-

2154 5376 2287 5447 στῆς
2312 5377 2544 5441 ἐλπίδος.
2567 5378 2629 5429 Εἰ
2645 5377 2753 5448 γὰρ
2772 5374 2847 5447 μὴ
2873 5376 3030 5430 τοῦτο
3050 5370 3138 5446 ἦν,
3166 5374 3301 5446 μηδὲ
3322 5368 3450 5447 εὗρε
3474 5376 3678 5446 μικράν
3706 5391 3859 5427 τινα.

2157 5460 2531 5533 παραμυθίαν,
2565 5459 2902 5531 ὑπέστρεψεν
2936 5459 3020 5515 ἄν.
3053 5459 3166 5514 Καὶ
3193 5459 3275 5512 ὅτι
3311 5457 3471 5511 τοῦτό
3508 5459 3658 5510 ἐστιν
3705 5456 3866 5527 ἀλη-

2157 5543 2249 5609 θές
2267 5586 2284 5612 ,
2313 5542 2563 5599 ἐντεῦθεν
2599 5541 2783 5596 λοιπὸν
2816 5542 2917 5613 τὴν
2944 5541 3188 5615 χρηστὴν
3216 5539 3546 5612 προσδοκίαν
3578 5537 3867 5609 ἐσχηκὼς

2155 5628 2184 5683 δ
2216 5627 2423 5693 δίκαιος
2447 5626 2725 5697 ἐκπέμπει
2758 5624 2855 5697 τὴν
2883 5624 3241 5698 περιστερὰν,
3271 5623 3458 5695 δρνεον
3481 5621 3694 5694 ἥμερον
3743 5622 3870 5676 καὶ

2159 5710 2541 5785 φιλοσύνηθες,
2564 5709 2659 5763 καὶ
2687 5710 2889 5783 πολλὴν
2917 5707 3334 5781 εὑγνωμοσύνην
3358 5706 3868 5776 ἐπιδεικνύμενον,

2157 5797 2250 5854 καὶ
2282 5796 2383 5852 οὐκ
2422 5792 2745 5864 ἀνεχόμενον
2789 5792 2976 5865 ἔτερόν
3021 5810 3075 5850 τι
3125 5792 3391 5849 σιτεῖσθαι
3426 5790 3463 5863 ἢ
3497 5789 3817 5862 σπέρματα
3840 5805 3867 5823 ο

2225 5930 2253 5971 δ
2281 5931 2415 5982 Unus
2436 5926 2603 5978 σκόπει
2624 5924 2767 5985 πόση.
