4116 6196
263 306 359 367 ⁵333

267 437 362 475 nes
415 426 533 488 post
578 411 925 484 quadraginta
982 407 1097 463 dies
1141 416 1196 462 et
1239 406 1583 478 quadraginta
1644 419 1852 471 noctes,

269 509 462 582 quibus
491 507 691 577 impetu
716 516 910 572 magno
933 499 1125 570 pluvia:
1148 497 1483 568 ingruebant,
1506 511 1626 552 cum
1653 499 1856 555 videret

269 599 459 655 diebus
487 603 700 653 centum
731 588 1110 662 quinquaginta
1139 587 1190 639 in
1221 584 1408 641 eadem
1435 586 1713 640 altitudine
1747 601 1860 642 ma—

273 705 400 745 nere
425 702 620 758 aquas,
650 698 827 753 neque
852 681 1072 736 omnino
1099 677 1359 734 desistere
1387 695 1399 731 :
1432 687 1486 732 et
1522 677 1662 746 quod
1695 678 1859 733 multo

273 781 510 852 gravius,
532 791 708 848 neque
734 774 905 829 oculis
927 773 1106 828 videre
1129 771 1298 840 potuit
1324 786 1385 824 ea
1407 784 1525 840 qua:
1554 770 1686 825 facta
1713 778 1857 836 sunt,

271 870 365 926 sed
396 869 652 932 inclusus,
677 881 800 921 cum
832 878 937 920 non
967 870 1149 933 posset
1176 877 1424 932 umquam
1455 861 1624 916 oculis
1648 863 1858 932 assequi

271 970 470 1029 quanta
513 966 694 1014 essent
741 955 914 1020 mala,
962 952 1218 1020 majorem
1256 951 1552 1006 sustinebat
1595 952 1858 1019 dolorem,

274 1053 624 1123 gravioraque
645 1047 884 1119 qu0tidie
909 1044 1298 1116 suspicabatur.
1335 1043 1448 1112 Ego
1473 1059 1600 1098 vero
1625 1042 1862 1098 admiror

273 1141 543 1214 quomodo
592 1155 702 1209 prae
752 1138 966 1194 tristitia
1011 1151 1116 1192 non
1169 1135 1326 1190 fuerit
1371 1136 1692 1204 absorptus,
1737 1151 1858 1190 cum

278 1243 515 1290 mentem
543 1232 682 1286 illius
711 1230 951 1286 subirent
980 1227 1195 1282 humani
1225 1226 1435 1296 generis
1461 1226 1704 1280 interitus
1722 1266 1738 1292 ,
1767 1240 1860 1279 sua

275 1322 530 1386 solitudo,
559 1330 613 1376 et
646 1318 882 1375 difﬁcilis
906 1317 992 1372 illa
1016 1317 1144 1371 vita.
1175 1316 1241 1371 At
1262 1329 1420 1370 causa
1446 1315 1708 1368 bonorum
1741 1329 1860 1368 om-

278 1415 423 1468 nium
460 1411 535 1466 illi
569 1411 666 1465 fttit
703 1425 797 1464 sua
829 1409 882 1462 in
910 1409 1075 1464 Deum
1100 1405 1252 1470 ﬁdes,
1278 1419 1373 1475 per
1394 1419 1550 1474 quam
1573 1413 1628 1460 et
1648 1404 1860 1470 restitit,

281 1515 335 1559 et
363 1503 542 1558 omnia
572 1500 777 1556 fortiter
809 1499 928 1553 tulit
956 1513 970 1550 :
1000 1509 1228 1565 cumque
1255 1509 1348 1563 spe
1374 1503 1702 1565 posceretur,
1735 1494 1863 1548 nihil

277 1595 434 1648 triste
462 1590 744 1647 sentiebat.
773 1588 1034 1657 Quoniam
1061 1586 1222 1656 igitur
1245 1584 1384 1654 quod
1407 1600 1560 1638 suum
1589 1593 1703 1640 erat
1729 1599 1865 1654 pras-

277 1684 444 1749 stitit,
497 1691 603 1734 tam
656 1678 964 1748 patientiam
1015 1674 1394 1742 monstrando,
1441 1689 1600 1744 quam
1646 1674 1864 1728 multam

281 1775 439 1828 fidem
468 1769 746 1826 afferendo
768 1809 783 1834 ,
812 1780 1021 1822 necnon
1050 1766 1237 1820 miram
1270 1763 1630 1819 fortitudinem
1676 1778 1784 1833 prae
1807 1777 1868 1818 se

282 1859 533 1922 ferendo,
563 1857 684 1912 vide
711 1865 906 1927 quanta
937 1856 1003 1908 sit
1040 1853 1131 1908 Dei
1158 1869 1282 1924 erga
1329 1853 1501 1923 ipsum
1546 1852 1864 1922 benignitas.

284 1951 350 2004 Et
377 1948 668 2004 recordatus
697 1956 802 2010 est,
842 1946 1008 2014 inquit
1033 1985 1046 2006 ,
1077 1943 1216 1998 Deus
1247 1942 1298 1996 Ν
1303 1959 1382 1997 οε.
1412 1942 1528 1998 Non
1557 1944 1868 2013 simpliciter

285 2050 340 2096 et
367 2041 570 2106 absque
613 2051 771 2091 causa
804 2036 972 2101 dixit,
1015 2034 1083 2088 Et
1120 2036 1414 2090 recordatus
1439 2045 1512 2088 est
1549 2051 1567 2090 :
1605 2035 1698 2090 sed
1744 2036 1866 2104 quia

282 2131 432 2200 prius
454 2128 628 2182 divina
651 2127 922 2195 Scriptura
945 2125 1309 2181 declaraverat
1330 2125 1482 2180 nobis
1507 2126 1866 2180 testimonium

283 2221 352 2274 de
378 2218 523 2287 justo
553 2217 661 2280 illo,
691 2216 876 2270 dicens
899 2255 915 2279 ,
947 2213 1217 2284 Ingredere
1244 2216 1296 2267 in
1323 2231 1516 2276 arcam,
1548 2216 1666 2284 quia
1693 2225 1740 2268 te
1766 2215 1868 2268 vidi

283 2310 474 2378 justum
497 2310 551 2362 in
576 2309 896 2378 generatione
925 2307 1019 2360 hac
1046 2306 1195 2374 (Gen.
1219 2307 1270 2361 'l.
1299 2307 1386 2377 ί),
1417 2316 1701 2376 eapropter
1729 2322 1869 2362 nunc

286 2401 494 2471 inquit:
531 2397 595 2452 Et
625 2398 916 2454 recordatus
943 2407 1015 2451 est
1049 2397 1184 2451 Deus
1211 2397 1360 2463 Noe,
1409 2399 1511 2452 hoc
1552 2407 1633 2452 est
1655 2437 1670 2461 ,
1715 2400 1868 2454 testi-

285 2492 450 2547 monii
475 2491 615 2560 quod
639 2490 706 2545 de
737 2490 826 2543 illo
850 2489 1215 2558 perbibucrat,
1242 2504 1415 2558 neque
1439 2489 1604 2542 multo
1631 2499 1870 2558 tempore

287 2585 520 2656 neglexit
558 2583 781 2654 justum,
815 2582 907 2637 sed
935 2583 1158 2648 distulit,
1203 2582 1454 2652 quamdiu
1487 2583 1573 2636 ille
1608 2583 1745 2638 ferre
1772 2599 1865 2650 po-

285 2682 409 2742 tuit,
440 2685 493 2731 et
536 2684 662 2729 tunc
700 2674 748 2729 ei
785 2688 938 2728 suum
967 2673 1285 2728 beneficium
1321 2682 1377 2728 et
1410 2673 1633 2743 gratiam
1669 2675 1869 2746 impar-

285 2769 414 2822 titus
457 2775 562 2822 cst.
610 2765 740 2820 Nam
781 2764 958 2819 sciens
997 2763 1358 2822 inﬁrmitatem
1404 2773 1601 2820 nostra:
1644 2776 1865 2831 naturai,

285 2857 550 2926 siquando
573 2855 834 2927 permittit
863 2856 1205 2910 tentationem
1229 2855 1434 2923 inferri,
1463 2872 1698 2926 eousque
1722 2860 1868 2924 sinit,

289 2962 568 3016 quousque
595 2947 696 3001 scit
737 2960 836 3001 nos
875 2961 1031 3015 posse
1069 2946 1352 3014 sustinere,
1394 2956 1451 3002 ut
1479 2957 1532 3003 et
1562 2948 1870 3003 retributio-

289 3043 411 3092 n'em
437 3053 556 3108 quce
580 3047 777 3093 nostra:
800 3047 1058 3108 congruat
1081 3038 1375 3094 fortitudini
1407 3041 1623 3109 tribuat,
1647 3051 1700 3098 et
1721 3058 1869 3098 suam

292 3127 715 3183 misericordiam
772 3127 1007 3184 declaret
1056 3146 1070 3182 :
1119 3129 1259 3184 sicut
1308 3139 1363 3186 et
1413 3131 1609 3186 Paulus
1656 3134 1870 3204 inquit:

294 3218 484 3274 Fidelis
508 3228 679 3273 autem
717 3218 850 3273 Deus
869 3260 884 3283 ,
917 3220 1004 3289 qui
1030 3236 1130 3273 non
1167 3221 1293 3274 sinet
1322 3239 1408 3276 vos
1435 3225 1616 3276 tentari
1640 3241 1794 3294 supra
1821 3227 1875 3279 id

290 3310 422 3380 quod
450 3311 656 3380 potestis
682 3311 698 3341 ¹
720 3351 735 3376 ,
767 3311 855 3364 sed
899 3313 1047 3379 faciet
1087 3327 1202 3364 cum
1243 3314 1511 3368 tentatione
1559 3327 1871 3383 proventum,

293 3410 346 3453 ut
375 3399 504 3468 ferre
531 3401 734 3469 possitis
761 3399 779 3470 (
803 3401 854 3454 1.
883 3400 1000 3454 Cor.
1031 3402 1121 3456 10.
1152 3403 1220 3457 13
1239 3403 1279 3473 ).
1308 3404 1566 3468 Quoniam
1599 3407 1756 3476 igitur
1783 3409 1872 3476 ju-

294 3500 408 3543 stus
438 3489 527 3542 ille
573 3487 936 3543 fortitudinem
976 3499 1029 3545 et
1060 3491 1365 3558 patientiam
1413 3509 1518 3562 prae
1547 3509 1605 3550 se
1652 3498 1872 3564 ferebat,

294 3593 390 3633 sua
420 3579 473 3634 in
502 3579 667 3631 Deum
695 3579 798 3632 ﬁde
822 3595 958 3632 arca:
985 3580 1141 3634 sedes
1167 3590 1220 3635 et
1245 3582 1400 3638 ttcdia
1430 3587 1720 3652 sustinens,
1749 3604 1876 3658 pro-

297 3679 413 3737 pter
452 3667 556 3721 hoc
598 3668 805 3737 inquit,
839 3667 898 3720 Et
932 3671 1222 3724 recordatus
1250 3682 1323 3726 est
1355 3672 1489 3728 Deus
1514 3674 1645 3730 Noe.
1680 3679 1878 3734 Deinde

299 3769 354 3813 ιιι
378 3759 554 3813 discas
582 3759 832 3830 abyssum
872 3760 1064 3814 divina:
1106 3762 1482 3820 misericordia:
1506 3808 1521 3833 ,
1553 3767 1756 3823 addidit
1792 3770 1876 3824 di-

301 3850 425 3903 vina
455 3849 727 3916 Scriptura
762 3866 776 3903 :
806 3847 872 3902 Et
914 3851 1136 3904 omnium
1174 3856 1396 3923 ferarum
1417 3897 1432 3920 ,
1465 3867 1512 3910 et
1536 3860 1757 3913 omnium
1786 3863 1878 3931 ju-

296 3948 600 4005 mentorum,
629 3948 675 3992 et
701 3941 922 3993 omnium
947 3942 1242 4009 volatifiunt,
1273 3954 1319 3998 et
1347 3947 1570 4001 omnium
1598 3951 1874 4019 reptilium,

294 4047 620 4101 qmecumque
644 4041 786 4085 erant
815 4049 928 4086 cum
957 4034 1048 4088 illo
1076 4035 1126 4088 in
1151 4053 1292 4091 arca.

373 4121 557 4175 Omnia
581 4123 634 4176 in
662 4123 903 4177 honorem
933 4125 1148 4179 hominis
1179 4131 1333 4198 facta.
1359 4161 1429 4174 —
1451 4131 1583 4188 Vide
1611 4137 1878 4204 quomodo

293 4214 476 4267 omnia
529 4213 579 4268 in
629 4213 886 4270 honorem
933 4215 1166 4272 hominis
1211 4220 1354 4274 facit.
1403 4221 1535 4278 Nam
1580 4227 1716 4280 sicut
1755 4244 1878 4283 cum

299 4304 603 4359 hominibus
647 4306 737 4374 qui
797 4306 994 4362 diluvio
1045 4312 1354 4386 perierunt,
1401 4330 1558 4370 omne
1601 4317 1877 4374 brutorum

300 4396 604 4452 animalium
626 4411 796 4466 genus
834 4399 1083 4468 perdidit,
1128 4387 1217 4454 ita.
1240 4402 1326 4457 hic
1353 4420 1501 4458 suam
1527 4422 1651 4478 erga
1677 4410 1878 4478 justum

305 4485 450 4540 illum
493 4487 908 4544 miscricordiam
950 4489 1222 4546 declarare
1253 4494 1473 4561 volens,
1523 4499 1577 4552 in
1622 4499 1878 4557 honorem

303 4575 438 4644 ejus,
482 4591 630 4630 suam
671 4579 832 4633 etiam
877 4579 1166 4634 bonitatem
1207 4598 1269 4636 ac
1310 4599 1492 4640 curam
1536 4589 1587 4642 in
1632 4591 1778 4646 bruta
1825 4603 1882 4648 et

303 4669 471 4731 feras,
514 4677 570 4725 et
608 4671 837 4724 volatilia
881 4682 932 4725 et
981 4675 1188 4740 reptilia
1233 4691 1401 4745 usque
1439 4683 1650 4736 extendi
1693 4685 1878 4740 Voluit.

306 4759 373 4812 Et
403 4760 693 4814 recordatus
717 4771 812 4827 est,
847 4763 1047 4832 inquit,
1078 4762 1212 4818 Deus
1241 4764 1372 4834 Noe,
1404 4779 1451 4822 et
1487 4775 1710 4826 omnium
1741 4780 1880 4845 {era-

300 4869 450 4915 rua,
495 4861 541 4904 et
582 4854 804 4906 omnium
840 4855 1206 4924 jumentorum,
1251 4867 1297 4912 et
1333 4863 1558 4916 omnium
1604 4868 1878 4935 reptitium,

300 4957 627 5010 quaeautque
655 4954 794 4998 erant
834 4961 950 4999 cum
996 4946 1086 5000 illo
1127 4949 1179 5001 in
1217 4965 1357 5004 arca.
1407 4950 1474 5006 Et
1501 4956 1716 5009 adduxit
1748 4957 1883 5015 Deus

299 5033 537 5102 spiritum
564 5050 717 5103 super
743 5046 964 5102 tenam,
1009 5050 1057 5093 et
1098 5044 1308 5095 cessarit
1348 5060 1500 5113 aqua.
1534 5046 1882 5120 Recordatns,

302 5125 495 5192 inquit,
526 5123 659 5189 Noe,
693 5137 746 5181 et
775 5129 1014 5184 omnium
1042 5145 1161 5201 qua:
1187 5147 1307 5186 cum
1353 5133 1443 5189 illo
1480 5146 1632 5192 erant
1661 5139 1712 5193 in
1738 5155 1882 5211 arca,

302 5215 558 5284 prmcepit
583 5231 734 5284 aqua:
780 5218 1031 5288 impetum
1060 5221 1322 5289 detineri,
1371 5233 1428 5278 ut
1455 5229 1708 5297 paulatim
1734 5249 1884 5291 suam

299 5315 751 5361 commonstraret
774 5308 1184 5380 benignitatem;
1210 5325 1266 5372 et
1287 5328 1469 5387 postea
1491 5320 1690 5390 justum
1718 5329 1889 5395 respi-

303 5409 426 5448 rare
451 5406 687 5458 curaret,
719 5406 777 5452 ct
813 5415 840 5451 a
874 5402 1172 5462 turbatione
1203 5407 1580 5477 cogitationum
1612 5413 1886 5472 liberatum

303 5499 362 5537 ιιι
388 5485 677 5554 tranquillo
704 5496 842 5542 statu
868 5494 1238 5564 constitueret,
1265 5504 1520 5556 concesso
1540 5511 1595 5556 et
1631 5503 1762 5561 lucis
1791 5523 1888 5561 esu

385 5652 401 5682 ¹
433 5649 582 5700 Savil.
607 5657 659 5702 et
684 5651 878 5715 Morel,
899 5667 985 5706 nos
1010 5655 1197 5716 (ἡμᾶς),
1223 5660 1296 5714 et.
1320 5670 1573 5719 possumus
1600 5662 1892 5728 (δυνάμεθα).

1257 293 1320 350 IN
1358 295 1510 352 CAP.
1555 291 1686 347 Vill.
1727 287 1972 346 GENES.
2017 286 2236 342 ΙΙΟΜΙΙ..
2286 287 2472 342 XXVI.

3439 294 3537 350 ‘23-i

1967 406 2020 453 et
2048 399 2187 453 acris
2217 399 2587 468 respiratione.
2623 398 2684 452 Et
2710 401 2923 456 adduxit
2968 403 3133 468 Deus,
3167 404 3364 476 inquit,
3392 409 3546 474 spiri-

1966 498 2073 542 tum
2100 505 2251 560 super
2289 499 2495 555 terram,
2542 498 2587 543 et
2617 491 2825 544 cessarit
2866 509 3019 560 aqua.
3046 493 3100 548 2.
3130 493 3198 548 Et
3223 497 3401 552 obtecti
3427 509 3543 552 sunt

1967 584 2128 650 fontes
2158 581 2324 651 abyssi
2367 592 2414 635 et
2456 590 2728 636 cataracta:
2761 583 2892 638 εαξη.
2933 585 3058 640 Vide
3083 587 3351 655 quomodo
3395 604 3543 644 more

1970 669 2202 724 humano
2243 671 2474 738 loquitur
2513 671 2666 726 nobis
2693 673 2891 726 omnia.
2925 672 3116 728 Oblecti
3154 685 3305 744 sunt,
3351 676 3540 748 inquit,

1967 764 2128 830 fontes
2159 760 2326 831 abyssi
2350 772 2395 814 et
2422 771 2689 817 cataracta:
2711 764 2841 828 cwli,
2885 775 2932 818 et
2957 765 3172 820 cohibita
3201 768 3371 837 pluria
3396 771 3508 825 ccli
3525 787 3545 825 :

1966 852 2116 919 quasi
2142 851 2381 918 diceret,
2415 853 2677 921 placuisse
2706 854 2928 910 Domino
2955 863 3012 909 ut
3037 856 3225 912 iterum
3256 859 3308 912 in
3335 874 3429 914 sua
3456 877 3540 916 re-

1965 939 2124 1008 gione
2152 950 2433 995 manerent
2462 957 2616 1012 aqua:
2638 983 2654 1009 ,
2688 959 2860 1013 neque
2887 945 3022 1000 ultra
3051 948 3412 1012 exundarent,
3454 952 3544 1006 sed

1965 1031 2217 1100 paulatim
2263 1032 2590 1091 desinerent.
2635 1037 2692 1093 3.
2735 1035 2802 1089 Et
2843 1037 3044 1092 cedebat
3088 1055 3221 1109 aqua
3263 1041 3449 1097 uadens
3487 1050 3548 1096 de

1967 1130 2101 1176 terra
2124 1164 2139 1189 ,
2183 1132 2228 1176 et
2273 1124 2590 1179 minuebatur
2630 1143 2762 1196 aqua
2803 1138 2913 1198 post
2951 1140 3147 1184 centum
3185 1131 3549 1204 quinquaginta

1968 1212 2094 1268 dies.
2122 1213 2252 1282 Qua:
2277 1216 2410 1270 ratio
2442 1219 2635 1284 poterit
2661 1218 2761 1275 hoc
2787 1236 3033 1290 umquam
3054 1222 3546 1293 comprehendere!

1971 1305 2119 1371 Esto,
2151 1308 2298 1361 stetit
2326 1308 2520 1376 pluvia,
2551 1310 2766 1365 cohibiti
2798 1310 2970 1366 fontes
2995 1328 3100 1368 non
3126 1315 3356 1383 amplius
3383 1331 3542 1372 exun-

1972 1393 2199 1464 dabant,
2225 1405 2279 1452 et
2307 1405 2586 1452 cataractae
2615 1400 2730 1452 caeli
2769 1399 3016 1455 cohibita:
3046 1410 3170 1456 sunt
3197 1419 3210 1455 :
3242 1419 3375 1472 aqua
3407 1415 3550 1462 tanta

1978 1486 2241 1552 quomodo
2263 1486 2462 1540 desiit?
2491 1488 2675 1541 Omnia
2706 1489 2926 1559 abyssus
2955 1501 3126 1545 erant.
3149 1492 3428 1558 Quomodo
3457 1496 3553 1565 igi-

1970 1583 2053 1629 tur
2081 1586 2256 1632 tantus
2299 1593 2554 1646 aquarum
2596 1579 2767 1633 ﬂuxus
2795 1581 2971 1634 subito
3015 1584 3192 1636 minor
3234 1585 3402 1640 factus
3427 1588 3552 1642 est?

1969 1663 2100 1730 Quis
2129 1664 2230 1718 hoc
2259 1666 2487 1720 humana
2519 1669 2728 1723 ratione
2769 1669 3009 1725 invenire
3040 1674 3229 1740 poterit
3259 1678 3552 1746 umquam?

1969 1751 2104 1820 Quid
2137 1754 2298 1822 igitur
2323 1755 2652 1811 dicendum?
2681 1757 2774 1812 Dei
2806 1769 3125 1829 prteceptum
3154 1770 3239 1817 est
3263 1765 3404 1834 quod
3432 1763 3553 1821 facit

1970 1844 2168 1897 omnia.

2040 1934 2094 1988 4.
2138 1934 2213 1989 Ne
2259 1936 2418 2004 igitur
2459 1952 2556 1992 nos
2599 1938 2857 1994 curiosius
2897 1940 3239 2012 exploremus
3265 1947 3550 2015 quomodo,

1970 2027 2062 2081 sed
2097 2037 2295 2080 tantum
2324 2028 2645 2094 credamus;
2690 2045 2881 2100 nempe
2919 2032 3112 2101 jussit,
3141 2044 3195 2088 et
3218 2038 3446 2092 exaltata
3473 2051 3554 2095 est

1970 2118 2194 2189 abysus
2225 2135 2238 2172 :
2273 2120 2524 2188 pra-cepit
2545 2160 2560 2185 ,
2604 2129 2658 2174 et
2687 2121 2876 2175 iterum
2909 2139 3063 2178 suum
3091 2127 3352 2182 continuit
3381 2128 3553 2199 impe-

1973 2215 2116 2272 ttnn,
2160 2217 2212 2262 et
2240 2208 2304 2261 ad
2339 2209 2608 2277 pt'Oprium
2652 2212 2916 2265 concessit
2964 2212 3158 2278 locum,
3207 2231 3365 2286 quem
3408 2220 3555 2275 solus

1973 2298 2084 2367 ipse
2116 2299 2370 2352 Dominus
2400 2300 2498 2352 scit
2519 2340 2534 2365 ,
2567 2301 2654 2369 qui
2694 2301 2950 2356 condidit.
2982 2305 3035 2358 4.
3069 2303 3135 2358 Et
3164 2307 3320 2373 sedit,
3365 2309 3552 2379 inquit,

1971 2408 2090 2444 arca
2114 2407 2279 2445 mense
2298 2392 2526 2459 septimo,
2554 2392 2786 2445 vicesima
2807 2396 3017 2464 septima
3038 2399 3220 2452 mensis
3238 2416 3391 2469 suptr
3414 2418 3556 2456 mon-

1971 2491 2045 2535 tes
2085 2482 2284 2535 Ararat.
2330 2483 2384 2537 5.
2413 2483 2556 2552 Aqua
2585 2493 2752 2537 autem
2797 2484 3109 2540 decrescebat
3138 2504 3294 2559 usque
3319 2491 3388 2543 ad
3416 2492 3554 2546 deci-

1973 2589 2108 2625 mum
2148 2589 2365 2626 mensem
2403 2588 2423 2627 :
2462 2583 2507 2626 et
2552 2587 2894 2643 apparuerunt
2937 2579 3196 2632 cacumina
3235 2583 3475 2636 montium
3505 2585 3556 2637 in

1973 2664 2168 2720 decimo
2219 2680 2386 2718 mense
2423 2706 2438 2728 ,
2493 2667 2659 2734 prima
2712 2669 2914 2721 mensis.
2965 2669 3096 2724 Vide
3132 2687 3290 2741 quam
3340 2685 3558 2743 repente

1973 2754 2108 2810 facta
2137 2757 2375 2821 mutatio,
2399 2767 2453 2810 et
2485 2767 2679 2826 quanta
2706 2759 2861 2814 simul
2887 2776 3143 2830 aquarum
3171 2773 3357 2820 natura
3384 2767 3558 2825 desie-

1974 2849 2063 2914 rit,
2103 2859 2159 2903 ut
2186 2864 2344 2918 supra
2372 2859 2583 2904 montes
2610 2864 2736 2904 arca
2767 2851 3041 2908 resideret.
3073 2853 3202 2921 Qua:
3226 2873 3383 2928 supra
3414 2859 3558 2915 dixe-

1976 2952 2057 2996 rat
2087 2941 2361 3010 Scriptura
2381 2983 2395 3007 ,
2429 2941 2732 3010 quindecim
2773 2944 2965 2998 cubitis
2993 2960 3155 3016 super
3181 2957 3388 3006 montes
3413 2953 3560 3006 exal-

1979 3039 2143 3087 tatam
2173 3031 2338 3085 fuisse
2368 3046 2558 3102 aquam
2590 3048 2604 3085 :
2639 3047 2779 3087 nunc
2807 3033 2935 3088 dicit
2964 3036 3168 3092 sedisse
3196 3052 3375 3093 arcam
3403 3055 3563 3111 super

1978 3133 2187 3179 montes
2224 3124 2448 3191 Ararat,
2480 3133 2535 3178 et
2563 3124 2812 3193 paulatim
2845 3135 3029 3194 postea
3070 3142 3261 3198 aquam
3302 3145 3468 3202 usque
3495 3133 3562 3188 ad

1978 3213 2247 3268 decimum
2299 3229 2536 3270 mensem
2591 3215 2934 3284 decrevisse,
2990 3229 3044 3273 et
3095 3220 3304 3276 tandem
3353 3223 3564 3280 decimo

1980 3319 2164 3358 mense
2213 3305 2324 3358 visa
2379 3303 2540 3360 fuisse
2591 3307 2867 3362 cacumina
2917 3310 3196 3366 montium.
3248 3313 3562 3383 Considera,

1981 3412 2185 3466 quaeso,
2222 3397 2349 3466 justi
2381 3399 2733 3453 constantiam
2757 3440 2772 3463 ,
2805 3401 3071 3468 quomodo
3100 3403 3292 3460 durare
3335 3409 3564 3474 potuerit

1982 3496 2062 3541 tot
2087 3488 2400 3553 mensibus,
2443 3489 2533 3556 qui
2574 3490 2723 3558 quasi
2769 3489 2820 3542 in
2869 3491 3103 3548 tenebris
3147 3506 3262 3548 erat
3308 3496 3560 3552 inclusus.

1980 3577 2033 3631 6.
2067 3577 2132 3630 Et
2160 3580 2348 3647 factum
2375 3589 2466 3642 est,
2499 3579 2685 3648 inquit,
2716 3589 2826 3648 post
2851 3581 3188 3652 quadraginta
3210 3585 3336 3651 dies,
3366 3591 3563 3659 aperuit

1986 3665 2102 3721 Noe
2143 3667 2411 3736 fenestram
2435 3683 2600 3732 arcte,
2642 3685 2794 3738 quant
2821 3673 3038 3740 fecerat,
3071 3682 3118 3726 et
3146 3675 3308 3729 emisit
3337 3693 3560 3744 carrum,

1983 3767 2040 3810 ut
2068 3757 2254 3811 rideret
2279 3773 2400 3810 num
2425 3769 2664 3812 cessasset
2688 3775 2838 3830 aqua.
2866 3761 3001 3816 Ecce
3021 3761 3196 3831 justus
3223 3764 3307 3819 ille
3329 3768 3562 3824 nondum

1985 3864 2080 3918 per
2107 3865 2166 3905 se
2192 3849 2353 3904 audet
2392 3852 2694 3920 resliicere,
2734 3852 2830 3907 sed
2871 3868 3087 3910 corvum
3125 3855 3319 3926 mittit,
3364 3875 3427 3916 ac
3471 3877 3567 3933 per

1986 3942 2136 3996 illum
2167 3942 2373 3998 discere
2398 3942 2530 4008 vult,
2558 3957 2624 3997 an
2657 3944 2794 4000 bona
2825 3960 3004 4001 rerum
3034 3950 3254 4004 mutatio
3285 3951 3460 4022 aliqua
3498 3955 3568 4009 sit

1984 4033 2360 4102 exspectanda.
2389 4035 2442 4088 7.
2467 4031 2537 4088 Et
2565 4051 2811 4105 egressus,
2841 4036 3031 4106 inquit,
3061 4053 3160 4092 non
3198 4041 3380 4108 rediit,
3409 4043 3568 4098 donec

1984 4126 2256 4180 siccaretur
2279 4143 2410 4196 aqua
2433 4143 2466 4179 a
2491 4136 2644 4182 terra.
2671 4127 2879 4196 Adjecit
2905 4130 3176 4201 Scriptura
3198 4135 3414 4190 verbum
3441 4135 3561 4203 hoc,

1985 4215 2180 4282 Donec,
2207 4231 2310 4272 non
2331 4217 2471 4288 quod
2499 4226 2680 4288 postea
2705 4219 2954 4286 redierit;
2985 4223 3080 4278 sed
3106 4224 3297 4278 idioma
3325 4237 3408 4282 cst
3427 4228 3569 4284 Scri-

1988 4316 2156 4376 ptura:
2185 4307 2398 4362 divinas.
2442 4309 2506 4362 Et
2535 4308 2673 4364 hanc
2697 4313 3135 4370 consuetudinem
3163 4331 3305 4387 same
3333 4320 3453 4390 quis
3483 4322 3566 4376 in-

1986 4397 2184 4462 veniet,
2210 4409 2534 4469 possemque
2559 4400 2720 4454 tnulta
2750 4401 2870 4456 talia
2899 4403 3141 4473 inveniri,
3165 4421 3229 4462 ac
3255 4407 3306 4462 in
3337 4410 3568 4467 medium

1986 4488 2164 4543 afferri
2195 4505 2210 4542 :
2237 4489 2329 4544 sed
2370 4505 2440 4545 ne
2475 4491 2651 4546 omnia
2681 4508 2710 4544 a
2741 4493 2896 4548 nobis
2925 4495 3190 4552 discentes
3218 4500 3570 4572 negligentio-

1988 4593 2076 4633 res
2101 4579 2360 4646 evadatis,
2395 4580 2543 4635 vobis
2573 4582 2948 4652 relinquimus,
2980 4595 3035 4640 ut
3063 4587 3389 4657 Scriptorum
3416 4609 3568 4648 scru-

1989 4670 2208 4734 temini,
2239 4680 2294 4724 et
2337 4671 2619 4726 inveniatis
2662 4673 2874 4728 ubinam
2907 4679 3316 4745 pr0prietatibus
3342 4691 3396 4735 et
3433 4683 3569 4738 idio-

1989 4760 2216 4814 matibus
2243 4759 2606 4828 hujuscemodi
2646 4772 2838 4818 utatur.
2867 4764 2983 4819 Jam
3013 4776 3190 4822 autem
3228 4785 3404 4839 opera:
3446 4789 3569 4842 pre-

1990 4851 2119 4904 tium
2153 4850 2338 4915 fuerit,
2385 4863 2442 4906 ut
2468 4853 2674 4907 dicatur
2700 4869 2857 4909 causa
2883 4872 3049 4926 quare
3079 4874 3182 4914 non
3213 4862 3428 4918 redierit
3457 4865 3571 4920 haec

1988 4941 2122 4995 avis.
2153 4940 2418 4996 Fortassis
2441 4944 2558 4998 avis
2583 4944 2693 5007 illa,
2720 4945 2794 4999 uti
2817 4955 2900 5000 est
2921 4947 3210 5015 immunda,
3238 4967 3360 5008 cum
3382 4955 3570 5011 desiis-

1989 5041 2110 5086 sent
2135 5046 2306 5102 aquae,
2331 5033 2515 5088 incidit
2536 5034 2587 5088 in
2609 5035 2868 5091 cadavera
2891 5037 3166 5095 hominum
3193 5052 3247 5098 et
3269 5045 3565 5115 brutorum,

1991 5120 2183 5189 quibus
2203 5161 2218 5184 ,
2257 5121 2474 5177 invento
2510 5124 2611 5178 sibi
2637 5129 2948 5196 congruenti
2978 5131 3098 5186 cibo
3120 5173 3136 5198 ,
3165 5134 3356 5191 insedit
3383 5155 3397 5191 :
3429 5141 3569 5209 quod

1992 5212 2152 5265 etiam
2185 5213 2356 5281 ipsum
2387 5228 2492 5268 non
2514 5229 2735 5286 parvum
2763 5218 2915 5273 bona:
2943 5221 3055 5292 spei
3081 5238 3448 5293 argumentum
3477 5232 3570 5287 fuit

1993 5301 2158 5371 justo.
2204 5303 2414 5374 Alioqui
2459 5306 2640 5372 enim,
2683 5308 2783 5363 nisi
2828 5312 3242 5370 consolationem
3286 5318 3571 5379 invenisset

1993 5392 2224 5463 aliquam
2248 5433 2264 5459 ,
2304 5410 2515 5452 reversa
2558 5399 2740 5469 utique
2775 5401 2977 5457 fuisset.
3003 5404 3178 5475 Atque
3217 5417 3274 5464 ut
3315 5410 3416 5468 hoc
3455 5430 3572 5472 esse

1995 5497 2183 5538 verum
2229 5486 2402 5554 scias,
2453 5501 2633 5556 postea
2677 5490 2852 5559 justus
2899 5494 3119 5551 meliore
3165 5513 3260 5568 spe
3297 5517 3573 5574 concepta,

1997 5574 2195 5630 emittit
2221 5577 2522 5634 columbam
2540 5621 2556 5645 ,
2583 5595 2734 5634 avent
2764 5584 2944 5640 mitem
2971 5597 3024 5642 et
3068 5587 3376 5648 familiarem
3404 5638 3417 5656 .
3459 5614 3574 5666 quae

2004 5667 2190 5723 miram
2221 5683 2330 5740 pra:
2359 5685 2419 5727 se
2449 5670 2550 5728 fert
2594 5678 3050 5736 mansuetudinem
3077 5721 3092 5748 ,
3135 5692 3190 5739 et
3215 5698 3330 5754 qua:
3355 5679 3577 5740 nonnisi
