4102 6204
562 269 666 324 955

556 382 849 436 seminibus
878 380 1018 448 pasci
1048 379 1220 443 solita,
1244 393 1310 432 ex
1342 378 1487 447 puris
1506 385 1589 432 est
1613 375 1817 430 avibus.
1847 376 1898 430 8.
1921 374 1987 428 Et
2007 377 2129 430 emi-

557 474 651 538 sit,
681 471 882 541 inquit,
920 471 1202 524 columbam
1230 486 1261 522 a
1285 486 1372 534 se,
1412 478 1466 522 ut
1501 469 1686 523 uideret
1705 508 1721 534 ,
1749 484 1871 521 num
1894 477 2132 522 cessasset

556 578 685 631 aqua
728 578 758 613 a
788 561 917 632 facie
957 569 1121 614 terra.
1167 559 1220 615 9.
1249 559 1314 612 At
1346 559 1576 613 columba
1605 573 1705 610 non
1742 557 1938 611 inuenta
1964 557 2134 624 requie

560 651 766 722 pedibus
795 653 920 718 suis,
949 652 1098 705 rediit
1128 652 1195 705 ad
1222 652 1387 721 ipsum
1415 651 1468 704 in
1493 665 1667 704 arcam
1685 690 1700 714 ,
1731 651 1849 720 quia
1873 666 2003 717 aqua
2027 657 2133 703 erat

560 761 711 814 super
739 760 935 796 onmem
962 743 1140 813 faciem
1163 752 1328 796 terra.
1351 741 1451 795 Par
1465 749 1568 806 est,
1586 749 1643 794 ut
1668 740 1752 794 hic
1777 740 2132 809 disquiramus

559 834 826 904 quomodo
852 849 974 888 cum
1001 848 1159 904 supra
1189 833 1382 887 dixerit
1422 831 1692 900 Scriptum
1731 840 1910 884 sancta
1931 872 1944 894 ,
1975 845 2134 885 cacu-

558 925 698 977 mina
741 925 1000 978 montium
1051 925 1214 978 fuisse
1251 923 1395 988 visa,
1441 937 1579 976 nunc
1619 921 1766 989 dicit,
1809 921 2129 984 columbam,

557 1027 662 1066 non
689 1015 902 1066 inventa
931 1013 1132 1082 requie,
1165 1012 1230 1066 ad
1261 1013 1434 1081 ipsum
1460 1011 1514 1068 in
1539 1026 1715 1066 arcam
1743 1010 1983 1078 rediisse,
2011 1013 2133 1082 quia

555 1117 693 1172 aqua
719 1112 835 1158 erat
853 1119 1014 1174 super
1031 1119 1244 1158 omnem
1267 1103 1453 1158 faciem
1483 1111 1659 1157 teme.
1689 1103 1974 1173 Diligenter
1994 1103 2134 1172 lega-

557 1207 675 1245 mus
703 1193 827 1261 quid
854 1194 923 1247 sit
962 1193 1179 1256 dictum,
1228 1201 1282 1247 et
1324 1193 1554 1247 sciemus
1580 1207 1816 1248 causam.
1847 1193 1962 1246 Non
1990 1195 2131 1247 enim

555 1283 866 1350 simpliciter
896 1283 1062 1350 dixit,
1105 1282 1228 1336 Non
1268 1284 1468 1337 inventa
1502 1285 1702 1352 requie,
1743 1283 1836 1337 scd
1866 1284 2129 1352 apposuit,

557 1371 776 1426 Pedibus
816 1375 952 1438 suis,
998 1382 1054 1427 ut
1095 1374 1285 1428 doceat
1332 1389 1466 1440 nos,
1511 1374 1719 1428 tametsi
1762 1373 2031 1428 desierant
2065 1389 2132 1428 ex

556 1474 703 1532 parte
728 1465 898 1532 aliqua
938 1480 1110 1534 aqum,
1155 1474 1210 1517 ct
1252 1465 1524 1518 cacumina
1569 1464 1826 1518 montium
1868 1479 2133 1534 apparue-

555 1564 710 1620 rant,
751 1556 924 1608 adhuc
955 1565 1130 1608 tamen
1159 1555 1228 1608 ob
1262 1555 1640 1608 abundantiam
1683 1570 1940 1624 aquarum
1971 1556 2130 1610 etiam

558 1644 814 1697 montium
841 1644 1115 1697 cacumina
1147 1643 1272 1696 limo
1301 1644 1453 1712 plena
1482 1643 1665 1698 fuisse.
1697 1644 1760 1696 Et
1789 1643 1905 1698 ideo
1930 1645 2133 1697 enlum-

556 1733 618 1786 ha
649 1731 880 1786 nondum
914 1741 1095 1799 stare,
1145 1747 1319 1802 neque
1363 1733 1767 1787 convenientem
1811 1734 1912 1787 sibi
1955 1734 2130 1788 cibum

555 1824 792 1878 invenire
821 1824 1004 1876 valens
1025 1865 1040 1889 ,
1083 1839 1293 1878 reversa
1323 1832 1437 1886 est,
1480 1827 1652 1878 reditu
1687 1839 1784 1878 suo
1824 1825 2022 1879 docens
2043 1826 2130 1894 ju-

554 1924 696 1968 stum
717 1954 733 1980 ,
765 1929 884 1968 esse
911 1913 1085 1968 adhuc
1122 1929 1365 1982 magnam
1404 1928 1659 1982 aquarum
1697 1915 1922 1983 copiam.
1955 1912 2021 1966 Et
2045 1931 2133 1968 ea:-

561 2014 695 2058 tenta
717 2045 732 2069 ,
764 2003 930 2072 inquit
951 2043 964 2066 ,
996 2019 1147 2055 ntuuu
1173 2006 1363 2069 accepit
1392 2003 1534 2054 illam
1553 2042 1566 2066 ,
1602 2013 1648 2055 et
1683 2003 1962 2056 introduxit
1990 2003 2132 2056 illaut

551 2097 618 2148 nd
642 2113 694 2148 se
723 2096 772 2147 in
801 2111 994 2148 arcam.
1022 2094 1210 2148 Vidisti
1239 2103 1430 2163 quanta
1455 2093 1567 2146 avis
1598 2093 1971 2161 mansuetudo,
2001 2109 2132 2161 quo-

552 2185 710 2240 modo
739 2185 953 2240 rediens
989 2185 1190 2253 justum
1229 2184 1444 2249 docuit,
1473 2193 1531 2238 ut
1553 2184 1934 2253 aliquantisper
1959 2184 2132 2239 adhuc

553 2275 1004 2346 longanimitatcm
1033 2274 1351 2330 exhiberet?
1394 2273 1553 2341 Ideo,
1590 2273 1678 2328 10.
1729 2272 1798 2326 Et
1833 2291 1948 2328 cum
1976 2277 2127 2328 susti-

551 2366 759 2430 nuisset,
790 2364 980 2434 inquit,
1009 2363 1174 2416 adltuc
1197 2372 1387 2432 septem
1415 2364 1550 2428 dies,
1579 2363 1740 2418 emisit
1765 2364 2046 2418 columbam
2071 2381 2132 2418 ex

550 2473 688 2509 arca.
719 2457 804 2510 11.
834 2455 898 2508 Ει
919 2470 1115 2508 reuersa
1134 2463 1204 2508 est
1231 2454 1298 2506 ad
1322 2456 1483 2525 ipsum
1511 2453 1742 2506 columba
1764 2456 1832 2506 ad
1854 2470 2127 2524 uesperam,

553 2559 597 2600 ct
627 2547 799 2600 habuit
825 2547 1005 2618 folium
1034 2546 1178 2599 oliva:
1205 2544 1460 2598 surculum
1490 2546 1542 2596 in
1577 2560 1662 2597 ore
1689 2561 1802 2598 suo.
1851 2543 1966 2600 Non
2005 2544 2128 2598 abs-

551 2655 654 2708 que
694 2639 934 2713 ratione,
968 2653 1139 2708 neque
1183 2645 1383 2692 temere
1425 2636 1664 2706 adjunxit
1687 2677 1700 2700 ,
1731 2634 1813 2689 Ad
1840 2651 2129 2704 vesperam:

549 2731 644 2784 sed
677 2740 734 2785 ut
772 2730 1039 2784 discamus
1059 2769 1072 2790 ,
1105 2743 1221 2782 eam
1252 2736 1356 2781 tota
1387 2727 1474 2782 die
1503 2735 1704 2795 pastam
1736 2725 1932 2790 fuisse,
1963 2735 2016 2780 et
2045 2729 2128 2780 in-

553 2830 710 2875 vento
735 2820 835 2874 sibi
861 2818 1198 2874 convenienti
1227 2817 1367 2882 cibo,
1399 2816 1464 2871 ad
1496 2831 1772 2886 vesperam
1803 2815 2045 2878 rediisse,
2077 2816 2127 2869 in

549 2928 642 2967 ore
687 2912 942 2966 ferentem
989 2909 1260 2964 surculum
1302 2908 1476 2961 olivae.
1527 2906 1655 2960 Tale
1699 2906 1893 2976 quippe
1935 2906 2127 2959 animal

549 3013 632 3058 est
661 3003 808 3066 mite,
840 3011 894 3056 et
939 3011 1118 3055 nostra
1163 2999 1514 3053 familiaritate
1539 2998 1812 3068 gaudens;
1851 3006 1905 3050 et
1933 2998 2128 3052 ideirco

553 3093 746 3158 rediit,
775 3101 831 3146 et
856 3093 1008 3145 olivze
1037 3091 1249 3145 surculo
1278 3089 1502 3144 multum
1533 3088 1705 3142 solatii
1747 3088 1894 3157 justo
1931 3088 2123 3142 attulit.

551 3186 654 3240 Sed
676 3185 869 3238 dixerit
898 3183 1120 3236 fortasse
1143 3181 1366 3250 aliquis:
1393 3181 1460 3234 Et
1483 3180 1696 3234 ubinam
1721 3181 1923 3234 invenit
1948 3180 2126 3234 folium

549 3274 741 3328 olivas?
773 3271 962 3327 Totum
996 3271 1098 3326 hoc
1138 3270 1332 3324 factum
1373 3277 1456 3324 est
1493 3269 1890 3338 dispensatione
1929 3270 2122 3335 divina,

545 3377 597 3422 ιιι
627 3363 766 3432 quod
796 3361 1038 3416 columba
1087 3359 1384 3425 invenerit,
1414 3368 1468 3414 et
1494 3359 1634 3429 quod
1663 3374 1757 3414 ore
1786 3360 2047 3430 receperit
2076 3371 2125 3415 et

547 3455 611 3508 ad
635 3455 836 3523 justum
865 3467 1078 3508 reversa
1111 3452 1180 3506 sit
1208 3468 1222 3506 :
1255 3451 1487 3522 alioquin
1516 3460 1570 3507 et
1595 3453 1753 3507 arbor
1779 3452 1894 3508 hate
1919 3468 2129 3523 semper

461 3553 466 3558 '
552 3546 728 3598 virens
751 3552 855 3608 est,
886 3542 1282 3612 verisimileque
1306 3551 1410 3607 est,
1444 3551 1720 3613 postquam
1747 3558 1898 3614 aqua:
1925 3559 2129 3614 regres-

547 3650 620 3689 sa:
649 3642 803 3698 sunt,
839 3633 1080 3686 arborem
1110 3631 1244 3687 hanc
1277 3632 1451 3687 adhuc
1480 3631 1729 3688 habuisse
1758 3632 2003 3688 foliorum
2033 3648 2126 3687 co-

552 3742 713 3779 mam.
745 3724 828 3778 12.
855 3723 924 3776 Et
950 3733 1002 3776 ut
1028 3725 1351 3794 exspectavit,
1381 3723 1572 3793 inquit,
1601 3725 1767 3776 adhuc
1793 3735 1978 3793 septem
2001 3725 2128 3778 alios

550 3817 676 3878 dies,
706 3814 871 3868 emisit
890 3814 1172 3868 columbam
1199 3854 1214 3878 ,
1243 3823 1289 3868 et
1316 3830 1414 3868 non
1445 3815 1628 3884 adjecit
1657 3823 1711 3866 ut
1738 3815 1806 3867 ad
1834 3815 1980 3868 illunt
2008 3817 2125 3869 red-

551 3907 659 3958 iret.
695 3903 825 3959 Vide
847 3904 1114 3974 quomodo
1143 3905 1314 3972 iustus
1342 3904 1394 3957 in
1425 3904 1673 3958 omnibus
1705 3906 2126 3962 consolationem

553 3996 795 4050 idoneam
841 3995 1082 4064 accipiat.
1116 3993 1248 4049 Nam
1293 4003 1349 4048 ut
1393 3994 1529 4049 bona
1572 4008 1668 4063 spe
1712 4003 1980 4050 recreatus
2021 4007 2124 4062 est,

550 4102 670 4142 cum
717 4086 942 4150 rediret,
986 4094 1040 4140 et
1080 4085 1232 4140 oliva:
1278 4083 1459 4138 folium
1513 4084 1565 4138 in
1609 4098 1702 4138 ore
1747 4084 1952 4140 ferret:
1983 4087 2049 4140 ita
2077 4097 2129 4142 et

552 4193 694 4232 nunc
721 4192 842 4231 cum
869 4190 1081 4246 egressa
1114 4191 1218 4230 non
1246 4174 1414 4240 redit,
1445 4176 1730 4229 maximum
1762 4176 1834 4229 illi
1876 4176 2126 4234 indicium

553 4269 668 4332 fuit,
710 4282 826 4320 eam
869 4263 1216 4318 sufficientem
1264 4264 1530 4317 invenisse
1572 4263 2033 4332 refocillationcnt,
2073 4277 2128 4322 et

551 4369 713 4422 aquas
742 4353 792 4406 in
821 4354 1124 4406 universum
1152 4353 1395 4407 desiisse.
1427 4353 1493 4406 Et
1519 4355 1620 4407 hoc
1647 4353 1716 4407 ita
1743 4369 1882 4420 esse,
1912 4356 2034 4411 audi
2060 4372 2125 4412 ex

553 4443 912 4513 sequentibus.
947 4444 1034 4498 15.
1066 4441 1129 4496 Et
1155 4443 1343 4512 factum
1371 4454 1472 4507 est,
1506 4443 1701 4513 inquit,
1729 4445 1782 4498 in
1812 4461 1910 4500 uno
1934 4455 1984 4500 et
2008 4463 2127 4501 sea:-

551 4535 818 4590 centesimo
841 4551 975 4590 anno
1001 4538 1116 4590 uitta
1151 4535 1263 4590 Noe
1281 4577 1296 4601 ,
1326 4537 1487 4605 priuto
1525 4552 1692 4590 mense
1726 4539 1906 4607 defecit
1933 4554 2068 4609 aqua
2095 4556 2127 4593 a

553 4627 682 4696 facie
721 4635 866 4681 terra!
918 4625 981 4680 Et
1010 4627 1206 4696 aperuit
1234 4625 1285 4678 Ν
1290 4643 1348 4680 oe
1377 4635 1557 4680 tectum
1582 4643 1716 4682 arca:
1747 4629 1878 4698 quod
1918 4634 2121 4700 fecerat,

551 4731 597 4774 et
621 4720 744 4774 vidit
768 4722 900 4790 quod
925 4721 1104 4792 defecit
1131 4736 1262 4784 aqua
1286 4736 1316 4772 α
1344 4721 1473 4791 facie
1497 4729 1660 4774 terra.

621 4813 675 4868 5.
715 4811 908 4867 lterum
937 4811 1021 4865 hic
1051 4827 1134 4866 me
1160 4820 1344 4880 stupor
1369 4811 1586 4876 invadit,
1605 4821 1662 4865 ιιι
1686 4811 1935 4866 admirari
1967 4827 2126 4882 cogar

545 4903 672 4972 justi
713 4902 868 4973 hujus
892 4902 1172 4965 virtutem,
1219 4913 1272 4956 et
1314 4902 1404 4956 Dei
1442 4903 1801 4959 clementiam.
1847 4903 2126 4970 Quomodo

548 4995 712 5060 enim,
755 5008 954 5062 qnzeso,
985 5003 1105 5063 post
1149 5002 1349 5046 tantum
1395 5002 1622 5062 tempus,
1668 5003 1727 5048 ut
1749 5009 1807 5050 se
1836 4995 1945 5049 aeri
1973 5011 2124 5050 com-

551 5087 714 5151 misit,
761 5095 814 5140 et
839 5085 1021 5140 oculos
1044 5085 1110 5139 ad
1136 5085 1321 5139 cadum
1351 5086 1693 5156 spectandum
1725 5088 1970 5155 intendit,
2015 5105 2120 5144 non

551 5188 737 5246 captus
764 5187 845 5230 est
873 5175 1040 5230 oculis
1063 5184 1117 5230 et
1143 5177 1479 5230 excmeatus?
1503 5177 1675 5231 Probe
1700 5192 1926 5248 namque
1951 5181 2119 5245 scitis,

553 5267 652 5320 hoe
681 5268 987 5336 contingere
1015 5264 1316 5320 hominibus
1344 5265 1544 5330 solere,
1587 5267 1744 5320 etiam
1793 5269 1858 5321 ad
1906 5281 2121 5337 parvam

550 5360 653 5413 diei
699 5371 900 5428 partem
945 5359 996 5413 in
1039 5357 1337 5413 tenebrosis
1365 5357 1772 5427 ealiginosisque
1797 5356 1926 5413 locis
1955 5373 2117 5428 agen-

551 5451 708 5514 tihns,
755 5465 873 5504 eum
904 5450 1078 5504 subito
1119 5450 1169 5504 in
1207 5449 1339 5503 lueis
1367 5447 1623 5518 fulgorem
1650 5447 1887 5516 aspicere
1915 5450 2114 5502 volunt.

547 5541 726 5593 Justus
751 5549 927 5593 autem
976 5540 1066 5594 ille
1103 5554 1244 5594 anno
1289 5539 1514 5607 integro,
1551 5547 1602 5592 et
1635 5545 1712 5592 tot
1753 5538 2020 5593 mensibus
2063 5539 2116 5593 in

552 5644 678 5685 area
699 5672 714 5696 ,
760 5630 908 5700 quasi
955 5631 1008 5684 in
1041 5631 1273 5687 tenebris
1299 5643 1482 5700 agens,
1531 5629 1689 5684 etiam
1723 5645 1862 5686 uttuc
1896 5637 2116 5702 repente

1266 267 1318 321 S.
1360 263 1638 322 JOANNIS
1673 261 2148 319 CIIRYSOSTOMI
2189 261 2505 316 ARCIIIEP.
2547 258 3079 317 CONSTANTINOP.

3710 265 3828 319 256

2241 375 2352 429 viso
2391 375 2523 430 lucis
2552 375 2763 443 jubare,
2813 375 2945 429 nihil
2991 375 3098 429 tale
3125 383 3378 444 expertus
3413 384 3515 432 est.
3544 377 3638 432 Dei
3680 380 3817 432 enim

2233 465 2402 535 gratia
2452 473 2587 529 erat,
2637 473 2692 519 et
2736 464 2985 533 patientia
3037 463 3106 518 ab
3148 478 3214 518 eo
3255 463 3330 517 illi
3372 479 3651 531 concessa,
3701 480 3820 534 qua:

2235 557 2394 612 etiam
2441 555 2681 625 corporis
2731 569 2920 610 sensus
2970 554 3234 609 firmiores
3285 554 3608 619 reddiderat,
3641 565 3694 608 et
3722 571 3818 624 po-

2238 646 2494 700 tentiores
2530 659 2688 713 quam
2734 644 2823 713 qui
2867 643 3234 712 corporalibus
3267 644 3672 699 necessitatibus
3710 646 3819 700 vin»

2234 747 2499 790 cerentur.
2545 736 2632 789 14.
2680 733 2745 787 1η
2789 749 2958 788 mense
2999 742 3167 787 autem
3207 733 3428 787 secundo
3477 738 3703 804 arefacta
3750 746 3824 790 est

2236 835 2389 892 terra,
2419 828 2649 881 uicesimo
2675 836 2721 881 et
2747 826 2959 896 septimo
2984 826 3066 880 die
3090 827 3291 880 mensis.
3331 825 3448 880 Non
3488 827 3690 896 absque
3733 844 3815 882 ra-

2237 916 2381 972 tione
2428 925 2624 971 tantam
2663 915 2989 984 diligentiam
3035 913 3254 969 adhibet
3297 914 3471 969 divina
3512 914 3823 984 Scriptura,

2234 1007 2326 1062 sed
2367 1017 2423 1061 ut
2463 1007 2731 1062 discamus
2776 1021 2944 1076 usque
2984 1005 3053 1060 ad
3097 1006 3325 1076 primum
3354 1005 3494 1062 diem
3524 1009 3650 1061 anui
3679 1009 3825 1062 illius

2234 1099 2746 1154 consummationem
2777 1098 2996 1153 dilatam
3037 1097 3227 1162 fuisse,
3281 1112 3390 1168 quo
3429 1109 3829 1155 monstraretur

2230 1188 2359 1258 justi
2388 1190 2658 1258 patientia,
2685 1199 2740 1243 et
2769 1189 2932 1244 totius
2961 1189 3108 1244 orbis
3135 1189 3380 1258 purgatio
3415 1189 3588 1246 ﬁeret.
3622 1191 3826 1246 Deinde

2235 1288 2512 1350 postquam
2567 1279 2717 1350 quasi
2770 1295 2800 1334 a
2846 1279 3006 1335 sorde
3043 1279 3269 1349 quadam
3310 1280 3489 1334 abluta
3529 1291 3612 1336 est
3647 1285 3826 1338 omnis

2234 1379 2496 1436 creatura,
2530 1380 2578 1425 et
2612 1370 2854 1440 deposuit
2881 1385 3092 1426 omnem
3125 1370 3406 1438 maculam,
3438 1388 3596 1442 quam
3624 1390 3685 1428 ex
3717 1373 3817 1428 hu.

2235 1475 2388 1514 mana
2417 1469 2758 1516 contraxerat
2783 1461 2999 1524 malitia,
3030 1461 3300 1532 faciesque
3338 1462 3388 1517 ei
3429 1479 3557 1532 pura
3604 1465 3816 1519 reddita

2232 1562 2314 1606 est
2359 1569 2372 1604 :
2421 1561 2546 1606 tunc
2581 1552 2809 1622 denique
2840 1551 3070 1621 praecipit
3100 1563 3157 1605 ut
3180 1551 3355 1620 justus
3384 1568 3449 1606 ex
3479 1567 3598 1607 arca
3643 1565 3823 1616 exeat,

2241 1645 2478 1714 liberque
2504 1659 2532 1696 a
2562 1644 2708 1714 gravi
2738 1644 2828 1698 illo
2855 1657 3072 1698 carcere
3095 1643 3217 1707 fiat,
3247 1652 3301 1697 et
3327 1643 3495 1712 inquit
3523 1660 3538 1697 :
3571 1644 3659 1699 15.
3679 1645 3828 1699 Dixit

2235 1735 2481 1789 Dominus
2519 1734 2656 1790 Deus
2694 1735 2762 1788 ad
2791 1733 2906 1788 Noe
2937 1748 2956 1787 :
2979 1733 3067 1789 16.
3095 1733 3345 1804 Egredere
3371 1742 3446 1799 tu,
3471 1744 3518 1787 et
3547 1751 3674 1789 uxor
3699 1746 3790 1789 tua
3810 1778 3826 1799 ,

2234 1836 2280 1880 et
2307 1827 2402 1895 filii
2426 1827 2516 1887 tui,
2567 1835 2614 1880 et
2658 1842 2837 1880 uxores
2883 1826 3106 1895 filiorum
3149 1834 3349 1878 tuorum
3381 1834 3542 1878 tecum
3584 1842 3603 1879 :
3651 1827 3740 1881 17.
3779 1838 3828 1881 et

2233 1932 2404 1969 omnes
2429 1916 2597 1970 bestite
2638 1919 2959 1986 quaecumque
2997 1924 3112 1969 sunt
3138 1923 3320 1980 tecum,
3353 1926 3400 1970 et
3427 1917 3589 1970 omnis
3628 1934 3752 1971 caro
3793 1936 3829 1971 a

2233 2006 2518 2059 volatilibus
2545 2005 2784 2076 usquead
2815 2022 3016 2074 pecora,
3043 2015 3090 2060 et
3135 2021 3282 2058 omne
3322 2007 3501 2075 reptile
3537 2009 3675 2077 quod
3707 2025 3828 2063 mo-

2233 2105 2374 2148 vetur
2397 2113 2548 2166 super
2575 2105 2759 2150 terram
2784 2095 2910 2149 educ
2937 2105 3097 2148 tecum
3118 2135 3134 2158 ,
3175 2103 3221 2148 et
3262 2097 3468 2149 crescite
3492 2105 3538 2149 et
3565 2097 3824 2166 multipli-

2233 2186 2418 2239 camini
2458 2201 2611 2256 super
2654 2195 2859 2239 terram.
2919 2184 3172 2254 Expende
3214 2184 3302 2240 llic
3344 2185 3438 2240 Dei
3489 2185 3822 2253 bonitatem,

2232 2275 2500 2344 quomodo
2522 2291 2614 2345 per
2639 2276 2816 2330 omnia
2839 2275 3043 2346 justum
3069 2276 3390 2330 consolatur.
3422 2275 3555 2330 Nam
3575 2278 3698 2348 quia
3721 2278 3826 2332 im-

2234 2365 2434 2434 peravit
2465 2365 2562 2429 illi,
2603 2375 2662 2420 ut
2701 2367 2871 2421 exiret
2901 2379 2966 2421 ex
3010 2379 3132 2420 arca
3179 2365 3315 2436 ipse,
3353 2374 3409 2422 et
3433 2380 3588 2434 uxor,
3614 2377 3670 2422 et
3699 2367 3822 2434 ﬁlii,

2232 2465 2287 2511 et
2322 2471 2514 2512 uxores
2556 2456 2804 2520 ﬁliorum,
2850 2465 2906 2511 et
2948 2456 3133 2511 bestia:
3164 2471 3351 2511 omnes
3379 2473 3394 2510 :
3423 2467 3480 2511 ut
3507 2473 3575 2512 ne
3600 2468 3653 2513 et
3679 2459 3822 2514 istud

2235 2545 2408 2616 ipsum
2457 2561 2742 2600 mor-rorem
2769 2545 3001 2615 aliquem
3029 2547 3078 2600 ei
3105 2545 3339 2607 aberret.
3385 2555 3440 2601 et
3481 2548 3699 2602 anxium
3725 2565 3822 2604 re-

2232 2636 2499 2705 linqueret
2525 2637 2846 2705 cogitantem
2876 2635 3142 2705 quomodo
3171 2637 3222 2690 in
3252 2637 3536 2694 solitudine
3560 2648 3702 2693 esset
3729 2638 3822 2694 fu-

2233 2735 2402 2791 turus,
2444 2735 2642 2780 tantam
2692 2734 2847 2781 terra:
2901 2725 3232 2781 latitudinem
3280 2728 3426 2782 solus
3477 2728 3819 2797 inhabitans,

2233 2817 2378 2871 nullo
2409 2816 2520 2885 jam
2562 2815 2667 2870 alio
2696 2815 2911 2870 vivente
2944 2833 2958 2870 :
2991 2816 3110 2872 ideo
3137 2825 3416 2886 postquam
3447 2817 3580 2872 dixit
3607 2837 3620 2872 :
3652 2819 3824 2889 Egre-

2231 2906 2358 2960 dere
2401 2921 2466 2960 ex
2511 2919 2654 2970 arca,
2689 2914 2743 2960 et
2783 2905 2916 2960 educ
2944 2906 3124 2960 omnia
3149 2916 3344 2972 tecum,
3372 2907 3518 2962 addit
3551 2927 3565 2962 :
3594 2910 3818 2964 Crescite

2231 3009 2276 3052 et
2304 2998 2708 3068 multiplicamini
2734 3015 2887 3067 super
2916 2999 3122 3052 terram.

2304 3087 2418 3142 Noe
2459 3091 2753 3160 fermentum
2797 3089 2990 3142 mundi.
3040 3116 3113 3128 —
3162 3088 3293 3144 Vide
3336 3091 3604 3158 quomodo
3639 3091 3823 3159 justus

2231 3180 2318 3234 ille
2360 3179 2536 3234 denuo
2574 3194 2864 3249 supernam
2917 3179 3110 3246 accipit
3153 3179 3601 3246 benediCtionem,
3655 3198 3822 3252 quam

2230 3282 2354 3327 ante
2405 3272 2882 3341 transgressionem
2930 3280 3209 3340 acceperat
3251 3271 3442 3328 Adam.
3488 3271 3618 3326 Nam
3679 3275 3824 3329 sicut

2231 3363 2442 3432 quando
2497 3363 2582 3417 ille
2625 3361 2884 3416 formatus
2931 3372 3033 3428 est,
3087 3362 3289 3414 audivit
3326 3377 3338 3414 :
3378 3361 3442 3415 Et
3468 3362 3717 3416 benedixit
3741 3366 3823 3418 eis

2233 3453 2392 3520 Deus,
2425 3455 2594 3508 dicens
2628 3469 2646 3508 :
2686 3453 2904 3508 Crescite
2949 3463 2993 3507 et
3030 3437 3458 3523 multiplicamini,
3505 3462 3551 3506 et
3587 3454 3820 3508 dominas

2232 3549 2356 3602 mini
2397 3557 2545 3601 terra:
2590 3545 2742 3616 (Gen.
2776 3547 2827 3600 1.
2859 3544 2954 3616 28)
2991 3564 3004 3600 :
3037 3545 3107 3598 ita
3151 3553 3205 3599 et
3249 3545 3373 3600 huic
3403 3559 3544 3599 nunc
3578 3545 3821 3600 dicitur:

2232 3639 2446 3692 Crescite
2484 3648 2528 3692 et
2569 3637 2972 3706 multiplicamini
3017 3652 3170 3706 super
3211 3645 3416 3690 terram.
3444 3636 3649 3705 Quippe
3678 3636 3824 3692 siettt

2233 3733 2318 3786 ille
2366 3732 2515 3801 origo
2560 3740 2614 3785 et
2664 3728 2811 3784 radix
2857 3729 2953 3783 fuit
2995 3728 3236 3783 omnium
3269 3728 3358 3798 qui
3387 3730 3493 3782 nati
3524 3737 3648 3782 sunt
3692 3738 3824 3784 ante

2231 3821 2481 3874 diluvium
2528 3837 2542 3874 :
2586 3821 2655 3873 ita
2694 3829 2746 3873 et
2784 3819 2958 3888 justus
2997 3818 3082 3872 hic
3128 3817 3451 3872 fermentum
3499 3816 3770 3886 quoddam
3799 3859 3815 3879 ,

2230 3913 2398 3981 origo,
2427 3921 2482 3966 et
2511 3911 2660 3965 radix
2683 3920 2765 3966 est
2792 3909 3029 3964 omnium
3066 3909 3154 3978 qui
3183 3918 3302 3978 post
3336 3908 3589 3962 diluvium
3620 3907 3773 3963 fuere
3802 3929 3817 3962 :

2231 4011 2285 4055 et
2321 4001 2446 4055 hinc
2489 4009 2668 4069 postea
2733 3998 2980 4054 humana:
3054 3999 3446 4053 constitutionis
3493 3999 3814 4068 principium

2230 4089 2425 4144 factum
2485 4098 2588 4144 est.
2645 4087 2900 4143 Creatura
2948 4101 3159 4158 quoque
3196 4087 3374 4142 omnis
3415 4101 3568 4141 suum
3611 4089 3823 4157 accepit

2230 4189 2496 4242 ornatum,
2524 4187 2666 4232 terra
2695 4178 2762 4232 ad
2798 4175 3050 4232 ferendos
3089 4176 3291 4231 fructus
3318 4176 3510 4232 idonea
3538 4176 3678 4232 facta
3708 4189 3817 4242 est,

2230 4271 2440 4340 aliaque
2469 4271 2646 4326 omnia
2675 4286 2794 4340 qua:
2819 4277 3038 4339 propter
3057 4269 3290 4324 hominis
3309 4270 3663 4324 ministerium
3692 4281 3823 4327 sunt

2229 4363 2462 4417 condita.
2490 4362 2577 4418 18.
2607 4361 2670 4415 Et
2699 4377 2926 4432 egressus
2951 4371 3024 4416 est
3054 4361 3185 4426 Noe,
3211 4361 3398 4431 inquit,
3419 4370 3467 4415 et
3493 4377 3620 4416 uxor
3647 4363 3817 4426 illius,

2231 4461 2276 4506 et
2301 4453 2398 4521 ﬁlii
2415 4452 2574 4518 illius,
2615 4461 2661 4506 et
2703 4467 2883 4505 uxores
2915 4451 3137 4520 ﬁliorum
3179 4450 3318 4505 illius
3352 4467 3468 4505 cum
3497 4467 3590 4516 eo;
3635 4452 3722 4507 19.
3768 4465 3822 4507 et

2233 4557 2406 4596 omnes
2453 4542 2653 4607 bestiae,
2702 4551 2749 4594 et
2801 4541 2973 4594 omnia
3010 4557 3230 4610 pecora,
3286 4551 3334 4594 et
3385 4557 3531 4595 omne
3585 4543 3816 4608 volatile,

2229 4641 2275 4686 et
2313 4647 2458 4685 omne
2486 4631 2660 4700 reptile
2685 4630 2819 4700 quod
2849 4640 3072 4685 movetur
3099 4646 3252 4700 super
3272 4640 3457 4684 terram
3472 4632 3626 4700 juxta
3655 4648 3817 4702 genus

2229 4739 2379 4778 suum
2420 4723 2646 4776 exierunt
2675 4737 2738 4776 ex
2763 4738 2904 4775 arca.
2963 4722 3246 4791 Postquam
3276 4723 3478 4792 accepit
3503 4721 3816 4776 mandatum

2229 4830 2257 4868 a
2315 4813 2538 4868 Domino
2586 4822 2640 4868 et
2690 4813 3113 4868 benedictionem
3152 4813 3450 4877 dicentem,
3485 4813 3708 4868 Crescite
3760 4824 3815 4868 et

2228 4904 2666 4974 multiplicamini,
2732 4903 2863 4958 exiit
2907 4917 2972 4957 ex
3027 4917 3151 4957 arca
3194 4917 3314 4958 cum
3366 4903 3486 4958 aliis
3537 4903 3815 4959 omnibus.

2231 4993 2298 5048 Et
2346 4993 2568 5064 posthac
2619 4995 2670 5048 in
2720 5002 2824 5047 tota
2876 5001 3018 5048 terra
3066 4993 3212 5048 solus
3249 4993 3460 5048 vivebat
3501 4993 3678 5061 justus
3722 4995 3819 5050 ille

2228 5101 2349 5140 cum
2403 5101 2588 5152 uxore,
2640 5095 2692 5140 et
2739 5085 2878 5154 filiis,
2921 5094 2976 5140 et
3014 5085 3266 5140 uxoribus
3309 5084 3539 5140 illorum.
3573 5086 3692 5140 Mox
3718 5101 3820 5141 au-

2228 5188 2334 5234 tem
2383 5187 2438 5232 ut
2477 5192 2721 5248 egressus
2764 5186 2866 5239 est,
2917 5191 3072 5231 suum
3121 5176 3397 5232 declarans
3444 5185 3651 5247 gratum
3689 5180 3813 5233 ani-

2228 5282 2371 5321 mum
2401 5309 2416 5333 ,
2468 5277 2572 5322 tam
2627 5284 2722 5338 pro
2761 5267 2824 5321 iis
2854 5282 2974 5336 qua:
3021 5267 3421 5336 prmterierant.
3471 5284 3630 5338 quam
3687 5285 3814 5338 quae

2167 5383 2181 5391 ο
2227 5355 2398 5411 futura
2446 5367 2617 5422 erant,
2654 5358 2851 5427 gratias
2881 5357 3104 5411 Domino
3152 5357 3361 5427 agebat.
3396 5357 3588 5412 Verum
3619 5357 3664 5412 si
3688 5361 3813 5429 pla-

2226 5457 2330 5512 cet,
2375 5463 2440 5503 ne
2487 5462 2663 5502 sermo
2707 5448 2774 5501 sit
2811 5447 3039 5516 longior,
3090 5460 3424 5501 reservemus
3455 5448 3509 5500 in
3539 5447 3679 5502 diem
3711 5463 3814 5516 po-

2225 5549 2426 5594 sterum
2482 5553 2601 5608 qua:
2655 5537 2721 5591 ad
2774 5549 2980 5608 gratum
3034 5537 3164 5606 justi
3217 5537 3452 5592 aninmm
3496 5537 3814 5610 pertinent,

2230 5631 2447 5688 missum
2507 5629 2590 5684 hic
2641 5629 2892 5684 facientes
2946 5644 3246 5684 sermonem
3303 5648 3315 5683 :
3365 5639 3418 5686 et
3461 5629 3817 5686 obsecrantes
