4102 6204
406 287 514 345 257

396 415 541 487 μεθα
558 413 626 468 τά
653 414 791 469 κατά
812 411 907 483 τήν
929 408 1344 482 εὐγνωμοσύνην
1362 410 1454 465 τοῦ
1480 411 1714 481 δικαίου,
1742 411 1907 484 μέχρι
1930 409 2052 465 τού-

394 520 488 556 του
513 502 809 571 στήσαντες
839 498 930 552 τδν
959 497 1136 567 λόγον,
1163 499 1257 551 καὶ
1278 497 1755 568 παρακαλέσαντες
1777 496 1930 568 ὑμῶν
1955 495 2054 568 τὴν

392 587 617 658 ἀγάπην
646 584 907 656 διηνεκῶς
944 584 1132 638 τοῦτον
1161 583 1251 637 τὸν
1275 584 1540 653 μακάριον
1574 584 1633 636 ἐν
1668 583 1874 654 διανοίᾳ
1899 598 2056 653 περι-

394 672 667 744 στρέφειν,
703 671 797 725 καὶ
825 671 927 741 τῆς
958 670 1159 742 ἀρετῆς
1188 668 1352 724 αὐτοῦ
1381 669 1519 738 μετά
1543 668 1822 738 ἀκριϐείας
1844 668 1943 739 τὴν
1968 668 2057 720 εὐ-

396 758 634 831 μορφίαν
679 756 1136 829 καταμανθάνειν,
1177 756 1271 809 καὶ
1302 754 1547 825 ζηλωτάς
1584 754 1750 808 αὐτοῦ
1790 752 2055 822 γίνεσθαι.

396 845 594 898 Σκόπει
617 844 728 916 γάρ
760 861 851 915 μοι
874 842 1039 906 πόσος
1074 840 1239 895 αὐτοῦ
1276 840 1379 911 τῆς
1413 840 1613 911 ἀρετῆς
1636 841 1666 892 6
1692 838 1941 901 πλοῦτος.
1978 838 2055 891 ὅτι

397 933 641 1003 σήμερον
668 932 727 985 ἐν
752 928 1040 991 τοσαύταις
1074 926 1308 998 ἡμέραις
1331 926 1400 980 τά
1440 926 1562 979 κατ’
1590 925 1751 979 αὐτὸν
1773 923 2062 995 διηγούμετ-

399 1034 504 1081 νοι,
531 1017 747 1071 οὐδέπω
775 1016 869 1070 καὶ
890 1015 984 1069 νῦν
1008 1014 1159 1077 τέλος
1185 1012 1334 1086 [252]
1372 1012 1639 1067 ἐπιθεῖναι
1671 1010 1966 1082 ἰσχύσαμεν
1991 1013 2058 1080 τῇ

399 1102 520 1157 κατ’
542 1102 707 1156 αὐτὸν
730 1101 1004 1155 ὑποθέσει.
1029 1099 1136 1153 Καὶ
1169 1098 1222 1152 τί
1244 1099 1390 1167 λέγω
1407 1098 1561 1161 τέλος
1584 1097 1845 1150 ἐπιθεῖναι
1867 1112 1884 1163 ;
1920 1096 2061 1149 Ὅσα

399 1186 469 1241 ἀν
515 1187 781 1258 είταυμεν,
827 1188 888 1239 οὐ
922 1184 1196 1256 δυνάμεθα
1242 1182 1563 1254 ἐφικέσθαι·
1599 1182 1736 1236 ἀλλὰ
1775 1185 1878 1236 κᾶν
1903 1184 2062 1252 ἡμεῖς

401 1272 571 1327 πολλά
620 1271 937 1343 δυνηθῶμεν
966 1273 1162 1335 είπεῖν,
1208 1269 1314 1324 κᾶν
1341 1269 1393 1323 οί
1427 1269 1544 1340 μεθ’
1572 1270 1741 1341 ἡμᾶς,
1773 1267 1894 1322 οὐδὲ
1921 1267 2063 1321 οὕτω

401 1359 539 1431 πρὸς
562 1359 621 1413 τδ
644 1360 793 1423 τέλος
812 1359 1012 1428 φθάσαι
1034 1357 1375 1429 δυνησόμεθα
1389 1372 1405 1390 ·
1426 1355 1681 1410 τοσοῦτόν
1702 1357 1850 1409 ἐστιν
1870 1354 2061 1425 ἀρετή.

413 1446 537 1500 Ἑάν
564 1445 674 1516 7&9
706 1443 1078 1515 βουληθῶμεν,
1128 1444 1345 1498 ἃπασαν
1386 1441 1545 1513 ἡμῶν
1585 1440 1683 1512 τὴν
1713 1441 1876 1510 φύσιν
1911 1435 2066 1502 οὗτος

404 1530 694 1585 παιδεῦσαι
717 1531 1006 1602 δυνήσεται
1029 1542 1078 1594 ο,
1114 1529 1369 1603 καὶπρὸς
1401 1528 1491 1582 τὸν
1529 1528 1627 1598 τῆς
1666 1528 1864 1598 ἀρετῆς
1904 1526 2066 1596 ζῆλον

403 1615 713 1685 ἐναγαγεῖν.
750 1617 921 1670 Ὅταν
962 1616 1071 1686 7&9
1122 1616 1216 1668 καὶ
1279 1613 1481 1685 μεταξὺ
1511 1610 1780 1667 τοσούτων
1817 1612 2067 1683 πονηρῶν

404 1701 882 1774 ἀναστρεφόμενος
900 1694 1054 1764 οὗτος
1079 1703 1108 1754 6
1130 1701 1352 1766 δίκαιος,
1374 1701 1468 1754 καὶ
1498 1700 1704 1771 μηδένα
1728 1699 1867 1768 ἔχων
1888 1699 2068 1770 εὑρεῖν

404 1785 724 1858 ὀμότροπον,
770 1787 915 1858 ,πρὸς
959 1785 1210 1839 τοσοῦτον
1252 1784 1448 1856 μέτρον
1484 1784 1680 1856 εὑρέθη
1708 1784 1924 1851 φθάνων
1968 1784 2068 1853 τῆς

408 1869 626 1939 ἀρετῆς,
656 1868 741 1933 τίς
770 1870 900 1939 ἡμῖν
931 1866 1085 1922 ἔσται
1117 1866 1381 1935 ἀπολογία
1408 1869 1520 1929 τοῖς
1546 1866 1682 1937 μηδὲ
1708 1864 1944 1919 τοσαῦτα
1970 1882 2072 1919 κω·

408 1954 622 2026 λύματα
648 1954 851 2024 ἔχουσι,
894 1955 986 2007 καὶ
1013 1952 1322 2024 ῥᾳθυμοῦσι
1355 1953 1491 2022 πρὸς
1523 1951 1620 2022 τὴν
1647 1949 1850 2022 ταύτης
1874 1951 2071 2023 κατόρ-

406 2041 572 2095 θωσιν
595 2058 610 2105 ;
635 2041 727 2112 Μὴ
749 2042 857 2111 γάρ
882 2058 974 2111 μοι
1007 2039 1105 2111 τὴν
1137 2041 1197 2092 ἐν
1241 2041 1355 2102 τοῖς
1388 2038 1760 2101 πεντακοσίοις
1779 2036 1923 2091 ἔτεσι
1950 2038 2068 2092 δια-

406 2126 589 2199 γωγὴν
617 2126 741 2195 λέγε
767 2127 945 2196 μόνον,
996 2125 1078 2178 ὅτι
1129 2121 1558 2195 κωμῳδούμενος
1602 2122 1699 2176 καὶ⁵
1748 2122 2073 2193 χλευαζόμεσ⁸

407 2232 497 2281 νος
519 2214 743 2268 διετέλει
778 2213 882 2267 ὑπὸ
921 2213 1029 2267 τῶν
1077 2213 1176 2284 τὴν
1224 2213 1425 2265 κακίαν
1457 2209 1772 2281 μετιόντων,
1801 2210 1936 2264 ἀλλά
1977 2209 2072 2264 καὶ

407 2302 507 2369 τὴν
554 2303 612 2352 ἐν
652 2302 718 2371 τῇ
759 2298 975 2369 κιϐωτῷ
1006 2297 1305 2370 διατριϐήν.
1350 2296 1409 2350 '0
1441 2297 1548 2368 7&9
1587 2295 1829 2360 ἐνιαυτὸς
1868 2298 2072 2360 ἐκεῖνος

408 2385 731 2457 ἀντίρροπός
759 2380 896 2436 εἷναί
929 2400 1019 2453 μοι
1050 2382 1198 2436 δοκεῖ
1240 2381 1335 2435 τοῦ
1382 2380 1582 2444 παντὸς
1609 2380 1803 2452 χρόνου
1826 2396 1839 2411 ·
1880 2378 2073 2433 τοσαύ-

407 2490 508 2544 την
533 2474 649 2525 ἐκεῖ
674 2472 774 2543 τὴν
801 2470 980 2540 θλίψιν
1017 2469 1308 2541 ὑπομένειν
1335 2469 1364 2522 6
1388 2469 1592 2531 δίκαιος
1628 2465 1989 2537 ἠναγκάζετο,
2014 2468 2075 2520 ἐν

410 2558 742 2630 στενοχωρίᾳ
776 2556 998 2630 τοιαύτῃ
1039 2556 1344 2625 τυγχάνων.
1390 2554 1485 2607 καὶ
1536 2552 1670 2624 μηδέ
1700 2554 1956 2607 ἀναπνεῖν
1985 2551 2075 2605 δυ-

410 2646 665 2717 νάμενος,
693 2647 788 2698 καὶ
814 2644 910 2713 τῆς
939 2642 1081 2712 μετὰ
1102 2642 1211 2694 τῶν
1242 2641 1448 2712 θηρίων
1476 2641 1694 2693 καὶτῶν
1717 2639 1924 2707 ἀλόγων
1957 2639 2075 2693 δια-

408 2733 600 2803 γωγῆς
629 2730 973 2802 ἀνεχόμενος,
1025 2729 1119 2782 καὶ
1149 2728 1237 2782 διά
1279 2727 1496 2781 πάντων
1539 2727 1751 2789 δεικνὺς
1784 2724 1946 2780 αὐτοῦ
1977 2727 2077 2796 τῆς

410 2817 639 2888 γνώμης
669 2817 729 2871 τὸ
751 2814 996 2886 στερρὸν,
1020 2813 1197 2868 καὶτὸ
1212 2813 1426 2876 ἀκλινές
1453 2812 1553 2882 τῆς
1571 2813 1961 2882 προαιρέσεως,
1984 2811 2079 2865 καὶ

409 2904 510 2976 τὴν
541 2904 723 2957 πίστιν
751 2904 818 2974 ἡν
847 2901 974 2972 περὶ
1005 2901 1096 2954 τὸν
1144 2900 1277 2953 Θεὸν
1307 2899 1675 2962 ἐπεδείκνυτο,
1719 2896 1786 2950 δι’
1815 2897 1881 2968 ἡν
1901 2898 2080 2952 πάντα

413 2989 607 3062 πράως
626 2989 724 3043 καὶ
746 2988 963 3056 κούφως
983 2986 1169 3056 ἔφερε.
1189 2985 1288 3038 Δία
1318 3000 1402 3037 τοι
1433 2982 1611 3048 τοῦτο,
1636 2982 1824 3053 ἐπειδὴ
1851 2982 1921 3036 τὰ
1947 2984 2077 3054 παρ’

413 3074 579 3131 αὐτοῦ
596 3074 774 3127 πάντα
792 3074 1097 3142 εἰσήνεγκε,
1111 3071 1207 3125 καὶ
1224 3069 1331 3124 τῶν
1348 3069 1497 3140 παρὰ
1508 3069 1603 3122 τοῦ
1625 3068 1761 3121 Θεοῦ
1781 3068 1916 3138 μετά
1926 3066 2081 3136 δαψι-

416 3162 572 3225 λείας
603 3163 939 3230 άπήλαυσεν.
962 3160 1025 3212 Εί
1061 3158 1168 3228 7&9
1191 3157 1287 3210 καλ⁵
1331 3155 1694 3227 στενοχωρίαν
1749 3154 1948 3225 πολλὴν
1979 3155 2081 3207 ὐπ-

418 3250 614 3320 έμενεν
637 3250 697 3301 ἐν
727 3250 794 3318 τῇ
809 3247 1054 3315 διαγωγῇ
1082 3245 1181 3315 τῆς
1206 3241 1462 3307 κιϐωτοῦ,
1486 3240 1601 3295 ἀλλ’
1635 3242 1783 3310 ὅμως
1806 3240 1867 3294 τὸ
1883 3240 2083 3294 κλυδώ-

416 3353 529 3391 νιον
557 3333 867 3405 τὸφοϐερὸν
898 3334 991 3386 καὶ
1038 3332 1136 3403 τὴν
1182 3328 1556 3399 πανωλεθρίαν
1583 3328 1800 3399 ἐκείνην
1837 3328 2080 3396 διέφυγε.

416 3423 530 3478 Kal
559 3420 649 3475 διά
678 3420 835 3475 τοῦτο
894 3418 1032 3489 μετά
1069 3417 1169 3488 τὴν
1202 3416 1565 3485 στενοχωρίαν
1596 3414 1811 3485 ἐκείνην
1837 3413 1932 3467 καὶ
1986 3412 2084 3484 τὴν

418 3511 689 3582 ἀφόρητον
707 3506 949 3578 είρκτὴν,
969 3506 1062 3560 καὶ
1098 3504 1283 3567 ἀδείας
1305 3503 1401 3556 καὶ
1430 3503 1667 3566 ἀνέσεως
1698 3501 1965 3573 ἀπήλαυε,
1992 3502 2085 3555 καὶ

417 3598 518 3668 τῆς
551 3596 704 3667 παρά
731 3593 827 3649 τοῦ
854 3593 988 3648 Θεοῦ
1020 3591 1269 3660 εὐλογίας
1292 3589 1531 3660 ἡξιοῦτο,
1571 3589 1666 3644 καὶ
1689 3589 1852 3643 πάλιν
1879 3588 1978 3660 τήν
2004 3592 2085 3643 ol-

419 3686 575 3740 κείαν
594 3681 1008 3754 εὐγνωμοσύνην
1039 3679 1126 3733 διὰ
1144 3679 1253 3733 τῶν
1277 3677 1453 3748 ἔργων
1471 3676 1728 3748 ἐπλήρου·
1760 3676 1854 3730 καὶ
1878 3691 2085 3730 παντα-

420 3772 519 3842 χοῦ
538 3771 788 3842 εὑρήσεις
801 3766 898 3831 τὰς
918 3764 1092 3836 ἀρχάς
1112 3766 1241 3836 παρ’
1268 3762 1432 3817 αὐτοῦ
1456 3762 2086 3833 είσφερομένας.Ὦσπερ

420 3859 478 3911 δὲ
499 3857 599 3926 τὴν
621 3854 842 3926 πρώτην
878 3851 1094 3905 ἀπασαν
1122 3850 1341 3921 ἡλικίαν
1363 3848 1462 3920 τὴν
1499 3848 1700 3919 ἀρετήν
1731 3847 2084 3917 μεταδιώξας,

422 3942 518 3997 καὶ
548 3941 645 4011 τῆς
673 3939 871 3996 κακίας
899 3936 1122 3991 ἐκείνων
1148 3935 1305 3999 ἐκτὸς
1326 3932 1649 4003 γεγονὼς,οὐ
1679 3932 2088 4004 συναπήλαυσεν

425 4032 604 4093 αὐτοῖς
629 4028 731 4099 τῆς
755 4025 1047 4098 τιμωρίας,
1089 4023 1225 4079 ἀλλά
1252 4024 1473 4078 πάντων
1498 4020 1845 4093 ὑποϐρυχίων
1868 4019 2088 4091 γινομέ·

424 4129 530 4166 νων
558 4111 717 4175 αὐτὸς
754 4110 913 4180 μόνος
940 4106 1244 4173 διεσώζετο·
1283 4104 1427 4159 οῦτω
1464 4103 1625 4159 πάλιν
1652 4102 1840 4175 ἐπειδὴ
1891 4102 2088 4174 πολλήν

422 4199 524 4269 τῆν
549 4197 729 4250 πίστιν
758 4195 1064 4266 εἰσήνεγκε,
1117 4193 1212 4246 καὶ
1244 4193 1361 4264 μετ’
1391 4190 1742 4262 εὐχαριστίας
1771 4190 1870 4260 τῆς
1915 4190 1973 4244 ἐν
2019 4192 2088 4260 τῇ

425 4283 640 4353 κιϐωτῷ
669 4283 934 4352 οίκήσεως
963 4280 1236 4349 ἡνέσχετο,
1292 4276 1452 4330 πάλιν
1496 4275 1565 4330 τά
1616 4276 1764 4348 παρά
1820 4275 1913 4330 τοῦ
1954 4275 2088 4330 Θεοῦ

423 4366 753 4437 ἠκολούθησε
777 4365 916 4434 μετὰ
967 4363 1167 4431 πολλῆς
1191 4364 1288 4432 τῆς
1310 4361 1638 4431 φιλοτιμίας,
1670 4360 1764 4413 καὶ
1790 4359 2091 4431 ἐξενεχθεὶς

424 4451 524 4520 τῆς
555 4448 808 4513 κιϐωτοῦ,
841 4448 934 4502 καὶ
970 4448 1051 4511 είς
1077 4448 1175 4518 τὴν
1209 4445 1477 4518 προτέραν
1508 4445 1783 4516 διαγωγήν
1813 4446 2091 4501 ἀποκατα-

425 4534 664 4599 αταθεὶς,
699 4533 897 4598 εὐθέως
947 4532 1197 4602 εὐλογίας
1224 4530 1490 4599 ἀξιοῦται,
1552 4532 1647 4586 καὶ
1680 4531 1844 4586 πάλιν
1874 4533 1972 4605 τὴν
2008 4536 2088 4588 οἰ-

424 4622 580 4677 κείαν
607 4618 1026 4691 εὐγνωμοσύνην
1062 4617 1488 4688 ἐπιδειξάμενος,
1527 4617 1619 4672 καὶ
1637 4617 1737 4688 τὴν
1765 4617 1903 4672 κατά
1929 4618 2088 4673 δύνα-

427 4727 520 4780 μιν
548 4705 893 4779 εὐχαριστίαν
920 4703 1303 4775 ποιησάμενος,
1332 4703 1426 4757 καὶ
1456 4703 1600 4757 οὕτω
1630 4703 1890 4774 μειζόνων
1913 4704 2092 4770 ἀξιοῦ-

422 4813 512 4852 ται
537 4796 688 4868 παρά
714 4794 809 4848 τοῦ
834 4792 1212 4865 φιλανθρώπου
1233 4790 1388 4846 Θεοῦ.
1424 4789 1534 4845 Καὶ
1554 4790 1662 4860 γὰρ
1693 4789 1813 4853 ἔθος
1837 4789 1995 4845 τοῦτο
2014 4791 2093 4863 τῷ

422 4884 564 4958 Θεῷ,
593 4884 813 4939 ἐπειδὰν
852 4882 1026 4955 μικρὰ
1079 4881 1175 4935 καὶ
1200 4879 1390 4950 εὐτελῆ
1423 4878 1555 4950 παρ’
1583 4877 1744 4949 ἡμῶν
1789 4878 2090 4950 είσενεχθῇ.

422 4974 573 5044 ὅμως
602 4973 647 5026 δ’
672 4967 767 5026 οὖν
792 4968 1095 5041 είσενεχθῇ,
1144 4967 1343 5039 πολλὴν
1362 4969 1493 5039 ἡμῖν
1511 4965 1612 5038 τὴν
1646 4967 1773 5037 παρ’
1803 4965 1967 5020 αὐτοῦ
1990 4966 2094 5020 δω-

425 5055 637 5129 ρεῖσθαι
669 5052 1001 5125 φιλοτιμίαν.
1026 5051 1136 5106 Καὶ
1155 5051 1242 5105 ἵνα
1268 5050 1445 5122 μάθῃς
1494 5049 1592 5104 καὶ
1620 5049 1721 5120 τῆς
1751 5048 2096 5121 ἀνθρωπίνης

427 5142 697 5205 εὐτελείας
727 5140 826 5211 τὴν
856 5138 1186 5213 ὑπερϐολὴν,
1211 5138 1305 5191 καὶ
1326 5136 1420 5198 τοῦ
1456 5135 1726 5190 Δεσπότου
1758 5151 1852 5188 σου
1870 5135 1970 5205 τήν
2002 5152 2094 5204 φι-

426 5228 699 5299 λοτιμίαν,
732 5226 926 5281 σκόπει
959 5241 1052 5297 μοι
1079 5224 1335 5280 ἐνταῦθα.
1361 5223 1478 5277 Κάν
1512 5223 1620 5293 7&9
1658 5220 2006 5292 βουληθῶμέν
2040 5238 2093 5275 τι

428 5315 777 5382 εἰσενεγκεῖν,
794 5312 848 5366 τί
877 5310 1131 5366 τοσοῦτον
1155 5308 1516 5380 δυνησόμεθα,
1540 5308 1575 5379 ἡ
1595 5308 1718 5361 ὅσον
1750 5306 1848 5378 τήν
1867 5307 1956 5361 διὰ
1986 5308 2096 5361 τῶν

426 5402 600 5470 λόγων
630 5397 978 5471 εὐχαριστίαν
999 5395 1369 5463 ἐπιδείξασθαι
1395 5411 1412 5460 ;
1442 5394 1524 5448 Τά
1549 5393 1649 5464 μέν
1671 5410 1753 5446 τοι
1774 5394 1904 5465 παρ’
1932 5393 2095 5447 αὐτοῦ

428 5487 520 5543 διὰ
552 5487 659 5542 τῶν
686 5486 865 5558 ἔργων
901 5485 983 5551 εἱς
1014 5486 1161 5557 ἡμᾶς
1188 5480 1576 5554 ἐκπληροῦται.
1608 5478 1718 5535 Ποῦ
1765 5475 1859 5536 οὖν
1886 5480 1953 5535 ἂν
1985 5480 2097 5535 ῐσον

497 5680 523 5709 ⁸
549 5674 688 5733 Iulli
713 5692 826 5729 mss.
847 5680 974 5728 οὕτω
990 5674 1243 5729 παιδεῦσαι
1263 5672 1571 5738 δυνησόμεθα.

1147 293 1204 348 S.
1247 291 1528 350 JOANNIS
1563 292 2049 351 CIIRYSOSTOMI
2099 293 2419 351 ARCHIEP.
2461 286 3004 351 CONSTA‘NTINOP.

3718 277 3849 335 238

2161 413 2369 482 γένοιτο
2389 413 2527 485 ἔργα
2562 410 2656 465 καὶ
2684 408 2863 477 λόγοι;
2906 401 3182 475 Ἀνενδεὴς
3210 399 3319 485 γὰρ
3353 399 3429 455 ὢν
3446 398 3598 485 [255]
3812 395 3852 449 ὅ

2163 481 2704 565 Δεσπότης,έούδενδς
2717 491 2888 544 δεῖται
2911 487 3019 541 τῶν
3045 486 3173 557 παρ’
3195 482 3375 565 ἡμῶν,
3398 484 3459 565 εἰ
3491 482 3566 553 μὴ
3592 481 3699 565 τῶν
3736 484 3849 552 ρη-

2167 578 2355 646 μάτων
2391 563 2571 645 μόνον·
2612 573 2707 627 καὶ
2735 571 2903 642 αὐτὴν
2933 568 2991 623 δὲ
3017 566 3116 639 τήν
3143 564 3233 620 διά
3255 566 3363 619 τῶν
3396 564 3571 635 λόγων
3598 563 3851 646 ,εὐχαρι-

2166 643 2320 711 στίαν
2347 643 2601 718 ἀπαιτεῖ,
2629 655 2728 724 οὐχ
2759 653 2835 717 ώς
2857 650 3064 721 ταύτης
3120 647 3337 721 χρῄζων
3366 646 3549 708 αὐτὸς,
3582 644 3698 698 ἀλλ’
3750 643 3849 724 ἶνα

2165 742 2313 812 ἡμᾶς
2349 737 2614 810 παιδεύσῃ
2640 723 2988 806 εὐγνώμονας
3015 728 3173 798 εἶναι,
3206 731 3323 813 καὶζ
3334 727 3719 813 ἐπιγινώσκειν
3747 723 3852 778 νῦν

2165 809 2274 877 τῶν
2319 820 2541 890 ἀγαθῶν
2577 809 2831 890 χορηγόν.
2884 815 2983 869 Διά
3021 814 3178 868 τοῦτο
3222 809 3321 867 καῖ
3359 810 3571 874 Παῦλος
3605 809 3852 890 γράφων

2166 889 2380 973 ἔλεγεν,
2401 889 2760 970 Εὑχάριάτοι
2789 899 3043 969 γίνεσθε.
3065 895 3230 950 Οὐδὲν
3258 893 3367 966 γὰρ
3392 892 3565 956 οὕτως
3586 889 3852 961 ἐπιζητεῖ

2168 985 2295 1056 παρ’
2321 983 2478 1055 ήμῶν
2507 984 2536 1036 6
2577 982 2871 1052 Δεσπότης,
2927 979 3004 1043 ὡς
3054 978 3214 1032 τοῦτο
3246 976 3309 1029 τὸ
3351 974 3699 1046 κατόρθωμα.
3748 973 3851 1056 Mf);

2167 1055 2343 1122 τοίνυν
2381 1064 2693 1137 ἀγνώμονες
2723 1062 3019 1134 γινώμεθα.
3059 1060 3192 1132 μηδὲ
3217 1059 3285 1112 δι’
3319 1057 3495 1128 ἔργων
3519 1055 3857 1126 εὐεργετού-

2172 1167 2322 1220 μενοι
2354 1149 2531 1212 αὐτοὶ,
2569 1147 2817 1218 όκνῶμεν
2857 1144 2955 1216 τὴν
3003 1143 3091 1197 διά
3133 1141 3241 1195 τῶν
3268 1140 3442 1208 λόγων
3486 1137 3856 1220 εὐχαριστίαν

2171 1219 2460 1301 ἀναφέρειν
2509 1227 2587 1300 τῷ
2619 1227 2883 1300 Δεσπότῃ·
2938 1223 3101 1278 πάλιν
3132 1222 3240 1295 7&9
3276 1223 3357 1286 είς
3386 1222 3534 1291 ἡμᾶς
3562 1220 3624 1274 τὸ
3648 1219 3855 1287 κέρδος

2172 1311 2538 1385 περιίσταται.
2601 1309 2726 1363 Ἐὰν
2760 1310 2870 1381 7&9
2902 1307 2995 1361 ἐπὶ
3041 1308 3153 1369 τοῖς
3206 1305 3474 1374 φθάσασιν
3524 1301 3855 1373 εὐχάριστοι

2173 1396 2469 1468 γινώμεθα,
2497 1395 2740 1467 καὶπρὸς
2759 1395 2821 1448 τὺ
2839 1394 2949 1448 τῶν
2975 1391 3236 1464 μειζόνων
3263 1392 3445 1461 τυχεῖν
3471 1390 3685 1450 ἑαυτοῖς
3712 1385 3858 1441 πολ-

2171 1484 2270 1554 λὴν
2293 1482 2785 1555 προευτρεπίζομεν
2804 1481 2902 1551 τὴν
2924 1477 3255 1550 παρρησίαν.
3282 1475 3475 1538 Μόνον,
3511 1472 3853 1540 παρακαλῶ,

2173 1571 2293 1625 καθ’
2326 1571 2562 1641 ἑκάστην
2610 1570 2826 1642 ἡμέραν
2858 1567 2949 1621 καὶ
2975 1566 3143 1639 ὥραν,
3183 1566 3230 1617 εί
3262 1557 3372 1616 οἷόν
3399 1580 3481 1623 τε,
3512 1558 3857 1628 ἀναλογιζώ-

2179 1656 2316 1728 μεθα
2351 1657 2473 1710 καθ’
2498 1657 2724 1719 ἑαυτοὺς
2754 1654 2829 1725 μὴ
2856 1653 2956 1716 τάς
2980 1651 3164 1715 κοινὰς
3218 1650 3377 1722 μόνον
3409 1647 3753 1718 εὐεργεσίας,
3781 1645 3857 1708 ἀς

2176 1745 2324 1814 πάσῃ
2348 1745 2415 1813 τῇ
2443 1741 2600 1811 φύσει
2632 1743 2660 1795 6
2683 1741 2793 1794 τῶν
2822 1740 2956 1793 ὅλων
2986 1737 3309 1810 δημιουργὸς
3340 1736 3679 1807 κεχάρισται,
3704 1732 3854 1788 ἀλλὰ

2176 1830 2271 1885 καὶ
2295 1829 2391 1892 τὰς
2414 1828 2520 1899 ίδίᾳ
2552 1828 2645 1882 καὶ
2670 1826 2791 1882 καθ’
2809 1826 3037 1880 ἕκαστον
3064 1826 3195 1894 ἡμῖν
3221 1820 3620 1893 παρεχομένας.

2247 1934 2359 1986 Kal
2381 1931 2433 1985 τί
2456 1931 2599 1999 λέγω
2622 1929 2720 1993 τάς
2747 1928 2851 1999 ίδίᾳ
2882 1928 2974 1981 καὶ
3002 1926 3121 1980 καθ’
3152 1925 3380 1978 ἕκαστον
3425 1920 3846 1994 παρεχομένσςς

2178 2022 2288 2076 Kal
2315 2020 2454 2091 ὑπὲρ
2473 2011 2547 2071 ὦν
2577 2015 2895 2086 ἀγνοοῦντες
2934 2010 3383 2084 εὐεργετούμεθα,
3418 2009 3514 2063 καλ⁵
3547 2009 3687 2080 ὑπὲρ
3715 2009 3851 2063 τού-

2178 2126 2285 2164 των
2310 2104 2740 2178 εὐχαριστῶμεν.
2786 2100 3004 2171 Ἐπειδὴ
3053 2099 3163 2170 γάρ
3193 2100 3408 2169 κήδεται
3439 2096 3537 2166 τῆς
3568 2096 3854 2167 ἡμετέρας

2181 2195 2471 2266 σωτηρίας,
2530 2190 2699 2245 πολλά
2726 2189 2819 2243 καὶ
2852 2186 2926 2259 μὴ
2972 2186 3176 2250 εἰδότας
3203 2187 3352 2256 ἡμᾶς
3396 2184 3694 2255 εὐεργετεῖ,
3755 2186 3853 2237 καὶ

2180 2281 2437 2343 πολλάκις
2464 2277 2555 2334 καὶ
2579 2274 2836 2331 κινδύνων
2860 2273 3176 2345 ἐξαρπάζει,
3200 2273 3293 2325 καὶ
3318 2270 3507 2341 ἐτέρας
3527 2270 3853 2340 εὐεργεσίας

2181 2372 2260 2431 είς
2289 2369 2434 2439 ἡμᾶς
2456 2363 2821 2420 κατατίθεται.
2845 2361 3001 2433 Πηγὴ
3018 2360 3126 2432 γάρ
3150 2361 3266 2412 ἐστι
3298 2358 3487 2428 φιλανθ
3496 2357 3729 2426 ρωπίας.
3755 2357 3854 2410 καὶ

2180 2455 2431 2510 οὐδέποτε
2460 2451 2693 2507 παύεται
2728 2450 2798 2504 τά
2824 2448 3033 2503 ἐκεῖθεν
3059 2446 3276 2517 νάματα
3311 2447 3377 2515 τῇ
3406 2443 3515 2497 τῶν
3546 2442 3855 2514 ἀνθρώπων

2184 2542 2342 2613 φύσει
2376 2539 2704 2612 προχέουσα.
2743 2540 2840 2590 Ἂν
2889 2534 3071 2588 τοίνυν
3116 2532 3286 2586 ταῦτα
3343 2528 3704 2599 λογιζώμεθα,
3757 2528 3857 2583 καὶ

2186 2626 2573 2698 σπουδάζωμεν
2596 2624 2693 2679 καὶ
2725 2622 2866 2694 ὑπὲρ
2885 2621 2993 2675 τῶν
3027 2619 3348 2688 φθασάντων
3375 2616 3476 2679 τὰς
3501 2615 3858 2686 εὐχαριστίας

2183 2716 2475 2786 ἀναφέρειν
2526 2712 2605 2784 τῷ
2629 2711 2893 2782 Δεσπότῃ,
2941 2708 3037 2762 καὶ
3063 2706 3204 2778 ὐπέρ
3239 2705 3348 2759 τῶν
3402 2704 3528 2774 ἔξῆς
3576 2702 3858 2768 τοιούτους

2184 2803 2408 2866 ἑαυτοὺς
2437 2798 2890 2863 κατασκευάζειν,
2922 2794 3063 2849 ὥστε
3092 2793 3167 2864 μὴ
3210 2792 3460 2857 ἀναξίους
3483 2790 3713 2861 φανῆναι
3743 2791 3858 2844 τῶν

2185 2889 2317 2959 παρ’
2344 2885 2507 2942 αὐτοῦ
2537 2882 2885 2956 εὐεργεσιῶν,
2915 2878 3254 2952 δυνησόμεθα
3299 2877 3394 2931 καὶ
3424 2875 3698 2930 πολιτείαν
3725 2874 3860 2947 ἀρί-

2190 2992 2323 3045 στην
2361 2971 2751 3037 ἐπιδείξασθαι,
2800 2969 2896 3022 καὶ
2928 2967 3027 3037 τῆς
3059 2965 3258 3028 κακίας
3286 2963 3383 3034 τήν
3430 2964 3624 3034 πεῖραν
3661 2962 3860 3031 διαφυυ·

2189 3065 2327 3132 γεῖν.
2365 3061 2432 3114 Ἦ
2475 3058 2587 3129 γὰρ
2622 3056 2810 3128 μνήμη
2843 3052 2950 3107 τῶν
2977 3050 3301 3123 εὐεργεσιῶν
3333 3049 3491 3120 ἱκανή
3535 3049 3862 3112 διδάσκαλος

2189 3151 2319 3220 ἡμῖν
2350 3147 2500 3200 ἔσται
2526 3143 2627 3212 τῆς
2654 3144 2772 3196 κατ’
2802 3139 3001 3212 ἀρετὴν
3024 3137 3317 3202 πολιτείας,
3344 3136 3444 3192 οὐκ
3467 3135 3693 3206 ἀφιεῖσά
3722 3152 3860 3190 ποτε

2189 3237 2270 3299 είς
2292 3232 2563 3306 ρᾳθυμίαν
2609 3229 2946 3300 ἐμπεσόντας
2971 3226 3063 3279 καὶ
3094 3225 3283 3297 λήθην,
3319 3222 3458 3294 πρὸς
3506 3222 3605 3293 τήν
3656 3223 3860 3278 κακίαν

2190 3318 2574 3391 αὐτομολῆσαι.
2608 3317 2674 3369 Ἢ
2698 3314 2809 3385 γὰρ
2840 3314 3084 3384 νήφουσα
3115 3312 3209 3365 καὶ
3256 3312 3590 3381 ἐγρηγορυῖα
3612 3308 3762 3380 ψυχὴ
3795 3310 3860 3363 οὐ

2190 3410 2310 3463 τότε
2342 3407 2500 3479 μόνον
2527 3403 2743 3457 ἐπειδὰν
2794 3401 2936 3455 κατά
2968 3399 3095 3471 ῥοῦν
3145 3398 3378 3470 φέρηται
3409 3397 3480 3451 τὰ
3528 3396 3859 3468 πράγματα,

2192 3491 2608 3566 εὐγνωμοσύνην
2631 3488 3010 3549 ἐπιδείκνυται,
3041 3484 3177 3539 ἀλλά
3206 3483 3308 3537 κᾶν
3335 3483 3555 3538 ἐναντία
3596 3500 3681 3566 τις
3713 3500 3862 3566 1:91:-

2192 3565 2415 3650 γμάτων
2461 3575 2781 3648 περίστασις
2814 3569 3288 3641 παρακολουθήσῃ.
3322 3566 3418 3619 καὶ
3436 3565 3557 3619 τότε
3585 3565 3687 3636 τὴν
3738 3565 3862 3636 ἴσην

2193 3664 2542 3739 εὐχαριστίαν
2579 3660 2863 3732 ἀναφέρει,
2896 3657 3049 3710 οὐδὲν
3099 3654 3209 3708 ἀπὸ
3237 3655 3336 3723 τῆς
3366 3653 3479 3706 τῶν
3519 3652 3864 3739 πραγμάτων

2197 3738 2495 3824 μεταϐολῆς
2521 3747 2877 3821 χαυνουμένη,
2910 3742 3045 3798 ἀλλά
3075 3741 3245 3813 ταύτῃ
3278 3740 3475 3811 μᾶλλον
3502 3738 3863 3810 νευρουμένη,

2194 3841 2289 3894 καὶ
2310 3839 2411 3910 τὴν
2438 3838 2641 3907 ἄφατον
2669 3833 2762 3888 τοῦ
2793 3829 2927 3891 Θεοῦ
2951 3828 3273 3901 κηδεμονίαν
3295 3826 3641 3897 λογιζομένη,
3669 3827 3766 3880 καὶ
3787 3827 3864 3889 c'o;

2195 3925 2425 3995 εὔπορος
2454 3922 2529 3976 ὢν
2579 3920 2676 3975 καί
2731 3919 3037 3989 εὐμήχανος
3085 3916 3307 3969 δύναται
3347 3915 3440 3967 καὶ
3492 3912 3559 3966 δι’
3604 3912 3865 3966 ἐναντίων

2198 4010 2574 4084 πραγμάτων,
2633 4008 2683 4060 εί
2713 4007 2805 4060 καὶ
2837 4007 2997 4077 ἡμεῖς
3035 4004 3135 4074 τὴν
3183 4002 3388 4075 ἀκριϐῆ
3439 4000 3741 4070 κατάληψιν
3789 4000 3865 4070 μή

2199 4097 2471 4169 ἰσχύωμεν
2502 4094 2752 4156 συνιδεῖν,
2774 4092 2871 4162 τὴν
2895 4090 3088 4144 ἐαυτοῦ
3112 4088 3437 4161 κηδεμονίαν
3466 4086 3865 4152 ἐπιδείξασθαι.

2269 4191 2341 4249 ς’.
2379 4182 2535 4237 υῦτω
2574 4179 2754 4235 τοίνυν
2786 4180 3002 4234 ἅπαντα
3036 4177 3108 4231 τά
3137 4176 3259 4231 καθ’
3298 4176 3445 4247 ἡμᾶς
3475 4172 3867 4245 παραχωροῦν-

2194 4288 2306 4336 τες,
2323 4271 2470 4335 ὂπως
2485 4268 2550 4324 ἂν
2565 4268 2796 4339 φέρηται
2821 4265 2888 4319 τά
2916 4265 3234 4337 πράγματα,
3256 4263 3416 4334 ἡμεῖς
3442 4260 3500 4314 ἓν
3521 4261 3681 4331 μόνον
3704 4259 3868 4331 ἔργον

2198 4356 2431 4428 ἔχωμεν,
2458 4355 2518 4409 τὸ
2543 4352 2806 4425 διηνεκῶς
2838 4350 2987 4421 αὐτῷ
3034 4350 3374 4420 εὐχαριστεῖν
3417 4346 3556 4418 ὑπὲρ
3584 4345 3867 4399 ἁπάντων.

2198 4447 2296 4500 Διὰ
2320 4444 2429 4516 7&9
2461 4442 2619 4497 τοῦτο
2645 4438 2851 4509 λογικοί
2876 4454 3020 4501 τινες
3059 4437 3385 4506 γεγόναμεν,
3416 4434 3511 4487 καλ⁵
3533 4432 3706 4503 ταύτῃ
3751 4430 3870 4485 τῶν

2197 4534 2406 4603 ἀλόγων
2433 4531 2813 4601 διεστήκαμεν,
2854 4527 2942 4581 ἵνα
2970 4526 3068 4590 τάς
3090 4524 3361 4595 εὐφημίας
3386 4522 3481 4576 καὶ
3509 4521 3633 4585 τοῦς
3659 4519 3870 4588 ῦμνους

2199 4621 2293 4677 καὶ
2313 4619 2583 4689 διηνεκεῖς
2608 4613 2916 4683 δοξολογίας
2967 4612 3327 4684 ἀναφέρωμεν
3376 4609 3452 4680 τῷ
3482 4608 3591 4661 τῶν
3612 4607 3749 4660 ὅλων
3774 4606 3871 4677 δη-

2203 4703 2469 4778 μιουργῷ.
2497 4701 2595 4756 Διά
2616 4701 2774 4755 τοῦτο
2796 4701 2891 4755 καὶ
2911 4700 3088 4771 ψυχὴν
3114 4700 3246 4770 ἡμῖν
3264 4694 3678 4759 ἐνέπνευσε,καὶ
3695 4693 3871 4761 γλῶσ-

2203 4777 2299 4848 σαν
2325 4790 2634 4862 ἐχαρίσατο,
2676 4789 2764 4842 ίνα
2780 4786 2891 4842 τῶν
2914 4786 3045 4859 παρ’
3070 4784 3232 4839 αὐτοῦ
3271 4786 3350 4846 είς
3370 4783 3516 4855 ἡμᾶς
3537 4777 3872 4852 εὐεργεσιῶν

2199 4881 2279 4943 είς
2305 4878 2557 4949 αίσθησιν
2584 4876 2884 4947 ἐρχόμενοι,
2923 4874 3017 4928 καὶ
3046 4872 3145 4941 τὴν
3167 4869 3482 4924 δεσποτείαν
3501 4866 3872 4934 ἐπιγινώσκω-

2205 4983 2324 5037 μεν,
2343 4967 2438 5021 καὶ
2454 4965 2554 5035 τὴν
2581 4959 2999 5034 εὐγνωμοσύνην
3027 4955 3177 5030 [254]
3201 4953 3618 5026 ὲπιδειξώμεθα,
3656 4951 3753 5006 καὶ
3770 4950 3873 5037 τήν

2203 5036 2344 5108 κατά
2378 5051 2605 5123 δύναμιν
2632 5048 2980 5122 εὐχαριστίαν
3004 5045 3362 5115 ἀναφέρωμεν
3389 5041 3467 5111 τῷ
3494 5038 3760 5108 Δεσπότῃ.
3806 5036 3874 5090 ΕΙ

2202 5142 2311 5213 7&9
2358 5139 2632 5210 ἄνθρωποι
2690 5139 2739 5190 οί
2764 5136 2864 5205 τῆς
2890 5133 3060 5204 αὐτῆς
3089 5133 3220 5204 ἡμῖν
3239 5130 3451 5200 φύσεως
3463 5123 3874 5213 κοινωνοῦντες,

2208 5228 2410 5300 μικράν
2437 5242 2557 5279 τινα
2588 5223 2845 5285 πολλάκις
2885 5219 2981 5275 καὶ
3007 5217 3197 5289 εὐτελῆ
3225 5216 3325 5300 μείς
3352 5216 3498 5286 ἡμᾶς
3524 5212 3876 5300 εὐεργεσίαν

2204 5296 2579 5383 καταθέμενοι.
2605 5307 2894 5363 ἀπαιτοῦσι
2922 5304 3021 5375 τὴν
3052 5304 3192 5375 ὑπὲρ
3215 5296 3291 5357 ῶν
3337 5296 3875 5383 πεττόνθαμενεύχα-

2207 5380 2450 5474 ριστίαν,
2482 5397 2543 5452 οὐ
2571 5395 2660 5450 διὰ
2699 5393 2798 5465 τὴν
2825 5391 3100 5464 ἡμετέραν
3129 5380 3738 5474 εὐγνωμοσύνην,“ἀλλ⁹

2204 5466 2301 5542 καὶ
2323 5485 2476 5540 αὐτοὶ
2499 5481 2746 5537 ἐντεῦθεν
2775 5477 3140 5551 λαμπρότεροι
3168 5474 3482 5545 φαίνωνται·
3512 5467 3691 5539 πολλῷ
3725 5466 3875 5538 μᾶλ-

2203 5574 2295 5629 λον
2323 5573 2415 5628 ἐπὶ
2438 5570 2534 5625 τοῦ
2561 5566 2941 5641 φιλανθρώπου
2960 5562 3095 5619 Θεοῦ
3133 5562 3292 5616 τοῦτο
3329 5559 3501 5614 πλείω
3526 5557 3696 5610 ποιεῖν
3716 5556 3751 5624 ἡ
3759 5554 3875 5625 μᾶς

2205 5660 2335 5733 χρὴ,
2365 5658 2459 5713 τοῦ
2483 5640 2689 5727 διάίτὴν
2713 5653 2989 5725 ἡμετέραν
3027 5650 3292 5719 ὠφέλειαν
3332 5648 3492 5720 μόνον
3543 5643 3699 5699 τοῦτο
3719 5640 3874 5710 γίνε-
