4116 6196
359 320 467 380 9.37

336 453 565 496 vestram
614 439 917 508 caritatem,
977 449 1032 496 ιιι
1081 441 1331 496 continuo
1380 441 1589 494 heatmn
1638 440 1798 493 istttm
1850 437 1906 490 in

341 533 597 586 memoria
648 541 825 585 vestra
869 532 1102 600 geratis,
1154 539 1207 585 et
1249 531 1404 584 illius
1442 529 1651 583 virtutis
1685 527 1916 596 pulchri-

337 623 572 676 tudinem
618 621 755 676 bene
803 622 1054 684 discatis,
1091 635 1198 690 quo
1233 635 1356 674 eum
1400 619 1697 673 imitemini.
1726 618 1912 672 Anim-

336 712 552 767 adverte
592 713 732 767 enim
755 753 772 778 ,
808 713 1066 775 obsecro,
1101 719 1335 780 quantus
1367 710 1577 763 virtutis
1629 705 1768 761 illius
1799 707 1914 760 the-

334 818 542 868 saurus,
593 805 715 873 quia
753 818 874 859 cum
930 818 1025 872 per
1076 809 1149 855 tot
1194 801 1308 855 dies
1350 800 1420 854 de
1457 799 1548 853 illo
1599 797 1914 852 disserueri-

335 905 474 956 mus,
521 892 750 946 nonduin
795 891 954 946 ﬁnem
1003 891 1285 959 imponere
1323 887 1614 942 narrationi
1643 886 1912 954 potuimus

333 997 517 1036 eorum
547 997 663 1051 qua:
704 982 768 1035 ad
817 982 962 1035 illum
991 981 1236 1034 attinent.
1267 979 1402 1045 Quid
1444 979 1564 1032 dico
1601 976 1760 1030 ﬁnem
1808 975 1911 1028 im-

336 1069 580 1139 ponere?
620 1080 1042 1141 quantacumque
1086 1069 1410 1131 dixerimus,
1461 1081 1565 1119 non
1623 1063 1913 1132 paterimus

333 1159 398 1212 ad
419 1161 627 1213 culmen
648 1161 948 1228 pertingere
980 1177 993 1212 :
1023 1158 1117 1213 sed
1147 1157 1387 1226 quamvis
1408 1164 1460 1210 et
1489 1168 1586 1208 nos
1612 1163 1668 1208 et
1689 1152 1908 1222 posteri,

335 1251 500 1304 multa
529 1250 596 1304 de
624 1251 714 1304 illo
743 1250 920 1304 dicere
949 1250 1240 1312 valeamus,
1296 1262 1399 1300 non
1448 1255 1620 1298 tamen
1659 1243 1724 1296 ad
1755 1241 1912 1295 ﬁnem

336 1341 617 1409 pervenire
645 1341 936 1408 poterimus
969 1357 980 1392 :
1015 1347 1156 1393 tanta
1198 1353 1285 1392 res
1328 1345 1410 1391 est
1457 1336 1642 1388 virtus.
1691 1332 1744 1388 Si
1773 1333 1911 1387 enim

337 1431 659 1484 voluerimus
681 1470 697 1492 ,
753 1430 943 1498 poterit
971 1429 1053 1482 hic
1079 1429 1378 1482 universam
1407 1434 1638 1478 nostram
1675 1433 1911 1476 naturam

337 1519 613 1572 instituere
642 1519 682 1581 ¹.
709 1525 763 1572 et
787 1517 853 1571 ad
880 1516 1087 1571 virtutis
1114 1515 1459 1570 imitationem
1486 1511 1752 1566 inducere.
1783 1509 1912 1564 Nam

336 1609 378 1660 si
405 1607 495 1661 ille
521 1609 658 1661 inter
686 1617 764 1660 tot
794 1607 1066 1676 improbos
1103 1617 1322 1659 versans
1343 1643 1360 1668 ,
1389 1616 1559 1670 neque
1593 1600 1794 1654 habens
1833 1598 1914 1652 fa-

339 1699 603 1753 miliarem
631 1696 883 1769 aliquem,
933 1698 986 1751 in
1013 1705 1218 1752 tantum
1245 1694 1457 1749 virtutis
1485 1691 1746 1761 fastigium
1792 1705 1914 1760 per-

338 1795 546 1848 venisse
575 1793 818 1846 inventus
843 1800 924 1845 est
955 1807 969 1842 :
1001 1805 1119 1859 qua:
1145 1797 1329 1842 nostra
1353 1786 1456 1841 erit
1481 1785 1772 1845 excusatio,
1794 1796 1914 1835 cum

340 1897 439 1936 nec
463 1881 585 1936 talia
613 1883 766 1936 nobis
791 1881 898 1934 sint
925 1877 1323 1948 impedimenta,
1351 1883 1405 1930 et
1432 1882 1607 1928 tamen
1643 1871 1915 1948 negligen-

341 1983 424 2027 tes
461 1974 627 2027 Sill‘llls
682 1975 748 2027 ad
800 1972 935 2025 bona
991 1969 1192 2038 opera?
1226 1967 1361 2023 Nolo
1412 1965 1554 2020 enim
1599 1962 1742 2017 dicas
1788 1959 1918 2015 mihi

341 2064 508 2116 solam
538 2063 1128 2132 illam-quingentorum
1167 2072 1426 2112 annorum
1470 2055 1654 2117 vitam,
1705 2051 1918 2123 quando

342 2153 765 2206 subsannabatur
833 2161 888 2206 et
952 2150 1301 2216 irridebatur,
1383 2147 1795 2215 versabaturque
1861 2145 1916 2198 in

343 2242 522 2297 medio
569 2243 946 2312 ﬂagitiosorum
995 2258 1009 2296 :
1055 2239 1151 2294 sed
1201 2247 1256 2293 et
1293 2252 1486 2290 annum
1539 2235 1707 2299 illum,
1759 2249 1917 2302 quem

353 2343 518 2387 totum
567 2333 618 2386 in
670 2346 791 2386 arca
836 2329 1108 2400 transegit,
1151 2328 1237 2397 qui
1266 2341 1393 2380 sane
1416 2322 1768 2379 conferendus
1792 2321 1916 2376 mihi

347 2425 558 2479 videtur
606 2423 700 2478 toti
749 2421 974 2491 tempori
1015 2417 1272 2489 superiori
1303 2433 1320 2470 :
1351 2424 1549 2470 tantam
1585 2413 1655 2468 ibi
1683 2410 1921 2466 afﬂictio-

343 2531 464 2570 nem
517 2515 654 2570 ferre
694 2515 982 2583 cogebatur
1013 2512 1188 2579 justus
1233 2508 1350 2573 ille,
1398 2508 1450 2560 in
1492 2504 1654 2558 tantis
1700 2517 1920 2557 versans

342 2605 619 2675 angustiis,
671 2618 841 2672 neque
880 2602 1139 2670 respirare
1166 2599 1369 2660 valens,
1399 2605 1453 2650 et
1482 2596 1708 2648 ferarmn
1740 2593 1919 2646 bruto-

344 2709 568 2763 rumque
594 2694 889 2747 convictum
922 2691 1099 2744 ferens
1129 2707 1142 2742 :
1169 2689 1258 2757 qui
1278 2695 1332 2741 et
1352 2687 1404 2739 in
1429 2683 1674 2738 omnibus
1688 2689 1919 2736 mentem

344 2799 495 2837 suam
541 2782 762 2836 solidam
806 2779 1128 2842 declarabat,
1176 2785 1231 2830 et
1260 2774 1595 2828 voluntatem
1641 2769 1779 2824 ﬁecti
1825 2783 1920 2822 ne-

343 2877 531 2939 sciam,
585 2883 640 2928 et
681 2873 836 2927 ﬁdem
888 2885 1012 2940 erga
1043 2870 1227 2931 Deum,
1258 2881 1352 2935 per
1376 2879 1534 2935 quam
1566 2861 1717 2916 facile
1755 2871 1802 2914 et
1837 2859 1914 2913 le-

343 2967 480 3018 viter
520 2963 696 3018 omnia
734 2962 1046 3016 sustinebat.
1083 2961 1254 3028 Atque
1283 2955 1501 3020 idcirco,
1532 2943 1778 3023 quoniam
1805 2965 1923 3020 qua:

342 3068 438 3106 sua
466 3061 617 3107 erant
643 3051 818 3106 omnia
845 3050 1121 3113 afferebat,
1167 3061 1354 3102 eorum
1396 3044 1554 3099 etiam
1594 3057 1712 3112 qua:
1757 3056 1786 3094 a
1817 3042 1922 3094 Deo

346 3151 518 3207 erant,
542 3141 754 3196 abunde
780 3143 976 3210 potitus
994 3149 1095 3194 est.
1117 3137 1368 3204 Quamvis
1394 3134 1537 3188 enim
1567 3132 1784 3186 multam
1815 3129 1923 3184 fer-

333 3243 428 3289 ret
459 3235 508 3287 in
534 3249 654 3288 arca
685 3233 999 3302 angustiam,
1044 3239 1275 3283 attamen
1307 3225 1597 3280 terribilem
1639 3211 1922 3288 tem'pesta-

345 3338 450 3380 tum
478 3336 530 3381 et
560 3339 896 3380 communem
923 3323 1156 3376 ouinium
1185 3317 1601 3372 internecionem
1619 3312 1920 3381 cﬂ'ugiebat.

345 3416 413 3470 Et
459 3425 736 3486 propterea
779 3422 898 3482 post
933 3411 1228 3480 angustiam
1277 3407 1421 3460 illam
1461 3414 1516 3460 et
1542 3402 1924 3457 intolerabilem

344 3521 635 3569 carcerem,
681 3503 1016 3558 securitatem
1063 3510 1116 3554 et
1158 3499 1390 3567 quietem
1442 3495 1664 3561 adeptus
1701 3502 1780 3546 est
1821 3507 1924 3545 una

345 3614 467 3652 cum
497 3597 672 3650 divina
699 3593 1104 3656 benedictione;
1139 3591 1436 3656 iterumque
1467 3596 1674 3654 gratum
1694 3583 1924 3637 animum

347 3687 598 3754 operibus
636 3685 905 3748 indicavit,
948 3692 1004 3737 ct
1049 3683 1246 3749 ubique
1300 3679 1537 3732 invenies
1579 3675 1721 3728 illum
1760 3674 1925 3743 prima

348 3781 656 3835 contulisse.
698 3777 828 3832 Nam
877 3775 1014 3830 sicut
1058 3774 1109 3827 in
1150 3773 1316 3842 prima
1344 3780 1498 3823 :etate
1527 3782 1738 3820 omnem
1765 3767 1928 3819 virtu-

349 3882 457 3924 tem
486 3879 714 3923 sectatus
743 3875 844 3929 est,
889 3875 937 3919 et
970 3879 999 3917 a
1027 3864 1168 3917 vitiis
1206 3877 1263 3915 se
1292 3859 1559 3920 alienavit,
1605 3856 1794 3925 quibus
1831 3857 1918 3924 qui

350 3972 478 4016 time
523 3960 783 4021 vivebant,
836 3953 1013 4010 infecti
1042 3962 1193 4009 erant
1225 3968 1240 4006 :
1274 3949 1413 4004 unde
1451 3962 1623 4016 neque
1652 3961 1926 4015 pmnarum

352 4053 616 4122 particeps
663 4051 778 4114 fuit,
821 4057 874 4102 et
900 4062 1020 4102 cum
1067 4044 1156 4098 alii
1203 4055 1390 4095 omnes
1437 4040 1924 4106 submergerentur,

352 4146 466 4212 ipse
514 4143 656 4196 solus
701 4148 939 4194 servatus
982 4144 1104 4190 est:
1140 4136 1206 4187 ita
1240 4145 1422 4186 rursus
1447 4131 1568 4198 quia
1611 4127 1766 4180 ﬁdem
1797 4139 1928 4194 quo-

349 4249 455 4300 que
504 4232 714 4294 habuit,
761 4239 815 4283 et
854 4243 975 4281 cum
1001 4225 1284 4295 gratiarum
1315 4221 1523 4274 actione
1553 4231 1700 4270 suam
1727 4216 1780 4268 in
1806 4227 1927 4266 arca

353 4323 728 4378 habitationem
774 4319 923 4382 tulit,
967 4317 1154 4370 iterum
1195 4311 1370 4366 divina
1412 4309 1549 4363 dona
1596 4305 1810 4374 cepiose
1856 4304 1926 4357 illi

353 4429 604 4468 concessa
636 4420 795 4474 sunt,
836 4415 889 4460 et
925 4422 1044 4461 cum
1086 4417 1335 4474 egressus
1373 4416 1437 4454 ex
1465 4413 1607 4460 arca,
1652 4407 1705 4449 et
1735 4400 1785 4447 in
1823 4395 1928 4464 pri-

356 4505 545 4557 stinum
573 4511 765 4556 statum
793 4498 1063 4552 restitutus
1091 4503 1264 4556 esset,
1293 4491 1467 4544 statim
1496 4487 1916 4543 benedictionem

355 4600 707 4660 consequutus
737 4597 838 4652 est,
873 4596 927 4641 et
974 4587 1161 4638 iterum
1201 4582 1408 4636 solitam
1434 4593 1540 4648 pra:
1569 4593 1626 4632 se
1657 4577 1928 4646 tulitgrati

356 4682 514 4735 animi
535 4679 869 4752 probitatem,
897 4676 1193 4743 emissaque
1221 4673 1505 4740 gratiarum
1533 4668 1739 4722 actione
1767 4667 1927 4720 etiam

359 4783 482 4827 tunc
511 4771 797 4839 majoribus
827 4765 1096 4820 beneﬁciis
1121 4779 1148 4815 a
1194 4762 1304 4815 Deo
1342 4758 1636 4813 cumulatus
1674 4765 1774 4810 est.
1817 4754 1930 4809 Mos

359 4863 501 4917 enim
548 4862 636 4916 Dei
675 4870 778 4923 est,
822 4868 881 4912 ut
927 4858 970 4910 si
1002 4869 1098 4908 nos
1127 4853 1302 4907 tenuia
1328 4850 1568 4921 quaedam
1597 4858 1651 4902 et
1676 4847 1796 4900 vilia
1825 4845 1926 4899 ob-

359 4952 663 5012 tulerimus.
697 4950 790 5006 sed
833 4959 1008 5004 tamen
1034 4945 1401 5008 obtulerimus,
1430 4943 1592 4996 multa
1619 4939 1930 4994 liberalitate

358 5061 455 5098 nos
482 5050 803 5098 remuneret.
851 5041 914 5094 Et
939 5048 995 5092 ut
1024 5037 1198 5091 discas
1225 5043 1418 5105 quanta
1459 5033 1527 5085 sit
1579 5031 1805 5082 humana
1849 5037 1929 5080 te-

359 5136 552 5199 nuitas,
603 5142 798 5203 quanta
846 5131 935 5185 Dei
976 5125 1383 5198 magniﬁcentia,
1430 5122 1519 5175 hic
1556 5129 1785 5174 mentem
1833 5117 1930 5172 ad-

359 5227 504 5282 hibe.
557 5226 666 5280 Nos
691 5224 831 5279 enim
857 5223 900 5276 si
931 5220 1056 5290 quid
1082 5219 1404 5272 Voluerimus
1428 5211 1639 5276 offerre,
1665 5209 1790 5280 quid
1820 5225 1932 5263 am-

360 5319 498 5388 plius
523 5317 719 5371 offerre
750 5327 1051 5383 possumus,
1095 5324 1250 5380 quam
1289 5314 1542 5376 quantmn
1597 5302 1772 5358 verbis
1813 5317 1934 5371 gra-

359 5410 462 5462 tias
509 5404 829 5461 referimus?
859 5403 932 5457 Ea
969 5415 1099 5456 sane
1146 5414 1264 5467 qua:
1319 5397 1431 5465 ipse
1474 5391 1722 5455 exhibet,
1773 5405 1934 5460 opere

357 5499 514 5555 nobis
553 5503 790 5564 prestat.
832 5494 999 5562 Quam
1048 5489 1266 5560 imparia
1310 5494 1486 5540 autem
1524 5491 1647 5537 sunt
1688 5480 1846 5536 verba
1878 5487 1935 5534 et

425 5656 439 5685 ι
478 5653 601 5701 stulti
638 5657 764 5706 uss,
789 5645 980 5718 sicario:
1011 5643 1318 5718 potuerimus,
1363 5639 1622 5704 poterimus
1664 5633 1932 5686 urinam

360 5723 582 5766 naturam
604 5719 813 5763 nostram
845 5713 915 5760 sic
932 5713 1193 5757 instituere.

1354 316 1417 376 IN
1459 322 1604 376 CAP.
1649 319 1775 374 \‘lll.
1823 318 2065 376 GENES.
2109 321 2331 379 llOMlL.
2377 323 2561 381 XXVI.

3475 325 3586 389 933

2018 439 2218 508 Opera?
2256 450 2308 494 et
2340 442 2588 494 Dominus
2617 441 2873 496 nullarum
2898 448 3075 498 rerum
3107 444 3314 516 indigus
3335 455 3442 508 est,
3472 449 3586 499 nul—

2021 529 2172 598 laque
2222 546 2398 584 rerum
2439 542 2735 585 nostrarum
2783 542 2921 601 eget,
2974 543 3322 605 prmterquam
3364 535 3585 590 verbis:

2016 633 2172 689 atque
2200 620 2335 676 hanc
2355 622 2519 690 ipsam
2547 622 2720 676 verbis
2746 623 3000 690 prolatam
3026 625 3308 694 gratiarum
3327 626 3588 679 actionem

2017 709 2196 777 exigit,
2246 725 2350 763 non
2391 709 2530 778 quod
2585 725 2646 765 ea
2693 710 2806 779 ipse
2847 726 2981 780 opus
3024 711 3234 772 habeat.
3266 709 3360 767 sed
3392 722 3448 767 ut
3491 725 3590 768 nes

2017 798 2201 852 doceat
2240 811 2417 868 gratos
2459 815 2600 862 esse.
2641 811 2694 856 et
2723 816 3010 871 agnoscere
3037 811 3300 857 tantorum
3329 803 3591 857 bonorum

2015 891 2485 957 suppeditatorem.
2539 894 2600 947 Et
2651 893 2791 946 illam
2821 894 2889 946 ob
2915 905 3128 946 causam
3160 893 3352 948 Paulus
3379 908 3589 964 quoque

2021 982 2256 1036 seribens
2283 983 2489 1037 dicebat
2520 1007 2534 1037 .-
2564 984 2710 1038 Grati
2735 995 2888 1039 estote
2933 984 3152 1054 (Colon.
3188 986 3240 1040 5.
3272 984 3400 1053 15).
3444 983 3590 1039 Nihil

2015 1073 2157 1124 enim
2203 1075 2279 1126 sic
2306 1075 2522 1145 requirit
2557 1089 2585 1128 a
2623 1075 2775 1129 nobis
2816 1075 3085 1139 Dominus,
3127 1083 3185 1128 nt
3221 1073 3359 1128 istud
3397 1074 3591 1144 ipsum.

2019 1162 2245 1216 Proimle
2289 1179 2355 1218 ne
2400 1166 2567 1219 simus
2597 1165 2806 1234 ingrati,
2857 1180 3025 1233 neque
3049 1165 3173 1218 dmn
3205 1181 3262 1218 re
3289 1165 3399 1233 ipsa
3431 1163 3596 1218 bene-

2017 1251 2132 1305 ﬁcia
2180 1254 2512 1321 experimur,
2585 1270 2870 1324 graventur
2908 1254 3099 1309 oﬁ‘erre
3139 1253 3365 1308 Domino
3413 1250 3592 1308 verbis

2018 1343 2212 1396 nostris
2237 1345 2521 1412 gratiarum
2571 1346 2830 1400 actionem
2866 1363 2878 1397 :
2912 1346 3099 1398 iterum
3125 1343 3265 1398 enim
3291 1345 3495 1398 lucrum
3537 1344 3590 1396 in

2019 1446 2116 1484 nos
2144 1431 2416 1487 redundat.
2442 1432 2592 1501 Quod
2617 1435 2662 1487 si
2689 1434 2755 1486 dc
2779 1434 2959 1502 primis
2984 1433 3117 1503 grati
3145 1431 3421 1497 fuerimus,
3461 1445 3594 1500 prie-

2018 1529 2253 1590 terquam
2292 1522 2433 1591 quod
2474 1523 2673 1589 majora
2715 1522 3086 1587 nanciscimur,
3152 1521 3311 1574 etiam
3344 1521 3592 1575 ﬁduciam

2019 1610 2170 1664 nobis
2211 1625 2452 1680 magnam
2497 1626 2885 1680 comparamus.
2921 1611 3090 1666 Unum
3143 1611 3281 1676 hoc,
3334 1612 3590 1677 obsecro,

2018 1699 2237 1767 singulis
2277 1699 2462 1753 diebus
2493 1708 2549 1755 et
2576 1699 2741 1763 horis,
2796 1702 2839 1754 si
2877 1699 2987 1753 ﬁeri
3026 1708 3221 1768 potest,
3253 1711 3597 1769 suppulemus
3646 1753 3655 1760 _

2019 1788 2314 1850 nobiscum.
2365 1804 2471 1843 non
2513 1789 2810 1843 communia
2839 1797 3042 1843 tantum
3069 1789 3324 1844 beneﬁcia
3353 1805 3472 1858 qua:
3503 1789 3596 1842 toti

2019 1890 2220 1934 naturae
2265 1883 2498 1934 onmium
2535 1879 2719 1950 Opifex
2762 1881 3018 1948 contulit,
3061 1879 3156 1936 sed
3201 1888 3256 1935 et
3294 1869 3496 1950 privata
3543 1888 3595 1934 et

2019 1969 2342 2038 quotidiana.

2089 2057 2342 2126 Beneﬁcia
2384 2059 2516 2112 Dens
2555 2060 2695 2113 nobis
2722 2061 2936 2129 confert,
2965 2061 3112 2113 etiam
3140 2060 3340 2115 nesciis.
3365 2081 3438 2100 -ε-
3455 2057 3590 2125 Quid

2019 2150 2139 2204 dico
2185 2152 2382 2218 privata
2413 2159 2466 2204 et
2495 2151 2840 2220 quotidiana?
2872 2151 3041 2205 Etiam
3066 2166 3128 2204 ea
3152 2165 3271 2220 quae
3305 2150 3597 2220 ignoranti-

2022 2239 2118 2292 bus
2143 2239 2294 2292 nobis
2318 2238 2545 2304 confert,
2575 2255 2772 2309 proque
2809 2240 2890 2293 his
2916 2241 3112 2309 gratias
3154 2253 3391 2309 agamus.
3416 2239 3596 2305 Quano

2021 2327 2302 2397 doquidem
2331 2329 2471 2382 enim
2501 2343 2593 2397 pro
2621 2329 2789 2383 salute
2815 2339 2992 2383 nostra
3018 2328 3272 2382 sollicitus
3298 2336 3398 2392 est,
3432 2325 3594 2380 multa

2023 2421 2178 2473 etiam
2211 2420 2260 2472 in
2301 2434 2397 2473 nos
2428 2420 2633 2473 nescios
2679 2419 2932 2473 beneﬁcia
2968 2418 3204 2479 confert,
3249 2433 3391 2486 saepe
3434 2420 3594 2470 etiam

2023 2527 2052 2563 e
2084 2510 2329 2578 periculis
2356 2509 2532 2578 eripit,
2561 2519 2718 2578 atque
2755 2509 2852 2562 alia
2889 2509 3143 2564 beneﬁcia
3173 2517 3404 2577 pra-stat.
3455 2505 3598 2561 Fons

2023 2603 2162 2654 enim
2193 2611 2272 2654 est
2311 2600 2630 2666 clementiae,
2662 2615 2755 2654 sua
2787 2600 2978 2654 ﬂuenta
3005 2611 3214 2669 seraper
3237 2599 3474 2653 humano
3501 2612 3594 2668 ge-

2024 2693 2138 2747 neri
2180 2692 2522 2760 profundens.
2554 2693 2713 2761 igitur
2753 2693 2798 2746 si
2840 2691 2953 2746 haec
2994 2693 3305 2762 cogitemus,
3348 2705 3596 2759 operam-

2023 2800 2126 2854 qne
2153 2784 2338 2838 demus
2365 2793 2424 2837 ut
2452 2793 2507 2838 et
2536 2799 2629 2852 pro
2658 2783 2842 2853 primis
2892 2783 3001 2837 suis
3033 2783 3186 2837 donis
3221 2783 3416 2852 gratias
3456 2781 3559 2834 otfe

2026 2891 2202 2930 ramus
2253 2876 2494 2940 Domino,
2548 2884 2601 2928 et
2635 2889 2728 2942 pro
2759 2873 2944 2928 futuris
2971 2873 3048 2928 sic
3078 2888 3173 2926 nos
3203 2887 3558 2941 prmparemus
3580 2910 3596 2933 ,

2027 2976 2083 3019 ut
2111 2981 2215 3020 non
2244 2965 2513 3020 videamur
2554 2965 2750 3034 indigni
2776 2964 2890 3033 ejus
2914 2963 3200 3028 beneliciis,
3229 2965 3406 3018 Statim
3435 2963 3593 3017 vitam

2026 3056 2287 3126 egregiam
2321 3056 2630 3121 instituere,
2683 3063 2738 3110 et
2783 3055 2999 3109 malitia:
3041 3055 3328 3124 periculum
3365 3052 3600 3122 eﬁ‘ugerc

2029 3146 2336 3215 poterimus.
2373 3146 2747 3199 Beneﬁciorum
2778 3145 2919 3198 enim
2954 3144 3208 3198 memoria
3232 3143 3417 3198 idonea
3449 3142 3602 3197 nobis

2028 3248 2110 3291 est
2138 3238 2384 3307 magistra
2416 3237 2480 3289 ad
2507 3237 2667 3290 vitam
2715 3237 2906 3288 virtute
2942 3235 3237 3304 praeditam,
3290 3251 3394 3289 non
3420 3235 3602 3290 sinens

2026 3343 2126 3382 nos
2153 3328 2202 3381 in
2223 3339 2486 3397 torporem
2513 3328 2937 3394 oblivionemque
2958 3324 3210 3390 incidere,
3236 3334 3292 3380 et
3317 3325 3381 3379 ad
3403 3325 3599 3379 malum

2027 3419 2312 3475 declinare.
2359 3419 2504 3472 Mens
2530 3418 2671 3472 enim
2697 3416 2873 3469 sobria
2902 3423 2958 3469 et
2991 3416 3232 3483 vigilans,
3282 3429 3384 3467 non
3414 3413 3590 3466 solum

2027 3525 2146 3564 cum
2167 3509 2387 3564 feliciter
2412 3523 2497 3562 res
2531 3506 2841 3570 succedunt,
2871 3504 2964 3559 sed
2993 3506 3151 3558 etiam
3171 3503 3382 3572 quando
3406 3510 3598 3571 praeter

2028 3600 2340 3653 sententiam
2393 3607 2627 3651 nostram
2672 3595 2891 3648 adversa
2937 3593 3220 3653 eveniunt.
3273 3607 3378 3646 non
3425 3591 3600 3646 minus

2029 3690 2222 3759 gratias
2251 3689 2377 3758 agit,
2416 3687 2685 3755 nihiloque
2719 3699 2783 3738 ex
2817 3699 2991 3737 rermn
3023 3681 3384 3736 viciSsitudine
3408 3681 3597 3735 remis-

2029 3781 2138 3832 sior
2181 3779 2238 3832 ﬁt
2280 3795 2292 3830 :
2336 3777 2428 3831 sed
2475 3777 2640 3844 magis
2683 3773 2996 3837 roboratur,
3047 3781 3102 3826 et
3140 3769 3456 3825 ineﬁ‘abilcm
3499 3766 3597 3824 Del

2031 3869 2408 3938 providentiam
2430 3865 2746 3930 considerat,
2767 3864 2855 3934 qui
2885 3879 3004 3916 cum
3031 3863 3097 3916 sit
3121 3861 3267 3916 dives
3284 3871 3340 3918 ot
3363 3861 3598 3932 sapiens,

2029 3960 2187 4012 etiam
2222 3974 2312 4026 per
2335 3972 2420 4012 res
2445 3956 2727 4019 adversas,
2779 3952 3018 4022 quamvis
3039 3951 3139 4004 hoc
3169 3951 3462 4019 intelligere
3492 3964 3596 4003 nou

2031 4050 2315 4121 possimus,
2361 4065 2509 4103 suam
2540 4046 2810 4101 declarare
2840 4053 3012 4113 potest
3039 4042 3440 4112 providentiam.

2101 4143 2153 4196 6.
2197 4139 2410 4193 Moralis
2451 4137 2752 4191 exhortatio.
2807 4165 2877 4174 —
2921 4134 3081 4204 Igitur
3103 4133 3179 4186 sic
3203 4140 3257 4186 et
3284 4146 3382 4185 nos
3421 4131 3597 4185 omnia

2031 4243 2211 4289 nostra
2254 4231 2542 4289 faciamus.
2594 4237 2650 4281 ut
2709 4226 3158 4296 qualitercumque
3197 4220 3422 4286 cadant,
3484 4220 3602 4274 uni-

2031 4340 2149 4378 cum
2173 4333 2408 4378 nostrum
2433 4333 2565 4390 opus
2591 4319 2658 4372 sit
2685 4317 2935 4372 continuo
2961 4330 3056 4385 pro
3086 4315 3186 4370 illis
3206 4314 3398 4384 gratias
3419 4325 3597 4382 agere.

2033 4415 2254 4482 Propter
2283 4414 2381 4466 hoc
2427 4413 2567 4465 enim
2599 4409 2885 4463 rationales
2911 4406 3032 4461 facti
3062 4421 3265 4471 sumus,
3291 4413 3347 4460 et
3375 4419 3401 4455 a
3435 4403 3602 4458 brutis

2030 4503 2340 4566 dili'erimus,
2387 4512 2443 4555 ut
2483 4500 2756 4555 laudemus
2780 4539 2796 4564 ,
2831 4499 3159 4552 celebremus
3181 4537 3194 4557 ,
3246 4493 3598 4560 gloriﬁcemus

2027 4595 2222 4663 jugiter
2254 4593 2532 4646 Dominum
2563 4590 2797 4642 omnium
2827 4587 3175 4642 conditorem.
3214 4579 3506 4651 Eapropter
3547 4589 3602 4636 et

2033 4685 2261 4736 animam
2306 4681 2458 4734 nobis
2491 4679 2784 4748 inspiravit,
2830 4686 2885 4730 et
2924 4675 3151 4745 linguam
3199 4673 3365 4738 dedit,
3407 4682 3462 4725 ut
3485 4671 3600 4738 ejus

2034 4773 2084 4824 in
2119 4788 2215 4826 nos
2248 4769 2498 4824 beneﬁt-ia
2527 4783 2684 4821 sensu
2711 4765 3080 4835 percipientes,
3111 4761 3400 4815 dominimn
3434 4775 3601 4826 agno-

2033 4876 2263 4924 seamus,
2291 4871 2344 4914 et
2387 4873 2482 4912 nos
2521 4867 2700 4926 gratos
2745 4854 3114 4913 exbibeamus,
3161 4862 3222 4903 ac
3269 4863 3364 4920 pro
3403 4848 3601 4902 viribus

2037 4953 2258 5005 Domino
2293 4949 2488 5018 gratias
2532 4958 2769 5013 agamus.
2816 4941 2944 4995 Nam
2995 4941 3037 4993 si
3087 4938 3354 5003 homines,
3411 4937 3603 5007 quiqu

2033 5044 2217 5098 eadem
2244 5050 2324 5094 est
2353 5047 2536 5092 natura
2565 5036 2859 5090 uobiscum.
2905 5046 3024 5084 cum
3067 5045 3286 5097 parvum
3320 5026 3603 5096 aliquando

2033 5151 2095 5191 ac
2125 5134 2226 5187 vile
2252 5131 2403 5186 nobis
2437 5126 2746 5181 beneﬁcium
2775 5121 3129 5192 praestiterint,
3155 5120 3367 5188 exigunt
3392 5133 3420 5170 a
3452 5116 3604 5170 nobis

2034 5224 2321 5295 gratiarum
2351 5219 2633 5280 actionem,
2676 5229 2778 5268 non
2826 5210 2967 5281 quod
2997 5219 3231 5261 nostrum
3270 5215 3456 5260 curent
3483 5220 3596 5273 gra-

2039 5293 2146 5370 tum
2194 5313 2463 5371 animum,
2504 5305 2597 5362 sed
2653 5313 2710 5358 ut
2764 5302 2864 5372 ipsi
2912 5299 3030 5354 inde
3070 5296 3390 5352 celebriores
3427 5293 3601 5347 ﬁant:

2036 5415 2232 5476 quanto
2271 5401 2436 5472 magis
2479 5398 2529 5453 id
2565 5395 2716 5451 nobis
2746 5390 3037 5448 faciendum
3081 5389 3132 5441 in
3181 5388 3243 5440 iis
3279 5402 3396 5457 qua:
3433 5402 3462 5438 a
3494 5384 3604 5440 Deo

2037 5497 2370 5564 accepimus,
2419 5491 2507 5559 qui
2563 5488 2663 5541 hoc
2705 5485 2874 5538 solum
2925 5481 2995 5534 ob
3047 5487 3279 5532 uo~tram
3327 5477 3602 5530 utilitatem

2038 5589 2150 5642 vult
2187 5585 2340 5639 ﬁeri?
2394 5579 2524 5634 Nam
2569 5577 2705 5630 sicut
2752 5588 2869 5625 cum
2915 5572 3048 5640 grati
3076 5583 3256 5622 smnus
3282 5565 3608 5626 hominibus.

2036 5680 2125 5750 qui
2167 5675 2318 5731 nobis
2359 5667 2769 5728 bencfeccrunt,
2837 5661 2958 5716 illos
3000 5659 3251 5716 clariores
3294 5655 3594 5716 reddimus;
