4116 6196
495 340 604 400 939

501 451 569 501 ita
615 455 671 502 et
720 446 764 500 si
805 445 858 499 in
907 441 1188 511 benignum
1237 439 1401 493 Deum
1442 436 1697 492 fuerimus
1736 435 1908 506 grati,
1967 446 2065 487 nos

503 541 644 605 ipsos
683 534 998 589 illustriores
1043 531 1306 594 facimus;
1347 528 1594 597 quoniam
1647 541 1750 581 non
1799 533 1856 579 ut
1891 532 2068 578 nostra

503 625 856 680 celebratione
903 636 1038 692 Opus
1082 620 1302 686 habens,
1354 618 1455 672 hoc
1500 617 1612 670 fieri
1657 615 1770 670 vult
1807 632 1822 668 :
1866 613 1959 669 sed
2010 622 2070 667 ut

502 714 751 785 quidquid
801 714 852 768 id
901 712 1034 767 lucri
1085 719 1188 775 est,
1220 711 1408 765 iterum
1447 708 1511 761 ad
1548 721 1646 762 nos
1687 706 1886 771 redeat,
1909 713 1963 759 et
1983 703 2066 759 di-

496 819 631 875 gnos
659 803 914 858 faciamus
941 818 1036 857 nos
1067 802 1213 870 ipsos
1253 799 1541 868 majoribus
1577 797 1845 854 subsidiis.
1873 797 2069 862 Quam-

501 897 581 951 vis
619 905 793 950 autem
840 908 948 949 non
991 894 1256 962 possimus
1297 891 1347 945 id
1384 890 1576 956 facere,
1622 898 1682 943 ut
1703 888 1918 958 dignum
1947 895 2064 942 est:

498 987 586 1056 qui
631 987 768 1041 enini
807 983 912 1042 hoc
957 984 1073 1038 ﬁeri
1095 990 1304 1054 posset,
1353 995 1474 1036 cum
1520 990 1627 1035 tant
1659 979 1824 1050 fragili
1865 987 2068 1034 natura:

496 1078 690 1146 alligati
743 1074 947 1131 simus?
1003 1082 1058 1128 et
1101 1073 1227 1142 quid
1274 1072 1392 1128 dico
1433 1072 1726 1126 “humanam
1784 1067 2066 1124 naturam?

496 1168 675 1236 Neque
733 1167 860 1236 ipsa:
907 1166 1230 1234 incorporea:
1266 1173 1328 1218 et
1374 1161 1666 1217 invisibiles
1704 1160 1958 1222 virtutes,
2011 1166 2067 1214 et

496 1257 816 1326 principatus
842 1263 896 1310 et
924 1263 1208 1325 potestates
1225 1294 1239 1318 ,
1265 1261 1319 1308 et
1343 1251 1654 1317 Cherubim,
1681 1257 1735 1305 et
1761 1248 2058 1318 Seraphitn,

496 1356 552 1400 ut
603 1347 816 1416 dignum
864 1355 976 1411 est,
1042 1345 1312 1400 celebrare
1378 1343 1525 1398 illum
1576 1350 1817 1411 possunt,
1857 1340 2062 1395 etiamsi

494 1451 591 1506 pro
615 1437 811 1491 viribus
837 1437 1056 1506 gloriam
1087 1436 1158 1489 illi
1188 1433 1412 1490 offerant
1445 1449 1462 1489 :
1501 1431 1843 1487 nihilominus
1863 1429 2062 1500 justum

495 1529 652 1585 fuerit
698 1544 794 1598 pro
844 1527 1045 1583 viribus
1090 1527 1374 1597 gratiarum
1416 1524 1676 1580 actionem
1730 1522 1959 1585 oﬂ’erre,
2007 1531 2062 1574 et

496 1619 858 1675 indesinenter
905 1617 1179 1673 celebrare
1228 1616 1506 1670 Dominum
1559 1623 1817 1679 nostrum,
1873 1621 1926 1666 et
1973 1625 2065 1680 per

496 1709 706 1764 landum
737 1721 915 1773 voces,
962 1717 1016 1762 et
1053 1723 1146 1776 per
1165 1709 1324 1761 vitam
1365 1705 1639 1774 optimam.
1685 1702 1786 1756 ista
1815 1701 1956 1756 enim
1983 1708 2065 1754 est

501 1797 791 1854 clarissima
821 1796 912 1851 Dei
932 1795 1239 1859 celebratio,
1268 1793 1479 1864 quando
1507 1806 1602 1862 per
1631 1792 1934 1846 innumeras
1955 1789 2059 1844 liu-

497 1904 623 1956 guas
647 1888 869 1959 gloriam
916 1886 1015 1956 ipsi
1053 1885 1340 1940 olferimus.
1389 1882 1520 1938 Nam
1567 1882 1656 1951 qui
1686 1882 1888 1934 ‘virtute
1928 1895 2066 1949 prie-

498 1981 638 2035 ditus
680 1985 783 2044 est,
830 1978 880 2032 id
919 1978 1083 2032 efficit
1120 1984 1180 2031 ιιι
1219 1989 1426 2037 omnes,
1474 1974 1562 2044 qui
1607 1972 1879 2028 intuentur
1919 1987 2060 2035 eum,

500 2072 775 2126 Dominum
825 2071 940 2140 ejus
989 2068 1247 2124 laudent:
1279 2077 1332 2121 et
1375 2064 1662 2122 celebratio
1705 2065 1818 2117 Iure
1859 2061 1929 2126 ei,
1975 2062 2062 2131 qui

495 2162 827 2217 occasionem
887 2159 1142 2230 pr:cbuit,
1208 2171 1451 2226 magnam
1499 2164 1553 2209 et
1595 2151 1912 2208 ineffabilem
1972 2151 2063 2205 Dei

497 2251 914 2306 benevolentiam
959 2247 1224 2304 conciliat.
1279 2245 1414 2314 Quid
1469 2245 1624 2314 igitur
1667 2243 1819 2298 nobis
1860 2241 2065 2297 beatius

498 2343 658 2407 foret,
707 2343 750 2396 si
801 2356 903 2395 non
952 2341 1122 2396 solum
1168 2339 1361 2395 nostris
1403 2337 1593 2407 linguis
1650 2335 1844 2390 bonum
1897 2333 2061 2388 Deum

494 2433 658 2503 gloria
708 2433 1075 2497 abiceremus,
1142 2429 1236 2485 sed
1287 2439 1342 2483 et
1383 2429 1652 2497 proximos
1689 2440 1932 2496 quoque,
2007 2432 2066 2478 ut

496 2533 677 2578 nostro
717 2523 930 2577 nomine
972 2536 1094 2577 eum
1138 2519 1486 2585 celebrarent,
1519 2516 1898 2572 incitaremus?
1921 2515 2062 2571 Tau-

495 2627 606 2671 tum
643 2616 784 2671 enim
829 2614 1041 2669 virtutis
1088 2614 1251 2668 robur
1295 2624 1394 2676 est,
1442 2620 1503 2666 ut
1553 2611 1846 2668 innumeris
1871 2609 2064 2680 linguis

495 2705 838 2760 Conditorem
887 2702 1105 2760 laudare
1148 2713 1327 2772 queat.
1391 2702 1531 2756 Nihil
1569 2702 1749 2772 utique
1785 2701 1908 2755 vita:
1957 2700 2063 2754 vir-

495 2798 620 2851 tutis
653 2795 903 2850 studioste
950 2795 1244 2861 comparari
1296 2800 1490 2861 potest,
1541 2791 1755 2846 dilecte.
1805 2789 1953 2846 Unde
2007 2798 2063 2844 et

497 2887 750 2941 Dominus
771 2885 979 2940 dicebat
1010 2903 1024 2939 :
1053 2881 1238 2938 Luceat
1266 2883 1355 2936 lus;
1380 2892 1540 2936 vestra
1567 2897 1738 2935 coram
1760 2880 2058 2945 hominibus,

498 2987 551 3029 ut
588 2977 785 3029 rideant
819 2991 972 3042 opera
1016 2983 1176 3026 vestra
1224 2972 1382 3034 bona,
1426 2980 1473 3025 et
1521 2970 1802 3042 glorificent
1855 2967 2061 3022 Patrem

496 3072 708 3118 vestrum
753 3064 840 3134 qui
868 3073 940 3116 cst
981 3064 1033 3116 in
1068 3062 1204 3116 ralis
1232 3059 1440 3131 (Matth.
1468 3060 1520 3115 5.
1556 3061 1669 3129 16).
1702 3059 1888 3114 Vidisti
1930 3073 2060 3129 quo-

499 3153 660 3206 modo
710 3153 884 3206 lumen
927 3168 1047 3207 cum
1090 3155 1430 3221 apparuerit,
1478 3149 1725 3220 dispellat
1772 3150 2062 3206 tenebras?

498 3243 567 3296 lta
593 3250 647 3298 ct
671 3243 856 3307 virtus,
897 3242 942 3298 si
993 3242 1276 3312 conspicua
1323 3241 1500 3307 fuerit,
1551 3250 1602 3297 et
1644 3241 1895 3295 malitiam
1922 3241 2063 3310 fugat

495 3345 546 3390 et
590 3336 784 3390 erroris
833 3335 1077 3389 tenebras
1129 3333 1331 3403 abigit,
1378 3343 1718 3402 mentemque
1765 3333 2056 3388 videntium

495 3427 690 3481 excitat
726 3425 791 3480 ad
833 3426 994 3480 Deum
1040 3424 1439 3480 celebrandum.
1479 3423 1732 3491 Quocirca
1762 3433 2062 3495 satagamus

499 3529 549 3570 ιιι
593 3517 670 3571 sic
703 3516 911 3571 luceant
947 3529 1107 3583 opera
1153 3524 1354 3580 nostra,
1407 3529 1512 3585 quo
1557 3522 1613 3570 et
1659 3515 1913 3569 Dominus
1955 3528 2064 3594 που

496 3619 603 3662 ster
629 3607 948 3663 celebretur.
980 3606 1106 3663 Haec
1157 3620 1332 3662 autem
1378 3608 1513 3663 dixit
1548 3607 1809 3675 Christus,
1860 3623 1963 3663 non
2006 3617 2064 3664 ut

496 3699 560 3750 ad
607 3699 1011 3753 ostentationem
1057 3698 1252 3767 aliquid
1296 3698 1586 3766 faciamus;
1635 3699 1774 3755 absit
1813 3718 1826 3754 :
1870 3699 1964 3756 sed
2008 3708 2064 3753 ιιι

497 3789 791 3856 diligenter,
819 3797 957 3842 etut
1003 3788 1099 3858 ipsi
1147 3789 1417 3857 probatur,
1466 3791 1624 3843 vitam
1673 3805 1912 3859 agamus,
1956 3805 2061 3844 non

499 3877 836 3947 blasphemia:
861 3879 1087 3947 cuipiam
1135 3879 1304 3932 locum
1333 3879 1703 3944 concedentes,
1753 3881 1845 3936 sed
1869 3882 1917 3934 id
1945 3880 2058 3936 θαί-

493 3969 736 4064 cientes,
788 3980 844 4024 ut
906 3970 1058 4023 bonis
1124 3971 1375 4038 operibus
1432 3973 1482 4025 in
1536 3971 1745 4026 laudem
1803 3973 1892 4026 Dei
1941 3987 2064 4042 pro-

501 4061 742 4118 rutnnant
783 4075 971 4115 omnes
1005 4062 1094 4130 qui
1145 4076 1241 4115 nos
1288 4061 1486 4116 vident.
1539 4061 1687 4117 Tune
1721 4063 1894 4126 enim,
1941 4073 2064 4119 tunc

494 4150 665 4220 ipsius
689 4149 838 4202 nobis
864 4152 1084 4217 gratiam
1114 4151 1366 4219 majorem
1393 4151 1820 4215 conciliabimus,
1858 4163 1912 4207 et
1955 4167 2065 4221 pm-

499 4253 620 4290 uatn
646 4237 896 4306 effugere,
919 4237 1162 4306 bonaque
1199 4238 1481 4292 ineﬂ’abilia
1506 4240 1724 4309 adipisci
1752 4241 2062 4309 poterimus,

499 4325 664 4391 gratia
706 4335 758 4378 ct
801 4324 1160 4378 misericordia
1210 4327 1415 4380 Domini
1472 4329 1637 4382 nostri
1675 4327 1802 4384 Jesu
1839 4329 2064 4400 Christi,

499 4427 618 4465 cum
656 4428 763 4480 quo
806 4413 946 4467 Patri
993 4415 1148 4468 simul
1187 4424 1242 4470 et
1283 4416 1501 4485 Spiritui
1539 4429 1724 4473 sancto
1767 4422 1836 4476 sit
1875 4421 2063 4491 gloria,

503 4503 816 4572 imperium,
868 4504 1057 4569 honor,
1115 4521 1254 4561 nunc
1302 4515 1358 4560 et
1395 4522 1628 4578 semper,
1674 4519 1728 4566 et
1778 4511 1830 4566 in
1877 4514 2066 4567 swcula

498 4593 831 4649 saeculorum.
881 4595 1071 4650 Amen.

1017 4685 1290 4742 liOMlLlA
1329 4686 1539 4742 XXVII.

503 4777 568 4830 Et
595 4777 861 4845 a’diﬁcavit
896 4777 1007 4832 Noe
1046 4777 1205 4832 altare
1238 4776 1486 4846 Domino,
1531 4789 1577 4834 et
1606 4782 1795 4851 accepit
1823 4783 1884 4836 de
1905 4783 2069 4837 omni-

571 4871 663 4922 bus
711 4869 966 4939 pecoribus
1015 4869 1214 4924 mundis
1237 4911 1252 4936 ,
1319 4879 1365 4924 et
1413 4873 1478 4925 de
1516 4873 1745 4928 omnibus
1791 4875 2071 4929 volucribus

570 4960 807 5025 mundis,
848 4969 892 5014 et
937 4960 1113 5013 obtulit
1158 4960 1499 5015 holocaustum
1540 4980 1689 5032 super
1725 4965 1886 5018 altare
1914 4964 2066 5036 (Gen.

572 5053 624 5104 8.
655 5050 782 5116 20).

577 5141 628 5195 1.
660 5139 1022 5208 Beneﬁciorum
1050 5136 1146 5194 Dei
1172 5141 1430 5195 meritoria.
1457 5171 1529 5181 —
1573 5143 1791 5198 Vidistis
1821 5144 1933 5198 heri
1960 5145 2070 5200 cle-

507 5231 701 5286 mentis
727 5230 928 5284 Domini
961 5229 1246 5282 bonitatem
1271 5271 1286 5294 ,
1332 5231 1604 5300 quomodo
1632 5249 1695 5288 ex
1724 5248 1845 5288 arca
1868 5234 2070 5303 justum

507 5323 708 5386 eduxit,
734 5320 802 5375 ab
827 5319 943 5390 ejus
973 5319 1293 5374 habitatione
1318 5320 1594 5386 liberavit,
1624 5337 1689 5377 ex
1729 5323 1818 5378 illo
1847 5325 1979 5378 tristi
2011 5339 2074 5379 ac

508 5412 733 5466 molesto
751 5423 966 5464 carcere
992 5409 1204 5478 eripuit,
1249 5417 1303 5463 et
1333 5409 1636 5478 patientiam
1661 5410 1799 5465 illius
1828 5427 2073 5468 remune-

501 5503 666 5565 ravit,
712 5497 898 5551 dicens
931 5515 944 5551 :
983 5497 1197 5553 Crescite
1229 5507 1276 5552 et
1321 5498 1747 5566 multiplicamini.
1801 5501 2073 5556 Discamus

509 5593 667 5648 hodie
699 5601 858 5654 quam
899 5585 1218 5654 benevolus,
1249 5597 1302 5642 et
1328 5603 1484 5656 quam
1511 5596 1672 5658 gratze
1699 5591 1889 5646 anima:
1917 5589 2076 5648 fuerit

512 5678 646 5745 Noe,
708 5676 830 5730 inde
856 5678 968 5746 ipse
994 5681 1160 5733 multo
1197 5681 1492 5734 uberiorem
1537 5681 1626 5738 Dei
1667 5697 1788 5753 erga
1824 5698 1882 5739 se
1911 5683 2075 5740 bene~

1189 330 1261 385 ‘S.
1300 323 1573 384 JOANNiS
1607 319 2078 380 CIIRYSOSTOMI
2118 322 2432 384 ARCHIEP.
2458 328 2981 391 CONSTANTINO'P.

3633 345 3742 404 240

2176 435 2457 495 volentiam
2501 441 2602 497 sibi
2647 444 3024 500 conciliaverit.
3077 445 3206 501 Nam
3257 445 3392 503 solet
3427 449 3571 508 Dens
3615 472 3739 512 cum

2171 527 2398 597 aliquem
2428 529 2568 585 videt
2609 532 2697 599 qtti
2734 543 2917 602 gratus
2963 536 3033 588 sit
3075 534 3142 589 de
3192 537 3492 605 prioribus,
3542 542 3739 614 largius

2171 628 2225 674 et
2251 621 2565 677 cumulatius
2592 637 2686 678 sua
2709 623 2846 678 dona
2889 623 2941 679 in
2978 626 3126 680 illum
3167 626 3507 696 profundere.
3539 632 3738 688 Demus

2173 707 2328 776 igitur
2363 717 2420 765 et
2463 725 2559 765 nos
2587 725 2803 780 operam
2829 753 2844 776 ,
2874 722 2931 767 ut
2956 716 3243 784 gratiarum
3282 719 3517 774 actiones
3540 736 3636 790 pro
3661 725 3736 776 vi-

2169 795 2254 850 rili
2281 796 2504 852 Domino
2531 799 2813 856 offeramus
2850 817 2946 871 pro
2989 804 3140 859 donis
3170 822 3287 875 qua:
3330 808 3397 861 ab
3426 823 3493 864 eo
3530 811 3736 879 pridem

2169 885 2321 940 nobis
2349 889 2582 955 prazstita
2627 901 2772 957 sunt,
2800 902 2856 946 ut
2879 903 2931 947 et
2953 895 3150 963 majora
3177 897 3298 951 inde
3321 913 3734 970 consequamur,

2167 982 2222 1028 et
2263 991 2549 1046 numquam
2589 979 2963 1035 obliviscamur
2991 983 3084 1038 Dei
3131 984 3384 1042 beneficia
3416 989 3470 1042 in
3502 1005 3600 1045 nos
3625 994 3737 1047 col-

2169 1063 2294 1129 lata,
2325 1066 2418 1120 sed
2444 1083 2656 1138 semper
2679 1085 2739 1124 ea
2767 1071 2817 1124 in
2849 1081 3026 1127 mente
3051 1085 3229 1130 nostra
3254 1092 3550 1146 versemus,
3579 1091 3635 1136 ut
3665 1083 3732 1137 ad

2165 1153 2466 1208 continuam
2492 1157 2775 1226 gratiarum
2802 1162 3064 1216 actionem
3093 1179 3276 1218 eorum
3307 1170 3560 1223 memoria
3589 1185 3737 1226 com-

2165 1244 2423 1313 pellamur
2444 1285 2459 1310 ,
2504 1251 2708 1302 tametsi
2747 1259 2824 1303 tot
2849 1251 2973 1316 siut,
3009 1263 3065 1306 ut
3093 1270 3246 1310 mens
3271 1269 3448 1312 nostra
3488 1276 3590 1315 non
3621 1263 3738 1318 suf-

2169 1334 2305 1387 liciat
2321 1334 2387 1388 ad
2410 1339 2964 1404 comprehendendum
2981 1355 3033 1397 et
3050 1347 3468 1402 enumerandum
3492 1365 3735 1421 magnam

2167 1438 2282 1491 qua:
2332 1425 2481 1479 nobis
2515 1428 2732 1498 contigit
2758 1445 2821 1483 ex
2856 1434 2970 1500 ejus
2999 1433 3311 1490 liberalitate
3335 1438 3562 1506 copiam.
3595 1440 3738 1508 Quo-

2162 1512 2324 1566 modo
2350 1514 2491 1568 enim
2521 1516 2637 1586 quis
2678 1517 2909 1588 cogitare
2937 1531 3116 1590 posset
3138 1538 3200 1578 ea
3231 1539 3349 1593 qua:
3392 1526 3445 1580 in
3485 1543 3582 1582 nos
3621 1530 3734 1598 jam

2167 1610 2288 1655 sunt
2327 1603 2516 1657 collata
2542 1644 2556 1667 ,
2601 1621 2718 1675 quze
2754 1608 2878 1661 item
2919 1611 3177 1679 promissa
3203 1654 3219 1679 ,
3259 1629 3378 1682 quae
3412 1624 3466 1670 et
3497 1618 3738 1687 quotidie

2167 1690 2507 1747 conferuntur
2536 1709 2551 1748 :
2579 1695 2716 1764 quod
2741 1712 2804 1750 ex
2836 1697 3000 1752 nihilo
3038 1701 3345 1768 produxerit
3383 1715 3438 1758 ut
3473 1721 3735 1772 essemus,

2158 1781 2304 1849 quod
2332 1796 2525 1852 corpus
2548 1794 2602 1838 et
2622 1786 2852 1841 animam
2889 1788 3123 1856 dederit,
3159 1793 3299 1860 quod
3329 1795 3611 1850 rationales
3636 1814 3738 1853 nos

2166 1871 2488 1936 formaverit,
2513 1875 2653 1944 quod
2677 1889 2856 1932 aerem
2884 1879 3218 1948 rcSpirationi
3235 1888 3576 1947 concesserit.
3592 1891 3735 1956 quod

2167 1968 2460 2015 creaturam
2488 1977 2699 2018 omnem
2725 1974 2942 2036 propter
2961 1968 3252 2024 humanum
3280 1988 3447 2041 genus
3475 1977 3735 2044 produxco

2157 2051 2237 2103 rit
2257 2090 2271 2114 ,
2303 2051 2444 2119 quod
2487 2054 2597 2122 ipse
2622 2056 2833 2124 quidem
2862 2057 2929 2112 ab
2954 2058 3105 2114 initio
3128 2063 3361 2119 voluerit
3386 2064 3651 2121 hominem
3683 2070 3736 2123 iit

2160 2142 2413 2210 paradiso
2440 2146 2600 2200 vitam
2642 2160 2802 2217 agere
2839 2149 2974 2204 citra
3000 2167 3211 2208 omnem
3240 2154 3476 2211 dolorem
3505 2167 3557 2212 et
3586 2159 3737 2212 labo-

2168 2247 2312 2298 rem,
2347 2242 2402 2289 ct
2435 2235 2565 2290 nihil
2590 2238 2765 2293 minus
2791 2239 3071 2297 habentem
3101 2247 3302 2314 angelis
3331 2257 3384 2302 et
3413 2248 3737 2318 incorporeis

2171 2326 2277 2380 illis
2305 2328 2607 2396 virtutibus,
2635 2333 2977 2389 exsistentem
3009 2336 3058 2388 in
3083 2351 3326 2406 corpore,
3352 2339 3448 2394 sed
3474 2349 3525 2394 et
3550 2356 3738 2411 oorpo-

2167 2416 2363 2471 ralibus
2389 2419 2786 2476 necessitatibus
2806 2437 2910 2477 non
2936 2423 3264 2479 obnoxium?
3289 2427 3496 2482 Deinde
3520 2432 3734 2498 quando

2166 2507 2634 2578 ob'negligentiam
2671 2512 2984 2581 deceptione
3022 2515 3282 2570 diabolica
3316 2534 3408 2587 per
3432 2533 3733 2590 serpentem

2165 2599 2321 2652 allata
2345 2601 2710 2669 supplanta‘tus
2738 2603 2831 2657 fuit
2850 2646 2864 2667 ,
2895 2620 3067 2674 neque
3094 2607 3173 2661 sic
3197 2607 3402 2664 destitit
3427 2612 3736 2679 prmvarica-

2168 2689 2268 2742 tori
2317 2687 2626 2746 benefacere
2657 2709 2670 2746 :
2697 2693 2787 2746 sed
2832 2703 2886 2748 et
2928 2710 3022 2762 per
3067 2695 3154 2749 illa
3189 2697 3330 2764 ipsa,
3379 2713 3474 2766 per
3497 2714 3614 2768 qute
3640 2715 3738 2770 pu-

2167 2778 2335 2834 nierat
2357 2819 2374 2847 ,
2407 2781 2542 2836 sicut
2570 2782 2681 2838 heri
2706 2783 2955 2850 diximus,
2986 2787 3342 2843 excellentem
3373 2803 3521 2843 suam
3548 2789 3736 2844 imma-

2167 2869 2382 2924 nitatem
2409 2870 2727 2938 declaravit,
2759 2884 2918 2944 atque
2949 2877 3138 2931 multas
3161 2878 3292 2933 alias
3323 2879 3735 2950 innumerasque

2165 2961 2543 3019 beneﬁciorum
2567 2966 2774 3034 species
2817 2968 2867 3021 in
2900 2968 3044 3023 illum
3091 2970 3390 3026 collocavit.
3444 2971 3508 3025 Et
3552 2979 3733 3040 postea

2166 3053 2486 3121 procedente
2511 3062 2748 3125 tempore
2771 3066 2822 3112 et
2837 3067 3110 3115 crescente
3127 3075 3340 3130 genere,
3367 3075 3429 3116 ac
3454 3063 3504 3115 in
3520 3077 3732 3118 omnem

2164 3142 2420 3206 malitiam
2450 3155 2720 3215 vergente,
2761 3148 2884 3217 quia
2907 3148 3116 3204 videbat
3138 3150 3443 3206 incurabilia
3470 3166 3590 3207 esse
3617 3153 3735 3207 vui.

2166 3249 2314 3302 nera,
2341 3237 2586 3304 nequitiae
2615 3248 2922 3307 operatores
2946 3281 2960 3305 ,
3008 3241 3160 3310 quasi
3206 3240 3524 3298 fermentum
3555 3244 3697 3313 quod
3716 3273 3728 3284 ο

2163 3324 2285 3380 dam
2329 3327 2526 3380 malum
2563 3326 2795 3394 delevit,
2826 3330 3013 3384 relicto
3049 3331 3193 3400 justo
3236 3332 3327 3386 illo
3371 3333 3457 3400 qui
3506 3333 3654 3388 radix
3681 3342 3735 3386 et

2165 3420 2313 3490 origo
2345 3420 2493 3474 fieret
2517 3422 2723 3491 generis
2751 3421 2987 3477 humani.
3018 3423 3084 3477 Et
3103 3423 3221 3478 vide
3244 3425 3454 3486 iterum,
3482 3434 3732 3495 quantam

2164 3529 2287 3586 erga
2311 3513 2510 3584 justum
2543 3515 2686 3568 illum
2715 3514 2951 3569 declaret
2975 3515 3366 3571 liberalitatem.
3409 3516 3598 3571 Totum
3631 3517 3731 3571 hu-

2165 3619 2378 3658 manum
2405 3618 2571 3673 genus
2598 3604 2664 3658 ab
2695 3619 2759 3658 eo
2783 3614 2838 3660 et
2883 3604 3002 3660 ﬁliis
3029 3606 3144 3675 ejus
3195 3608 3541 3671 instauravit,
3587 3615 3641 3660 et
3681 3608 3732 3660 in

2167 3704 2366 3749 tantam
2409 3695 2802 3751 multitudinem
2836 3711 3143 3752 excresccre
3169 3684 3370 3751 curavit
3399 3739 3412 3759 ,
3459 3698 3737 3766 paulatim-

2165 3801 2268 3854 que
2287 3786 2458 3854 justos
2487 3787 2708 3854 eligens,
2740 3787 3063 3856 patriarchas
3090 3787 3229 3851 dico,
3260 3798 3614 3856 princeptores
3640 3787 3735 3841 de-

2167 3876 2243 3931 dit
2277 3876 2481 3944 reliquo
2523 3876 2793 3930 hominum
2825 3877 3006 3946 generi
3033 3919 3047 3943 ,
3077 3879 3163 3946 qui
3193 3893 3288 3931 sua
3321 3879 3514 3932 virtute
3550 3893 3735 3932 omnes

2168 3983 2264 4021 nos
2292 3969 2568 4024 instituere
2596 4011 2610 4034 ,
2633 3980 2684 4024 et
2707 4011 2721 4033 ,
2767 3972 2915 4040 quasi
2943 3971 3133 4025 medici
3156 4011 3172 4036 ,
3201 3981 3522 4041 aegrotantes
3547 3989 3736 4026 curare

2170 4062 2392 4130 possint.
2432 4062 2499 4114 Et
2525 4061 2682 4114 modo
2711 4077 2804 4116 eos
2834 4063 2884 4116 in
2915 4062 3247 4116 Palmstinam
3268 4104 3283 4128 ,
3311 4061 3473 4117 modo
3495 4063 3546 4116 in
3569 4061 3735 4132 Egy-

2171 4159 2314 4218 ptnm
2337 4149 2578 4215 deducit,
2619 4150 2776 4204 simul
2798 4158 2851 4203 et
2888 4165 3162 4205 servorum
3189 4165 3403 4204 suorum
3429 4147 3732 4219 patientiam

2169 4253 2424 4293 exercens
2451 4278 2465 4303 ,
2511 4248 2564 4293 et
2612 4254 2760 4293 suam
2795 4240 3042 4294 virtutem
3080 4239 3362 4294 clariorem
3406 4250 3734 4304 monstrans,

2172 4328 2467 4396 mansitque
2502 4341 2713 4396 semper
2740 4329 2930 4383 eodem
2959 4328 3118 4383 modo
3147 4329 3389 4382 humana:
3433 4329 3618 4382 salutis
3644 4343 3738 4381 cu-

2171 4430 2282 4469 ram
2309 4431 2496 4486 gerens
2525 4432 2541 4471 :
2573 4417 2812 4473 exhibuit
2849 4420 3134 4489 prophetas
3155 4460 3170 4484 ,
3205 4428 3260 4474 et
3293 4434 3390 4488 per
3433 4419 3550 4474 illos
3586 4421 3738 4489 signa

2170 4516 2224 4560 et
2251 4506 2483 4576 prodigia
2509 4507 2696 4563 edidit.
2743 4508 2935 4578 Atque,
2965 4518 3022 4562 ut
3054 4509 3263 4564 brevius
3298 4509 3467 4564 dicam
3501 4527 3514 4562 :
3546 4526 3735 4578 quem-

2171 4595 2454 4650 admodum
2485 4597 2625 4651 enim
2646 4600 2806 4652 maris
2836 4597 3025 4652 ﬂuetus
3044 4637 3058 4661 ,
3088 4600 3333 4668 quamvis
3359 4601 3655 4655 sexcenties
3686 4601 3740 4654 id

2171 4697 2447 4748 conemur,
2470 4701 2782 4742 enumerare
2806 4703 3086 4758 numquam
3105 4690 3393 4758 poterimus
3422 4711 3436 4744 :
3468 4690 3538 4745 ita
3567 4705 3743 4760 neque

2174 4773 2549 4830 beneficiorum
2583 4777 2709 4843 Dei,
2739 4793 2858 4845 quae
2882 4778 2932 4831 in
2961 4789 3194 4833 nostram
3223 4780 3446 4834 contulit
3471 4791 3737 4844 naturain,

2173 4866 2503 4921 varietatem.
2531 4866 2766 4922 Tandem
2795 4867 2883 4923 ubi
2907 4869 3035 4923 vidit
3064 4879 3181 4937 post
3209 4877 3405 4923 tantam
3437 4884 3586 4923 suam
3619 4885 3744 4938 pro.

2175 4957 2459 5012 videntiam
2498 4959 2670 5014 adhuc
2700 4959 2863 5014 multa
2888 4969 2943 5014 et
2981 4959 3228 5014 ineffabili
3271 4960 3630 5014 misericordia
3663 4961 3744 5012 iu-

2175 5051 2356 5120 digere
2411 5051 2696 5104 humanum
2744 5063 2948 5120 genus,
2995 5059 3051 5107 ct
3087 5051 3216 5103 nihil
3263 5051 3379 5119 plus
3425 5049 3613 5104 fecisse
3659 5050 3745 5104 vcl

2176 5141 2523 5210 patriarchas,
2555 5140 2639 5196 vel
2666 5141 2970 5210 prephetas,
3001 5140 3083 5196 vel
3114 5141 3262 5211 signa
3278 5141 3628 5206 admirabilia,
3661 5143 3747 5195 vel

2177 5247 2396 5301 ptenas,
2442 5233 2522 5287 vel
2565 5231 2954 5285 admonitiones
2986 5230 3101 5285 illas
3142 5230 3568 5302 frequentissime
3595 5231 3742 5285 adhi-

2179 5325 2314 5378 bitas
2337 5363 2353 5386 ,
2387 5331 2441 5378 et
2463 5322 2790 5393 captivitates
2817 5321 2934 5376 illas
2961 5321 3061 5375 sibi
3103 5322 3326 5376 invicem
3353 5321 3700 5376 succedentes
3735 5337 3752 5372 :

2177 5416 2328 5484 quasi
2355 5415 2635 5470 miseratus
2660 5427 2826 5483 genus
2851 5421 3085 5468 nostrum
3108 5453 3122 5477 ,
3153 5413 3296 5467 misit
3333 5412 3398 5467 ad
3429 5426 3528 5467 nos
3553 5412 3731 5466 anima

2179 5520 2296 5560 rum
2344 5513 2729 5573 corporumque
2775 5500 3037 5556 medicum
3061 5544 3078 5570 ,
3129 5502 3455 5572 unigenitum
3483 5515 3637 5556 suum
3667 5499 3760 5556 Fi-

2180 5594 2308 5648 lium
2329 5633 2343 5657 ,
2386 5608 2446 5647 es
2479 5592 2742 5662 paternis,
2784 5599 2842 5645 ut
2880 5591 2948 5644 ita
2976 5590 3145 5646 dicam
3175 5632 3191 5656 ,
3240 5591 3444 5645 sinibus
3472 5587 3722 5643 excitans
3749 5601 3777 5654 ,ξ

2182 5685 2347 5739 voluit
2368 5693 2610 5754 suscepta
2639 5683 2774 5738 servi
2809 5681 2976 5736 forma
3003 5697 3033 5737 e
3061 5681 3276 5752 Virgine
3306 5683 3470 5749 nasci,
3511 5693 3563 5739 et
3579 5677 3712 5736 ttobi
3737 5708 3776 5729 ν-
