  <div class='ocr_page' id='page_1' title='image "/cluster/home/n/w/nwhite01/storage/ocr_20150623/53/hvd.32044054086673/238.png"; bbox 0 0 4116 6196; ppageno 0'>
   <div class='ocr_carea' id='block_1_1' title="bbox 283 277 388 332">
    <p class='ocr_par' dir='ltr' id='par_1_1' title="bbox 283 277 388 332">
     <span class='ocr_line' id='line_1_1' title="bbox 283 277 388 332; baseline 0 0"><span class='ocrx_word' id='word_1_1' title='bbox 283 277 388 332; x_wconf 66' lang='lat' dir='ltr'>sm</span> 
     </span>
    </p>
   </div>
   <div class='ocr_carea' id='block_1_2' title="bbox 285 400 1959 483">
    <p class='ocr_par' dir='ltr' id='par_1_2' title="bbox 285 400 1959 483">
     <span class='ocr_line' id='line_1_2' title="bbox 285 400 1959 483; baseline 0.007 -28"><span class='ocrx_word' id='word_1_2' title='bbox 285 400 412 457; x_wconf 83' lang='grc' dir='ltr'>σθαι</span> <span class='ocrx_word' id='word_1_3' title='bbox 444 401 790 475; x_wconf 82' lang='grc' dir='ltr'>βουλομένου.</span> <span class='ocrx_word' id='word_1_4' title='bbox 829 407 1048 479; x_wconf 86' lang='grc' dir='ltr'>Ὠσπερ</span> <span class='ocrx_word' id='word_1_5' title='bbox 1075 407 1186 479; x_wconf 82' lang='grc' dir='ltr'>γὰρ</span> <span class='ocrx_word' id='word_1_6' title='bbox 1211 409 1304 462; x_wconf 83' lang='grc' dir='ltr'>ἐπὶ</span> <span class='ocrx_word' id='word_1_7' title='bbox 1340 411 1450 464; x_wconf 88' lang='grc' dir='ltr'>τῶν</span> <span class='ocrx_word' id='word_1_8' title='bbox 1479 411 1783 482; x_wconf 90' lang='grc' dir='ltr'>ἀνθρώπων</span> <span class='ocrx_word' id='word_1_9' title='bbox 1811 415 1845 483; x_wconf 85' lang='grc' dir='ltr'>ὴ</span> <span class='ocrx_word' id='word_1_10' title='bbox 1876 431 1959 483; x_wconf 91' lang='grc' dir='ltr'>γι-</span> 
     </span>
    </p>
   </div>
   <div class='ocr_carea' id='block_1_3' title="bbox 283 486 1960 564">
    <p class='ocr_par' dir='ltr' id='par_1_3' title="bbox 283 486 1960 564">
     <span class='ocr_line' id='line_1_3' title="bbox 283 486 1960 564; baseline 0.005 -25"><span class='ocrx_word' id='word_1_11' title='bbox 283 486 486 557; x_wconf 80' lang='grc' dir='ltr'>νομένη</span> <span class='ocrx_word' id='word_1_12' title='bbox 535 489 856 559; x_wconf 80' lang='grc' dir='ltr'>εὐχαριστία</span> <span class='ocrx_word' id='word_1_13' title='bbox 903 491 983 553; x_wconf 83' lang='grc' dir='ltr'>εἰς</span> <span class='ocrx_word' id='word_1_14' title='bbox 1033 491 1159 554; x_wconf 84' lang='grc' dir='ltr'>τοὺς</span> <span class='ocrx_word' id='word_1_15' title='bbox 1216 492 1668 564; x_wconf 87' lang='grc' dir='ltr'>εὐεργετηκότας,</span> <span class='ocrx_word' id='word_1_16' title='bbox 1722 496 1960 559; x_wconf 78' lang='grc' dir='ltr'>ἐκείνους</span> 
     </span>
    </p>
   </div>
   <div class='ocr_carea' id='block_1_4' title="bbox 284 567 1959 647">
    <p class='ocr_par' dir='ltr' id='par_1_4' title="bbox 284 567 1959 647">
     <span class='ocr_line' id='line_1_4' title="bbox 284 567 1959 647; baseline 0.007 -28"><span class='ocrx_word' id='word_1_17' title='bbox 284 567 698 642; x_wconf 62' lang='grc' dir='ltr'>λαμπροτέρους</span> <span class='ocrx_word' id='word_1_18' title='bbox 735 572 1047 643; x_wconf 76' lang='grc' dir='ltr'>ἐργάζεται,</span> <span class='ocrx_word' id='word_1_19' title='bbox 1077 573 1250 638; x_wconf 79' lang='grc' dir='ltr'>οὕτως</span> <span class='ocrx_word' id='word_1_20' title='bbox 1295 577 1388 628; x_wconf 75' lang='grc' dir='ltr'>ἐπὶ</span> <span class='ocrx_word' id='word_1_21' title='bbox 1429 577 1524 630; x_wconf 91' lang='grc' dir='ltr'>τοῦ</span> <span class='ocrx_word' id='word_1_22' title='bbox 1575 577 1959 647; x_wconf 80' lang='grc' dir='ltr'>φιλανθρώπου</span> 
     </span>
    </p>
   </div>
   <div class='ocr_carea' id='block_1_5' title="bbox 283 657 1961 736">
    <p class='ocr_par' dir='ltr' id='par_1_5' title="bbox 283 657 1961 736">
     <span class='ocr_line' id='line_1_5' title="bbox 283 657 1961 736; baseline 0.005 -27"><span class='ocrx_word' id='word_1_23' title='bbox 283 657 421 710; x_wconf 83' lang='grc' dir='ltr'>Θεοῦ</span> <span class='ocrx_word' id='word_1_24' title='bbox 445 659 571 711; x_wconf 83' lang='grc' dir='ltr'>ὅταν</span> <span class='ocrx_word' id='word_1_25' title='bbox 603 658 760 712; x_wconf 88' lang='grc' dir='ltr'>τοῦτο</span> <span class='ocrx_word' id='word_1_26' title='bbox 790 660 1051 731; x_wconf 89' lang='grc' dir='ltr'>ποιῶμεν,</span> <span class='ocrx_word' id='word_1_27' title='bbox 1100 663 1325 725; x_wconf 83' lang='grc' dir='ltr'>ἐαυτούς</span> <span class='ocrx_word' id='word_1_28' title='bbox 1354 662 1766 735; x_wconf 72' lang='grc' dir='ltr'>λαμπροτέρους</span> <span class='ocrx_word' id='word_1_29' title='bbox 1791 666 1961 736; x_wconf 89' lang='grc' dir='ltr'>ἀπερ-</span> 
     </span>
    </p>
   </div>
   <div class='ocr_carea' id='block_1_6' title="bbox 285 739 1959 820">
    <p class='ocr_par' dir='ltr' id='par_1_6' title="bbox 285 739 1959 820">
     <span class='ocr_line' id='line_1_6' title="bbox 285 739 1959 820; baseline 0.007 -29"><span class='ocrx_word' id='word_1_30' title='bbox 285 739 585 811; x_wconf 86' lang='grc' dir='ltr'>γαζόμεθα·</span> <span class='ocrx_word' id='word_1_31' title='bbox 612 742 796 812; x_wconf 81' lang='grc' dir='ltr'>ἐπειδὴ</span> <span class='ocrx_word' id='word_1_32' title='bbox 819 743 940 813; x_wconf 82' lang='grc' dir='ltr'>οὐχί</span> <span class='ocrx_word' id='word_1_33' title='bbox 967 743 1067 814; x_wconf 82' lang='grc' dir='ltr'>τῆς</span> <span class='ocrx_word' id='word_1_34' title='bbox 1090 746 1217 814; x_wconf 85' lang='grc' dir='ltr'>παρ’</span> <span class='ocrx_word' id='word_1_35' title='bbox 1235 746 1389 816; x_wconf 83' lang='grc' dir='ltr'>ὴμῶν</span> <span class='ocrx_word' id='word_1_36' title='bbox 1414 747 1664 818; x_wconf 76' lang='grc' dir='ltr'>δεόμενος</span> <span class='ocrx_word' id='word_1_37' title='bbox 1686 749 1959 820; x_wconf 77' lang='grc' dir='ltr'>εὐφημίας</span> 
     </span>
    </p>
   </div>
   <div class='ocr_carea' id='block_1_7' title="bbox 285 821 1960 902">
    <p class='ocr_par' dir='ltr' id='par_1_7' title="bbox 285 821 1960 902">
     <span class='ocr_line' id='line_1_7' title="bbox 285 821 1960 902; baseline 0.005 -28"><span class='ocrx_word' id='word_1_38' title='bbox 285 821 447 875; x_wconf 91' lang='grc' dir='ltr'>τοῦτο</span> <span class='ocrx_word' id='word_1_39' title='bbox 481 822 726 892; x_wconf 87' lang='grc' dir='ltr'>βούλεται</span> <span class='ocrx_word' id='word_1_40' title='bbox 749 825 1014 892; x_wconf 89' lang='grc' dir='ltr'>γίνεσθαι,</span> <span class='ocrx_word' id='word_1_41' title='bbox 1048 827 1164 878; x_wconf 81' lang='grc' dir='ltr'>ἀλλ’</span> <span class='ocrx_word' id='word_1_42' title='bbox 1195 827 1282 882; x_wconf 81' lang='grc' dir='ltr'>ἴνα</span> <span class='ocrx_word' id='word_1_43' title='bbox 1310 829 1473 884; x_wconf 88' lang='grc' dir='ltr'>πάλιν</span> <span class='ocrx_word' id='word_1_44' title='bbox 1504 833 1583 894; x_wconf 90' lang='grc' dir='ltr'>εἰς</span> <span class='ocrx_word' id='word_1_45' title='bbox 1628 833 1774 902; x_wconf 75' lang='grc' dir='ltr'>ἡμᾶς</span> <span class='ocrx_word' id='word_1_46' title='bbox 1806 847 1960 901; x_wconf 85' lang='grc' dir='ltr'>περι-</span> 
     </span>
    </p>
   </div>
   <div class='ocr_carea' id='block_1_8' title="bbox 285 907 1959 982">
    <p class='ocr_par' dir='ltr' id='par_1_8' title="bbox 285 907 1959 982">
     <span class='ocr_line' id='line_1_8' title="bbox 285 907 1959 982; baseline 0.005 -24"><span class='ocrx_word' id='word_1_47' title='bbox 285 907 388 975; x_wconf 76' lang='grc' dir='ltr'>στῇ</span> <span class='ocrx_word' id='word_1_48' title='bbox 423 907 485 959; x_wconf 83' lang='grc' dir='ltr'>τὸ</span> <span class='ocrx_word' id='word_1_49' title='bbox 511 907 722 978; x_wconf 78' lang='grc' dir='ltr'>κέρδος,</span> <span class='ocrx_word' id='word_1_50' title='bbox 751 911 844 962; x_wconf 76' lang='grc' dir='ltr'>καὶ</span> <span class='ocrx_word' id='word_1_51' title='bbox 875 910 1121 979; x_wconf 78' lang='grc' dir='ltr'>μείζονος</span> <span class='ocrx_word' id='word_1_52' title='bbox 1149 913 1465 982; x_wconf 79' lang='grc' dir='ltr'>συμμαχίας</span> <span class='ocrx_word' id='word_1_53' title='bbox 1519 914 1743 977; x_wconf 80' lang='grc' dir='ltr'>ἐαυτούς</span> <span class='ocrx_word' id='word_1_54' title='bbox 1776 913 1959 980; x_wconf 79' lang='grc' dir='ltr'>ἀξίους</span> 
     </span>
    </p>
   </div>
   <div class='ocr_carea' id='block_1_9' title="bbox 287 994 1958 1069">
    <p class='ocr_par' dir='ltr' id='par_1_9' title="bbox 287 994 1958 1069">
     <span class='ocr_line' id='line_1_9' title="bbox 287 994 1958 1069; baseline 0.005 -24"><span class='ocrx_word' id='word_1_55' title='bbox 287 994 736 1063; x_wconf 77' lang='grc' dir='ltr'>καταστήσωμεν.</span> <span class='ocrx_word' id='word_1_56' title='bbox 765 995 828 1048; x_wconf 84' lang='grc' dir='ltr'><strong>Εἰ</strong></span> <span class='ocrx_word' id='word_1_57' title='bbox 854 996 964 1066; x_wconf 84' lang='grc' dir='ltr'>γάρ</span> <span class='ocrx_word' id='word_1_58' title='bbox 984 996 1078 1049; x_wconf 72' lang='grc' dir='ltr'>καὶ</span> <span class='ocrx_word' id='word_1_59' title='bbox 1103 996 1176 1067; x_wconf 79' lang='grc' dir='ltr'>μή</span> <span class='ocrx_word' id='word_1_60' title='bbox 1199 998 1474 1069; x_wconf 90' lang='grc' dir='ltr'>δυνάμεθα</span> <span class='ocrx_word' id='word_1_61' title='bbox 1499 1002 1621 1053; x_wconf 78' lang='grc' dir='ltr'>κατ’</span> <span class='ocrx_word' id='word_1_62' title='bbox 1649 1000 1805 1066; x_wconf 90' lang='grc' dir='ltr'>ἀξίαν</span> <span class='ocrx_word' id='word_1_63' title='bbox 1829 1000 1958 1052; x_wconf 79' lang='grc' dir='ltr'>ποτὲ</span> 
     </span>
    </p>
   </div>
   <div class='ocr_carea' id='block_1_10' title="bbox 285 1072 1957 1152">
    <p class='ocr_par' dir='ltr' id='par_1_10' title="bbox 285 1072 1957 1152">
     <span class='ocr_line' id='line_1_10' title="bbox 285 1072 1957 1152; baseline 0.006 -28"><span class='ocrx_word' id='word_1_64' title='bbox 285 1072 446 1127; x_wconf 86' lang='grc' dir='ltr'>τοῦτο</span> <span class='ocrx_word' id='word_1_65' title='bbox 472 1075 714 1145; x_wconf 82' lang='grc' dir='ltr'>ποιῆσαι·</span> <span class='ocrx_word' id='word_1_66' title='bbox 747 1077 866 1140; x_wconf 86' lang='grc' dir='ltr'>πῶς</span> <span class='ocrx_word' id='word_1_67' title='bbox 902 1079 1034 1149; x_wconf 88' lang='grc' dir='ltr'>γάρ,</span> <span class='ocrx_word' id='word_1_68' title='bbox 1058 1081 1294 1151; x_wconf 81' lang='grc' dir='ltr'>τοσαύτῃ</span> <span class='ocrx_word' id='word_1_69' title='bbox 1311 1081 1566 1152; x_wconf 71' lang='grc' dir='ltr'>ἀσθενείᾳ</span> <span class='ocrx_word' id='word_1_70' title='bbox 1596 1082 1812 1151; x_wconf 86' lang='grc' dir='ltr'>φύσεως</span> <span class='ocrx_word' id='word_1_71' title='bbox 1832 1099 1957 1134; x_wconf 90' lang='grc' dir='ltr'>συν-</span> 
     </span>
    </p>
   </div>
   <div class='ocr_carea' id='block_1_11' title="bbox 285 1156 1959 1234">
    <p class='ocr_par' dir='ltr' id='par_1_11' title="bbox 285 1156 1959 1234">
     <span class='ocr_line' id='line_1_11' title="bbox 285 1156 1959 1234; baseline 0.006 -26"><span class='ocrx_word' id='word_1_72' title='bbox 285 1156 593 1226; x_wconf 76' lang='grc' dir='ltr'>δεδεμένοις</span> <span class='ocrx_word' id='word_1_73' title='bbox 628 1159 722 1211; x_wconf 78' lang='grc' dir='ltr'>καί</span> <span class='ocrx_word' id='word_1_74' title='bbox 741 1159 794 1212; x_wconf 90' lang='grc' dir='ltr'>τί</span> <span class='ocrx_word' id='word_1_75' title='bbox 812 1158 955 1228; x_wconf 85' lang='grc' dir='ltr'>λέγω</span> <span class='ocrx_word' id='word_1_76' title='bbox 980 1161 1079 1231; x_wconf 80' lang='grc' dir='ltr'>τὴν</span> <span class='ocrx_word' id='word_1_77' title='bbox 1106 1161 1456 1234; x_wconf 79' lang='grc' dir='ltr'>ἀνθρωπίνην</span> <span class='ocrx_word' id='word_1_78' title='bbox 1478 1163 1638 1234; x_wconf 85' lang='grc' dir='ltr'>φύσιν</span> <span class='ocrx_word' id='word_1_79' title='bbox 1662 1183 1678 1230; x_wconf 91' lang='lat'><strong>;</strong></span> <span class='ocrx_word' id='word_1_80' title='bbox 1705 1164 1818 1218; x_wconf 86' lang='grc' dir='ltr'>ἀλλ’</span> <span class='ocrx_word' id='word_1_81' title='bbox 1838 1164 1959 1218; x_wconf 88' lang='grc' dir='ltr'>οὐδὲ</span> 
     </span>
    </p>
   </div>
   <div class='ocr_carea' id='block_1_12' title="bbox 286 1239 1959 1319">
    <p class='ocr_par' dir='ltr' id='par_1_12' title="bbox 286 1239 1959 1319">
     <span class='ocr_line' id='line_1_12' title="bbox 286 1239 1959 1319; baseline 0.005 -28"><span class='ocrx_word' id='word_1_82' title='bbox 286 1239 448 1293; x_wconf 72' lang='grc' dir='ltr'>αὐταὶ</span> <span class='ocrx_word' id='word_1_83' title='bbox 465 1242 521 1294; x_wconf 85' lang='grc' dir='ltr'>αί</span> <span class='ocrx_word' id='word_1_84' title='bbox 540 1241 816 1313; x_wconf 82' lang='grc' dir='ltr'>ἀσώματοι</span> <span class='ocrx_word' id='word_1_85' title='bbox 837 1243 932 1296; x_wconf 70' lang='grc' dir='ltr'>καὶ</span> <span class='ocrx_word' id='word_1_86' title='bbox 953 1244 1174 1315; x_wconf 84' lang='grc' dir='ltr'>ἀόρατοι</span> <span class='ocrx_word' id='word_1_87' title='bbox 1196 1245 1472 1314; x_wconf 83' lang='grc' dir='ltr'>δυνάμεις,</span> <span class='ocrx_word' id='word_1_88' title='bbox 1487 1248 1580 1300; x_wconf 77' lang='grc' dir='ltr'>καὶ</span> <span class='ocrx_word' id='word_1_89' title='bbox 1603 1249 1658 1299; x_wconf 88' lang='grc' dir='ltr'>αἰ</span> <span class='ocrx_word' id='word_1_90' title='bbox 1678 1247 1959 1319; x_wconf 76' lang='grc' dir='ltr'>ἀρχαὶκαὶ</span> 
     </span>
    </p>
   </div>
   <div class='ocr_carea' id='block_1_13' title="bbox 288 1323 1957 1401">
    <p class='ocr_par' dir='ltr' id='par_1_13' title="bbox 288 1323 1957 1401">
     <span class='ocr_line' id='line_1_13' title="bbox 288 1323 1957 1401; baseline 0.004 -26"><span class='ocrx_word' id='word_1_91' title='bbox 288 1324 346 1375; x_wconf 87' lang='grc' dir='ltr'>αἱ</span> <span class='ocrx_word' id='word_1_92' title='bbox 369 1323 626 1388; x_wconf 80' lang='grc' dir='ltr'>ἐξουσίαι.</span> <span class='ocrx_word' id='word_1_93' title='bbox 650 1326 745 1379; x_wconf 70' lang='grc' dir='ltr'>καὶ</span> <span class='ocrx_word' id='word_1_94' title='bbox 773 1326 842 1380; x_wconf 90' lang='grc' dir='ltr'>τά</span> <span class='ocrx_word' id='word_1_95' title='bbox 870 1327 1168 1400; x_wconf 83' lang='grc' dir='ltr'>Χερουϐὶμ,</span> <span class='ocrx_word' id='word_1_96' title='bbox 1199 1329 1292 1381; x_wconf 83' lang='grc' dir='ltr'>καὶ</span> <span class='ocrx_word' id='word_1_97' title='bbox 1313 1329 1380 1382; x_wconf 77' lang='grc' dir='ltr'>τά</span> <span class='ocrx_word' id='word_1_98' title='bbox 1402 1331 1679 1400; x_wconf 77' lang='grc' dir='ltr'>Σεραφεὶμ</span> <span class='ocrx_word' id='word_1_99' title='bbox 1705 1331 1803 1401; x_wconf 82' lang='grc' dir='ltr'>τὴν</span> <span class='ocrx_word' id='word_1_100' title='bbox 1837 1330 1957 1384; x_wconf 79' lang='grc' dir='ltr'>κατ’</span> 
     </span>
    </p>
   </div>
   <div class='ocr_carea' id='block_1_14' title="bbox 288 1406 1954 1484">
    <p class='ocr_par' dir='ltr' id='par_1_14' title="bbox 288 1406 1954 1484">
     <span class='ocr_line' id='line_1_14' title="bbox 288 1406 1954 1484; baseline 0.005 -26"><span class='ocrx_word' id='word_1_101' title='bbox 288 1406 447 1471; x_wconf 88' lang='grc' dir='ltr'>ἀξίαν</span> <span class='ocrx_word' id='word_1_102' title='bbox 475 1407 780 1477; x_wconf 89' lang='grc' dir='ltr'>δοξολογίαν</span> <span class='ocrx_word' id='word_1_103' title='bbox 804 1411 1097 1483; x_wconf 77' lang='grc' dir='ltr'>ἀναφέρειν</span> <span class='ocrx_word' id='word_1_104' title='bbox 1142 1412 1588 1484; x_wconf 77' lang='grc' dir='ltr'>εὐχαριστοῦντες</span> <span class='ocrx_word' id='word_1_105' title='bbox 1619 1413 1954 1483; x_wconf 82' lang='grc' dir='ltr'>δυνήσονται·</span> 
     </span>
    </p>
   </div>
   <div class='ocr_carea' id='block_1_15' title="bbox 287 1490 1959 1567">
    <p class='ocr_par' dir='ltr' id='par_1_15' title="bbox 287 1490 1959 1567">
     <span class='ocr_line' id='line_1_15' title="bbox 287 1490 1959 1567; baseline 0.004 -25"><span class='ocrx_word' id='word_1_106' title='bbox 287 1490 404 1542; x_wconf 82' lang='grc' dir='ltr'>ἀλλ’</span> <span class='ocrx_word' id='word_1_107' title='bbox 439 1491 589 1561; x_wconf 79' lang='grc' dir='ltr'>ὅμως</span> <span class='ocrx_word' id='word_1_108' title='bbox 606 1491 704 1562; x_wconf 76' lang='grc' dir='ltr'>τήν</span> <span class='ocrx_word' id='word_1_109' title='bbox 729 1492 870 1546; x_wconf 88' lang='grc' dir='ltr'>κατά</span> <span class='ocrx_word' id='word_1_110' title='bbox 898 1492 1125 1565; x_wconf 89' lang='grc' dir='ltr'>δύναμιν</span> <span class='ocrx_word' id='word_1_111' title='bbox 1159 1496 1468 1563; x_wconf 84' lang='grc' dir='ltr'>ἀνενεγκεῖν</span> <span class='ocrx_word' id='word_1_112' title='bbox 1495 1496 1846 1567; x_wconf 74' lang='grc' dir='ltr'>εὐχαριστίαν</span> <span class='ocrx_word' id='word_1_113' title='bbox 1882 1496 1959 1550; x_wconf 83' lang='grc' dir='ltr'>δί-</span> 
     </span>
    </p>
   </div>
   <div class='ocr_carea' id='block_1_16' title="bbox 288 1573 1960 1651">
    <p class='ocr_par' dir='ltr' id='par_1_16' title="bbox 288 1573 1960 1651">
     <span class='ocr_line' id='line_1_16' title="bbox 288 1573 1960 1651; baseline 0.003 -25"><span class='ocrx_word' id='word_1_114' title='bbox 288 1589 442 1626; x_wconf 76' lang='grc' dir='ltr'>καιον</span> <span class='ocrx_word' id='word_1_115' title='bbox 468 1573 533 1626; x_wconf 79' lang='grc' dir='ltr'>ἀν</span> <span class='ocrx_word' id='word_1_116' title='bbox 557 1574 664 1645; x_wconf 70' lang='grc' dir='ltr'>εἴη,</span> <span class='ocrx_word' id='word_1_117' title='bbox 686 1578 779 1628; x_wconf 80' lang='grc' dir='ltr'>καὶ</span> <span class='ocrx_word' id='word_1_118' title='bbox 807 1575 1070 1646; x_wconf 82' lang='grc' dir='ltr'>διηνεκῶς</span> <span class='ocrx_word' id='word_1_119' title='bbox 1098 1576 1340 1643; x_wconf 74' lang='grc' dir='ltr'>δοξάζειν</span> <span class='ocrx_word' id='word_1_120' title='bbox 1358 1577 1450 1630; x_wconf 85' lang='grc' dir='ltr'>τὸν</span> <span class='ocrx_word' id='word_1_121' title='bbox 1477 1579 1744 1651; x_wconf 77' lang='grc' dir='ltr'>ἡμέτερον</span> <span class='ocrx_word' id='word_1_122' title='bbox 1764 1582 1826 1631; x_wconf 84' lang='grc' dir='ltr'>Δε</span> <span class='ocrx_word' id='word_1_123' title='bbox 1836 1582 1960 1631; x_wconf 90' lang='grc' dir='ltr'>σπό-</span> 
     </span>
    </p>
   </div>
   <div class='ocr_carea' id='block_1_17' title="bbox 285 1655 1958 1734">
    <p class='ocr_par' dir='ltr' id='par_1_17' title="bbox 285 1655 1958 1734">
     <span class='ocr_line' id='line_1_17' title="bbox 285 1655 1958 1734; baseline 0.005 -28"><span class='ocrx_word' id='word_1_124' title='bbox 285 1670 386 1723; x_wconf 76' lang='grc' dir='ltr'>την</span> <span class='ocrx_word' id='word_1_125' title='bbox 427 1657 520 1708; x_wconf 74' lang='grc' dir='ltr'>καὶ</span> <span class='ocrx_word' id='word_1_126' title='bbox 539 1655 630 1709; x_wconf 85' lang='grc' dir='ltr'>διά</span> <span class='ocrx_word' id='word_1_127' title='bbox 650 1656 753 1726; x_wconf 85' lang='grc' dir='ltr'>τῆς</span> <span class='ocrx_word' id='word_1_128' title='bbox 776 1657 885 1711; x_wconf 89' lang='grc' dir='ltr'>τῶν</span> <span class='ocrx_word' id='word_1_129' title='bbox 914 1657 1088 1727; x_wconf 83' lang='grc' dir='ltr'>λόγων</span> <span class='ocrx_word' id='word_1_130' title='bbox 1130 1660 1422 1730; x_wconf 86' lang='grc' dir='ltr'>εὐφημίας,</span> <span class='ocrx_word' id='word_1_131' title='bbox 1456 1661 1550 1714; x_wconf 75' lang='grc' dir='ltr'>καὶ</span> <span class='ocrx_word' id='word_1_132' title='bbox 1569 1661 1656 1714; x_wconf 72' lang='grc' dir='ltr'>διὰ</span> <span class='ocrx_word' id='word_1_133' title='bbox 1691 1662 1792 1730; x_wconf 84' lang='grc' dir='ltr'>τῆς</span> <span class='ocrx_word' id='word_1_134' title='bbox 1839 1664 1958 1734; x_wconf 86' lang='grc' dir='ltr'>ἀρί-</span> 
     </span>
    </p>
   </div>
   <div class='ocr_carea' id='block_1_18' title="bbox 288 1738 1958 1815">
    <p class='ocr_par' dir='ltr' id='par_1_18' title="bbox 288 1738 1958 1815">
     <span class='ocr_line' id='line_1_18' title="bbox 288 1738 1958 1815; baseline 0.006 -27"><span class='ocrx_word' id='word_1_135' title='bbox 288 1751 422 1806; x_wconf 87' lang='grc' dir='ltr'>στης</span> <span class='ocrx_word' id='word_1_136' title='bbox 470 1738 765 1802; x_wconf 84' lang='grc' dir='ltr'>πολιτείας.</span> <span class='ocrx_word' id='word_1_137' title='bbox 823 1739 971 1810; x_wconf 79' lang='grc' dir='ltr'>Αῦτη</span> <span class='ocrx_word' id='word_1_138' title='bbox 1021 1741 1130 1812; x_wconf 91' lang='grc' dir='ltr'>γάρ</span> <span class='ocrx_word' id='word_1_139' title='bbox 1183 1741 1417 1812; x_wconf 84' lang='grc' dir='ltr'>μάλιστα</span> <span class='ocrx_word' id='word_1_140' title='bbox 1472 1743 1565 1796; x_wconf 72' lang='grc' dir='ltr'>καὶ</span> <span class='ocrx_word' id='word_1_141' title='bbox 1602 1742 1958 1815; x_wconf 82' lang='grc' dir='ltr'>λαμπροτέρα</span> 
     </span>
    </p>
   </div>
   <div class='ocr_carea' id='block_1_19' title="bbox 285 1821 1956 1903">
    <p class='ocr_par' dir='ltr' id='par_1_19' title="bbox 285 1821 1956 1903">
     <span class='ocr_line' id='line_1_19' title="bbox 285 1821 1956 1903; baseline 0.005 -30"><span class='ocrx_word' id='word_1_142' title='bbox 285 1821 552 1903; x_wconf 68' lang='grc' dir='ltr'>γένοιτοῆ</span> <span class='ocrx_word' id='word_1_143' title='bbox 585 1823 848 1894; x_wconf 81' lang='grc' dir='ltr'>εὐφημία,</span> <span class='ocrx_word' id='word_1_144' title='bbox 884 1826 1012 1878; x_wconf 82' lang='grc' dir='ltr'>ὅταν</span> <span class='ocrx_word' id='word_1_145' title='bbox 1040 1825 1128 1903; x_wconf 73' lang='grc' dir='ltr'>διὰ</span> <span class='ocrx_word' id='word_1_146' title='bbox 1163 1825 1372 1897; x_wconf 88' lang='grc' dir='ltr'>μυρίων</span> <span class='ocrx_word' id='word_1_147' title='bbox 1401 1826 1659 1893; x_wconf 83' lang='grc' dir='ltr'>γλωσσῶν</span> <span class='ocrx_word' id='word_1_148' title='bbox 1684 1826 1779 1898; x_wconf 78' lang='grc' dir='ltr'>τὴν</span> <span class='ocrx_word' id='word_1_149' title='bbox 1810 1828 1956 1895; x_wconf 86' lang='grc' dir='ltr'>δοξο-</span> 
     </span>
    </p>
   </div>
   <div class='ocr_carea' id='block_1_20' title="bbox 285 1900 1956 1977">
    <p class='ocr_par' dir='ltr' id='par_1_20' title="bbox 285 1900 1956 1977">
     <span class='ocr_line' id='line_1_20' title="bbox 285 1900 1956 1977; baseline 0.006 -25"><span class='ocrx_word' id='word_1_150' title='bbox 285 1900 474 1970; x_wconf 85' lang='grc' dir='ltr'>λογίαν</span> <span class='ocrx_word' id='word_1_151' title='bbox 496 1905 877 1974; x_wconf 84' lang='grc' dir='ltr'>ἀναφέρωμεν.</span> <span class='ocrx_word' id='word_1_152' title='bbox 924 1906 981 1960; x_wconf 88' lang='lat'>&#39;0</span> <span class='ocrx_word' id='word_1_153' title='bbox 1026 1900 1135 1976; x_wconf 79' lang='grc' dir='ltr'>γάρ</span> <span class='ocrx_word' id='word_1_154' title='bbox 1173 1907 1428 1977; x_wconf 75' lang='grc' dir='ltr'>ἐνάρετος</span> <span class='ocrx_word' id='word_1_155' title='bbox 1457 1907 1687 1961; x_wconf 75' lang='grc' dir='ltr'>ἕκαστον</span> <span class='ocrx_word' id='word_1_156' title='bbox 1726 1910 1833 1962; x_wconf 88' lang='grc' dir='ltr'>τῶν</span> <span class='ocrx_word' id='word_1_157' title='bbox 1877 1911 1956 1974; x_wconf 87' lang='grc' dir='ltr'>είς</span> 
     </span>
    </p>
   </div>
   <div class='ocr_carea' id='block_1_21' title="bbox 287 1985 1958 2061">
    <p class='ocr_par' dir='ltr' id='par_1_21' title="bbox 287 1985 1958 2061">
     <span class='ocr_line' id='line_1_21' title="bbox 287 1985 1958 2061; baseline 0.006 -26"><span class='ocrx_word' id='word_1_158' title='bbox 287 1985 450 2038; x_wconf 79' lang='grc' dir='ltr'>αὐτὸν</span> <span class='ocrx_word' id='word_1_159' title='bbox 476 1985 727 2056; x_wconf 84' lang='grc' dir='ltr'>δρώντων</span> <span class='ocrx_word' id='word_1_160' title='bbox 778 1989 1182 2058; x_wconf 73' lang='grc' dir='ltr'>παρασκευάζει</span> <span class='ocrx_word' id='word_1_161' title='bbox 1213 1990 1303 2042; x_wconf 83' lang='grc' dir='ltr'>τὸν</span> <span class='ocrx_word' id='word_1_162' title='bbox 1332 1989 1498 2043; x_wconf 88' lang='grc' dir='ltr'>αὐτοῦ</span> <span class='ocrx_word' id='word_1_163' title='bbox 1528 1990 1803 2061; x_wconf 83' lang='grc' dir='ltr'>Δεσπότην</span> <span class='ocrx_word' id='word_1_164' title='bbox 1867 1993 1958 2045; x_wconf 86' lang='grc' dir='ltr'>ἀν-</span> 
     </span>
    </p>
   </div>
   <div class='ocr_carea' id='block_1_22' title="bbox 287 2073 1956 2148">
    <p class='ocr_par' dir='ltr' id='par_1_22' title="bbox 287 2073 1956 2148">
     <span class='ocr_line' id='line_1_22' title="bbox 287 2073 1956 2148; baseline 0.005 -24"><span class='ocrx_word' id='word_1_165' title='bbox 287 2074 502 2142; x_wconf 77' lang='grc' dir='ltr'>υμνεῖνο</span> <span class='ocrx_word' id='word_1_166' title='bbox 535 2073 629 2127; x_wconf 84' lang='grc' dir='ltr'>καί</span> <span class='ocrx_word' id='word_1_167' title='bbox 659 2076 692 2144; x_wconf 82' lang='grc' dir='ltr'><strong>ἡ</strong></span> <span class='ocrx_word' id='word_1_168' title='bbox 726 2075 858 2146; x_wconf 79' lang='grc' dir='ltr'>παρ’</span> <span class='ocrx_word' id='word_1_169' title='bbox 885 2077 1108 2130; x_wconf 80' lang='grc' dir='ltr'>ἐκείνων</span> <span class='ocrx_word' id='word_1_170' title='bbox 1157 2076 1432 2145; x_wconf 89' lang='grc' dir='ltr'>δοξολογία</span> <span class='ocrx_word' id='word_1_171' title='bbox 1471 2077 1671 2148; x_wconf 77' lang='grc' dir='ltr'>πολλὴν</span> <span class='ocrx_word' id='word_1_172' title='bbox 1703 2079 1796 2132; x_wconf 76' lang='grc' dir='ltr'>καὶ</span> <span class='ocrx_word' id='word_1_173' title='bbox 1816 2079 1956 2147; x_wconf 73' lang='grc' dir='ltr'>ἀφα-</span> 
     </span>
    </p>
   </div>
   <div class='ocr_carea' id='block_1_23' title="bbox 285 2154 1954 2232">
    <p class='ocr_par' dir='ltr' id='par_1_23' title="bbox 285 2154 1954 2232">
     <span class='ocr_line' id='line_1_23' title="bbox 285 2154 1954 2232; baseline 0.005 -24"><span class='ocrx_word' id='word_1_174' title='bbox 285 2173 380 2208; x_wconf 84' lang='grc' dir='ltr'>τον</span> <span class='ocrx_word' id='word_1_175' title='bbox 405 2154 483 2225; x_wconf 87' lang='grc' dir='ltr'>τῷ</span> <span class='ocrx_word' id='word_1_176' title='bbox 521 2157 619 2227; x_wconf 76' lang='grc' dir='ltr'>τὴν</span> <span class='ocrx_word' id='word_1_177' title='bbox 660 2158 839 2210; x_wconf 89' lang='grc' dir='ltr'>αἰτίαν</span> <span class='ocrx_word' id='word_1_178' title='bbox 882 2159 1173 2229; x_wconf 83' lang='grc' dir='ltr'>παρέχοντι</span> <span class='ocrx_word' id='word_1_179' title='bbox 1224 2161 1503 2230; x_wconf 76' lang='grc' dir='ltr'>χαρίζεται</span> <span class='ocrx_word' id='word_1_180' title='bbox 1551 2161 1650 2230; x_wconf 77' lang='grc' dir='ltr'>τὴν</span> <span class='ocrx_word' id='word_1_181' title='bbox 1679 2161 1829 2232; x_wconf 83' lang='grc' dir='ltr'>παρὰ</span> <span class='ocrx_word' id='word_1_182' title='bbox 1859 2164 1954 2216; x_wconf 84' lang='grc' dir='ltr'>τοῦ</span> 
     </span>
    </p>
   </div>
   <div class='ocr_carea' id='block_1_24' title="bbox 289 2238 1956 2316">
    <p class='ocr_par' dir='ltr' id='par_1_24' title="bbox 289 2238 1956 2316">
     <span class='ocr_line' id='line_1_24' title="bbox 289 2238 1956 2316; baseline 0.004 -24"><span class='ocrx_word' id='word_1_183' title='bbox 289 2239 561 2292; x_wconf 82' lang='grc' dir='ltr'>Δεσπότου</span> <span class='ocrx_word' id='word_1_184' title='bbox 594 2238 826 2295; x_wconf 64' lang='grc' dir='ltr'>εὔνοιαν.</span> <span class='ocrx_word' id='word_1_185' title='bbox 865 2242 930 2293; x_wconf 90' lang='grc' dir='ltr'>Τί</span> <span class='ocrx_word' id='word_1_186' title='bbox 956 2238 1049 2294; x_wconf 83' lang='grc' dir='ltr'>οὐν</span> <span class='ocrx_word' id='word_1_187' title='bbox 1078 2242 1145 2296; x_wconf 81' lang='grc' dir='ltr'>ἀν</span> <span class='ocrx_word' id='word_1_188' title='bbox 1187 2244 1340 2313; x_wconf 72' lang='grc' dir='ltr'>ἡμῶν</span> <span class='ocrx_word' id='word_1_189' title='bbox 1371 2245 1832 2316; x_wconf 90' lang='grc' dir='ltr'>μακαριστότερον</span> <span class='ocrx_word' id='word_1_190' title='bbox 1859 2246 1956 2313; x_wconf 88' lang='grc' dir='ltr'>γέ-</span> 
     </span>
    </p>
   </div>
   <div class='ocr_carea' id='block_1_25' title="bbox 285 2323 1958 2398">
    <p class='ocr_par' dir='ltr' id='par_1_25' title="bbox 285 2323 1958 2398">
     <span class='ocr_line' id='line_1_25' title="bbox 285 2323 1958 2398; baseline 0.005 -24"><span class='ocrx_word' id='word_1_191' title='bbox 285 2339 447 2385; x_wconf 84' lang='grc' dir='ltr'>νοιτο,</span> <span class='ocrx_word' id='word_1_192' title='bbox 476 2325 524 2376; x_wconf 88' lang='grc' dir='ltr'>εί</span> <span class='ocrx_word' id='word_1_193' title='bbox 543 2323 831 2393; x_wconf 80' lang='grc' dir='ltr'>μέλλοιμεν</span> <span class='ocrx_word' id='word_1_194' title='bbox 857 2325 933 2396; x_wconf 77' lang='grc' dir='ltr'>μὴ</span> <span class='ocrx_word' id='word_1_195' title='bbox 963 2327 1124 2395; x_wconf 85' lang='grc' dir='ltr'>μόνον</span> <span class='ocrx_word' id='word_1_196' title='bbox 1153 2328 1305 2380; x_wconf 85' lang='grc' dir='ltr'>αὐτοί</span> <span class='ocrx_word' id='word_1_197' title='bbox 1327 2328 1416 2381; x_wconf 85' lang='grc' dir='ltr'>διά</span> <span class='ocrx_word' id='word_1_198' title='bbox 1439 2329 1538 2398; x_wconf 84' lang='grc' dir='ltr'>τῆς</span> <span class='ocrx_word' id='word_1_199' title='bbox 1561 2329 1766 2392; x_wconf 77' lang='grc' dir='ltr'>οἰκείας</span> <span class='ocrx_word' id='word_1_200' title='bbox 1787 2328 1958 2397; x_wconf 81' lang='grc' dir='ltr'>γλώτο</span> 
     </span>
    </p>
   </div>
   <div class='ocr_carea' id='block_1_26' title="bbox 285 2403 1956 2477">
    <p class='ocr_par' dir='ltr' id='par_1_26' title="bbox 285 2403 1956 2477">
     <span class='ocr_line' id='line_1_26' title="bbox 285 2403 1956 2477; baseline 0.006 -21"><span class='ocrx_word' id='word_1_201' title='bbox 285 2420 384 2475; x_wconf 87' lang='grc' dir='ltr'>της</span> <span class='ocrx_word' id='word_1_202' title='bbox 423 2403 667 2471; x_wconf 78' lang='grc' dir='ltr'>δοξάζειν</span> <span class='ocrx_word' id='word_1_203' title='bbox 714 2405 808 2460; x_wconf 72' lang='grc' dir='ltr'>τὸν</span> <span class='ocrx_word' id='word_1_204' title='bbox 859 2407 1064 2475; x_wconf 79' lang='grc' dir='ltr'>ἀγαθὸν</span> <span class='ocrx_word' id='word_1_205' title='bbox 1091 2409 1242 2473; x_wconf 79' lang='grc' dir='ltr'>Θεὸν,</span> <span class='ocrx_word' id='word_1_206' title='bbox 1269 2409 1404 2464; x_wconf 89' lang='grc' dir='ltr'>ἀλλά</span> <span class='ocrx_word' id='word_1_207' title='bbox 1447 2411 1541 2464; x_wconf 77' lang='grc' dir='ltr'>καὶ</span> <span class='ocrx_word' id='word_1_208' title='bbox 1577 2411 1784 2476; x_wconf 84' lang='grc' dir='ltr'>πάντας</span> <span class='ocrx_word' id='word_1_209' title='bbox 1829 2415 1956 2477; x_wconf 74' lang='grc' dir='ltr'>τοὺς</span> 
     </span>
    </p>
   </div>
   <div class='ocr_carea' id='block_1_27' title="bbox 282 2486 1952 2564">
    <p class='ocr_par' dir='ltr' id='par_1_27' title="bbox 282 2486 1952 2564">
     <span class='ocr_line' id='line_1_27' title="bbox 282 2486 1952 2564; baseline 0.007 -27"><span class='ocrx_word' id='word_1_210' title='bbox 282 2488 566 2554; x_wconf 74' lang='grc' dir='ltr'>ὁμογενεῖς</span> <span class='ocrx_word' id='word_1_211' title='bbox 619 2486 908 2558; x_wconf 86' lang='grc' dir='ltr'>διεγείρειν</span> <span class='ocrx_word' id='word_1_212' title='bbox 947 2491 1028 2552; x_wconf 89' lang='grc' dir='ltr'>είς</span> <span class='ocrx_word' id='word_1_213' title='bbox 1083 2490 1182 2561; x_wconf 75' lang='grc' dir='ltr'>τὴν</span> <span class='ocrx_word' id='word_1_214' title='bbox 1234 2492 1374 2562; x_wconf 83' lang='grc' dir='ltr'>ὑπὲρ</span> <span class='ocrx_word' id='word_1_215' title='bbox 1410 2493 1568 2563; x_wconf 83' lang='grc' dir='ltr'>ήμῶν</span> <span class='ocrx_word' id='word_1_216' title='bbox 1605 2493 1952 2564; x_wconf 74' lang='grc' dir='ltr'>δοξολογίανς</span> 
     </span>
    </p>
   </div>
   <div class='ocr_carea' id='block_1_28' title="bbox 281 2567 1954 2649">
    <p class='ocr_par' dir='ltr' id='par_1_28' title="bbox 281 2567 1954 2649">
     <span class='ocr_line' id='line_1_28' title="bbox 281 2567 1954 2649; baseline 0.007 -28"><span class='ocrx_word' id='word_1_217' title='bbox 281 2567 532 2639; x_wconf 85' lang='grc' dir='ltr'>τοσαύτη</span> <span class='ocrx_word' id='word_1_218' title='bbox 555 2569 665 2640; x_wconf 80' lang='grc' dir='ltr'>γάρ</span> <span class='ocrx_word' id='word_1_219' title='bbox 683 2571 784 2640; x_wconf 83' lang='grc' dir='ltr'>τῆς</span> <span class='ocrx_word' id='word_1_220' title='bbox 811 2571 1015 2642; x_wconf 82' lang='grc' dir='ltr'>ἀρετῆς</span> <span class='ocrx_word' id='word_1_221' title='bbox 1044 2573 1077 2642; x_wconf 81' lang='grc' dir='ltr'>ή</span> <span class='ocrx_word' id='word_1_222' title='bbox 1115 2575 1267 2643; x_wconf 82' lang='grc' dir='ltr'>ίσχύς</span> <span class='ocrx_word' id='word_1_223' title='bbox 1292 2614 1304 2637; x_wconf 93' lang='grc'>,</span> <span class='ocrx_word' id='word_1_224' title='bbox 1355 2575 1431 2638; x_wconf 88' lang='grc' dir='ltr'>ῶς</span> <span class='ocrx_word' id='word_1_225' title='bbox 1481 2576 1695 2647; x_wconf 89' lang='grc' dir='ltr'>μυρίοις</span> <span class='ocrx_word' id='word_1_226' title='bbox 1727 2578 1954 2649; x_wconf 83' lang='grc' dir='ltr'>στόμασι</span> 
     </span>
    </p>
   </div>
   <div class='ocr_carea' id='block_1_29' title="bbox 280 2649 1955 2732">
    <p class='ocr_par' dir='ltr' id='par_1_29' title="bbox 280 2649 1955 2732">
     <span class='ocr_line' id='line_1_29' title="bbox 280 2649 1955 2732; baseline 0.007 -30"><span class='ocrx_word' id='word_1_227' title='bbox 280 2649 542 2703; x_wconf 80' lang='grc' dir='ltr'>δύνασθαι</span> <span class='ocrx_word' id='word_1_228' title='bbox 566 2652 659 2704; x_wconf 82' lang='grc' dir='ltr'>τὸν</span> <span class='ocrx_word' id='word_1_229' title='bbox 677 2651 1006 2723; x_wconf 78' lang='grc' dir='ltr'>δημιουργὸν</span> <span class='ocrx_word' id='word_1_230' title='bbox 1047 2655 1322 2725; x_wconf 88' lang='grc' dir='ltr'>ἀνυμνεῖν.</span> <span class='ocrx_word' id='word_1_231' title='bbox 1355 2657 1520 2710; x_wconf 86' lang='grc' dir='ltr'>Οὐδὲν</span> <span class='ocrx_word' id='word_1_232' title='bbox 1570 2658 1679 2730; x_wconf 83' lang='grc' dir='ltr'>γάρ</span> <span class='ocrx_word' id='word_1_233' title='bbox 1728 2661 1955 2732; x_wconf 88' lang='grc' dir='ltr'>ἀρίστης</span> 
     </span>
    </p>
   </div>
   <div class='ocr_carea' id='block_1_30' title="bbox 283 2734 1955 2809">
    <p class='ocr_par' dir='ltr' id='par_1_30' title="bbox 283 2734 1955 2809">
     <span class='ocr_line' id='line_1_30' title="bbox 283 2734 1955 2809; baseline 0.007 -24"><span class='ocrx_word' id='word_1_234' title='bbox 283 2734 563 2799; x_wconf 81' lang='grc' dir='ltr'>πολιτείας</span> <span class='ocrx_word' id='word_1_235' title='bbox 596 2737 709 2788; x_wconf 84' lang='grc' dir='ltr'>ῖσον</span> <span class='ocrx_word' id='word_1_236' title='bbox 737 2736 978 2803; x_wconf 90' lang='grc' dir='ltr'>γένοιτο,</span> <span class='ocrx_word' id='word_1_237' title='bbox 1021 2738 1310 2809; x_wconf 44' lang='grc' dir='ltr'>ἀγαπητέη</span> <span class='ocrx_word' id='word_1_238' title='bbox 1343 2741 1443 2793; x_wconf 85' lang='grc' dir='ltr'>Διά</span> <span class='ocrx_word' id='word_1_239' title='bbox 1489 2741 1647 2795; x_wconf 89' lang='grc' dir='ltr'>τοῦτο</span> <span class='ocrx_word' id='word_1_240' title='bbox 1675 2743 1767 2796; x_wconf 72' lang='grc' dir='ltr'>καὶ</span> <span class='ocrx_word' id='word_1_241' title='bbox 1787 2746 1815 2797; x_wconf 88' lang='grc' dir='ltr'>ό</span> <span class='ocrx_word' id='word_1_242' title='bbox 1845 2744 1955 2796; x_wconf 78' lang='grc' dir='ltr'>Κύο</span> 
     </span>
    </p>
   </div>
   <div class='ocr_carea' id='block_1_31' title="bbox 287 2816 1956 2892">
    <p class='ocr_par' dir='ltr' id='par_1_31' title="bbox 287 2816 1956 2892">
     <span class='ocr_line' id='line_1_31' title="bbox 287 2816 1956 2892; baseline 0.008 -25"><span class='ocrx_word' id='word_1_243' title='bbox 287 2831 402 2884; x_wconf 87' lang='grc' dir='ltr'>ριος</span> <span class='ocrx_word' id='word_1_244' title='bbox 447 2816 624 2886; x_wconf 67' lang='grc' dir='ltr'>ἔλεγεν</span> <span class='ocrx_word' id='word_1_245' title='bbox 672 2817 973 2886; x_wconf 75' lang='grc' dir='ltr'>Λαμψὰτω</span> <span class='ocrx_word' id='word_1_246' title='bbox 1026 2819 1093 2872; x_wconf 86' lang='grc' dir='ltr'>τὸ</span> <span class='ocrx_word' id='word_1_247' title='bbox 1134 2817 1261 2888; x_wconf 71' lang='grc' dir='ltr'>φῶς</span> <span class='ocrx_word' id='word_1_248' title='bbox 1288 2821 1453 2889; x_wconf 82' lang='grc' dir='ltr'>ὑμῶν</span> <span class='ocrx_word' id='word_1_249' title='bbox 1479 2825 1818 2892; x_wconf 74' lang='grc' dir='ltr'>ἔμπροσθεν</span> <span class='ocrx_word' id='word_1_250' title='bbox 1837 2826 1956 2881; x_wconf 85' lang='grc' dir='ltr'>τῶν</span> 
     </span>
    </p>
   </div>
   <div class='ocr_carea' id='block_1_32' title="bbox 282 2895 1954 2978">
    <p class='ocr_par' dir='ltr' id='par_1_32' title="bbox 282 2895 1954 2978">
     <span class='ocr_line' id='line_1_32' title="bbox 282 2895 1954 2978; baseline 0.008 -28"><span class='ocrx_word' id='word_1_251' title='bbox 282 2895 629 2978; x_wconf 70' lang='grc' dir='ltr'>ἀνθρώπων,</span> <span class='ocrx_word' id='word_1_252' title='bbox 675 2898 835 2963; x_wconf 79' lang='grc' dir='ltr'>ὅπως</span> <span class='ocrx_word' id='word_1_253' title='bbox 877 2897 1088 2952; x_wconf 82' lang='grc' dir='ltr'>τδωσιν</span> <span class='ocrx_word' id='word_1_254' title='bbox 1126 2900 1295 2970; x_wconf 78' lang='grc' dir='ltr'>ὑμῶν</span> <span class='ocrx_word' id='word_1_255' title='bbox 1336 2904 1409 2956; x_wconf 85' lang='grc' dir='ltr'>τὰ</span> <span class='ocrx_word' id='word_1_256' title='bbox 1471 2908 1628 2960; x_wconf 78' lang='grc' dir='ltr'>κα.λά</span> <span class='ocrx_word' id='word_1_257' title='bbox 1657 2909 1822 2978; x_wconf 77' lang='grc' dir='ltr'>ἔργα,</span> <span class='ocrx_word' id='word_1_258' title='bbox 1857 2910 1954 2964; x_wconf 83' lang='grc' dir='ltr'>καί</span> 
     </span>
    </p>
   </div>
   <div class='ocr_carea' id='block_1_33' title="bbox 281 2975 1951 3059">
    <p class='ocr_par' dir='ltr' id='par_1_33' title="bbox 281 2975 1951 3059">
     <span class='ocr_line' id='line_1_33' title="bbox 281 2975 1951 3059; baseline 0.01 -29"><span class='ocrx_word' id='word_1_259' title='bbox 281 2975 588 3059; x_wconf 68' lang='grc' dir='ltr'>δοξάσωσι</span> <span class='ocrx_word' id='word_1_260' title='bbox 611 2980 719 3034; x_wconf 87' lang='grc' dir='ltr'>τὸν</span> <span class='ocrx_word' id='word_1_261' title='bbox 758 2980 990 3048; x_wconf 81' lang='grc' dir='ltr'>Πατέρα</span> <span class='ocrx_word' id='word_1_262' title='bbox 1018 2980 1184 3050; x_wconf 81' lang='grc' dir='ltr'>ὑμῶν</span> <span class='ocrx_word' id='word_1_263' title='bbox 1239 2984 1349 3037; x_wconf 85' lang='grc' dir='ltr'>τὸν</span> <span class='ocrx_word' id='word_1_264' title='bbox 1374 2985 1444 3039; x_wconf 84' lang='grc' dir='ltr'>ἐν</span> <span class='ocrx_word' id='word_1_265' title='bbox 1492 2987 1619 3054; x_wconf 83' lang='grc' dir='ltr'>τοῖς</span> <span class='ocrx_word' id='word_1_266' title='bbox 1654 2975 1951 3059; x_wconf 83' lang='grc' dir='ltr'>οὐρανοῖς.</span> 
     </span>
    </p>
   </div>
   <div class='ocr_carea' id='block_1_34' title="bbox 283 3055 1951 3139">
    <p class='ocr_par' dir='ltr' id='par_1_34' title="bbox 283 3055 1951 3139">
     <span class='ocr_line' id='line_1_34' title="bbox 283 3055 1951 3139; baseline 0.01 -27"><span class='ocrx_word' id='word_1_267' title='bbox 283 3055 438 3123; x_wconf 80' lang='grc' dir='ltr'>Εἶδες</span> <span class='ocrx_word' id='word_1_268' title='bbox 466 3060 582 3125; x_wconf 91' lang='grc' dir='ltr'>πῶς</span> <span class='ocrx_word' id='word_1_269' title='bbox 619 3061 868 3133; x_wconf 88' lang='grc' dir='ltr'>καθάπερ</span> <span class='ocrx_word' id='word_1_270' title='bbox 898 3063 958 3116; x_wconf 83' lang='grc' dir='ltr'>τὸ</span> <span class='ocrx_word' id='word_1_271' title='bbox 982 3065 1096 3132; x_wconf 82' lang='grc' dir='ltr'>φῶς</span> <span class='ocrx_word' id='word_1_272' title='bbox 1121 3065 1288 3134; x_wconf 80' lang='grc' dir='ltr'>φανὲν</span> <span class='ocrx_word' id='word_1_273' title='bbox 1333 3067 1625 3123; x_wconf 78' lang='grc' dir='ltr'>ἀπελαύνει</span> <span class='ocrx_word' id='word_1_274' title='bbox 1654 3055 1951 3139; x_wconf 68' lang='grc' dir='ltr'>τδσκότος,</span> 
     </span>
    </p>
   </div>
   <div class='ocr_carea' id='block_1_35' title="bbox 281 3141 1956 3222">
    <p class='ocr_par' dir='ltr' id='par_1_35' title="bbox 281 3141 1956 3222">
     <span class='ocr_line' id='line_1_35' title="bbox 281 3141 1956 3222; baseline 0.01 -27"><span class='ocrx_word' id='word_1_275' title='bbox 281 3141 428 3198; x_wconf 75' lang='grc' dir='ltr'>οὕτω</span> <span class='ocrx_word' id='word_1_276' title='bbox 454 3144 548 3198; x_wconf 77' lang='grc' dir='ltr'>καὶ</span> <span class='ocrx_word' id='word_1_277' title='bbox 580 3147 614 3215; x_wconf 81' lang='grc' dir='ltr'><strong>ἡ</strong></span> <span class='ocrx_word' id='word_1_278' title='bbox 634 3145 804 3216; x_wconf 81' lang='grc' dir='ltr'>ἀρετὴ</span> <span class='ocrx_word' id='word_1_279' title='bbox 817 3146 1046 3215; x_wconf 82' lang='grc' dir='ltr'>ὀφθεῖσα</span> <span class='ocrx_word' id='word_1_280' title='bbox 1067 3149 1161 3201; x_wconf 83' lang='grc' dir='ltr'>καί</span> <span class='ocrx_word' id='word_1_281' title='bbox 1182 3148 1281 3221; x_wconf 76' lang='grc' dir='ltr'>τὴν</span> <span class='ocrx_word' id='word_1_282' title='bbox 1304 3151 1503 3205; x_wconf 88' lang='grc' dir='ltr'>κακίαν</span> <span class='ocrx_word' id='word_1_283' title='bbox 1531 3152 1841 3222; x_wconf 86' lang='grc' dir='ltr'>φυγαδεύει,</span> <span class='ocrx_word' id='word_1_284' title='bbox 1860 3158 1956 3212; x_wconf 72' lang='grc' dir='ltr'>καί¹</span> 
     </span>
    </p>
   </div>
   <div class='ocr_carea' id='block_1_36' title="bbox 280 3226 1958 3304">
    <p class='ocr_par' dir='ltr' id='par_1_36' title="bbox 280 3226 1958 3304">
     <span class='ocr_line' id='line_1_36' title="bbox 280 3226 1958 3304; baseline 0.008 -24"><span class='ocrx_word' id='word_1_285' title='bbox 280 3226 384 3296; x_wconf 76' lang='grc' dir='ltr'>τῆς</span> <span class='ocrx_word' id='word_1_286' title='bbox 414 3226 623 3299; x_wconf 86' lang='grc' dir='ltr'>πλάνης</span> <span class='ocrx_word' id='word_1_287' title='bbox 653 3229 715 3284; x_wconf 79' lang='grc' dir='ltr'>τὸ</span> <span class='ocrx_word' id='word_1_288' title='bbox 737 3229 926 3294; x_wconf 83' lang='grc' dir='ltr'>σκότος</span> <span class='ocrx_word' id='word_1_289' title='bbox 951 3229 1272 3286; x_wconf 83' lang='grc' dir='ltr'>ἀπελάσασα</span> <span class='ocrx_word' id='word_1_290' title='bbox 1299 3233 1437 3303; x_wconf 84' lang='grc' dir='ltr'>πρὸς</span> <span class='ocrx_word' id='word_1_291' title='bbox 1463 3234 1769 3304; x_wconf 90' lang='grc' dir='ltr'>δοξολογίαν</span> <span class='ocrx_word' id='word_1_292' title='bbox 1818 3243 1958 3293; x_wconf 88' lang='grc' dir='ltr'>κινεῖ</span> 
     </span>
    </p>
   </div>
   <div class='ocr_carea' id='block_1_37' title="bbox 280 3309 1954 3393">
    <p class='ocr_par' dir='ltr' id='par_1_37' title="bbox 280 3309 1954 3393">
     <span class='ocr_line' id='line_1_37' title="bbox 280 3309 1954 3393; baseline 0.007 -27"><span class='ocrx_word' id='word_1_293' title='bbox 280 3309 392 3366; x_wconf 82' lang='grc' dir='ltr'>τῶν</span> <span class='ocrx_word' id='word_1_294' title='bbox 421 3311 671 3382; x_wconf 87' lang='grc' dir='ltr'>δρώντων</span> <span class='ocrx_word' id='word_1_295' title='bbox 705 3313 806 3384; x_wconf 79' lang='grc' dir='ltr'>τὴν</span> <span class='ocrx_word' id='word_1_296' title='bbox 850 3313 1122 3379; x_wconf 88' lang='grc' dir='ltr'>διάνοιαν;</span> <span class='ocrx_word' id='word_1_297' title='bbox 1155 3314 1308 3367; x_wconf 80' lang='grc' dir='ltr'>Οὕτω</span> <span class='ocrx_word' id='word_1_298' title='bbox 1360 3316 1537 3369; x_wconf 86' lang='grc' dir='ltr'>τοίνυν</span> <span class='ocrx_word' id='word_1_299' title='bbox 1571 3319 1954 3393; x_wconf 86' lang='grc' dir='ltr'>σπουδάζωμεν</span> 
     </span>
    </p>
   </div>
   <div class='ocr_carea' id='block_1_38' title="bbox 281 3392 1954 3468">
    <p class='ocr_par' dir='ltr' id='par_1_38' title="bbox 281 3392 1954 3468">
     <span class='ocr_line' id='line_1_38' title="bbox 281 3392 1954 3468; baseline 0.007 -22"><span class='ocrx_word' id='word_1_300' title='bbox 281 3392 440 3461; x_wconf 69' lang='grc' dir='ltr'>ἡμῶν</span> <span class='ocrx_word' id='word_1_301' title='bbox 467 3393 704 3465; x_wconf 83' lang='grc' dir='ltr'>λάμπειν</span> <span class='ocrx_word' id='word_1_302' title='bbox 730 3395 800 3448; x_wconf 89' lang='grc' dir='ltr'>τά</span> <span class='ocrx_word' id='word_1_303' title='bbox 827 3395 985 3465; x_wconf 74' lang='grc' dir='ltr'>ἔργα,</span> <span class='ocrx_word' id='word_1_304' title='bbox 1023 3396 1099 3459; x_wconf 85' lang='grc' dir='ltr'>ὡς</span> <span class='ocrx_word' id='word_1_305' title='bbox 1131 3396 1221 3448; x_wconf 83' lang='grc' dir='ltr'>τὸν</span> <span class='ocrx_word' id='word_1_306' title='bbox 1242 3397 1506 3468; x_wconf 77' lang='grc' dir='ltr'>ἡμέτερον</span> <span class='ocrx_word' id='word_1_307' title='bbox 1527 3397 1840 3467; x_wconf 82' lang='grc' dir='ltr'>δοξάζεσθαι</span> <span class='ocrx_word' id='word_1_308' title='bbox 1860 3392 1954 3458; x_wconf 66' lang='grc' dir='ltr'>Δε-</span> 
     </span>
    </p>
   </div>
   <div class='ocr_carea' id='block_1_39' title="bbox 284 3476 1956 3556">
    <p class='ocr_par' dir='ltr' id='par_1_39' title="bbox 284 3476 1956 3556">
     <span class='ocr_line' id='line_1_39' title="bbox 284 3476 1956 3556; baseline 0.002 -29"><span class='ocrx_word' id='word_1_309' title='bbox 284 3479 510 3546; x_wconf 79' lang='grc' dir='ltr'>σπότην.</span> <span class='ocrx_word' id='word_1_310' title='bbox 545 3477 728 3529; x_wconf 87' lang='grc' dir='ltr'>Ταῦτα</span> <span class='ocrx_word' id='word_1_311' title='bbox 752 3476 806 3529; x_wconf 84' lang='grc' dir='ltr'>δέ</span> <span class='ocrx_word' id='word_1_312' title='bbox 835 3477 1021 3545; x_wconf 74' lang='grc' dir='ltr'>ἔλεγεν</span> <span class='ocrx_word' id='word_1_313' title='bbox 1067 3479 1098 3530; x_wconf 88' lang='grc' dir='ltr'>δ</span> <span class='ocrx_word' id='word_1_314' title='bbox 1131 3479 1391 3552; x_wconf 80' lang='grc' dir='ltr'>Χριστὸς,</span> <span class='ocrx_word' id='word_1_315' title='bbox 1433 3483 1532 3550; x_wconf 86' lang='grc' dir='ltr'>οὐχ</span> <span class='ocrx_word' id='word_1_316' title='bbox 1567 3484 1651 3536; x_wconf 89' lang='grc' dir='ltr'>ῖνα</span> <span class='ocrx_word' id='word_1_317' title='bbox 1671 3486 1803 3556; x_wconf 76' lang='grc' dir='ltr'>πρὸς</span> <span class='ocrx_word' id='word_1_318' title='bbox 1839 3489 1956 3541; x_wconf 82' lang='grc' dir='ltr'>ἐπί-</span> 
     </span>
    </p>
   </div>
   <div class='ocr_carea' id='block_1_40' title="bbox 285 3558 1951 3642">
    <p class='ocr_par' dir='ltr' id='par_1_40' title="bbox 285 3558 1951 3642">
     <span class='ocr_line' id='line_1_40' title="bbox 285 3558 1951 3642; baseline 0.008 -32"><span class='ocrx_word' id='word_1_319' title='bbox 285 3558 454 3642; x_wconf 77' lang='grc' dir='ltr'>δειξίν</span> <span class='ocrx_word' id='word_1_320' title='bbox 481 3577 532 3612; x_wconf 91' lang='grc' dir='ltr'>τι</span> <span class='ocrx_word' id='word_1_321' title='bbox 563 3559 911 3642; x_wconf 78' lang='grc' dir='ltr'>πράττωμεν·</span> <span class='ocrx_word' id='word_1_322' title='bbox 941 3560 1025 3642; x_wconf 63' lang='grc' dir='ltr'>μή</span> <span class='ocrx_word' id='word_1_323' title='bbox 1073 3560 1300 3642; x_wconf 70' lang='grc' dir='ltr'>γένοιτο·</span> <span class='ocrx_word' id='word_1_324' title='bbox 1329 3562 1443 3616; x_wconf 80' lang='grc' dir='ltr'>ἀλλ’</span> <span class='ocrx_word' id='word_1_325' title='bbox 1483 3565 1568 3617; x_wconf 82' lang='grc' dir='ltr'>ἵνα</span> <span class='ocrx_word' id='word_1_326' title='bbox 1628 3568 1765 3636; x_wconf 87' lang='grc' dir='ltr'>μετά</span> <span class='ocrx_word' id='word_1_327' title='bbox 1794 3571 1951 3642; x_wconf 82' lang='grc' dir='ltr'>ἀκρι-</span> 
     </span>
    </p>
   </div>
   <div class='ocr_carea' id='block_1_41' title="bbox 283 3639 1951 3719">
    <p class='ocr_par' dir='ltr' id='par_1_41' title="bbox 283 3639 1951 3719">
     <span class='ocr_line' id='line_1_41' title="bbox 283 3639 1951 3719; baseline 0.008 -28"><span class='ocrx_word' id='word_1_328' title='bbox 283 3640 436 3704; x_wconf 86' lang='grc' dir='ltr'>ϐείας</span> <span class='ocrx_word' id='word_1_329' title='bbox 464 3641 559 3695; x_wconf 81' lang='grc' dir='ltr'>καὶ</span> <span class='ocrx_word' id='word_1_330' title='bbox 576 3640 717 3694; x_wconf 76' lang='grc' dir='ltr'>κατά</span> <span class='ocrx_word' id='word_1_331' title='bbox 741 3641 802 3692; x_wconf 84' lang='grc' dir='ltr'>τὸ</span> <span class='ocrx_word' id='word_1_332' title='bbox 827 3639 975 3713; x_wconf 83' lang='grc' dir='ltr'>αὐτῷ</span> <span class='ocrx_word' id='word_1_333' title='bbox 993 3640 1182 3694; x_wconf 80' lang='grc' dir='ltr'>δοκοῦν</span> <span class='ocrx_word' id='word_1_334' title='bbox 1207 3641 1610 3714; x_wconf 76' lang='grc' dir='ltr'>πολιτευόμενοι</span> <span class='ocrx_word' id='word_1_335' title='bbox 1626 3649 1760 3719; x_wconf 89' lang='grc' dir='ltr'>μήτε</span> <span class='ocrx_word' id='word_1_336' title='bbox 1789 3639 1951 3719; x_wconf 81' lang='grc' dir='ltr'>βλασ-</span> 
     </span>
    </p>
   </div>
   <div class='ocr_carea' id='block_1_42' title="bbox 287 3722 1954 3802">
    <p class='ocr_par' dir='ltr' id='par_1_42' title="bbox 287 3722 1954 3802">
     <span class='ocr_line' id='line_1_42' title="bbox 287 3722 1954 3802; baseline 0.008 -28"><span class='ocrx_word' id='word_1_337' title='bbox 287 3723 476 3795; x_wconf 77' lang='grc' dir='ltr'>φημία</span> <span class='ocrx_word' id='word_1_338' title='bbox 538 3724 645 3778; x_wconf 76' lang='grc' dir='ltr'>τινὶ</span> <span class='ocrx_word' id='word_1_339' title='bbox 696 3723 880 3798; x_wconf 83' lang='grc' dir='ltr'>χώραν</span> <span class='ocrx_word' id='word_1_340' title='bbox 911 3722 1263 3794; x_wconf 88' lang='grc' dir='ltr'>παρέχωμεν,</span> <span class='ocrx_word' id='word_1_341' title='bbox 1317 3727 1411 3780; x_wconf 80' lang='grc' dir='ltr'>καὶ</span> <span class='ocrx_word' id='word_1_342' title='bbox 1438 3727 1526 3783; x_wconf 79' lang='grc' dir='ltr'>διά</span> <span class='ocrx_word' id='word_1_343' title='bbox 1554 3730 1654 3801; x_wconf 82' lang='grc' dir='ltr'>τῆς</span> <span class='ocrx_word' id='word_1_344' title='bbox 1693 3732 1954 3802; x_wconf 80' lang='grc' dir='ltr'>τῶνάγαο</span> 
     </span>
    </p>
   </div>
   <div class='ocr_carea' id='block_1_43' title="bbox 283 3805 1956 3886">
    <p class='ocr_par' dir='ltr' id='par_1_43' title="bbox 283 3805 1956 3886">
     <span class='ocr_line' id='line_1_43' title="bbox 283 3805 1956 3886; baseline 0.008 -27"><span class='ocrx_word' id='word_1_345' title='bbox 283 3807 394 3859; x_wconf 90' lang='grc' dir='ltr'>θῶν</span> <span class='ocrx_word' id='word_1_346' title='bbox 415 3807 595 3878; x_wconf 73' lang='grc' dir='ltr'>ἔργων</span> <span class='ocrx_word' id='word_1_347' title='bbox 627 3805 880 3878; x_wconf 85' lang='grc' dir='ltr'>πράξεως</span> <span class='ocrx_word' id='word_1_348' title='bbox 917 3809 1422 3880; x_wconf 79' lang='grc' dir='ltr'>παρασκευάζωμεν</span> <span class='ocrx_word' id='word_1_349' title='bbox 1449 3813 1573 3876; x_wconf 73' lang='grc' dir='ltr'>τούς</span> <span class='ocrx_word' id='word_1_350' title='bbox 1593 3815 1834 3886; x_wconf 82' lang='grc' dir='ltr'>δρῶντας</span> <span class='ocrx_word' id='word_1_351' title='bbox 1871 3817 1956 3871; x_wconf 85' lang='grc' dir='ltr'>δο-</span> 
     </span>
    </p>
   </div>
   <div class='ocr_carea' id='block_1_44' title="bbox 285 3889 1951 3970">
    <p class='ocr_par' dir='ltr' id='par_1_44' title="bbox 285 3889 1951 3970">
     <span class='ocr_line' id='line_1_44' title="bbox 285 3889 1951 3970; baseline 0.001 -25"><span class='ocrx_word' id='word_1_352' title='bbox 285 3890 469 3959; x_wconf 74' lang='grc' dir='ltr'>ξάζειν</span> <span class='ocrx_word' id='word_1_353' title='bbox 493 3891 586 3942; x_wconf 80' lang='grc' dir='ltr'>τὸν</span> <span class='ocrx_word' id='word_1_354' title='bbox 626 3889 736 3942; x_wconf 87' lang='grc' dir='ltr'>τῶν</span> <span class='ocrx_word' id='word_1_355' title='bbox 764 3890 900 3970; x_wconf 85' lang='grc' dir='ltr'>ὅλων</span> <span class='ocrx_word' id='word_1_356' title='bbox 920 3889 1074 3944; x_wconf 86' lang='grc' dir='ltr'>Θεόν.</span> <span class='ocrx_word' id='word_1_357' title='bbox 1099 3891 1232 3943; x_wconf 86' lang='grc' dir='ltr'>Τότε</span> <span class='ocrx_word' id='word_1_358' title='bbox 1257 3891 1386 3965; x_wconf 85' lang='grc' dir='ltr'>γάρ,</span> <span class='ocrx_word' id='word_1_359' title='bbox 1415 3896 1537 3948; x_wconf 78' lang='grc' dir='ltr'>τότε</span> <span class='ocrx_word' id='word_1_360' title='bbox 1567 3900 1659 3950; x_wconf 78' lang='grc' dir='ltr'>καὶ</span> <span class='ocrx_word' id='word_1_361' title='bbox 1688 3901 1787 3969; x_wconf 76' lang='grc' dir='ltr'>τὴν</span> <span class='ocrx_word' id='word_1_362' title='bbox 1821 3901 1951 3970; x_wconf 84' lang='grc' dir='ltr'>παρ’</span> 
     </span>
    </p>
   </div>
   <div class='ocr_carea' id='block_1_45' title="bbox 281 3969 1954 4049">
    <p class='ocr_par' dir='ltr' id='par_1_45' title="bbox 281 3969 1954 4049">
     <span class='ocr_line' id='line_1_45' title="bbox 281 3969 1954 4049; baseline 0.006 -24"><span class='ocrx_word' id='word_1_363' title='bbox 281 3971 448 4026; x_wconf 87' lang='grc' dir='ltr'>αὐτοῦ</span> <span class='ocrx_word' id='word_1_364' title='bbox 483 3971 694 4025; x_wconf 80' lang='grc' dir='ltr'>εὐνοιαν</span> <span class='ocrx_word' id='word_1_365' title='bbox 721 3969 984 4042; x_wconf 87' lang='grc' dir='ltr'>μειζόνως</span> <span class='ocrx_word' id='word_1_366' title='bbox 1015 3972 1453 4043; x_wconf 87' lang='grc' dir='ltr'>ἐπισπασόμεθα.</span> <span class='ocrx_word' id='word_1_367' title='bbox 1488 3978 1582 4030; x_wconf 74' lang='grc' dir='ltr'>καὶ</span> <span class='ocrx_word' id='word_1_368' title='bbox 1613 3978 1711 4049; x_wconf 78' lang='grc' dir='ltr'>τήν</span> <span class='ocrx_word' id='word_1_369' title='bbox 1733 3969 1954 4035; x_wconf 84' lang='grc' dir='ltr'>κόλασιν</span> 
     </span>
    </p>
   </div>
   <div class='ocr_carea' id='block_1_46' title="bbox 279 4054 1953 4129">
    <p class='ocr_par' dir='ltr' id='par_1_46' title="bbox 279 4054 1953 4129">
     <span class='ocr_line' id='line_1_46' title="bbox 279 4054 1953 4129; baseline 0.004 -19"><span class='ocrx_word' id='word_1_370' title='bbox 279 4056 564 4125; x_wconf 83' lang='grc' dir='ltr'>διαφυγεῖν</span> <span class='ocrx_word' id='word_1_371' title='bbox 588 4054 948 4126; x_wconf 84' lang='grc' dir='ltr'>δυνησόμεθα,</span> <span class='ocrx_word' id='word_1_372' title='bbox 973 4055 1066 4108; x_wconf 81' lang='grc' dir='ltr'>καὶ</span> <span class='ocrx_word' id='word_1_373' title='bbox 1085 4054 1194 4107; x_wconf 89' lang='grc' dir='ltr'>τῶν</span> <span class='ocrx_word' id='word_1_374' title='bbox 1220 4056 1548 4128; x_wconf 75' lang='grc' dir='ltr'>ἀπορρήτων</span> <span class='ocrx_word' id='word_1_375' title='bbox 1571 4061 1792 4129; x_wconf 86' lang='grc' dir='ltr'>ἀγαθῶν</span> <span class='ocrx_word' id='word_1_376' title='bbox 1830 4065 1953 4116; x_wconf 87' lang='grc' dir='ltr'>ἐπι-</span> 
     </span>
    </p>
   </div>
   <div class='ocr_carea' id='block_1_47' title="bbox 279 4137 1951 4215">
    <p class='ocr_par' dir='ltr' id='par_1_47' title="bbox 279 4137 1951 4215">
     <span class='ocr_line' id='line_1_47' title="bbox 279 4137 1951 4215; baseline 0.002 -21"><span class='ocrx_word' id='word_1_377' title='bbox 279 4143 481 4210; x_wconf 87' lang='grc' dir='ltr'>τυχεῖν,</span> <span class='ocrx_word' id='word_1_378' title='bbox 512 4140 694 4211; x_wconf 88' lang='grc' dir='ltr'>χάριτι</span> <span class='ocrx_word' id='word_1_379' title='bbox 726 4139 818 4192; x_wconf 70' lang='grc' dir='ltr'>καὶ</span> <span class='ocrx_word' id='word_1_380' title='bbox 850 4137 1229 4209; x_wconf 76' lang='grc' dir='ltr'>φιλανθρωπία</span> <span class='ocrx_word' id='word_1_381' title='bbox 1255 4140 1347 4193; x_wconf 90' lang='grc' dir='ltr'>τοῦ</span> <span class='ocrx_word' id='word_1_382' title='bbox 1376 4142 1580 4213; x_wconf 78' lang='grc' dir='ltr'>Κυρίου</span> <span class='ocrx_word' id='word_1_383' title='bbox 1602 4145 1951 4215; x_wconf 85' lang='grc' dir='ltr'>ἡμῶνΊησοῦ</span> 
     </span>
    </p>
   </div>
   <div class='ocr_carea' id='block_1_48' title="bbox 279 4215 1954 4298">
    <p class='ocr_par' dir='ltr' id='par_1_48' title="bbox 279 4215 1954 4298">
     <span class='ocr_line' id='line_1_48' title="bbox 279 4215 1954 4298; baseline 0.002 -21"><span class='ocrx_word' id='word_1_384' title='bbox 279 4222 433 4294; x_wconf 68' lang='grc'>1253]</span> <span class='ocrx_word' id='word_1_385' title='bbox 471 4221 729 4293; x_wconf 80' lang='grc' dir='ltr'>Χριστοῦ,</span> <span class='ocrx_word' id='word_1_386' title='bbox 791 4221 909 4291; x_wconf 81' lang='grc' dir='ltr'>μεθ’</span> <span class='ocrx_word' id='word_1_387' title='bbox 939 4215 1000 4275; x_wconf 79' lang='grc' dir='ltr'>οὐ</span> <span class='ocrx_word' id='word_1_388' title='bbox 1033 4220 1112 4291; x_wconf 81' lang='grc' dir='ltr'>τῷ</span> <span class='ocrx_word' id='word_1_389' title='bbox 1162 4221 1338 4290; x_wconf 77' lang='grc' dir='ltr'>Πατρὶ</span> <span class='ocrx_word' id='word_1_390' title='bbox 1375 4222 1491 4292; x_wconf 81' lang='grc' dir='ltr'>ἅμα</span> <span class='ocrx_word' id='word_1_391' title='bbox 1551 4226 1646 4277; x_wconf 73' lang='grc' dir='ltr'>καὶ</span> <span class='ocrx_word' id='word_1_392' title='bbox 1683 4226 1762 4296; x_wconf 81' lang='grc' dir='ltr'>τῷ</span> <span class='ocrx_word' id='word_1_393' title='bbox 1813 4229 1954 4298; x_wconf 85' lang='grc' dir='ltr'>ἀγίῳ</span> 
     </span>
    </p>
   </div>
   <div class='ocr_carea' id='block_1_49' title="bbox 281 4302 1953 4376">
    <p class='ocr_par' dir='ltr' id='par_1_49' title="bbox 281 4302 1953 4376">
     <span class='ocr_line' id='line_1_49' title="bbox 281 4302 1953 4376; baseline 0.007 -22"><span class='ocrx_word' id='word_1_394' title='bbox 281 4305 560 4376; x_wconf 77' lang='grc' dir='ltr'>ιινεύματι</span> <span class='ocrx_word' id='word_1_395' title='bbox 592 4304 739 4369; x_wconf 82' lang='grc' dir='ltr'>δόξα,</span> <span class='ocrx_word' id='word_1_396' title='bbox 770 4303 990 4374; x_wconf 88' lang='grc' dir='ltr'>κράτος,</span> <span class='ocrx_word' id='word_1_397' title='bbox 1010 4303 1166 4373; x_wconf 83' lang='grc' dir='ltr'>τιμὴ,</span> <span class='ocrx_word' id='word_1_398' title='bbox 1192 4302 1288 4356; x_wconf 86' lang='grc' dir='ltr'>νῦν</span> <span class='ocrx_word' id='word_1_399' title='bbox 1321 4305 1418 4357; x_wconf 78' lang='grc' dir='ltr'>καὶ</span> <span class='ocrx_word' id='word_1_400' title='bbox 1461 4306 1568 4371; x_wconf 79' lang='grc' dir='ltr'>ἀεὶ,</span> <span class='ocrx_word' id='word_1_401' title='bbox 1597 4309 1692 4362; x_wconf 75' lang='grc' dir='ltr'>καὶ</span> <span class='ocrx_word' id='word_1_402' title='bbox 1725 4310 1802 4372; x_wconf 83' lang='grc' dir='ltr'>εἰς</span> <span class='ocrx_word' id='word_1_403' title='bbox 1825 4314 1953 4376; x_wconf 78' lang='grc' dir='ltr'>τοὺς</span> 
     </span>
    </p>
   </div>
   <div class='ocr_carea' id='block_1_50' title="bbox 281 4386 1102 4457">
    <p class='ocr_par' dir='ltr' id='par_1_50' title="bbox 281 4386 1102 4457">
     <span class='ocr_line' id='line_1_50' title="bbox 281 4386 1102 4457; baseline 0 -16"><span class='ocrx_word' id='word_1_404' title='bbox 281 4389 479 4453; x_wconf 89' lang='grc' dir='ltr'>αἰῶνας</span> <span class='ocrx_word' id='word_1_405' title='bbox 497 4387 607 4442; x_wconf 90' lang='grc' dir='ltr'>τῶν</span> <span class='ocrx_word' id='word_1_406' title='bbox 629 4386 857 4441; x_wconf 87' lang='grc' dir='ltr'>αίώνων.</span> <span class='ocrx_word' id='word_1_407' title='bbox 899 4386 1102 4457; x_wconf 81' lang='grc' dir='ltr'>Ἀμήν..</span> 
     </span>
    </p>
   </div>
   <div class='ocr_carea' id='block_1_51' title="bbox 874 4547 1270 4602">
    <p class='ocr_par' dir='ltr' id='par_1_51' title="bbox 874 4547 1270 4602">
     <span class='ocr_line' id='line_1_51' title="bbox 874 4547 1270 4602; baseline 0.005 -2"><span class='ocrx_word' id='word_1_408' title='bbox 874 4547 1119 4601; x_wconf 78' lang='grc' dir='ltr'>ΟΜΙΛΙΛ</span> <span class='ocrx_word' id='word_1_409' title='bbox 1153 4549 1270 4602; x_wconf 82' lang='grc' dir='ltr'>ΚΖ·</span> 
     </span>
    </p>
   </div>
   <div class='ocr_carea' id='block_1_52' title="bbox 283 4686 1947 4761">
    <p class='ocr_par' dir='ltr' id='par_1_52' title="bbox 283 4686 1947 4761">
     <span class='ocr_line' id='line_1_52' title="bbox 283 4686 1947 4761; baseline 0.004 -18"><span class='ocrx_word' id='word_1_410' title='bbox 283 4690 387 4746; x_wconf 73' lang='grc' dir='ltr'>Καὶ</span> <span class='ocrx_word' id='word_1_411' title='bbox 409 4689 759 4758; x_wconf 78' lang='grc' dir='ltr'>ᾠκοδόμησε</span> <span class='ocrx_word' id='word_1_412' title='bbox 793 4686 922 4742; x_wconf 83' lang='grc' dir='ltr'>Νῶε</span> <span class='ocrx_word' id='word_1_413' title='bbox 972 4687 1408 4756; x_wconf 75' lang='grc' dir='ltr'>θυσιαστήριον</span> <span class='ocrx_word' id='word_1_414' title='bbox 1456 4687 1537 4754; x_wconf 78' lang='grc' dir='ltr'>τῷ</span> <span class='ocrx_word' id='word_1_415' title='bbox 1573 4695 1786 4761; x_wconf 80' lang='grc' dir='ltr'>Κυρίῳ,</span> <span class='ocrx_word' id='word_1_416' title='bbox 1850 4699 1947 4751; x_wconf 73' lang='grc' dir='ltr'>καὶ</span> 
     </span>
    </p>
   </div>
   <div class='ocr_carea' id='block_1_53' title="bbox 349 4769 1950 4846">
    <p class='ocr_par' dir='ltr' id='par_1_53' title="bbox 349 4769 1950 4846">
     <span class='ocr_line' id='line_1_53' title="bbox 349 4769 1950 4846; baseline 0.004 -19"><span class='ocrx_word' id='word_1_417' title='bbox 349 4775 566 4828; x_wconf 68' lang='grc' dir='ltr'>ἐλαϐεν</span> <span class='ocrx_word' id='word_1_418' title='bbox 587 4771 707 4827; x_wconf 76' lang='grc' dir='ltr'>ἀπὸ</span> <span class='ocrx_word' id='word_1_419' title='bbox 731 4771 974 4826; x_wconf 74' lang='grc' dir='ltr'>πάντων</span> <span class='ocrx_word' id='word_1_420' title='bbox 1000 4769 1121 4826; x_wconf 84' lang='grc' dir='ltr'>τῶν</span> <span class='ocrx_word' id='word_1_421' title='bbox 1147 4771 1383 4838; x_wconf 77' lang='grc' dir='ltr'>κτηνῶν</span> <span class='ocrx_word' id='word_1_422' title='bbox 1403 4773 1521 4827; x_wconf 79' lang='grc' dir='ltr'>τῶν</span> <span class='ocrx_word' id='word_1_423' title='bbox 1545 4778 1836 4846; x_wconf 78' lang='grc' dir='ltr'>καθαρῶν,</span> <span class='ocrx_word' id='word_1_424' title='bbox 1852 4781 1950 4834; x_wconf 81' lang='grc' dir='ltr'>καί</span> 
     </span>
    </p>
   </div>
   <div class='ocr_carea' id='block_1_54' title="bbox 347 4852 1950 4928">
    <p class='ocr_par' dir='ltr' id='par_1_54' title="bbox 347 4852 1950 4928">
     <span class='ocr_line' id='line_1_54' title="bbox 347 4852 1950 4928; baseline 0.006 -21"><span class='ocrx_word' id='word_1_425' title='bbox 347 4856 466 4912; x_wconf 69' lang='grc' dir='ltr'>ἀπὸ</span> <span class='ocrx_word' id='word_1_426' title='bbox 484 4855 726 4909; x_wconf 76' lang='grc' dir='ltr'>πάντων</span> <span class='ocrx_word' id='word_1_427' title='bbox 748 4852 866 4907; x_wconf 82' lang='grc' dir='ltr'>τῶν</span> <span class='ocrx_word' id='word_1_428' title='bbox 887 4852 1174 4910; x_wconf 70' lang='grc' dir='ltr'>πετεινῶν</span> <span class='ocrx_word' id='word_1_429' title='bbox 1189 4853 1481 4922; x_wconf 80' lang='grc' dir='ltr'>καθαρῶν,</span> <span class='ocrx_word' id='word_1_430' title='bbox 1498 4858 1594 4909; x_wconf 84' lang='grc' dir='ltr'>καί</span> <span class='ocrx_word' id='word_1_431' title='bbox 1619 4858 1950 4928; x_wconf 78' lang='grc' dir='ltr'>ἀνήνεγκεν</span> 
     </span>
    </p>
   </div>
   <div class='ocr_carea' id='block_1_55' title="bbox 350 4935 1480 5007">
    <p class='ocr_par' dir='ltr' id='par_1_55' title="bbox 350 4935 1480 5007">
     <span class='ocr_line' id='line_1_55' title="bbox 350 4935 1480 5007; baseline -0.004 -12"><span class='ocrx_word' id='word_1_432' title='bbox 350 4937 773 5007; x_wconf 65' lang='grc' dir='ltr'>ὁλοκὰρπωσιν</span> <span class='ocrx_word' id='word_1_433' title='bbox 807 4937 897 5002; x_wconf 83' lang='grc' dir='ltr'>εἰς</span> <span class='ocrx_word' id='word_1_434' title='bbox 934 4935 1001 4990; x_wconf 83' lang='grc' dir='ltr'>τὸ</span> <span class='ocrx_word' id='word_1_435' title='bbox 1031 4936 1480 5004; x_wconf 79' lang='grc' dir='ltr'>θυσιαστήριον.</span> 
     </span>
    </p>
   </div>
   <div class='ocr_carea' id='block_1_56' title="bbox 349 5039 1951 5114">
    <p class='ocr_par' dir='ltr' id='par_1_56' title="bbox 349 5039 1951 5114">
     <span class='ocr_line' id='line_1_56' title="bbox 349 5039 1951 5114; baseline 0.005 -20"><span class='ocrx_word' id='word_1_436' title='bbox 349 5042 617 5098; x_wconf 81' lang='grc' dir='ltr'>α⁹.Ετδετε</span> <span class='ocrx_word' id='word_1_437' title='bbox 648 5041 774 5112; x_wconf 90' lang='grc' dir='ltr'>χθές</span> <span class='ocrx_word' id='word_1_438' title='bbox 801 5039 898 5094; x_wconf 90' lang='grc' dir='ltr'>τοῦ</span> <span class='ocrx_word' id='word_1_439' title='bbox 931 5039 1310 5110; x_wconf 78' lang='grc' dir='ltr'>φιλανθρώπου</span> <span class='ocrx_word' id='word_1_440' title='bbox 1339 5041 1609 5094; x_wconf 89' lang='grc' dir='ltr'>Δεσπότου</span> <span class='ocrx_word' id='word_1_441' title='bbox 1639 5043 1736 5114; x_wconf 73' lang='grc' dir='ltr'>τήν</span> <span class='ocrx_word' id='word_1_442' title='bbox 1758 5046 1951 5113; x_wconf 85' lang='grc' dir='ltr'>ἀγαθό-</span> 
     </span>
    </p>
   </div>
   <div class='ocr_carea' id='block_1_57' title="bbox 273 5122 1951 5196">
    <p class='ocr_par' dir='ltr' id='par_1_57' title="bbox 273 5122 1951 5196">
     <span class='ocr_line' id='line_1_57' title="bbox 273 5122 1951 5196; baseline 0.001 -15"><span class='ocrx_word' id='word_1_443' title='bbox 273 5144 436 5196; x_wconf 84' lang='grc' dir='ltr'>τητα,</span> <span class='ocrx_word' id='word_1_444' title='bbox 468 5127 617 5187; x_wconf 81' lang='grc' dir='ltr'>ὅπως</span> <span class='ocrx_word' id='word_1_445' title='bbox 634 5124 727 5176; x_wconf 78' lang='grc' dir='ltr'>τὸν</span> <span class='ocrx_word' id='word_1_446' title='bbox 773 5123 979 5176; x_wconf 86' lang='grc' dir='ltr'>δίκαιον</span> <span class='ocrx_word' id='word_1_447' title='bbox 1007 5122 1272 5192; x_wconf 84' lang='grc' dir='ltr'>ἐξήγαγεν</span> <span class='ocrx_word' id='word_1_448' title='bbox 1301 5124 1365 5176; x_wconf 89' lang='grc' dir='ltr'>ἐκ</span> <span class='ocrx_word' id='word_1_449' title='bbox 1383 5123 1482 5192; x_wconf 85' lang='grc' dir='ltr'>τῆς</span> <span class='ocrx_word' id='word_1_450' title='bbox 1518 5126 1772 5192; x_wconf 85' lang='grc' dir='ltr'>κιϐωτοῦ,</span> <span class='ocrx_word' id='word_1_451' title='bbox 1809 5129 1951 5183; x_wconf 78' lang='grc' dir='ltr'>ἐλευο</span> 
     </span>
    </p>
   </div>
   <div class='ocr_carea' id='block_1_58' title="bbox 277 5208 1946 5286">
    <p class='ocr_par' dir='ltr' id='par_1_58' title="bbox 277 5208 1946 5286">
     <span class='ocr_line' id='line_1_58' title="bbox 277 5208 1946 5286; baseline -0.005 -19"><span class='ocrx_word' id='word_1_452' title='bbox 277 5213 526 5286; x_wconf 83' lang='grc' dir='ltr'>θερώσας</span> <span class='ocrx_word' id='word_1_453' title='bbox 562 5213 656 5265; x_wconf 77' lang='grc' dir='ltr'>καὶ</span> <span class='ocrx_word' id='word_1_454' title='bbox 683 5210 782 5279; x_wconf 82' lang='grc' dir='ltr'>τῆς</span> <span class='ocrx_word' id='word_1_455' title='bbox 805 5211 923 5262; x_wconf 86' lang='grc' dir='ltr'>ἐκεῖ</span> <span class='ocrx_word' id='word_1_456' title='bbox 944 5209 1242 5276; x_wconf 78' lang='grc' dir='ltr'>διαγωγῆς,</span> <span class='ocrx_word' id='word_1_457' title='bbox 1268 5208 1361 5260; x_wconf 72' lang='grc' dir='ltr'>καὶ</span> <span class='ocrx_word' id='word_1_458' title='bbox 1390 5209 1704 5277; x_wconf 86' lang='grc' dir='ltr'>ἀπαλλάξας</span> <span class='ocrx_word' id='word_1_459' title='bbox 1726 5213 1821 5267; x_wconf 89' lang='grc' dir='ltr'>τοῦ</span> <span class='ocrx_word' id='word_1_460' title='bbox 1847 5235 1946 5285; x_wconf 85' lang='grc' dir='ltr'>χα-</span> 
     </span>
    </p>
   </div>
   <div class='ocr_carea' id='block_1_59' title="bbox 276 5290 1948 5369">
    <p class='ocr_par' dir='ltr' id='par_1_59' title="bbox 276 5290 1948 5369">
     <span class='ocr_line' id='line_1_59' title="bbox 276 5290 1948 5369; baseline -0.007 -21"><span class='ocrx_word' id='word_1_461' title='bbox 276 5295 444 5349; x_wconf 83' lang='grc' dir='ltr'>λεποῦ</span> <span class='ocrx_word' id='word_1_462' title='bbox 477 5293 688 5347; x_wconf 84' lang='grc' dir='ltr'>ἐκείνου</span> <span class='ocrx_word' id='word_1_463' title='bbox 709 5293 801 5344; x_wconf 79' lang='grc' dir='ltr'>καὶ</span> <span class='ocrx_word' id='word_1_464' title='bbox 827 5291 976 5356; x_wconf 83' lang='grc' dir='ltr'>ξένου</span> <span class='ocrx_word' id='word_1_465' title='bbox 1001 5290 1394 5361; x_wconf 77' lang='grc' dir='ltr'>δεσμωτηρίου,</span> <span class='ocrx_word' id='word_1_466' title='bbox 1427 5292 1639 5362; x_wconf 75' lang='grc' dir='ltr'>καὶτῆς</span> <span class='ocrx_word' id='word_1_467' title='bbox 1671 5295 1948 5369; x_wconf 72' lang='grc' dir='ltr'>ὑπομονῆς</span> 
     </span>
    </p>
   </div>
   <div class='ocr_carea' id='block_1_60' title="bbox 273 5376 1945 5453">
    <p class='ocr_par' dir='ltr' id='par_1_60' title="bbox 273 5376 1945 5453">
     <span class='ocr_line' id='line_1_60' title="bbox 273 5376 1945 5453; baseline 0.01 -31"><span class='ocrx_word' id='word_1_468' title='bbox 273 5381 428 5453; x_wconf 52' lang='grc' dir='ltr'>αὐτῷ</span> <span class='ocrx_word' id='word_1_469' title='bbox 449 5381 548 5444; x_wconf 72' lang='grc' dir='ltr'>τὰς</span> <span class='ocrx_word' id='word_1_470' title='bbox 567 5378 800 5449; x_wconf 77' lang='grc' dir='ltr'>ἀμοιϐάς</span> <span class='ocrx_word' id='word_1_471' title='bbox 836 5377 1170 5431; x_wconf 86' lang='grc' dir='ltr'>ἀποδέδωκεν</span> <span class='ocrx_word' id='word_1_472' title='bbox 1218 5376 1406 5430; x_wconf 75' lang='grc' dir='ltr'>εἰπών’</span> <span class='ocrx_word' id='word_1_473' title='bbox 1439 5378 1782 5442; x_wconf 79' lang='grc' dir='ltr'>Λύξάνεσθε</span> <span class='ocrx_word' id='word_1_474' title='bbox 1848 5387 1945 5438; x_wconf 81' lang='grc' dir='ltr'>καί</span> 
     </span>
    </p>
   </div>
   <div class='ocr_carea' id='block_1_61' title="bbox 274 5457 1948 5534">
    <p class='ocr_par' dir='ltr' id='par_1_61' title="bbox 274 5457 1948 5534">
     <span class='ocr_line' id='line_1_61' title="bbox 274 5457 1948 5534; baseline -0.008 -12"><span class='ocrx_word' id='word_1_475' title='bbox 274 5465 683 5532; x_wconf 69' lang='grc' dir='ltr'>κληθύνεσθε.</span> <span class='ocrx_word' id='word_1_476' title='bbox 714 5461 989 5531; x_wconf 82' lang='grc' dir='ltr'>Μάθωμεν</span> <span class='ocrx_word' id='word_1_477' title='bbox 1031 5461 1270 5530; x_wconf 79' lang='grc' dir='ltr'>σήμερον</span> <span class='ocrx_word' id='word_1_478' title='bbox 1321 5457 1412 5512; x_wconf 90' lang='grc' dir='ltr'>τοῦ</span> <span class='ocrx_word' id='word_1_479' title='bbox 1458 5460 1578 5512; x_wconf 88' lang='grc' dir='ltr'>Νῶε</span> <span class='ocrx_word' id='word_1_480' title='bbox 1613 5461 1710 5534; x_wconf 77' lang='grc' dir='ltr'>τὴν</span> <span class='ocrx_word' id='word_1_481' title='bbox 1742 5465 1948 5534; x_wconf 78' lang='grc' dir='ltr'>εὐγνω-</span> 
     </span>
    </p>
   </div>
   <div class='ocr_carea' id='block_1_62' title="bbox 281 5536 1947 5621">
    <p class='ocr_par' dir='ltr' id='par_1_62' title="bbox 281 5536 1947 5621">
     <span class='ocr_line' id='line_1_62' title="bbox 281 5536 1947 5621; baseline 0 -19"><span class='ocrx_word' id='word_1_482' title='bbox 281 5547 541 5621; x_wconf 84' lang='grc' dir='ltr'>μοσύνην,</span> <span class='ocrx_word' id='word_1_483' title='bbox 565 5547 658 5600; x_wconf 71' lang='grc' dir='ltr'>καὶ</span> <span class='ocrx_word' id='word_1_484' title='bbox 687 5545 788 5615; x_wconf 78' lang='grc' dir='ltr'>τήν</span> <span class='ocrx_word' id='word_1_485' title='bbox 815 5544 1132 5613; x_wconf 78' lang='grc' dir='ltr'>εὐχάριστον</span> <span class='ocrx_word' id='word_1_486' title='bbox 1151 5541 1347 5613; x_wconf 76' lang='grc' dir='ltr'>ψυχὴν,</span> <span class='ocrx_word' id='word_1_487' title='bbox 1366 5540 1432 5594; x_wconf 80' lang='grc' dir='ltr'>δι’</span> <span class='ocrx_word' id='word_1_488' title='bbox 1449 5536 1515 5613; x_wconf 77' lang='grc' dir='ltr'>ἧς</span> <span class='ocrx_word' id='word_1_489' title='bbox 1535 5544 1696 5597; x_wconf 88' lang='grc' dir='ltr'>πάλιν</span> <span class='ocrx_word' id='word_1_490' title='bbox 1728 5545 1947 5602; x_wconf 88' lang='grc' dir='ltr'>πλείονα</span> 
     </span>
    </p>
   </div>
   <div class='ocr_carea' id='block_1_63' title="bbox 277 5625 1946 5699">
    <p class='ocr_par' dir='ltr' id='par_1_63' title="bbox 277 5625 1946 5699">
     <span class='ocr_line' id='line_1_63' title="bbox 277 5625 1946 5699; baseline -0.001 -15"><span class='ocrx_word' id='word_1_491' title='bbox 277 5633 370 5685; x_wconf 76' lang='grc' dir='ltr'>καὶ</span> <span class='ocrx_word' id='word_1_492' title='bbox 395 5629 573 5698; x_wconf 82' lang='grc' dir='ltr'>πολλῷ</span> <span class='ocrx_word' id='word_1_493' title='bbox 605 5627 826 5699; x_wconf 83' lang='grc' dir='ltr'>μείζονα</span> <span class='ocrx_word' id='word_1_494' title='bbox 849 5626 1206 5691; x_wconf 70' lang='grc' dir='ltr'>ἐξεκαλέσατο</span> <span class='ocrx_word' id='word_1_495' title='bbox 1226 5625 1316 5679; x_wconf 89' lang='grc' dir='ltr'>τοῦ</span> <span class='ocrx_word' id='word_1_496' title='bbox 1337 5625 1472 5680; x_wconf 88' lang='grc' dir='ltr'>Θεοῦ</span> <span class='ocrx_word' id='word_1_497' title='bbox 1503 5628 1600 5697; x_wconf 75' lang='grc' dir='ltr'>τὴν</span> <span class='ocrx_word' id='word_1_498' title='bbox 1632 5630 1756 5699; x_wconf 87' lang='grc' dir='ltr'>περί</span> <span class='ocrx_word' id='word_1_499' title='bbox 1786 5629 1946 5684; x_wconf 82' lang='grc' dir='ltr'>αὐτὸν</span> 
     </span>
    </p>
   </div>
   <div class='ocr_carea' id='block_1_64' title="bbox 277 5707 1942 5783">
    <p class='ocr_par' dir='ltr' id='par_1_64' title="bbox 277 5707 1942 5783">
     <span class='ocr_line' id='line_1_64' title="bbox 277 5707 1942 5783; baseline -0.005 -11"><span class='ocrx_word' id='word_1_500' title='bbox 277 5710 506 5772; x_wconf 65' lang='grc' dir='ltr'>εὔνοιαν.</span> <span class='ocrx_word' id='word_1_501' title='bbox 533 5712 643 5770; x_wconf 76' lang='grc' dir='ltr'>Καὶ</span> <span class='ocrx_word' id='word_1_502' title='bbox 663 5713 771 5783; x_wconf 76' lang='grc' dir='ltr'>γάρ</span> <span class='ocrx_word' id='word_1_503' title='bbox 800 5709 1040 5772; x_wconf 85' lang='grc' dir='ltr'>τοιοῦτος</span> <span class='ocrx_word' id='word_1_504' title='bbox 1068 5710 1097 5762; x_wconf 83' lang='grc' dir='ltr'>δ</span> <span class='ocrx_word' id='word_1_505' title='bbox 1133 5707 1285 5772; x_wconf 82' lang='grc' dir='ltr'>Θεός·</span> <span class='ocrx_word' id='word_1_506' title='bbox 1313 5708 1527 5764; x_wconf 75' lang='grc' dir='ltr'>ἐπειδὰν</span> <span class='ocrx_word' id='word_1_507' title='bbox 1568 5711 1650 5779; x_wconf 80' lang='grc' dir='ltr'>ίδῃ</span> <span class='ocrx_word' id='word_1_508' title='bbox 1697 5711 1786 5766; x_wconf 73' lang='grc' dir='ltr'>ἐπὶ</span> <span class='ocrx_word' id='word_1_509' title='bbox 1831 5715 1942 5776; x_wconf 80' lang='grc' dir='ltr'>τοῖς</span> 
     </span>
    </p>
   </div>
   <div class='ocr_carea' id='block_1_65' title="bbox 1425 294 2626 356">
    <p class='ocr_par' dir='ltr' id='par_1_65' title="bbox 1425 294 2626 356">
     <span class='ocr_line' id='line_1_65' title="bbox 1425 294 2626 356; baseline 0.004 -5"><span class='ocrx_word' id='word_1_510' title='bbox 1425 294 1490 351; x_wconf 73' lang='grc' dir='ltr'>ΓΝ</span> <span class='ocrx_word' id='word_1_511' title='bbox 1523 295 1676 352; x_wconf 69' lang='lat' dir='ltr'><strong>CAP.</strong></span> <span class='ocrx_word' id='word_1_512' title='bbox 1723 295 1834 350; x_wconf 70' lang='lat' dir='ltr'>VIII</span> <span class='ocrx_word' id='word_1_513' title='bbox 1872 295 2111 352; x_wconf 70' lang='lat' dir='ltr'>GENES.</span> <span class='ocrx_word' id='word_1_514' title='bbox 2146 296 2376 354; x_wconf 73' lang='lat' dir='ltr'>HOMIL.</span> <span class='ocrx_word' id='word_1_515' title='bbox 2419 298 2626 356; x_wconf 71' lang='lat' dir='ltr'>XXVII.</span> 
     </span>
    </p>
   </div>
   <div class='ocr_carea' id='block_1_66' title="bbox 3625 307 3734 361">
    <p class='ocr_par' dir='ltr' id='par_1_66' title="bbox 3625 307 3734 361">
     <span class='ocr_line' id='line_1_66' title="bbox 3625 307 3734 361; baseline 0.018 -2"><span class='ocrx_word' id='word_1_516' title='bbox 3625 307 3734 361; x_wconf 57' lang='lat'>2‘0</span> 
     </span>
    </p>
   </div>
   <div class='ocr_carea' id='block_1_67' title="bbox 2067 413 3730 488">
    <p class='ocr_par' dir='ltr' id='par_1_67' title="bbox 2067 413 3730 488">
     <span class='ocr_line' id='line_1_67' title="bbox 2067 413 3730 488; baseline 0.004 -23"><span class='ocrx_word' id='word_1_517' title='bbox 2067 413 2334 482; x_wconf 77' lang='grc' dir='ltr'>φθάσασιν</span> <span class='ocrx_word' id='word_1_518' title='bbox 2364 415 2710 487; x_wconf 81' lang='grc' dir='ltr'>εὐγνώμονας</span> <span class='ocrx_word' id='word_1_519' title='bbox 2735 417 3150 488; x_wconf 75' lang='grc' dir='ltr'>γεγενημένους,</span> <span class='ocrx_word' id='word_1_520' title='bbox 3183 417 3730 488; x_wconf 75' lang='grc' dir='ltr'>ἐπιδαψιλεύεταιτάς</span> 
     </span>
    </p>
   </div>
   <div class='ocr_carea' id='block_1_68' title="bbox 2067 497 3730 572">
    <p class='ocr_par' dir='ltr' id='par_1_68' title="bbox 2067 497 3730 572">
     <span class='ocr_line' id='line_1_68' title="bbox 2067 497 3730 572; baseline 0.004 -25"><span class='ocrx_word' id='word_1_521' title='bbox 2067 497 2195 566; x_wconf 86' lang='grc' dir='ltr'>παρ’</span> <span class='ocrx_word' id='word_1_522' title='bbox 2227 497 2419 550; x_wconf 78' lang='grc' dir='ltr'>ἑαυτοῦ</span> <span class='ocrx_word' id='word_1_523' title='bbox 2441 498 2666 568; x_wconf 88' lang='grc' dir='ltr'>δωρεάς.</span> <span class='ocrx_word' id='word_1_524' title='bbox 2688 499 3080 570; x_wconf 79' lang='grc' dir='ltr'>Σπουδάζωμεν</span> <span class='ocrx_word' id='word_1_525' title='bbox 3109 499 3286 553; x_wconf 92' lang='grc' dir='ltr'>τοίνυν</span> <span class='ocrx_word' id='word_1_526' title='bbox 3304 501 3394 554; x_wconf 76' lang='grc' dir='ltr'>καὶ</span> <span class='ocrx_word' id='word_1_527' title='bbox 3420 503 3580 572; x_wconf 81' lang='grc' dir='ltr'>ἡμεῖς</span> <span class='ocrx_word' id='word_1_528' title='bbox 3633 503 3730 572; x_wconf 71' lang='grc' dir='ltr'>τήν</span> 
     </span>
    </p>
   </div>
   <div class='ocr_carea' id='block_1_69' title="bbox 2067 579 3729 656">
    <p class='ocr_par' dir='ltr' id='par_1_69' title="bbox 2067 579 3729 656">
     <span class='ocr_line' id='line_1_69' title="bbox 2067 579 3729 656; baseline 0.004 -24"><span class='ocrx_word' id='word_1_529' title='bbox 2067 580 2206 632; x_wconf 82' lang='grc' dir='ltr'>κατὰ</span> <span class='ocrx_word' id='word_1_530' title='bbox 2236 579 2464 650; x_wconf 88' lang='grc' dir='ltr'>δύναμιν</span> <span class='ocrx_word' id='word_1_531' title='bbox 2491 581 2838 650; x_wconf 85' lang='grc' dir='ltr'>εὐχαριστίαν</span> <span class='ocrx_word' id='word_1_532' title='bbox 2872 583 3162 653; x_wconf 77' lang='grc' dir='ltr'>ἀναφέρειν</span> <span class='ocrx_word' id='word_1_533' title='bbox 3200 581 3276 653; x_wconf 80' lang='grc' dir='ltr'>τῷ</span> <span class='ocrx_word' id='word_1_534' title='bbox 3305 584 3549 656; x_wconf 81' lang='grc' dir='ltr'>Δεσπότῃ</span> <span class='ocrx_word' id='word_1_535' title='bbox 3590 585 3729 654; x_wconf 72' lang='grc' dir='ltr'>ὑπὲρ</span> 
     </span>
    </p>
   </div>
   <div class='ocr_carea' id='block_1_70' title="bbox 2066 661 3728 737">
    <p class='ocr_par' dir='ltr' id='par_1_70' title="bbox 2066 661 3728 737">
     <span class='ocr_line' id='line_1_70' title="bbox 2066 661 3728 737; baseline 0.003 -23"><span class='ocrx_word' id='word_1_536' title='bbox 2066 661 2173 714; x_wconf 87' lang='grc' dir='ltr'>τῶν</span> <span class='ocrx_word' id='word_1_537' title='bbox 2199 662 2554 733; x_wconf 79' lang='grc' dir='ltr'>ὑπαρξάντων</span> <span class='ocrx_word' id='word_1_538' title='bbox 2573 665 2702 733; x_wconf 79' lang='grc' dir='ltr'>ἡμῖν</span> <span class='ocrx_word' id='word_1_539' title='bbox 2741 665 2870 734; x_wconf 80' lang='grc' dir='ltr'>παρ’</span> <span class='ocrx_word' id='word_1_540' title='bbox 2890 663 3056 717; x_wconf 88' lang='grc' dir='ltr'>αὐτοῦ</span> <span class='ocrx_word' id='word_1_541' title='bbox 3087 665 3327 732; x_wconf 86' lang='grc' dir='ltr'>ἀγαθῶν,</span> <span class='ocrx_word' id='word_1_542' title='bbox 3355 666 3441 719; x_wconf 83' lang='grc' dir='ltr'>ῐνα</span> <span class='ocrx_word' id='word_1_543' title='bbox 3479 667 3572 720; x_wconf 74' lang='grc' dir='ltr'>καί⁵</span> <span class='ocrx_word' id='word_1_544' title='bbox 3606 683 3728 737; x_wconf 84' lang='grc' dir='ltr'>μει-</span> 
     </span>
    </p>
   </div>
   <div class='ocr_carea' id='block_1_71' title="bbox 2068 743 3729 819">
    <p class='ocr_par' dir='ltr' id='par_1_71' title="bbox 2068 743 3729 819">
     <span class='ocr_line' id='line_1_71' title="bbox 2068 743 3729 819; baseline 0.005 -25"><span class='ocrx_word' id='word_1_545' title='bbox 2068 743 2234 806; x_wconf 85' lang='grc' dir='ltr'>ζόνων</span> <span class='ocrx_word' id='word_1_546' title='bbox 2256 743 2596 813; x_wconf 84' lang='grc' dir='ltr'>ἀξιωθῶμεν,</span> <span class='ocrx_word' id='word_1_547' title='bbox 2644 746 2739 798; x_wconf 75' lang='grc' dir='ltr'>καὶ</span> <span class='ocrx_word' id='word_1_548' title='bbox 2793 746 3061 817; x_wconf 81' lang='grc' dir='ltr'>μηδέποτε</span> <span class='ocrx_word' id='word_1_549' title='bbox 3093 747 3576 819; x_wconf 76' lang='grc' dir='ltr'>ἐπιλανθανώμεθα</span> <span class='ocrx_word' id='word_1_550' title='bbox 3621 749 3729 802; x_wconf 90' lang='grc' dir='ltr'>τῶν</span> 
     </span>
    </p>
   </div>
   <div class='ocr_carea' id='block_1_72' title="bbox 2066 825 3731 899">
    <p class='ocr_par' dir='ltr' id='par_1_72' title="bbox 2066 825 3731 899">
     <span class='ocr_line' id='line_1_72' title="bbox 2066 825 3731 899; baseline 0.004 -22"><span class='ocrx_word' id='word_1_551' title='bbox 2066 826 2219 896; x_wconf 85' lang='grc' dir='ltr'>παρὰ</span> <span class='ocrx_word' id='word_1_552' title='bbox 2239 825 2332 878; x_wconf 88' lang='grc' dir='ltr'>τοῦ</span> <span class='ocrx_word' id='word_1_553' title='bbox 2358 825 2493 879; x_wconf 86' lang='grc' dir='ltr'>Θεοῦ</span> <span class='ocrx_word' id='word_1_554' title='bbox 2528 828 2857 898; x_wconf 84' lang='grc' dir='ltr'>εὐεργεσιῶν</span> <span class='ocrx_word' id='word_1_555' title='bbox 2881 829 2961 891; x_wconf 87' lang='grc' dir='ltr'>εἰς</span> <span class='ocrx_word' id='word_1_556' title='bbox 2989 829 3134 899; x_wconf 81' lang='grc' dir='ltr'>ήμᾶς</span> <span class='ocrx_word' id='word_1_557' title='bbox 3160 831 3558 898; x_wconf 83' lang='grc' dir='ltr'>γεγενημένων,</span> <span class='ocrx_word' id='word_1_558' title='bbox 3593 829 3731 884; x_wconf 90' lang='grc' dir='ltr'>ἀλλά</span> 
     </span>
    </p>
   </div>
   <div class='ocr_carea' id='block_1_73' title="bbox 2065 907 3730 980">
    <p class='ocr_par' dir='ltr' id='par_1_73' title="bbox 2065 907 3730 980">
     <span class='ocr_line' id='line_1_73' title="bbox 2065 907 3730 980; baseline 0.003 -23"><span class='ocrx_word' id='word_1_559' title='bbox 2065 907 2152 958; x_wconf 71' lang='grc' dir='ltr'>ἀεὶ</span> <span class='ocrx_word' id='word_1_560' title='bbox 2180 907 2353 960; x_wconf 88' lang='grc' dir='ltr'>ταῦτα</span> <span class='ocrx_word' id='word_1_561' title='bbox 2388 908 2706 978; x_wconf 82' lang='grc' dir='ltr'>οτρέφωμεν</span> <span class='ocrx_word' id='word_1_562' title='bbox 2731 909 2824 962; x_wconf 78' lang='grc' dir='ltr'>ἐπὶ</span> <span class='ocrx_word' id='word_1_563' title='bbox 2839 908 2938 980; x_wconf 85' lang='grc' dir='ltr'>τῆς</span> <span class='ocrx_word' id='word_1_564' title='bbox 2963 909 3198 974; x_wconf 78' lang='grc' dir='ltr'>διανοίας</span> <span class='ocrx_word' id='word_1_565' title='bbox 3210 911 3308 979; x_wconf 84' lang='grc' dir='ltr'>τῆς</span> <span class='ocrx_word' id='word_1_566' title='bbox 3331 911 3626 980; x_wconf 77' lang='grc' dir='ltr'>ἡμετέρας,</span> <span class='ocrx_word' id='word_1_567' title='bbox 3645 911 3730 963; x_wconf 82' lang='grc' dir='ltr'>ἵνα</span> 
     </span>
    </p>
   </div>
   <div class='ocr_carea' id='block_1_74' title="bbox 2067 991 3888 1066">
    <p class='ocr_par' dir='ltr' id='par_1_74' title="bbox 2067 991 3888 1066">
     <span class='ocr_line' id='line_1_74' title="bbox 2067 991 3888 1066; baseline 0.004 -24"><span class='ocrx_word' id='word_1_568' title='bbox 2067 993 2173 1044; x_wconf 77' lang='grc' dir='ltr'>ὑπὸ</span> <span class='ocrx_word' id='word_1_569' title='bbox 2203 993 2303 1061; x_wconf 83' lang='grc' dir='ltr'>τῆς</span> <span class='ocrx_word' id='word_1_570' title='bbox 2328 995 2549 1065; x_wconf 84' lang='grc' dir='ltr'>μνήμης</span> <span class='ocrx_word' id='word_1_571' title='bbox 2574 995 2967 1065; x_wconf 84' lang='grc' dir='ltr'>συνωθούμενοι</span> <span class='ocrx_word' id='word_1_572' title='bbox 3001 995 3221 1066; x_wconf 86' lang='grc' dir='ltr'>διηνεκῆ</span> <span class='ocrx_word' id='word_1_573' title='bbox 3258 997 3354 1065; x_wconf 72' lang='grc' dir='ltr'>τὴν</span> <span class='ocrx_word' id='word_1_574' title='bbox 3386 997 3731 1065; x_wconf 87' lang='grc' dir='ltr'>εὐχαριστίαν</span> <span class='ocrx_word' id='word_1_575' title='bbox 3765 1049 3768 1056; x_wconf 78' lang='grc'>,</span> <span class='ocrx_word' id='word_1_576' title='bbox 3875 991 3888 1000; x_wconf 82' lang='grc'><strong>’</strong></span> 
     </span>
    </p>
   </div>
   <div class='ocr_carea' id='block_1_75' title="bbox 2069 1074 3770 1150">
    <p class='ocr_par' dir='ltr' id='par_1_75' title="bbox 2069 1074 3770 1150">
     <span class='ocr_line' id='line_1_75' title="bbox 2069 1074 3770 1150; baseline 0.002 -25"><span class='ocrx_word' id='word_1_577' title='bbox 2069 1074 2366 1145; x_wconf 60' lang='grc' dir='ltr'>ποιώμεθα,</span> <span class='ocrx_word' id='word_1_578' title='bbox 2407 1077 2455 1128; x_wconf 89' lang='grc' dir='ltr'>εἰ</span> <span class='ocrx_word' id='word_1_579' title='bbox 2484 1077 2575 1129; x_wconf 70' lang='grc' dir='ltr'>καὶ</span> <span class='ocrx_word' id='word_1_580' title='bbox 2603 1076 2856 1130; x_wconf 86' lang='grc' dir='ltr'>τοσαῦται</span> <span class='ocrx_word' id='word_1_581' title='bbox 2879 1077 2939 1130; x_wconf 85' lang='grc' dir='ltr'>τὸ</span> <span class='ocrx_word' id='word_1_582' title='bbox 2964 1077 3164 1147; x_wconf 82' lang='grc' dir='ltr'>πλῆθός</span> <span class='ocrx_word' id='word_1_583' title='bbox 3192 1079 3348 1136; x_wconf 86' lang='grc' dir='ltr'>εἰσιν,</span> <span class='ocrx_word' id='word_1_584' title='bbox 3381 1077 3456 1138; x_wconf 87' lang='grc' dir='ltr'>ώς</span> <span class='ocrx_word' id='word_1_585' title='bbox 3487 1076 3617 1146; x_wconf 84' lang='grc' dir='ltr'>μηδέ</span> <span class='ocrx_word' id='word_1_586' title='bbox 3634 1078 3732 1147; x_wconf 78' lang='grc' dir='ltr'>ἀρο</span> <span class='ocrx_word' id='word_1_587' title='bbox 3764 1089 3770 1150; x_wconf 69' lang='grc' dir='ltr'><strong>ξ</strong></span> 
     </span>
    </p>
   </div>
   <div class='ocr_carea' id='block_1_76' title="bbox 2065 1162 3730 1234">
    <p class='ocr_par' dir='ltr' id='par_1_76' title="bbox 2065 1162 3730 1234">
     <span class='ocr_line' id='line_1_76' title="bbox 2065 1162 3730 1234; baseline -0.001 -19"><span class='ocrx_word' id='word_1_588' title='bbox 2065 1164 2183 1215; x_wconf 83' lang='grc' dir='ltr'>κεῖν</span> <span class='ocrx_word' id='word_1_589' title='bbox 2219 1163 2310 1215; x_wconf 80' lang='grc' dir='ltr'>τὸν</span> <span class='ocrx_word' id='word_1_590' title='bbox 2345 1162 2600 1232; x_wconf 77' lang='grc' dir='ltr'>λογισμὸν</span> <span class='ocrx_word' id='word_1_591' title='bbox 2619 1164 2708 1217; x_wconf 81' lang='grc' dir='ltr'>τὸν</span> <span class='ocrx_word' id='word_1_592' title='bbox 2733 1163 3003 1234; x_wconf 78' lang='grc' dir='ltr'>ἡμέτερον</span> <span class='ocrx_word' id='word_1_593' title='bbox 3039 1162 3505 1233; x_wconf 78' lang='grc' dir='ltr'>ἐξαριθμήσασθαι</span> <span class='ocrx_word' id='word_1_594' title='bbox 3532 1164 3630 1232; x_wconf 77' lang='grc' dir='ltr'>τήν</span> <span class='ocrx_word' id='word_1_595' title='bbox 3652 1163 3730 1226; x_wconf 84' lang='grc' dir='ltr'>είς</span> 
     </span>
    </p>
   </div>
   <div class='ocr_carea' id='block_1_77' title="bbox 2067 1247 3734 1320">
    <p class='ocr_par' dir='ltr' id='par_1_77' title="bbox 2067 1247 3734 1320">
     <span class='ocr_line' id='line_1_77' title="bbox 2067 1247 3734 1320; baseline 0 -20"><span class='ocrx_word' id='word_1_596' title='bbox 2067 1250 2213 1318; x_wconf 77' lang='grc' dir='ltr'>ἡμᾶς</span> <span class='ocrx_word' id='word_1_597' title='bbox 2245 1248 2556 1319; x_wconf 80' lang='grc' dir='ltr'>φιλοτιμίαν</span> <span class='ocrx_word' id='word_1_598' title='bbox 2586 1250 2752 1302; x_wconf 89' lang='grc' dir='ltr'>αὐτοῦ</span> <span class='ocrx_word' id='word_1_599' title='bbox 2777 1250 3170 1320; x_wconf 88' lang='grc' dir='ltr'>γεγενημένην.</span> <span class='ocrx_word' id='word_1_600' title='bbox 3205 1248 3270 1300; x_wconf 90' lang='grc' dir='ltr'>Τί</span> <span class='ocrx_word' id='word_1_601' title='bbox 3299 1247 3405 1319; x_wconf 84' lang='grc' dir='ltr'>γάρ</span> <span class='ocrx_word' id='word_1_602' title='bbox 3443 1248 3508 1302; x_wconf 84' lang='grc' dir='ltr'>ἀν</span> <span class='ocrx_word' id='word_1_603' title='bbox 3540 1265 3621 1311; x_wconf 89' lang='grc' dir='ltr'>τις</span> <span class='ocrx_word' id='word_1_604' title='bbox 3653 1247 3734 1300; x_wconf 85' lang='grc' dir='ltr'>λο-</span> 
     </span>
    </p>
   </div>
   <div class='ocr_carea' id='block_1_78' title="bbox 2066 1329 3728 1402">
    <p class='ocr_par' dir='ltr' id='par_1_78' title="bbox 2066 1329 3728 1402">
     <span class='ocr_line' id='line_1_78' title="bbox 2066 1329 3728 1402; baseline 0.001 -21"><span class='ocrx_word' id='word_1_605' title='bbox 2066 1331 2276 1397; x_wconf 87' lang='grc' dir='ltr'>γίσαιτο</span> <span class='ocrx_word' id='word_1_606' title='bbox 2306 1331 2371 1383; x_wconf 72' lang='grc' dir='ltr'>τά</span> <span class='ocrx_word' id='word_1_607' title='bbox 2391 1332 2491 1401; x_wconf 65' lang='grc' dir='ltr'>ἤδη</span> <span class='ocrx_word' id='word_1_608' title='bbox 2521 1333 2600 1395; x_wconf 85' lang='grc' dir='ltr'>είς</span> <span class='ocrx_word' id='word_1_609' title='bbox 2631 1334 2781 1402; x_wconf 73' lang='grc' dir='ltr'>ἡμᾶς</span> <span class='ocrx_word' id='word_1_610' title='bbox 2827 1332 3186 1401; x_wconf 84' lang='grc' dir='ltr'>γεγενημένα,</span> <span class='ocrx_word' id='word_1_611' title='bbox 3237 1331 3304 1384; x_wconf 89' lang='grc' dir='ltr'>τά</span> <span class='ocrx_word' id='word_1_612' title='bbox 3329 1329 3728 1399; x_wconf 82' lang='grc' dir='ltr'>ἐπηγγελμένα,</span> 
     </span>
    </p>
   </div>
   <div class='ocr_carea' id='block_1_79' title="bbox 2065 1410 3732 1484">
    <p class='ocr_par' dir='ltr' id='par_1_79' title="bbox 2065 1410 3732 1484">
     <span class='ocr_line' id='line_1_79' title="bbox 2065 1410 3732 1484; baseline 0.003 -23"><span class='ocrx_word' id='word_1_613' title='bbox 2065 1410 2132 1461; x_wconf 82' lang='grc' dir='ltr'>τά</span> <span class='ocrx_word' id='word_1_614' title='bbox 2167 1411 2288 1463; x_wconf 85' lang='grc' dir='ltr'>καθ’</span> <span class='ocrx_word' id='word_1_615' title='bbox 2320 1413 2556 1484; x_wconf 79' lang='grc' dir='ltr'>ἑκάστην</span> <span class='ocrx_word' id='word_1_616' title='bbox 2579 1414 2790 1484; x_wconf 78' lang='grc' dir='ltr'>ἡμέραν</span> <span class='ocrx_word' id='word_1_617' title='bbox 2819 1414 3097 1482; x_wconf 78' lang='grc' dir='ltr'>γινόμεναο</span> <span class='ocrx_word' id='word_1_618' title='bbox 3127 1414 3207 1466; x_wconf 82' lang='grc' dir='ltr'>ὅτι</span> <span class='ocrx_word' id='word_1_619' title='bbox 3238 1414 3300 1464; x_wconf 89' lang='grc' dir='ltr'>ἐκ</span> <span class='ocrx_word' id='word_1_620' title='bbox 3346 1411 3440 1465; x_wconf 89' lang='grc' dir='ltr'>τοῦ</span> <span class='ocrx_word' id='word_1_621' title='bbox 3475 1413 3549 1482; x_wconf 75' lang='grc' dir='ltr'>μὴ</span> <span class='ocrx_word' id='word_1_622' title='bbox 3581 1412 3732 1477; x_wconf 74' lang='grc' dir='ltr'>ὄντος</span> 
     </span>
    </p>
   </div>
   <div class='ocr_carea' id='block_1_80' title="bbox 2067 1488 3734 1566">
    <p class='ocr_par' dir='ltr' id='par_1_80' title="bbox 2067 1488 3734 1566">
     <span class='ocr_line' id='line_1_80' title="bbox 2067 1488 3734 1566; baseline 0.005 -24"><span class='ocrx_word' id='word_1_623' title='bbox 2067 1493 2146 1554; x_wconf 87' lang='grc' dir='ltr'>εἰς</span> <span class='ocrx_word' id='word_1_624' title='bbox 2163 1493 2223 1544; x_wconf 76' lang='grc' dir='ltr'>τὸ</span> <span class='ocrx_word' id='word_1_625' title='bbox 2244 1488 2381 1546; x_wconf 75' lang='grc' dir='ltr'>εἶναι</span> <span class='ocrx_word' id='word_1_626' title='bbox 2408 1496 2746 1565; x_wconf 81' lang='grc' dir='ltr'>παρήγαγεν,</span> <span class='ocrx_word' id='word_1_627' title='bbox 2777 1497 2857 1549; x_wconf 81' lang='grc' dir='ltr'>ὅτι</span> <span class='ocrx_word' id='word_1_628' title='bbox 2881 1496 2973 1548; x_wconf 79' lang='grc' dir='ltr'>καί</span> <span class='ocrx_word' id='word_1_629' title='bbox 3008 1495 3166 1565; x_wconf 85' lang='grc' dir='ltr'>σῶμα</span> <span class='ocrx_word' id='word_1_630' title='bbox 3219 1495 3314 1548; x_wconf 70' lang='grc' dir='ltr'>καὶ</span> <span class='ocrx_word' id='word_1_631' title='bbox 3347 1495 3522 1565; x_wconf 71' lang='grc' dir='ltr'>ψυχὴν</span> <span class='ocrx_word' id='word_1_632' title='bbox 3555 1497 3734 1566; x_wconf 87' lang='grc' dir='ltr'>ἐχαρί-</span> 
     </span>
    </p>
   </div>
   <div class='ocr_carea' id='block_1_81' title="bbox 2069 1575 3730 1648">
    <p class='ocr_par' dir='ltr' id='par_1_81' title="bbox 2069 1575 3730 1648">
     <span class='ocr_line' id='line_1_81' title="bbox 2069 1575 3730 1648; baseline 0.004 -24"><span class='ocrx_word' id='word_1_633' title='bbox 2069 1576 2321 1638; x_wconf 84' lang='grc' dir='ltr'>σατο,ὃτι</span> <span class='ocrx_word' id='word_1_634' title='bbox 2349 1575 2596 1644; x_wconf 81' lang='grc' dir='ltr'>λογικούς</span> <span class='ocrx_word' id='word_1_635' title='bbox 2649 1579 2798 1647; x_wconf 77' lang='grc' dir='ltr'>ἡμᾶς</span> <span class='ocrx_word' id='word_1_636' title='bbox 2845 1577 3296 1647; x_wconf 74' lang='grc' dir='ltr'>ἐδημιούργησεν,</span> <span class='ocrx_word' id='word_1_637' title='bbox 3343 1578 3424 1630; x_wconf 78' lang='grc' dir='ltr'>ὅτι</span> <span class='ocrx_word' id='word_1_638' title='bbox 3479 1576 3569 1630; x_wconf 72' lang='grc' dir='ltr'>τὸν</span> <span class='ocrx_word' id='word_1_639' title='bbox 3594 1578 3730 1648; x_wconf 85' lang='grc' dir='ltr'>ἀέρα</span> 
     </span>
    </p>
   </div>
   <div class='ocr_carea' id='block_1_82' title="bbox 2065 1655 3734 1728">
    <p class='ocr_par' dir='ltr' id='par_1_82' title="bbox 2065 1655 3734 1728">
     <span class='ocr_line' id='line_1_82' title="bbox 2065 1655 3734 1728; baseline 0.002 -21"><span class='ocrx_word' id='word_1_640' title='bbox 2065 1655 2252 1709; x_wconf 84' lang='grc' dir='ltr'>τοῦτον</span> <span class='ocrx_word' id='word_1_641' title='bbox 2285 1659 2543 1711; x_wconf 85' lang='grc' dir='ltr'>ἀναπνεῖν</span> <span class='ocrx_word' id='word_1_642' title='bbox 2590 1659 2902 1728; x_wconf 89' lang='grc' dir='ltr'>ἐχαρίσατο,</span> <span class='ocrx_word' id='word_1_643' title='bbox 2936 1660 3018 1711; x_wconf 84' lang='grc' dir='ltr'>ὅτι</span> <span class='ocrx_word' id='word_1_644' title='bbox 3054 1659 3152 1727; x_wconf 81' lang='grc' dir='ltr'>τὴν</span> <span class='ocrx_word' id='word_1_645' title='bbox 3186 1658 3362 1710; x_wconf 86' lang='grc' dir='ltr'>κτίσιν</span> <span class='ocrx_word' id='word_1_646' title='bbox 3397 1657 3614 1711; x_wconf 76' lang='grc' dir='ltr'>ἃπασαν</span> <span class='ocrx_word' id='word_1_647' title='bbox 3646 1659 3734 1712; x_wconf 81' lang='grc' dir='ltr'>διά</span> 
     </span>
    </p>
   </div>
   <div class='ocr_carea' id='block_1_83' title="bbox 2065 1738 3733 1810">
    <p class='ocr_par' dir='ltr' id='par_1_83' title="bbox 2065 1738 3733 1810">
     <span class='ocr_line' id='line_1_83' title="bbox 2065 1738 3733 1810; baseline 0.001 -20"><span class='ocrx_word' id='word_1_648' title='bbox 2065 1739 2162 1809; x_wconf 84' lang='grc' dir='ltr'>τὴν</span> <span class='ocrx_word' id='word_1_649' title='bbox 2188 1739 2534 1810; x_wconf 86' lang='grc' dir='ltr'>ἀνθρωπίνην</span> <span class='ocrx_word' id='word_1_650' title='bbox 2587 1741 2747 1808; x_wconf 79' lang='grc' dir='ltr'>φύσιν</span> <span class='ocrx_word' id='word_1_651' title='bbox 2775 1741 3116 1810; x_wconf 87' lang='grc' dir='ltr'>παρήγαγεν,</span> <span class='ocrx_word' id='word_1_652' title='bbox 3140 1741 3221 1792; x_wconf 80' lang='grc' dir='ltr'>ὅτι</span> <span class='ocrx_word' id='word_1_653' title='bbox 3253 1738 3415 1802; x_wconf 82' lang='grc' dir='ltr'>αὐτὸς</span> <span class='ocrx_word' id='word_1_654' title='bbox 3457 1739 3554 1808; x_wconf 85' lang='grc' dir='ltr'>μέν</span> <span class='ocrx_word' id='word_1_655' title='bbox 3578 1741 3733 1792; x_wconf 78' lang='grc' dir='ltr'>ἐϐου-</span> 
     </span>
    </p>
   </div>
   <div class='ocr_carea' id='block_1_84' title="bbox 2065 1821 3731 1894">
    <p class='ocr_par' dir='ltr' id='par_1_84' title="bbox 2065 1821 3731 1894">
     <span class='ocr_line' id='line_1_84' title="bbox 2065 1821 3731 1894; baseline -0.001 -21"><span class='ocrx_word' id='word_1_656' title='bbox 2065 1821 2202 1892; x_wconf 82' lang='grc' dir='ltr'>λήθη</span> <span class='ocrx_word' id='word_1_657' title='bbox 2223 1824 2286 1874; x_wconf 89' lang='grc' dir='ltr'>ἐκ</span> <span class='ocrx_word' id='word_1_658' title='bbox 2313 1823 2612 1893; x_wconf 87' lang='grc' dir='ltr'>προοιμίων</span> <span class='ocrx_word' id='word_1_659' title='bbox 2629 1825 2725 1892; x_wconf 78' lang='grc' dir='ltr'>τῆς</span> <span class='ocrx_word' id='word_1_660' title='bbox 2741 1822 2835 1876; x_wconf 90' lang='grc' dir='ltr'>τοῦ</span> <span class='ocrx_word' id='word_1_661' title='bbox 2865 1824 3188 1893; x_wconf 90' lang='grc' dir='ltr'>παραδείσου</span> <span class='ocrx_word' id='word_1_662' title='bbox 3207 1824 3414 1894; x_wconf 90' lang='grc' dir='ltr'>διαίτης</span> <span class='ocrx_word' id='word_1_663' title='bbox 3440 1821 3731 1877; x_wconf 81' lang='grc' dir='ltr'>ἀπολαύειν</span> 
     </span>
    </p>
   </div>
   <div class='ocr_carea' id='block_1_85' title="bbox 2064 1903 3728 1976">
    <p class='ocr_par' dir='ltr' id='par_1_85' title="bbox 2064 1903 3728 1976">
     <span class='ocr_line' id='line_1_85' title="bbox 2064 1903 3728 1976; baseline 0.001 -22"><span class='ocrx_word' id='word_1_664' title='bbox 2064 1903 2154 1956; x_wconf 72' lang='grc' dir='ltr'>τὸν</span> <span class='ocrx_word' id='word_1_665' title='bbox 2188 1905 2490 1976; x_wconf 82' lang='grc' dir='ltr'>ἄνθρωπον,</span> <span class='ocrx_word' id='word_1_666' title='bbox 2543 1905 2636 1958; x_wconf 77' lang='grc' dir='ltr'>καὶ</span> <span class='ocrx_word' id='word_1_667' title='bbox 2693 1905 2960 1960; x_wconf 87' lang='grc' dir='ltr'>ἀνώδυνον</span> <span class='ocrx_word' id='word_1_668' title='bbox 3001 1906 3112 1974; x_wconf 78' lang='grc' dir='ltr'>βίον</span> <span class='ocrx_word' id='word_1_669' title='bbox 3159 1905 3321 1976; x_wconf 75' lang='grc' dir='ltr'>ἔχειν,</span> <span class='ocrx_word' id='word_1_670' title='bbox 3378 1907 3471 1958; x_wconf 79' lang='grc' dir='ltr'>καί</span> <span class='ocrx_word' id='word_1_671' title='bbox 3530 1903 3728 1976; x_wconf 89' lang='grc' dir='ltr'>μόχθου</span> 
     </span>
    </p>
   </div>
   <div class='ocr_carea' id='block_1_86' title="bbox 2065 1990 3732 2062">
    <p class='ocr_par' dir='ltr' id='par_1_86' title="bbox 2065 1990 3732 2062">
     <span class='ocr_line' id='line_1_86' title="bbox 2065 1990 3732 2062; baseline 0.004 -22"><span class='ocrx_word' id='word_1_672' title='bbox 2065 1990 2264 2054; x_wconf 78' lang='grc' dir='ltr'>παντὸς</span> <span class='ocrx_word' id='word_1_673' title='bbox 2297 1990 2734 2061; x_wconf 85' lang='grc' dir='ltr'>ἀπηλλαγμένον,</span> <span class='ocrx_word' id='word_1_674' title='bbox 2774 1993 2866 2045; x_wconf 74' lang='grc' dir='ltr'>καὶ</span> <span class='ocrx_word' id='word_1_675' title='bbox 2891 1992 3056 2062; x_wconf 85' lang='grc' dir='ltr'>μηδὲν</span> <span class='ocrx_word' id='word_1_676' title='bbox 3081 1993 3298 2044; x_wconf 77' lang='grc' dir='ltr'>ἔλαττον</span> <span class='ocrx_word' id='word_1_677' title='bbox 3327 1990 3471 2061; x_wconf 80' lang='grc' dir='ltr'>ἔχειν</span> <span class='ocrx_word' id='word_1_678' title='bbox 3496 1992 3604 2044; x_wconf 90' lang='grc' dir='ltr'>τῶν</span> <span class='ocrx_word' id='word_1_679' title='bbox 3633 1993 3732 2062; x_wconf 82' lang='grc' dir='ltr'>ἀγ⁶</span> 
     </span>
    </p>
   </div>
   <div class='ocr_carea' id='block_1_87' title="bbox 2064 2072 3729 2144">
    <p class='ocr_par' dir='ltr' id='par_1_87' title="bbox 2064 2072 3729 2144">
     <span class='ocr_line' id='line_1_87' title="bbox 2064 2072 3729 2144; baseline 0.002 -20"><span class='ocrx_word' id='word_1_680' title='bbox 2064 2072 2235 2140; x_wconf 88' lang='grc' dir='ltr'>γέλων</span> <span class='ocrx_word' id='word_1_681' title='bbox 2256 2073 2348 2125; x_wconf 73' lang='grc' dir='ltr'>καὶ</span> <span class='ocrx_word' id='word_1_682' title='bbox 2374 2073 2481 2124; x_wconf 89' lang='grc' dir='ltr'>τῶν</span> <span class='ocrx_word' id='word_1_683' title='bbox 2512 2075 2820 2142; x_wconf 91' lang='grc' dir='ltr'>ἀσωμάτων</span> <span class='ocrx_word' id='word_1_684' title='bbox 2859 2077 3082 2128; x_wconf 89' lang='grc' dir='ltr'>ἐκείνων</span> <span class='ocrx_word' id='word_1_685' title='bbox 3133 2075 3410 2144; x_wconf 75' lang='grc' dir='ltr'>δυνάμεων</span> <span class='ocrx_word' id='word_1_686' title='bbox 3432 2076 3489 2127; x_wconf 91' lang='grc' dir='ltr'>ἐν</span> <span class='ocrx_word' id='word_1_687' title='bbox 3520 2075 3729 2144; x_wconf 87' lang='grc' dir='ltr'>σώματι</span> 
     </span>
    </p>
   </div>
   <div class='ocr_carea' id='block_1_88' title="bbox 2062 2153 3730 2229">
    <p class='ocr_par' dir='ltr' id='par_1_88' title="bbox 2062 2153 3730 2229">
     <span class='ocr_line' id='line_1_88' title="bbox 2062 2153 3730 2229; baseline 0.002 -23"><span class='ocrx_word' id='word_1_688' title='bbox 2062 2155 2416 2224; x_wconf 87' lang='grc' dir='ltr'>τυγχάνοντα,</span> <span class='ocrx_word' id='word_1_689' title='bbox 2453 2155 2589 2208; x_wconf 89' lang='grc' dir='ltr'>ἀλλά</span> <span class='ocrx_word' id='word_1_690' title='bbox 2626 2158 2718 2208; x_wconf 81' lang='grc' dir='ltr'>καὶ</span> <span class='ocrx_word' id='word_1_691' title='bbox 2756 2156 3023 2229; x_wconf 91' lang='grc' dir='ltr'>ἀνώτερον</span> <span class='ocrx_word' id='word_1_692' title='bbox 3076 2153 3212 2209; x_wconf 80' lang='grc' dir='ltr'>εἶναι</span> <span class='ocrx_word' id='word_1_693' title='bbox 3241 2157 3348 2209; x_wconf 89' lang='grc' dir='ltr'>τῶν</span> <span class='ocrx_word' id='word_1_694' title='bbox 3405 2157 3730 2225; x_wconf 89' lang='grc' dir='ltr'>σωματικῶν</span> 
     </span>
    </p>
   </div>
   <div class='ocr_carea' id='block_1_89' title="bbox 2062 2231 3730 2310">
    <p class='ocr_par' dir='ltr' id='par_1_89' title="bbox 2062 2231 3730 2310">
     <span class='ocr_line' id='line_1_89' title="bbox 2062 2231 3730 2310; baseline 0.001 -21"><span class='ocrx_word' id='word_1_695' title='bbox 2062 2238 2314 2305; x_wconf 88' lang='grc' dir='ltr'>ἀναγκῶν</span> <span class='ocrx_word' id='word_1_696' title='bbox 2339 2255 2353 2302; x_wconf 94' lang='grc'>;</span> <span class='ocrx_word' id='word_1_697' title='bbox 2390 2231 2519 2289; x_wconf 78' lang='grc' dir='ltr'>Εἶτα</span> <span class='ocrx_word' id='word_1_698' title='bbox 2548 2238 2734 2309; x_wconf 85' lang='grc' dir='ltr'>ἐπειδὴ</span> <span class='ocrx_word' id='word_1_699' title='bbox 2763 2239 2850 2291; x_wconf 84' lang='grc' dir='ltr'>διά</span> <span class='ocrx_word' id='word_1_700' title='bbox 2875 2239 3148 2309; x_wconf 74' lang='grc' dir='ltr'>ῥαθυμίαν</span> <span class='ocrx_word' id='word_1_701' title='bbox 3170 2237 3386 2308; x_wconf 84' lang='grc' dir='ltr'>ὑπήχθη</span> <span class='ocrx_word' id='word_1_702' title='bbox 3431 2240 3496 2308; x_wconf 83' lang='grc' dir='ltr'>τῇ</span> <span class='ocrx_word' id='word_1_703' title='bbox 3547 2239 3730 2310; x_wconf 72' lang='grc' dir='ltr'>ἀπάτη</span> 
     </span>
    </p>
   </div>
   <div class='ocr_carea' id='block_1_90' title="bbox 2062 2315 3732 2389">
    <p class='ocr_par' dir='ltr' id='par_1_90' title="bbox 2062 2315 3732 2389">
     <span class='ocr_line' id='line_1_90' title="bbox 2062 2315 3732 2389; baseline 0.001 -22"><span class='ocrx_word' id='word_1_704' title='bbox 2062 2315 2154 2368; x_wconf 83' lang='grc' dir='ltr'>τοῦ</span> <span class='ocrx_word' id='word_1_705' title='bbox 2183 2316 2427 2369; x_wconf 90' lang='grc' dir='ltr'>διαϐόλου</span> <span class='ocrx_word' id='word_1_706' title='bbox 2456 2319 2522 2386; x_wconf 76' lang='grc' dir='ltr'>τῇ</span> <span class='ocrx_word' id='word_1_707' title='bbox 2549 2315 2638 2369; x_wconf 86' lang='grc' dir='ltr'>διά</span> <span class='ocrx_word' id='word_1_708' title='bbox 2667 2317 2761 2370; x_wconf 85' lang='grc' dir='ltr'>τοῦ</span> <span class='ocrx_word' id='word_1_709' title='bbox 2806 2318 2982 2386; x_wconf 76' lang='grc' dir='ltr'>ὄφεως</span> <span class='ocrx_word' id='word_1_710' title='bbox 3015 2317 3404 2389; x_wconf 83' lang='grc' dir='ltr'>προσαχθείσῃ,</span> <span class='ocrx_word' id='word_1_711' title='bbox 3432 2315 3552 2369; x_wconf 85' lang='grc' dir='ltr'>οὐδέ</span> <span class='ocrx_word' id='word_1_712' title='bbox 3588 2315 3732 2370; x_wconf 78' lang='grc' dir='ltr'>οὕτω</span> 
     </span>
    </p>
   </div>
   <div class='ocr_carea' id='block_1_91' title="bbox 2061 2397 3727 2472">
    <p class='ocr_par' dir='ltr' id='par_1_91' title="bbox 2061 2397 3727 2472">
     <span class='ocr_line' id='line_1_91' title="bbox 2061 2397 3727 2472; baseline 0.001 -23"><span class='ocrx_word' id='word_1_713' title='bbox 2061 2397 2264 2452; x_wconf 82' lang='grc' dir='ltr'>διέλιπε</span> <span class='ocrx_word' id='word_1_714' title='bbox 2298 2399 2389 2452; x_wconf 82' lang='grc' dir='ltr'>τὸν</span> <span class='ocrx_word' id='word_1_715' title='bbox 2411 2400 2787 2470; x_wconf 79' lang='grc' dir='ltr'>ἡμαρτηκότα,</span> <span class='ocrx_word' id='word_1_716' title='bbox 2821 2401 2912 2452; x_wconf 81' lang='grc' dir='ltr'>τὸν</span> <span class='ocrx_word' id='word_1_717' title='bbox 2949 2400 3370 2472; x_wconf 80' lang='grc' dir='ltr'>παραϐεϐηκότα</span> <span class='ocrx_word' id='word_1_718' title='bbox 3405 2400 3727 2470; x_wconf 86' lang='grc' dir='ltr'>εὐεργετῶν,</span> 
     </span>
    </p>
   </div>
   <div class='ocr_carea' id='block_1_92' title="bbox 2061 2478 3729 2556">
    <p class='ocr_par' dir='ltr' id='par_1_92' title="bbox 2061 2478 3729 2556">
     <span class='ocr_line' id='line_1_92' title="bbox 2061 2478 3729 2556; baseline -0.001 -17"><span class='ocrx_word' id='word_1_719' title='bbox 2061 2486 2198 2539; x_wconf 89' lang='grc' dir='ltr'>ἀλλά</span> <span class='ocrx_word' id='word_1_720' title='bbox 2220 2485 2316 2540; x_wconf 80' lang='grc' dir='ltr'>καὶ</span> <span class='ocrx_word' id='word_1_721' title='bbox 2341 2485 2407 2538; x_wconf 84' lang='grc' dir='ltr'>δι’</span> <span class='ocrx_word' id='word_1_722' title='bbox 2426 2478 2501 2538; x_wconf 82' lang='grc' dir='ltr'>ὧν</span> <span class='ocrx_word' id='word_1_723' title='bbox 2530 2487 2929 2556; x_wconf 86' lang='grc' dir='ltr'>ἐτιμωρήσατο,</span> <span class='ocrx_word' id='word_1_724' title='bbox 2989 2487 3242 2556; x_wconf 87' lang='grc' dir='ltr'>καθάπερ</span> <span class='ocrx_word' id='word_1_725' title='bbox 3296 2487 3390 2539; x_wconf 71' lang='grc' dir='ltr'>καὶ</span> <span class='ocrx_word' id='word_1_726' title='bbox 3436 2485 3562 2555; x_wconf 90' lang='grc' dir='ltr'>χθές</span> <span class='ocrx_word' id='word_1_727' title='bbox 3612 2485 3729 2538; x_wconf 83' lang='grc' dir='ltr'>ἐλέ-</span> 
     </span>
    </p>
   </div>
   <div class='ocr_carea' id='block_1_93' title="bbox 2061 2571 3729 2644">
    <p class='ocr_par' dir='ltr' id='par_1_93' title="bbox 2061 2571 3729 2644">
     <span class='ocr_line' id='line_1_93' title="bbox 2061 2571 3729 2644; baseline -0.001 -19"><span class='ocrx_word' id='word_1_728' title='bbox 2061 2590 2248 2643; x_wconf 81' lang='grc' dir='ltr'>γομεν,</span> <span class='ocrx_word' id='word_1_729' title='bbox 2298 2573 2398 2644; x_wconf 83' lang='grc' dir='ltr'>τῆς</span> <span class='ocrx_word' id='word_1_730' title='bbox 2431 2572 2641 2636; x_wconf 89' lang='grc' dir='ltr'>οίκείας</span> <span class='ocrx_word' id='word_1_731' title='bbox 2691 2571 3100 2644; x_wconf 81' lang='grc' dir='ltr'>φιλανθρωπίας</span> <span class='ocrx_word' id='word_1_732' title='bbox 3127 2573 3224 2643; x_wconf 78' lang='grc' dir='ltr'>τὴν</span> <span class='ocrx_word' id='word_1_733' title='bbox 3283 2571 3586 2642; x_wconf 75' lang='grc' dir='ltr'>ὑπερϐολὴν</span> <span class='ocrx_word' id='word_1_734' title='bbox 3635 2572 3729 2624; x_wconf 90' lang='grc' dir='ltr'>ἐπ-</span> 
     </span>
    </p>
   </div>
   <div class='ocr_carea' id='block_1_94' title="bbox 2061 2656 3731 2730">
    <p class='ocr_par' dir='ltr' id='par_1_94' title="bbox 2061 2656 3731 2730">
     <span class='ocr_line' id='line_1_94' title="bbox 2061 2656 3731 2730; baseline -0.001 -18"><span class='ocrx_word' id='word_1_735' title='bbox 2061 2659 2319 2724; x_wconf 82' lang='grc' dir='ltr'>εδείξατο,</span> <span class='ocrx_word' id='word_1_736' title='bbox 2365 2659 2461 2712; x_wconf 75' lang='grc' dir='ltr'>καὶ</span> <span class='ocrx_word' id='word_1_737' title='bbox 2493 2658 2663 2712; x_wconf 89' lang='grc' dir='ltr'>πολλά</span> <span class='ocrx_word' id='word_1_738' title='bbox 2695 2660 2859 2730; x_wconf 79' lang='grc' dir='ltr'>ἐτερα</span> <span class='ocrx_word' id='word_1_739' title='bbox 2890 2659 2984 2712; x_wconf 80' lang='grc' dir='ltr'>καὶ</span> <span class='ocrx_word' id='word_1_740' title='bbox 3008 2658 3354 2729; x_wconf 87' lang='grc' dir='ltr'>ἀναρίθμητα</span> <span class='ocrx_word' id='word_1_741' title='bbox 3398 2656 3731 2727; x_wconf 80' lang='grc' dir='ltr'>εὐεργεσιῶν</span> 
     </span>
    </p>
   </div>
   <div class='ocr_carea' id='block_1_95' title="bbox 2061 2745 3729 2818">
    <p class='ocr_par' dir='ltr' id='par_1_95' title="bbox 2061 2745 3729 2818">
     <span class='ocr_line' id='line_1_95' title="bbox 2061 2745 3729 2818; baseline -0.002 -18"><span class='ocrx_word' id='word_1_742' title='bbox 2061 2749 2181 2818; x_wconf 87' lang='grc' dir='ltr'>είδη</span> <span class='ocrx_word' id='word_1_743' title='bbox 2207 2749 2288 2812; x_wconf 88' lang='grc' dir='ltr'>εἰς</span> <span class='ocrx_word' id='word_1_744' title='bbox 2314 2745 2478 2801; x_wconf 67' lang='grc' dir='ltr'>αὐτὸν</span> <span class='ocrx_word' id='word_1_745' title='bbox 2511 2747 2789 2800; x_wconf 84' lang='grc' dir='ltr'>κατέθετο.</span> <span class='ocrx_word' id='word_1_746' title='bbox 2827 2747 2936 2800; x_wconf 72' lang='grc' dir='ltr'>Καὶ</span> <span class='ocrx_word' id='word_1_747' title='bbox 2987 2745 3170 2800; x_wconf 74' lang='grc' dir='ltr'>λοιπὸν</span> <span class='ocrx_word' id='word_1_748' title='bbox 3198 2745 3294 2800; x_wconf 79' lang='grc' dir='ltr'>τοῦ</span> <span class='ocrx_word' id='word_1_749' title='bbox 3350 2745 3541 2817; x_wconf 88' lang='grc' dir='ltr'>χρόνου</span> <span class='ocrx_word' id='word_1_750' title='bbox 3593 2761 3729 2816; x_wconf 85' lang='grc' dir='ltr'>προ-</span> 
     </span>
    </p>
   </div>
   <div class='ocr_carea' id='block_1_96' title="bbox 2059 2832 3729 2904">
    <p class='ocr_par' dir='ltr' id='par_1_96' title="bbox 2059 2832 3729 2904">
     <span class='ocr_line' id='line_1_96' title="bbox 2059 2832 3729 2904; baseline -0.002 -16"><span class='ocrx_word' id='word_1_751' title='bbox 2059 2836 2264 2898; x_wconf 88' lang='grc' dir='ltr'>ῖόντος,</span> <span class='ocrx_word' id='word_1_752' title='bbox 2308 2835 2402 2888; x_wconf 83' lang='grc' dir='ltr'>καί</span> <span class='ocrx_word' id='word_1_753' title='bbox 2447 2833 2542 2888; x_wconf 91' lang='grc' dir='ltr'>τοῦ</span> <span class='ocrx_word' id='word_1_754' title='bbox 2595 2835 2784 2902; x_wconf 86' lang='grc' dir='ltr'>γένους</span> <span class='ocrx_word' id='word_1_755' title='bbox 2805 2833 3166 2904; x_wconf 84' lang='grc' dir='ltr'>αὐξανομένου</span> <span class='ocrx_word' id='word_1_756' title='bbox 3197 2871 3212 2897; x_wconf 93' lang='grc'>,</span> <span class='ocrx_word' id='word_1_757' title='bbox 3267 2832 3359 2886; x_wconf 78' lang='grc' dir='ltr'>καὶ</span> <span class='ocrx_word' id='word_1_758' title='bbox 3404 2834 3483 2895; x_wconf 88' lang='grc' dir='ltr'>εἰς</span> <span class='ocrx_word' id='word_1_759' title='bbox 3531 2832 3729 2885; x_wconf 88' lang='grc' dir='ltr'>κακίαν</span> 
     </span>
    </p>
   </div>
   <div class='ocr_carea' id='block_1_97' title="bbox 2061 2916 3725 2990">
    <p class='ocr_par' dir='ltr' id='par_1_97' title="bbox 2061 2916 3725 2990">
     <span class='ocr_line' id='line_1_97' title="bbox 2061 2916 3725 2990; baseline -0.003 -16"><span class='ocrx_word' id='word_1_760' title='bbox 2061 2919 2466 2983; x_wconf 86' lang='grc' dir='ltr'>ἀποκλίναντος,</span> <span class='ocrx_word' id='word_1_761' title='bbox 2520 2919 2706 2990; x_wconf 77' lang='grc' dir='ltr'>ἐπειδὴ</span> <span class='ocrx_word' id='word_1_762' title='bbox 2747 2919 2892 2990; x_wconf 88' lang='grc' dir='ltr'>ἐώρα</span> <span class='ocrx_word' id='word_1_763' title='bbox 2922 2920 3115 2974; x_wconf 87' lang='grc' dir='ltr'>ἀνίατα</span> <span class='ocrx_word' id='word_1_764' title='bbox 3157 2919 3414 2989; x_wconf 89' lang='grc' dir='ltr'>γινόμενα</span> <span class='ocrx_word' id='word_1_765' title='bbox 3459 2917 3529 2970; x_wconf 87' lang='grc' dir='ltr'>τά</span> <span class='ocrx_word' id='word_1_766' title='bbox 3557 2916 3725 2988; x_wconf 88' lang='grc' dir='ltr'>τραύ-</span> 
     </span>
    </p>
   </div>
   <div class='ocr_carea' id='block_1_98' title="bbox 2064 3004 3727 3078">
    <p class='ocr_par' dir='ltr' id='par_1_98' title="bbox 2064 3004 3727 3078">
     <span class='ocr_line' id='line_1_98' title="bbox 2064 3004 3727 3078; baseline -0.002 -16"><span class='ocrx_word' id='word_1_767' title='bbox 2064 3025 2230 3078; x_wconf 91' lang='grc' dir='ltr'>ματα,</span> <span class='ocrx_word' id='word_1_768' title='bbox 2251 3006 2505 3078; x_wconf 88' lang='grc' dir='ltr'>καθάπερ</span> <span class='ocrx_word' id='word_1_769' title='bbox 2539 3005 2716 3078; x_wconf 86' lang='grc' dir='ltr'>ζύμην</span> <span class='ocrx_word' id='word_1_770' title='bbox 2763 3005 2885 3060; x_wconf 76' lang='grc' dir='ltr'>τινὰ</span> <span class='ocrx_word' id='word_1_771' title='bbox 2931 3004 3194 3077; x_wconf 80' lang='grc' dir='ltr'>πονηράν,</span> <span class='ocrx_word' id='word_1_772' title='bbox 3228 3007 3356 3068; x_wconf 78' lang='grc' dir='ltr'>τοὺς</span> <span class='ocrx_word' id='word_1_773' title='bbox 3395 3004 3492 3074; x_wconf 83' lang='grc' dir='ltr'>τῆς</span> <span class='ocrx_word' id='word_1_774' title='bbox 3528 3006 3727 3068; x_wconf 86' lang='grc' dir='ltr'>κακίας</span> 
     </span>
    </p>
   </div>
   <div class='ocr_carea' id='block_1_99' title="bbox 2062 3091 3724 3166">
    <p class='ocr_par' dir='ltr' id='par_1_99' title="bbox 2062 3091 3724 3166">
     <span class='ocr_line' id='line_1_99' title="bbox 2062 3091 3724 3166; baseline -0.002 -18"><span class='ocrx_word' id='word_1_775' title='bbox 2062 3096 2298 3166; x_wconf 85' lang='grc' dir='ltr'>ἐργάτας</span> <span class='ocrx_word' id='word_1_776' title='bbox 2318 3095 2581 3163; x_wconf 69' lang='grc' dir='ltr'>ἠφάνισε,</span> <span class='ocrx_word' id='word_1_777' title='bbox 2669 3091 2987 3148; x_wconf 81' lang='grc' dir='ltr'>καταλιπὼν</span> <span class='ocrx_word' id='word_1_778' title='bbox 3060 3092 3152 3146; x_wconf 79' lang='grc' dir='ltr'>τὸν</span> <span class='ocrx_word' id='word_1_779' title='bbox 3221 3092 3426 3146; x_wconf 89' lang='grc' dir='ltr'>δίκαιον</span> <span class='ocrx_word' id='word_1_780' title='bbox 3500 3093 3724 3158; x_wconf 88' lang='grc' dir='ltr'>τοῦτον,</span> 
     </span>
    </p>
   </div>
   <div class='ocr_carea' id='block_1_100' title="bbox 2065 3178 3723 3251">
    <p class='ocr_par' dir='ltr' id='par_1_100' title="bbox 2065 3178 3723 3251">
     <span class='ocr_line' id='line_1_100' title="bbox 2065 3178 3723 3251; baseline -0.001 -17"><span class='ocrx_word' id='word_1_781' title='bbox 2065 3182 2218 3250; x_wconf 75' lang='grc' dir='ltr'>ῥίζαν</span> <span class='ocrx_word' id='word_1_782' title='bbox 2253 3181 2348 3234; x_wconf 74' lang='grc' dir='ltr'>καὶ</span> <span class='ocrx_word' id='word_1_783' title='bbox 2389 3181 2562 3251; x_wconf 76' lang='grc' dir='ltr'>ἀρχὴν</span> <span class='ocrx_word' id='word_1_784' title='bbox 2595 3180 2846 3250; x_wconf 77' lang='grc' dir='ltr'>γενέσθαι</span> <span class='ocrx_word' id='word_1_785' title='bbox 2885 3179 2977 3233; x_wconf 87' lang='grc' dir='ltr'>τοῦ</span> <span class='ocrx_word' id='word_1_786' title='bbox 3019 3178 3128 3233; x_wconf 89' lang='grc' dir='ltr'>τῶν</span> <span class='ocrx_word' id='word_1_787' title='bbox 3171 3179 3472 3250; x_wconf 90' lang='grc' dir='ltr'>ἀνθρώπων</span> <span class='ocrx_word' id='word_1_788' title='bbox 3512 3179 3723 3247; x_wconf 81' lang='grc' dir='ltr'>γένους.</span> 
     </span>
    </p>
   </div>
   <div class='ocr_carea' id='block_1_101' title="bbox 2061 3266 3725 3337">
    <p class='ocr_par' dir='ltr' id='par_1_101' title="bbox 2061 3266 3725 3337">
     <span class='ocr_line' id='line_1_101' title="bbox 2061 3266 3725 3337; baseline -0.002 -15"><span class='ocrx_word' id='word_1_789' title='bbox 2061 3268 2170 3322; x_wconf 75' lang='grc' dir='ltr'>Καὶ</span> <span class='ocrx_word' id='word_1_790' title='bbox 2215 3267 2374 3322; x_wconf 89' lang='grc' dir='ltr'>πάλιν</span> <span class='ocrx_word' id='word_1_791' title='bbox 2406 3268 2598 3320; x_wconf 88' lang='grc' dir='ltr'>σκόπει</span> <span class='ocrx_word' id='word_1_792' title='bbox 2647 3267 2818 3336; x_wconf 88' lang='grc' dir='ltr'>πόσην</span> <span class='ocrx_word' id='word_1_793' title='bbox 2854 3267 2984 3337; x_wconf 81' lang='grc' dir='ltr'>περὶ</span> <span class='ocrx_word' id='word_1_794' title='bbox 3022 3266 3182 3321; x_wconf 79' lang='grc' dir='ltr'>αὐτὸν</span> <span class='ocrx_word' id='word_1_795' title='bbox 3230 3266 3592 3319; x_wconf 87' lang='grc' dir='ltr'>ἐπιδείκνυται</span> <span class='ocrx_word' id='word_1_796' title='bbox 3625 3267 3725 3336; x_wconf 78' lang='grc' dir='ltr'>τὴν</span> 
     </span>
    </p>
   </div>
   <div class='ocr_carea' id='block_1_102' title="bbox 2062 3351 3724 3424">
    <p class='ocr_par' dir='ltr' id='par_1_102' title="bbox 2062 3351 3724 3424">
     <span class='ocr_line' id='line_1_102' title="bbox 2062 3351 3724 3424; baseline -0.003 -16"><span class='ocrx_word' id='word_1_797' title='bbox 2062 3355 2390 3424; x_wconf 77' lang='grc' dir='ltr'>φιλοτιμίαν.</span> <span class='ocrx_word' id='word_1_798' title='bbox 2426 3353 2558 3406; x_wconf 75' lang='grc' dir='ltr'>Ἀπὸ</span> <span class='ocrx_word' id='word_1_799' title='bbox 2577 3353 2671 3406; x_wconf 88' lang='grc' dir='ltr'>τοῦ</span> <span class='ocrx_word' id='word_1_800' title='bbox 2690 3353 2902 3407; x_wconf 72' lang='grc' dir='ltr'>δικαίου</span> <span class='ocrx_word' id='word_1_801' title='bbox 2921 3352 3110 3406; x_wconf 87' lang='grc' dir='ltr'>τούτου</span> <span class='ocrx_word' id='word_1_802' title='bbox 3133 3354 3227 3405; x_wconf 69' lang='grc' dir='ltr'>καὶ</span> <span class='ocrx_word' id='word_1_803' title='bbox 3254 3353 3362 3406; x_wconf 90' lang='grc' dir='ltr'>τῶν</span> <span class='ocrx_word' id='word_1_804' title='bbox 3381 3352 3570 3406; x_wconf 88' lang='grc' dir='ltr'>τούτου</span> <span class='ocrx_word' id='word_1_805' title='bbox 3591 3351 3724 3404; x_wconf 85' lang='grc' dir='ltr'>υίῶν</span> 
     </span>
    </p>
   </div>
   <div class='ocr_carea' id='block_1_103' title="bbox 2063 3437 3723 3511">
    <p class='ocr_par' dir='ltr' id='par_1_103' title="bbox 2063 3437 3723 3511">
     <span class='ocr_line' id='line_1_103' title="bbox 2063 3437 3723 3511; baseline -0.002 -16"><span class='ocrx_word' id='word_1_806' title='bbox 2063 3442 2281 3496; x_wconf 79' lang='grc' dir='ltr'>ἃπασαν</span> <span class='ocrx_word' id='word_1_807' title='bbox 2327 3441 2427 3510; x_wconf 80' lang='grc' dir='ltr'>τὴν</span> <span class='ocrx_word' id='word_1_808' title='bbox 2457 3441 2566 3492; x_wconf 91' lang='grc' dir='ltr'>τῶν</span> <span class='ocrx_word' id='word_1_809' title='bbox 2610 3438 2914 3511; x_wconf 84' lang='grc' dir='ltr'>ἀνθρώπων</span> <span class='ocrx_word' id='word_1_810' title='bbox 2956 3438 3116 3506; x_wconf 81' lang='grc' dir='ltr'>φύσιν</span> <span class='ocrx_word' id='word_1_811' title='bbox 3153 3440 3234 3502; x_wconf 83' lang='grc' dir='ltr'>είς</span> <span class='ocrx_word' id='word_1_812' title='bbox 3280 3437 3531 3490; x_wconf 84' lang='grc' dir='ltr'>τοσοῦτον</span> <span class='ocrx_word' id='word_1_813' title='bbox 3573 3437 3723 3508; x_wconf 72' lang='grc'>[256]</span> 
     </span>
    </p>
   </div>
   <div class='ocr_carea' id='block_1_104' title="bbox 2062 3525 3725 3600">
    <p class='ocr_par' dir='ltr' id='par_1_104' title="bbox 2062 3525 3725 3600">
     <span class='ocr_line' id='line_1_104' title="bbox 2062 3525 3725 3600; baseline -0.002 -19"><span class='ocrx_word' id='word_1_814' title='bbox 2062 3529 2264 3600; x_wconf 77' lang='grc' dir='ltr'>πλῆθος</span> <span class='ocrx_word' id='word_1_815' title='bbox 2308 3527 2600 3581; x_wconf 82' lang='grc' dir='ltr'>ἐπιδιδόναι</span> <span class='ocrx_word' id='word_1_816' title='bbox 2633 3526 3030 3598; x_wconf 86' lang='grc' dir='ltr'>παρεσκεύασε,</span> <span class='ocrx_word' id='word_1_817' title='bbox 3062 3527 3156 3579; x_wconf 74' lang='grc' dir='ltr'>καὶ</span> <span class='ocrx_word' id='word_1_818' title='bbox 3198 3527 3339 3580; x_wconf 83' lang='grc' dir='ltr'>κατά</span> <span class='ocrx_word' id='word_1_819' title='bbox 3371 3525 3565 3596; x_wconf 80' lang='grc' dir='ltr'>μικρὸν</span> <span class='ocrx_word' id='word_1_820' title='bbox 3598 3525 3725 3588; x_wconf 83' lang='grc' dir='ltr'>τοὺς</span> 
     </span>
    </p>
   </div>
   <div class='ocr_carea' id='block_1_105' title="bbox 2060 3611 3725 3684">
    <p class='ocr_par' dir='ltr' id='par_1_105' title="bbox 2060 3611 3725 3684">
     <span class='ocr_line' id='line_1_105' title="bbox 2060 3611 3725 3684; baseline -0.001 -16"><span class='ocrx_word' id='word_1_821' title='bbox 2060 3616 2296 3678; x_wconf 89' lang='grc' dir='ltr'>δικαίους</span> <span class='ocrx_word' id='word_1_822' title='bbox 2331 3613 2707 3682; x_wconf 83' lang='grc' dir='ltr'>ἐκλεξάμενος,</span> <span class='ocrx_word' id='word_1_823' title='bbox 2740 3614 2864 3675; x_wconf 85' lang='grc' dir='ltr'>τούς</span> <span class='ocrx_word' id='word_1_824' title='bbox 2896 3614 3241 3684; x_wconf 74' lang='grc' dir='ltr'>πατριάρχας</span> <span class='ocrx_word' id='word_1_825' title='bbox 3270 3613 3433 3680; x_wconf 84' lang='grc' dir='ltr'>λέγω,</span> <span class='ocrx_word' id='word_1_826' title='bbox 3471 3611 3725 3666; x_wconf 87' lang='grc' dir='ltr'>διδασκά-</span> 
     </span>
    </p>
   </div>
   <div class='ocr_carea' id='block_1_106' title="bbox 2061 3697 3726 3771">
    <p class='ocr_par' dir='ltr' id='par_1_106' title="bbox 2061 3697 3726 3771">
     <span class='ocr_line' id='line_1_106' title="bbox 2061 3697 3726 3771; baseline -0.001 -18"><span class='ocrx_word' id='word_1_827' title='bbox 2061 3701 2184 3764; x_wconf 87' lang='grc' dir='ltr'>λους</span> <span class='ocrx_word' id='word_1_828' title='bbox 2219 3701 2485 3771; x_wconf 82' lang='grc' dir='ltr'>ἐπέστησε</span> <span class='ocrx_word' id='word_1_829' title='bbox 2526 3700 2603 3770; x_wconf 84' lang='grc' dir='ltr'>τῷ</span> <span class='ocrx_word' id='word_1_830' title='bbox 2630 3699 2802 3770; x_wconf 85' lang='grc' dir='ltr'>λοιπῷ</span> <span class='ocrx_word' id='word_1_831' title='bbox 2836 3699 2950 3753; x_wconf 83' lang='grc' dir='ltr'>τῶν</span> <span class='ocrx_word' id='word_1_832' title='bbox 2973 3699 3273 3771; x_wconf 88' lang='grc' dir='ltr'>ἀνθρώπων</span> <span class='ocrx_word' id='word_1_833' title='bbox 3303 3699 3472 3767; x_wconf 89' lang='grc' dir='ltr'>γένει,</span> <span class='ocrx_word' id='word_1_834' title='bbox 3507 3697 3594 3751; x_wconf 88' lang='grc' dir='ltr'>διά</span> <span class='ocrx_word' id='word_1_835' title='bbox 3627 3699 3726 3769; x_wconf 75' lang='grc' dir='ltr'>τῆς</span> 
     </span>
    </p>
   </div>
   <div class='ocr_carea' id='block_1_107' title="bbox 2060 3785 3724 3860">
    <p class='ocr_par' dir='ltr' id='par_1_107' title="bbox 2060 3785 3724 3860">
     <span class='ocr_line' id='line_1_107' title="bbox 2060 3785 3724 3860; baseline -0.002 -18"><span class='ocrx_word' id='word_1_836' title='bbox 2060 3788 2264 3852; x_wconf 70' lang='grc' dir='ltr'>οἰκείας</span> <span class='ocrx_word' id='word_1_837' title='bbox 2313 3787 2518 3860; x_wconf 81' lang='grc' dir='ltr'>ἀρετῆς</span> <span class='ocrx_word' id='word_1_838' title='bbox 2565 3787 2809 3849; x_wconf 69' lang='grc' dir='ltr'>ἅπαντας</span> <span class='ocrx_word' id='word_1_839' title='bbox 2871 3788 3158 3855; x_wconf 83' lang='grc' dir='ltr'>ἐναγαγεῖν</span> <span class='ocrx_word' id='word_1_840' title='bbox 3215 3785 3568 3857; x_wconf 88' lang='grc' dir='ltr'>δυναμένους,</span> <span class='ocrx_word' id='word_1_841' title='bbox 3627 3787 3724 3839; x_wconf 76' lang='grc' dir='ltr'>καὶ</span> 
     </span>
    </p>
   </div>
   <div class='ocr_carea' id='block_1_108' title="bbox 2061 3871 3728 3946">
    <p class='ocr_par' dir='ltr' id='par_1_108' title="bbox 2061 3871 3728 3946">
     <span class='ocr_line' id='line_1_108' title="bbox 2061 3871 3728 3946; baseline -0.002 -18"><span class='ocrx_word' id='word_1_842' title='bbox 2061 3876 2313 3946; x_wconf 87' lang='grc' dir='ltr'>καθάπερ</span> <span class='ocrx_word' id='word_1_843' title='bbox 2349 3875 2586 3946; x_wconf 74' lang='grc' dir='ltr'>ἰατροὺς.</span> <span class='ocrx_word' id='word_1_844' title='bbox 2607 3875 2733 3936; x_wconf 79' lang='grc' dir='ltr'>τούς</span> <span class='ocrx_word' id='word_1_845' title='bbox 2763 3873 3122 3943; x_wconf 78' lang='grc' dir='ltr'>νενοσηκότας</span> <span class='ocrx_word' id='word_1_846' title='bbox 3152 3872 3474 3944; x_wconf 87' lang='grc' dir='ltr'>θεραπεύειν</span> <span class='ocrx_word' id='word_1_847' title='bbox 3493 3871 3728 3942; x_wconf 83' lang='grc' dir='ltr'>δυναμέ-</span> 
     </span>
    </p>
   </div>
   <div class='ocr_carea' id='block_1_109' title="bbox 2061 3960 3727 4032">
    <p class='ocr_par' dir='ltr' id='par_1_109' title="bbox 2061 3960 3727 4032">
     <span class='ocr_line' id='line_1_109' title="bbox 2061 3960 3727 4032; baseline -0.001 -18"><span class='ocrx_word' id='word_1_848' title='bbox 2061 3979 2202 4023; x_wconf 83' lang='grc' dir='ltr'>νους.</span> <span class='ocrx_word' id='word_1_849' title='bbox 2235 3962 2370 4016; x_wconf 81' lang='grc' dir='ltr'>Ποτέ</span> <span class='ocrx_word' id='word_1_850' title='bbox 2403 3963 2502 4032; x_wconf 81' lang='grc' dir='ltr'>μὲν</span> <span class='ocrx_word' id='word_1_851' title='bbox 2537 3963 2616 4024; x_wconf 91' lang='grc' dir='ltr'>είς</span> <span class='ocrx_word' id='word_1_852' title='bbox 2649 3962 2747 4032; x_wconf 77' lang='grc' dir='ltr'>τήν</span> <span class='ocrx_word' id='word_1_853' title='bbox 2780 3960 3161 4029; x_wconf 84' lang='grc' dir='ltr'>Παλαιστίνην,</span> <span class='ocrx_word' id='word_1_854' title='bbox 3193 3961 3322 4013; x_wconf 85' lang='grc' dir='ltr'>ποτέ</span> <span class='ocrx_word' id='word_1_855' title='bbox 3359 3960 3415 4012; x_wconf 81' lang='grc' dir='ltr'>δὲ</span> <span class='ocrx_word' id='word_1_856' title='bbox 3450 3961 3528 4023; x_wconf 81' lang='grc' dir='ltr'>εἰς</span> <span class='ocrx_word' id='word_1_857' title='bbox 3563 3961 3727 4028; x_wconf 80' lang='grc' dir='ltr'>Λίγυ-</span> 
     </span>
    </p>
   </div>
   <div class='ocr_carea' id='block_1_110' title="bbox 2061 4045 3726 4117">
    <p class='ocr_par' dir='ltr' id='par_1_110' title="bbox 2061 4045 3726 4117">
     <span class='ocr_line' id='line_1_110' title="bbox 2061 4045 3726 4117; baseline -0.002 -15"><span class='ocrx_word' id='word_1_858' title='bbox 2061 4067 2192 4102; x_wconf 87' lang='grc' dir='ltr'>πτον</span> <span class='ocrx_word' id='word_1_859' title='bbox 2225 4050 2471 4116; x_wconf 87' lang='grc' dir='ltr'>κατάγει,</span> <span class='ocrx_word' id='word_1_860' title='bbox 2505 4047 2641 4117; x_wconf 83' lang='grc' dir='ltr'>ὁμοῦ</span> <span class='ocrx_word' id='word_1_861' title='bbox 2668 4047 2894 4101; x_wconf 73' lang='grc' dir='ltr'>καὶτῶν</span> <span class='ocrx_word' id='word_1_862' title='bbox 2934 4045 3098 4100; x_wconf 88' lang='grc' dir='ltr'>αὐτοῦ</span> <span class='ocrx_word' id='word_1_863' title='bbox 3130 4045 3330 4100; x_wconf 87' lang='grc' dir='ltr'>δούλων</span> <span class='ocrx_word' id='word_1_864' title='bbox 3369 4047 3726 4117; x_wconf 83' lang='grc' dir='ltr'>ἐγγυμνάζων</span> 
     </span>
    </p>
   </div>
   <div class='ocr_carea' id='block_1_111' title="bbox 2060 4133 3724 4206">
    <p class='ocr_par' dir='ltr' id='par_1_111' title="bbox 2060 4133 3724 4206">
     <span class='ocr_line' id='line_1_111' title="bbox 2060 4133 3724 4206; baseline -0.002 -17"><span class='ocrx_word' id='word_1_865' title='bbox 2060 4137 2158 4206; x_wconf 72' lang='grc' dir='ltr'>τὴν</span> <span class='ocrx_word' id='word_1_866' title='bbox 2188 4135 2483 4206; x_wconf 78' lang='grc' dir='ltr'>ὑπομονὴν,</span> <span class='ocrx_word' id='word_1_867' title='bbox 2521 4135 2614 4188; x_wconf 75' lang='grc' dir='ltr'>καὶ</span> <span class='ocrx_word' id='word_1_868' title='bbox 2636 4133 2732 4204; x_wconf 78' lang='grc' dir='ltr'>τὴν</span> <span class='ocrx_word' id='word_1_869' title='bbox 2760 4135 2964 4186; x_wconf 87' lang='grc' dir='ltr'>οίκείαν</span> <span class='ocrx_word' id='word_1_870' title='bbox 3002 4133 3230 4204; x_wconf 88' lang='grc' dir='ltr'>δύναμιν</span> <span class='ocrx_word' id='word_1_871' title='bbox 3264 4135 3724 4205; x_wconf 73' lang='grc' dir='ltr'>περιφανεστέραν</span> 
     </span>
    </p>
   </div>
   <div class='ocr_carea' id='block_1_112' title="bbox 2059 4219 3722 4291">
    <p class='ocr_par' dir='ltr' id='par_1_112' title="bbox 2059 4219 3722 4291">
     <span class='ocr_line' id='line_1_112' title="bbox 2059 4219 3722 4291; baseline -0.001 -17"><span class='ocrx_word' id='word_1_872' title='bbox 2059 4220 2305 4285; x_wconf 87' lang='grc' dir='ltr'>δεικνύς·</span> <span class='ocrx_word' id='word_1_873' title='bbox 2343 4220 2434 4274; x_wconf 80' lang='grc' dir='ltr'>καὶ</span> <span class='ocrx_word' id='word_1_874' title='bbox 2486 4219 2748 4290; x_wconf 87' lang='grc' dir='ltr'>διηνεκῶς</span> <span class='ocrx_word' id='word_1_875' title='bbox 2798 4219 2942 4274; x_wconf 75' lang='grc' dir='ltr'>οὕτω</span> <span class='ocrx_word' id='word_1_876' title='bbox 2985 4220 3247 4275; x_wconf 83' lang='grc' dir='ltr'>διετέλεσε</span> <span class='ocrx_word' id='word_1_877' title='bbox 3296 4221 3596 4291; x_wconf 84' lang='grc' dir='ltr'>φροντίζων</span> <span class='ocrx_word' id='word_1_878' title='bbox 3625 4221 3722 4290; x_wconf 75' lang='grc' dir='ltr'>τῆς</span> 
     </span>
    </p>
   </div>
   <div class='ocr_carea' id='block_1_113' title="bbox 2058 4306 3720 4377">
    <p class='ocr_par' dir='ltr' id='par_1_113' title="bbox 2058 4306 3720 4377">
     <span class='ocr_line' id='line_1_113' title="bbox 2058 4306 3720 4377; baseline -0.001 -16"><span class='ocrx_word' id='word_1_879' title='bbox 2058 4307 2167 4361; x_wconf 86' lang='grc' dir='ltr'>τῶν</span> <span class='ocrx_word' id='word_1_880' title='bbox 2221 4306 2521 4375; x_wconf 83' lang='grc' dir='ltr'>ἀνθρώπων</span> <span class='ocrx_word' id='word_1_881' title='bbox 2570 4306 2862 4377; x_wconf 79' lang='grc' dir='ltr'>σωτηρίας,</span> <span class='ocrx_word' id='word_1_882' title='bbox 2909 4309 3191 4377; x_wconf 79' lang='grc' dir='ltr'>προφήτας</span> <span class='ocrx_word' id='word_1_883' title='bbox 3239 4307 3574 4370; x_wconf 80' lang='grc' dir='ltr'>ἀναδεικνύς,</span> <span class='ocrx_word' id='word_1_884' title='bbox 3631 4307 3720 4360; x_wconf 66' lang='grc' dir='ltr'>καὶ</span> 
     </span>
    </p>
   </div>
   <div class='ocr_carea' id='block_1_114' title="bbox 2059 4391 3717 4466">
    <p class='ocr_par' dir='ltr' id='par_1_114' title="bbox 2059 4391 3717 4466">
     <span class='ocr_line' id='line_1_114' title="bbox 2059 4391 3717 4466; baseline 0 -18"><span class='ocrx_word' id='word_1_885' title='bbox 2059 4397 2261 4466; x_wconf 82' lang='grc' dir='ltr'>σημεῖα</span> <span class='ocrx_word' id='word_1_886' title='bbox 2285 4395 2378 4448; x_wconf 79' lang='grc' dir='ltr'>καί</span> <span class='ocrx_word' id='word_1_887' title='bbox 2405 4392 2658 4464; x_wconf 84' lang='grc' dir='ltr'>θαύματα</span> <span class='ocrx_word' id='word_1_888' title='bbox 2682 4393 2749 4446; x_wconf 76' lang='grc' dir='ltr'>δι’</span> <span class='ocrx_word' id='word_1_889' title='bbox 2770 4393 2949 4447; x_wconf 87' lang='grc' dir='ltr'>αὐτῶν</span> <span class='ocrx_word' id='word_1_890' title='bbox 2968 4394 3336 4449; x_wconf 68' lang='grc' dir='ltr'>ἐπιτελεῖσθαι</span> <span class='ocrx_word' id='word_1_891' title='bbox 3358 4395 3546 4451; x_wconf 84' lang='grc' dir='ltr'>ποιῶν,</span> <span class='ocrx_word' id='word_1_892' title='bbox 3572 4391 3717 4460; x_wconf 68' lang='grc' dir='ltr'>Εἶτα,</span> 
     </span>
    </p>
   </div>
   <div class='ocr_carea' id='block_1_115' title="bbox 2058 4479 3731 4554">
    <p class='ocr_par' dir='ltr' id='par_1_115' title="bbox 2058 4479 3731 4554">
     <span class='ocr_line' id='line_1_115' title="bbox 2058 4479 3731 4554; baseline 0.001 -19"><span class='ocrx_word' id='word_1_893' title='bbox 2058 4483 2147 4536; x_wconf 75' lang='grc' dir='ltr'>ἵνα</span> <span class='ocrx_word' id='word_1_894' title='bbox 2175 4479 2454 4552; x_wconf 79' lang='grc' dir='ltr'>συντεμὼν</span> <span class='ocrx_word' id='word_1_895' title='bbox 2484 4482 2623 4534; x_wconf 81' lang='grc' dir='ltr'>εῖπω</span> <span class='ocrx_word' id='word_1_896' title='bbox 2648 4496 2662 4508; x_wconf 94' lang='grc'><strong>·</strong></span> <span class='ocrx_word' id='word_1_897' title='bbox 2693 4481 2944 4553; x_wconf 86' lang='grc' dir='ltr'>καθάπερ</span> <span class='ocrx_word' id='word_1_898' title='bbox 2972 4483 3080 4554; x_wconf 82' lang='grc' dir='ltr'>γάρ</span> <span class='ocrx_word' id='word_1_899' title='bbox 3112 4482 3210 4553; x_wconf 81' lang='grc' dir='ltr'>τῆς</span> <span class='ocrx_word' id='word_1_900' title='bbox 3242 4483 3512 4554; x_wconf 74' lang='grc' dir='ltr'>θαλάττης</span> <span class='ocrx_word' id='word_1_901' title='bbox 3539 4483 3608 4537; x_wconf 83' lang='grc' dir='ltr'>τά</span> <span class='ocrx_word' id='word_1_902' title='bbox 3636 4484 3731 4537; x_wconf 85' lang='grc' dir='ltr'>κύ-</span> 
     </span>
    </p>
   </div>
   <div class='ocr_carea' id='block_1_116' title="bbox 2061 4568 3724 4640">
    <p class='ocr_par' dir='ltr' id='par_1_116' title="bbox 2061 4568 3724 4640">
     <span class='ocr_line' id='line_1_116' title="bbox 2061 4568 3724 4640; baseline -0.001 -17"><span class='ocrx_word' id='word_1_903' title='bbox 2061 4587 2226 4639; x_wconf 83' lang='grc' dir='ltr'>ματα,</span> <span class='ocrx_word' id='word_1_904' title='bbox 2259 4568 2362 4622; x_wconf 68' lang='grc' dir='ltr'>κᾶν</span> <span class='ocrx_word' id='word_1_905' title='bbox 2393 4568 2650 4639; x_wconf 87' lang='grc' dir='ltr'>μυριάκις</span> <span class='ocrx_word' id='word_1_906' title='bbox 2687 4568 3023 4640; x_wconf 85' lang='grc' dir='ltr'>βιασώμεθα.</span> <span class='ocrx_word' id='word_1_907' title='bbox 3055 4571 3156 4622; x_wconf 89' lang='grc' dir='ltr'>οὐκ</span> <span class='ocrx_word' id='word_1_908' title='bbox 3188 4571 3253 4623; x_wconf 83' lang='grc' dir='ltr'>ἀν</span> <span class='ocrx_word' id='word_1_909' title='bbox 3279 4587 3409 4622; x_wconf 89' lang='grc' dir='ltr'>ποτε</span> <span class='ocrx_word' id='word_1_910' title='bbox 3440 4569 3724 4640; x_wconf 85' lang='grc' dir='ltr'>δυνηθείη-</span> 
     </span>
    </p>
   </div>
   <div class='ocr_carea' id='block_1_117' title="bbox 2060 4653 3719 4725">
    <p class='ocr_par' dir='ltr' id='par_1_117' title="bbox 2060 4653 3719 4725">
     <span class='ocr_line' id='line_1_117' title="bbox 2060 4653 3719 4725; baseline 0.001 -18"><span class='ocrx_word' id='word_1_911' title='bbox 2060 4673 2160 4725; x_wconf 88' lang='grc' dir='ltr'>μεν</span> <span class='ocrx_word' id='word_1_912' title='bbox 2185 4653 2617 4725; x_wconf 82' lang='grc' dir='ltr'>ἐξαριθμεῖσθαι,</span> <span class='ocrx_word' id='word_1_913' title='bbox 2653 4655 2824 4718; x_wconf 76' lang='grc' dir='ltr'>οὕτως</span> <span class='ocrx_word' id='word_1_914' title='bbox 2859 4657 2979 4709; x_wconf 71' lang='grc' dir='ltr'>οὐδὲ</span> <span class='ocrx_word' id='word_1_915' title='bbox 3004 4655 3066 4708; x_wconf 81' lang='grc' dir='ltr'>τὸ</span> <span class='ocrx_word' id='word_1_916' title='bbox 3107 4656 3348 4708; x_wconf 88' lang='grc' dir='ltr'>ποικίλον</span> <span class='ocrx_word' id='word_1_917' title='bbox 3371 4656 3479 4708; x_wconf 85' lang='grc' dir='ltr'>τῶν</span> <span class='ocrx_word' id='word_1_918' title='bbox 3504 4658 3719 4725; x_wconf 77' lang='grc' dir='ltr'>εὐεργε-</span> 
     </span>
    </p>
   </div>
   <div class='ocr_carea' id='block_1_118' title="bbox 2059 4734 3720 4812">
    <p class='ocr_par' dir='ltr' id='par_1_118' title="bbox 2059 4734 3720 4812">
     <span class='ocr_line' id='line_1_118' title="bbox 2059 4734 3720 4812; baseline 0.002 -19"><span class='ocrx_word' id='word_1_919' title='bbox 2059 4743 2190 4794; x_wconf 86' lang='grc' dir='ltr'>σιῶν</span> <span class='ocrx_word' id='word_1_920' title='bbox 2217 4741 2318 4793; x_wconf 76' lang='grc' dir='ltr'>τοῦ.</span> <span class='ocrx_word' id='word_1_921' title='bbox 2337 4740 2495 4803; x_wconf 86' lang='grc' dir='ltr'>Θεοῦ,</span> <span class='ocrx_word' id='word_1_922' title='bbox 2517 4734 2592 4792; x_wconf 80' lang='grc' dir='ltr'>ὧν</span> <span class='ocrx_word' id='word_1_923' title='bbox 2621 4742 2746 4810; x_wconf 87' lang='grc' dir='ltr'>περί</span> <span class='ocrx_word' id='word_1_924' title='bbox 2779 4741 2874 4810; x_wconf 74' lang='grc' dir='ltr'>τὴν</span> <span class='ocrx_word' id='word_1_925' title='bbox 2904 4741 3173 4812; x_wconf 75' lang='grc' dir='ltr'>ἡμετέραν</span> <span class='ocrx_word' id='word_1_926' title='bbox 3198 4741 3359 4810; x_wconf 89' lang='grc' dir='ltr'>φύσιν</span> <span class='ocrx_word' id='word_1_927' title='bbox 3390 4743 3720 4806; x_wconf 78' lang='grc' dir='ltr'>ἐπεδείξατο.</span> 
     </span>
    </p>
   </div>
   <div class='ocr_carea' id='block_1_119' title="bbox 2057 4824 3723 4898">
    <p class='ocr_par' dir='ltr' id='par_1_119' title="bbox 2057 4824 3723 4898">
     <span class='ocr_line' id='line_1_119' title="bbox 2057 4824 3723 4898; baseline 0.001 -19"><span class='ocrx_word' id='word_1_928' title='bbox 2057 4827 2130 4879; x_wconf 78' lang='grc' dir='ltr'>Τὸ</span> <span class='ocrx_word' id='word_1_929' title='bbox 2155 4827 2212 4879; x_wconf 89' lang='grc' dir='ltr'>δέ</span> <span class='ocrx_word' id='word_1_930' title='bbox 2243 4826 2568 4889; x_wconf 82' lang='grc' dir='ltr'>τελευταῖον,</span> <span class='ocrx_word' id='word_1_931' title='bbox 2614 4825 2802 4894; x_wconf 69' lang='grc' dir='ltr'>ἐπειδὴ</span> <span class='ocrx_word' id='word_1_932' title='bbox 2835 4824 2942 4879; x_wconf 71' lang='grc' dir='ltr'>εἶδε</span> <span class='ocrx_word' id='word_1_933' title='bbox 2989 4826 3126 4894; x_wconf 89' lang='grc' dir='ltr'>μετά</span> <span class='ocrx_word' id='word_1_934' title='bbox 3173 4827 3438 4896; x_wconf 87' lang='grc' dir='ltr'>τοσαύτην</span> <span class='ocrx_word' id='word_1_935' title='bbox 3468 4829 3723 4898; x_wconf 82' lang='grc' dir='ltr'>πρόνοιαν</span> 
     </span>
    </p>
   </div>
   <div class='ocr_carea' id='block_1_120' title="bbox 2056 4911 3724 4984">
    <p class='ocr_par' dir='ltr' id='par_1_120' title="bbox 2056 4911 3724 4984">
     <span class='ocr_line' id='line_1_120' title="bbox 2056 4911 3724 4984; baseline 0.001 -18"><span class='ocrx_word' id='word_1_936' title='bbox 2056 4913 2136 4966; x_wconf 84' lang='grc' dir='ltr'>ἐτι</span> <span class='ocrx_word' id='word_1_937' title='bbox 2165 4911 2492 4981; x_wconf 78' lang='grc' dir='ltr'>πολλῆςκαὶ</span> <span class='ocrx_word' id='word_1_938' title='bbox 2526 4913 2730 4978; x_wconf 80' lang='grc' dir='ltr'>ἀφάτου</span> <span class='ocrx_word' id='word_1_939' title='bbox 2759 4912 3165 4982; x_wconf 87' lang='grc' dir='ltr'>φιλανθρωπίας</span> <span class='ocrx_word' id='word_1_940' title='bbox 3193 4913 3453 4984; x_wconf 86' lang='grc' dir='ltr'>δεομένην</span> <span class='ocrx_word' id='word_1_941' title='bbox 3485 4914 3582 4984; x_wconf 79' lang='grc' dir='ltr'>τὴν</span> <span class='ocrx_word' id='word_1_942' title='bbox 3614 4915 3724 4968; x_wconf 88' lang='grc' dir='ltr'>τῶν</span> 
     </span>
    </p>
   </div>
   <div class='ocr_carea' id='block_1_121' title="bbox 2055 4996 3723 5068">
    <p class='ocr_par' dir='ltr' id='par_1_121' title="bbox 2055 4996 3723 5068">
     <span class='ocr_line' id='line_1_121' title="bbox 2055 4996 3723 5068; baseline 0.002 -17"><span class='ocrx_word' id='word_1_943' title='bbox 2055 4998 2357 5068; x_wconf 84' lang='grc' dir='ltr'>ἀνθρώπων</span> <span class='ocrx_word' id='word_1_944' title='bbox 2390 4996 2570 5059; x_wconf 82' lang='grc' dir='ltr'>φύσιν.</span> <span class='ocrx_word' id='word_1_945' title='bbox 2602 4997 2692 5049; x_wconf 77' lang='grc' dir='ltr'>καὶ</span> <span class='ocrx_word' id='word_1_946' title='bbox 2724 4997 2874 5050; x_wconf 78' lang='grc' dir='ltr'>οὐδὲν</span> <span class='ocrx_word' id='word_1_947' title='bbox 2913 4998 3071 5052; x_wconf 87' lang='grc' dir='ltr'>πλέον</span> <span class='ocrx_word' id='word_1_948' title='bbox 3114 4999 3458 5068; x_wconf 70' lang='grc' dir='ltr'>ἰσχύσαντας,</span> <span class='ocrx_word' id='word_1_949' title='bbox 3491 5001 3553 5054; x_wconf 78' lang='grc' dir='ltr'>οὐ</span> <span class='ocrx_word' id='word_1_950' title='bbox 3596 5003 3723 5065; x_wconf 78' lang='grc' dir='ltr'>τούς</span> 
     </span>
    </p>
   </div>
   <div class='ocr_carea' id='block_1_122' title="bbox 2057 5084 3718 5156">
    <p class='ocr_par' dir='ltr' id='par_1_122' title="bbox 2057 5084 3718 5156">
     <span class='ocr_line' id='line_1_122' title="bbox 2057 5084 3718 5156; baseline 0.004 -20"><span class='ocrx_word' id='word_1_951' title='bbox 2057 5085 2419 5154; x_wconf 88' lang='grc' dir='ltr'>πατριάρχας,</span> <span class='ocrx_word' id='word_1_952' title='bbox 2463 5084 2522 5135; x_wconf 92' lang='grc' dir='ltr'>οὐ</span> <span class='ocrx_word' id='word_1_953' title='bbox 2554 5084 2676 5145; x_wconf 80' lang='grc' dir='ltr'>τούς</span> <span class='ocrx_word' id='word_1_954' title='bbox 2718 5085 3019 5156; x_wconf 75' lang='grc' dir='ltr'>προφήτας,</span> <span class='ocrx_word' id='word_1_955' title='bbox 3054 5087 3115 5138; x_wconf 92' lang='grc' dir='ltr'>οὐ</span> <span class='ocrx_word' id='word_1_956' title='bbox 3147 5087 3217 5139; x_wconf 82' lang='grc' dir='ltr'>τὰ</span> <span class='ocrx_word' id='word_1_957' title='bbox 3259 5086 3510 5156; x_wconf 86' lang='grc' dir='ltr'>θαύματα</span> <span class='ocrx_word' id='word_1_958' title='bbox 3541 5090 3718 5142; x_wconf 69' lang='grc' dir='ltr'>ἐκεῖνα</span> 
     </span>
    </p>
   </div>
   <div class='ocr_carea' id='block_1_123' title="bbox 2025 5169 3720 5242">
    <p class='ocr_par' dir='ltr' id='par_1_123' title="bbox 2025 5169 3720 5242">
     <span class='ocr_line' id='line_1_123' title="bbox 2025 5169 3720 5242; baseline 0.004 -20"><span class='ocrx_word' id='word_1_959' title='bbox 2025 5172 2123 5223; x_wconf 80' lang='grc' dir='ltr'>-τά</span> <span class='ocrx_word' id='word_1_960' title='bbox 2154 5170 2450 5239; x_wconf 83' lang='grc' dir='ltr'>παράδοξα,</span> <span class='ocrx_word' id='word_1_961' title='bbox 2499 5170 2561 5223; x_wconf 90' lang='grc' dir='ltr'>οὐ</span> <span class='ocrx_word' id='word_1_962' title='bbox 2600 5169 2699 5233; x_wconf 90' lang='grc' dir='ltr'>τάς</span> <span class='ocrx_word' id='word_1_963' title='bbox 2736 5172 3002 5242; x_wconf 89' lang='grc' dir='ltr'>τιμωρίας</span> <span class='ocrx_word' id='word_1_964' title='bbox 3046 5175 3139 5226; x_wconf 80' lang='grc' dir='ltr'>καί</span> <span class='ocrx_word' id='word_1_965' title='bbox 3177 5174 3274 5236; x_wconf 80' lang='grc' dir='ltr'>τάς</span> <span class='ocrx_word' id='word_1_966' title='bbox 3313 5173 3590 5239; x_wconf 86' lang='grc' dir='ltr'>νουθεσίας</span> <span class='ocrx_word' id='word_1_967' title='bbox 3621 5176 3720 5240; x_wconf 85' lang='grc' dir='ltr'>τάς</span> 
     </span>
    </p>
   </div>
   <div class='ocr_carea' id='block_1_124' title="bbox 2056 5257 3721 5330">
    <p class='ocr_par' dir='ltr' id='par_1_124' title="bbox 2056 5257 3721 5330">
     <span class='ocr_line' id='line_1_124' title="bbox 2056 5257 3721 5330; baseline 0.003 -20"><span class='ocrx_word' id='word_1_968' title='bbox 2056 5257 2176 5311; x_wconf 75' lang='grc' dir='ltr'>καθ’</span> <span class='ocrx_word' id='word_1_969' title='bbox 2199 5257 2426 5310; x_wconf 71' lang='grc' dir='ltr'>ἕκαστον</span> <span class='ocrx_word' id='word_1_970' title='bbox 2453 5258 2816 5327; x_wconf 87' lang='grc' dir='ltr'>ἐπαγομένας,</span> <span class='ocrx_word' id='word_1_971' title='bbox 2848 5259 2942 5310; x_wconf 73' lang='grc' dir='ltr'>καὶ</span> <span class='ocrx_word' id='word_1_972' title='bbox 2969 5260 3066 5322; x_wconf 85' lang='grc' dir='ltr'>τάς</span> <span class='ocrx_word' id='word_1_973' title='bbox 3108 5260 3481 5330; x_wconf 72' lang='grc' dir='ltr'>αἰχμαλωσίας</span> <span class='ocrx_word' id='word_1_974' title='bbox 3507 5264 3721 5328; x_wconf 82' lang='grc' dir='ltr'>ἐκείνας</span> 
     </span>
    </p>
   </div>
   <div class='ocr_carea' id='block_1_125' title="bbox 2054 5345 3718 5422">
    <p class='ocr_par' dir='ltr' id='par_1_125' title="bbox 2054 5345 3718 5422">
     <span class='ocr_line' id='line_1_125' title="bbox 2054 5345 3718 5422; baseline 0.004 -24"><span class='ocrx_word' id='word_1_975' title='bbox 2054 5346 2151 5409; x_wconf 90' lang='grc' dir='ltr'>τάς</span> <span class='ocrx_word' id='word_1_976' title='bbox 2183 5345 2534 5416; x_wconf 81' lang='grc' dir='ltr'>ἐπαλλήλους,</span> <span class='ocrx_word' id='word_1_977' title='bbox 2560 5345 2748 5414; x_wconf 88' lang='grc' dir='ltr'>ῶσπερ</span> <span class='ocrx_word' id='word_1_978' title='bbox 2767 5347 3038 5418; x_wconf 73' lang='grc' dir='ltr'>οἰκτείρας</span> <span class='ocrx_word' id='word_1_979' title='bbox 3069 5348 3129 5401; x_wconf 74' lang='grc' dir='ltr'>τὸ</span> <span class='ocrx_word' id='word_1_980' title='bbox 3158 5348 3311 5417; x_wconf 90' lang='grc' dir='ltr'>γένος</span> <span class='ocrx_word' id='word_1_981' title='bbox 3343 5350 3403 5401; x_wconf 81' lang='grc' dir='ltr'>τὸ</span> <span class='ocrx_word' id='word_1_982' title='bbox 3432 5351 3718 5422; x_wconf 77' lang='grc' dir='ltr'>ἡμέτερον,</span> 
     </span>
    </p>
   </div>
   <div class='ocr_carea' id='block_1_126' title="bbox 2053 5431 3718 5505">
    <p class='ocr_par' dir='ltr' id='par_1_126' title="bbox 2053 5431 3718 5505">
     <span class='ocr_line' id='line_1_126' title="bbox 2053 5431 3718 5505; baseline 0.005 -21"><span class='ocrx_word' id='word_1_983' title='bbox 2053 5432 2162 5485; x_wconf 91' lang='grc' dir='ltr'>τῶν</span> <span class='ocrx_word' id='word_1_984' title='bbox 2191 5431 2380 5502; x_wconf 83' lang='grc' dir='ltr'>ψυχῶν</span> <span class='ocrx_word' id='word_1_985' title='bbox 2421 5434 2516 5485; x_wconf 73' lang='grc' dir='ltr'>καὶ</span> <span class='ocrx_word' id='word_1_986' title='bbox 2557 5432 2666 5485; x_wconf 87' lang='grc' dir='ltr'>τῶν</span> <span class='ocrx_word' id='word_1_987' title='bbox 2697 5432 2961 5503; x_wconf 88' lang='grc' dir='ltr'>σωμάτων</span> <span class='ocrx_word' id='word_1_988' title='bbox 3007 5434 3208 5505; x_wconf 70' lang='grc' dir='ltr'>ἰατρὸν,</span> <span class='ocrx_word' id='word_1_989' title='bbox 3247 5435 3337 5487; x_wconf 79' lang='grc' dir='ltr'>τὸν</span> <span class='ocrx_word' id='word_1_990' title='bbox 3379 5437 3505 5490; x_wconf 76' lang='grc' dir='ltr'>Υἱὸν</span> <span class='ocrx_word' id='word_1_991' title='bbox 3555 5438 3718 5493; x_wconf 88' lang='grc' dir='ltr'>αὐτοῦ</span> 
     </span>
    </p>
   </div>
   <div class='ocr_carea' id='block_1_127' title="bbox 2053 5518 3718 5590">
    <p class='ocr_par' dir='ltr' id='par_1_127' title="bbox 2053 5518 3718 5590">
     <span class='ocr_line' id='line_1_127' title="bbox 2053 5518 3718 5590; baseline 0.005 -20"><span class='ocrx_word' id='word_1_992' title='bbox 2053 5519 2145 5571; x_wconf 81' lang='grc' dir='ltr'>τὸν</span> <span class='ocrx_word' id='word_1_993' title='bbox 2186 5519 2448 5589; x_wconf 86' lang='grc' dir='ltr'>μονογενῆ</span> <span class='ocrx_word' id='word_1_994' title='bbox 2503 5520 2566 5571; x_wconf 86' lang='grc' dir='ltr'>ἐκ</span> <span class='ocrx_word' id='word_1_995' title='bbox 2610 5519 2716 5572; x_wconf 88' lang='grc' dir='ltr'>τῶν</span> <span class='ocrx_word' id='word_1_996' title='bbox 2757 5518 2971 5573; x_wconf 84' lang='grc' dir='ltr'>κόλπων</span> <span class='ocrx_word' id='word_1_997' title='bbox 3017 5522 3348 5590; x_wconf 79' lang='grc' dir='ltr'>ἀναστήσας,</span> <span class='ocrx_word' id='word_1_998' title='bbox 3401 5522 3474 5586; x_wconf 83' lang='grc' dir='ltr'>ῶς</span> <span class='ocrx_word' id='word_1_999' title='bbox 3521 5525 3718 5588; x_wconf 84' lang='grc' dir='ltr'>εἰπεῖν,</span> 
     </span>
    </p>
   </div>
   <div class='ocr_carea' id='block_1_128' title="bbox 2054 5604 3721 5680">
    <p class='ocr_par' dir='ltr' id='par_1_128' title="bbox 2054 5604 3721 5680">
     <span class='ocr_line' id='line_1_128' title="bbox 2054 5604 3721 5680; baseline 0.004 -21"><span class='ocrx_word' id='word_1_1000' title='bbox 2054 5605 2162 5659; x_wconf 87' lang='grc' dir='ltr'>τῶν</span> <span class='ocrx_word' id='word_1_1001' title='bbox 2188 5604 2487 5674; x_wconf 87' lang='grc' dir='ltr'>πατρικῶν,</span> <span class='ocrx_word' id='word_1_1002' title='bbox 2512 5604 2696 5658; x_wconf 83' lang='grc' dir='ltr'>δούλου</span> <span class='ocrx_word' id='word_1_1003' title='bbox 2722 5607 2935 5676; x_wconf 77' lang='grc' dir='ltr'>μορφήν</span> <span class='ocrx_word' id='word_1_1004' title='bbox 2957 5608 3290 5663; x_wconf 77' lang='grc' dir='ltr'>ἀναλαϐόντα</span> <span class='ocrx_word' id='word_1_1005' title='bbox 3311 5612 3721 5680; x_wconf 83' lang='grc' dir='ltr'>παρεσκεύασεν</span> 
     </span>
    </p>
   </div>
   <div class='ocr_carea' id='block_1_129' title="bbox 2056 5689 3718 5771">
    <p class='ocr_par' dir='ltr' id='par_1_129' title="bbox 2056 5689 3718 5771">
     <span class='ocr_line' id='line_1_129' title="bbox 2056 5689 3718 5771; baseline 0.006 -24"><span class='ocrx_word' id='word_1_1006' title='bbox 2056 5695 2118 5747; x_wconf 84' lang='grc' dir='ltr'>ἐκ</span> <span class='ocrx_word' id='word_1_1007' title='bbox 2147 5689 2415 5762; x_wconf 84' lang='grc' dir='ltr'>παρθένου</span> <span class='ocrx_word' id='word_1_1008' title='bbox 2451 5692 2723 5764; x_wconf 76' lang='grc' dir='ltr'>τεχθῆναι,</span> <span class='ocrx_word' id='word_1_1009' title='bbox 2760 5695 2846 5747; x_wconf 67' lang='grc' dir='ltr'>καὶ</span> <span class='ocrx_word' id='word_1_1010' title='bbox 2887 5692 2980 5746; x_wconf 82' lang='grc' dir='ltr'>σύν</span> <span class='ocrx_word' id='word_1_1011' title='bbox 3016 5695 3143 5766; x_wconf 77' lang='grc' dir='ltr'>ήμῖν</span> <span class='ocrx_word' id='word_1_1012' title='bbox 3169 5695 3593 5771; x_wconf 56' lang='grc' dir='ltr'>ἀναστραφῆναι,</span> <span class='ocrx_word' id='word_1_1013' title='bbox 3622 5698 3718 5756; x_wconf 73' lang='grc' dir='ltr'>καὶ</span> 
     </span>
    </p>
   </div>
  </div>
