4102 6204
436 260 540 335 εει

438 391 617 446 πάντα
658 388 945 459 ὑπομεῖναι
972 386 1044 444 τά
1070 387 1332 464 ἡμέτερα,
1366 387 1456 444 ῐνα
1486 388 1588 459 τὴν
1632 388 1910 461 ἡμετέραν
1940 389 2100 459 φύσιν

434 476 589 534 κάτω
620 491 722 530 που
752 473 1008 544 κειμένην
1035 474 1138 526 ὑπὸ
1165 474 1257 527 τοῦ
1284 474 1392 531 τῶν
1425 475 1836 547 ἁμαρτημάτων
1869 475 2102 546 πλήθους

429 563 729 630 ἀναγαγεῖν
769 559 968 633 δυνηθῇ
1018 561 1126 615 ἀπὸ
1157 562 1256 632 τῆς
1303 563 1408 633 γῆς
1454 565 1533 626 είς
1568 562 1658 616 τὸν
1702 563 1951 633 οὐρανόν.
1991 562 2101 617 Καὶ

433 648 592 707 τοῦτο
617 647 1049 720 ἐκπληττόμενος
1076 651 1106 701 6
1129 649 1230 719 τῆς
1253 648 1481 721 βροντῆς
1505 650 1640 714 υίὸς,
1660 651 1755 705 καὶ
1782 651 1978 705 ἐννοῶν
2000 652 2100 722 τῆς

432 735 655 804 ἀγάπης
681 733 779 791 τοῦ
801 733 935 786 Θεοῦ
957 734 1056 803 τὴν
1087 736 1410 806 ὑπερϐολὴν,
1431 737 1498 806 ἢν
1526 736 1652 806 περὶ
1669 737 1730 790 τὸ
1757 737 1867 792 τῶν
1890 736 2098 809 ἀνθρώ-

432 837 550 874 πων
576 820 734 889 γένος
753 820 1083 885 ἐπεδείξατο,
1105 822 1236 876 ἐϐόα
1264 823 1358 877 καὶ
1381 823 1567 892 ἔλεγεν
1583 840 1596 855 ·
1634 823 1796 878 Οὕτω
1824 822 1933 893 γὰρ
1955 823 2100 894 ἠγά-

432 922 634 974 πησεν
651 910 685 963 ὁ
714 906 858 973 Θεὸς
876 907 984 961 τόν
1006 909 1254 978 κόσμον.
1284 911 1424 981 Ὅρα
1449 910 1617 967 πόσου
1643 910 1919 982 θαύματος
1939 911 2097 980 γέμει

433 993 467 1063 ἡ
495 992 640 1059 λέξις
661 1008 677 1025 ⁸
710 994 893 1060 οὕτω,
926 996 1077 1065 φησὶ,
1106 995 1168 1049 τὸ
1193 995 1421 1066 μέγεθος
1455 997 1928 1066 ἀναλογιζόμενος,
1962 998 2099 1066 ὅπερ

433 1078 668 1148 ήμελλεν
698 1080 840 1150 ἐρεῖν
862 1097 875 1111 ·
908 1081 997 1134 διὰ
1021 1080 1178 1135 τοῦτο
1201 1081 1373 1146 οὕτως
1399 1083 1621 1155 ήρξατο.
1664 1085 1796 1137 Εἰπὲ
1822 1080 1915 1137 οὖν
1944 1085 2095 1154 ἡμῖν,

440 1158 478 1218 ἶ»
506 1166 742 1237 μακάριε
783 1166 996 1239 Ἰωάννη
1018 1185 1032 1198 ·
1067 1170 1251 1232 Οὕτω,
1288 1170 1439 1236 πῶς;
1481 1170 1601 1223 είπὲ
1639 1171 1700 1224 τὸ
1728 1172 1944 1243 μέτρον,
1976 1172 2096 1225 είπέ

429 1251 493 1304 τὸ
541 1252 787 1321 μέγεθος,
833 1252 1039 1322 δίδαξον
1084 1257 1230 1325 ἡμᾶς
1274 1258 1374 1325 τὴν
1403 1256 1729 1328 ὑπερϐολήν.
1767 1258 1933 1311 Οὕτω
1984 1258 2095 1329 γὰρ

429 1337 749 1409 ἠγάπησεν
771 1341 805 1393 ὀ
834 1339 978 1405 Θεὸς
1008 1342 1116 1394 τὸν
1148 1343 1399 1410 κόσμον.
1428 1341 1584 1396 ὥστε
1605 1342 1710 1397 τὸν
1745 1346 1882 1397 Υιόν
1908 1345 2095 1400 αὐτοῦ

429 1423 541 1479 τὸν
557 1424 858 1494 μονογενῆ
888 1425 1166 1493 δέδωκεν,
1199 1430 1299 1482 ἵνα
1338 1426 1459 1495 πᾶς
1485 1433 1518 1483 ό
1547 1421 1846 1485 πιάτεύων
1871 1434 1958 1498 εὶς
1984 1434 2093 1486 αὑ-

429 1507 538 1567 τὸν
558 1509 646 1583 μὴ
675 1512 990 1579 ἀπόληται,
1021 1512 1161 1569 ἀλλ’
1190 1513 1303 1587 ἔχῃ
1340 1512 1494 1582 ζωὴν
1525 1515 1782 1572 αἰώνιον.

504 1592 657 1660 Εῐδες
674 1597 773 1668 τὴν
798 1599 975 1651 αίτίαν
1006 1602 1105 1670 τῆς
1132 1600 1227 1652 τοῦ
1263 1601 1395 1654 Υίοῦ
1440 1604 1740 1672 παρουσίας
1770 1604 1974 1675 ταύτην
2000 1603 2093 1659 οὖσ-

430 1698 553 1747 σαν,
585 1681 723 1736 ῶστε
760 1686 885 1748 τοὺς
926 1686 1216 1755 μέλλοντας
1265 1689 1594 1742 ἀπόλλυσθαι
1625 1691 1895 1762 σωτηρίας
1925 1693 2094 1762 ἀφορ-

432 1768 540 1843 μὴν
567 1769 743 1840 εὑρεῖν
786 1769 874 1829 διὰ
896 1771 995 1842 τῆς
1023 1775 1102 1837 είς
1132 1774 1295 1827 αὐτὸν
1327 1775 1594 1843 πίστεως;
1635 1779 1701 1829 Τί
1729 1778 1794 1832 ἀν
1822 1795 1906 1842 τις
1948 1778 2092 1847 λογί-

430 1872 587 1912 ααιτο
634 1857 715 1920 είς
765 1856 970 1912 ἔννοιαν
1018 1859 1186 1913 ἐλθὼν
1237 1861 1338 1931 τῆς
1382 1861 1689 1933 φιλοτιμίας
1730 1865 1945 1935 ἐκείνης
1995 1865 2093 1936 τῆς

430 1940 675 2012 μεγάλης
704 1942 800 1996 καὶ
839 1943 1175 2015 θαυμαστῆς,
1210 1948 1303 2000 καὶ
1333 1946 1511 2002 πάντα
1549 1948 1784 2020 νικώσης
1817 1949 1993 2019 λόγον,
2025 1951 2092 2022 ἢν

427 2031 718 2102 ἐχαρίσατο
751 2035 821 2107 τῇ
847 2033 1004 2102 φύσει
1035 2037 1104 2106 τᾷ
1140 2037 1382 2108 ἡμετέρᾳ
1409 2036 1495 2091 διὰ
1527 2038 1623 2108 τῆς
1661 2039 1753 2091 τοῦ
1781 2039 2091 2110 βαπτίσμα-

424 2134 518 2181 τος
557 2117 795 2190 δωρεᾶς,
852 2123 1068 2179 πάντων
1117 2125 1248 2195 ἡμῖν
1294 2124 1404 2177 τῶν
1456 2125 1938 2198 πλημμελημάτων
1992 2129 2092 2200 τὴν

424 2203 746 2276 ἀπαλλαγήν
766 2206 1182 2280 δωρησάμενος;
1218 2211 1378 2265 Ἀλλά
1397 2211 1449 2264 τί
1476 2212 1643 2275 εἴπω,
1669 2214 1806 2267 Οὔτε
1830 2217 1863 2285 ἡ
1885 2215 2089 2269 διάνοια

425 2290 666 2363 ἐξαρκεῖ,
692 2294 815 2351 οὐδὲ
834 2295 863 2346 6
884 2295 1040 2364 λόγος
1060 2295 1296 2367 ἐξισχύει
1324 2298 1394 2353 τά
1416 2298 1579 2352 λοιπὰ
1599 2299 2083 2373 ἐξαριθμήσασθαι.

426 2377 567 2432 Ὅσα
597 2379 706 2450 7&9
732 2380 799 2434 ἂν
822 2380 980 2446 είπω,
1011 2383 1246 2439 τοσαῦτά
1273 2387 1389 2440 ἐστι
1419 2385 1489 2439 τά
1519 2386 1787 2451 λείποντα,
1822 2387 1898 2451 ὠς
1936 2392 2088 2461 νικᾷν

424 2464 532 2519 τῶν
558 2466 658 2536 ἤδη
692 2468 962 2538 ῥηθέντων
991 2470 1089 2541 τὴν
1118 2473 1441 2545 ὑπερϐολήν.
1479 2474 1545 2527 Τί
1569 2470 1663 2529 οὖν
1703 2476 1769 2530 ἀν
1794 2494 1877 2540 τις
1902 2478 2089 2548 ἐννοήο

427 2568 539 2605 σειε
570 2555 667 2624 τῆς
704 2556 988 2623 μετανοίας
1019 2557 1116 2628 τὴν
1142 2559 1279 2623 ὁδὸν,
1310 2562 1376 2631 ἡν
1405 2560 1697 2632 ἐχαρίσατο
1719 2562 1808 2616 διὰ
1830 2563 1926 2636 τὴν
1951 2566 2089 2633 ἄφα-

423 2654 517 2691 τον
547 2640 713 2698 αὐτοῦ
763 2643 1170 2715 φιλανθρωπίαν
1209 2647 1288 2717 τῷ
1325 2651 1576 2721 ἡμετέρῳ
1617 2650 1785 2718 γένει,
1817 2654 1910 2706 καὶ
1952 2657 2089 2723 μετὰ

421 2723 525 2796 τήν
542 2725 640 2809 τοῦ
662 2725 1032 2799 βαπτίσματος
1047 2732 1254 2802 δωρεάν
1273 2735 1371 2797 τὰς
1394 2738 1611 2801 ἐντολὰς
1631 2738 1729 2800 τὰς
1749 2737 2084 2809 θαυμαστάς,

421 2809 492 2869 δι’
532 2805 628 2879 ὧν,
680 2815 730 2867 εἰ
770 2814 1179 2888 βουληθείημεν,
1213 2820 1551 2893 δυνησόμεθα
1598 2824 1698 2894 τὴν
1745 2805 1875 2897 παρλ
1919 2827 2084 2883 αὐτοῦ

426 2897 601 2972 ῥοπὴν
630 2901 1039 2958 ἐπισπάσασθαι
1054 2922 1069 2970 ;

496 2983 564 3057 β’.
593 2984 744 3058 [257]
768 2985 941 3059 Εἶδες,
969 2993 1237 3061 άγαπητέ,
1278 2993 1512 3049 ἄϐυσσον
1552 2996 1916 3068 εὐεργεσιῶν;
1951 2996 2089 3065 εἶδες

422 3067 597 3130 τόσας
622 3071 1159 3145 ἀπαριθμησάμενοι,
1196 3077 1407 3132 οὐδέπω
1442 3080 1563 3135 οὐδὲ
1605 3082 1668 3135 τὸ
1697 3082 1985 3139 πολλοστὸν
2012 3090 2089 3139 εἰ·

422 3157 548 3215 πεῖν
568 3155 939 3229 ἡδυνήθημεν;
966 3161 1090 3225 Πῶς
1105 3163 1213 3234 7&9
1232 3164 1542 3241 ἀνθρωπίνη
1564 3167 1781 3236 γλῶττα
1801 3170 2087 3239 δυνήσεται

420 3243 493 3300 τά
520 3243 671 3314 παρὰ
694 3243 788 3299 τοῦ
818 3245 953 3301 Θεοῦ
981 3248 1061 3312 είς
1103 3251 1253 3321 ἡμᾶς
1280 3253 1620 3323 γεγενημένα
1645 3254 1789 3328 λόγῳ
1819 3257 2043 3315 διελθεῖν
2069 3277 2084 3322 ς

423 3328 642 3387 Τούτων
683 3331 864 3385 τοίνυν
893 3334 1161 3391 τοσούτων
1207 3338 1302 3391 καὶ
1333 3338 1665 3408 τηλικούτων
1701 3342 1894 3410 ὄντων,
1927 3346 2087 3402 πάλιν

630 3415 852 3485 μείζους
893 3419 985 3472 καὶ
1022 3420 1457 3494 ἀπορρητότεραί
1485 3428 1622 3480 είσιν
1665 3428 1723 3481 αἱ
1754 3430 2084 3503 εὐεργεσίαι,

420 3498 489 3564 ἀς
513 3502 652 3570 μετὰ
680 3506 781 3574 τὴν
805 3504 1053 3563 ἐντεῦθεν
1086 3509 1415 3578 μετάστασιν
1448 3513 1506 3566 ἐν
1534 3512 1614 3586 τῷ
1645 3498 1907 3586 μέλλοντι
1929 3522 2084 3573 αἰωνι

422 3592 787 3662 ἐπηγγείλατο
825 3596 937 3658 τοῖς
966 3594 1063 3667 τὴν
1097 3596 1215 3650 ὁδὸν
1251 3598 1352 3668 τῆς
1397 3600 1597 3673 ἀρετῆς
1629 3603 1927 3673 βαδίζουσι.
1977 3611 2086 3664 Καὶ

423 3674 612 3763 ῖναλδΰ
639 3675 836 3746 ὀλίγων
877 3680 945 3749 ρη
954 3683 1136 3753 μάτων
1163 3680 1257 3733 τοῦ
1290 3683 1554 3753 μεγέθους
1579 3687 1758 3740 αὐτῶν
1780 3690 1879 3761 τήν
1920 3693 2084 3763 ὑπερ-

420 3760 583 3837 ϐολήν
638 3764 773 3834 ἡμῖν
827 3766 1173 3845 παραστήσῃ,
1227 3769 1392 3841 φησὶν
1439 3771 1468 3822 6
1525 3773 1793 3845 μακάριος
1836 3760 2081 3842 Παῦλος·

426 3848 498 3901 Ἀ
535 3848 840 3917 ὀφθαλμὸς
859 3851 970 3904 οὐκ
988 3847 1128 3915 εἶδε,
1162 3856 1259 3906 καί
1291 3850 1402 3919 οὖς
1432 3857 1542 3910 οὐκ
1570 3856 1818 3926 ἤκουσε,
1854 3864 1950 3917 καί
1985 3865 2083 3919 ἐπὶ

420 3932 674 4000 καρδίαν
698 3933 1011 4003 άνθριὶιπου
1047 3939 1158 3992 οὐκ
1181 3939 1387 4009 ἀνέϐη,
1427 3939 1467 3995 d
1493 3943 1822 4012 ἡτοίμασεν
1860 3950 1893 4001 ό
1941 3936 2085 4017 Θεὸς

420 4019 548 4087 τοῖς
571 4020 886 4091 ἀγαπῶσιν
910 4024 1114 4080 αὐτόν.
1152 4022 1310 4091 Εἶδες
1332 4027 1547 4101 δωρεῶν
1577 4029 1912 4104 ὐπερϐολὴν;
1946 4032 2085 4103 εἶδες

419 4108 602 4165 πᾶσαν
648 4106 857 4165 ἔννοιαν
904 4110 1249 4182 ἀνθρωπίνην
1297 4113 1727 4185 ὐπερϐαινούσας
1775 4120 1941 4174 αὐτοῦ
1985 4123 2083 4187 τὰς

417 4193 769 4264 εὐεργεσίας·
813 4196 945 4249 Ἐπὶ
977 4196 1229 4264 καρδίαν
1256 4201 1580 4270 γάρ,φησὶν,
1627 4204 1941 4271 ἀνθρώπου
1970 4211 2084 4265 οὐκ

416 4278 625 4348 ἀνέϐη.
670 4279 796 4335 Ἐὰν
821 4281 999 4337 τοίνυν
1045 4282 1363 4353 βουλώμεθα
1400 4286 1603 4350 ταύτας
1650 4289 2079 4361 ἀναλογίζεσθαι,

418 4369 516 4426 καὶ
541 4367 639 4454 τὴν
668 4366 810 4454 κατὰ
854 4368 1083 4439 δύναμιν
1114 4369 1212 4443 τὴν
1239 4371 1512 4441 ἡμετέραν
1551 4375 1897 4448 εὐχαριστίαν
1922 4383 2082 4454 ποιῆ-

420 4469 534 4519 σαι,
557 4453 898 4525 δυνησόμεθα
938 4455 1036 4526 τὴν
1068 4456 1233 4510 αὐτοῦ
1272 4456 1482 4512 εὔνοιαν
1513 4461 1607 4514 ἐπὶ
1647 4461 1806 4517 πλέον
1842 4453 2079 4525 ἐπισπά.

419 4540 639 4603 σασθαι,
682 4542 940 4617 καὶπρὸς
984 4542 1084 4614 τήν
1130 4544 1329 4619 ἀρετὴν
1368 4546 1569 4616 μᾶλλον
1610 4548 1971 4624 διεγερθῆναι.
2014 4558 2080 4613 Ἦ

416 4628 527 4703 γὰρ
553 4627 663 4683 τῶν
709 4629 1038 4699 εὐεργεσιῶν
1076 4633 1263 4705 μνήμη
1300 4633 1457 4706 ίκανὴ
1498 4639 1906 4709 προτρέψασθαι
1943 4647 2079 4718 πρὸς

413 4718 544 4783 τοὺς
596 4718 695 4788 τῆς
745 4719 943 4795 ἀρετῆς
985 4719 1198 4787 πόνους,
1256 4722 1349 4775 καὶ
1399 4726 1812 4794 παρασκευάσαι
1863 4731 2079 4788 πάντων

416 4804 690 4881 ὑπεριδεῖν
715 4805 821 4859 τῶν
851 4806 1155 4880 παρόντων,
1187 4809 1440 4881 καὶπρὸς
1471 4811 1562 4866 τὸν
1583 4813 1820 4870 τοσαῦτα
1852 4819 2072 4890 εὐεργεο

413 4894 619 4966 τηκότα
645 4896 951 4973 κεχηνέναι,
983 4897 1076 4952 καὶ
1104 4897 1198 4951 τὸν
1223 4898 1349 4969 περὶ
1374 4899 1534 4953 αὐτὸν
1563 4902 1724 4956 πόθον
1761 4907 2074 4976 ἀκμάζοντα

412 4982 537 5042 καθ’
567 4982 805 5067 ἐκᾴστην
836 4984 1048 5054 ἡμέραν
1082 4984 1504 5041 ἐπιδείκνυσθαι.
1541 4988 1819 5045 Ἐντεῦθεν
1851 4992 1958 5067 7&9
1982 4997 2078 5050 καὶ

410 5071 444 5131 6
472 5070 676 5133 δίκαιος
701 5064 855 5133 οὗτος
883 5070 1153 5141 τοσαύτης
1181 5073 1464 5142 ἀπήλαυσε
1494 5074 1595 5144 τῆς
1628 5076 1834 5133 ἀνωθεν
1863 5064 2077 5147 εὐνοίας

412 5159 509 5217 καὶ
536 5157 634 5236 τῆς
662 5156 850 5230 τιμῆς,
881 5157 1069 5242 ἐπειδή
1109 5158 1306 5228 πολλὴν
1334 5159 1474 5229 ὑπὲρ
1499 5160 1607 5217 τῶν
1632 5163 1949 5235 φθασάντων
1980 5171 2075 5242 τὴν

413 5245 833 5321 εὐγνωμοσύνην
856 5241 1186 5310 ἐπεδείξατο.
1231 5243 1367 5303 Ἀλλ’
1399 5245 1486 5303 ἵνα
1515 5248 1849 5320 σαφέστερος
1875 5257 2009 5324 ἡμῖν
2047 5261 2075 5312 6

410 5331 566 5405 λόγος
582 5331 825 5403 γένηται,
841 5330 1010 5405 αὐτὴν
1028 5330 1126 5400 τὴν
1153 5332 1326 5409 ἀρχὴν
1351 5332 1459 5385 τῶν
1476 5335 1710 5407 σήμερον
1731 5337 2076 5415 ἀνεγνωσμέ-

411 5436 519 5472 νων
557 5419 851 5486 ἀναγκαῖον
908 5417 1186 5488 προθεῖναι
1230 5417 1324 5470 ἐπὶ
1362 5418 1461 5487 τῆς
1515 5418 1787 5492 ὑμετέρας
1829 5425 2068 5499 ἀγάπης,

423 5504 642 5577 Ἐπειδὴ
672 5505 783 5578 7&9
803 5503 1023 5576 ἐξῆλθεν
1045 5505 1111 5566 ἐκ
1127 5503 1227 5574 τῆς
1251 5502 1483 5559 κιϐωτοῦ
1505 5507 1645 5563 κατὰ
1664 5507 1724 5560 τὸ
1751 5510 2072 5586 πρόσταγμα

409 5593 506 5652 τοῦ
538 5594 832 5656 Δεσπότου,
857 5592 995 5663 μετὰ
1018 5592 1126 5645 τῶν
1158 5591 1309 5655 υἱῶν,
1332 5589 1426 5644 καὶ
1450 5592 1547 5663 τῆς
1573 5594 1765 5648 ἑαυτοῦ
1794 5602 2068 5667 γυναικὸς⁹

412 5681 508 5739 καὶ
533 5681 807 5749 γυναικῶν
833 5680 940 5734 τῶν
966 5678 1191 5741 παίδων,
1228 5678 1325 5731 καὶ
1361 5677 1576 5734 πάντων
1604 5680 1712 5735 τῶν
1741 5682 1943 5754 θηρίων
1975 5692 2068 5744 καὶ

413 5767 523 5833 τῶν
569 5765 850 5834 πετεινῶν,
887 5767 978 5819 καί
1022 5764 1237 5841 ἐδέξατο
1276 5764 1424 5842 παρά
1474 5767 1566 5821 τοῦ
1610 5768 1745 5822 Θεοῦ
1780 5772 1919 5853 μετά
1970 5775 2069 5851 τῆς

1223 275 1282 331 S.
1315 273 1599 331 JOANNlS
1634 273 2117 332 CHRYSOSTOMI
2162 272 2481 330 ARCHIEP.
2525 268 3057 328 CONSTANTINOP.

3762 275 3875 331 ειει

2206 388 2385 455 ἐξόδου
2414 389 2508 443 καὶ
2543 387 2639 459 τήν
2659 386 2902 455 εὐλογίαν
2929 383 3143 455 ἐκείνην
3167 383 3267 456 τὴν
3301 383 3498 457 πολλὴν
3524 387 3673 462 αὐτῷ
3692 407 3878 461 παρα-

2206 474 2404 543 μυθίαν
2459 474 2809 543 κομίζουσαν,
2860 472 2960 543 τὴν
3018 470 3303 539 λέγουσαν,
3364 472 3718 536 Αὐξάνεσθε
3770 477 3872 531 καὶ

2202 560 2606 626 πληθύνεσθε,
2667 558 2992 612 διδάσκουσα
3046 557 3197 627 ἡμᾶς
3253 559 3288 627 ἡ
3347 557 3467 610 θεία
3520 559 3716 629 Γραφὴ
3776 561 3873 615 τοῦ

2199 644 2408 697 δικαίου
2465 644 2566 716 τήν
2624 642 3081 713 εὐγνωμοσύνην,
3129 641 3295 711 φησί·
3367 643 3476 696 Καί
3521 644 3878 715 ᾠκοδόμησε

2197 734 2325 788 Νῶε
2362 733 2793 801 θυσιαστήριον
2814 729 2893 795 τῷ
2922 730 3133 798 Κυρίῳ.
3169 730 3267 784 καί
3299 730 3519 785 ἐλαϐεν
3561 733 3681 787 ἀπὸ
3714 734 3867 787 πάν-

2197 837 2315 874 των
2343 818 2462 873 τῶν
2492 817 2727 886 κτηνῶν
2753 817 2874 871 τῶν
2895 814 3188 885 καθαρῶν,
3220 817 3315 870 καὶ
3343 817 3463 871 ἀπὸ
3482 816 3727 872 πάντων
3756 819 3877 872 τῶν

2196 907 2482 963 πετεινῶν
2526 907 2645 962 τῶν
2679 903 2970 975 καθαρῶν,
3014 906 3111 959 καὶ
3151 905 3488 974 ἀνήνεγκεν
3518 906 3875 974 όλοκιίρπω-

2196 1010 2301 1047 σιν
2337 993 2435 1046 ἐπὶ
2488 992 2557 1046 τὸ
2611 991 3061 1060 θυσιαστήριον.
3116 991 3315 1045 Σκόπει
3370 991 3510 1061 μετά
3558 993 3873 1064 ἀκριϐείας,

2195 1080 2465 1151 ἀγαπητὴ
2497 1082 2561 1133 ἐκ
2601 1079 2710 1133 τῶν
2742 1079 2838 1133 νῦν
2877 1078 3137 1151 ῥημάτων
3166 1078 3350 1138 πάλιν.
3382 1078 3501 1142 πῶς
3532 1081 3589 1132 ἐν
3633 1080 3778 1150 αὐτῇ
3808 1083 3876 1150 τῇ

2197 1167 2358 1236 φύσει
2385 1169 2415 1221 6
2445 1168 2553 1222 τῶν
2577 1168 2834 1221 ἀπάντων
2863 1165 3195 1237 δημιουργὸς
3224 1165 3518 1219 ἐναπέθετο
3548 1167 3648 1238 τὴν
3666 1167 3878 1236 γνῶσιν

2195 1258 2324 1325 ἡμῖν
2354 1255 2556 1326 ἀκριϐῆ
2579 1255 2678 1324 τῆς
2711 1254 2934 1324 ἀρετῆς.
2967 1251 3136 1306 Πόθεν
3162 1251 3290 1320 γάρ,
3318 1251 3440 1304 είπέ
3463 1268 3576 1323 μοι,
3607 1253 3777 1306 τοῦτο
3800 1253 3879 1324 τῷ

2193 1340 2386 1411 δικαίῳ
2422 1340 2692 1411 ἐπῆλθεν;
2725 1339 2913 1402 Οὐδεὶς
2949 1335 3017 1410 ἦν
3040 1339 3245 1410 ἕτερος,
3282 1338 3419 1409 πρὸς
3453 1337 3513 1393 ὃν
3541 1338 3669 1392 ίδεῖν
3697 1335 3875 1410 εῖχεν.

2207 1429 2367 1485 Ἀλλά
2387 1428 2639 1497 καθάπερ
2655 1430 2712 1481 ἐν
2738 1430 2878 1500 ἀρχῇ
2897 1428 2925 1479 6
2950 1428 3054 1479 ὑπὸ
3069 1427 3162 1480 τοῦ
3181 1426 3607 1497 πρωτοπλάστου
3633 1428 3876 1496 τεχθεὶς,

2195 1514 2360 1567 Ἀϐελ
2382 1514 2544 1582 λέγω,
2577 1514 2788 1568 οἴκοθεν
2820 1513 3135 1584 κινούμενος
3159 1512 3257 1584 τὴν
3287 1515 3655 1584 προσαγωγὴν
3681 1514 3881 1585 ἐποιή-

2194 1617 2325 1654 σατο
2377 1602 2510 1671 μετὰ
2567 1600 2767 1671 πολλῆς
2809 1600 2909 1670 τῆς
2952 1599 3269 1672 ἀκριϐείας·
3312 1598 3455 1653 οὕτω
3481 1599 3546 1671 δὴ
3576 1601 3673 1654 καὶ
3714 1599 3822 1653 νῦν
3847 1606 3874 1654 ὁ

2190 1687 2399 1751 δίκαιος
2426 1681 2580 1751 οὗτος
2609 1688 2667 1753 ἐξ
2687 1686 2892 1750 οίκείας
2913 1685 3140 1757 γνώμης
3168 1687 3262 1740 καὶ
3285 1686 3661 1758 προαιρέσεως
3681 1686 3879 1755 ὑγιοῦς

2193 1775 2335 1828 κατὰ
2364 1776 2463 1845 τὴν
2495 1775 2844 1847 ἀνθρωπίνην
2876 1775 3125 1845 δύναμιν,
3150 1773 3228 1838 ὡς
3253 1775 3492 1844 ἐνόμισε,
3515 1774 3603 1827 διὰ
3630 1775 3746 1827 τῶν
3782 1776 3877 1829 θυ-

2194 1862 2324 1916 σιῶν
2370 1864 2468 1927 τὰς
2513 1863 2861 1935 εὐχαριστίας
2903 1862 3269 1934 ἀναφέρειτῷ
3313 1863 3579 1935 Δεσπότη.
3615 1864 3729 1915 Καὶ
3771 1864 3875 1932 δρα

2191 1950 2350 2003 αὐτὸν
2383 1951 2521 2021 μετὰ
2547 1950 2744 2020 πολλῆς
2774 1949 3093 2019 φιλοσοφίας
3133 1948 3348 2002 ἅπαντα
3378 1948 3871 2019 διαπραττόμενον.

2192 2035 2328 2090 Οὐτε
2356 2037 2465 2110 7&9
2488 2036 2777 2107 οἰκοδομῆς
2800 2036 2947 2107 αὐτῷ
2982 2035 3169 2105 ἐδέησε
3194 2035 3476 2107 λαμπρᾶς,
3502 2036 3563 2088 οὐ
3586 2035 3743 2101 ναοῦ,
3770 2037 3872 2089 οὐκ

2188 2125 2338 2178 οίκου
2379 2125 2526 2188 τινὸς
2567 2122 2902 2194 θαυμαστοῦ,
2933 2123 3036 2176 οὐκ
3081 2121 3240 2176 ἄλλου
3290 2121 3533 2184 οὐδενός·
3572 2121 3692 2192 ⁴ᾔδει
3737 2121 3869 2191 γάρ,

2188 2211 2304 2282 ᾔδει
2341 2212 2546 2281 σαφῶς,
2587 2212 2668 2266 ὃτι
2719 2210 2940 2282 γνώμην
2986 2210 3233 2280 ἐπιζητεί
3267 2210 3426 2280 μόνον
3466 2211 3496 2262 6
3541 2209 3865 2278 Δεσπότης·

2188 2298 2337 2369 [258]
2377 2299 2470 2352 καὶ
2503 2298 2919 2369 ἐσχεδιασμένον
2957 2297 3316 2366 οἰκοδομήσας
3349 2296 3409 2349 τὸ
3458 2295 3867 2364 θυσιαστήριον,

2190 2387 2283 2438 καί
2309 2384 2487 2437 λαϐὼν
2512 2385 2621 2437 ἀπὸ
2651 2384 2761 2437 τῶν
2795 2382 3008 2453 κτηνῶν
3037 2381 3146 2436 τῶν
3175 2381 3456 2453 καθαρῶν,
3489 2382 3584 2434 καὶ
3613 2382 3722 2435 ἀπὸ
3758 2381 3867 2435 τῶν

2190 2471 2447 2524 πετεινῶν
2486 2470 2595 2524 τῶν
2645 2469 2921 2541 καθαρῶν,
2973 2469 3071 2532 τὰς
3116 2467 3522 2539 ὁλοκαρπώσεις
3570 2469 3865 2538 ἀνήνεγκε·

2187 2559 2300 2623 καὶ,
2330 2559 2451 2611 ὅσον
2486 2554 2600 2629 εἶχε
2632 2557 2936 2626 δυνάμεως,
2967 2555 3065 2626 τῆς
3113 2555 3320 2617 οἰκείας
3352 2555 3728 2627 προαιρέσεως
3767 2553 3867 2624 τὴν

2186 2645 2606 2717 εὐγνωμοσύνην
2632 2644 2942 2710 ἐπεδείξατο
2956 2660 2971 2673 ·
3000 2643 3066 2714 ἡν
3088 2642 3488 2714 ἀποδεξάμενος
3509 2645 3539 2695 6
3560 2641 3867 2712 φιλάνθρωα

2188 2747 2288 2794 πος
2329 2730 2460 2794 Θεὸς
2488 2731 2581 2784 καὶ
2627 2731 2721 2801 τὴν
2767 2728 2994 2799 γνώμην
3038 2728 3406 2796 ἐστεφάνωσε,
3455 2727 3553 2781 καὶ
3596 2729 3697 2798 τὴν
3730 2727 3866 2798 παρ’

2188 2816 2380 2874 ἑαυτοῦ
2404 2817 2566 2872 πάλιν
2583 2817 2889 2888 φιλοτιμίαν
2906 2815 3295 2869 ἐπιδείκνυται.
3314 2815 3453 2884 Φησὶ
3469 2818 3576 2885 γάρ
3595 2816 3630 2884 ἡ
3646 2815 3861 2885 Γραφή¹

2188 2907 2296 2959 Καὶ
2328 2903 2654 2974 ώσερράνθή
2702 2904 2920 2971 Κύριος
2949 2901 3151 2971 ὀσμὴν
3189 2901 3462 2969 εὐωδίας.
3499 2903 3641 2973 Ὅρα
3671 2901 3794 2964 πῶς
3826 2902 3860 2971 ἡ

2187 2991 2377 3062 γνώμη
2410 2991 2504 3045 τοῦ
2553 2991 2919 3061 προσάγοντος
2947 2988 3041 3041 τὸν
3082 2989 3309 3052 καπνὸν,
3353 2989 3448 3041 καὶ
3471 2990 3571 3059 τὴν
3608 2987 3857 3048 κνίσσαν,

2188 3077 2281 3131 καὶ
2311 3079 2492 3131 πᾶσαν
2529 3077 2626 3147 τὴν
2649 3076 2898 3130 ἐντεῦθεν
2943 3075 3269 3145 τικτομένην
3304 3075 3495 3145 ἀηδίαν
3524 3074 3723 3144 πολλῆς
3756 3074 3859 3143 τῆς

2186 3162 2408 3226 εὐωδίας
2433 3162 2711 3233 ἐνέπλησε.
2745 3161 2844 3215 Διά
2869 3161 3026 3215 τοῦτο
3058 3161 3152 3214 καὶ
3171 3161 3383 3225 Παῦλος
3405 3161 3558 3231 ἔλεγε
3588 3162 3819 3233 γράφων
3840 3175 3860 3192 ο

2189 3251 2309 3303 Ὅτι
2337 3246 2595 3317 Χριστοῦ
2621 3246 2838 3302 εὐωδία
2875 3246 3065 3317 ἐσμὲν
3100 3247 3168 3301 ἐν
3206 3246 3331 3314 τοῖς
3363 3247 3713 3315 σωζομένοις
3752 3249 3856 3301 καὶ

2185 3336 2256 3391 ἐν
2285 3335 2409 3401 τοῖς
2462 3332 2926 3403 ἀπολλυμένοις,
2965 3330 3052 3401 οἷς
3101 3334 3220 3404 μὲν
3265 3334 3426 3403 ὀσμὴ
3462 3333 3722 3390 θανάτου
3765 3337 3858 3399 εις

2186 3421 2463 3485 θάνατον,
2515 3416 2607 3488 οἷς
2665 3420 2735 3473 δὲ
2771 3420 2932 3490 ὀσμὴ
2984 3418 3129 3487 ζωῆς
3181 3421 3263 3487 είς
3336 3418 3507 3488 ζωήν.
3543 3432 3570 3461 ι
3621 3421 3857 3490 ὀσιιήν

2184 3508 2455 3574 εὐωδίας.

2254 3594 2346 3667 Μὴ
2377 3597 2443 3666 τῇ
2478 3593 2751 3666 παχύτητι
2788 3594 2884 3665 τῆς
2941 3592 3139 3658 λέξεως
3191 3591 3555 3663 προσπταίῃς,
3603 3588 3739 3645 ἀλλά
3782 3593 3851 3661 τῇ

2187 3683 2384 3736 σαυτοῦ
2417 3682 2672 3753 ἀσθενείᾳ
2694 3681 2805 3734 τῶν
2837 3680 3098 3752 ῥημάτων
3128 3678 3226 3751 τὴν
3258 3676 3666 3748 συγκατάϐασιν
3700 3675 3850 3746 λογι-

2185 3769 2438 3839 σάμενος,
2468 3768 2579 3822 νόει
2602 3767 2869 3831 ἐντεῦθεν,
2894 3767 2975 3820 ὃτι
3008 3766 3171 3838 δεκτὴ
3197 3767 3420 3835 γέγονεν
3452 3767 3486 3837 ἡ
3512 3765 3847 3835 προσαγωγὴ

2182 3859 2275 3914 τοῦ
2317 3859 2549 3913 δικαίου.
2582 3857 2697 3911 Ἰνα
2737 3857 2842 3928 7&9
2881 3858 2976 3911 καὶ
3020 3856 3087 3910 δι’
3135 3856 3315 3909 αὐτῶν
3349 3855 3461 3908 τῶν
3509 3854 3847 3925 πραγμάτων

2183 3947 2380 4001 είδέναι
2422 3944 2633 4015 ἐχωμεν
2677 3944 2738 3999 τὸ
2774 3943 3017 4007 ἀνενδεές
3062 3942 3158 3998 τοῦ
3187 3941 3478 4007 Δεσπότου,
3523 3941 3616 3994 καὶ
3646 3941 3727 3993 δτι
3779 3938 3848 3993 δι’

2181 4034 2334 4090 οὐδὲν
2362 4033 2545 4102 ἕτερον
2572 4030 2743 4085 ταῦτα
2774 4029 3021 4099 γίνεσθαι
3067 4027 3465 4100 συνεχώρησεν,
3501 4027 3614 4081 ἀλλ’
3650 4027 3736 4078 ἵνα
3766 4027 3849 4089 εἰς

2182 4114 2596 4185 εὐγνωμοσύνην
2673 4114 2854 4183 ἀγάγῃ
2908 4115 3034 4176 τοὺς
3111 4110 3465 4182 ἀνθρώπους·
3522 4109 3613 4162 διά
3684 4106 3850 4162 τοῦτο

2181 4200 2603 4273 ἀφίησιναύτάς
2631 4199 2710 4266 τῷ
2734 4200 2868 4269 πυρὶ
2899 4196 3418 4262 καταναλίσκεσθαι,
3443 4195 3533 4249 ἵνα
3568 4195 3663 4248 καὶ
3689 4194 3851 4246 αὐτοὶ

2181 4290 2231 4343 οἱ
2266 4288 2633 4360 προσάγοντες
2666 4284 2909 4357 μάθωσιν
2943 4287 3008 4338 ἐκ
3033 4284 3141 4337 τῶν
3165 4283 3487 4353 γινομένων,
3515 4280 3591 4344 ὡς
3615 4279 3707 4332 διὰ
3744 4278 3850 4344 τὴν

2180 4374 2360 4429 αὐτῶν
2395 4373 2661 4443 ὠφέλειαν
2690 4372 2905 4426 ἅπαντα
2932 4370 3160 4439 γίνεται.
3191 4371 3347 4433 Τίνος
3389 4369 3446 4422 δέ
3486 4367 3693 4429 ἕνεκεν,
3714 4364 3847 4418 εἰπέ

2184 4479 2294 4533 μοι,
2326 4463 2421 4515 καὶ
2441 4462 2577 4524 ὅλως
2618 4461 2889 4529 συγχωρεῖ
2921 4457 3095 4511 ταῦτα
3119 4456 3394 4526 γίνεσθαι;
3418 4454 3527 4507 Καὶ
3547 4451 3703 4505 τοῦτο
3736 4452 3850 4503 πάι

2181 4549 2264 4604 λιν
2288 4547 2735 4616 συγκαταϐαίνων
2762 4548 2829 4616 τῇ
2873 4543 3126 4616 ἀσθενείᾳ
3158 4546 3225 4614 τῇ
3260 4541 3606 4613 ἀνθρωπίνῃ·
3652 4536 3849 4605 ἐπειδὴ

2179 4636 2289 4707 γάρ
2328 4632 2552 4704 ἔμελλον
2604 4632 2745 4686 κατά
2792 4631 2984 4702 μικρὸν
3029 4632 3079 4684 οί
3124 4631 3398 4701 ἄνθρωποι
3441 4631 3521 4689 εἰς
3569 4624 3848 4696 ῥαθυμίαν

2179 4719 2558 4781 ἀποκλίνοντες
2580 4718 2674 4771 καὶ
2695 4717 2851 4780 θεοὺς
2878 4718 3090 4779 ἐαυτοῖς
3117 4715 3491 4786 ἐπιφημίζειν,
3519 4713 3613 4766 καὶ
3630 4712 3846 4772 τούτοις

2180 4807 2278 4870 τὰς
2332 4804 2522 4868 θυσίας
2566 4803 2866 4866 ἐπιτελεῖν,
2922 4802 3207 4873 προλαϐὼν
3261 4801 3614 4871 καταδέχεται
3662 4797 3846 4868 ἐαυτῷ

2177 4894 2347 4949 ταῦτα
2386 4889 2777 4961 προσάγεσθαι,
2812 4890 2897 4942 ἵνα
2936 4888 3078 4942 οὕτω
3115 4889 3244 4957 γοῦν
3275 4888 3560 4959 ἀποστήσῃ
3600 4885 3699 4955 τῆς
3723 4883 3847 4936 ὀλε-

2181 4979 2333 5049 θρίας
2386 4977 2593 5048 πλάνης
2638 4976 2763 5038 τοὺς
2817 4975 3106 5045 μέλλοντας
3157 4971 3545 5041 ὐποσύρεσθαι.
3591 4971 3703 5024 Καὶ
3755 4971 3847 5023 ὅτι

2176 5065 2263 5119 διὰ
2294 5062 2698 5132 ωγκατάϐασιν
2722 5061 2899 5115 πάντα
2927 5060 3101 5113 ταῦτα
3120 5059 3250 5130 παρ’
3277 5056 3438 5112 αὐτοῦ
3463 5054 3844 5127 συνεχωρήθη,

2180 5153 2370 5213 σκόπει
2396 5150 2491 5204 τοῦ
2518 5150 2709 5221 χρόνου
2736 5148 3015 5219 προϊόντος
3051 5149 3133 5200 ὅτι
3162 5148 3258 5200 καὶ
3287 5144 3588 5219 περιτομὴν
3611 5141 3847 5213 νομοθε-

2176 5239 2384 5294 τεῖσθαι
2437 5234 2778 5300 κατεδέξατο,
2832 5235 2931 5305 οὐχ
2967 5235 3042 5298 ὡς
3077 5235 3213 5307 πρὸς
3260 5234 3359 5306 τὴν
3382 5232 3482 5302 τῆς
3514 5231 3691 5301 ψυχῆς
3729 5245 3845 5282 σω-

2174 5327 2370 5407 τηρίαν
2409 5323 2721 5384 συντελέσαι
2749 5339 2801 5374 τι
2832 5322 3033 5392 ταύτης
3051 5322 3374 5391 δυναμένης,
3396 5320 3513 5374 ἀλλ’
3534 5320 3622 5372 ἵνα
3645 5318 3843 5407 ῶσπερ

2177 5404 2397 5484 σημεῖόν
2415 5426 2466 5462 τι
2497 5409 2589 5463 καὶ
2613 5407 2881 5478 σφραγῖδα
2911 5409 3269 5478 περιφέρωσι,
3296 5408 3492 5477 δεῖγμα
3513 5407 3610 5476 τῆς
3629 5404 3843 5467 οἰκείας

2172 5495 2607 5568 εὐγνωμοσύνης,
2636 5496 2686 5547 οἰ
2705 5495 2814 5548 τῶν
2851 5494 3120 5548 Ἰουδαίων
3148 5495 3354 5560 παῖδες,
3375 5495 3467 5549 καὶ
3503 5494 3577 5564 μὴ
3613 5491 3712 5562 ἐξῇ
3734 5491 3842 5545 αὐ-

2174 5589 2291 5649 τοῖς
2320 5581 2787 5654 συναναφύρεσθαι
2813 5584 2932 5647 ταῖς
2962 5581 3072 5635 τῶν
3102 5582 3271 5635 ἐθνῶν
3302 5582 3626 5653 ἐπιμιξίαις.

2238 5729 2264 5756 ⁸
2282 5725 2533 5790 βίοι-ειηει
2558 5721 2708 5774 Savil.
2734 5725 2813 5774 hic
2831 5730 3062 5787 repetunt
3095 5726 3174 5774 καὶ
3201 5727 3639 5790 ὼσφράνθηΚύριος
3662 5729 3691 5777 ὁ
3712 5726 3845 5787 Θεὸς

2179 5787 2331 5850 ὀσμήν
2354 5784 2567 5845 εὐωδίας.
