  <div class='ocr_page' id='page_1' title='image "/cluster/home/n/w/nwhite01/storage/ocr_20150623/53/hvd.32044054086673/240.png"; bbox 0 0 4116 6196; ppageno 0'>
   <div class='ocr_carea' id='block_1_1' title="bbox 73 3929 170 3966">
    <p class='ocr_par' dir='ltr' id='par_1_1' title="bbox 73 3929 170 3966">
     <span class='ocr_line' id='line_1_1' title="bbox 73 3929 170 3966; baseline 0 0"><span class='ocrx_word' id='word_1_1' title='bbox 73 3929 170 3966; x_wconf 35' lang='grc' dir='ltr'><strong>..νφἻ</strong></span> 
     </span>
    </p>
   </div>
   <div class='ocr_carea' id='block_1_2' title="bbox 476 289 3738 361">
    <p class='ocr_par' dir='ltr' id='par_1_2' title="bbox 476 289 3738 361">
     <span class='ocr_line' id='line_1_2' title="bbox 476 289 3738 361; baseline 0.007 -23"><span class='ocrx_word' id='word_1_2' title='bbox 476 293 571 351; x_wconf 66' lang='grc' dir='ltr'><strong>κ(</strong></span> <span class='ocrx_word' id='word_1_3' title='bbox 1491 289 1561 345; x_wconf 81' lang='grc' dir='ltr'><strong>ΙΝ</strong></span> <span class='ocrx_word' id='word_1_4' title='bbox 1596 290 1748 348; x_wconf 79' lang='lat' dir='ltr'><strong>CAP.</strong></span> <span class='ocrx_word' id='word_1_5' title='bbox 1790 290 1923 347; x_wconf 78' lang='lat' dir='ltr'><strong>Vill.</strong></span> <span class='ocrx_word' id='word_1_6' title='bbox 1963 289 2205 349; x_wconf 73' lang='lat' dir='ltr'><strong>GENES.</strong></span> <span class='ocrx_word' id='word_1_7' title='bbox 2246 292 2474 351; x_wconf 72' lang='lat' dir='ltr'><strong>ﬂOMlL.</strong></span> <span class='ocrx_word' id='word_1_8' title='bbox 2503 293 2716 350; x_wconf 71' lang='lat' dir='ltr'><strong>XXVII.</strong></span> <span class='ocrx_word' id='word_1_9' title='bbox 3633 305 3738 361; x_wconf 65' lang='lat' dir='ltr'><strong>1i!</strong></span> 
     </span>
    </p>
   </div>
   <div class='ocr_carea' id='block_1_3' title="bbox 471 401 2054 472">
    <p class='ocr_par' dir='ltr' id='par_1_3' title="bbox 471 401 2054 472">
     <span class='ocr_line' id='line_1_3' title="bbox 471 401 2054 472; baseline -0.003 -9"><span class='ocrx_word' id='word_1_10' title='bbox 471 422 596 463; x_wconf 87' lang='lat' dir='ltr'><strong>cum</strong></span> <span class='ocrx_word' id='word_1_11' title='bbox 646 403 992 469; x_wconf 86' lang='lat' dir='ltr'><strong>conversari,</strong></span> <span class='ocrx_word' id='word_1_12' title='bbox 1036 411 1091 458; x_wconf 90' lang='lat' dir='ltr'><strong>et</strong></span> <span class='ocrx_word' id='word_1_13' title='bbox 1118 401 1297 458; x_wconf 85' lang='lat' dir='ltr'><strong>omnia</strong></span> <span class='ocrx_word' id='word_1_14' title='bbox 1345 412 1523 457; x_wconf 87' lang='lat' dir='ltr'><strong>nostra</strong></span> <span class='ocrx_word' id='word_1_15' title='bbox 1568 402 1743 468; x_wconf 79' lang='lat' dir='ltr'><strong>ferre,</strong></span> <span class='ocrx_word' id='word_1_16' title='bbox 1797 411 1854 457; x_wconf 93' lang='lat' dir='ltr'><strong>ut</strong></span> <span class='ocrx_word' id='word_1_17' title='bbox 1887 417 2054 472; x_wconf 84' lang='lat' dir='ltr'><strong>genus</strong></span> 
     </span>
    </p>
   </div>
   <div class='ocr_carea' id='block_1_4' title="bbox 473 492 2053 567">
    <p class='ocr_par' dir='ltr' id='par_1_4' title="bbox 473 492 2053 567">
     <span class='ocr_line' id='line_1_4' title="bbox 473 492 2053 567; baseline -0.004 -13"><span class='ocrx_word' id='word_1_18' title='bbox 473 507 712 554; x_wconf 82' lang='lat' dir='ltr'><strong>nostrum</strong></span> <span class='ocrx_word' id='word_1_19' title='bbox 741 496 971 567; x_wconf 89' lang='lat' dir='ltr'><strong>peccatis</strong></span> <span class='ocrx_word' id='word_1_20' title='bbox 1000 499 1316 564; x_wconf 83' lang='lat' dir='ltr'><strong>oppressum</strong></span> <span class='ocrx_word' id='word_1_21' title='bbox 1339 492 1525 562; x_wconf 87' lang='lat' dir='ltr'><strong>jacens</strong></span> <span class='ocrx_word' id='word_1_22' title='bbox 1544 507 1574 546; x_wconf 92' lang='lat' dir='ltr'><strong>a</strong></span> <span class='ocrx_word' id='word_1_23' title='bbox 1606 493 1761 547; x_wconf 90' lang='lat' dir='ltr'><strong>terris</strong></span> <span class='ocrx_word' id='word_1_24' title='bbox 1787 493 1837 547; x_wconf 88' lang='lat' dir='ltr'><strong>in</strong></span> <span class='ocrx_word' id='word_1_25' title='bbox 1867 493 2053 548; x_wconf 66' lang='lat' dir='ltr'><strong>caelum</strong></span> 
     </span>
    </p>
   </div>
   <div class='ocr_carea' id='block_1_5' title="bbox 473 583 2047 656">
    <p class='ocr_par' dir='ltr' id='par_1_5' title="bbox 473 583 2047 656">
     <span class='ocr_line' id='line_1_5' title="bbox 473 583 2047 656; baseline -0.004 -14"><span class='ocrx_word' id='word_1_26' title='bbox 473 589 771 644; x_wconf 78' lang='lat' dir='ltr'><strong>sulm-bere</strong></span> <span class='ocrx_word' id='word_1_27' title='bbox 799 587 982 656; x_wconf 79' lang='lat' dir='ltr'><strong>possit.</strong></span> <span class='ocrx_word' id='word_1_28' title='bbox 1011 585 1081 640; x_wconf 82' lang='lat' dir='ltr'><strong>Et</strong></span> <span class='ocrx_word' id='word_1_29' title='bbox 1107 584 1210 638; x_wconf 92' lang='lat' dir='ltr'><strong>hoc</strong></span> <span class='ocrx_word' id='word_1_30' title='bbox 1236 583 1619 652; x_wconf 87' lang='lat' dir='ltr'><strong>obstupesccns</strong></span> <span class='ocrx_word' id='word_1_31' title='bbox 1649 583 1864 637; x_wconf 90' lang='lat' dir='ltr'><strong>tonitrui</strong></span> <span class='ocrx_word' id='word_1_32' title='bbox 1891 583 2047 648; x_wconf 88' lang='lat' dir='ltr'><strong>ﬁlius,</strong></span> 
     </span>
    </p>
   </div>
   <div class='ocr_carea' id='block_1_6' title="bbox 469 671 2051 746">
    <p class='ocr_par' dir='ltr' id='par_1_6' title="bbox 469 671 2051 746">
     <span class='ocr_line' id='line_1_6' title="bbox 469 671 2051 746; baseline -0.003 -15"><span class='ocrx_word' id='word_1_33' title='bbox 469 678 924 746; x_wconf 70' lang='lat' dir='ltr'><strong>consideritnsque</strong></span> <span class='ocrx_word' id='word_1_34' title='bbox 953 673 1251 730; x_wconf 87' lang='lat' dir='ltr'><strong>dilectionis</strong></span> <span class='ocrx_word' id='word_1_35' title='bbox 1270 671 1463 726; x_wconf 73' lang='lat' dir='ltr'><strong>divina:</strong></span> <span class='ocrx_word' id='word_1_36' title='bbox 1482 672 1870 736; x_wconf 77' lang='lat' dir='ltr'><strong>excellentiam,</strong></span> <span class='ocrx_word' id='word_1_37' title='bbox 1893 687 2051 741; x_wconf 91' lang='lat' dir='ltr'><strong>quam</strong></span> 
     </span>
    </p>
   </div>
   <div class='ocr_carea' id='block_1_7' title="bbox 471 759 2050 835">
    <p class='ocr_par' dir='ltr' id='par_1_7' title="bbox 471 759 2050 835">
     <span class='ocr_line' id='line_1_7' title="bbox 471 759 2050 835; baseline -0.003 -16"><span class='ocrx_word' id='word_1_38' title='bbox 471 779 596 834; x_wconf 85' lang='lat' dir='ltr'><strong>erga</strong></span> <span class='ocrx_word' id='word_1_39' title='bbox 623 780 790 835; x_wconf 86' lang='lat' dir='ltr'><strong>genus</strong></span> <span class='ocrx_word' id='word_1_40' title='bbox 820 772 1058 818; x_wconf 88' lang='lat' dir='ltr'><strong>nostrum</strong></span> <span class='ocrx_word' id='word_1_41' title='bbox 1088 761 1408 825; x_wconf 76' lang='lat' dir='ltr'><strong>declaravit,</strong></span> <span class='ocrx_word' id='word_1_42' title='bbox 1436 761 1696 815; x_wconf 86' lang='lat' dir='ltr'><strong>clamabat</strong></span> <span class='ocrx_word' id='word_1_43' title='bbox 1723 769 1779 815; x_wconf 90' lang='lat' dir='ltr'><strong>et</strong></span> <span class='ocrx_word' id='word_1_44' title='bbox 1802 759 2050 816; x_wconf 83' lang='lat' dir='ltr'><strong>dicebat:</strong></span> 
     </span>
    </p>
   </div>
   <div class='ocr_carea' id='block_1_8' title="bbox 471 852 2052 924">
    <p class='ocr_par' dir='ltr' id='par_1_8' title="bbox 471 852 2052 924">
     <span class='ocr_line' id='line_1_8' title="bbox 471 852 2052 924; baseline 0.001 -16"><span class='ocrx_word' id='word_1_45' title='bbox 471 857 565 910; x_wconf 77' lang='lat' dir='ltr'><strong>Sic</strong></span> <span class='ocrx_word' id='word_1_46' title='bbox 586 857 719 910; x_wconf 84' lang='lat' dir='ltr'><strong>enim</strong></span> <span class='ocrx_word' id='word_1_47' title='bbox 760 854 902 909; x_wconf 91' lang='lat' dir='ltr'><strong>Deus</strong></span> <span class='ocrx_word' id='word_1_48' title='bbox 947 855 1125 908; x_wconf 69' lang='lat' dir='ltr'><strong>dilexit</strong></span> <span class='ocrx_word' id='word_1_49' title='bbox 1171 854 1416 906; x_wconf 75' lang='lat' dir='ltr'><strong>mundum</strong></span> <span class='ocrx_word' id='word_1_50' title='bbox 1461 852 1640 923; x_wconf 80' lang='lat' dir='ltr'><strong>(Joan.</strong></span> <span class='ocrx_word' id='word_1_51' title='bbox 1673 854 1870 924; x_wconf 70' lang='lat'><strong>5.16).</strong></span> <span class='ocrx_word' id='word_1_52' title='bbox 1919 854 2052 910; x_wconf 77' lang='lat' dir='ltr'><strong>Vide</strong></span> 
     </span>
    </p>
   </div>
   <div class='ocr_carea' id='block_1_9' title="bbox 469 943 2052 1014">
    <p class='ocr_par' dir='ltr' id='par_1_9' title="bbox 469 943 2052 1014">
     <span class='ocr_line' id='line_1_9' title="bbox 469 943 2052 1014; baseline 0.001 -16"><span class='ocrx_word' id='word_1_53' title='bbox 469 957 669 1014; x_wconf 87' lang='lat' dir='ltr'><strong>quanto</strong></span> <span class='ocrx_word' id='word_1_54' title='bbox 694 945 952 999; x_wconf 89' lang='lat' dir='ltr'><strong>miraculo</strong></span> <span class='ocrx_word' id='word_1_55' title='bbox 983 945 1138 1014; x_wconf 88' lang='lat' dir='ltr'><strong>plena</strong></span> <span class='ocrx_word' id='word_1_56' title='bbox 1166 943 1282 998; x_wconf 67' lang='lat' dir='ltr'><strong>haec</strong></span> <span class='ocrx_word' id='word_1_57' title='bbox 1306 943 1469 998; x_wconf 87' lang='lat' dir='ltr'><strong>dictio</strong></span> <span class='ocrx_word' id='word_1_58' title='bbox 1498 962 1512 1000; x_wconf 88' lang='lat'><strong>:</strong></span> <span class='ocrx_word' id='word_1_59' title='bbox 1541 943 1630 998; x_wconf 87' lang='lat' dir='ltr'><strong>Sic</strong></span> <span class='ocrx_word' id='word_1_60' title='bbox 1649 985 1664 1008; x_wconf 92' lang='lat'><strong>,</strong></span> <span class='ocrx_word' id='word_1_61' title='bbox 1694 945 1762 998; x_wconf 88' lang='lat' dir='ltr'><strong>ait</strong></span> <span class='ocrx_word' id='word_1_62' title='bbox 1788 986 1801 1008; x_wconf 89' lang='lat'><strong>,</strong></span> <span class='ocrx_word' id='word_1_63' title='bbox 1831 946 1906 999; x_wconf 88' lang='lat' dir='ltr'><strong>rei</strong></span> <span class='ocrx_word' id='word_1_64' title='bbox 1938 961 2052 1000; x_wconf 85' lang='lat' dir='ltr'><strong>ma-</strong></span> 
     </span>
    </p>
   </div>
   <div class='ocr_carea' id='block_1_10' title="bbox 465 1034 2048 1106">
    <p class='ocr_par' dir='ltr' id='par_1_10' title="bbox 465 1034 2048 1106">
     <span class='ocr_line' id='line_1_10' title="bbox 465 1034 2048 1106; baseline 0.001 -17"><span class='ocrx_word' id='word_1_65' title='bbox 465 1036 798 1106; x_wconf 84' lang='lat' dir='ltr'><strong>gnitudinem</strong></span> <span class='ocrx_word' id='word_1_66' title='bbox 827 1035 1156 1105; x_wconf 79' lang='lat' dir='ltr'><strong>expendens,</strong></span> <span class='ocrx_word' id='word_1_67' title='bbox 1184 1050 1340 1104; x_wconf 89' lang='lat' dir='ltr'><strong>quam</strong></span> <span class='ocrx_word' id='word_1_68' title='bbox 1365 1034 1600 1088; x_wconf 87' lang='lat' dir='ltr'><strong>dicturus</strong></span> <span class='ocrx_word' id='word_1_69' title='bbox 1619 1045 1734 1089; x_wconf 89' lang='lat' dir='ltr'><strong>erat</strong></span> <span class='ocrx_word' id='word_1_70' title='bbox 1766 1053 1778 1088; x_wconf 90' lang='lat'>:</span> <span class='ocrx_word' id='word_1_71' title='bbox 1809 1046 2048 1106; x_wconf 80' lang='lat' dir='ltr'><strong>propter-</strong></span> 
     </span>
    </p>
   </div>
   <div class='ocr_carea' id='block_1_11' title="bbox 465 1123 2049 1181">
    <p class='ocr_par' dir='ltr' id='par_1_11' title="bbox 465 1123 2049 1181">
     <span class='ocr_line' id='line_1_11' title="bbox 465 1123 2049 1181; baseline 0.002 -3"><span class='ocrx_word' id='word_1_72' title='bbox 465 1141 528 1178; x_wconf 88' lang='lat' dir='ltr'><strong>e.-t</strong></span> <span class='ocrx_word' id='word_1_73' title='bbox 568 1124 634 1178; x_wconf 90' lang='lat' dir='ltr'><strong>ad</strong></span> <span class='ocrx_word' id='word_1_74' title='bbox 680 1125 820 1180; x_wconf 89' lang='lat' dir='ltr'><strong>hunc</strong></span> <span class='ocrx_word' id='word_1_75' title='bbox 859 1124 1073 1179; x_wconf 90' lang='lat' dir='ltr'><strong>modum</strong></span> <span class='ocrx_word' id='word_1_76' title='bbox 1135 1137 1362 1179; x_wconf 79' lang='lat' dir='ltr'><strong>exorsus</strong></span> <span class='ocrx_word' id='word_1_77' title='bbox 1398 1132 1480 1179; x_wconf 91' lang='lat' dir='ltr'><strong>est</strong></span> <span class='ocrx_word' id='word_1_78' title='bbox 1509 1142 1527 1179; x_wconf 87' lang='lat'><strong>:</strong></span> <span class='ocrx_word' id='word_1_79' title='bbox 1569 1123 1659 1179; x_wconf 90' lang='lat' dir='ltr'><strong>Sic</strong></span> <span class='ocrx_word' id='word_1_80' title='bbox 1707 1125 1901 1181; x_wconf 75' lang='lat' dir='ltr'><strong>dilexit.</strong></span> <span class='ocrx_word' id='word_1_81' title='bbox 1957 1126 2049 1181; x_wconf 90' lang='lat' dir='ltr'><strong>Dic</strong></span> 
     </span>
    </p>
   </div>
   <div class='ocr_carea' id='block_1_12' title="bbox 469 1213 2046 1284">
    <p class='ocr_par' dir='ltr' id='par_1_12' title="bbox 469 1213 2046 1284">
     <span class='ocr_line' id='line_1_12' title="bbox 469 1213 2046 1284; baseline 0.001 -16"><span class='ocrx_word' id='word_1_82' title='bbox 469 1214 629 1284; x_wconf 84' lang='lat' dir='ltr'><strong>igitur</strong></span> <span class='ocrx_word' id='word_1_83' title='bbox 649 1215 830 1278; x_wconf 91' lang='lat' dir='ltr'><strong>nobis,</strong></span> <span class='ocrx_word' id='word_1_84' title='bbox 860 1214 1015 1269; x_wconf 86' lang='lat' dir='ltr'><strong>beate</strong></span> <span class='ocrx_word' id='word_1_85' title='bbox 1039 1213 1274 1268; x_wconf 85' lang='lat' dir='ltr'><strong>Joannes</strong></span> <span class='ocrx_word' id='word_1_86' title='bbox 1293 1253 1309 1278; x_wconf 91' lang='lat'><strong>,</strong></span> <span class='ocrx_word' id='word_1_87' title='bbox 1335 1213 1600 1282; x_wconf 91' lang='lat' dir='ltr'><strong>quomodo</strong></span> <span class='ocrx_word' id='word_1_88' title='bbox 1626 1213 1761 1268; x_wconf 85' lang='lat' dir='ltr'><strong>Sic?</strong></span> <span class='ocrx_word' id='word_1_89' title='bbox 1785 1214 1870 1268; x_wconf 92' lang='lat' dir='ltr'><strong>dic</strong></span> <span class='ocrx_word' id='word_1_90' title='bbox 1897 1230 2046 1269; x_wconf 89' lang='lat' dir='ltr'><strong>mcu-</strong></span> 
     </span>
    </p>
   </div>
   <div class='ocr_carea' id='block_1_13' title="bbox 467 1303 2043 1374">
    <p class='ocr_par' dir='ltr' id='par_1_13' title="bbox 467 1303 2043 1374">
     <span class='ocr_line' id='line_1_13' title="bbox 467 1303 2043 1374; baseline 0.001 -17"><span class='ocrx_word' id='word_1_91' title='bbox 467 1318 646 1358; x_wconf 88' lang='lat' dir='ltr'><strong>suram</strong></span> <span class='ocrx_word' id='word_1_92' title='bbox 670 1346 686 1372; x_wconf 92' lang='lat'><strong>,</strong></span> <span class='ocrx_word' id='word_1_93' title='bbox 729 1305 816 1360; x_wconf 90' lang='lat' dir='ltr'><strong>dic</strong></span> <span class='ocrx_word' id='word_1_94' title='bbox 855 1303 1271 1374; x_wconf 77' lang='lat' dir='ltr'><strong>magnitudinem</strong></span> <span class='ocrx_word' id='word_1_95' title='bbox 1295 1346 1311 1368; x_wconf 89' lang='lat'><strong>,</strong></span> <span class='ocrx_word' id='word_1_96' title='bbox 1359 1303 1493 1356; x_wconf 89' lang='lat' dir='ltr'><strong>doce</strong></span> <span class='ocrx_word' id='word_1_97' title='bbox 1524 1317 1622 1356; x_wconf 87' lang='lat' dir='ltr'><strong>nos</strong></span> <span class='ocrx_word' id='word_1_98' title='bbox 1648 1303 2043 1358; x_wconf 77' lang='lat' dir='ltr'><strong>excellentiam.</strong></span> 
     </span>
    </p>
   </div>
   <div class='ocr_carea' id='block_1_14' title="bbox 467 1391 2045 1457">
    <p class='ocr_par' dir='ltr' id='par_1_14' title="bbox 467 1391 2045 1457">
     <span class='ocr_line' id='line_1_14' title="bbox 467 1391 2045 1457; baseline -0.001 -9"><span class='ocrx_word' id='word_1_99' title='bbox 467 1396 560 1449; x_wconf 75' lang='lat' dir='ltr'><strong>Sic</strong></span> <span class='ocrx_word' id='word_1_100' title='bbox 584 1396 716 1448; x_wconf 87' lang='lat' dir='ltr'><strong>enim</strong></span> <span class='ocrx_word' id='word_1_101' title='bbox 742 1396 916 1449; x_wconf 70' lang='lat' dir='ltr'><strong>dilexit</strong></span> <span class='ocrx_word' id='word_1_102' title='bbox 947 1394 1082 1449; x_wconf 91' lang='lat' dir='ltr'><strong>Deus</strong></span> <span class='ocrx_word' id='word_1_103' title='bbox 1116 1393 1362 1448; x_wconf 83' lang='lat' dir='ltr'><strong>mundum</strong></span> <span class='ocrx_word' id='word_1_104' title='bbox 1383 1433 1400 1457; x_wconf 88' lang='lat'><strong>,</strong></span> <span class='ocrx_word' id='word_1_105' title='bbox 1443 1402 1497 1446; x_wconf 88' lang='lat' dir='ltr'><strong>ut</strong></span> <span class='ocrx_word' id='word_1_106' title='bbox 1534 1391 1725 1446; x_wconf 86' lang='lat' dir='ltr'><strong>Filium</strong></span> <span class='ocrx_word' id='word_1_107' title='bbox 1754 1409 1900 1447; x_wconf 86' lang='lat' dir='ltr'><strong>suum</strong></span> <span class='ocrx_word' id='word_1_108' title='bbox 1927 1395 2045 1447; x_wconf 86' lang='lat' dir='ltr'><strong>uni-</strong></span> 
     </span>
    </p>
   </div>
   <div class='ocr_carea' id='block_1_15' title="bbox 465 1483 2041 1555">
    <p class='ocr_par' dir='ltr' id='par_1_15' title="bbox 465 1483 2041 1555">
     <span class='ocr_line' id='line_1_15' title="bbox 465 1483 2041 1555; baseline 0 -17"><span class='ocrx_word' id='word_1_109' title='bbox 465 1487 687 1555; x_wconf 80' lang='lat' dir='ltr'><strong>genitum</strong></span> <span class='ocrx_word' id='word_1_110' title='bbox 717 1487 878 1552; x_wconf 84' lang='lat' dir='ltr'><strong>darct,</strong></span> <span class='ocrx_word' id='word_1_111' title='bbox 909 1495 962 1539; x_wconf 86' lang='lat' dir='ltr'><strong>ut</strong></span> <span class='ocrx_word' id='word_1_112' title='bbox 989 1486 1150 1539; x_wconf 84' lang='lat' dir='ltr'><strong>omnis</strong></span> <span class='ocrx_word' id='word_1_113' title='bbox 1168 1485 1254 1555; x_wconf 79' lang='lat' dir='ltr'><strong>qui</strong></span> <span class='ocrx_word' id='word_1_114' title='bbox 1272 1483 1430 1538; x_wconf 84' lang='lat' dir='ltr'><strong>credit</strong></span> <span class='ocrx_word' id='word_1_115' title='bbox 1453 1483 1506 1537; x_wconf 86' lang='lat' dir='ltr'><strong>in</strong></span> <span class='ocrx_word' id='word_1_116' title='bbox 1535 1483 1834 1546; x_wconf 84' lang='lat' dir='ltr'><strong>illum,&#39;uon</strong></span> <span class='ocrx_word' id='word_1_117' title='bbox 1853 1495 2041 1554; x_wconf 87' lang='lat' dir='ltr'><strong>pereat,</strong></span> 
     </span>
    </p>
   </div>
   <div class='ocr_carea' id='block_1_16' title="bbox 463 1575 1222 1628">
    <p class='ocr_par' dir='ltr' id='par_1_16' title="bbox 463 1575 1222 1628">
     <span class='ocr_line' id='line_1_16' title="bbox 463 1575 1222 1628; baseline 0 0"><span class='ocrx_word' id='word_1_118' title='bbox 463 1575 553 1628; x_wconf 63' lang='lat' dir='ltr'><strong>sed</strong></span> <span class='ocrx_word' id='word_1_119' title='bbox 577 1575 755 1627; x_wconf 77' lang='lat' dir='ltr'><strong>habeat</strong></span> <span class='ocrx_word' id='word_1_120' title='bbox 783 1575 936 1628; x_wconf 77' lang='lat' dir='ltr'><strong>vitam</strong></span> <span class='ocrx_word' id='word_1_121' title='bbox 961 1585 1222 1628; x_wconf 77' lang='lat' dir='ltr'><strong>wternam.</strong></span> 
     </span>
    </p>
   </div>
   <div class='ocr_carea' id='block_1_17' title="bbox 459 1663 2044 1720">
    <p class='ocr_par' dir='ltr' id='par_1_17' title="bbox 459 1663 2044 1720">
     <span class='ocr_line' id='line_1_17' title="bbox 459 1663 2044 1720; baseline 0.003 -4"><span class='ocrx_word' id='word_1_122' title='bbox 459 1703 475 1716; x_wconf 94' lang='lat'><strong>.</strong></span> <span class='ocrx_word' id='word_1_123' title='bbox 535 1665 703 1718; x_wconf 78' lang='lat' dir='ltr'><strong>Causa</strong></span> <span class='ocrx_word' id='word_1_124' title='bbox 727 1667 966 1719; x_wconf 79' lang='lat' dir='ltr'><strong>adventus</strong></span> <span class='ocrx_word' id='word_1_125' title='bbox 993 1664 1197 1719; x_wconf 79' lang='lat' dir='ltr'><strong>Christi.</strong></span> <span class='ocrx_word' id='word_1_126' title='bbox 1221 1694 1293 1706; x_wconf 94' lang='lat'>—</span> <span class='ocrx_word' id='word_1_127' title='bbox 1317 1663 1502 1718; x_wconf 81' lang='lat' dir='ltr'><strong>Vidisti</strong></span> <span class='ocrx_word' id='word_1_128' title='bbox 1530 1678 1742 1719; x_wconf 82' lang='lat' dir='ltr'><strong>causam</strong></span> <span class='ocrx_word' id='word_1_129' title='bbox 1783 1667 2044 1720; x_wconf 75' lang='lat' dir='ltr'><strong>adventus</strong></span> 
     </span>
    </p>
   </div>
   <div class='ocr_carea' id='block_1_18' title="bbox 463 1753 2038 1825">
    <p class='ocr_par' dir='ltr' id='par_1_18' title="bbox 463 1753 2038 1825">
     <span class='ocr_line' id='line_1_18' title="bbox 463 1753 2038 1825; baseline 0 -15"><span class='ocrx_word' id='word_1_130' title='bbox 463 1755 583 1810; x_wconf 78' lang='lat' dir='ltr'><strong>Filii</strong></span> <span class='ocrx_word' id='word_1_131' title='bbox 627 1757 762 1810; x_wconf 87' lang='lat' dir='ltr'><strong>hanc</strong></span> <span class='ocrx_word' id='word_1_132' title='bbox 787 1771 928 1822; x_wconf 89' lang='lat' dir='ltr'><strong>esse,</strong></span> <span class='ocrx_word' id='word_1_133' title='bbox 961 1764 1020 1809; x_wconf 93' lang='lat' dir='ltr'><strong>ut</strong></span> <span class='ocrx_word' id='word_1_134' title='bbox 1062 1771 1158 1825; x_wconf 91' lang='lat' dir='ltr'><strong>per</strong></span> <span class='ocrx_word' id='word_1_135' title='bbox 1184 1753 1342 1810; x_wconf 88' lang='lat' dir='ltr'><strong>ﬁdem</strong></span> <span class='ocrx_word' id='word_1_136' title='bbox 1371 1756 1422 1808; x_wconf 93' lang='lat' dir='ltr'><strong>in</strong></span> <span class='ocrx_word' id='word_1_137' title='bbox 1448 1756 1596 1808; x_wconf 89' lang='lat' dir='ltr'><strong>illum</strong></span> <span class='ocrx_word' id='word_1_138' title='bbox 1628 1756 1662 1808; x_wconf 91' lang='lat' dir='ltr'><strong>ii</strong></span> <span class='ocrx_word' id='word_1_139' title='bbox 1699 1756 1788 1825; x_wconf 89' lang='lat' dir='ltr'><strong>qui</strong></span> <span class='ocrx_word' id='word_1_140' title='bbox 1819 1758 2038 1825; x_wconf 84' lang='lat' dir='ltr'><strong>perituri</strong></span> 
     </span>
    </p>
   </div>
   <div class='ocr_carea' id='block_1_19' title="bbox 460 1847 2034 1918">
    <p class='ocr_par' dir='ltr' id='par_1_19' title="bbox 460 1847 2034 1918">
     <span class='ocr_line' id='line_1_19' title="bbox 460 1847 2034 1918; baseline 0.001 -17"><span class='ocrx_word' id='word_1_141' title='bbox 460 1858 634 1912; x_wconf 88' lang='lat' dir='ltr'><strong>erant,</strong></span> <span class='ocrx_word' id='word_1_142' title='bbox 666 1847 853 1902; x_wconf 91' lang='lat' dir='ltr'><strong>salutis</strong></span> <span class='ocrx_word' id='word_1_143' title='bbox 875 1848 1207 1902; x_wconf 80' lang='lat' dir='ltr'><strong>occasionem</strong></span> <span class='ocrx_word' id='word_1_144' title='bbox 1239 1847 1583 1901; x_wconf 84' lang='lat' dir='ltr'><strong>invenirent?</strong></span> <span class='ocrx_word' id='word_1_145' title='bbox 1610 1847 1889 1913; x_wconf 83' lang='lat' dir='ltr'><strong>Quomodo</strong></span> <span class='ocrx_word' id='word_1_146' title='bbox 1915 1849 2034 1918; x_wconf 83' lang='lat' dir='ltr'><strong>quis</strong></span> 
     </span>
    </p>
   </div>
   <div class='ocr_carea' id='block_1_20' title="bbox 461 1937 2039 2008">
    <p class='ocr_par' dir='ltr' id='par_1_20' title="bbox 461 1937 2039 2008">
     <span class='ocr_line' id='line_1_20' title="bbox 461 1937 2039 2008; baseline 0.001 -16"><span class='ocrx_word' id='word_1_147' title='bbox 461 1948 640 1993; x_wconf 86' lang='lat' dir='ltr'><strong>mente</strong></span> <span class='ocrx_word' id='word_1_148' title='bbox 678 1940 980 2008; x_wconf 85' lang='lat' dir='ltr'><strong>conceperit</strong></span> <span class='ocrx_word' id='word_1_149' title='bbox 1020 1953 1266 2008; x_wconf 87' lang='lat' dir='ltr'><strong>magnam</strong></span> <span class='ocrx_word' id='word_1_150' title='bbox 1301 1947 1357 1992; x_wconf 91' lang='lat' dir='ltr'><strong>et</strong></span> <span class='ocrx_word' id='word_1_151' title='bbox 1381 1937 1749 1992; x_wconf 83' lang='lat' dir='ltr'><strong>admirabilem</strong></span> <span class='ocrx_word' id='word_1_152' title='bbox 1778 1938 1959 2005; x_wconf 91' lang='lat' dir='ltr'><strong>illam,</strong></span> <span class='ocrx_word' id='word_1_153' title='bbox 1987 1950 2039 1994; x_wconf 89' lang='lat' dir='ltr'><strong>et</strong></span> 
     </span>
    </p>
   </div>
   <div class='ocr_carea' id='block_1_21' title="bbox 462 2029 2040 2099">
    <p class='ocr_par' dir='ltr' id='par_1_21' title="bbox 462 2029 2040 2099">
     <span class='ocr_line' id='line_1_21' title="bbox 462 2029 2040 2099; baseline 0.003 -19"><span class='ocrx_word' id='word_1_154' title='bbox 462 2042 584 2096; x_wconf 78' lang='lat' dir='ltr'><strong>qua:</strong></span> <span class='ocrx_word' id='word_1_155' title='bbox 630 2042 841 2083; x_wconf 90' lang='lat' dir='ltr'><strong>omnem</strong></span> <span class='ocrx_word' id='word_1_156' title='bbox 883 2029 1142 2084; x_wconf 89' lang='lat' dir='ltr'><strong>rationem</strong></span> <span class='ocrx_word' id='word_1_157' title='bbox 1179 2029 1375 2094; x_wconf 92' lang='lat' dir='ltr'><strong>vincit,</strong></span> <span class='ocrx_word' id='word_1_158' title='bbox 1431 2029 1837 2096; x_wconf 83' lang='lat' dir='ltr'><strong>liberalitatem,</strong></span> <span class='ocrx_word' id='word_1_159' title='bbox 1882 2044 2040 2099; x_wconf 90' lang='lat' dir='ltr'><strong>quam</strong></span> 
     </span>
    </p>
   </div>
   <div class='ocr_carea' id='block_1_22' title="bbox 462 2119 2034 2190">
    <p class='ocr_par' dir='ltr' id='par_1_22' title="bbox 462 2119 2034 2190">
     <span class='ocr_line' id='line_1_22' title="bbox 462 2119 2034 2190; baseline 0.003 -19"><span class='ocrx_word' id='word_1_160' title='bbox 462 2127 670 2172; x_wconf 73' lang='lat' dir='ltr'><strong>natura:</strong></span> <span class='ocrx_word' id='word_1_161' title='bbox 695 2127 888 2173; x_wconf 60' lang='lat' dir='ltr'><strong>nostra:</strong></span> <span class='ocrx_word' id='word_1_162' title='bbox 908 2135 1004 2188; x_wconf 90' lang='lat' dir='ltr'><strong>per</strong></span> <span class='ocrx_word' id='word_1_163' title='bbox 1017 2119 1212 2174; x_wconf 92' lang='lat' dir='ltr'><strong>donum</strong></span> <span class='ocrx_word' id='word_1_164' title='bbox 1236 2120 1479 2190; x_wconf 86' lang='lat' dir='ltr'><strong>baptismi</strong></span> <span class='ocrx_word' id='word_1_165' title='bbox 1496 2120 1780 2181; x_wconf 86' lang='lat' dir='ltr'><strong>concessit,</strong></span> <span class='ocrx_word' id='word_1_166' title='bbox 1799 2123 2034 2175; x_wconf 92' lang='lat' dir='ltr'><strong>omnium</strong></span> 
     </span>
    </p>
   </div>
   <div class='ocr_carea' id='block_1_23' title="bbox 463 2211 2040 2282">
    <p class='ocr_par' dir='ltr' id='par_1_23' title="bbox 463 2211 2040 2282">
     <span class='ocr_line' id='line_1_23' title="bbox 463 2211 2040 2282; baseline 0.002 -18"><span class='ocrx_word' id='word_1_167' title='bbox 463 2221 804 2278; x_wconf 81' lang='lat' dir='ltr'><strong>peccatorum</strong></span> <span class='ocrx_word' id='word_1_168' title='bbox 850 2220 1153 2264; x_wconf 85' lang='lat' dir='ltr'><strong>nostrorum</strong></span> <span class='ocrx_word' id='word_1_169' title='bbox 1195 2211 1316 2266; x_wconf 90' lang='lat' dir='ltr'><strong>data</strong></span> <span class='ocrx_word' id='word_1_170' title='bbox 1358 2211 1713 2266; x_wconf 71' lang='lat' dir='ltr'><strong>remissione!</strong></span> <span class='ocrx_word' id='word_1_171' title='bbox 1766 2211 1870 2267; x_wconf 86' lang='lat' dir='ltr'><strong>Sed</strong></span> <span class='ocrx_word' id='word_1_172' title='bbox 1914 2213 2040 2282; x_wconf 88' lang='lat' dir='ltr'><strong>quid</strong></span> 
     </span>
    </p>
   </div>
   <div class='ocr_carea' id='block_1_24' title="bbox 459 2299 2040 2370">
    <p class='ocr_par' dir='ltr' id='par_1_24' title="bbox 459 2299 2040 2370">
     <span class='ocr_line' id='line_1_24' title="bbox 459 2299 2040 2370; baseline 0.003 -18"><span class='ocrx_word' id='word_1_173' title='bbox 459 2299 678 2353; x_wconf 66' lang='lat' dir='ltr'><strong>diam?</strong></span> <span class='ocrx_word' id='word_1_174' title='bbox 703 2315 872 2370; x_wconf 91' lang='lat' dir='ltr'><strong>neque</strong></span> <span class='ocrx_word' id='word_1_175' title='bbox 902 2315 1051 2355; x_wconf 82' lang='lat' dir='ltr'><strong>mens</strong></span> <span class='ocrx_word' id='word_1_176' title='bbox 1079 2300 1273 2356; x_wconf 89' lang='lat' dir='ltr'><strong>sufﬁcit</strong></span> <span class='ocrx_word' id='word_1_177' title='bbox 1294 2342 1309 2366; x_wconf 93' lang='lat'><strong>,</strong></span> <span class='ocrx_word' id='word_1_178' title='bbox 1357 2316 1528 2370; x_wconf 90' lang='lat' dir='ltr'><strong>neque</strong></span> <span class='ocrx_word' id='word_1_179' title='bbox 1554 2317 1732 2356; x_wconf 85' lang='lat' dir='ltr'><strong>sermo</strong></span> <span class='ocrx_word' id='word_1_180' title='bbox 1757 2303 1892 2358; x_wconf 86' lang='lat' dir='ltr'><strong>valet</strong></span> <span class='ocrx_word' id='word_1_181' title='bbox 1931 2318 2040 2356; x_wconf 74' lang='lat' dir='ltr'><strong>cte-</strong></span> 
     </span>
    </p>
   </div>
   <div class='ocr_carea' id='block_1_25' title="bbox 458 2389 2038 2462">
    <p class='ocr_par' dir='ltr' id='par_1_25' title="bbox 458 2389 2038 2462">
     <span class='ocr_line' id='line_1_25' title="bbox 458 2389 2038 2462; baseline 0.004 -21"><span class='ocrx_word' id='word_1_182' title='bbox 458 2398 572 2442; x_wconf 90' lang='lat' dir='ltr'><strong>tera</strong></span> <span class='ocrx_word' id='word_1_183' title='bbox 599 2403 933 2445; x_wconf 88' lang='lat' dir='ltr'><strong>enumerare.</strong></span> <span class='ocrx_word' id='word_1_184' title='bbox 961 2389 1092 2444; x_wconf 88' lang='lat' dir='ltr'><strong>Nam</strong></span> <span class='ocrx_word' id='word_1_185' title='bbox 1112 2392 1448 2460; x_wconf 83' lang='lat' dir='ltr'><strong>quantumvis</strong></span> <span class='ocrx_word' id='word_1_186' title='bbox 1471 2391 1677 2458; x_wconf 78' lang='lat' dir='ltr'><strong>dixero,</strong></span> <span class='ocrx_word' id='word_1_187' title='bbox 1701 2393 1868 2446; x_wconf 92' lang='lat' dir='ltr'><strong>multo</strong></span> <span class='ocrx_word' id='word_1_188' title='bbox 1890 2394 2038 2462; x_wconf 86' lang='lat' dir='ltr'><strong>plura</strong></span> 
     </span>
    </p>
   </div>
   <div class='ocr_carea' id='block_1_26' title="bbox 453 2481 2040 2554">
    <p class='ocr_par' dir='ltr' id='par_1_26' title="bbox 453 2481 2040 2554">
     <span class='ocr_line' id='line_1_26' title="bbox 453 2481 2040 2554; baseline 0.002 -20"><span class='ocrx_word' id='word_1_189' title='bbox 453 2481 615 2537; x_wconf 88' lang='lat' dir='ltr'><strong>dictis</strong></span> <span class='ocrx_word' id='word_1_190' title='bbox 660 2491 936 2551; x_wconf 65' lang='lat' dir='ltr'><strong>prietereo.</strong></span> <span class='ocrx_word' id='word_1_191' title='bbox 986 2482 1103 2538; x_wconf 84' lang='lat' dir='ltr'><strong>Jam</strong></span> <span class='ocrx_word' id='word_1_192' title='bbox 1144 2483 1263 2552; x_wconf 89' lang='lat' dir='ltr'><strong>quis</strong></span> <span class='ocrx_word' id='word_1_193' title='bbox 1307 2483 1633 2554; x_wconf 67' lang='lat' dir='ltr'><strong>pmnitentiaa</strong></span> <span class='ocrx_word' id='word_1_194' title='bbox 1675 2484 1810 2538; x_wconf 90' lang='lat' dir='ltr'><strong>viam</strong></span> <span class='ocrx_word' id='word_1_195' title='bbox 1840 2485 2040 2554; x_wconf 89' lang='lat' dir='ltr'><strong>cogita-</strong></span> 
     </span>
    </p>
   </div>
   <div class='ocr_carea' id='block_1_27' title="bbox 456 2571 2036 2642">
    <p class='ocr_par' dir='ltr' id='par_1_27' title="bbox 456 2571 2036 2642">
     <span class='ocr_line' id='line_1_27' title="bbox 456 2571 2036 2642; baseline 0.002 -18"><span class='ocrx_word' id='word_1_196' title='bbox 456 2572 614 2634; x_wconf 89' lang='lat' dir='ltr'><strong>verit,</strong></span> <span class='ocrx_word' id='word_1_197' title='bbox 667 2587 825 2641; x_wconf 88' lang='lat' dir='ltr'><strong>quam</strong></span> <span class='ocrx_word' id='word_1_198' title='bbox 873 2572 1104 2626; x_wconf 81' lang='lat' dir='ltr'><strong>humano</strong></span> <span class='ocrx_word' id='word_1_199' title='bbox 1148 2574 1328 2642; x_wconf 80' lang='lat' dir='ltr'><strong>generi</strong></span> <span class='ocrx_word' id='word_1_200' title='bbox 1379 2581 1560 2626; x_wconf 89' lang='lat' dir='ltr'><strong>nostro</strong></span> <span class='ocrx_word' id='word_1_201' title='bbox 1603 2572 1673 2627; x_wconf 91' lang='lat' dir='ltr'><strong>ob</strong></span> <span class='ocrx_word' id='word_1_202' title='bbox 1717 2571 2036 2628; x_wconf 76' lang='lat' dir='ltr'><strong>ineffabilem</strong></span> 
     </span>
    </p>
   </div>
   <div class='ocr_carea' id='block_1_28' title="bbox 457 2661 2038 2733">
    <p class='ocr_par' dir='ltr' id='par_1_28' title="bbox 457 2661 2038 2733">
     <span class='ocr_line' id='line_1_28' title="bbox 457 2661 2038 2733; baseline 0.002 -19"><span class='ocrx_word' id='word_1_203' title='bbox 457 2661 878 2716; x_wconf 85' lang='lat' dir='ltr'><strong>misericordiam</strong></span> <span class='ocrx_word' id='word_1_204' title='bbox 911 2678 1060 2716; x_wconf 85' lang='lat' dir='ltr'><strong>suam</strong></span> <span class='ocrx_word' id='word_1_205' title='bbox 1090 2663 1380 2726; x_wconf 80' lang='lat' dir='ltr'><strong>concessit,</strong></span> <span class='ocrx_word' id='word_1_206' title='bbox 1409 2671 1464 2715; x_wconf 89' lang='lat' dir='ltr'><strong>et</strong></span> <span class='ocrx_word' id='word_1_207' title='bbox 1494 2672 1614 2730; x_wconf 90' lang='lat' dir='ltr'><strong>post</strong></span> <span class='ocrx_word' id='word_1_208' title='bbox 1642 2661 1888 2731; x_wconf 81' lang='lat' dir='ltr'><strong>baptismi</strong></span> <span class='ocrx_word' id='word_1_209' title='bbox 1917 2678 2038 2733; x_wconf 87' lang='lat' dir='ltr'><strong>gra-</strong></span> 
     </span>
    </p>
   </div>
   <div class='ocr_carea' id='block_1_29' title="bbox 459 2752 2035 2822">
    <p class='ocr_par' dir='ltr' id='par_1_29' title="bbox 459 2752 2035 2822">
     <span class='ocr_line' id='line_1_29' title="bbox 459 2752 2035 2822; baseline 0.003 -18"><span class='ocrx_word' id='word_1_210' title='bbox 459 2752 586 2805; x_wconf 87' lang='lat' dir='ltr'><strong>tiam</strong></span> <span class='ocrx_word' id='word_1_211' title='bbox 606 2793 621 2816; x_wconf 92' lang='lat'><strong>,</strong></span> <span class='ocrx_word' id='word_1_212' title='bbox 661 2753 921 2806; x_wconf 88' lang='lat' dir='ltr'><strong>mirabilia</strong></span> <span class='ocrx_word' id='word_1_213' title='bbox 967 2753 1054 2806; x_wconf 87' lang='lat' dir='ltr'><strong>illa</strong></span> <span class='ocrx_word' id='word_1_214' title='bbox 1097 2753 1338 2807; x_wconf 84' lang='lat' dir='ltr'><strong>mandata</strong></span> <span class='ocrx_word' id='word_1_215' title='bbox 1370 2794 1385 2818; x_wconf 94' lang='lat'><strong>,</strong></span> <span class='ocrx_word' id='word_1_216' title='bbox 1414 2767 1510 2821; x_wconf 90' lang='lat' dir='ltr'><strong>per</strong></span> <span class='ocrx_word' id='word_1_217' title='bbox 1535 2767 1688 2821; x_wconf 71' lang='lat' dir='ltr'><strong>quae,</strong></span> <span class='ocrx_word' id='word_1_218' title='bbox 1719 2753 1761 2806; x_wconf 88' lang='lat' dir='ltr'><strong>si</strong></span> <span class='ocrx_word' id='word_1_219' title='bbox 1788 2753 2035 2822; x_wconf 85' lang='lat' dir='ltr'><strong>velimus,</strong></span> 
     </span>
    </p>
   </div>
   <div class='ocr_carea' id='block_1_30' title="bbox 462 2842 1656 2913">
    <p class='ocr_par' dir='ltr' id='par_1_30' title="bbox 462 2842 1656 2913">
     <span class='ocr_line' id='line_1_30' title="bbox 462 2842 1656 2913; baseline 0 -19"><span class='ocrx_word' id='word_1_220' title='bbox 462 2843 753 2911; x_wconf 82' lang='lat' dir='ltr'><strong>poterimus</strong></span> <span class='ocrx_word' id='word_1_221' title='bbox 780 2843 895 2912; x_wconf 87' lang='lat' dir='ltr'><strong>ejus</strong></span> <span class='ocrx_word' id='word_1_222' title='bbox 920 2842 1074 2896; x_wconf 91' lang='lat' dir='ltr'><strong>nobis</strong></span> <span class='ocrx_word' id='word_1_223' title='bbox 1089 2843 1308 2913; x_wconf 75' lang='lat' dir='ltr'><strong>gratiam</strong></span> <span class='ocrx_word' id='word_1_224' title='bbox 1331 2843 1616 2896; x_wconf 92' lang='lat' dir='ltr'><strong>conciliare</strong></span> <span class='ocrx_word' id='word_1_225' title='bbox 1631 2842 1656 2894; x_wconf 81' lang='lat'><strong>?</strong></span> 
     </span>
    </p>
   </div>
   <div class='ocr_carea' id='block_1_31' title="bbox 527 2931 2037 3004">
    <p class='ocr_par' dir='ltr' id='par_1_31' title="bbox 527 2931 2037 3004">
     <span class='ocr_line' id='line_1_31' title="bbox 527 2931 2037 3004; baseline 0.002 -19"><span class='ocrx_word' id='word_1_226' title='bbox 527 2931 583 2986; x_wconf 76' lang='lat'><strong>2.</strong></span> <span class='ocrx_word' id='word_1_227' title='bbox 616 2931 845 3000; x_wconf 84' lang='lat' dir='ltr'><strong>Vidisti,</strong></span> <span class='ocrx_word' id='word_1_228' title='bbox 893 2933 1084 2989; x_wconf 82' lang='lat' dir='ltr'><strong>dilecte</strong></span> <span class='ocrx_word' id='word_1_229' title='bbox 1104 2974 1118 2997; x_wconf 91' lang='lat'><strong>,</strong></span> <span class='ocrx_word' id='word_1_230' title='bbox 1165 2935 1412 3004; x_wconf 78' lang='lat' dir='ltr'><strong>abyssum</strong></span> <span class='ocrx_word' id='word_1_231' title='bbox 1444 2935 1584 2989; x_wconf 91' lang='lat' dir='ltr'><strong>illius</strong></span> <span class='ocrx_word' id='word_1_232' title='bbox 1609 2935 1986 2990; x_wconf 85' lang='lat' dir='ltr'><strong>beneﬁciorum</strong></span> <span class='ocrx_word' id='word_1_233' title='bbox 2011 2935 2037 2988; x_wconf 71' lang='lat' dir='ltr'><strong>i</strong></span> 
     </span>
    </p>
   </div>
   <div class='ocr_carea' id='block_1_32' title="bbox 457 3023 2033 3095">
    <p class='ocr_par' dir='ltr' id='par_1_32' title="bbox 457 3023 2033 3095">
     <span class='ocr_line' id='line_1_32' title="bbox 457 3023 2033 3095; baseline 0.004 -21"><span class='ocrx_word' id='word_1_234' title='bbox 457 3023 633 3076; x_wconf 81' lang='lat' dir='ltr'><strong>vidisti</strong></span> <span class='ocrx_word' id='word_1_235' title='bbox 663 3035 858 3092; x_wconf 86' lang='lat' dir='ltr'><strong>quanta</strong></span> <span class='ocrx_word' id='word_1_236' title='bbox 883 3024 1372 3080; x_wconf 88' lang='lat' dir='ltr'><strong>enumeraverimns</strong></span> <span class='ocrx_word' id='word_1_237' title='bbox 1397 3066 1410 3087; x_wconf 84' lang='lat'><strong>,</strong></span> <span class='ocrx_word' id='word_1_238' title='bbox 1440 3024 1534 3080; x_wconf 90' lang='lat' dir='ltr'><strong>sed</strong></span> <span class='ocrx_word' id='word_1_239' title='bbox 1562 3025 1795 3079; x_wconf 91' lang='lat' dir='ltr'><strong>nondum</strong></span> <span class='ocrx_word' id='word_1_240' title='bbox 1818 3040 2033 3095; x_wconf 88' lang='lat' dir='ltr'><strong>parvam</strong></span> 
     </span>
    </p>
   </div>
   <div class='ocr_carea' id='block_1_33' title="bbox 454 3115 2032 3184">
    <p class='ocr_par' dir='ltr' id='par_1_33' title="bbox 454 3115 2032 3184">
     <span class='ocr_line' id='line_1_33' title="bbox 454 3115 2032 3184; baseline 0 -16"><span class='ocrx_word' id='word_1_241' title='bbox 454 3129 644 3168; x_wconf 83' lang='lat' dir='ltr'><strong>eorum</strong></span> <span class='ocrx_word' id='word_1_242' title='bbox 672 3123 869 3183; x_wconf 90' lang='lat' dir='ltr'><strong>partem</strong></span> <span class='ocrx_word' id='word_1_243' title='bbox 894 3116 1074 3170; x_wconf 89' lang='lat' dir='ltr'><strong>dicere</strong></span> <span class='ocrx_word' id='word_1_244' title='bbox 1104 3116 1370 3184; x_wconf 91' lang='lat' dir='ltr'><strong>potuimus</strong></span> <span class='ocrx_word' id='word_1_245' title='bbox 1394 3115 1418 3168; x_wconf 89' lang='lat'><strong>?</strong></span> <span class='ocrx_word' id='word_1_246' title='bbox 1461 3115 1736 3181; x_wconf 83' lang='lat' dir='ltr'><strong>Quomodo</strong></span> <span class='ocrx_word' id='word_1_247' title='bbox 1763 3116 1905 3170; x_wconf 89' lang='lat' dir='ltr'><strong>enim</strong></span> <span class='ocrx_word' id='word_1_248' title='bbox 1935 3116 2032 3168; x_wconf 89' lang='lat' dir='ltr'><strong>hu-</strong></span> 
     </span>
    </p>
   </div>
   <div class='ocr_carea' id='block_1_34' title="bbox 456 3205 2037 3276">
    <p class='ocr_par' dir='ltr' id='par_1_34' title="bbox 456 3205 2037 3276">
     <span class='ocr_line' id='line_1_34' title="bbox 456 3205 2037 3276; baseline 0.003 -18"><span class='ocrx_word' id='word_1_249' title='bbox 456 3220 612 3258; x_wconf 89' lang='lat' dir='ltr'><strong>mana</strong></span> <span class='ocrx_word' id='word_1_250' title='bbox 643 3205 817 3275; x_wconf 81' lang='lat' dir='ltr'><strong>lingua</strong></span> <span class='ocrx_word' id='word_1_251' title='bbox 843 3222 960 3276; x_wconf 76' lang='lat' dir='ltr'><strong>qua:</strong></span> <span class='ocrx_word' id='word_1_252' title='bbox 980 3222 1008 3259; x_wconf 90' lang='lat' dir='ltr'><strong>a</strong></span> <span class='ocrx_word' id='word_1_253' title='bbox 1035 3207 1142 3261; x_wconf 88' lang='lat' dir='ltr'><strong>Deo</strong></span> <span class='ocrx_word' id='word_1_254' title='bbox 1171 3208 1323 3262; x_wconf 88' lang='lat' dir='ltr'><strong>nobis</strong></span> <span class='ocrx_word' id='word_1_255' title='bbox 1350 3207 1541 3261; x_wconf 83' lang='lat' dir='ltr'><strong>collata</strong></span> <span class='ocrx_word' id='word_1_256' title='bbox 1567 3215 1690 3260; x_wconf 90' lang='lat' dir='ltr'><strong>sunt</strong></span> <span class='ocrx_word' id='word_1_257' title='bbox 1717 3216 2037 3275; x_wconf 88' lang='lat' dir='ltr'><strong>pertractare</strong></span> 
     </span>
    </p>
   </div>
   <div class='ocr_carea' id='block_1_35' title="bbox 456 3290 2034 3368">
    <p class='ocr_par' dir='ltr' id='par_1_35' title="bbox 456 3290 2034 3368">
     <span class='ocr_line' id='line_1_35' title="bbox 456 3290 2034 3368; baseline 0.001 -17"><span class='ocrx_word' id='word_1_258' title='bbox 456 3298 675 3364; x_wconf 70' lang='lat' dir='ltr'><strong>posset?</strong></span> <span class='ocrx_word' id='word_1_259' title='bbox 719 3290 788 3352; x_wconf 85' lang='lat' dir='ltr'><strong>At</strong></span> <span class='ocrx_word' id='word_1_260' title='bbox 812 3299 934 3352; x_wconf 86' lang='lat' dir='ltr'><strong>licet</strong></span> <span class='ocrx_word' id='word_1_261' title='bbox 964 3299 1046 3351; x_wconf 84' lang='lat' dir='ltr'><strong>illa</strong></span> <span class='ocrx_word' id='word_1_262' title='bbox 1077 3307 1219 3353; x_wconf 89' lang='lat' dir='ltr'><strong>tanta</strong></span> <span class='ocrx_word' id='word_1_263' title='bbox 1241 3313 1306 3353; x_wconf 89' lang='lat' dir='ltr'><strong>ac</strong></span> <span class='ocrx_word' id='word_1_264' title='bbox 1331 3299 1454 3352; x_wconf 89' lang='lat' dir='ltr'><strong>talia</strong></span> <span class='ocrx_word' id='word_1_265' title='bbox 1485 3298 1611 3364; x_wconf 90' lang='lat' dir='ltr'><strong>sint,</strong></span> <span class='ocrx_word' id='word_1_266' title='bbox 1640 3299 1806 3352; x_wconf 88' lang='lat' dir='ltr'><strong>multo</strong></span> <span class='ocrx_word' id='word_1_267' title='bbox 1835 3299 2034 3368; x_wconf 86' lang='lat' dir='ltr'><strong>majora</strong></span> 
     </span>
    </p>
   </div>
   <div class='ocr_carea' id='block_1_36' title="bbox 453 3388 2036 3458">
    <p class='ocr_par' dir='ltr' id='par_1_36' title="bbox 453 3388 2036 3458">
     <span class='ocr_line' id='line_1_36' title="bbox 453 3388 2036 3458; baseline 0.002 -18"><span class='ocrx_word' id='word_1_268' title='bbox 453 3397 512 3441; x_wconf 90' lang='lat' dir='ltr'><strong>et</strong></span> <span class='ocrx_word' id='word_1_269' title='bbox 549 3389 894 3443; x_wconf 84' lang='lat' dir='ltr'><strong>iueﬁ&#39;abiliora</strong></span> <span class='ocrx_word' id='word_1_270' title='bbox 924 3399 1049 3443; x_wconf 90' lang='lat' dir='ltr'><strong>sunt</strong></span> <span class='ocrx_word' id='word_1_271' title='bbox 1077 3390 1332 3444; x_wconf 81' lang='lat' dir='ltr'><strong>beneﬁcia</strong></span> <span class='ocrx_word' id='word_1_272' title='bbox 1358 3431 1373 3454; x_wconf 89' lang='lat'><strong>,</strong></span> <span class='ocrx_word' id='word_1_273' title='bbox 1405 3405 1525 3458; x_wconf 68' lang='lat' dir='ltr'><strong>qua:</strong></span> <span class='ocrx_word' id='word_1_274' title='bbox 1551 3390 1602 3443; x_wconf 90' lang='lat' dir='ltr'><strong>in</strong></span> <span class='ocrx_word' id='word_1_275' title='bbox 1633 3388 1811 3443; x_wconf 85' lang='lat' dir='ltr'><strong>futuro</strong></span> <span class='ocrx_word' id='word_1_276' title='bbox 1838 3391 2036 3443; x_wconf 68' lang='lat' dir='ltr'><strong>smeulo</strong></span> 
     </span>
    </p>
   </div>
   <div class='ocr_carea' id='block_1_37' title="bbox 457 3479 2034 3549">
    <p class='ocr_par' dir='ltr' id='par_1_37' title="bbox 457 3479 2034 3549">
     <span class='ocr_line' id='line_1_37' title="bbox 457 3479 2034 3549; baseline 0.001 -17"><span class='ocrx_word' id='word_1_277' title='bbox 457 3492 554 3546; x_wconf 85' lang='lat' dir='ltr'><strong>per</strong></span> <span class='ocrx_word' id='word_1_278' title='bbox 580 3480 828 3533; x_wconf 90' lang='lat' dir='ltr'><strong>virtutum</strong></span> <span class='ocrx_word' id='word_1_279' title='bbox 855 3483 994 3534; x_wconf 88' lang='lat' dir='ltr'><strong>viam</strong></span> <span class='ocrx_word' id='word_1_280' title='bbox 1020 3479 1384 3534; x_wconf 89' lang='lat' dir='ltr'><strong>incedentibus</strong></span> <span class='ocrx_word' id='word_1_281' title='bbox 1405 3521 1420 3545; x_wconf 96' lang='lat'><strong>,</strong></span> <span class='ocrx_word' id='word_1_282' title='bbox 1451 3489 1507 3533; x_wconf 89' lang='lat' dir='ltr'><strong>et</strong></span> <span class='ocrx_word' id='word_1_283' title='bbox 1536 3479 1658 3533; x_wconf 89' lang='lat' dir='ltr'><strong>hinc</strong></span> <span class='ocrx_word' id='word_1_284' title='bbox 1685 3481 2034 3549; x_wconf 81' lang='lat' dir='ltr'><strong>migrantibus</strong></span> 
     </span>
    </p>
   </div>
   <div class='ocr_carea' id='block_1_38' title="bbox 455 3568 2039 3640">
    <p class='ocr_par' dir='ltr' id='par_1_38' title="bbox 455 3568 2039 3640">
     <span class='ocr_line' id='line_1_38' title="bbox 455 3568 2039 3640; baseline 0.004 -21"><span class='ocrx_word' id='word_1_285' title='bbox 455 3568 701 3621; x_wconf 81' lang='lat' dir='ltr'><strong>daturum</strong></span> <span class='ocrx_word' id='word_1_286' title='bbox 728 3584 785 3622; x_wconf 90' lang='lat' dir='ltr'><strong>se</strong></span> <span class='ocrx_word' id='word_1_287' title='bbox 809 3570 1074 3638; x_wconf 88' lang='lat' dir='ltr'><strong>promisit.</strong></span> <span class='ocrx_word' id='word_1_288' title='bbox 1113 3569 1348 3636; x_wconf 90' lang='lat' dir='ltr'><strong>Quorum</strong></span> <span class='ocrx_word' id='word_1_289' title='bbox 1376 3570 1790 3638; x_wconf 85' lang='lat' dir='ltr'><strong>magnitudinem</strong></span> <span class='ocrx_word' id='word_1_290' title='bbox 1822 3579 1880 3624; x_wconf 91' lang='lat' dir='ltr'><strong>ut</strong></span> <span class='ocrx_word' id='word_1_291' title='bbox 1905 3586 2039 3640; x_wconf 85' lang='lat' dir='ltr'><strong>pau-</strong></span> 
     </span>
    </p>
   </div>
   <div class='ocr_carea' id='block_1_39' title="bbox 457 3659 2032 3732">
    <p class='ocr_par' dir='ltr' id='par_1_39' title="bbox 457 3659 2032 3732">
     <span class='ocr_line' id='line_1_39' title="bbox 457 3659 2032 3732; baseline 0.004 -22"><span class='ocrx_word' id='word_1_292' title='bbox 457 3659 537 3711; x_wconf 88' lang='lat' dir='ltr'><strong>cis</strong></span> <span class='ocrx_word' id='word_1_293' title='bbox 559 3659 734 3713; x_wconf 85' lang='lat' dir='ltr'><strong>verbis</strong></span> <span class='ocrx_word' id='word_1_294' title='bbox 759 3660 911 3713; x_wconf 88' lang='lat' dir='ltr'><strong>nobis</strong></span> <span class='ocrx_word' id='word_1_295' title='bbox 939 3660 1336 3714; x_wconf 89' lang='lat' dir='ltr'><strong>commendaret</strong></span> <span class='ocrx_word' id='word_1_296' title='bbox 1362 3661 1549 3715; x_wconf 90' lang='lat' dir='ltr'><strong>beatus</strong></span> <span class='ocrx_word' id='word_1_297' title='bbox 1579 3660 1770 3715; x_wconf 88' lang='lat' dir='ltr'><strong>Paulus</strong></span> <span class='ocrx_word' id='word_1_298' title='bbox 1792 3703 1808 3729; x_wconf 93' lang='lat'><strong>,</strong></span> <span class='ocrx_word' id='word_1_299' title='bbox 1837 3663 2032 3732; x_wconf 84' lang='lat' dir='ltr'><strong>inquit:</strong></span> 
     </span>
    </p>
   </div>
   <div class='ocr_carea' id='block_1_40' title="bbox 461 3748 2037 3817">
    <p class='ocr_par' dir='ltr' id='par_1_40' title="bbox 461 3748 2037 3817">
     <span class='ocr_line' id='line_1_40' title="bbox 461 3748 2037 3817; baseline 0.007 -19"><span class='ocrx_word' id='word_1_300' title='bbox 461 3748 590 3812; x_wconf 80' lang='lat' dir='ltr'><strong>Qua:</strong></span> <span class='ocrx_word' id='word_1_301' title='bbox 613 3749 788 3803; x_wconf 83' lang='lat' dir='ltr'><strong>oculus</strong></span> <span class='ocrx_word' id='word_1_302' title='bbox 815 3766 914 3802; x_wconf 83' lang='lat' dir='ltr'><strong>non</strong></span> <span class='ocrx_word' id='word_1_303' title='bbox 948 3750 1066 3802; x_wconf 79' lang='lat' dir='ltr'><strong>vidit</strong></span> <span class='ocrx_word' id='word_1_304' title='bbox 1088 3791 1105 3816; x_wconf 96' lang='lat'><strong>,</strong></span> <span class='ocrx_word' id='word_1_305' title='bbox 1151 3760 1197 3804; x_wconf 87' lang='lat' dir='ltr'><strong>et</strong></span> <span class='ocrx_word' id='word_1_306' title='bbox 1223 3751 1362 3804; x_wconf 85' lang='lat' dir='ltr'><strong>auris</strong></span> <span class='ocrx_word' id='word_1_307' title='bbox 1384 3768 1484 3804; x_wconf 85' lang='lat' dir='ltr'><strong>non</strong></span> <span class='ocrx_word' id='word_1_308' title='bbox 1509 3752 1699 3805; x_wconf 84' lang='lat' dir='ltr'><strong>audivit</strong></span> <span class='ocrx_word' id='word_1_309' title='bbox 1723 3792 1739 3817; x_wconf 93' lang='lat'><strong>,</strong></span> <span class='ocrx_word' id='word_1_310' title='bbox 1785 3763 1832 3806; x_wconf 87' lang='lat' dir='ltr'><strong>et</strong></span> <span class='ocrx_word' id='word_1_311' title='bbox 1869 3757 1922 3808; x_wconf 82' lang='lat' dir='ltr'><strong>in</strong></span> <span class='ocrx_word' id='word_1_312' title='bbox 1951 3771 2037 3809; x_wconf 85' lang='lat' dir='ltr'><strong>cor</strong></span> 
     </span>
    </p>
   </div>
   <div class='ocr_carea' id='block_1_41' title="bbox 459 3827 2036 3916">
    <p class='ocr_par' dir='ltr' id='par_1_41' title="bbox 459 3827 2036 3916">
     <span class='ocr_line' id='line_1_41' title="bbox 459 3827 2036 3916; baseline 0.006 -26"><span class='ocrx_word' id='word_1_313' title='bbox 459 3839 676 3893; x_wconf 79' lang='lat' dir='ltr'><strong>hominis</strong></span> <span class='ocrx_word' id='word_1_314' title='bbox 701 3855 800 3893; x_wconf 82' lang='lat' dir='ltr'><strong>non</strong></span> <span class='ocrx_word' id='word_1_315' title='bbox 826 3827 1186 3904; x_wconf 65' lang='lat' dir='ltr'><strong>ascenderunt,</strong></span> <span class='ocrx_word' id='word_1_316' title='bbox 1227 3857 1340 3910; x_wconf 77' lang='lat' dir='ltr'><strong>qua:</strong></span> <span class='ocrx_word' id='word_1_317' title='bbox 1369 3844 1670 3911; x_wconf 76' lang='lat' dir='ltr'><strong>prteparavit</strong></span> <span class='ocrx_word' id='word_1_318' title='bbox 1698 3841 1833 3896; x_wconf 87' lang='lat' dir='ltr'><strong>Deus</strong></span> <span class='ocrx_word' id='word_1_319' title='bbox 1861 3845 1923 3898; x_wconf 88' lang='lat' dir='ltr'><strong>iis</strong></span> <span class='ocrx_word' id='word_1_320' title='bbox 1947 3847 2036 3916; x_wconf 83' lang='lat' dir='ltr'><strong>qui</strong></span> 
     </span>
    </p>
   </div>
   <div class='ocr_carea' id='block_1_42' title="bbox 458 3922 2032 4002">
    <p class='ocr_par' dir='ltr' id='par_1_42' title="bbox 458 3922 2032 4002">
     <span class='ocr_line' id='line_1_42' title="bbox 458 3922 2032 4002; baseline 0.005 -21"><span class='ocrx_word' id='word_1_321' title='bbox 458 3931 674 4002; x_wconf 82' lang='lat' dir='ltr'><strong>diligunt</strong></span> <span class='ocrx_word' id='word_1_322' title='bbox 709 3947 764 3984; x_wconf 71' lang='lat' dir='ltr'><strong>te</strong></span> <span class='ocrx_word' id='word_1_323' title='bbox 799 3933 877 4000; x_wconf 85' lang='grc' dir='ltr'><strong>(ι.</strong></span> <span class='ocrx_word' id='word_1_324' title='bbox 911 3932 1026 3985; x_wconf 72' lang='grc' dir='ltr'><strong>σον.</strong></span> <span class='ocrx_word' id='word_1_325' title='bbox 1054 3931 1208 4002; x_wconf 73' lang='lat'><strong>2.9).</strong></span> <span class='ocrx_word' id='word_1_326' title='bbox 1269 3932 1452 3988; x_wconf 77' lang='lat' dir='ltr'><strong>Vidisti</strong></span> <span class='ocrx_word' id='word_1_327' title='bbox 1495 3922 1633 3989; x_wconf 62' lang='lat' dir='ltr'><strong>do&#39;na</strong></span> <span class='ocrx_word' id='word_1_328' title='bbox 1677 3936 2032 3989; x_wconf 83' lang='lat' dir='ltr'><strong>excellentia?</strong></span> 
     </span>
    </p>
   </div>
   <div class='ocr_carea' id='block_1_43' title="bbox 459 4022 2030 4096">
    <p class='ocr_par' dir='ltr' id='par_1_43' title="bbox 459 4022 2030 4096">
     <span class='ocr_line' id='line_1_43' title="bbox 459 4022 2030 4096; baseline 0.004 -21"><span class='ocrx_word' id='word_1_329' title='bbox 459 4022 632 4076; x_wconf 78' lang='lat' dir='ltr'><strong>vidisti</strong></span> <span class='ocrx_word' id='word_1_330' title='bbox 663 4023 917 4076; x_wconf 89' lang='lat' dir='ltr'><strong>beneﬁcia</strong></span> <span class='ocrx_word' id='word_1_331' title='bbox 948 4023 1086 4077; x_wconf 87' lang='lat' dir='ltr'><strong>illius</strong></span> <span class='ocrx_word' id='word_1_332' title='bbox 1107 4040 1319 4078; x_wconf 89' lang='lat' dir='ltr'><strong>omnem</strong></span> <span class='ocrx_word' id='word_1_333' title='bbox 1349 4023 1634 4079; x_wconf 88' lang='lat' dir='ltr'><strong>humanam</strong></span> <span class='ocrx_word' id='word_1_334' title='bbox 1658 4027 2030 4096; x_wconf 85' lang='lat' dir='ltr'><strong>cogitationem</strong></span> 
     </span>
    </p>
   </div>
   <div class='ocr_carea' id='block_1_44' title="bbox 458 4112 2032 4178">
    <p class='ocr_par' dir='ltr' id='par_1_44' title="bbox 458 4112 2032 4178">
     <span class='ocr_line' id='line_1_44' title="bbox 458 4112 2032 4178; baseline 0.005 -14"><span class='ocrx_word' id='word_1_335' title='bbox 458 4112 931 4167; x_wconf 79' lang='lat' dir='ltr'><strong>transcendentia?</strong></span> <span class='ocrx_word' id='word_1_336' title='bbox 961 4113 1094 4168; x_wconf 88' lang='lat' dir='ltr'><strong>Dicit</strong></span> <span class='ocrx_word' id='word_1_337' title='bbox 1111 4115 1274 4178; x_wconf 91' lang='lat' dir='ltr'><strong>enim,</strong></span> <span class='ocrx_word' id='word_1_338' title='bbox 1305 4113 1370 4168; x_wconf 82' lang='lat' dir='ltr'><strong>In</strong></span> <span class='ocrx_word' id='word_1_339' title='bbox 1393 4131 1482 4168; x_wconf 87' lang='lat' dir='ltr'><strong>cor</strong></span> <span class='ocrx_word' id='word_1_340' title='bbox 1499 4116 1717 4170; x_wconf 82' lang='lat' dir='ltr'><strong>hominis</strong></span> <span class='ocrx_word' id='word_1_341' title='bbox 1742 4133 1843 4170; x_wconf 84' lang='lat' dir='ltr'><strong>non</strong></span> <span class='ocrx_word' id='word_1_342' title='bbox 1865 4133 2032 4172; x_wconf 81' lang='lat' dir='ltr'><strong>ascen-</strong></span> 
     </span>
    </p>
   </div>
   <div class='ocr_carea' id='block_1_45' title="bbox 453 4203 2033 4279">
    <p class='ocr_par' dir='ltr' id='par_1_45' title="bbox 453 4203 2033 4279">
     <span class='ocr_line' id='line_1_45' title="bbox 453 4203 2033 4279; baseline 0.006 -26"><span class='ocrx_word' id='word_1_343' title='bbox 453 4203 652 4255; x_wconf 84' lang='lat' dir='ltr'><strong>derunt.</strong></span> <span class='ocrx_word' id='word_1_344' title='bbox 684 4203 737 4258; x_wconf 89' lang='lat' dir='ltr'><strong>Si</strong></span> <span class='ocrx_word' id='word_1_345' title='bbox 766 4203 923 4274; x_wconf 83' lang='lat' dir='ltr'><strong>igitur</strong></span> <span class='ocrx_word' id='word_1_346' title='bbox 950 4205 1192 4258; x_wconf 89' lang='lat' dir='ltr'><strong>volmnus</strong></span> <span class='ocrx_word' id='word_1_347' title='bbox 1218 4204 1304 4259; x_wconf 90' lang='lat' dir='ltr'><strong>illa</strong></span> <span class='ocrx_word' id='word_1_348' title='bbox 1333 4206 1510 4260; x_wconf 87' lang='lat' dir='ltr'><strong>animo</strong></span> <span class='ocrx_word' id='word_1_349' title='bbox 1535 4207 1833 4270; x_wconf 80' lang='lat' dir='ltr'><strong>revolvere,</strong></span> <span class='ocrx_word' id='word_1_350' title='bbox 1861 4217 1914 4262; x_wconf 92' lang='lat' dir='ltr'><strong>et</strong></span> <span class='ocrx_word' id='word_1_351' title='bbox 1936 4223 2033 4279; x_wconf 88' lang='lat' dir='ltr'><strong>pro</strong></span> 
     </span>
    </p>
   </div>
   <div class='ocr_carea' id='block_1_46' title="bbox 454 4293 2032 4366">
    <p class='ocr_par' dir='ltr' id='par_1_46' title="bbox 454 4293 2032 4366">
     <span class='ocr_line' id='line_1_46' title="bbox 454 4293 2032 4366; baseline 0.006 -22"><span class='ocrx_word' id='word_1_352' title='bbox 454 4293 654 4348; x_wconf 89' lang='lat' dir='ltr'><strong>viribus</strong></span> <span class='ocrx_word' id='word_1_353' title='bbox 697 4295 892 4348; x_wconf 89' lang='lat' dir='ltr'><strong>nostris</strong></span> <span class='ocrx_word' id='word_1_354' title='bbox 937 4297 1132 4364; x_wconf 85' lang='lat' dir='ltr'><strong>gratias</strong></span> <span class='ocrx_word' id='word_1_355' title='bbox 1169 4310 1362 4365; x_wconf 85' lang='lat' dir='ltr'><strong>agere,</strong></span> <span class='ocrx_word' id='word_1_356' title='bbox 1411 4296 1703 4366; x_wconf 86' lang='lat' dir='ltr'><strong>poterimus</strong></span> <span class='ocrx_word' id='word_1_357' title='bbox 1728 4299 1894 4352; x_wconf 92' lang='lat' dir='ltr'><strong>multo</strong></span> <span class='ocrx_word' id='word_1_358' title='bbox 1922 4315 2032 4354; x_wconf 87' lang='lat' dir='ltr'><strong>ma-</strong></span> 
     </span>
    </p>
   </div>
   <div class='ocr_carea' id='block_1_47' title="bbox 450 4383 2027 4454">
    <p class='ocr_par' dir='ltr' id='par_1_47' title="bbox 450 4383 2027 4454">
     <span class='ocr_line' id='line_1_47' title="bbox 450 4383 2027 4454; baseline 0.008 -23"><span class='ocrx_word' id='word_1_359' title='bbox 450 4385 622 4450; x_wconf 82' lang='lat' dir='ltr'><strong>jorem</strong></span> <span class='ocrx_word' id='word_1_360' title='bbox 652 4383 794 4438; x_wconf 91' lang='lat' dir='ltr'><strong>illius</strong></span> <span class='ocrx_word' id='word_1_361' title='bbox 819 4386 1041 4454; x_wconf 89' lang='lat' dir='ltr'><strong>gratiam</strong></span> <span class='ocrx_word' id='word_1_362' title='bbox 1073 4384 1224 4438; x_wconf 89' lang='lat' dir='ltr'><strong>nobis</strong></span> <span class='ocrx_word' id='word_1_363' title='bbox 1249 4385 1534 4440; x_wconf 86' lang='lat' dir='ltr'><strong>conciliare</strong></span> <span class='ocrx_word' id='word_1_364' title='bbox 1553 4425 1569 4451; x_wconf 89' lang='lat'><strong>,</strong></span> <span class='ocrx_word' id='word_1_365' title='bbox 1595 4395 1649 4441; x_wconf 92' lang='lat' dir='ltr'><strong>et</strong></span> <span class='ocrx_word' id='word_1_366' title='bbox 1673 4386 1740 4442; x_wconf 87' lang='lat' dir='ltr'><strong>ad</strong></span> <span class='ocrx_word' id='word_1_367' title='bbox 1781 4389 2027 4445; x_wconf 90' lang='lat' dir='ltr'><strong>virtutem</strong></span> 
     </span>
    </p>
   </div>
   <div class='ocr_carea' id='block_1_48' title="bbox 453 4474 2030 4543">
    <p class='ocr_par' dir='ltr' id='par_1_48' title="bbox 453 4474 2030 4543">
     <span class='ocr_line' id='line_1_48' title="bbox 453 4474 2030 4543; baseline 0.006 -16"><span class='ocrx_word' id='word_1_368' title='bbox 453 4475 620 4543; x_wconf 88' lang='lat' dir='ltr'><strong>magis</strong></span> <span class='ocrx_word' id='word_1_369' title='bbox 665 4474 844 4530; x_wconf 90' lang='lat' dir='ltr'><strong>idonei</strong></span> <span class='ocrx_word' id='word_1_370' title='bbox 890 4474 1025 4534; x_wconf 88' lang='lat' dir='ltr'><strong>ﬁeri.</strong></span> <span class='ocrx_word' id='word_1_371' title='bbox 1076 4475 1326 4530; x_wconf 71' lang='lat' dir='ltr'><strong>Memoria</strong></span> <span class='ocrx_word' id='word_1_372' title='bbox 1355 4476 1496 4530; x_wconf 89' lang='lat' dir='ltr'><strong>enim</strong></span> <span class='ocrx_word' id='word_1_373' title='bbox 1528 4477 1904 4533; x_wconf 90' lang='lat' dir='ltr'><strong>beneﬁciorum</strong></span> <span class='ocrx_word' id='word_1_374' title='bbox 1937 4478 2030 4536; x_wconf 88' lang='lat' dir='ltr'><strong>Dei</strong></span> 
     </span>
    </p>
   </div>
   <div class='ocr_carea' id='block_1_49' title="bbox 452 4565 2028 4638">
    <p class='ocr_par' dir='ltr' id='par_1_49' title="bbox 452 4565 2028 4638">
     <span class='ocr_line' id='line_1_49' title="bbox 452 4565 2028 4638; baseline 0.004 -21"><span class='ocrx_word' id='word_1_375' title='bbox 452 4565 722 4620; x_wconf 88' lang='lat' dir='ltr'><strong>sufllciens</strong></span> <span class='ocrx_word' id='word_1_376' title='bbox 744 4573 846 4631; x_wconf 85' lang='lat' dir='ltr'><strong>est,</strong></span> <span class='ocrx_word' id='word_1_377' title='bbox 872 4580 991 4635; x_wconf 74' lang='lat' dir='ltr'><strong>qua:</strong></span> <span class='ocrx_word' id='word_1_378' title='bbox 1007 4565 1072 4619; x_wconf 86' lang='lat' dir='ltr'><strong>ad</strong></span> <span class='ocrx_word' id='word_1_379' title='bbox 1093 4567 1342 4620; x_wconf 88' lang='lat' dir='ltr'><strong>virtutum</strong></span> <span class='ocrx_word' id='word_1_380' title='bbox 1359 4566 1563 4622; x_wconf 84' lang='lat' dir='ltr'><strong>labores</strong></span> <span class='ocrx_word' id='word_1_381' title='bbox 1584 4583 1680 4622; x_wconf 91' lang='lat' dir='ltr'><strong>nos</strong></span> <span class='ocrx_word' id='word_1_382' title='bbox 1695 4568 2028 4638; x_wconf 74' lang='lat' dir='ltr'><strong>adhortatur,</strong></span> 
     </span>
    </p>
   </div>
   <div class='ocr_carea' id='block_1_50' title="bbox 451 4656 2029 4726">
    <p class='ocr_par' dir='ltr' id='par_1_50' title="bbox 451 4656 2029 4726">
     <span class='ocr_line' id='line_1_50' title="bbox 451 4656 2029 4726; baseline 0.005 -19"><span class='ocrx_word' id='word_1_383' title='bbox 451 4663 507 4708; x_wconf 86' lang='lat' dir='ltr'><strong>ct</strong></span> <span class='ocrx_word' id='word_1_384' title='bbox 532 4665 789 4724; x_wconf 67' lang='lat' dir='ltr'><strong>praeparet</strong></span> <span class='ocrx_word' id='word_1_385' title='bbox 811 4665 870 4709; x_wconf 94' lang='lat' dir='ltr'><strong>ut</strong></span> <span class='ocrx_word' id='word_1_386' title='bbox 895 4656 1173 4724; x_wconf 71' lang='lat' dir='ltr'><strong>praesentia</strong></span> <span class='ocrx_word' id='word_1_387' title='bbox 1199 4656 1375 4710; x_wconf 90' lang='lat' dir='ltr'><strong>omnia</strong></span> <span class='ocrx_word' id='word_1_388' title='bbox 1400 4657 1754 4726; x_wconf 88' lang='lat' dir='ltr'><strong>dcspiciamus</strong></span> <span class='ocrx_word' id='word_1_389' title='bbox 1777 4701 1791 4725; x_wconf 91' lang='lat'><strong>,</strong></span> <span class='ocrx_word' id='word_1_390' title='bbox 1820 4669 1874 4715; x_wconf 91' lang='lat' dir='ltr'><strong>et</strong></span> <span class='ocrx_word' id='word_1_391' title='bbox 1896 4670 1953 4714; x_wconf 92' lang='lat' dir='ltr'><strong>ut</strong></span> <span class='ocrx_word' id='word_1_392' title='bbox 1980 4660 2029 4715; x_wconf 89' lang='lat' dir='ltr'><strong>ei</strong></span> 
     </span>
    </p>
   </div>
   <div class='ocr_carea' id='block_1_51' title="bbox 450 4745 2025 4815">
    <p class='ocr_par' dir='ltr' id='par_1_51' title="bbox 450 4745 2025 4815">
     <span class='ocr_line' id='line_1_51' title="bbox 450 4745 2025 4815; baseline 0.001 -17"><span class='ocrx_word' id='word_1_393' title='bbox 450 4746 539 4813; x_wconf 90' lang='lat' dir='ltr'><strong>qui</strong></span> <span class='ocrx_word' id='word_1_394' title='bbox 590 4755 731 4798; x_wconf 89' lang='lat' dir='ltr'><strong>tanta</strong></span> <span class='ocrx_word' id='word_1_395' title='bbox 781 4745 833 4798; x_wconf 94' lang='lat' dir='ltr'><strong>in</strong></span> <span class='ocrx_word' id='word_1_396' title='bbox 886 4759 984 4799; x_wconf 91' lang='lat' dir='ltr'><strong>nos</strong></span> <span class='ocrx_word' id='word_1_397' title='bbox 1028 4745 1280 4799; x_wconf 89' lang='lat' dir='ltr'><strong>beneﬁcia</strong></span> <span class='ocrx_word' id='word_1_398' title='bbox 1333 4748 1584 4812; x_wconf 81' lang='lat' dir='ltr'><strong>contulit,</strong></span> <span class='ocrx_word' id='word_1_399' title='bbox 1639 4749 2025 4815; x_wconf 70' lang='lat' dir='ltr'><strong>adhmreamns,</strong></span> 
     </span>
    </p>
   </div>
   <div class='ocr_carea' id='block_1_52' title="bbox 451 4838 2024 4908">
    <p class='ocr_par' dir='ltr' id='par_1_52' title="bbox 451 4838 2024 4908">
     <span class='ocr_line' id='line_1_52' title="bbox 451 4838 2024 4908; baseline 0.001 -16"><span class='ocrx_word' id='word_1_400' title='bbox 451 4853 685 4892; x_wconf 84' lang='lat' dir='ltr'><strong>amorem</strong></span> <span class='ocrx_word' id='word_1_401' title='bbox 714 4839 765 4892; x_wconf 91' lang='lat' dir='ltr'><strong>in</strong></span> <span class='ocrx_word' id='word_1_402' title='bbox 797 4838 940 4892; x_wconf 90' lang='lat' dir='ltr'><strong>illum</strong></span> <span class='ocrx_word' id='word_1_403' title='bbox 977 4838 1195 4908; x_wconf 89' lang='lat' dir='ltr'><strong>singulis</strong></span> <span class='ocrx_word' id='word_1_404' title='bbox 1219 4838 1406 4893; x_wconf 89' lang='lat' dir='ltr'><strong>diebus</strong></span> <span class='ocrx_word' id='word_1_405' title='bbox 1445 4850 1656 4894; x_wconf 91' lang='lat' dir='ltr'><strong>auctum</strong></span> <span class='ocrx_word' id='word_1_406' title='bbox 1691 4839 2024 4893; x_wconf 80' lang='lat' dir='ltr'><strong>exhibentes.</strong></span> 
     </span>
    </p>
   </div>
   <div class='ocr_carea' id='block_1_53' title="bbox 452 4924 2024 4998">
    <p class='ocr_par' dir='ltr' id='par_1_53' title="bbox 452 4924 2024 4998">
     <span class='ocr_line' id='line_1_53' title="bbox 452 4924 2024 4998; baseline 0 -18"><span class='ocrx_word' id='word_1_407' title='bbox 452 4924 584 4980; x_wconf 81' lang='lat' dir='ltr'><strong>liinc</strong></span> <span class='ocrx_word' id='word_1_408' title='bbox 612 4928 808 4981; x_wconf 89' lang='lat' dir='ltr'><strong>etenim</strong></span> <span class='ocrx_word' id='word_1_409' title='bbox 841 4927 1025 4981; x_wconf 86' lang='lat' dir='ltr'><strong>beatus</strong></span> <span class='ocrx_word' id='word_1_410' title='bbox 1052 4927 1152 4982; x_wconf 88' lang='lat' dir='ltr'><strong>iste</strong></span> <span class='ocrx_word' id='word_1_411' title='bbox 1181 4936 1376 4981; x_wconf 87' lang='lat' dir='ltr'><strong>tantam</strong></span> <span class='ocrx_word' id='word_1_412' title='bbox 1412 4928 1502 4982; x_wconf 91' lang='lat' dir='ltr'><strong>Dei</strong></span> <span class='ocrx_word' id='word_1_413' title='bbox 1529 4928 1750 4998; x_wconf 85' lang='lat' dir='ltr'><strong>gratiam</strong></span> <span class='ocrx_word' id='word_1_414' title='bbox 1777 4937 1832 4982; x_wconf 93' lang='lat' dir='ltr'><strong>et</strong></span> <span class='ocrx_word' id='word_1_415' title='bbox 1853 4927 2024 4981; x_wconf 87' lang='lat' dir='ltr'><strong>hono-</strong></span> 
     </span>
    </p>
   </div>
   <div class='ocr_carea' id='block_1_54' title="bbox 451 5017 2026 5088">
    <p class='ocr_par' dir='ltr' id='par_1_54' title="bbox 451 5017 2026 5088">
     <span class='ocr_line' id='line_1_54' title="bbox 451 5017 2026 5088; baseline 0 -18"><span class='ocrx_word' id='word_1_416' title='bbox 451 5033 563 5070; x_wconf 89' lang='lat' dir='ltr'><strong>rem</strong></span> <span class='ocrx_word' id='word_1_417' title='bbox 592 5017 694 5071; x_wconf 86' lang='lat' dir='ltr'><strong>sibi</strong></span> <span class='ocrx_word' id='word_1_418' title='bbox 720 5017 1051 5081; x_wconf 83' lang='lat' dir='ltr'><strong>conciliavit,</strong></span> <span class='ocrx_word' id='word_1_419' title='bbox 1087 5018 1207 5088; x_wconf 89' lang='lat' dir='ltr'><strong>quia</strong></span> <span class='ocrx_word' id='word_1_420' title='bbox 1235 5017 1302 5073; x_wconf 90' lang='lat' dir='ltr'><strong>de</strong></span> <span class='ocrx_word' id='word_1_421' title='bbox 1332 5017 1596 5086; x_wconf 86' lang='lat' dir='ltr'><strong>prioribus</strong></span> <span class='ocrx_word' id='word_1_422' title='bbox 1621 5017 1820 5086; x_wconf 87' lang='lat' dir='ltr'><strong>gratias</strong></span> <span class='ocrx_word' id='word_1_423' title='bbox 1851 5017 2026 5070; x_wconf 86' lang='lat' dir='ltr'><strong>reddi-</strong></span> 
     </span>
    </p>
   </div>
   <div class='ocr_carea' id='block_1_55' title="bbox 448 5105 2024 5176">
    <p class='ocr_par' dir='ltr' id='par_1_55' title="bbox 448 5105 2024 5176">
     <span class='ocr_line' id='line_1_55' title="bbox 448 5105 2024 5176; baseline 0.002 -18"><span class='ocrx_word' id='word_1_424' title='bbox 448 5106 544 5159; x_wconf 90' lang='lat' dir='ltr'><strong>dit.</strong></span> <span class='ocrx_word' id='word_1_425' title='bbox 593 5105 696 5160; x_wconf 87' lang='lat' dir='ltr'><strong>Sed</strong></span> <span class='ocrx_word' id='word_1_426' title='bbox 743 5115 799 5159; x_wconf 92' lang='lat' dir='ltr'><strong>ut</strong></span> <span class='ocrx_word' id='word_1_427' title='bbox 825 5108 1158 5162; x_wconf 84' lang='lat' dir='ltr'><strong>manifestior</strong></span> <span class='ocrx_word' id='word_1_428' title='bbox 1191 5109 1341 5162; x_wconf 88' lang='lat' dir='ltr'><strong>nobis</strong></span> <span class='ocrx_word' id='word_1_429' title='bbox 1368 5107 1456 5161; x_wconf 90' lang='lat' dir='ltr'><strong>ille</strong></span> <span class='ocrx_word' id='word_1_430' title='bbox 1488 5121 1668 5160; x_wconf 90' lang='lat' dir='ltr'><strong>sermo</strong></span> <span class='ocrx_word' id='word_1_431' title='bbox 1697 5109 1785 5159; x_wconf 87' lang='lat' dir='ltr'><strong>ﬁat</strong></span> <span class='ocrx_word' id='word_1_432' title='bbox 1805 5147 1820 5172; x_wconf 95' lang='lat'><strong>,</strong></span> <span class='ocrx_word' id='word_1_433' title='bbox 1847 5121 2024 5176; x_wconf 69' lang='lat' dir='ltr'><strong>operte</strong></span> 
     </span>
    </p>
   </div>
   <div class='ocr_carea' id='block_1_56' title="bbox 451 5195 2020 5266">
    <p class='ocr_par' dir='ltr' id='par_1_56' title="bbox 451 5195 2020 5266">
     <span class='ocr_line' id='line_1_56' title="bbox 451 5195 2020 5266; baseline 0.004 -23"><span class='ocrx_word' id='word_1_434' title='bbox 451 5195 677 5263; x_wconf 77' lang='lat' dir='ltr'><strong>pretium</strong></span> <span class='ocrx_word' id='word_1_435' title='bbox 699 5204 781 5250; x_wconf 83' lang='lat' dir='ltr'><strong>est</strong></span> <span class='ocrx_word' id='word_1_436' title='bbox 804 5235 820 5259; x_wconf 92' lang='lat'><strong>,</strong></span> <span class='ocrx_word' id='word_1_437' title='bbox 850 5206 907 5250; x_wconf 94' lang='lat' dir='ltr'><strong>ut</strong></span> <span class='ocrx_word' id='word_1_438' title='bbox 931 5197 1138 5251; x_wconf 90' lang='lat' dir='ltr'><strong>initium</strong></span> <span class='ocrx_word' id='word_1_439' title='bbox 1166 5214 1350 5252; x_wconf 80' lang='lat' dir='ltr'><strong>eorum</strong></span> <span class='ocrx_word' id='word_1_440' title='bbox 1377 5212 1494 5266; x_wconf 68' lang='lat' dir='ltr'><strong>qua:</strong></span> <span class='ocrx_word' id='word_1_441' title='bbox 1525 5196 1682 5250; x_wconf 89' lang='lat' dir='ltr'><strong>hodie</strong></span> <span class='ocrx_word' id='word_1_442' title='bbox 1711 5196 1847 5250; x_wconf 89' lang='lat' dir='ltr'><strong>lecta</strong></span> <span class='ocrx_word' id='word_1_443' title='bbox 1874 5206 2020 5264; x_wconf 87' lang='lat' dir='ltr'><strong>sunt,</strong></span> 
     </span>
    </p>
   </div>
   <div class='ocr_carea' id='block_1_57' title="bbox 447 5286 2020 5356">
    <p class='ocr_par' dir='ltr' id='par_1_57' title="bbox 447 5286 2020 5356">
     <span class='ocr_line' id='line_1_57' title="bbox 447 5286 2020 5356; baseline 0.004 -20"><span class='ocrx_word' id='word_1_444' title='bbox 447 5286 654 5344; x_wconf 77' lang='lat' dir='ltr'><strong>caritati</strong></span> <span class='ocrx_word' id='word_1_445' title='bbox 707 5296 896 5340; x_wconf 74' lang='lat' dir='ltr'><strong>vestra:</strong></span> <span class='ocrx_word' id='word_1_446' title='bbox 940 5303 1252 5356; x_wconf 78' lang='lat' dir='ltr'><strong>proponam.</strong></span> <span class='ocrx_word' id='word_1_447' title='bbox 1308 5287 1440 5341; x_wconf 85' lang='lat' dir='ltr'><strong>Nam</strong></span> <span class='ocrx_word' id='word_1_448' title='bbox 1493 5295 1768 5356; x_wconf 87' lang='lat' dir='ltr'><strong>postquam</strong></span> <span class='ocrx_word' id='word_1_449' title='bbox 1796 5301 1861 5341; x_wconf 79' lang='lat' dir='ltr'><strong>ex</strong></span> <span class='ocrx_word' id='word_1_450' title='bbox 1900 5301 2020 5342; x_wconf 86' lang='lat' dir='ltr'><strong>arca</strong></span> 
     </span>
    </p>
   </div>
   <div class='ocr_carea' id='block_1_58' title="bbox 449 5378 2023 5444">
    <p class='ocr_par' dir='ltr' id='par_1_58' title="bbox 449 5378 2023 5444">
     <span class='ocr_line' id='line_1_58' title="bbox 449 5378 2023 5444; baseline 0.001 -13"><span class='ocrx_word' id='word_1_451' title='bbox 449 5378 610 5432; x_wconf 77' lang='lat' dir='ltr'><strong>exivit</strong></span> <span class='ocrx_word' id='word_1_452' title='bbox 645 5379 935 5433; x_wconf 88' lang='lat' dir='ltr'><strong>secundum</strong></span> <span class='ocrx_word' id='word_1_453' title='bbox 978 5381 1284 5434; x_wconf 85' lang='lat' dir='ltr'><strong>mandatum</strong></span> <span class='ocrx_word' id='word_1_454' title='bbox 1312 5380 1515 5434; x_wconf 87' lang='lat' dir='ltr'><strong>Domini</strong></span> <span class='ocrx_word' id='word_1_455' title='bbox 1545 5420 1559 5444; x_wconf 93' lang='lat'><strong>,</strong></span> <span class='ocrx_word' id='word_1_456' title='bbox 1606 5393 1728 5433; x_wconf 90' lang='lat' dir='ltr'><strong>cum</strong></span> <span class='ocrx_word' id='word_1_457' title='bbox 1777 5379 1899 5433; x_wconf 87' lang='lat' dir='ltr'><strong>ﬁliis</strong></span> <span class='ocrx_word' id='word_1_458' title='bbox 1921 5419 1936 5444; x_wconf 90' lang='lat'><strong>,</strong></span> <span class='ocrx_word' id='word_1_459' title='bbox 1967 5388 2023 5434; x_wconf 92' lang='lat' dir='ltr'><strong>et</strong></span> 
     </span>
    </p>
   </div>
   <div class='ocr_carea' id='block_1_59' title="bbox 447 5471 2022 5537">
    <p class='ocr_par' dir='ltr' id='par_1_59' title="bbox 447 5471 2022 5537">
     <span class='ocr_line' id='line_1_59' title="bbox 447 5471 2022 5537; baseline 0.003 -15"><span class='ocrx_word' id='word_1_460' title='bbox 447 5484 540 5522; x_wconf 80' lang='lat' dir='ltr'><strong>sua</strong></span> <span class='ocrx_word' id='word_1_461' title='bbox 569 5484 764 5537; x_wconf 79' lang='lat' dir='ltr'><strong>uxore,</strong></span> <span class='ocrx_word' id='word_1_462' title='bbox 797 5480 852 5525; x_wconf 93' lang='lat' dir='ltr'><strong>et</strong></span> <span class='ocrx_word' id='word_1_463' title='bbox 877 5473 1130 5526; x_wconf 75' lang='lat' dir='ltr'><strong>uxoribus</strong></span> <span class='ocrx_word' id='word_1_464' title='bbox 1159 5472 1384 5527; x_wconf 88' lang='lat' dir='ltr'><strong>ﬁliorum</strong></span> <span class='ocrx_word' id='word_1_465' title='bbox 1423 5486 1663 5537; x_wconf 90' lang='lat' dir='ltr'><strong>suorum,</strong></span> <span class='ocrx_word' id='word_1_466' title='bbox 1695 5480 1750 5526; x_wconf 93' lang='lat' dir='ltr'><strong>et</strong></span> <span class='ocrx_word' id='word_1_467' title='bbox 1775 5471 2022 5526; x_wconf 88' lang='lat' dir='ltr'><strong>omnibus</strong></span> 
     </span>
    </p>
   </div>
   <div class='ocr_carea' id='block_1_60' title="bbox 449 5560 2020 5633">
    <p class='ocr_par' dir='ltr' id='par_1_60' title="bbox 449 5560 2020 5633">
     <span class='ocr_line' id='line_1_60' title="bbox 449 5560 2020 5633; baseline 0.001 -20"><span class='ocrx_word' id='word_1_468' title='bbox 449 5561 574 5614; x_wconf 84' lang='lat' dir='ltr'><strong>leris</strong></span> <span class='ocrx_word' id='word_1_469' title='bbox 598 5569 652 5614; x_wconf 92' lang='lat' dir='ltr'><strong>et</strong></span> <span class='ocrx_word' id='word_1_470' title='bbox 677 5561 981 5616; x_wconf 81' lang='lat' dir='ltr'><strong>volatilibus</strong></span> <span class='ocrx_word' id='word_1_471' title='bbox 1004 5604 1018 5627; x_wconf 91' lang='lat'><strong>,</strong></span> <span class='ocrx_word' id='word_1_472' title='bbox 1064 5571 1117 5617; x_wconf 92' lang='lat' dir='ltr'><strong>et</strong></span> <span class='ocrx_word' id='word_1_473' title='bbox 1165 5571 1284 5632; x_wconf 87' lang='lat' dir='ltr'><strong>post</strong></span> <span class='ocrx_word' id='word_1_474' title='bbox 1325 5577 1598 5633; x_wconf 85' lang='lat' dir='ltr'><strong>egressum</strong></span> <span class='ocrx_word' id='word_1_475' title='bbox 1625 5561 1828 5632; x_wconf 88' lang='lat' dir='ltr'><strong>accepit</strong></span> <span class='ocrx_word' id='word_1_476' title='bbox 1854 5576 1884 5615; x_wconf 91' lang='lat' dir='ltr'><strong>a</strong></span> <span class='ocrx_word' id='word_1_477' title='bbox 1910 5560 2020 5616; x_wconf 92' lang='lat' dir='ltr'><strong>Deo</strong></span> 
     </span>
    </p>
   </div>
   <div class='ocr_carea' id='block_1_61' title="bbox 449 5645 2018 5710">
    <p class='ocr_par' dir='ltr' id='par_1_61' title="bbox 449 5645 2018 5710">
     <span class='ocr_line' id='line_1_61' title="bbox 449 5645 2018 5710; baseline 0.001 -8"><span class='ocrx_word' id='word_1_478' title='bbox 449 5645 872 5709; x_wconf 75' lang='lat' dir='ltr'><strong>benedictionem</strong></span> <span class='ocrx_word' id='word_1_479' title='bbox 918 5651 1061 5706; x_wconf 84' lang='lat' dir='ltr'><strong>illam</strong></span> <span class='ocrx_word' id='word_1_480' title='bbox 1101 5660 1302 5706; x_wconf 86' lang='lat' dir='ltr'><strong>tantum</strong></span> <span class='ocrx_word' id='word_1_481' title='bbox 1345 5653 1442 5708; x_wconf 88' lang='lat' dir='ltr'><strong>sibi</strong></span> <span class='ocrx_word' id='word_1_482' title='bbox 1489 5651 1793 5708; x_wconf 78' lang='lat' dir='ltr'><strong>aﬂ&#39;crcntem</strong></span> <span class='ocrx_word' id='word_1_483' title='bbox 1819 5654 2018 5710; x_wconf 65' lang='lat' dir='ltr'><strong>solatii.</strong></span> 
     </span>
    </p>
   </div>
   <div class='ocr_carea' id='block_1_62' title="bbox 2167 403 3732 482">
    <p class='ocr_par' dir='ltr' id='par_1_62' title="bbox 2167 403 3732 482">
     <span class='ocr_line' id='line_1_62' title="bbox 2167 403 3732 482; baseline 0.01 -23"><span class='ocrx_word' id='word_1_484' title='bbox 2167 403 2248 460; x_wconf 87' lang='lat' dir='ltr'><strong>his</strong></span> <span class='ocrx_word' id='word_1_485' title='bbox 2269 406 2445 462; x_wconf 82' lang='lat' dir='ltr'><strong>verbis</strong></span> <span class='ocrx_word' id='word_1_486' title='bbox 2469 406 2714 464; x_wconf 84' lang='lat' dir='ltr'><strong>:Crescite</strong></span> <span class='ocrx_word' id='word_1_487' title='bbox 2733 419 2780 465; x_wconf 85' lang='lat' dir='ltr'><strong>et</strong></span> <span class='ocrx_word' id='word_1_488' title='bbox 2799 410 3219 482; x_wconf 80' lang='lat' dir='ltr'><strong>multiplicamini,</strong></span> <span class='ocrx_word' id='word_1_489' title='bbox 3239 415 3436 472; x_wconf 74' lang='lat' dir='ltr'><strong>docetis</strong></span> <span class='ocrx_word' id='word_1_490' title='bbox 3465 433 3564 474; x_wconf 79' lang='lat' dir='ltr'><strong>nos</strong></span> <span class='ocrx_word' id='word_1_491' title='bbox 3587 419 3732 476; x_wconf 84' lang='lat' dir='ltr'><strong>Scri-</strong></span> 
     </span>
    </p>
   </div>
   <div class='ocr_carea' id='block_1_63' title="bbox 2163 495 3735 577">
    <p class='ocr_par' dir='ltr' id='par_1_63' title="bbox 2163 495 3735 577">
     <span class='ocr_line' id='line_1_63' title="bbox 2163 495 3735 577; baseline 0.012 -33"><span class='ocrx_word' id='word_1_492' title='bbox 2163 505 2313 562; x_wconf 73' lang='lat' dir='ltr'><strong>ptura</strong></span> <span class='ocrx_word' id='word_1_493' title='bbox 2356 495 2483 564; x_wconf 79' lang='lat' dir='ltr'><strong>justi</strong></span> <span class='ocrx_word' id='word_1_494' title='bbox 2523 506 2728 566; x_wconf 86' lang='lat' dir='ltr'><strong>gratum</strong></span> <span class='ocrx_word' id='word_1_495' title='bbox 2755 499 3025 566; x_wconf 84' lang='lat' dir='ltr'><strong>animum,</strong></span> <span class='ocrx_word' id='word_1_496' title='bbox 3065 501 3190 558; x_wconf 92' lang='lat' dir='ltr'><strong>dicit</strong></span> <span class='ocrx_word' id='word_1_497' title='bbox 3225 503 3356 560; x_wconf 68' lang='lat'><strong>:20.</strong></span> <span class='ocrx_word' id='word_1_498' title='bbox 3389 507 3735 577; x_wconf 69' lang='lat' dir='ltr'><strong>Etcttiﬁcatv&#39;t</strong></span> 
     </span>
    </p>
   </div>
   <div class='ocr_carea' id='block_1_64' title="bbox 2172 582 3734 666">
    <p class='ocr_par' dir='ltr' id='par_1_64' title="bbox 2172 582 3734 666">
     <span class='ocr_line' id='line_1_64' title="bbox 2172 582 3734 666; baseline 0.012 -30"><span class='ocrx_word' id='word_1_499' title='bbox 2172 582 2286 636; x_wconf 73' lang='lat' dir='ltr'><strong>Noe</strong></span> <span class='ocrx_word' id='word_1_500' title='bbox 2309 585 2471 638; x_wconf 85' lang='lat' dir='ltr'><strong>altare</strong></span> <span class='ocrx_word' id='word_1_501' title='bbox 2500 585 2715 640; x_wconf 82' lang='lat' dir='ltr'><strong>Domino</strong></span> <span class='ocrx_word' id='word_1_502' title='bbox 2735 628 2750 652; x_wconf 94' lang='lat'><strong>,</strong></span> <span class='ocrx_word' id='word_1_503' title='bbox 2790 599 2836 641; x_wconf 86' lang='lat' dir='ltr'><strong>et</strong></span> <span class='ocrx_word' id='word_1_504' title='bbox 2871 591 3061 658; x_wconf 86' lang='lat' dir='ltr'><strong>accepit</strong></span> <span class='ocrx_word' id='word_1_505' title='bbox 3100 593 3162 647; x_wconf 85' lang='lat' dir='ltr'><strong>de</strong></span> <span class='ocrx_word' id='word_1_506' title='bbox 3202 595 3430 650; x_wconf 80' lang='lat' dir='ltr'><strong>omnibus</strong></span> <span class='ocrx_word' id='word_1_507' title='bbox 3477 599 3734 666; x_wconf 63' lang='lat' dir='ltr'><strong>pecoribus</strong></span> 
     </span>
    </p>
   </div>
   <div class='ocr_carea' id='block_1_65' title="bbox 2162 673 3725 749">
    <p class='ocr_par' dir='ltr' id='par_1_65' title="bbox 2162 673 3725 749">
     <span class='ocr_line' id='line_1_65' title="bbox 2162 673 3725 749; baseline 0.013 -27"><span class='ocrx_word' id='word_1_508' title='bbox 2162 673 2382 737; x_wconf 83' lang='lat' dir='ltr'><strong>mundis,</strong></span> <span class='ocrx_word' id='word_1_509' title='bbox 2405 683 2451 726; x_wconf 87' lang='lat' dir='ltr'><strong>et</strong></span> <span class='ocrx_word' id='word_1_510' title='bbox 2480 675 2542 727; x_wconf 86' lang='lat' dir='ltr'><strong>de</strong></span> <span class='ocrx_word' id='word_1_511' title='bbox 2560 675 2785 729; x_wconf 85' lang='lat' dir='ltr'><strong>omnibus</strong></span> <span class='ocrx_word' id='word_1_512' title='bbox 2813 677 3095 733; x_wconf 81' lang='lat' dir='ltr'><strong>volatilibus</strong></span> <span class='ocrx_word' id='word_1_513' title='bbox 3114 685 3334 749; x_wconf 84' lang='lat' dir='ltr'><strong>mundis,</strong></span> <span class='ocrx_word' id='word_1_514' title='bbox 3362 695 3408 738; x_wconf 87' lang='lat' dir='ltr'><strong>ct</strong></span> <span class='ocrx_word' id='word_1_515' title='bbox 3435 687 3612 741; x_wconf 66' lang='lat' dir='ltr'><strong>obtutit</strong></span> <span class='ocrx_word' id='word_1_516' title='bbox 3635 690 3699 742; x_wconf 81' lang='lat' dir='ltr'><strong>lio</strong></span> <span class='ocrx_word' id='word_1_517' title='bbox 3722 724 3725 727; x_wconf 94' lang='lat'><strong><em>-</em></strong></span> 
     </span>
    </p>
   </div>
   <div class='ocr_carea' id='block_1_66' title="bbox 2167 761 3731 844">
    <p class='ocr_par' dir='ltr' id='par_1_66' title="bbox 2167 761 3731 844">
     <span class='ocr_line' id='line_1_66' title="bbox 2167 761 3731 844; baseline 0.015 -31"><span class='ocrx_word' id='word_1_518' title='bbox 2167 761 2438 816; x_wconf 79' lang='lat' dir='ltr'><strong>locaustum</strong></span> <span class='ocrx_word' id='word_1_519' title='bbox 2478 781 2628 834; x_wconf 84' lang='lat' dir='ltr'><strong>super</strong></span> <span class='ocrx_word' id='word_1_520' title='bbox 2655 764 2836 820; x_wconf 85' lang='lat' dir='ltr'><strong>altare.</strong></span> <span class='ocrx_word' id='word_1_521' title='bbox 2892 768 3181 838; x_wconf 89' lang='lat' dir='ltr'><strong>Diligenter</strong></span> <span class='ocrx_word' id='word_1_522' title='bbox 3216 775 3495 830; x_wconf 88' lang='lat' dir='ltr'><strong>considera</strong></span> <span class='ocrx_word' id='word_1_523' title='bbox 3520 818 3536 844; x_wconf 95' lang='lat'><strong>,</strong></span> <span class='ocrx_word' id='word_1_524' title='bbox 3562 781 3731 835; x_wconf 85' lang='lat' dir='ltr'><strong>caris-</strong></span> 
     </span>
    </p>
   </div>
   <div class='ocr_carea' id='block_1_67' title="bbox 2159 853 3728 931">
    <p class='ocr_par' dir='ltr' id='par_1_67' title="bbox 2159 853 3728 931">
     <span class='ocr_line' id='line_1_67' title="bbox 2159 853 3728 931; baseline 0.01 -25"><span class='ocrx_word' id='word_1_525' title='bbox 2159 853 2332 922; x_wconf 88' lang='lat' dir='ltr'><strong>sime,</strong></span> <span class='ocrx_word' id='word_1_526' title='bbox 2378 869 2444 908; x_wconf 80' lang='lat' dir='ltr'><strong>ex</strong></span> <span class='ocrx_word' id='word_1_527' title='bbox 2485 858 2832 924; x_wconf 63' lang='lat' dir='ltr'><strong>praesentibus</strong></span> <span class='ocrx_word' id='word_1_528' title='bbox 2861 860 3073 925; x_wconf 83' lang='lat' dir='ltr'><strong>verbis,</strong></span> <span class='ocrx_word' id='word_1_529' title='bbox 3124 863 3392 931; x_wconf 90' lang='lat' dir='ltr'><strong>quomodo</strong></span> <span class='ocrx_word' id='word_1_530' title='bbox 3440 866 3493 921; x_wconf 87' lang='lat' dir='ltr'><strong>in</strong></span> <span class='ocrx_word' id='word_1_531' title='bbox 3543 878 3728 924; x_wconf 68' lang='lat' dir='ltr'><strong>natura</strong></span> 
     </span>
    </p>
   </div>
   <div class='ocr_carea' id='block_1_68' title="bbox 2161 945 3732 1014">
    <p class='ocr_par' dir='ltr' id='par_1_68' title="bbox 2161 945 3732 1014">
     <span class='ocr_line' id='line_1_68' title="bbox 2161 945 3732 1014; baseline 0.011 -20"><span class='ocrx_word' id='word_1_532' title='bbox 2161 953 2336 996; x_wconf 63' lang='lat' dir='ltr'><strong>nostra</strong></span> <span class='ocrx_word' id='word_1_533' title='bbox 2362 947 2600 1000; x_wconf 88' lang='lat' dir='ltr'><strong>omnium</strong></span> <span class='ocrx_word' id='word_1_534' title='bbox 2616 945 2871 1003; x_wconf 88' lang='lat' dir='ltr'><strong>Conditor</strong></span> <span class='ocrx_word' id='word_1_535' title='bbox 2895 950 3084 1004; x_wconf 89' lang='lat' dir='ltr'><strong>insevit</strong></span> <span class='ocrx_word' id='word_1_536' title='bbox 3107 963 3305 1006; x_wconf 90' lang='lat' dir='ltr'><strong>certam</strong></span> <span class='ocrx_word' id='word_1_537' title='bbox 3329 955 3542 1013; x_wconf 82' lang='lat' dir='ltr'><strong>virtutis</strong></span> <span class='ocrx_word' id='word_1_538' title='bbox 3567 960 3732 1014; x_wconf 72' lang='lat' dir='ltr'><strong>scit-tt.</strong></span> 
     </span>
    </p>
   </div>
   <div class='ocr_carea' id='block_1_69' title="bbox 2153 1030 3727 1111">
    <p class='ocr_par' dir='ltr' id='par_1_69' title="bbox 2153 1030 3727 1111">
     <span class='ocr_line' id='line_1_69' title="bbox 2153 1030 3727 1111; baseline 0.011 -25"><span class='ocrx_word' id='word_1_539' title='bbox 2153 1030 2305 1086; x_wconf 77' lang='lat' dir='ltr'><strong>liam.</strong></span> <span class='ocrx_word' id='word_1_540' title='bbox 2335 1033 2483 1088; x_wconf 75' lang='lat' dir='ltr'><strong>Unde</strong></span> <span class='ocrx_word' id='word_1_541' title='bbox 2512 1037 2650 1089; x_wconf 87' lang='lat' dir='ltr'><strong>enim</strong></span> <span class='ocrx_word' id='word_1_542' title='bbox 2679 1081 2691 1104; x_wconf 92' lang='lat'><strong>,</strong></span> <span class='ocrx_word' id='word_1_543' title='bbox 2733 1038 2818 1093; x_wconf 90' lang='lat' dir='ltr'><strong>dic</strong></span> <span class='ocrx_word' id='word_1_544' title='bbox 2837 1080 2850 1104; x_wconf 91' lang='lat'><strong>,</strong></span> <span class='ocrx_word' id='word_1_545' title='bbox 2878 1053 2996 1107; x_wconf 86' lang='lat' dir='ltr'><strong>oro,</strong></span> <span class='ocrx_word' id='word_1_546' title='bbox 3022 1039 3168 1111; x_wconf 86' lang='lat' dir='ltr'><strong>justo</strong></span> <span class='ocrx_word' id='word_1_547' title='bbox 3192 1042 3263 1097; x_wconf 86' lang='lat' dir='ltr'><strong>illi</strong></span> <span class='ocrx_word' id='word_1_548' title='bbox 3296 1044 3395 1099; x_wconf 89' lang='lat' dir='ltr'><strong>hoc</strong></span> <span class='ocrx_word' id='word_1_549' title='bbox 3422 1047 3474 1101; x_wconf 83' lang='lat' dir='ltr'><strong>in</strong></span> <span class='ocrx_word' id='word_1_550' title='bbox 3498 1059 3727 1105; x_wconf 88' lang='lat' dir='ltr'><strong>mentem</strong></span> 
     </span>
    </p>
   </div>
   <div class='ocr_carea' id='block_1_70' title="bbox 2157 1121 3730 1201">
    <p class='ocr_par' dir='ltr' id='par_1_70' title="bbox 2157 1121 3730 1201">
     <span class='ocr_line' id='line_1_70' title="bbox 2157 1121 3730 1201; baseline 0.016 -29"><span class='ocrx_word' id='word_1_551' title='bbox 2157 1121 2430 1176; x_wconf 79' lang='lat' dir='ltr'><strong>venisset?</strong></span> <span class='ocrx_word' id='word_1_552' title='bbox 2470 1123 2652 1178; x_wconf 88' lang='lat' dir='ltr'><strong>Nullus</strong></span> <span class='ocrx_word' id='word_1_553' title='bbox 2690 1139 2804 1182; x_wconf 89' lang='lat' dir='ltr'><strong>erat</strong></span> <span class='ocrx_word' id='word_1_554' title='bbox 2833 1128 2965 1184; x_wconf 82' lang='lat' dir='ltr'><strong>alius</strong></span> <span class='ocrx_word' id='word_1_555' title='bbox 2993 1146 3149 1201; x_wconf 89' lang='lat' dir='ltr'><strong>quem</strong></span> <span class='ocrx_word' id='word_1_556' title='bbox 3179 1133 3399 1189; x_wconf 84' lang='lat' dir='ltr'><strong>videret.</strong></span> <span class='ocrx_word' id='word_1_557' title='bbox 3445 1136 3548 1192; x_wconf 86' lang='lat' dir='ltr'><strong>Sed</strong></span> <span class='ocrx_word' id='word_1_558' title='bbox 3589 1140 3730 1196; x_wconf 90' lang='lat' dir='ltr'><strong>sicut</strong></span> 
     </span>
    </p>
   </div>
   <div class='ocr_carea' id='block_1_71' title="bbox 2156 1207 3727 1299">
    <p class='ocr_par' dir='ltr' id='par_1_71' title="bbox 2156 1207 3727 1299">
     <span class='ocr_line' id='line_1_71' title="bbox 2156 1207 3727 1299; baseline 0.014 -37"><span class='ocrx_word' id='word_1_559' title='bbox 2156 1207 2208 1262; x_wconf 90' lang='lat' dir='ltr'><strong>in</strong></span> <span class='ocrx_word' id='word_1_560' title='bbox 2241 1211 2500 1280; x_wconf 90' lang='lat' dir='ltr'><strong>principio</strong></span> <span class='ocrx_word' id='word_1_561' title='bbox 2527 1215 2658 1269; x_wconf 87' lang='lat' dir='ltr'><strong>Abel</strong></span> <span class='ocrx_word' id='word_1_562' title='bbox 2704 1217 2792 1272; x_wconf 79' lang='lat' dir='ltr'><strong>i!le</strong></span> <span class='ocrx_word' id='word_1_563' title='bbox 2823 1219 2974 1285; x_wconf 86' lang='lat' dir='ltr'><strong>primi</strong></span> <span class='ocrx_word' id='word_1_564' title='bbox 3017 1221 3244 1277; x_wconf 81' lang='lat' dir='ltr'><strong>hominis</strong></span> <span class='ocrx_word' id='word_1_565' title='bbox 3288 1222 3457 1288; x_wconf 76' lang='lat' dir='ltr'><strong>ﬁlius,</strong></span> <span class='ocrx_word' id='word_1_566' title='bbox 3491 1242 3519 1280; x_wconf 88' lang='lat' dir='ltr'><strong>a</strong></span> <span class='ocrx_word' id='word_1_567' title='bbox 3551 1229 3727 1299; x_wconf 89' lang='lat' dir='ltr'><strong>seipso</strong></span> 
     </span>
    </p>
   </div>
   <div class='ocr_carea' id='block_1_72' title="bbox 2154 1303 3721 1384">
    <p class='ocr_par' dir='ltr' id='par_1_72' title="bbox 2154 1303 3721 1384">
     <span class='ocr_line' id='line_1_72' title="bbox 2154 1303 3721 1384; baseline 0.013 -33"><span class='ocrx_word' id='word_1_568' title='bbox 2154 1303 2508 1357; x_wconf 84' lang='lat' dir='ltr'><strong>commonitus</strong></span> <span class='ocrx_word' id='word_1_569' title='bbox 2531 1343 2546 1369; x_wconf 93' lang='lat'><strong>,</strong></span> <span class='ocrx_word' id='word_1_570' title='bbox 2593 1320 2776 1374; x_wconf 81' lang='lat' dir='ltr'><strong>magna</strong></span> <span class='ocrx_word' id='word_1_571' title='bbox 2806 1307 3075 1377; x_wconf 83' lang='lat' dir='ltr'><strong>diligentia</strong></span> <span class='ocrx_word' id='word_1_572' title='bbox 3105 1310 3424 1368; x_wconf 70' lang='lat' dir='ltr'><strong>obiationem</strong></span> <span class='ocrx_word' id='word_1_573' title='bbox 3454 1317 3677 1384; x_wconf 79' lang='lat' dir='ltr'><strong>perfecit</strong></span> <span class='ocrx_word' id='word_1_574' title='bbox 3709 1335 3721 1370; x_wconf 90' lang='lat'><strong>:</strong></span> 
     </span>
    </p>
   </div>
   <div class='ocr_carea' id='block_1_73' title="bbox 2155 1390 3722 1467">
    <p class='ocr_par' dir='ltr' id='par_1_73' title="bbox 2155 1390 3722 1467">
     <span class='ocr_line' id='line_1_73' title="bbox 2155 1390 3722 1467; baseline 0.013 -26"><span class='ocrx_word' id='word_1_575' title='bbox 2155 1390 2232 1444; x_wconf 92' lang='lat' dir='ltr'><strong>sic</strong></span> <span class='ocrx_word' id='word_1_576' title='bbox 2261 1393 2441 1461; x_wconf 89' lang='lat' dir='ltr'><strong>utique</strong></span> <span class='ocrx_word' id='word_1_577' title='bbox 2470 1410 2608 1449; x_wconf 92' lang='lat' dir='ltr'><strong>nunc</strong></span> <span class='ocrx_word' id='word_1_578' title='bbox 2633 1406 2688 1450; x_wconf 94' lang='lat' dir='ltr'><strong>ct</strong></span> <span class='ocrx_word' id='word_1_579' title='bbox 2720 1397 2897 1467; x_wconf 86' lang='lat' dir='ltr'><strong>justus</strong></span> <span class='ocrx_word' id='word_1_580' title='bbox 2926 1400 3014 1453; x_wconf 92' lang='lat' dir='ltr'><strong>ille</strong></span> <span class='ocrx_word' id='word_1_581' title='bbox 3037 1441 3053 1467; x_wconf 95' lang='lat'><strong>,</strong></span> <span class='ocrx_word' id='word_1_582' title='bbox 3081 1417 3174 1457; x_wconf 86' lang='lat' dir='ltr'><strong>sua</strong></span> <span class='ocrx_word' id='word_1_583' title='bbox 3205 1404 3476 1459; x_wconf 87' lang='lat' dir='ltr'><strong>voluntate</strong></span> <span class='ocrx_word' id='word_1_584' title='bbox 3500 1415 3554 1460; x_wconf 91' lang='lat' dir='ltr'><strong>et</strong></span> <span class='ocrx_word' id='word_1_585' title='bbox 3579 1407 3722 1461; x_wconf 88' lang='lat' dir='ltr'><strong>arbi-</strong></span> 
     </span>
    </p>
   </div>
   <div class='ocr_carea' id='block_1_74' title="bbox 2155 1479 3725 1567">
    <p class='ocr_par' dir='ltr' id='par_1_74' title="bbox 2155 1479 3725 1567">
     <span class='ocr_line' id='line_1_74' title="bbox 2155 1479 3725 1567; baseline 0.012 -35"><span class='ocrx_word' id='word_1_586' title='bbox 2155 1479 2256 1534; x_wconf 90' lang='lat' dir='ltr'><strong>trio</strong></span> <span class='ocrx_word' id='word_1_587' title='bbox 2281 1497 2450 1547; x_wconf 88' lang='lat' dir='ltr'><strong>sano,</strong></span> <span class='ocrx_word' id='word_1_588' title='bbox 2497 1495 2749 1554; x_wconf 89' lang='lat' dir='ltr'><strong>quantum</strong></span> <span class='ocrx_word' id='word_1_589' title='bbox 2795 1488 3040 1544; x_wconf 87' lang='lat' dir='ltr'><strong>humanis</strong></span> <span class='ocrx_word' id='word_1_590' title='bbox 3070 1492 3266 1548; x_wconf 85' lang='lat' dir='ltr'><strong>viribus</strong></span> <span class='ocrx_word' id='word_1_591' title='bbox 3310 1497 3517 1562; x_wconf 90' lang='lat' dir='ltr'><strong>potuit,</strong></span> <span class='ocrx_word' id='word_1_592' title='bbox 3565 1508 3725 1567; x_wconf 88' lang='lat' dir='ltr'><strong>utque</strong></span> 
     </span>
    </p>
   </div>
   <div class='ocr_carea' id='block_1_75' title="bbox 2152 1569 3722 1653">
    <p class='ocr_par' dir='ltr' id='par_1_75' title="bbox 2152 1569 3722 1653">
     <span class='ocr_line' id='line_1_75' title="bbox 2152 1569 3722 1653; baseline 0.013 -32"><span class='ocrx_word' id='word_1_593' title='bbox 2152 1569 2448 1625; x_wconf 85' lang='lat' dir='ltr'><strong>faciendum</strong></span> <span class='ocrx_word' id='word_1_594' title='bbox 2495 1578 2727 1642; x_wconf 88' lang='lat' dir='ltr'><strong>putavit,</strong></span> <span class='ocrx_word' id='word_1_595' title='bbox 2762 1577 2986 1634; x_wconf 86' lang='lat' dir='ltr'><strong>Domino</strong></span> <span class='ocrx_word' id='word_1_596' title='bbox 3015 1594 3109 1650; x_wconf 92' lang='lat' dir='ltr'><strong>per</strong></span> <span class='ocrx_word' id='word_1_597' title='bbox 3136 1582 3392 1638; x_wconf 56' lang='lat' dir='ltr'><strong>sacriﬁcia</strong></span> <span class='ocrx_word' id='word_1_598' title='bbox 3435 1587 3722 1653; x_wconf 86' lang='lat' dir='ltr'><strong>gratiarum</strong></span> 
     </span>
    </p>
   </div>
   <div class='ocr_carea' id='block_1_76' title="bbox 2151 1659 3722 1744">
    <p class='ocr_par' dir='ltr' id='par_1_76' title="bbox 2151 1659 3722 1744">
     <span class='ocr_line' id='line_1_76' title="bbox 2151 1659 3722 1744; baseline 0.011 -34"><span class='ocrx_word' id='word_1_599' title='bbox 2151 1659 2412 1714; x_wconf 88' lang='lat' dir='ltr'><strong>actionem</strong></span> <span class='ocrx_word' id='word_1_600' title='bbox 2442 1664 2641 1718; x_wconf 90' lang='lat' dir='ltr'><strong>retulit.</strong></span> <span class='ocrx_word' id='word_1_601' title='bbox 2663 1664 2729 1720; x_wconf 91' lang='lat' dir='ltr'><strong>Et</strong></span> <span class='ocrx_word' id='word_1_602' title='bbox 2758 1667 2876 1722; x_wconf 89' lang='lat' dir='ltr'><strong>vide</strong></span> <span class='ocrx_word' id='word_1_603' title='bbox 2903 1679 3097 1738; x_wconf 89' lang='lat' dir='ltr'><strong>quanta</strong></span> <span class='ocrx_word' id='word_1_604' title='bbox 3128 1671 3388 1741; x_wconf 79' lang='lat' dir='ltr'><strong>sapientia</strong></span> <span class='ocrx_word' id='word_1_605' title='bbox 3414 1677 3722 1744; x_wconf 75' lang='lat' dir='ltr'><strong>exsequitur</strong></span> 
     </span>
    </p>
   </div>
   <div class='ocr_carea' id='block_1_77' title="bbox 2149 1751 3719 1830">
    <p class='ocr_par' dir='ltr' id='par_1_77' title="bbox 2149 1751 3719 1830">
     <span class='ocr_line' id='line_1_77' title="bbox 2149 1751 3719 1830; baseline 0.01 -28"><span class='ocrx_word' id='word_1_606' title='bbox 2149 1751 2346 1804; x_wconf 89' lang='lat' dir='ltr'><strong>omnia.</strong></span> <span class='ocrx_word' id='word_1_607' title='bbox 2379 1752 2560 1822; x_wconf 77' lang='lat' dir='ltr'><strong>Neque</strong></span> <span class='ocrx_word' id='word_1_608' title='bbox 2582 1756 2722 1810; x_wconf 89' lang='lat' dir='ltr'><strong>enim</strong></span> <span class='ocrx_word' id='word_1_609' title='bbox 2753 1757 3032 1826; x_wconf 81' lang='lat' dir='ltr'><strong>splendido</strong></span> <span class='ocrx_word' id='word_1_610' title='bbox 3054 1774 3190 1830; x_wconf 85' lang='lat' dir='ltr'><strong>opus</strong></span> <span class='ocrx_word' id='word_1_611' title='bbox 3221 1761 3443 1817; x_wconf 89' lang='lat' dir='ltr'><strong>habebat</strong></span> <span class='ocrx_word' id='word_1_612' title='bbox 3473 1764 3719 1829; x_wconf 68' lang='lat' dir='ltr'><strong>aedilicio,</strong></span> 
     </span>
    </p>
   </div>
   <div class='ocr_carea' id='block_1_78' title="bbox 2151 1843 3720 1920">
    <p class='ocr_par' dir='ltr' id='par_1_78' title="bbox 2151 1843 3720 1920">
     <span class='ocr_line' id='line_1_78' title="bbox 2151 1843 3720 1920; baseline 0.01 -28"><span class='ocrx_word' id='word_1_613' title='bbox 2151 1854 2323 1909; x_wconf 90' lang='lat' dir='ltr'><strong>neque</strong></span> <span class='ocrx_word' id='word_1_614' title='bbox 2379 1843 2609 1912; x_wconf 91' lang='lat' dir='ltr'><strong>templo,</strong></span> <span class='ocrx_word' id='word_1_615' title='bbox 2667 1861 2844 1916; x_wconf 85' lang='lat' dir='ltr'><strong>neque</strong></span> <span class='ocrx_word' id='word_1_616' title='bbox 2895 1847 3054 1902; x_wconf 91' lang='lat' dir='ltr'><strong>domo</strong></span> <span class='ocrx_word' id='word_1_617' title='bbox 3103 1850 3348 1920; x_wconf 82' lang='lat' dir='ltr'><strong>quapiam</strong></span> <span class='ocrx_word' id='word_1_618' title='bbox 3397 1852 3720 1914; x_wconf 77' lang='lat' dir='ltr'><strong>admirabili,</strong></span> 
     </span>
    </p>
   </div>
   <div class='ocr_carea' id='block_1_79' title="bbox 2149 1932 3717 2012">
    <p class='ocr_par' dir='ltr' id='par_1_79' title="bbox 2149 1932 3717 2012">
     <span class='ocr_line' id='line_1_79' title="bbox 2149 1932 3717 2012; baseline 0.01 -31"><span class='ocrx_word' id='word_1_619' title='bbox 2149 1943 2322 1999; x_wconf 87' lang='lat' dir='ltr'><strong>neque</strong></span> <span class='ocrx_word' id='word_1_620' title='bbox 2343 1932 2450 1985; x_wconf 91' lang='lat' dir='ltr'><strong>alio</strong></span> <span class='ocrx_word' id='word_1_621' title='bbox 2475 1935 2662 2002; x_wconf 87' lang='lat' dir='ltr'><strong>quovis</strong></span> <span class='ocrx_word' id='word_1_622' title='bbox 2694 1953 2706 1988; x_wconf 89' lang='lat'><strong>:</strong></span> <span class='ocrx_word' id='word_1_623' title='bbox 2738 1937 2941 1992; x_wconf 84' lang='lat' dir='ltr'><strong>sciebat</strong></span> <span class='ocrx_word' id='word_1_624' title='bbox 2968 1939 3108 1993; x_wconf 91' lang='lat' dir='ltr'><strong>enim</strong></span> <span class='ocrx_word' id='word_1_625' title='bbox 3132 1981 3146 2006; x_wconf 95' lang='lat'><strong>,</strong></span> <span class='ocrx_word' id='word_1_626' title='bbox 3174 1941 3376 1996; x_wconf 85' lang='lat' dir='ltr'><strong>sciebat</strong></span> <span class='ocrx_word' id='word_1_627' title='bbox 3405 1943 3584 2012; x_wconf 92' lang='lat' dir='ltr'><strong>utique</strong></span> <span class='ocrx_word' id='word_1_628' title='bbox 3610 1943 3717 1996; x_wconf 82' lang='lat' dir='ltr'><strong>Do-</strong></span> 
     </span>
    </p>
   </div>
   <div class='ocr_carea' id='block_1_80' title="bbox 2146 2022 3716 2099">
    <p class='ocr_par' dir='ltr' id='par_1_80' title="bbox 2146 2022 3716 2099">
     <span class='ocr_line' id='line_1_80' title="bbox 2146 2022 3716 2099; baseline 0.006 -24"><span class='ocrx_word' id='word_1_629' title='bbox 2146 2022 2348 2076; x_wconf 91' lang='lat' dir='ltr'><strong>minum</strong></span> <span class='ocrx_word' id='word_1_630' title='bbox 2389 2035 2621 2080; x_wconf 89' lang='lat' dir='ltr'><strong>mentem</strong></span> <span class='ocrx_word' id='word_1_631' title='bbox 2656 2027 2822 2082; x_wconf 88' lang='lat' dir='ltr'><strong>solam</strong></span> <span class='ocrx_word' id='word_1_632' title='bbox 2865 2029 3170 2099; x_wconf 86' lang='lat' dir='ltr'><strong>requirere;</strong></span> <span class='ocrx_word' id='word_1_633' title='bbox 3217 2041 3275 2087; x_wconf 91' lang='lat' dir='ltr'><strong>et</strong></span> <span class='ocrx_word' id='word_1_634' title='bbox 3316 2043 3588 2088; x_wconf 77' lang='lat' dir='ltr'><strong>exstructo</strong></span> <span class='ocrx_word' id='word_1_635' title='bbox 3632 2045 3716 2088; x_wconf 79' lang='lat' dir='ltr'><strong>tu-</strong></span> 
     </span>
    </p>
   </div>
   <div class='ocr_carea' id='block_1_81' title="bbox 2145 2113 3714 2195">
    <p class='ocr_par' dir='ltr' id='par_1_81' title="bbox 2145 2113 3714 2195">
     <span class='ocr_line' id='line_1_81' title="bbox 2145 2113 3714 2195; baseline 0.01 -30"><span class='ocrx_word' id='word_1_636' title='bbox 2145 2113 2425 2168; x_wconf 88' lang='lat' dir='ltr'><strong>multuaria</strong></span> <span class='ocrx_word' id='word_1_637' title='bbox 2466 2129 2627 2184; x_wconf 88' lang='lat' dir='ltr'><strong>opera</strong></span> <span class='ocrx_word' id='word_1_638' title='bbox 2669 2117 2859 2185; x_wconf 91' lang='lat' dir='ltr'><strong>altari,</strong></span> <span class='ocrx_word' id='word_1_639' title='bbox 2900 2135 3020 2174; x_wconf 91' lang='lat' dir='ltr'><strong>cum</strong></span> <span class='ocrx_word' id='word_1_640' title='bbox 3063 2123 3356 2191; x_wconf 86' lang='lat' dir='ltr'><strong>accepisset</strong></span> <span class='ocrx_word' id='word_1_641' title='bbox 3381 2125 3623 2195; x_wconf 67' lang='lat' dir='ltr'><strong>quaedam</strong></span> <span class='ocrx_word' id='word_1_642' title='bbox 3651 2144 3714 2182; x_wconf 79' lang='lat' dir='ltr'><strong>es</strong></span> 
     </span>
    </p>
   </div>
   <div class='ocr_carea' id='block_1_82' title="bbox 2144 2205 3702 2283">
    <p class='ocr_par' dir='ltr' id='par_1_82' title="bbox 2144 2205 3702 2283">
     <span class='ocr_line' id='line_1_82' title="bbox 2144 2205 3702 2283; baseline 0.008 -26"><span class='ocrx_word' id='word_1_643' title='bbox 2144 2205 2459 2260; x_wconf 88' lang='lat' dir='ltr'><strong>animalibus</strong></span> <span class='ocrx_word' id='word_1_644' title='bbox 2486 2207 2696 2263; x_wconf 89' lang='lat' dir='ltr'><strong>mundis</strong></span> <span class='ocrx_word' id='word_1_645' title='bbox 2719 2249 2734 2272; x_wconf 87' lang='lat'><strong>,</strong></span> <span class='ocrx_word' id='word_1_646' title='bbox 2780 2219 2836 2265; x_wconf 91' lang='lat' dir='ltr'><strong>et</strong></span> <span class='ocrx_word' id='word_1_647' title='bbox 2871 2226 2937 2265; x_wconf 79' lang='lat' dir='ltr'><strong>ex</strong></span> <span class='ocrx_word' id='word_1_648' title='bbox 2979 2212 3164 2267; x_wconf 87' lang='lat' dir='ltr'><strong>avibus</strong></span> <span class='ocrx_word' id='word_1_649' title='bbox 3188 2215 3435 2283; x_wconf 87' lang='lat' dir='ltr'><strong>mundis,</strong></span> <span class='ocrx_word' id='word_1_650' title='bbox 3463 2215 3702 2272; x_wconf 85' lang='lat' dir='ltr'><strong>holocau-</strong></span> 
     </span>
    </p>
   </div>
   <div class='ocr_carea' id='block_1_83' title="bbox 2145 2295 3716 2375">
    <p class='ocr_par' dir='ltr' id='par_1_83' title="bbox 2145 2295 3716 2375">
     <span class='ocr_line' id='line_1_83' title="bbox 2145 2295 3716 2375; baseline 0.007 -28"><span class='ocrx_word' id='word_1_651' title='bbox 2145 2302 2285 2348; x_wconf 89' lang='lat' dir='ltr'><strong>stum</strong></span> <span class='ocrx_word' id='word_1_652' title='bbox 2321 2295 2547 2363; x_wconf 92' lang='lat' dir='ltr'><strong>obtulit,</strong></span> <span class='ocrx_word' id='word_1_653' title='bbox 2595 2307 2906 2369; x_wconf 86' lang='lat' dir='ltr'><strong>gratamque</strong></span> <span class='ocrx_word' id='word_1_654' title='bbox 2953 2316 3103 2356; x_wconf 89' lang='lat' dir='ltr'><strong>suam</strong></span> <span class='ocrx_word' id='word_1_655' title='bbox 3151 2303 3476 2360; x_wconf 81' lang='lat' dir='ltr'><strong>voluntatem</strong></span> <span class='ocrx_word' id='word_1_656' title='bbox 3522 2315 3716 2375; x_wconf 83' lang='lat' dir='ltr'><strong>quanta</strong></span> 
     </span>
    </p>
   </div>
   <div class='ocr_carea' id='block_1_84' title="bbox 2145 2385 3716 2464">
    <p class='ocr_par' dir='ltr' id='par_1_84' title="bbox 2145 2385 3716 2464">
     <span class='ocr_line' id='line_1_84' title="bbox 2145 2385 3716 2464; baseline 0.008 -26"><span class='ocrx_word' id='word_1_657' title='bbox 2145 2385 2313 2454; x_wconf 91' lang='lat' dir='ltr'><strong>potuit</strong></span> <span class='ocrx_word' id='word_1_658' title='bbox 2355 2388 2601 2444; x_wconf 81' lang='lat' dir='ltr'><strong>facultate</strong></span> <span class='ocrx_word' id='word_1_659' title='bbox 2640 2391 2914 2446; x_wconf 86' lang='lat' dir='ltr'><strong>ostendit:</strong></span> <span class='ocrx_word' id='word_1_660' title='bbox 2954 2408 3110 2462; x_wconf 91' lang='lat' dir='ltr'><strong>quam</strong></span> <span class='ocrx_word' id='word_1_661' title='bbox 3161 2395 3462 2464; x_wconf 79' lang='lat' dir='ltr'><strong>approbatis</strong></span> <span class='ocrx_word' id='word_1_662' title='bbox 3508 2398 3716 2452; x_wconf 89' lang='lat' dir='ltr'><strong>miseri-</strong></span> 
     </span>
    </p>
   </div>
   <div class='ocr_carea' id='block_1_85' title="bbox 2142 2476 3715 2548">
    <p class='ocr_par' dir='ltr' id='par_1_85' title="bbox 2142 2476 3715 2548">
     <span class='ocr_line' id='line_1_85' title="bbox 2142 2476 3715 2548; baseline 0.007 -19"><span class='ocrx_word' id='word_1_663' title='bbox 2142 2488 2263 2530; x_wconf 90' lang='lat' dir='ltr'><strong>cors</strong></span> <span class='ocrx_word' id='word_1_664' title='bbox 2285 2476 2424 2531; x_wconf 91' lang='lat' dir='ltr'><strong>Deus</strong></span> <span class='ocrx_word' id='word_1_665' title='bbox 2451 2487 2506 2533; x_wconf 92' lang='lat' dir='ltr'><strong>et</strong></span> <span class='ocrx_word' id='word_1_666' title='bbox 2532 2480 2855 2536; x_wconf 90' lang='lat' dir='ltr'><strong>voluntatem</strong></span> <span class='ocrx_word' id='word_1_667' title='bbox 2889 2485 3163 2538; x_wconf 87' lang='lat' dir='ltr'><strong>coronavit</strong></span> <span class='ocrx_word' id='word_1_668' title='bbox 3186 2526 3201 2548; x_wconf 93' lang='lat'><strong>,</strong></span> <span class='ocrx_word' id='word_1_669' title='bbox 3246 2495 3300 2538; x_wconf 87' lang='lat' dir='ltr'><strong>ct</strong></span> <span class='ocrx_word' id='word_1_670' title='bbox 3341 2487 3535 2542; x_wconf 86' lang='lat' dir='ltr'><strong>iterum</strong></span> <span class='ocrx_word' id='word_1_671' title='bbox 3564 2503 3715 2541; x_wconf 85' lang='lat' dir='ltr'><strong>suam</strong></span> 
     </span>
    </p>
   </div>
   <div class='ocr_carea' id='block_1_86' title="bbox 2143 2566 3715 2640">
    <p class='ocr_par' dir='ltr' id='par_1_86' title="bbox 2143 2566 3715 2640">
     <span class='ocr_line' id='line_1_86' title="bbox 2143 2566 3715 2640; baseline 0.006 -19"><span class='ocrx_word' id='word_1_672' title='bbox 2143 2566 2509 2624; x_wconf 87' lang='lat' dir='ltr'><strong>liberalitatem</strong></span> <span class='ocrx_word' id='word_1_673' title='bbox 2537 2585 2663 2640; x_wconf 88' lang='lat' dir='ltr'><strong>erga</strong></span> <span class='ocrx_word' id='word_1_674' title='bbox 2692 2571 2840 2626; x_wconf 90' lang='lat' dir='ltr'><strong>illum</strong></span> <span class='ocrx_word' id='word_1_675' title='bbox 2869 2573 3176 2630; x_wconf 87' lang='lat' dir='ltr'><strong>declaravit.</strong></span> <span class='ocrx_word' id='word_1_676' title='bbox 3228 2576 3363 2630; x_wconf 87' lang='lat' dir='ltr'><strong>Dicit</strong></span> <span class='ocrx_word' id='word_1_677' title='bbox 3396 2579 3538 2632; x_wconf 90' lang='lat' dir='ltr'><strong>enim</strong></span> <span class='ocrx_word' id='word_1_678' title='bbox 3569 2577 3715 2632; x_wconf 84' lang='lat' dir='ltr'><strong>Scri-</strong></span> 
     </span>
    </p>
   </div>
   <div class='ocr_carea' id='block_1_87' title="bbox 2145 2660 3713 2738">
    <p class='ocr_par' dir='ltr' id='par_1_87' title="bbox 2145 2660 3713 2738">
     <span class='ocr_line' id='line_1_87' title="bbox 2145 2660 3713 2738; baseline 0.004 -24"><span class='ocrx_word' id='word_1_679' title='bbox 2145 2669 2295 2728; x_wconf 87' lang='lat' dir='ltr'><strong>ptura</strong></span> <span class='ocrx_word' id='word_1_680' title='bbox 2329 2678 2344 2714; x_wconf 88' lang='lat'><strong>:</strong></span> <span class='ocrx_word' id='word_1_681' title='bbox 2382 2660 2472 2716; x_wconf 73' lang='lat' dir='ltr'><strong>2L</strong></span> <span class='ocrx_word' id='word_1_682' title='bbox 2504 2662 2570 2715; x_wconf 86' lang='lat' dir='ltr'><strong>Et</strong></span> <span class='ocrx_word' id='word_1_683' title='bbox 2607 2663 2845 2718; x_wconf 81' lang='lat' dir='ltr'><strong>odoratus</strong></span> <span class='ocrx_word' id='word_1_684' title='bbox 2873 2675 2944 2718; x_wconf 75' lang='lat' dir='ltr'><strong>est</strong></span> <span class='ocrx_word' id='word_1_685' title='bbox 2971 2664 3217 2720; x_wconf 80' lang='lat' dir='ltr'><strong>Dominus</strong></span> <span class='ocrx_word' id='word_1_686' title='bbox 3243 2667 3446 2721; x_wconf 83' lang='lat' dir='ltr'><strong>odorem</strong></span> <span class='ocrx_word' id='word_1_687' title='bbox 3475 2672 3713 2738; x_wconf 82' lang='lat' dir='ltr'><strong>fragran-</strong></span> 
     </span>
    </p>
   </div>
   <div class='ocr_carea' id='block_1_88' title="bbox 2142 2750 3711 2822">
    <p class='ocr_par' dir='ltr' id='par_1_88' title="bbox 2142 2750 3711 2822">
     <span class='ocr_line' id='line_1_88' title="bbox 2142 2750 3711 2822; baseline 0.007 -21"><span class='ocrx_word' id='word_1_688' title='bbox 2142 2750 2244 2802; x_wconf 79' lang='lat' dir='ltr'><strong>tite.</strong></span> <span class='ocrx_word' id='word_1_689' title='bbox 2302 2750 2430 2806; x_wconf 77' lang='lat' dir='ltr'><strong>Vide</strong></span> <span class='ocrx_word' id='word_1_690' title='bbox 2476 2753 2742 2822; x_wconf 88' lang='lat' dir='ltr'><strong>quomodo</strong></span> <span class='ocrx_word' id='word_1_691' title='bbox 2787 2755 2995 2809; x_wconf 90' lang='lat' dir='ltr'><strong>animus</strong></span> <span class='ocrx_word' id='word_1_692' title='bbox 3043 2756 3315 2812; x_wconf 70' lang='lat' dir='ltr'><strong>offerentis</strong></span> <span class='ocrx_word' id='word_1_693' title='bbox 3369 2758 3610 2820; x_wconf 85' lang='lat' dir='ltr'><strong>fumum,</strong></span> <span class='ocrx_word' id='word_1_694' title='bbox 3658 2770 3711 2814; x_wconf 93' lang='lat' dir='ltr'><strong>ct</strong></span> 
     </span>
    </p>
   </div>
   <div class='ocr_carea' id='block_1_89' title="bbox 2143 2841 3709 2916">
    <p class='ocr_par' dir='ltr' id='par_1_89' title="bbox 2143 2841 3709 2916">
     <span class='ocr_line' id='line_1_89' title="bbox 2143 2841 3709 2916; baseline 0.005 -22"><span class='ocrx_word' id='word_1_695' title='bbox 2143 2841 2382 2897; x_wconf 90' lang='lat' dir='ltr'><strong>nidorem</strong></span> <span class='ocrx_word' id='word_1_696' title='bbox 2408 2884 2422 2908; x_wconf 95' lang='lat'><strong>,</strong></span> <span class='ocrx_word' id='word_1_697' title='bbox 2461 2852 2516 2898; x_wconf 94' lang='lat' dir='ltr'><strong>et</strong></span> <span class='ocrx_word' id='word_1_698' title='bbox 2539 2859 2750 2900; x_wconf 90' lang='lat' dir='ltr'><strong>omnem</strong></span> <span class='ocrx_word' id='word_1_699' title='bbox 2778 2862 2897 2916; x_wconf 66' lang='lat' dir='ltr'><strong>quae</strong></span> <span class='ocrx_word' id='word_1_700' title='bbox 2927 2849 3048 2902; x_wconf 91' lang='lat' dir='ltr'><strong>inde</strong></span> <span class='ocrx_word' id='word_1_701' title='bbox 3079 2850 3314 2903; x_wconf 85' lang='lat' dir='ltr'><strong>nascitur</strong></span> <span class='ocrx_word' id='word_1_702' title='bbox 3338 2850 3709 2904; x_wconf 86' lang='lat' dir='ltr'><strong>insuavitateut</strong></span> 
     </span>
    </p>
   </div>
   <div class='ocr_carea' id='block_1_90' title="bbox 2141 2931 3714 3006">
    <p class='ocr_par' dir='ltr' id='par_1_90' title="bbox 2141 2931 3714 3006">
     <span class='ocr_line' id='line_1_90' title="bbox 2141 2931 3714 3006; baseline 0.006 -22"><span class='ocrx_word' id='word_1_703' title='bbox 2141 2931 2303 2986; x_wconf 86' lang='lat' dir='ltr'><strong>multa</strong></span> <span class='ocrx_word' id='word_1_704' title='bbox 2334 2932 2618 3002; x_wconf 89' lang='lat' dir='ltr'><strong>fragrantia</strong></span> <span class='ocrx_word' id='word_1_705' title='bbox 2647 2936 2900 3006; x_wconf 89' lang='lat' dir='ltr'><strong>implevit.</strong></span> <span class='ocrx_word' id='word_1_706' title='bbox 2947 2939 3146 2994; x_wconf 83' lang='lat' dir='ltr'><strong>idcirco</strong></span> <span class='ocrx_word' id='word_1_707' title='bbox 3175 2951 3228 2996; x_wconf 90' lang='lat' dir='ltr'><strong>et</strong></span> <span class='ocrx_word' id='word_1_708' title='bbox 3253 2940 3447 2996; x_wconf 82' lang='lat' dir='ltr'><strong>Paulus</strong></span> <span class='ocrx_word' id='word_1_709' title='bbox 3475 2941 3714 2996; x_wconf 85' lang='lat' dir='ltr'><strong>scribens</strong></span> 
     </span>
    </p>
   </div>
   <div class='ocr_carea' id='block_1_91' title="bbox 2138 3021 3712 3100">
    <p class='ocr_par' dir='ltr' id='par_1_91' title="bbox 2138 3021 3712 3100">
     <span class='ocr_line' id='line_1_91' title="bbox 2138 3021 3712 3100; baseline 0.005 -24"><span class='ocrx_word' id='word_1_710' title='bbox 2138 3021 2349 3077; x_wconf 83' lang='lat' dir='ltr'><strong>dicebat</strong></span> <span class='ocrx_word' id='word_1_711' title='bbox 2378 3040 2392 3077; x_wconf 90' lang='lat'><strong>:</strong></span> <span class='ocrx_word' id='word_1_712' title='bbox 2420 3022 2594 3079; x_wconf 84' lang='lat' dir='ltr'><strong>Bonus</strong></span> <span class='ocrx_word' id='word_1_713' title='bbox 2621 3027 2746 3080; x_wconf 84' lang='lat' dir='ltr'><strong>odor</strong></span> <span class='ocrx_word' id='word_1_714' title='bbox 2772 3027 2957 3082; x_wconf 80' lang='lat' dir='ltr'><strong>Citriin</strong></span> <span class='ocrx_word' id='word_1_715' title='bbox 2987 3045 3162 3083; x_wconf 87' lang='lat' dir='ltr'><strong>sumus</strong></span> <span class='ocrx_word' id='word_1_716' title='bbox 3186 3072 3201 3098; x_wconf 94' lang='lat'><strong>,</strong></span> <span class='ocrx_word' id='word_1_717' title='bbox 3233 3033 3286 3084; x_wconf 83' lang='lat' dir='ltr'><strong>in</strong></span> <span class='ocrx_word' id='word_1_718' title='bbox 3311 3032 3372 3085; x_wconf 91' lang='lat' dir='ltr'><strong>iis</strong></span> <span class='ocrx_word' id='word_1_719' title='bbox 3395 3032 3479 3100; x_wconf 85' lang='lat' dir='ltr'><strong>qui</strong></span> <span class='ocrx_word' id='word_1_720' title='bbox 3505 3033 3712 3086; x_wconf 76' lang='lat' dir='ltr'><strong>salvan-</strong></span> 
     </span>
    </p>
   </div>
   <div class='ocr_carea' id='block_1_92' title="bbox 2141 3115 3714 3190">
    <p class='ocr_par' dir='ltr' id='par_1_92' title="bbox 2141 3115 3714 3190">
     <span class='ocr_line' id='line_1_92' title="bbox 2141 3115 3714 3190; baseline 0.006 -24"><span class='ocrx_word' id='word_1_721' title='bbox 2141 3124 2256 3180; x_wconf 86' lang='lat' dir='ltr'><strong>tur,</strong></span> <span class='ocrx_word' id='word_1_722' title='bbox 2296 3125 2342 3169; x_wconf 87' lang='lat' dir='ltr'><strong>et</strong></span> <span class='ocrx_word' id='word_1_723' title='bbox 2382 3115 2434 3169; x_wconf 83' lang='lat' dir='ltr'><strong>in</strong></span> <span class='ocrx_word' id='word_1_724' title='bbox 2465 3117 2527 3170; x_wconf 83' lang='lat' dir='ltr'><strong>iis</strong></span> <span class='ocrx_word' id='word_1_725' title='bbox 2553 3118 2640 3186; x_wconf 82' lang='lat' dir='ltr'><strong>qui</strong></span> <span class='ocrx_word' id='word_1_726' title='bbox 2670 3130 2873 3187; x_wconf 87' lang='lat' dir='ltr'><strong>pereunt</strong></span> <span class='ocrx_word' id='word_1_727' title='bbox 2901 3135 2920 3173; x_wconf 90' lang='lat'><strong><em>:</em></strong></span> <span class='ocrx_word' id='word_1_728' title='bbox 2957 3131 3002 3174; x_wconf 89' lang='lat' dir='ltr'><strong>et</strong></span> <span class='ocrx_word' id='word_1_729' title='bbox 3044 3123 3106 3176; x_wconf 87' lang='lat' dir='ltr'><strong>iis</strong></span> <span class='ocrx_word' id='word_1_730' title='bbox 3146 3124 3346 3190; x_wconf 83' lang='lat' dir='ltr'><strong>quidem</strong></span> <span class='ocrx_word' id='word_1_731' title='bbox 3383 3124 3511 3177; x_wconf 82' lang='lat' dir='ltr'><strong>odor</strong></span> <span class='ocrx_word' id='word_1_732' title='bbox 3539 3125 3714 3178; x_wconf 87' lang='lat' dir='ltr'><strong>mortis</strong></span> 
     </span>
    </p>
   </div>
   <div class='ocr_carea' id='block_1_93' title="bbox 2139 3208 3708 3284">
    <p class='ocr_par' dir='ltr' id='par_1_93' title="bbox 2139 3208 3708 3284">
     <span class='ocr_line' id='line_1_93' title="bbox 2139 3208 3708 3284; baseline 0.004 -25"><span class='ocrx_word' id='word_1_733' title='bbox 2139 3208 2191 3260; x_wconf 86' lang='lat' dir='ltr'><strong>in</strong></span> <span class='ocrx_word' id='word_1_734' title='bbox 2219 3217 2448 3272; x_wconf 86' lang='lat' dir='ltr'><strong>mortem,</strong></span> <span class='ocrx_word' id='word_1_735' title='bbox 2477 3208 2579 3263; x_wconf 82' lang='lat' dir='ltr'><strong>illis</strong></span> <span class='ocrx_word' id='word_1_736' title='bbox 2602 3219 2770 3263; x_wconf 88' lang='lat' dir='ltr'><strong>autem</strong></span> <span class='ocrx_word' id='word_1_737' title='bbox 2796 3211 2921 3264; x_wconf 82' lang='lat' dir='ltr'><strong>odor</strong></span> <span class='ocrx_word' id='word_1_738' title='bbox 2947 3213 3058 3266; x_wconf 83' lang='lat' dir='ltr'><strong>vitte</strong></span> <span class='ocrx_word' id='word_1_739' title='bbox 3080 3215 3131 3265; x_wconf 84' lang='lat' dir='ltr'><strong>in</strong></span> <span class='ocrx_word' id='word_1_740' title='bbox 3158 3215 3326 3267; x_wconf 82' lang='lat' dir='ltr'><strong>vitam.</strong></span> <span class='ocrx_word' id='word_1_741' title='bbox 3355 3214 3573 3268; x_wconf 83' lang='lat' dir='ltr'><strong>Odorem</strong></span> <span class='ocrx_word' id='word_1_742' title='bbox 3600 3219 3708 3284; x_wconf 78' lang='lat' dir='ltr'><strong>fra-</strong></span> 
     </span>
    </p>
   </div>
   <div class='ocr_carea' id='block_1_94' title="bbox 2138 3299 2872 3370">
    <p class='ocr_par' dir='ltr' id='par_1_94' title="bbox 2138 3299 2872 3370">
     <span class='ocr_line' id='line_1_94' title="bbox 2138 3299 2872 3370; baseline 0.003 -21"><span class='ocrx_word' id='word_1_743' title='bbox 2138 3299 2384 3368; x_wconf 75' lang='lat' dir='ltr'><strong>grantita&#39;</strong></span> <span class='ocrx_word' id='word_1_744' title='bbox 2415 3299 2490 3370; x_wconf 74' lang='lat'><strong>(2.</strong></span> <span class='ocrx_word' id='word_1_745' title='bbox 2522 3299 2641 3353; x_wconf 82' lang='lat' dir='ltr'><strong>Cor.</strong></span> <span class='ocrx_word' id='word_1_746' title='bbox 2673 3299 2728 3354; x_wconf 73' lang='lat'><strong>2.</strong></span> <span class='ocrx_word' id='word_1_747' title='bbox 2758 3301 2872 3370; x_wconf 74' lang='grc'><strong>15.)</strong></span> 
     </span>
    </p>
   </div>
   <div class='ocr_carea' id='block_1_95' title="bbox 2209 3390 3711 3467">
    <p class='ocr_par' dir='ltr' id='par_1_95' title="bbox 2209 3390 3711 3467">
     <span class='ocr_line' id='line_1_95' title="bbox 2209 3390 3711 3467; baseline 0.003 -22"><span class='ocrx_word' id='word_1_748' title='bbox 2209 3391 2312 3445; x_wconf 79' lang='lat' dir='ltr'><strong>Cur</strong></span> <span class='ocrx_word' id='word_1_749' title='bbox 2339 3390 2475 3444; x_wconf 87' lang='lat' dir='ltr'><strong>Deus</strong></span> <span class='ocrx_word' id='word_1_750' title='bbox 2501 3393 2753 3460; x_wconf 79' lang='lat' dir='ltr'><strong>sacriﬁcia</strong></span> <span class='ocrx_word' id='word_1_751' title='bbox 2781 3395 3014 3464; x_wconf 75' lang='lat' dir='ltr'><strong>exegerit.</strong></span> <span class='ocrx_word' id='word_1_752' title='bbox 3042 3394 3361 3451; x_wconf 85' lang='lat' dir='ltr'><strong>Circumcisio</strong></span> <span class='ocrx_word' id='word_1_753' title='bbox 3391 3398 3518 3450; x_wconf 86' lang='lat' dir='ltr'><strong>nihil</strong></span> <span class='ocrx_word' id='word_1_754' title='bbox 3559 3400 3711 3467; x_wconf 67' lang='lat' dir='ltr'><strong>perﬁ-</strong></span> 
     </span>
    </p>
   </div>
   <div class='ocr_carea' id='block_1_96' title="bbox 2138 3483 3708 3560">
    <p class='ocr_par' dir='ltr' id='par_1_96' title="bbox 2138 3483 3708 3560">
     <span class='ocr_line' id='line_1_96' title="bbox 2138 3483 3708 3560; baseline 0.004 -24"><span class='ocrx_word' id='word_1_755' title='bbox 2138 3499 2248 3536; x_wconf 79' lang='lat' dir='ltr'><strong>cere</strong></span> <span class='ocrx_word' id='word_1_756' title='bbox 2273 3492 2433 3552; x_wconf 81' lang='lat' dir='ltr'><strong>potest</strong></span> <span class='ocrx_word' id='word_1_757' title='bbox 2457 3483 2526 3535; x_wconf 85' lang='lat' dir='ltr'><strong>ad</strong></span> <span class='ocrx_word' id='word_1_758' title='bbox 2549 3485 2779 3560; x_wconf 83' lang='lat' dir='ltr'><strong>salutem.</strong></span> <span class='ocrx_word' id='word_1_759' title='bbox 2813 3515 2886 3524; x_wconf 94' lang='lat'><strong><em>—</em></strong></span> <span class='ocrx_word' id='word_1_760' title='bbox 2935 3485 3011 3540; x_wconf 86' lang='lat' dir='ltr'><strong>Ne</strong></span> <span class='ocrx_word' id='word_1_761' title='bbox 3039 3486 3325 3542; x_wconf 88' lang='lat' dir='ltr'><strong>oll&#39;cndaris</strong></span> <span class='ocrx_word' id='word_1_762' title='bbox 3365 3488 3529 3542; x_wconf 86' lang='lat' dir='ltr'><strong>verbo</strong></span> <span class='ocrx_word' id='word_1_763' title='bbox 3568 3503 3708 3543; x_wconf 72' lang='lat' dir='ltr'><strong>crus-</strong></span> 
     </span>
    </p>
   </div>
   <div class='ocr_carea' id='block_1_97' title="bbox 2139 3574 3705 3647">
    <p class='ocr_par' dir='ltr' id='par_1_97' title="bbox 2139 3574 3705 3647">
     <span class='ocr_line' id='line_1_97' title="bbox 2139 3574 3705 3647; baseline 0.002 -19"><span class='ocrx_word' id='word_1_764' title='bbox 2139 3575 2278 3630; x_wconf 91' lang='lat' dir='ltr'><strong>siore</strong></span> <span class='ocrx_word' id='word_1_765' title='bbox 2307 3589 2324 3626; x_wconf 90' lang='lat'><strong>:</strong></span> <span class='ocrx_word' id='word_1_766' title='bbox 2352 3574 2444 3630; x_wconf 89' lang='lat' dir='ltr'><strong>sed</strong></span> <span class='ocrx_word' id='word_1_767' title='bbox 2475 3574 2633 3645; x_wconf 83' lang='lat' dir='ltr'><strong>hujus</strong></span> <span class='ocrx_word' id='word_1_768' title='bbox 2660 3577 2802 3630; x_wconf 89' lang='lat' dir='ltr'><strong>verbi</strong></span> <span class='ocrx_word' id='word_1_769' title='bbox 2849 3587 3250 3647; x_wconf 79' lang='lat' dir='ltr'><strong>attemperatam</strong></span> <span class='ocrx_word' id='word_1_770' title='bbox 3298 3581 3555 3634; x_wconf 80' lang='lat' dir='ltr'><strong>rationem</strong></span> <span class='ocrx_word' id='word_1_771' title='bbox 3607 3593 3705 3634; x_wconf 70' lang='lat' dir='ltr'><strong>tun-</strong></span> 
     </span>
    </p>
   </div>
   <div class='ocr_carea' id='block_1_98' title="bbox 2139 3667 3708 3743">
    <p class='ocr_par' dir='ltr' id='par_1_98' title="bbox 2139 3667 3708 3743">
     <span class='ocr_line' id='line_1_98' title="bbox 2139 3667 3708 3743; baseline 0.003 -21"><span class='ocrx_word' id='word_1_772' title='bbox 2139 3667 2430 3723; x_wconf 90' lang='lat' dir='ltr'><strong>inﬁrmitati</strong></span> <span class='ocrx_word' id='word_1_773' title='bbox 2457 3667 3019 3740; x_wconf 87' lang='lat' dir='ltr'><strong>adscribensiutellige</strong></span> <span class='ocrx_word' id='word_1_774' title='bbox 3047 3671 3188 3737; x_wconf 90' lang='lat' dir='ltr'><strong>hinc,</strong></span> <span class='ocrx_word' id='word_1_775' title='bbox 3238 3683 3506 3743; x_wconf 83' lang='lat' dir='ltr'><strong>acceptam</strong></span> <span class='ocrx_word' id='word_1_776' title='bbox 3549 3673 3708 3727; x_wconf 82' lang='lat' dir='ltr'><strong>fuisse</strong></span> 
     </span>
    </p>
   </div>
   <div class='ocr_carea' id='block_1_99' title="bbox 2140 3760 3710 3836">
    <p class='ocr_par' dir='ltr' id='par_1_99' title="bbox 2140 3760 3710 3836">
     <span class='ocr_line' id='line_1_99' title="bbox 2140 3760 3710 3836; baseline 0.004 -22"><span class='ocrx_word' id='word_1_777' title='bbox 2140 3760 2252 3816; x_wconf 90' lang='lat' dir='ltr'><strong>Deo</strong></span> <span class='ocrx_word' id='word_1_778' title='bbox 2277 3761 2598 3816; x_wconf 88' lang='lat' dir='ltr'><strong>oblationem</strong></span> <span class='ocrx_word' id='word_1_779' title='bbox 2643 3762 2792 3832; x_wconf 85' lang='lat' dir='ltr'><strong>justi.</strong></span> <span class='ocrx_word' id='word_1_780' title='bbox 2845 3762 2915 3817; x_wconf 90' lang='lat' dir='ltr'><strong>Ut</strong></span> <span class='ocrx_word' id='word_1_781' title='bbox 2937 3763 3076 3818; x_wconf 90' lang='lat' dir='ltr'><strong>enim</strong></span> <span class='ocrx_word' id='word_1_782' title='bbox 3115 3779 3210 3834; x_wconf 91' lang='lat' dir='ltr'><strong>per</strong></span> <span class='ocrx_word' id='word_1_783' title='bbox 3236 3779 3324 3820; x_wconf 88' lang='lat' dir='ltr'><strong>res</strong></span> <span class='ocrx_word' id='word_1_784' title='bbox 3345 3765 3486 3836; x_wconf 88' lang='lat' dir='ltr'><strong>ipsas</strong></span> <span class='ocrx_word' id='word_1_785' title='bbox 3512 3764 3710 3820; x_wconf 80' lang='lat' dir='ltr'><strong>scintnr</strong></span> 
     </span>
    </p>
   </div>
   <div class='ocr_carea' id='block_1_100' title="bbox 2140 3851 3708 3926">
    <p class='ocr_par' dir='ltr' id='par_1_100' title="bbox 2140 3851 3708 3926">
     <span class='ocr_line' id='line_1_100' title="bbox 2140 3851 3708 3926; baseline 0.003 -22"><span class='ocrx_word' id='word_1_786' title='bbox 2140 3851 2422 3906; x_wconf 92' lang='lat' dir='ltr'><strong>Dominum</strong></span> <span class='ocrx_word' id='word_1_787' title='bbox 2454 3853 2645 3907; x_wconf 89' lang='lat' dir='ltr'><strong>nullius</strong></span> <span class='ocrx_word' id='word_1_788' title='bbox 2674 3852 2929 3924; x_wconf 88' lang='lat' dir='ltr'><strong>indigere,</strong></span> <span class='ocrx_word' id='word_1_789' title='bbox 2957 3864 3011 3910; x_wconf 91' lang='lat' dir='ltr'><strong>et</strong></span> <span class='ocrx_word' id='word_1_790' title='bbox 3030 3864 3244 3926; x_wconf 88' lang='lat' dir='ltr'><strong>propter</strong></span> <span class='ocrx_word' id='word_1_791' title='bbox 3263 3854 3394 3910; x_wconf 88' lang='lat' dir='ltr'><strong>nihil</strong></span> <span class='ocrx_word' id='word_1_792' title='bbox 3423 3854 3564 3910; x_wconf 88' lang='lat' dir='ltr'><strong>aliud</strong></span> <span class='ocrx_word' id='word_1_793' title='bbox 3594 3855 3708 3909; x_wconf 78' lang='lat' dir='ltr'><strong>lure</strong></span> 
     </span>
    </p>
   </div>
   <div class='ocr_carea' id='block_1_101' title="bbox 2140 3943 3707 4017">
    <p class='ocr_par' dir='ltr' id='par_1_101' title="bbox 2140 3943 3707 4017">
     <span class='ocr_line' id='line_1_101' title="bbox 2140 3943 3707 4017; baseline 0.003 -22"><span class='ocrx_word' id='word_1_794' title='bbox 2140 3943 2252 3998; x_wconf 87' lang='lat' dir='ltr'><strong>ﬁeri</strong></span> <span class='ocrx_word' id='word_1_795' title='bbox 2284 3945 2585 4008; x_wconf 86' lang='lat' dir='ltr'><strong>permisisse</strong></span> <span class='ocrx_word' id='word_1_796' title='bbox 2610 3987 2624 4010; x_wconf 93' lang='lat'><strong>,</strong></span> <span class='ocrx_word' id='word_1_797' title='bbox 2650 3960 2806 4014; x_wconf 87' lang='lat' dir='ltr'><strong>quam</strong></span> <span class='ocrx_word' id='word_1_798' title='bbox 2827 3953 2884 4000; x_wconf 91' lang='lat' dir='ltr'><strong>ut</strong></span> <span class='ocrx_word' id='word_1_799' title='bbox 2905 3945 3144 4001; x_wconf 90' lang='lat' dir='ltr'><strong>homines</strong></span> <span class='ocrx_word' id='word_1_800' title='bbox 3163 3945 3228 4001; x_wconf 90' lang='lat' dir='ltr'><strong>ad</strong></span> <span class='ocrx_word' id='word_1_801' title='bbox 3244 3956 3450 4017; x_wconf 89' lang='lat' dir='ltr'><strong>gratum</strong></span> <span class='ocrx_word' id='word_1_802' title='bbox 3473 3947 3707 4002; x_wconf 88' lang='lat' dir='ltr'><strong>animum</strong></span> 
     </span>
    </p>
   </div>
   <div class='ocr_carea' id='block_1_102' title="bbox 2136 4033 3704 4106">
    <p class='ocr_par' dir='ltr' id='par_1_102' title="bbox 2136 4033 3704 4106">
     <span class='ocr_line' id='line_1_102' title="bbox 2136 4033 3704 4106; baseline 0.004 -21"><span class='ocrx_word' id='word_1_803' title='bbox 2136 4033 2424 4089; x_wconf 87' lang='lat' dir='ltr'><strong>adduceret</strong></span> <span class='ocrx_word' id='word_1_804' title='bbox 2457 4052 2470 4087; x_wconf 87' lang='lat'><strong>:</strong></span> <span class='ocrx_word' id='word_1_805' title='bbox 2507 4043 2784 4104; x_wconf 88' lang='lat' dir='ltr'><strong>propterea</strong></span> <span class='ocrx_word' id='word_1_806' title='bbox 2832 4037 3099 4091; x_wconf 88' lang='lat' dir='ltr'><strong>concessit</strong></span> <span class='ocrx_word' id='word_1_807' title='bbox 3138 4043 3198 4090; x_wconf 90' lang='lat' dir='ltr'><strong>ut</strong></span> <span class='ocrx_word' id='word_1_808' title='bbox 3251 4037 3372 4106; x_wconf 91' lang='lat' dir='ltr'><strong>igne</strong></span> <span class='ocrx_word' id='word_1_809' title='bbox 3415 4052 3704 4092; x_wconf 84' lang='lat' dir='ltr'><strong>consume-</strong></span> 
     </span>
    </p>
   </div>
   <div class='ocr_carea' id='block_1_103' title="bbox 2138 4126 3700 4199">
    <p class='ocr_par' dir='ltr' id='par_1_103' title="bbox 2138 4126 3700 4199">
     <span class='ocr_line' id='line_1_103' title="bbox 2138 4126 3700 4199; baseline 0.002 -20"><span class='ocrx_word' id='word_1_810' title='bbox 2138 4135 2341 4192; x_wconf 84' lang='lat' dir='ltr'><strong>rentur,</strong></span> <span class='ocrx_word' id='word_1_811' title='bbox 2365 4135 2423 4180; x_wconf 93' lang='lat' dir='ltr'><strong>ut</strong></span> <span class='ocrx_word' id='word_1_812' title='bbox 2449 4142 2513 4182; x_wconf 78' lang='lat' dir='ltr'><strong>ex</strong></span> <span class='ocrx_word' id='word_1_813' title='bbox 2547 4127 2612 4180; x_wconf 89' lang='lat' dir='ltr'><strong>iis</strong></span> <span class='ocrx_word' id='word_1_814' title='bbox 2659 4142 2778 4197; x_wconf 64' lang='lat' dir='ltr'><strong>qua:</strong></span> <span class='ocrx_word' id='word_1_815' title='bbox 2823 4126 2994 4191; x_wconf 91' lang='lat' dir='ltr'><strong>ﬁunt,</strong></span> <span class='ocrx_word' id='word_1_816' title='bbox 3021 4127 3229 4182; x_wconf 88' lang='lat' dir='ltr'><strong>discant</strong></span> <span class='ocrx_word' id='word_1_817' title='bbox 3256 4128 3292 4182; x_wconf 93' lang='lat' dir='ltr'><strong>ii</strong></span> <span class='ocrx_word' id='word_1_818' title='bbox 3317 4128 3406 4199; x_wconf 92' lang='lat' dir='ltr'><strong>qui</strong></span> <span class='ocrx_word' id='word_1_819' title='bbox 3450 4128 3700 4194; x_wconf 87' lang='lat' dir='ltr'><strong>oll‘eruttt,</strong></span> 
     </span>
    </p>
   </div>
   <div class='ocr_carea' id='block_1_104' title="bbox 2136 4222 3700 4292">
    <p class='ocr_par' dir='ltr' id='par_1_104' title="bbox 2136 4222 3700 4292">
     <span class='ocr_line' id='line_1_104' title="bbox 2136 4222 3700 4292; baseline 0.004 -19"><span class='ocrx_word' id='word_1_820' title='bbox 2136 4222 2312 4276; x_wconf 85' lang='lat' dir='ltr'><strong>omnia</strong></span> <span class='ocrx_word' id='word_1_821' title='bbox 2343 4232 2554 4290; x_wconf 88' lang='lat' dir='ltr'><strong>propter</strong></span> <span class='ocrx_word' id='word_1_822' title='bbox 2577 4237 2760 4277; x_wconf 91' lang='lat' dir='ltr'><strong>eorum</strong></span> <span class='ocrx_word' id='word_1_823' title='bbox 2789 4222 3067 4277; x_wconf 90' lang='lat' dir='ltr'><strong>utilitatem</strong></span> <span class='ocrx_word' id='word_1_824' title='bbox 3103 4223 3237 4278; x_wconf 88' lang='lat' dir='ltr'><strong>ﬁeri.</strong></span> <span class='ocrx_word' id='word_1_825' title='bbox 3265 4223 3442 4292; x_wconf 84' lang='lat' dir='ltr'><strong>Quare</strong></span> <span class='ocrx_word' id='word_1_826' title='bbox 3484 4235 3660 4279; x_wconf 87' lang='lat' dir='ltr'><strong>autem</strong></span> <span class='ocrx_word' id='word_1_827' title='bbox 3687 4268 3700 4290; x_wconf 90' lang='lat'><strong>,</strong></span> 
     </span>
    </p>
   </div>
   <div class='ocr_carea' id='block_1_105' title="bbox 2135 4311 3706 4384">
    <p class='ocr_par' dir='ltr' id='par_1_105' title="bbox 2135 4311 3706 4384">
     <span class='ocr_line' id='line_1_105' title="bbox 2135 4311 3706 4384; baseline 0.001 -18"><span class='ocrx_word' id='word_1_828' title='bbox 2135 4312 2242 4378; x_wconf 90' lang='lat' dir='ltr'><strong>dic,</strong></span> <span class='ocrx_word' id='word_1_829' title='bbox 2271 4326 2473 4382; x_wconf 69' lang='lat' dir='ltr'><strong>qua-so,</strong></span> <span class='ocrx_word' id='word_1_830' title='bbox 2507 4311 2620 4367; x_wconf 77' lang='lat' dir='ltr'><strong>haec</strong></span> <span class='ocrx_word' id='word_1_831' title='bbox 2671 4312 2783 4368; x_wconf 87' lang='lat' dir='ltr'><strong>ﬁeri</strong></span> <span class='ocrx_word' id='word_1_832' title='bbox 2823 4312 3042 4368; x_wconf 92' lang='lat' dir='ltr'><strong>omnino</strong></span> <span class='ocrx_word' id='word_1_833' title='bbox 3087 4315 3390 4384; x_wconf 82' lang='lat' dir='ltr'><strong>permittit?</strong></span> <span class='ocrx_word' id='word_1_834' title='bbox 3415 4314 3481 4369; x_wconf 87' lang='lat' dir='ltr'><strong>Et</strong></span> <span class='ocrx_word' id='word_1_835' title='bbox 3521 4313 3573 4368; x_wconf 90' lang='lat' dir='ltr'><strong>in</strong></span> <span class='ocrx_word' id='word_1_836' title='bbox 3603 4314 3706 4368; x_wconf 85' lang='lat' dir='ltr'><strong>hoc</strong></span> 
     </span>
    </p>
   </div>
   <div class='ocr_carea' id='block_1_106' title="bbox 2139 4403 3710 4471">
    <p class='ocr_par' dir='ltr' id='par_1_106' title="bbox 2139 4403 3710 4471">
     <span class='ocr_line' id='line_1_106' title="bbox 2139 4403 3710 4471; baseline 0 -14"><span class='ocrx_word' id='word_1_837' title='bbox 2139 4414 2336 4458; x_wconf 66' lang='lat' dir='ltr'><strong>nostra:</strong></span> <span class='ocrx_word' id='word_1_838' title='bbox 2365 4404 2686 4459; x_wconf 89' lang='lat' dir='ltr'><strong>inﬁrmitatis</strong></span> <span class='ocrx_word' id='word_1_839' title='bbox 2709 4403 2932 4459; x_wconf 89' lang='lat' dir='ltr'><strong>habetur</strong></span> <span class='ocrx_word' id='word_1_840' title='bbox 2956 4405 3108 4460; x_wconf 87' lang='lat' dir='ltr'><strong>ratio.</strong></span> <span class='ocrx_word' id='word_1_841' title='bbox 3133 4403 3264 4471; x_wconf 87' lang='lat' dir='ltr'><strong>Quia</strong></span> <span class='ocrx_word' id='word_1_842' title='bbox 3296 4405 3441 4461; x_wconf 91' lang='lat' dir='ltr'><strong>enim</strong></span> <span class='ocrx_word' id='word_1_843' title='bbox 3462 4405 3710 4459; x_wconf 80' lang='lat' dir='ltr'><strong>homines</strong></span> 
     </span>
    </p>
   </div>
   <div class='ocr_carea' id='block_1_107' title="bbox 2134 4495 3706 4566">
    <p class='ocr_par' dir='ltr' id='par_1_107' title="bbox 2134 4495 3706 4566">
     <span class='ocr_line' id='line_1_107' title="bbox 2134 4495 3706 4566; baseline -0.001 -15"><span class='ocrx_word' id='word_1_844' title='bbox 2134 4497 2383 4566; x_wconf 85' lang='lat' dir='ltr'><strong>paulatim</strong></span> <span class='ocrx_word' id='word_1_845' title='bbox 2410 4512 2438 4550; x_wconf 87' lang='lat' dir='ltr'><strong>a</strong></span> <span class='ocrx_word' id='word_1_846' title='bbox 2463 4511 2590 4551; x_wconf 88' lang='lat' dir='ltr'><strong>vero</strong></span> <span class='ocrx_word' id='word_1_847' title='bbox 2619 4496 2708 4550; x_wconf 90' lang='lat' dir='ltr'><strong>Dei</strong></span> <span class='ocrx_word' id='word_1_848' title='bbox 2736 4495 2878 4550; x_wconf 89' lang='lat' dir='ltr'><strong>cultu</strong></span> <span class='ocrx_word' id='word_1_849' title='bbox 2906 4495 3159 4552; x_wconf 83' lang='lat' dir='ltr'><strong>defecturi</strong></span> <span class='ocrx_word' id='word_1_850' title='bbox 3187 4505 3360 4561; x_wconf 88' lang='lat' dir='ltr'><strong>erant,</strong></span> <span class='ocrx_word' id='word_1_851' title='bbox 3378 4505 3434 4552; x_wconf 90' lang='lat' dir='ltr'><strong>et</strong></span> <span class='ocrx_word' id='word_1_852' title='bbox 3453 4497 3550 4550; x_wconf 88' lang='lat' dir='ltr'><strong>sibi</strong></span> <span class='ocrx_word' id='word_1_853' title='bbox 3572 4496 3706 4551; x_wconf 87' lang='lat' dir='ltr'><strong>dens</strong></span> 
     </span>
    </p>
   </div>
   <div class='ocr_carea' id='block_1_108' title="bbox 2132 4587 3703 4658">
    <p class='ocr_par' dir='ltr' id='par_1_108' title="bbox 2132 4587 3703 4658">
     <span class='ocr_line' id='line_1_108' title="bbox 2132 4587 3703 4658; baseline -0.001 -15"><span class='ocrx_word' id='word_1_854' title='bbox 2132 4589 2454 4658; x_wconf 85' lang='lat' dir='ltr'><strong>cOOptaturi,</strong></span> <span class='ocrx_word' id='word_1_855' title='bbox 2481 4590 2674 4658; x_wconf 89' lang='lat' dir='ltr'><strong>quibus</strong></span> <span class='ocrx_word' id='word_1_856' title='bbox 2697 4587 2954 4642; x_wconf 83' lang='lat' dir='ltr'><strong>sacriﬁcia</strong></span> <span class='ocrx_word' id='word_1_857' title='bbox 2977 4588 3334 4655; x_wconf 88' lang='lat' dir='ltr'><strong>immolarent,</strong></span> <span class='ocrx_word' id='word_1_858' title='bbox 3368 4589 3513 4658; x_wconf 85' lang='lat' dir='ltr'><strong>prius</strong></span> <span class='ocrx_word' id='word_1_859' title='bbox 3537 4590 3703 4642; x_wconf 85' lang='lat' dir='ltr'><strong>voluit</strong></span> 
     </span>
    </p>
   </div>
   <div class='ocr_carea' id='block_1_109' title="bbox 2132 4677 3701 4746">
    <p class='ocr_par' dir='ltr' id='par_1_109' title="bbox 2132 4677 3701 4746">
     <span class='ocr_line' id='line_1_109' title="bbox 2132 4677 3701 4746; baseline -0.001 -14"><span class='ocrx_word' id='word_1_860' title='bbox 2132 4687 2189 4732; x_wconf 92' lang='lat' dir='ltr'><strong>ut</strong></span> <span class='ocrx_word' id='word_1_861' title='bbox 2213 4679 2313 4733; x_wconf 90' lang='lat' dir='ltr'><strong>sibi</strong></span> <span class='ocrx_word' id='word_1_862' title='bbox 2345 4677 2484 4732; x_wconf 89' lang='lat' dir='ltr'><strong>dona</strong></span> <span class='ocrx_word' id='word_1_863' title='bbox 2506 4677 2848 4742; x_wconf 66' lang='lat' dir='ltr'><strong>offerrentur,</strong></span> <span class='ocrx_word' id='word_1_864' title='bbox 2872 4691 2981 4745; x_wconf 91' lang='lat' dir='ltr'><strong>quo</strong></span> <span class='ocrx_word' id='word_1_865' title='bbox 3007 4677 3090 4730; x_wconf 90' lang='lat' dir='ltr'><strong>vel</strong></span> <span class='ocrx_word' id='word_1_866' title='bbox 3113 4678 3191 4730; x_wconf 90' lang='lat' dir='ltr'><strong>sic</strong></span> <span class='ocrx_word' id='word_1_867' title='bbox 3211 4677 3500 4744; x_wconf 85' lang='lat' dir='ltr'><strong>depelleret</strong></span> <span class='ocrx_word' id='word_1_868' title='bbox 3522 4693 3550 4730; x_wconf 85' lang='lat' dir='ltr'><strong>a</strong></span> <span class='ocrx_word' id='word_1_869' title='bbox 3583 4692 3701 4746; x_wconf 86' lang='lat' dir='ltr'><strong>per-</strong></span> 
     </span>
    </p>
   </div>
   <div class='ocr_carea' id='block_1_110' title="bbox 2133 4764 3694 4835">
    <p class='ocr_par' dir='ltr' id='par_1_110' title="bbox 2133 4764 3694 4835">
     <span class='ocr_line' id='line_1_110' title="bbox 2133 4764 3694 4835; baseline -0.003 -13"><span class='ocrx_word' id='word_1_870' title='bbox 2133 4770 2334 4822; x_wconf 89' lang='lat' dir='ltr'><strong>nicioso</strong></span> <span class='ocrx_word' id='word_1_871' title='bbox 2357 4780 2538 4821; x_wconf 89' lang='lat' dir='ltr'><strong>errore</strong></span> <span class='ocrx_word' id='word_1_872' title='bbox 2567 4779 2659 4820; x_wconf 90' lang='lat' dir='ltr'><strong>eos</strong></span> <span class='ocrx_word' id='word_1_873' title='bbox 2683 4766 2874 4835; x_wconf 88' lang='lat' dir='ltr'><strong>quibus</strong></span> <span class='ocrx_word' id='word_1_874' title='bbox 2900 4764 3021 4820; x_wconf 88' lang='lat' dir='ltr'><strong>inde</strong></span> <span class='ocrx_word' id='word_1_875' title='bbox 3052 4764 3340 4833; x_wconf 83' lang='lat' dir='ltr'><strong>periculum</strong></span> <span class='ocrx_word' id='word_1_876' title='bbox 3365 4765 3694 4820; x_wconf 87' lang='lat' dir='ltr'><strong>imminebat.</strong></span> 
     </span>
    </p>
   </div>
   <div class='ocr_carea' id='block_1_111' title="bbox 2133 4855 3696 4925">
    <p class='ocr_par' dir='ltr' id='par_1_111' title="bbox 2133 4855 3696 4925">
     <span class='ocr_line' id='line_1_111' title="bbox 2133 4855 3696 4925; baseline -0.003 -13"><span class='ocrx_word' id='word_1_877' title='bbox 2133 4859 2197 4912; x_wconf 80' lang='lat' dir='ltr'><strong>Et</strong></span> <span class='ocrx_word' id='word_1_878' title='bbox 2241 4867 2299 4912; x_wconf 94' lang='lat' dir='ltr'><strong>ut</strong></span> <span class='ocrx_word' id='word_1_879' title='bbox 2352 4856 2613 4925; x_wconf 86' lang='lat' dir='ltr'><strong>intelligas</strong></span> <span class='ocrx_word' id='word_1_880' title='bbox 2671 4855 2784 4909; x_wconf 61' lang='lat' dir='ltr'><strong>hinc</strong></span> <span class='ocrx_word' id='word_1_881' title='bbox 2821 4856 3001 4909; x_wconf 87' lang='lat' dir='ltr'><strong>omnia</strong></span> <span class='ocrx_word' id='word_1_882' title='bbox 3046 4869 3300 4909; x_wconf 88' lang='lat' dir='ltr'><strong>concessa</strong></span> <span class='ocrx_word' id='word_1_883' title='bbox 3328 4855 3487 4910; x_wconf 85' lang='lat' dir='ltr'><strong>fuisse</strong></span> <span class='ocrx_word' id='word_1_884' title='bbox 3510 4855 3579 4911; x_wconf 91' lang='lat' dir='ltr'><strong>ob</strong></span> <span class='ocrx_word' id='word_1_885' title='bbox 3598 4871 3696 4910; x_wconf 82' lang='lat' dir='ltr'><strong>no-</strong></span> 
     </span>
    </p>
   </div>
   <div class='ocr_carea' id='block_1_112' title="bbox 2127 4947 3698 5018">
    <p class='ocr_par' dir='ltr' id='par_1_112' title="bbox 2127 4947 3698 5018">
     <span class='ocr_line' id='line_1_112' title="bbox 2127 4947 3698 5018; baseline -0.001 -13"><span class='ocrx_word' id='word_1_886' title='bbox 2127 4960 2294 5005; x_wconf 87' lang='lat' dir='ltr'><strong>stram</strong></span> <span class='ocrx_word' id='word_1_887' title='bbox 2325 4948 2717 5011; x_wconf 90' lang='lat' dir='ltr'><strong>inﬁrmitatem,</strong></span> <span class='ocrx_word' id='word_1_888' title='bbox 2759 4947 2970 5001; x_wconf 89' lang='lat' dir='ltr'><strong>attende</strong></span> <span class='ocrx_word' id='word_1_889' title='bbox 3012 4948 3279 5016; x_wconf 86' lang='lat' dir='ltr'><strong>quomodo</strong></span> <span class='ocrx_word' id='word_1_890' title='bbox 3328 4958 3512 5018; x_wconf 90' lang='lat' dir='ltr'><strong>postea</strong></span> <span class='ocrx_word' id='word_1_891' title='bbox 3560 4960 3698 5004; x_wconf 85' lang='lat' dir='ltr'><strong>tctu-</strong></span> 
     </span>
    </p>
   </div>
   <div class='ocr_carea' id='block_1_113' title="bbox 2131 5038 3697 5110">
    <p class='ocr_par' dir='ltr' id='par_1_113' title="bbox 2131 5038 3697 5110">
     <span class='ocr_line' id='line_1_113' title="bbox 2131 5038 3697 5110; baseline 0.003 -16"><span class='ocrx_word' id='word_1_892' title='bbox 2131 5057 2258 5110; x_wconf 87' lang='lat' dir='ltr'><strong>pore</strong></span> <span class='ocrx_word' id='word_1_893' title='bbox 2288 5039 2622 5110; x_wconf 86' lang='lat' dir='ltr'><strong>procedente,</strong></span> <span class='ocrx_word' id='word_1_894' title='bbox 2656 5038 2880 5094; x_wconf 89' lang='lat' dir='ltr'><strong>voluerit</strong></span> <span class='ocrx_word' id='word_1_895' title='bbox 2934 5038 3390 5094; x_wconf 90' lang='lat' dir='ltr'><strong>circumcisionem</strong></span> <span class='ocrx_word' id='word_1_896' title='bbox 3436 5055 3534 5109; x_wconf 91' lang='lat' dir='ltr'><strong>pro</strong></span> <span class='ocrx_word' id='word_1_897' title='bbox 3584 5044 3697 5110; x_wconf 77' lang='lat' dir='ltr'><strong>lege</strong></span> 
     </span>
    </p>
   </div>
   <div class='ocr_carea' id='block_1_114' title="bbox 2128 5129 3696 5199">
    <p class='ocr_par' dir='ltr' id='par_1_114' title="bbox 2128 5129 3696 5199">
     <span class='ocr_line' id='line_1_114' title="bbox 2128 5129 3696 5199; baseline 0.001 -14"><span class='ocrx_word' id='word_1_898' title='bbox 2128 5131 2307 5193; x_wconf 88' lang='lat' dir='ltr'><strong>statui,</strong></span> <span class='ocrx_word' id='word_1_899' title='bbox 2337 5146 2439 5182; x_wconf 88' lang='lat' dir='ltr'><strong>non</strong></span> <span class='ocrx_word' id='word_1_900' title='bbox 2467 5129 2608 5198; x_wconf 92' lang='lat' dir='ltr'><strong>quod</strong></span> <span class='ocrx_word' id='word_1_901' title='bbox 2653 5129 2717 5182; x_wconf 92' lang='lat' dir='ltr'><strong>ad</strong></span> <span class='ocrx_word' id='word_1_902' title='bbox 2765 5130 2956 5183; x_wconf 69' lang='lat' dir='ltr'><strong>anima:</strong></span> <span class='ocrx_word' id='word_1_903' title='bbox 3005 5131 3226 5183; x_wconf 84' lang='lat' dir='ltr'><strong>salutem</strong></span> <span class='ocrx_word' id='word_1_904' title='bbox 3280 5130 3536 5199; x_wconf 90' lang='lat' dir='ltr'><strong>perﬁcere</strong></span> <span class='ocrx_word' id='word_1_905' title='bbox 3584 5131 3696 5187; x_wconf 76' lang='lat' dir='ltr'><strong>lucc</strong></span> 
     </span>
    </p>
   </div>
   <div class='ocr_carea' id='block_1_115' title="bbox 2125 5217 3688 5293">
    <p class='ocr_par' dir='ltr' id='par_1_115' title="bbox 2125 5217 3688 5293">
     <span class='ocr_line' id='line_1_115' title="bbox 2125 5217 3688 5293; baseline -0.002 -17"><span class='ocrx_word' id='word_1_906' title='bbox 2125 5219 2508 5293; x_wconf 86' lang='lat' dir='ltr'><strong>possitaliqnid</strong></span> <span class='ocrx_word' id='word_1_907' title='bbox 2537 5253 2552 5279; x_wconf 84' lang='lat'><strong><em>,</em></strong></span> <span class='ocrx_word' id='word_1_908' title='bbox 2595 5217 2690 5273; x_wconf 85' lang='lat' dir='ltr'><strong>sed</strong></span> <span class='ocrx_word' id='word_1_909' title='bbox 2729 5226 2788 5272; x_wconf 91' lang='lat' dir='ltr'><strong>ut</strong></span> <span class='ocrx_word' id='word_1_910' title='bbox 2807 5222 2912 5276; x_wconf 90' lang='lat' dir='ltr'><strong>hoc</strong></span> <span class='ocrx_word' id='word_1_911' title='bbox 2982 5219 3120 5291; x_wconf 82' lang='lat' dir='ltr'><strong>grati</strong></span> <span class='ocrx_word' id='word_1_912' title='bbox 3190 5220 3350 5274; x_wconf 91' lang='lat' dir='ltr'><strong>animi</strong></span> <span class='ocrx_word' id='word_1_913' title='bbox 3393 5220 3642 5274; x_wconf 85' lang='lat' dir='ltr'><strong>indicium</strong></span> <span class='ocrx_word' id='word_1_914' title='bbox 3671 5263 3688 5288; x_wconf 88' lang='lat'><strong>,</strong></span> 
     </span>
    </p>
   </div>
   <div class='ocr_carea' id='block_1_116' title="bbox 2125 5293 3691 5386">
    <p class='ocr_par' dir='ltr' id='par_1_116' title="bbox 2125 5293 3691 5386">
     <span class='ocr_line' id='line_1_116' title="bbox 2125 5293 3691 5386; baseline -0.001 -18"><span class='ocrx_word' id='word_1_915' title='bbox 2125 5293 2274 5386; x_wconf 74' lang='lat' dir='ltr'><strong>quasi</strong></span> <span class='ocrx_word' id='word_1_916' title='bbox 2304 5315 2510 5384; x_wconf 91' lang='lat' dir='ltr'><strong>signum</strong></span> <span class='ocrx_word' id='word_1_917' title='bbox 2544 5321 2596 5367; x_wconf 93' lang='lat' dir='ltr'><strong>et</strong></span> <span class='ocrx_word' id='word_1_918' title='bbox 2624 5311 2852 5380; x_wconf 86' lang='lat' dir='ltr'><strong>sigillum</strong></span> <span class='ocrx_word' id='word_1_919' title='bbox 2877 5309 3278 5363; x_wconf 91' lang='lat' dir='ltr'><strong>circumterrettt</strong></span> <span class='ocrx_word' id='word_1_920' title='bbox 3304 5309 3472 5365; x_wconf 68' lang='lat' dir='ltr'><strong>Judwi</strong></span> <span class='ocrx_word' id='word_1_921' title='bbox 3498 5352 3512 5378; x_wconf 91' lang='lat'><strong>,</strong></span> <span class='ocrx_word' id='word_1_922' title='bbox 3541 5321 3596 5367; x_wconf 91' lang='lat' dir='ltr'><strong>ct</strong></span> <span class='ocrx_word' id='word_1_923' title='bbox 3623 5327 3691 5366; x_wconf 86' lang='lat' dir='ltr'><strong>ne</strong></span> 
     </span>
    </p>
   </div>
   <div class='ocr_carea' id='block_1_117' title="bbox 2116 5399 3446 5470">
    <p class='ocr_par' dir='ltr' id='par_1_117' title="bbox 2116 5399 3446 5470">
     <span class='ocr_line' id='line_1_117' title="bbox 2116 5399 3446 5470; baseline -0.007 -8"><span class='ocrx_word' id='word_1_924' title='bbox 2116 5407 2299 5462; x_wconf 84' lang='lat' dir='ltr'><strong>liceret</strong></span> <span class='ocrx_word' id='word_1_925' title='bbox 2323 5406 2402 5462; x_wconf 85' lang='lat' dir='ltr'><strong>eis</strong></span> <span class='ocrx_word' id='word_1_926' title='bbox 2429 5399 2763 5460; x_wconf 88' lang='lat' dir='ltr'><strong>commisceri</strong></span> <span class='ocrx_word' id='word_1_927' title='bbox 2793 5400 3027 5470; x_wconf 87' lang='lat' dir='ltr'><strong>gentium</strong></span> <span class='ocrx_word' id='word_1_928' title='bbox 3051 5400 3446 5468; x_wconf 76' lang='lat' dir='ltr'><strong>congressibus.</strong></span> 
     </span>
    </p>
   </div>
   <div class='ocr_carea' id='block_1_118' title="bbox 2167 5585 3690 5656">
    <p class='ocr_par' dir='ltr' id='par_1_118' title="bbox 2167 5585 3690 5656">
     <span class='ocr_line' id='line_1_118' title="bbox 2167 5585 3690 5656; baseline 0.007 -20"><span class='ocrx_word' id='word_1_929' title='bbox 2167 5590 2184 5622; x_wconf 81' lang='grc' dir='ltr'><strong>ι</strong></span> <span class='ocrx_word' id='word_1_930' title='bbox 2220 5586 2380 5656; x_wconf 73' lang='lat' dir='ltr'><strong>Morel.</strong></span> <span class='ocrx_word' id='word_1_931' title='bbox 2407 5595 2458 5636; x_wconf 90' lang='lat' dir='ltr'><strong>et</strong></span> <span class='ocrx_word' id='word_1_932' title='bbox 2479 5585 2618 5656; x_wconf 75' lang='lat' dir='ltr'><strong>savii.</strong></span> <span class='ocrx_word' id='word_1_933' title='bbox 2647 5586 2723 5634; x_wconf 88' lang='lat' dir='ltr'><strong>ltic</strong></span> <span class='ocrx_word' id='word_1_934' title='bbox 2747 5594 3002 5656; x_wconf 60' lang='lat' dir='ltr'><strong>repetunt,</strong></span> <span class='ocrx_word' id='word_1_935' title='bbox 3031 5593 3077 5637; x_wconf 86' lang='lat' dir='ltr'><strong>et</strong></span> <span class='ocrx_word' id='word_1_936' title='bbox 3097 5588 3323 5644; x_wconf 80' lang='lat' dir='ltr'><strong>odoratus</strong></span> <span class='ocrx_word' id='word_1_937' title='bbox 3346 5598 3417 5645; x_wconf 82' lang='lat' dir='ltr'><strong>est</strong></span> <span class='ocrx_word' id='word_1_938' title='bbox 3441 5593 3690 5648; x_wconf 72' lang='lat' dir='ltr'><strong>Dominus.</strong></span> 
     </span>
    </p>
   </div>
   <div class='ocr_carea' id='block_1_119' title="bbox 2102 5649 3168 5712">
    <p class='ocr_par' dir='ltr' id='par_1_119' title="bbox 2102 5649 3168 5712">
     <span class='ocr_line' id='line_1_119' title="bbox 2102 5649 3168 5712; baseline -0.001 -12"><span class='ocrx_word' id='word_1_939' title='bbox 2102 5650 2296 5701; x_wconf 82' lang='lat' dir='ltr'><strong>odorem</strong></span> <span class='ocrx_word' id='word_1_940' title='bbox 2317 5649 2614 5712; x_wconf 57' lang='lat' dir='ltr'><strong>{ragrmttim</strong></span> <span class='ocrx_word' id='word_1_941' title='bbox 2639 5660 2748 5710; x_wconf 79' lang='lat' dir='ltr'><strong>qua:</strong></span> <span class='ocrx_word' id='word_1_942' title='bbox 2771 5649 2820 5697; x_wconf 90' lang='lat' dir='ltr'><strong>iu</strong></span> <span class='ocrx_word' id='word_1_943' title='bbox 2845 5656 2949 5698; x_wconf 76' lang='lat' dir='ltr'><strong>Mss.</strong></span> <span class='ocrx_word' id='word_1_944' title='bbox 2973 5649 3168 5700; x_wconf 86' lang='lat' dir='ltr'><strong>desunt.</strong></span> 
     </span>
    </p>
   </div>
  </div>
