4102 6204
487 301 595 363 2ὶῦ

547 409 600 463 3.
630 406 762 460 lline
787 403 970 458 beatus
999 399 1195 454 Paulus
1224 398 1431 468 signum
1478 397 1579 451 boc
1608 405 1798 463 vocat,
1820 399 2006 452 dicens
2035 415 2049 451 :

435 548 444 555 ,
479 496 544 549 lt‘t
563 497 760 566 signum
787 491 922 546 dedit
951 488 1364 553 circumcisionis,
1391 487 1610 557 sigillum
1641 487 1816 558 (Rom.
1843 486 1898 542 4.
1919 487 1975 540 Η
2009 486 2048 555 ).

477 587 605 640 Nam
632 583 773 654 quod
798 581 864 636 ad
908 579 1168 650 justitiam
1223 577 1354 632 nihil
1409 577 1694 641 conducat,
1729 591 1857 632 ecce
1885 585 1940 632 et
1965 575 2050 630 hic

474 675 683 742 justus,
711 671 944 727 nondum
993 677 1190 724 statuta
1231 667 1659 731 circumcisiOne,
1689 665 1758 720 ad
1810 667 2051 721 eamdem

477 765 718 834 pervenit
764 764 1035 817 virtutem.
1087 760 1155 814 Et
1199 757 1324 829 quid
1380 757 1545 811 dico?
1592 756 1709 827 Ipse
1758 757 2050 826 patriarcha

475 858 764 920 Abraham,
795 854 1096 923 priusquam
1127 849 1591 905 circumcisionem
1620 848 1916 918 acciperet,
1947 848 2051 902 fide

475 948 584 1003 sola
607 945 928 1015 justilicatus
965 950 1066 996 est.
1101 939 1234 994 Nam
1264 947 1388 994 aute
1437 937 1897 992 circumcisionem
1926 977 1942 1002 ,
1973 939 2051 989 in-

475 1039 608 1107 quit,
640 1035 864 1090 Credidit
894 1033 1147 1086 Abraham
1185 1031 1291 1084 Deo
1320 1072 1334 1093 ,
1368 1040 1416 1084 et
1441 1037 1724 1098 reputatum
1753 1037 1826 1081 est
1867 1027 1946 1081 illi
1981 1027 2050 1080 ad

475 1129 717 1193 iustitiam
744 1125 916 1196 (Rom.
948 1125 1001 1179 ὁ.
1035 1125 1115 1192 3).
1146 1121 1284 1189 Quid
1337 1121 1499 1187 igitur
1527 1118 1772 1187 superbis
1799 1159 1814 1184 ,
1842 1116 2047 1182 Judmc,

475 1219 527 1272 in
559 1213 1000 1271 circumcisione?
1029 1212 1185 1266 Disce
1212 1220 1335 1264 ante
1365 1209 1501 1263 banc
1528 1209 1690 1262 fuisse
1710 1210 1882 1275 justos
1906 1207 2047 1260 mul-

474 1317 576 1361 tos.
603 1305 812 1360 Etenim
837 1302 968 1357 Abel
983 1302 1082 1354 [ide
1102 1300 1424 1354 oblationem
1441 1298 1586 1361 fecit,
1604 1295 2047 1366 quemadmodum

481 1405 536 1449 ct
563 1393 756 1448 Paulus
781 1392 912 1446 dicit
943 1407 957 1442 :
989 1389 1121 1442 Fide
1161 1389 1436 1441 uberiorem
1465 1386 1678 1440 hostiam
1722 1385 1899 1438 obtulit
1927 1384 2050 1438 Abel

484 1484 612 1548 Deo,
637 1499 786 1552 quam
811 1480 937 1537 Cain
972 1482 993 1552 (
1017 1479 1175 1535 Hebr.
1202 1480 1293 1536 ll.
1320 1479 1355 1533 4
1382 1475 1436 1549 ):
1465 1487 1520 1532 et
1552 1476 1735 1531 Enoch
1766 1476 2050 1530 translatus

472 1583 575 1640 est,
595 1585 650 1630 et
685 1573 800 1628 Noe
840 1573 910 1626 ob
935 1571 1150 1624 multam
1179 1569 1436 1638 justitiam
1483 1574 1849 1635 tempestatem
1903 1566 2046 1620 illam

473 1663 839 1733 gravissimam
896 1661 1208 1730 ell'ugit;et
1256 1657 1523 1713 Abraham
1580 1665 1703 1710 ante
1745 1650 1928 1715 hanc,
1977 1655 2046 1708 ob

478 1769 628 1807 suam
659 1753 711 1807 in
737 1753 901 1807 Deum
947 1751 1104 1805 fidem
1147 1749 1450 1804 celebratus
1490 1747 1611 1804 fuit.
1644 1747 1738 1806 Sb
1781 1747 1848 1799 ab
1897 1745 2047 1798 initio

475 1859 577 1911 per
605 1842 763 1898 ﬁdem
794 1845 1081 1895 humanum
1104 1853 1271 1910 genus
1297 1839 1521 1893 salutem
1555 1846 1896 1906 assequutum
1941 1845 2042 1889 est.

473 1936 614 1990 Sane
651 1942 932 2004 propterea
963 1933 1200 2002 permisit
1229 1931 1488 1999 benignus
1513 1929 1768 1983 Dominus
1787 1926 2044 1982 sacriﬁcia

469 2026 566 2077 silli
593 2024 792 2091 offerri,
818 2035 874 2078 ut
901 2023 1150 2092 quoniam
1175 2031 1364 2076 natura
1395 2029 1574 2074 nostra
1604 2019 1962 2088 imperfectius
1988 2033 2046 2073 se

471 2114 734 2180 habebat,
763 2114 923 2169 simul
968 2123 1025 2168 et
1071 2127 1221 2167 suam
1250 2121 1455 2182 gratam
1502 2111 1825 2164 voluntatem
1871 2109 2046 2164 decla-

475 2219 614 2268 rare,
646 2213 702 2260 et
729 2204 992 2259 idolorum
1027 2203 1388 2272 perniciosum
1421 2200 1625 2256 cultum
1657 2199 1889 2269 effugere
1918 2215 2044 2268 pos-

469 2296 556 2349 sit.
590 2295 722 2350 Nam
747 2297 812 2360 si,
839 2310 962 2350 cum
989 2303 1191 2348 tantum
1217 2292 1371 2347 nobis
1401 2291 1674 2345 indulserit
1707 2291 1862 2353 Deus,
1894 2289 2044 2345 multi

467 2397 644 2441 tamen
683 2401 712 2438 a
745 2387 894 2440 ruina
937 2385 1038 2439 sibi
1079 2399 1184 2438 non
1214 2393 1511 2438 caverunt:
1551 2382 1595 2436 si
1627 2381 1728 2435 hoc
1760 2395 1866 2434 non
1910 2378 2042 2432 fuis-

464 2486 546 2531 set
571 2477 762 2531 factum
791 2517 806 2541 ,
850 2492 955 2545 quo
991 2485 1142 2544 pacto
1179 2475 1300 2544 quis
1323 2474 1574 2528 damnum
1602 2472 1704 2528 hoc
1728 2471 2043 2542 effugisset?

469 2563 534 2618 ls‘t
569 2566 806 2620 odoratus
840 2575 913 2619 est
947 2564 1196 2619 Dominus
1225 2563 1362 2618 Deus
1401 2564 1604 2618 odorem
1631 2563 1944 2632 fragrantia.
1973 2562 2043 2615 At

465 2672 570 2711 non
600 2657 669 2711 ita
707 2668 787 2712 est
813 2657 881 2711 de
911 2657 1130 2726 ingratis
1151 2655 1350 2710 Judzeis
1378 2672 1392 2708 :
1421 2653 1516 2710 sed
1555 2653 1858 2724 quomodo?
1904 2651 2042 2706 Audi

464 2747 775 2816 prophetam
815 2747 1079 2801 dicentem
1123 2763 1138 2799 :
1180 2744 1483 2814 Thymiama
1524 2743 1580 2796 in
1621 2740 2042 2795 abominationem

462 2836 587 2888 mihi
612 2845 684 2890 est
711 2835 862 2906 (lsai.
896 2835 948 2889 l.
977 2835 1064 2905 l3)
1097 2851 1112 2888 :
1145 2833 1295 2903 quasi
1323 2831 1572 2888 ostendat
1595 2831 1882 2885 voluntatis
1909 2829 2041 2885 olfe-

461 2924 687 2980 rentium
709 2924 980 2978 malitiam.
1011 2921 1469 2991 Quemadmodum
1500 2922 1641 2974 enim
1673 2919 1904 2987 bicjusti
1933 2919 2042 2973 vir-

460 3023 548 3068 tus
584 3013 786 3069 fumum
813 3023 870 3071 et
911 3015 1153 3069 nidorem
1193 3012 1317 3066 fecit
1340 3011 1560 3065 odorem
1592 3009 1895 3078 fragrantia
1921 3025 1936 3063 :
1962 3008 2040 3063 sic

460 3105 598 3173 apud
631 3105 752 3158 illos
780 3105 1114 3160 otl'erentium
1149 3103 1381 3173 nequitia
1411 3102 1550 3156 bene
1579 3101 1727 3155 olens
1752 3099 2036 3170 thymiama

466 3194 520 3250 in
567 3193 974 3250 abominabilem
1025 3191 1246 3247 odorem
1296 3191 1579 3247 convertit.
1639 3189 1799 3259 Igitur
1845 3190 2038 3259 ubique

456 3283 784 3348 studeannis,
810 3300 1010 3354 quieso,
1035 3294 1268 3340 mentem
1292 3283 1484 3338 all'erre
1510 3283 1891 3353 incorruptam.
1913 3283 2038 3338 Πειιο

456 3374 599 3428 enim
628 3389 785 3430 causa
815 3384 899 3430 est
932 3374 1172 3428 omnium
1216 3373 1496 3428 bonorum.
1545 3372 1723 3427 Bonus
1749 3373 1890 3427 enim
1926 3373 2036 3428 Do-

458 3466 634 3521 minus
677 3481 781 3521 non
827 3466 1104 3521 consuevit
1145 3465 1424 3521 attendere
1465 3463 1532 3518 ad
1571 3478 1633 3518 ea
1677 3479 1795 3533 qua:
1821 3479 1851 3518 a
1882 3464 2035 3520 nobis

453 3559 607 3621 limit,
622 3555 715 3613 sed
732 3556 798 3611 ad
819 3557 1079 3611 internam
1097 3567 1347 3620 mentem,
1365 3571 1394 3608 a
1411 3570 1532 3624 qua,
1553 3563 1608 3608 ut
1625 3553 1738 3608 haec
1759 3553 2030 3619 faciamus,

455 3650 798 3719 impellimur,
825 3659 878 3704 et
905 3648 970 3702 ad
1000 3649 1135 3703 hanc
1161 3658 1408 3718 spectans
1437 3647 1520 3701 vel
1549 3646 1806 3716 approbat
1825 3661 1886 3699 ea
1913 3660 2032 3715 qua:

452 3757 480 3793 ιι
512 3740 663 3794 uobis
692 3741 818 3794 fiunt
846 3781 861 3803 ,
903 3740 983 3794 vel
1011 3749 1309 3793 aversatur.
1367 3738 1550 3808 Itaque
1589 3739 1702 3792 sive
1732 3752 2027 3806 precemur,

453 3832 564 3886 sive
603 3831 946 3900 jejunetuus,
989 3831 1103 3898 sive
1144 3832 1537 3902 eleemosynam
1570 3828 1822 3882 faciamus
1865 3829 2031 3897 (ipsa:

452 3921 592 3977 enim
642 3929 767 3976 sunt
819 3921 1118 3990 spirituales
1165 3929 1360 3976 nostra:
1410 3919 1680 3985 hostiae),
1729 3919 1841 3971 sive
1887 3916 2027 3970 aliud

451 4013 722 4082 spirituale
748 4013 1013 4084 quoddam
1032 4027 1166 4083 opus
1192 4012 1465 4076 faciamus,
1495 4011 1596 4064 hoc
1617 4008 1868 4064 faciamus
1891 4007 2026 4062 bona

453 4113 631 4159 mente
675 4104 875 4158 incitati
905 4122 920 4160 :
950 4113 1005 4158 ut
1050 4112 1104 4159 et
1155 4103 1428 4158 laboribus
1470 4103 1682 4172 dignam
1736 4100 2029 4156 referamus

450 4209 723 4250 coronam.
748 4195 902 4250 Esset
932 4196 1073 4249 enim
1103 4193 1503 4262 perabsurdum,
1525 4193 1758 4246 laborem
1785 4207 1881 4245 nos
1904 4205 2024 4245 suso

449 4287 644 4352 liuere,
677 4295 733 4340 et
770 4285 1016 4341 mercede
1056 4283 1322 4343 fraudari.
1367 4285 1410 4338 si
1439 4285 1650 4353 quidem
1681 4299 1785 4338 non
1831 4298 2025 4338 secun-

449 4376 574 4428 dum
619 4377 764 4444 leges
805 4375 874 4430 ab
919 4375 1012 4430 illo
1057 4373 1209 4428 nobis
1235 4374 1387 4428 datas
1418 4376 1664 4426 virtutem
1694 4387 2023 4429 exercemus.

452 4464 592 4518 l’ieri
631 4474 806 4517 autem
840 4472 1012 4532 potest
1033 4464 1101 4516 ob
1129 4479 1371 4533 magnam
1397 4463 1490 4518 Dei
1523 4464 1899 4533 benignitatem
1925 4504 1942 4530 ,
1971 4475 2028 4519 ut

448 4571 610 4625 opere
656 4555 894 4613 nondum
937 4556 1244 4626 completo,
1293 4571 1545 4611 coronam
1591 4557 1708 4626 quis
1736 4557 1961 4628 accipiat
1993 4574 2023 4612 a

447 4649 560 4704 sola
591 4649 676 4718 pia
703 4658 902 4705 tuente.
948 4649 1012 4700 Et
1039 4655 1094 4701 ut
1121 4647 1221 4700 hoc
1247 4647 1422 4702 discas
1445 4689 1460 4710 ,
1489 4647 1707 4702 adverte
1731 4688 1746 4712 ,
1776 4648 2022 4712 obsecro,

447 4740 549 4794 hoc
591 4741 642 4792 in
684 4739 1042 4810 eleemosyna.
1088 4737 1222 4792 Nam
1266 4738 1308 4792 si
1351 4737 1564 4808 quando
1587 4737 1736 4793 vides
1761 4738 2022 4806 jacentem

447 4834 500 4886 in
525 4831 639 4886 loro
658 4871 674 4895 ,
700 4841 754 4886 et
782 4842 1018 4900 extrema
1051 4831 1225 4900 inapia
1253 4831 1551 4898 detentum,
1577 4841 1630 4886 et
1655 4830 1926 4896 eoudoles,
1960 4848 2023 4886 ac

446 4933 623 4982 mente
651 4925 701 4979 in
731 4924 918 4980 caelum
957 4923 1164 4980 sublata
1205 4923 1402 4993 gratias
1443 4938 1556 4993 agis
1600 4924 1859 4986 Domino,
1911 4932 2021 4977 tum

450 5025 665 5085 propter
693 5030 751 5069 ea
779 5031 896 5084 qua:
927 5015 1019 5068 tibi
1045 5028 1300 5068 concessa
1332 5023 1459 5068 sunt
1478 5054 1492 5076 ,
1525 5023 1634 5068 tum
1688 5023 1902 5084 propter
1944 5014 2024 5067 inv

443 5106 561 5173 opis
589 5105 896 5174 patientiam
920 5123 932 5158 :
959 5104 1167 5158 etiamsi
1192 5118 1296 5156 non
1319 5104 1490 5172 possis
1517 5105 1729 5172 explere
1755 5114 1808 5158 et
1834 5103 2022 5157 sedare

443 5197 582 5250 illius
614 5195 826 5259 famem,
857 5206 1075 5265 prepter
1105 5194 1300 5248 bonum
1330 5196 1658 5263 propositum
1684 5211 2023 5252 consumma-

444 5297 551 5340 tam
594 5287 818 5354 recipies
861 5283 1182 5339 mercedem.
1240 5284 1307 5338 Et
1349 5299 1412 5338 ea
1450 5283 1517 5338 de
1564 5299 1721 5340 cauSa
1768 5285 2022 5339 Dominus

442 5393 652 5447 quoque
679 5378 886 5432 dicebat
921 5394 935 5430 :
967 5375 1027 5431 Si
1071 5376 1182 5443 quis
1212 5387 1384 5445 potum
1421 5377 1610 5430 dederit
1640 5377 1848 5430 calicem
1880 5393 2024 5443 aqua

444 5469 646 5539 [rigida
675 5478 868 5521 tantum
892 5468 945 5520 in
988 5467 1187 5520 nomine
1219 5467 1491 5536 discipuli,
1532 5483 1674 5518 omni
1711 5467 1823 5518 dico
1862 5467 2019 5530 vobis,

445 5579 547 5616 non
575 5565 745 5627 perdet
778 5557 1050 5611 mercedem
1079 5574 1220 5612 suam
1249 5556 1456 5626 (Matth.
1482 5558 1564 5611 l0.
1590 5559 1701 5622 42).
1736 5556 1868 5610 Num
1898 5558 2022 5625 quid

455 5655 642 5728 poculo
671 5671 820 5725 aqua-
849 5637 1046 5727 frigiduz
1079 5652 1328 5708 tenuius?
1365 5651 1469 5707 Sed
1499 5651 1706 5706 animus
1735 5652 1852 5722 pius
1875 5666 2011 5708 mer-

1248 299 1306 355 S.
1347 294 1630 355 JOANNIS
1666 291 2134 350 CllBYSOSTOMl
2172 295 2486 353 Al‘iClllEP.
2527 297 3057 357 CONSTANTINOP.

3631 298 3738 356 2H

2151 408 2338 464 cedem
2370 411 2492 466 inde
2529 411 2629 467 sibi
2666 413 2934 468 conciliat.
2989 413 3099 469 Hoc
3127 423 3183 470 et
3222 414 3274 469 in
3301 416 3546 486 opposito
3575 417 3726 474 iuve-

2151 501 2375 555 niemus.
2404 502 2592 571 Opera:
2615 504 2842 572 pretium
2867 505 3008 559 enim
3034 514 3116 559 est
3133 545 3150 572 ,
3183 515 3240 560 ut
3265 505 3334 560 de
3360 506 3424 561 iis
3449 512 3735 574 loquamur

2147 592 2354 646 caritati
2401 603 2627 660 vestae,
2676 609 2784 665 quo
2823 595 2973 649 vobis
3010 595 3125 650 lucc
3154 605 3398 652 accurate
3433 599 3732 653 scientibus

2151 682 2425 750 probitatis
2466 693 2699 739 tutamen
2727 687 3066 755 comparetis.
3096 687 3232 742 Audi
3259 688 3400 742 enim
3433 688 3558 758 quid
3581 689 3736 744 dicit.

2144 772 2387 828 Christus
2426 791 2439 828 :
2472 774 2574 840 Qui
2615 776 2816 846 respicit
2861 778 3119 832 mulierem
3165 779 3235 831 ad
3271 780 3732 848 concupiscendum

2145 879 2256 916 eam
2281 903 2296 923 .
2335 866 2449 933 jam
2479 866 2754 921 moechatus
2790 877 2860 919 est
2892 884 3002 920 eam
3039 869 3092 922 in
3128 869 3280 922 corde
3305 886 3396 923 suo
3427 869 3639 939 (Matth.
3667 872 3722 924 5.

2143 951 2257 1020 28).
2289 951 2447 1007 Vides
2472 963 2528 1009 et
2570 953 2656 1009 hic
2693 956 2884 1009 iterum
2911 958 3101 1011 malam
3144 967 3376 1013 mentem
3407 960 3557 1028 sequi
3584 975 3726 1014 con-

2143 1041 2537 1099 demnationem
2563 1085 2578 1109 ,
2611 1054 2666 1100 et
2688 1047 2758 1101 ob
2782 1047 3226 1102 inconsideratum
3254 1049 3499 1104 intuitum
3524 1092 3538 1114 ,
3569 1053 3726 1120 quasi

2143 1133 2463 1203 completum
2491 1145 2636 1190 esset
2659 1135 2905 1192 adulterii
2927 1153 3081 1206 opus,
3115 1153 3323 1209 pinnam
3356 1141 3580 1195 inferri?
3613 1143 3722 1196 Itu-

2143 1238 2248 1292 que
2275 1239 2397 1278 cum
2439 1225 2552 1279 haec
2595 1227 2868 1292 sciamus,
2921 1228 3154 1299 undique
3198 1242 3432 1286 mentem
3481 1243 3725 1288 nostram

2144 1313 2281 1369 bene
2311 1316 2611 1370 muniamus
2632 1356 2646 1381 ,
2683 1324 2740 1370 ut
2775 1331 2871 1384 per
2895 1331 3013 1371 eam
3043 1317 3173 1372 flant
3203 1329 3420 1388 accepta
3449 1336 3567 1390 qua:
3591 1321 3725 1375 faci-

2143 1416 2282 1455 mus.
2333 1402 2462 1457 Nam
2504 1404 2550 1458 si
2598 1403 2798 1458 fumum
2827 1415 2881 1459 et
2917 1406 3157 1462 nidorem
3201 1409 3357 1462 vertit
3401 1410 3453 1462 in
3496 1410 3724 1465 odorem

2143 1489 2462 1561 fragrantize,
2488 1493 2614 1562 quid
2641 1509 2746 1548 non
2773 1511 2803 1548 e
2829 1497 3088 1564 spirituali
3113 1507 3298 1552 nostro
3325 1499 3521 1554 faceret
3545 1503 3717 1557 cultu.

2141 1587 2196 1632 et
2223 1591 2472 1648 quantam
2511 1597 2615 1635 non
2661 1584 2883 1652 gratiam
2931 1587 3135 1640 caelitus
3172 1587 3326 1641 nobis
3373 1593 3724 1658 procuraret?

2141 1669 2206 1722 Et
2223 1670 2463 1724 odoratus
2487 1681 2581 1737 est,
2613 1673 2798 1741 inquit,
2831 1673 3078 1729 Dominus
3097 1675 3235 1730 Deus
3257 1679 3460 1732 odorem
3482 1682 3723 1748 fragran-

2140 1759 2242 1814 tiat.
2292 1760 2476 1814 Vidisti
2512 1777 2630 1831 qua:
2657 1763 2843 1818 fecerit
2863 1764 3040 1831 justus
3066 1807 3082 1830 ,
3125 1768 3392 1836 quomodo
3415 1809 3429 1831 ,
3459 1779 3720 1838 quantum

2139 1849 2205 1903 ad
2249 1859 2526 1905 externum
2575 1854 2934 1921 spectaculum
2983 1857 3244 1924 pertinet,
3294 1872 3406 1910 rem
3453 1873 3715 1926 parvam;

2137 1948 2392 2006 quantum
2419 1949 2595 1995 autem
2641 1942 2707 1996 ad
2749 1945 3017 2008 animum,
3057 1947 3445 2017 permagnam?
3483 1949 3719 2004 Attende

2138 2037 2318 2083 autem
2343 2029 2595 2100 deinceps
2621 2032 2933 2088 immensam
2959 2035 3240 2091 clementis
3268 2037 3473 2091 Domini
3503 2038 3717 2092 benita-

2139 2124 2265 2172 tem.
2316 2116 2380 2170 Et
2408 2119 2537 2172 dixit
2567 2118 2810 2174 Dominus
2849 2120 2984 2176 Deus
3012 2125 3066 2177 in
3103 2135 3266 2178 mente
3288 2143 3382 2179 sua
3419 2142 3438 2180 :
3474 2127 3564 2182 2i.
3590 2128 3716 2183 Non

2135 2207 2374 2278 adjiciam
2414 2210 2548 2263 ultra
2590 2221 2644 2262 ut
2687 2212 2986 2266 maledicam
3027 2223 3172 2268 terra
3213 2226 3416 2284 propter
3443 2234 3594 2285 opera
3621 2220 3715 2271 ho-

2135 2297 2360 2364 minam,
2407 2299 2526 2368 quia
2565 2301 2804 2354 incumbit
2839 2318 2977 2355 mens
3013 2303 3230 2357 hominis
3259 2306 3446 2359 intente
3481 2309 3534 2359 in
3572 2310 3713 2360 mala

2134 2403 2287 2456 Opera
2313 2405 2344 2441 a
2367 2389 2644 2460 juventute.
2692 2389 2813 2445 Non
2849 2392 3003 2462 igitur
3040 2394 3310 2464 adjiciam,
3356 2406 3408 2448 ut
3436 2398 3712 2464 percutiam

2135 2494 2330 2532 omnem
2353 2495 2554 2532 carnem
2581 2483 2821 2536 viventem
2843 2523 2858 2544 ,
2888 2486 3018 2537 sicut
3046 2484 3148 2552 feci
3165 2525 3181 2551 ,
3221 2484 3313 2539 22.
3343 2486 3573 2541 omnibus
3595 2488 3708 2541 die-

2133 2567 2226 2621 bus
2250 2577 2411 2623 terre.

2209 2738 2263 2791 4.
2289 2735 2531 2807 Magnum
2554 2737 2916 2793 beneﬁcentia:
2940 2738 3176 2807 pondus;
3209 2743 3393 2810 ingens
3417 2741 3716 2798 clementia:

2137 2827 2485 2898 magnitudo;
2519 2828 2799 2884 inell'abilis
2851 2830 3145 2885 tolerantia:
3192 2833 3584 2899 exsuperantia.
3646 2833 3716 2887 Et

2139 2915 2266 2969 dixit
2289 2915 2537 2972 Dominus
2565 2917 2701 2972 Deus
2726 2919 2778 2972 in
2805 2929 2967 2972 mente
2993 2937 3104 2972 sua.
3140 2918 3292 2983 Illud,
3321 2919 3388 2974 In
3416 2932 3576 2975 mente
3594 2939 3712 2988 sua,

2139 3007 2329 3063 iterum
2355 3009 2587 3064 humano
2609 3027 2757 3066 more
2785 3011 2933 3077 dicit,
2964 3021 3018 3068 et
3039 3013 3186 3082 quasi
3215 3023 3454 3068 naturam
3477 3024 3712 3069 nostram

2139 3101 2448 3170 respiciens.
2507 3102 2628 3157 Non
2676 3104 2916 3172 adjiciam
2951 3105 3086 3158 ultra
3128 3115 3183 3158 ut
3230 3106 3524 3160 maledicam
3567 3117 3715 3176 terra:

2138 3200 2342 3260 propter
2374 3209 2527 3261 opera
2556 3192 2834 3248 hominum.
2892 3195 2959 3249 Et
2983 3194 3220 3263 homini,
3257 3197 3348 3267 qui
3375 3198 3576 3266 primus
3602 3197 3714 3251 for-

2129 3289 2307 3336 matus
2333 3291 2454 3346 est,
2502 3281 2712 3337 diei-bat
2733 3323 2750 3347 ,
2781 3299 2902 3338 cum
2933 3285 3004 3338 illi
3031 3286 3374 3341 malediceret
3399 3304 3412 3339 :
3445 3287 3634 3355 Spinas
3663 3299 3712 3342 et

2135 3373 2344 3428 tribulos
2387 3375 2686 3446 germinabit
2730 3377 2818 3429 tibi
2850 3376 3069 3448 (Cenes.
3099 3379 3152 3432 3.
3190 3379 3276 3434 l8.
3312 3389 3360 3433 et
3388 3379 3441 3434 ι.
3471 3379 3610 3450 12);
3655 3391 3712 3434 et

2133 3464 2300 3518 (Iaino
2318 3465 2582 3521 similiter.
2611 3466 2742 3534 Quia
2763 3477 2938 3521 autem
2953 3483 3094 3522 nunc
3117 3483 3452 3524 communem
3469 3471 3705 3526 omnium

2133 3555 2403 3611 invexerat
2445 3555 2756 3622 interitum,
2805 3567 2862 3611 ut
2887 3558 3305 3614 consolationem
3347 3560 3439 3615 det
3473 3561 3616 3629 justo
3654 3571 3710 3616 et

2133 3645 2377 3700 fiduciam
2405 3646 2454 3700 ei
2479 3646 2676 3712 addat,
2728 3662 2796 3701 ne
2833 3645 2973 3702 forte
3014 3647 3209 3716 cogitet
3254 3649 3392 3716 apud
3439 3665 3534 3713 se,
3577 3649 3708 3719 Qua:

2132 3736 2326 3789 utilitas
2349 3735 2488 3790 datae
2518 3735 2950 3791 benedictionis?
2979 3745 3032 3790 et
3055 3737 3197 3807 quod
3226 3738 3452 3804 dixerit,
3492 3738 3710 3794 Crescite

2135 3833 2180 3876 et
2202 3823 2609 3894 multiplicamini
2638 3824 2792 3892 (Cen.
2826 3827 2878 3880 l.
2906 3826 3002 3897 28)
3023 3867 3038 3891 ,
3084 3826 3129 3881 si
3160 3829 3385 3894 iterum,
3415 3831 3500 3884 ubi
3528 3830 3706 3884 multis

2131 3914 2303 3981 plicati
2331 3913 2589 3971 fuerimus
2609 3957 2623 3980 ,
2657 3917 2985 3985 pereundum
3012 3919 3082 3972 sit
3112 3919 3307 3975 nobis?
3347 3920 3477 3974 Nam
3499 3922 3623 3975 olim
3651 3933 3701 3976 et

2127 4004 2334 4058 Adamo
2361 4005 2567 4060 dixerat
2595 4023 2609 4060 :
2643 4005 2859 4060 Crescite
2885 4017 2932 4060 et
2961 4009 3361 4076 multiplicamini
3389 4026 3407 4065 :
3437 4019 3494 4064 ct
3518 4025 3709 4081 super-

2128 4098 2272 4152 venit
2299 4107 2475 4152 tamen
2520 4098 2796 4152 diluvium.
2855 4098 2922 4154 Ut
2951 4115 3080 4170 ergo
3118 4116 3186 4155 ne
3213 4102 3496 4169 cogitando
3516 4117 3698 4156 secum

2129 4187 2250 4244 talia
2292 4189 2346 4242 in
2396 4197 2650 4258 perpetuo
2691 4203 2890 4258 angore
2921 4199 3103 4256 esset,
3161 4190 3281 4245 vide
3327 4192 3702 4260 benignitatem

2131 4279 2358 4333 Domini.
2384 4278 2506 4334 Non
2535 4279 2775 4350 adjiciam
2795 4321 2809 4344 ,
2837 4279 3044 4349 inquit,
3076 4281 3211 4334 ultra
3237 4284 3534 4337 maledicere
3557 4295 3706 4338 terra

2127 4380 2332 4440 propter
2370 4387 2523 4440 opera
2549 4371 2829 4424 hominum.
2861 4370 2992 4426 Vide
3019 4373 3285 4440 quomodo
3309 4373 3612 4437 declaravit,
3641 4391 3704 4430 se

2129 4473 2346 4533 propter
2394 4463 2582 4517 horum
2633 4465 2885 4518 malitiam
2933 4464 3360 4520 maledictioncin
3412 4475 3567 4521 terrae
3615 4467 3702 4520 in-

2127 4555 2353 4608 vexisse.
2384 4553 2583 4607 Deinde
2603 4563 2660 4607 ut
2688 4570 2754 4608 ne
2793 4563 3038 4622 putemus
3065 4557 3233 4625 ipsum
3261 4556 3379 4611 ideo
3409 4557 3542 4611 hanc
3573 4573 3703 4625 pro».

2127 4644 2434 4698 missionem
2479 4643 2668 4698 fecisse
2690 4683 2706 4708 ,
2757 4645 2879 4713 quia
2910 4645 3010 4714 ipsi
3047 4645 3157 4715 jam
3192 4647 3241 4700 in
3273 4648 3461 4702 melius
3485 4663 3544 4702 se
3572 4664 3704 4702 con-

2127 4743 2418 4800 verterant,
2439 4734 2609 4802 inquit
2636 4751 2648 4786 :
2680 4733 2810 4798 Quia
2851 4736 3086 4788 incumbit
3114 4753 3250 4790 mens
3271 4738 3486 4792 hominis
3516 4739 3705 4792 intente

2125 4829 2177 4881 in
2199 4829 2331 4881 mala
2361 4844 2517 4898 opera
2542 4843 2574 4880 a
2589 4827 2867 4896 juventute.
2916 4828 3051 4881 llara
3097 4828 3432 4899 benignitatis
3474 4831 3700 4899 species.

2129 4921 2280 4985 Quia,
2314 4920 2502 4989 inquit,
2531 4919 2768 4972 incumbit
2794 4937 2931 4975 mens
2961 4922 3177 4976 hominis
3207 4924 3470 4993 diligenter
3491 4925 3542 4976 in
3567 4927 3706 4976 mala

2125 5028 2277 5081 opera
2301 5028 2330 5062 a
2348 5012 2610 5082 juventute
2630 5053 2643 5077 ,
2676 5022 2889 5080 propter
2918 5013 3038 5076 hoc,
3072 5013 3192 5069 Non
3220 5018 3358 5070 ultra
3379 5017 3615 5084 adjiciam
3649 5029 3705 5068 ut

2125 5102 2425 5154 maledicam
2466 5111 2631 5156 terrm.
2665 5103 2772 5172 Ego
2801 5104 2972 5169 enim,
3002 5105 3209 5174 inquit,
3238 5122 3356 5176 qum
3383 5107 3449 5160 ad
3473 5123 3555 5162 me
3581 5123 3709 5176 per-

2128 5193 2332 5256 tinent,
2363 5191 2531 5247 semel
2567 5203 2726 5262 atque
2768 5194 2956 5247 iterum
2986 5194 3202 5250 exhibui
3227 5212 3241 5249 :
3272 5197 3393 5266 quia
3415 5207 3591 5252 autem
3618 5200 3702 5251 vi-

2125 5280 2228 5334 deo
2264 5280 2520 5336 malitiam
2553 5281 2622 5334 ita
2662 5282 2963 5337 increscere
2989 5324 3002 5347 ,
3032 5286 3287 5354 promitto
3313 5302 3399 5340 me
3426 5301 3530 5342 non
3561 5289 3702 5342 ultra

2127 5372 2528 5428 maledicturum
2561 5382 2736 5428 terrm.
2771 5374 2967 5428 Deinde
2992 5377 3280 5431 ostendens
3316 5392 3426 5431 sua:
3456 5377 3699 5446 benigni-

2129 5465 2248 5518 tatis
2277 5464 2730 5534 magnitudinem,
2767 5468 3037 5537 subjunxit
3066 5486 3078 5522 :
3113 5468 3232 5522 Non
3263 5471 3501 5539 adjiciam
3539 5471 3702 5540 igitur

2129 5555 2264 5606 ultra
2292 5563 2346 5606 ut
2377 5554 2651 5622 percutiam
2677 5571 2872 5609 onmem
2903 5573 3103 5610 carnem
3132 5559 3372 5612 viventem
3392 5600 3407 5624 ,
3433 5560 3558 5613 sicut
3578 5560 3704 5626 feci,

2132 5645 2359 5700 omnibus
2389 5644 2582 5699 diebus.
2637 5644 2764 5700 Vide
2791 5686 2804 5710 ,
2829 5647 3072 5713 obsecro,
3109 5658 3353 5718 quantam
3383 5647 3702 5707 consolati!»
