  <div class='ocr_page' id='page_1' title='image "/cluster/home/n/w/nwhite01/storage/ocr_20150623/53/hvd.32044054086673/242.png"; bbox 0 0 4116 6196; ppageno 0'>
   <div class='ocr_carea' id='block_1_1' title="bbox 198 310 304 367">
    <p class='ocr_par' dir='ltr' id='par_1_1' title="bbox 198 310 304 367">
     <span class='ocr_line' id='line_1_1' title="bbox 198 310 304 367; baseline 0.009 -1"><span class='ocrx_word' id='word_1_1' title='bbox 198 310 304 367; x_wconf 72' lang='grc'>263</span> 
     </span>
    </p>
   </div>
   <div class='ocr_carea' id='block_1_2' title="bbox 1340 291 2531 354">
    <p class='ocr_par' dir='ltr' id='par_1_2' title="bbox 1340 291 2531 354">
     <span class='ocr_line' id='line_1_2' title="bbox 1340 291 2531 354; baseline 0 -1"><span class='ocrx_word' id='word_1_2' title='bbox 1340 297 1405 354; x_wconf 87' lang='grc' dir='ltr'>ΙΝ</span> <span class='ocrx_word' id='word_1_3' title='bbox 1444 296 1597 352; x_wconf 75' lang='lat' dir='ltr'><strong>CAP.</strong></span> <span class='ocrx_word' id='word_1_4' title='bbox 1643 294 1752 351; x_wconf 75' lang='lat' dir='ltr'><strong>VIII</strong></span> <span class='ocrx_word' id='word_1_5' title='bbox 1778 291 2026 350; x_wconf 77' lang='lat' dir='ltr'>GENES.</span> <span class='ocrx_word' id='word_1_6' title='bbox 2058 292 2291 352; x_wconf 73' lang='grc' dir='ltr'>ιιοιιιι..</span> <span class='ocrx_word' id='word_1_7' title='bbox 2323 295 2531 353; x_wconf 72' lang='lat' dir='ltr'>XXVII.</span> 
     </span>
    </p>
   </div>
   <div class='ocr_carea' id='block_1_3' title="bbox 3553 305 3662 367">
    <p class='ocr_par' dir='ltr' id='par_1_3' title="bbox 3553 305 3662 367">
     <span class='ocr_line' id='line_1_3' title="bbox 3553 305 3662 367; baseline -0.009 0"><span class='ocrx_word' id='word_1_8' title='bbox 3553 305 3662 367; x_wconf 80' lang='grc' dir='ltr'>ειι</span> 
     </span>
    </p>
   </div>
   <div class='ocr_carea' id='block_1_4' title="bbox 272 409 3665 495">
    <p class='ocr_par' dir='ltr' id='par_1_4' title="bbox 272 409 3665 495">
     <span class='ocr_line' id='line_1_4' title="bbox 272 409 3665 495; baseline -0.001 -15"><span class='ocrx_word' id='word_1_9' title='bbox 272 431 344 492; x_wconf 85' lang='grc' dir='ltr'>γ’.</span> <span class='ocrx_word' id='word_1_10' title='bbox 380 422 481 477; x_wconf 82' lang='grc' dir='ltr'>Διὰ</span> <span class='ocrx_word' id='word_1_11' title='bbox 515 420 678 478; x_wconf 89' lang='grc' dir='ltr'>τοῦτο</span> <span class='ocrx_word' id='word_1_12' title='bbox 707 421 803 475; x_wconf 85' lang='lat'><strong>1:61</strong></span> <span class='ocrx_word' id='word_1_13' title='bbox 842 421 872 474; x_wconf 99' lang='lat'>6</span> <span class='ocrx_word' id='word_1_14' title='bbox 918 417 1186 490; x_wconf 85' lang='grc' dir='ltr'>μακάριος</span> <span class='ocrx_word' id='word_1_15' title='bbox 1231 413 1445 478; x_wconf 81' lang='grc' dir='ltr'>Παῦλος</span> <span class='ocrx_word' id='word_1_16' title='bbox 1473 414 1698 485; x_wconf 81' lang='grc' dir='ltr'>σημεῖον</span> <span class='ocrx_word' id='word_1_17' title='bbox 1736 409 1870 464; x_wconf 82' lang='lat'><strong>66:6</strong></span> <span class='ocrx_word' id='word_1_18' title='bbox 1973 409 2163 481; x_wconf 76' lang='grc' dir='ltr'>⁴ιηρίου</span> <span class='ocrx_word' id='word_1_19' title='bbox 2201 412 2621 485; x_wconf 77' lang='grc' dir='ltr'>εὑτελέστερονς</span> <span class='ocrx_word' id='word_1_20' title='bbox 2668 414 2806 470; x_wconf 75' lang='grc' dir='ltr'>Ἀλλ’</span> <span class='ocrx_word' id='word_1_21' title='bbox 2839 416 2874 488; x_wconf 78' lang='grc' dir='ltr'><strong>ἠ</strong></span> <span class='ocrx_word' id='word_1_22' title='bbox 2914 415 3108 490; x_wconf 76' lang='grc' dir='ltr'>γνώμη</span> <span class='ocrx_word' id='word_1_23' title='bbox 3147 416 3240 472; x_wconf 82' lang='grc' dir='ltr'>τὸν</span> <span class='ocrx_word' id='word_1_24' title='bbox 3291 417 3481 491; x_wconf 66' lang='grc' dir='ltr'>μισθὸν</span> <span class='ocrx_word' id='word_1_25' title='bbox 3510 422 3665 495; x_wconf 81' lang='grc' dir='ltr'>αὑτῷ</span> 
     </span>
    </p>
   </div>
   <div class='ocr_carea' id='block_1_5' title="bbox 199 496 1872 581">
    <p class='ocr_par' dir='ltr' id='par_1_5' title="bbox 199 496 1872 581">
     <span class='ocr_line' id='line_1_5' title="bbox 199 496 1872 581; baseline -0.01 -14"><span class='ocrx_word' id='word_1_26' title='bbox 199 515 355 567; x_wconf 78' lang='grc' dir='ltr'>καλεί</span> <span class='ocrx_word' id='word_1_27' title='bbox 369 510 566 581; x_wconf 77' lang='grc' dir='ltr'>λέγων’</span> <span class='ocrx_word' id='word_1_28' title='bbox 586 507 698 563; x_wconf 74' lang='lat' dir='ltr'><strong><em>Kal</em></strong></span> <span class='ocrx_word' id='word_1_29' title='bbox 712 504 968 577; x_wconf 81' lang='grc' dir='ltr'>σημεῖον</span> <span class='ocrx_word' id='word_1_30' title='bbox 986 505 1173 558; x_wconf 75' lang='grc' dir='ltr'>ἔδωκε</span> <span class='ocrx_word' id='word_1_31' title='bbox 1191 499 1534 570; x_wconf 81' lang='grc' dir='ltr'>περιτομῆς,</span> <span class='ocrx_word' id='word_1_32' title='bbox 1553 496 1872 569; x_wconf 70' lang='grc' dir='ltr'>σφραγῖδα.</span> 
     </span>
    </p>
   </div>
   <div class='ocr_carea' id='block_1_6' title="bbox 204 585 1877 671">
    <p class='ocr_par' dir='ltr' id='par_1_6' title="bbox 204 585 1877 671">
     <span class='ocr_line' id='line_1_6' title="bbox 204 585 1877 671; baseline -0.01 -16"><span class='ocrx_word' id='word_1_33' title='bbox 204 600 330 654; x_wconf 83' lang='grc' dir='ltr'>Ὅτι</span> <span class='ocrx_word' id='word_1_34' title='bbox 361 600 471 671; x_wconf 82' lang='grc' dir='ltr'>γὰρ</span> <span class='ocrx_word' id='word_1_35' title='bbox 504 597 643 667; x_wconf 80' lang='grc' dir='ltr'>πρὸς</span> <span class='ocrx_word' id='word_1_36' title='bbox 686 595 787 666; x_wconf 77' lang='grc' dir='ltr'>τὴν</span> <span class='ocrx_word' id='word_1_37' title='bbox 834 591 1182 661; x_wconf 77' lang='grc' dir='ltr'>δικαιοσύνην</span> <span class='ocrx_word' id='word_1_38' title='bbox 1224 589 1378 643; x_wconf 79' lang='grc' dir='ltr'>οὐδὲν</span> <span class='ocrx_word' id='word_1_39' title='bbox 1425 588 1564 657; x_wconf 82' lang='grc' dir='ltr'>αὑτὴ</span> <span class='ocrx_word' id='word_1_40' title='bbox 1612 585 1877 650; x_wconf 80' lang='grc' dir='ltr'>συντελεῖ,</span> 
     </span>
    </p>
   </div>
   <div class='ocr_carea' id='block_1_7' title="bbox 206 676 1880 751">
    <p class='ocr_par' dir='ltr' id='par_1_7' title="bbox 206 676 1880 751">
     <span class='ocr_line' id='line_1_7' title="bbox 206 676 1880 751; baseline -0.008 -9"><span class='ocrx_word' id='word_1_41' title='bbox 206 688 318 742; x_wconf 79' lang='grc' dir='ltr'>ί.δοὺ</span> <span class='ocrx_word' id='word_1_42' title='bbox 347 687 441 742; x_wconf 82' lang='grc' dir='ltr'>καὶ</span> <span class='ocrx_word' id='word_1_43' title='bbox 468 680 622 749; x_wconf 70' lang='grc' dir='ltr'>οὗτος</span> <span class='ocrx_word' id='word_1_44' title='bbox 642 686 672 740; x_wconf 91' lang='lat'>6</span> <span class='ocrx_word' id='word_1_45' title='bbox 692 683 900 746; x_wconf 85' lang='grc' dir='ltr'>δίκαιος</span> <span class='ocrx_word' id='word_1_46' title='bbox 931 679 1159 751; x_wconf 87' lang='grc' dir='ltr'>μηδέπω</span> <span class='ocrx_word' id='word_1_47' title='bbox 1182 679 1284 749; x_wconf 85' lang='grc' dir='ltr'>τῆς</span> <span class='ocrx_word' id='word_1_48' title='bbox 1322 676 1627 750; x_wconf 78' lang='grc' dir='ltr'>περιτομῆς</span> <span class='ocrx_word' id='word_1_49' title='bbox 1651 676 1880 746; x_wconf 84' lang='grc' dir='ltr'>νομοθε-</span> 
     </span>
    </p>
   </div>
   <div class='ocr_carea' id='block_1_8' title="bbox 201 762 1877 845">
    <p class='ocr_par' dir='ltr' id='par_1_8' title="bbox 201 762 1877 845">
     <span class='ocr_line' id='line_1_8' title="bbox 201 762 1877 845; baseline -0.01 -16"><span class='ocrx_word' id='word_1_50' title='bbox 201 774 465 845; x_wconf 82' lang='grc' dir='ltr'>τηθείοης</span> <span class='ocrx_word' id='word_1_51' title='bbox 498 773 637 845; x_wconf 78' lang='grc' dir='ltr'>πρὸς</span> <span class='ocrx_word' id='word_1_52' title='bbox 667 769 934 839; x_wconf 79' lang='grc' dir='ltr'>τοσαύτην</span> <span class='ocrx_word' id='word_1_53' title='bbox 963 767 1197 837; x_wconf 74' lang='grc' dir='ltr'>ἔφθασεν</span> <span class='ocrx_word' id='word_1_54' title='bbox 1231 766 1455 837; x_wconf 78' lang='grc' dir='ltr'>ἀρετήν.</span> <span class='ocrx_word' id='word_1_55' title='bbox 1486 766 1594 819; x_wconf 83' lang='lat' dir='ltr'><strong>K61</strong></span> <span class='ocrx_word' id='word_1_56' title='bbox 1620 763 1672 818; x_wconf 82' lang='lat' dir='ltr'><strong><em>:l</em></strong></span> <span class='ocrx_word' id='word_1_57' title='bbox 1699 762 1877 830; x_wconf 79' lang='grc' dir='ltr'>λέγως</span> 
     </span>
    </p>
   </div>
   <div class='ocr_carea' id='block_1_9' title="bbox 204 849 1882 932">
    <p class='ocr_par' dir='ltr' id='par_1_9' title="bbox 204 849 1882 932">
     <span class='ocr_line' id='line_1_9' title="bbox 204 849 1882 932; baseline -0.008 -16"><span class='ocrx_word' id='word_1_58' title='bbox 204 861 383 926; x_wconf 81' lang='grc' dir='ltr'>Αὐτὸς</span> <span class='ocrx_word' id='word_1_59' title='bbox 419 862 448 914; x_wconf 92' lang='lat'>6</span> <span class='ocrx_word' id='word_1_60' title='bbox 496 858 845 932; x_wconf 77' lang='grc' dir='ltr'>πατριάρχης</span> <span class='ocrx_word' id='word_1_61' title='bbox 884 854 1158 925; x_wconf 85' lang='grc' dir='ltr'>Ἀϐραὰμ,</span> <span class='ocrx_word' id='word_1_62' title='bbox 1201 854 1331 925; x_wconf 75' lang='grc' dir='ltr'>πρὶν</span> <span class='ocrx_word' id='word_1_63' title='bbox 1377 853 1409 923; x_wconf 74' lang='grc' dir='ltr'>ἢ</span> <span class='ocrx_word' id='word_1_64' title='bbox 1447 852 1548 921; x_wconf 76' lang='grc' dir='ltr'>τὴν</span> <span class='ocrx_word' id='word_1_65' title='bbox 1578 849 1882 923; x_wconf 85' lang='grc' dir='ltr'>περιτομὴν</span> 
     </span>
    </p>
   </div>
   <div class='ocr_carea' id='block_1_10' title="bbox 210 938 1884 1019">
    <p class='ocr_par' dir='ltr' id='par_1_10' title="bbox 210 938 1884 1019">
     <span class='ocr_line' id='line_1_10' title="bbox 210 938 1884 1019; baseline -0.01 -13"><span class='ocrx_word' id='word_1_66' title='bbox 210 950 484 1017; x_wconf 79' lang='grc' dir='ltr'>δέξασθαι,</span> <span class='ocrx_word' id='word_1_67' title='bbox 514 948 624 1004; x_wconf 85' lang='lat'><strong>61:6</strong></span> <span class='ocrx_word' id='word_1_68' title='bbox 656 947 758 1019; x_wconf 85' lang='grc' dir='ltr'>τῆς</span> <span class='ocrx_word' id='word_1_69' title='bbox 789 944 1026 1007; x_wconf 88' lang='grc' dir='ltr'>πίστεως</span> <span class='ocrx_word' id='word_1_70' title='bbox 1062 941 1230 1013; x_wconf 89' lang='grc' dir='ltr'>μόνης</span> <span class='ocrx_word' id='word_1_71' title='bbox 1274 938 1588 1010; x_wconf 71' lang='grc' dir='ltr'>ἐδικαιώθη.</span> <span class='ocrx_word' id='word_1_72' title='bbox 1629 939 1744 1009; x_wconf 76' lang='grc' dir='ltr'>Πρὸ</span> <span class='ocrx_word' id='word_1_73' title='bbox 1774 938 1884 1008; x_wconf 91' lang='grc' dir='ltr'>γὰρ</span> 
     </span>
    </p>
   </div>
   <div class='ocr_carea' id='block_1_11' title="bbox 208 1024 1889 1110">
    <p class='ocr_par' dir='ltr' id='par_1_11' title="bbox 208 1024 1889 1110">
     <span class='ocr_line' id='line_1_11' title="bbox 208 1024 1889 1110; baseline -0.009 -17"><span class='ocrx_word' id='word_1_74' title='bbox 208 1041 310 1110; x_wconf 87' lang='grc' dir='ltr'>τῆς</span> <span class='ocrx_word' id='word_1_75' title='bbox 342 1036 662 1110; x_wconf 76' lang='grc' dir='ltr'>περιτομῆς,</span> <span class='ocrx_word' id='word_1_76' title='bbox 701 1034 857 1105; x_wconf 80' lang='grc' dir='ltr'>φησὶ,</span> <span class='ocrx_word' id='word_1_77' title='bbox 882 1032 978 1086; x_wconf 88' lang='lat'><strong>1:61</strong></span> <span class='ocrx_word' id='word_1_78' title='bbox 1017 1030 1376 1085; x_wconf 83' lang='grc' dir='ltr'>Ἐπίστευσε</span> <span class='ocrx_word' id='word_1_79' title='bbox 1411 1027 1481 1081; x_wconf 75' lang='grc' dir='ltr'>δὲ</span> <span class='ocrx_word' id='word_1_80' title='bbox 1524 1027 1779 1095; x_wconf 79' lang='grc' dir='ltr'>Ἀϐραὰμ</span> <span class='ocrx_word' id='word_1_81' title='bbox 1809 1024 1889 1090; x_wconf 85' lang='grc' dir='ltr'>τῷ</span> 
     </span>
    </p>
   </div>
   <div class='ocr_carea' id='block_1_12' title="bbox 213 1113 1885 1192">
    <p class='ocr_par' dir='ltr' id='par_1_12' title="bbox 213 1113 1885 1192">
     <span class='ocr_line' id='line_1_12' title="bbox 213 1113 1885 1192; baseline -0.011 -9"><span class='ocrx_word' id='word_1_82' title='bbox 213 1126 358 1192; x_wconf 82' lang='grc' dir='ltr'>Θεῷ,</span> <span class='ocrx_word' id='word_1_83' title='bbox 391 1124 489 1179; x_wconf 80' lang='grc' dir='ltr'>καί</span> <span class='ocrx_word' id='word_1_84' title='bbox 523 1122 812 1192; x_wconf 73' lang='grc' dir='ltr'>ἐλογίσθη</span> <span class='ocrx_word' id='word_1_85' title='bbox 846 1117 1008 1185; x_wconf 82' lang='grc' dir='ltr'>αὑτῷ</span> <span class='ocrx_word' id='word_1_86' title='bbox 1043 1120 1133 1183; x_wconf 85' lang='grc' dir='ltr'>είς</span> <span class='ocrx_word' id='word_1_87' title='bbox 1160 1116 1574 1183; x_wconf 80' lang='grc' dir='ltr'>δικαιοσύνην.</span> <span class='ocrx_word' id='word_1_88' title='bbox 1610 1113 1676 1166; x_wconf 85' lang='grc' dir='ltr'>Τί</span> <span class='ocrx_word' id='word_1_89' title='bbox 1706 1113 1885 1166; x_wconf 81' lang='grc' dir='ltr'>τοίνυν</span> 
     </span>
    </p>
   </div>
   <div class='ocr_carea' id='block_1_13' title="bbox 217 1200 1885 1286">
    <p class='ocr_par' dir='ltr' id='par_1_13' title="bbox 217 1200 1885 1286">
     <span class='ocr_line' id='line_1_13' title="bbox 217 1200 1885 1286; baseline -0.009 -18"><span class='ocrx_word' id='word_1_90' title='bbox 217 1215 357 1286; x_wconf 85' lang='grc' dir='ltr'>μέγα</span> <span class='ocrx_word' id='word_1_91' title='bbox 385 1214 621 1284; x_wconf 78' lang='grc' dir='ltr'>φρονεῖς,</span> <span class='ocrx_word' id='word_1_92' title='bbox 654 1204 701 1264; x_wconf 79' lang='grc' dir='ltr'><strong>ὦ</strong></span> <span class='ocrx_word' id='word_1_93' title='bbox 750 1208 993 1268; x_wconf 79' lang='grc' dir='ltr'>Ἰουδαῖε,</span> <span class='ocrx_word' id='word_1_94' title='bbox 1037 1207 1130 1261; x_wconf 77' lang='grc' dir='ltr'>ἐπὶ</span> <span class='ocrx_word' id='word_1_95' title='bbox 1164 1208 1229 1277; x_wconf 77' lang='grc' dir='ltr'>τῇ</span> <span class='ocrx_word' id='word_1_96' title='bbox 1267 1206 1573 1275; x_wconf 68' lang='grc' dir='ltr'>περιτομῆς</span> <span class='ocrx_word' id='word_1_97' title='bbox 1606 1200 1885 1266; x_wconf 84' lang='grc' dir='ltr'>Μάνθανε,</span> 
     </span>
    </p>
   </div>
   <div class='ocr_carea' id='block_1_14' title="bbox 214 1289 1890 1375">
    <p class='ocr_par' dir='ltr' id='par_1_14' title="bbox 214 1289 1890 1375">
     <span class='ocr_line' id='line_1_14' title="bbox 214 1289 1890 1375; baseline -0.008 -18"><span class='ocrx_word' id='word_1_98' title='bbox 214 1305 297 1357; x_wconf 79' lang='grc' dir='ltr'>ὅτι</span> <span class='ocrx_word' id='word_1_99' title='bbox 340 1302 446 1375; x_wconf 76' lang='lat'><strong>1:96</strong></span> <span class='ocrx_word' id='word_1_100' title='bbox 500 1299 706 1369; x_wconf 78' lang='grc' dir='ltr'>ταύτης</span> <span class='ocrx_word' id='word_1_101' title='bbox 752 1296 938 1353; x_wconf 77' lang='grc' dir='ltr'>πολλοὶ</span> <span class='ocrx_word' id='word_1_102' title='bbox 992 1294 1189 1350; x_wconf 86' lang='grc' dir='ltr'>δίκαιοι</span> <span class='ocrx_word' id='word_1_103' title='bbox 1235 1293 1509 1363; x_wconf 78' lang='grc' dir='ltr'>γεγόνασι.</span> <span class='ocrx_word' id='word_1_104' title='bbox 1559 1291 1671 1344; x_wconf 83' lang='lat' dir='ltr'><strong>K61</strong></span> <span class='ocrx_word' id='word_1_105' title='bbox 1698 1289 1808 1359; x_wconf 86' lang='grc' dir='ltr'>γὰρ</span> <span class='ocrx_word' id='word_1_106' title='bbox 1861 1291 1890 1344; x_wconf 87' lang='lat'>6</span> 
     </span>
    </p>
   </div>
   <div class='ocr_carea' id='block_1_15' title="bbox 220 1377 1884 1458">
    <p class='ocr_par' dir='ltr' id='par_1_15' title="bbox 220 1377 1884 1458">
     <span class='ocr_line' id='line_1_15' title="bbox 220 1377 1884 1458; baseline -0.01 -14"><span class='ocrx_word' id='word_1_107' title='bbox 220 1390 387 1444; x_wconf 79' lang='grc' dir='ltr'>’Λϐελ</span> <span class='ocrx_word' id='word_1_108' title='bbox 415 1391 480 1443; x_wconf 87' lang='grc' dir='ltr'>ἐκ</span> <span class='ocrx_word' id='word_1_109' title='bbox 507 1389 740 1450; x_wconf 87' lang='grc' dir='ltr'>πίστεως</span> <span class='ocrx_word' id='word_1_110' title='bbox 763 1384 862 1457; x_wconf 82' lang='grc' dir='ltr'>τὴν</span> <span class='ocrx_word' id='word_1_111' title='bbox 895 1381 1258 1458; x_wconf 77' lang='grc' dir='ltr'>προσαγωγὴν</span> <span class='ocrx_word' id='word_1_112' title='bbox 1292 1380 1608 1451; x_wconf 81' lang='grc' dir='ltr'>ἐποιήσατο,</span> <span class='ocrx_word' id='word_1_113' title='bbox 1633 1377 1884 1447; x_wconf 85' lang='grc' dir='ltr'>καθάπερ</span> 
     </span>
    </p>
   </div>
   <div class='ocr_carea' id='block_1_16' title="bbox 218 1465 1889 1546">
    <p class='ocr_par' dir='ltr' id='par_1_16' title="bbox 218 1465 1889 1546">
     <span class='ocr_line' id='line_1_16' title="bbox 218 1465 1889 1546; baseline -0.01 -14"><span class='ocrx_word' id='word_1_114' title='bbox 218 1480 312 1531; x_wconf 74' lang='grc' dir='ltr'>καὶ</span> <span class='ocrx_word' id='word_1_115' title='bbox 360 1477 570 1540; x_wconf 85' lang='grc' dir='ltr'>Παῦλός</span> <span class='ocrx_word' id='word_1_116' title='bbox 617 1492 816 1546; x_wconf 78' lang='grc' dir='ltr'>φησιν’</span> <span class='ocrx_word' id='word_1_117' title='bbox 876 1473 1082 1527; x_wconf 83' lang='grc' dir='ltr'>Πίστει</span> <span class='ocrx_word' id='word_1_118' title='bbox 1136 1469 1391 1525; x_wconf 76' lang='grc' dir='ltr'>πλείονα</span> <span class='ocrx_word' id='word_1_119' title='bbox 1449 1466 1672 1521; x_wconf 80' lang='grc' dir='ltr'>θυσίαν</span> <span class='ocrx_word' id='word_1_120' title='bbox 1722 1465 1889 1516; x_wconf 72' lang='grc' dir='ltr'>Ἅϐελ</span> 
     </span>
    </p>
   </div>
   <div class='ocr_carea' id='block_1_17' title="bbox 218 1548 1890 1632">
    <p class='ocr_par' dir='ltr' id='par_1_17' title="bbox 218 1548 1890 1632">
     <span class='ocr_line' id='line_1_17' title="bbox 218 1548 1890 1632; baseline -0.011 -13"><span class='ocrx_word' id='word_1_121' title='bbox 218 1565 377 1632; x_wconf 86' lang='grc' dir='ltr'>παρὰ</span> <span class='ocrx_word' id='word_1_122' title='bbox 398 1564 548 1617; x_wconf 80' lang='grc' dir='ltr'>Κάτν</span> <span class='ocrx_word' id='word_1_123' title='bbox 579 1560 959 1631; x_wconf 71' lang='grc' dir='ltr'>προσήνεγκε</span> <span class='ocrx_word' id='word_1_124' title='bbox 983 1557 1063 1625; x_wconf 83' lang='grc' dir='ltr'>τῷ</span> <span class='ocrx_word' id='word_1_125' title='bbox 1089 1555 1212 1623; x_wconf 85' lang='grc' dir='ltr'>Θεῷ</span> <span class='ocrx_word' id='word_1_126' title='bbox 1235 1573 1248 1587; x_wconf 90' lang='grc'><strong>·</strong></span> <span class='ocrx_word' id='word_1_127' title='bbox 1281 1555 1375 1608; x_wconf 59' lang='grc' dir='ltr'>καὶ⁸</span> <span class='ocrx_word' id='word_1_128' title='bbox 1408 1552 1581 1622; x_wconf 87' lang='grc' dir='ltr'>Ἐνὼχ</span> <span class='ocrx_word' id='word_1_129' title='bbox 1605 1548 1890 1623; x_wconf 82' lang='grc' dir='ltr'>μετετέθη,</span> 
     </span>
    </p>
   </div>
   <div class='ocr_carea' id='block_1_18' title="bbox 219 1637 1894 1719">
    <p class='ocr_par' dir='ltr' id='par_1_18' title="bbox 219 1637 1894 1719">
     <span class='ocr_line' id='line_1_18' title="bbox 219 1637 1894 1719; baseline -0.01 -13"><span class='ocrx_word' id='word_1_130' title='bbox 219 1653 367 1706; x_wconf 86' lang='lat'><strong>1:616</strong></span> <span class='ocrx_word' id='word_1_131' title='bbox 394 1651 518 1706; x_wconf 82' lang='grc' dir='ltr'>Νῶε</span> <span class='ocrx_word' id='word_1_132' title='bbox 562 1649 707 1705; x_wconf 86' lang='grc' dir='ltr'>κατὰ</span> <span class='ocrx_word' id='word_1_133' title='bbox 732 1647 831 1719; x_wconf 83' lang='grc' dir='ltr'>τὴν</span> <span class='ocrx_word' id='word_1_134' title='bbox 868 1645 1067 1716; x_wconf 78' lang='grc' dir='ltr'>πολλὴν</span> <span class='ocrx_word' id='word_1_135' title='bbox 1117 1641 1465 1711; x_wconf 88' lang='grc' dir='ltr'>δικαιοσύνην</span> <span class='ocrx_word' id='word_1_136' title='bbox 1496 1639 1560 1693; x_wconf 87' lang='lat'>:6</span> <span class='ocrx_word' id='word_1_137' title='bbox 1604 1637 1894 1692; x_wconf 81' lang='grc' dir='ltr'>κλυδώνιον</span> 
     </span>
    </p>
   </div>
   <div class='ocr_carea' id='block_1_19' title="bbox 218 1724 1895 1810">
    <p class='ocr_par' dir='ltr' id='par_1_19' title="bbox 218 1724 1895 1810">
     <span class='ocr_line' id='line_1_19' title="bbox 218 1724 1895 1810; baseline -0.011 -15"><span class='ocrx_word' id='word_1_138' title='bbox 218 1743 398 1794; x_wconf 78' lang='grc' dir='ltr'>ἐκεῖνο</span> <span class='ocrx_word' id='word_1_139' title='bbox 428 1738 488 1794; x_wconf 85' lang='grc' dir='ltr'>τὸ</span> <span class='ocrx_word' id='word_1_140' title='bbox 526 1737 763 1810; x_wconf 87' lang='grc' dir='ltr'>χαλεπὸν</span> <span class='ocrx_word' id='word_1_141' title='bbox 798 1732 948 1807; x_wconf 71' lang='lat'>[259]</span> <span class='ocrx_word' id='word_1_142' title='bbox 986 1732 1237 1802; x_wconf 80' lang='grc' dir='ltr'>διέφυγε·</span> <span class='ocrx_word' id='word_1_143' title='bbox 1288 1731 1381 1784; x_wconf 86' lang='lat'><strong>1:61</strong></span> <span class='ocrx_word' id='word_1_144' title='bbox 1422 1730 1453 1783; x_wconf 90' lang='lat'>6</span> <span class='ocrx_word' id='word_1_145' title='bbox 1491 1727 1744 1796; x_wconf 84' lang='grc' dir='ltr'>Ἀϐραὰμ</span> <span class='ocrx_word' id='word_1_146' title='bbox 1786 1724 1895 1810; x_wconf 80' lang='grc' dir='ltr'>πρὸ</span> 
     </span>
    </p>
   </div>
   <div class='ocr_carea' id='block_1_20' title="bbox 218 1809 1898 1898">
    <p class='ocr_par' dir='ltr' id='par_1_20' title="bbox 218 1809 1898 1898">
     <span class='ocr_line' id='line_1_20' title="bbox 218 1809 1898 1898; baseline -0.011 -16"><span class='ocrx_word' id='word_1_147' title='bbox 218 1826 425 1898; x_wconf 91' lang='grc' dir='ltr'>ταύτης</span> <span class='ocrx_word' id='word_1_148' title='bbox 461 1826 569 1880; x_wconf 88' lang='lat'><strong>61:6</strong></span> <span class='ocrx_word' id='word_1_149' title='bbox 599 1824 701 1895; x_wconf 90' lang='grc' dir='ltr'>τῆς</span> <span class='ocrx_word' id='word_1_150' title='bbox 725 1824 802 1886; x_wconf 87' lang='grc' dir='ltr'>είς</span> <span class='ocrx_word' id='word_1_151' title='bbox 825 1822 919 1875; x_wconf 85' lang='grc' dir='ltr'>τὸν</span> <span class='ocrx_word' id='word_1_152' title='bbox 951 1819 1082 1872; x_wconf 87' lang='grc' dir='ltr'>Θεὸν</span> <span class='ocrx_word' id='word_1_153' title='bbox 1112 1817 1350 1880; x_wconf 86' lang='grc' dir='ltr'>πίστεως</span> <span class='ocrx_word' id='word_1_154' title='bbox 1382 1809 1898 1898; x_wconf 12' lang='grc' dir='ltr'>ὰνεκηρύχθη.7οὑ-</span> 
     </span>
    </p>
   </div>
   <div class='ocr_carea' id='block_1_21' title="bbox 220 1897 1900 1979">
    <p class='ocr_par' dir='ltr' id='par_1_21' title="bbox 220 1897 1900 1979">
     <span class='ocr_line' id='line_1_21' title="bbox 220 1897 1900 1979; baseline -0.01 -12"><span class='ocrx_word' id='word_1_155' title='bbox 220 1932 328 1978; x_wconf 87' lang='grc' dir='ltr'>τως</span> <span class='ocrx_word' id='word_1_156' title='bbox 357 1897 562 1967; x_wconf 87' lang='grc' dir='ltr'>ἀνωθεν</span> <span class='ocrx_word' id='word_1_157' title='bbox 594 1910 692 1965; x_wconf 80' lang='lat'><strong>1:61</strong></span> <span class='ocrx_word' id='word_1_158' title='bbox 729 1908 790 1974; x_wconf 78' lang='grc' dir='ltr'>ἐξ</span> <span class='ocrx_word' id='word_1_159' title='bbox 822 1907 999 1979; x_wconf 85' lang='grc' dir='ltr'>ἀρχῆς</span> <span class='ocrx_word' id='word_1_160' title='bbox 1032 1905 1141 1960; x_wconf 84' lang='lat'><strong>61:6</strong></span> <span class='ocrx_word' id='word_1_161' title='bbox 1183 1904 1417 1966; x_wconf 88' lang='grc' dir='ltr'>πίστεως</span> <span class='ocrx_word' id='word_1_162' title='bbox 1453 1901 1516 1956; x_wconf 89' lang='lat'>:6</span> <span class='ocrx_word' id='word_1_163' title='bbox 1549 1900 1658 1954; x_wconf 85' lang='grc' dir='ltr'>τῶν</span> <span class='ocrx_word' id='word_1_164' title='bbox 1689 1897 1900 1970; x_wconf 90' lang='grc' dir='ltr'>ἀνθρώ-</span> 
     </span>
    </p>
   </div>
   <div class='ocr_carea' id='block_1_22' title="bbox 224 1983 1900 2067">
    <p class='ocr_par' dir='ltr' id='par_1_22' title="bbox 224 1983 1900 2067">
     <span class='ocr_line' id='line_1_22' title="bbox 224 1983 1900 2067; baseline -0.009 -14"><span class='ocrx_word' id='word_1_165' title='bbox 224 2018 343 2053; x_wconf 89' lang='grc' dir='ltr'>πων</span> <span class='ocrx_word' id='word_1_166' title='bbox 379 1998 535 2067; x_wconf 88' lang='grc' dir='ltr'>γένος</span> <span class='ocrx_word' id='word_1_167' title='bbox 586 1996 685 2067; x_wconf 85' lang='grc' dir='ltr'>τῆς</span> <span class='ocrx_word' id='word_1_168' title='bbox 738 1993 1011 2064; x_wconf 76' lang='grc' dir='ltr'>σωτηρίας</span> <span class='ocrx_word' id='word_1_169' title='bbox 1044 1993 1298 2061; x_wconf 78' lang='grc' dir='ltr'>ἐπέτυχε.</span> <span class='ocrx_word' id='word_1_170' title='bbox 1342 1989 1442 2044; x_wconf 88' lang='grc' dir='ltr'>Διά</span> <span class='ocrx_word' id='word_1_171' title='bbox 1485 2004 1570 2041; x_wconf 88' lang='grc' dir='ltr'>τοι</span> <span class='ocrx_word' id='word_1_172' title='bbox 1598 1986 1757 2040; x_wconf 88' lang='grc' dir='ltr'>τοῦτο</span> <span class='ocrx_word' id='word_1_173' title='bbox 1805 1983 1900 2039; x_wconf 75' lang='grc' dir='ltr'>καὶ</span> 
     </span>
    </p>
   </div>
   <div class='ocr_carea' id='block_1_23' title="bbox 221 2071 1901 2152">
    <p class='ocr_par' dir='ltr' id='par_1_23' title="bbox 221 2071 1901 2152">
     <span class='ocr_line' id='line_1_23' title="bbox 221 2071 1901 2152; baseline -0.009 -13"><span class='ocrx_word' id='word_1_174' title='bbox 221 2086 325 2150; x_wconf 78' lang='grc' dir='ltr'>τὰς</span> <span class='ocrx_word' id='word_1_175' title='bbox 351 2083 543 2148; x_wconf 91' lang='grc' dir='ltr'>θυσίας</span> <span class='ocrx_word' id='word_1_176' title='bbox 581 2080 959 2152; x_wconf 80' lang='grc' dir='ltr'>συνεχώρησεν</span> <span class='ocrx_word' id='word_1_177' title='bbox 986 2081 1015 2132; x_wconf 91' lang='lat'>6</span> <span class='ocrx_word' id='word_1_178' title='bbox 1048 2078 1427 2150; x_wconf 78' lang='grc' dir='ltr'>φιλάνθρωπος</span> <span class='ocrx_word' id='word_1_179' title='bbox 1450 2074 1727 2144; x_wconf 84' lang='grc' dir='ltr'>Δεσπότης</span> <span class='ocrx_word' id='word_1_180' title='bbox 1750 2071 1901 2142; x_wconf 86' lang='grc' dir='ltr'>αὑτῷ</span> 
     </span>
    </p>
   </div>
   <div class='ocr_carea' id='block_1_24' title="bbox 223 2159 1903 2247">
    <p class='ocr_par' dir='ltr' id='par_1_24' title="bbox 223 2159 1903 2247">
     <span class='ocr_line' id='line_1_24' title="bbox 223 2159 1903 2247; baseline -0.011 -17"><span class='ocrx_word' id='word_1_181' title='bbox 223 2171 621 2247; x_wconf 74' lang='grc' dir='ltr'>προσάγεσθαι,</span> <span class='ocrx_word' id='word_1_182' title='bbox 654 2171 740 2224; x_wconf 82' lang='grc' dir='ltr'>ίνα</span> <span class='ocrx_word' id='word_1_183' title='bbox 777 2166 964 2238; x_wconf 84' lang='grc' dir='ltr'>ἐπειδὴ</span> <span class='ocrx_word' id='word_1_184' title='bbox 992 2166 1069 2220; x_wconf 81' lang='grc' dir='ltr'>ἔτι</span> <span class='ocrx_word' id='word_1_185' title='bbox 1099 2166 1451 2237; x_wconf 84' lang='grc' dir='ltr'>άτελέστερον</span> <span class='ocrx_word' id='word_1_186' title='bbox 1479 2164 1708 2217; x_wconf 85' lang='grc' dir='ltr'>διέκειτο</span> <span class='ocrx_word' id='word_1_187' title='bbox 1736 2162 1770 2232; x_wconf 80' lang='grc' dir='ltr'><strong>ἡ</strong></span> <span class='ocrx_word' id='word_1_188' title='bbox 1801 2159 1903 2231; x_wconf 82' lang='grc' dir='ltr'>φύ-</span> 
     </span>
    </p>
   </div>
   <div class='ocr_carea' id='block_1_25' title="bbox 228 2248 1903 2334">
    <p class='ocr_par' dir='ltr' id='par_1_25' title="bbox 228 2248 1903 2334">
     <span class='ocr_line' id='line_1_25' title="bbox 228 2248 1903 2334; baseline 0.002 -29"><span class='ocrx_word' id='word_1_189' title='bbox 228 2280 312 2327; x_wconf 72' lang='grc' dir='ltr'>εις</span> <span class='ocrx_word' id='word_1_190' title='bbox 345 2263 383 2334; x_wconf 66' lang='grc' dir='ltr'><strong>ἡ</strong></span> <span class='ocrx_word' id='word_1_191' title='bbox 412 2259 677 2333; x_wconf 66' lang='grc' dir='ltr'>ἡμετέρα,</span> <span class='ocrx_word' id='word_1_192' title='bbox 706 2254 842 2327; x_wconf 81' lang='grc' dir='ltr'>ὸμοῦ</span> <span class='ocrx_word' id='word_1_193' title='bbox 872 2257 964 2310; x_wconf 77' lang='grc' dir='ltr'>καὶ</span> <span class='ocrx_word' id='word_1_194' title='bbox 994 2254 1092 2326; x_wconf 73' lang='grc' dir='ltr'>τὴν</span> <span class='ocrx_word' id='word_1_195' title='bbox 1123 2253 1329 2307; x_wconf 75' lang='grc' dir='ltr'>οἰκείαν</span> <span class='ocrx_word' id='word_1_196' title='bbox 1358 2250 1780 2322; x_wconf 82' lang='grc' dir='ltr'>εὐγνωμοσύνην</span> <span class='ocrx_word' id='word_1_197' title='bbox 1804 2248 1903 2320; x_wconf 75' lang='grc' dir='ltr'>ἔχῃ</span> 
     </span>
    </p>
   </div>
   <div class='ocr_carea' id='block_1_26' title="bbox 227 2336 1900 2416">
    <p class='ocr_par' dir='ltr' id='par_1_26' title="bbox 227 2336 1900 2416">
     <span class='ocr_line' id='line_1_26' title="bbox 227 2336 1900 2416; baseline -0.009 -13"><span class='ocrx_word' id='word_1_198' title='bbox 227 2345 655 2408; x_wconf 83' lang='grc' dir='ltr'>ἐπιδείκνυσθαι,</span> <span class='ocrx_word' id='word_1_199' title='bbox 680 2344 775 2398; x_wconf 80' lang='lat'><strong>1:61</strong></span> <span class='ocrx_word' id='word_1_200' title='bbox 801 2344 901 2416; x_wconf 84' lang='grc' dir='ltr'>τῆς</span> <span class='ocrx_word' id='word_1_201' title='bbox 932 2342 1065 2415; x_wconf 84' lang='grc' dir='ltr'>πρὸς</span> <span class='ocrx_word' id='word_1_202' title='bbox 1088 2340 1155 2394; x_wconf 83' lang='grc' dir='ltr'>τὰ</span> <span class='ocrx_word' id='word_1_203' title='bbox 1185 2339 1379 2394; x_wconf 80' lang='grc' dir='ltr'>εἴδωλα</span> <span class='ocrx_word' id='word_1_204' title='bbox 1406 2337 1704 2411; x_wconf 82' lang='grc' dir='ltr'>θεραπείας</span> <span class='ocrx_word' id='word_1_205' title='bbox 1723 2336 1900 2407; x_wconf 90' lang='grc' dir='ltr'>πάντη</span> 
     </span>
    </p>
   </div>
   <div class='ocr_carea' id='block_1_27' title="bbox 225 2423 1905 2508">
    <p class='ocr_par' dir='ltr' id='par_1_27' title="bbox 225 2423 1905 2508">
     <span class='ocr_line' id='line_1_27' title="bbox 225 2423 1905 2508; baseline -0.008 -19"><span class='ocrx_word' id='word_1_206' title='bbox 225 2434 466 2508; x_wconf 79' lang='grc' dir='ltr'>διαφύγῃ</span> <span class='ocrx_word' id='word_1_207' title='bbox 516 2432 614 2504; x_wconf 80' lang='grc' dir='ltr'>τὴν</span> <span class='ocrx_word' id='word_1_208' title='bbox 650 2431 849 2502; x_wconf 90' lang='grc' dir='ltr'>λύμην.</span> <span class='ocrx_word' id='word_1_209' title='bbox 889 2430 955 2484; x_wconf 86' lang='grc' dir='ltr'>Εί</span> <span class='ocrx_word' id='word_1_210' title='bbox 993 2429 1123 2500; x_wconf 88' lang='grc' dir='ltr'>γὰρ,</span> <span class='ocrx_word' id='word_1_211' title='bbox 1165 2428 1260 2481; x_wconf 88' lang='lat'><strong>1:61</strong></span> <span class='ocrx_word' id='word_1_212' title='bbox 1294 2426 1564 2497; x_wconf 78' lang='grc' dir='ltr'>τοσαύτης</span> <span class='ocrx_word' id='word_1_213' title='bbox 1603 2423 1905 2496; x_wconf 82' lang='grc' dir='ltr'>γενομένης</span> 
     </span>
    </p>
   </div>
   <div class='ocr_carea' id='block_1_28' title="bbox 229 2510 1906 2592">
    <p class='ocr_par' dir='ltr' id='par_1_28' title="bbox 229 2510 1906 2592">
     <span class='ocr_line' id='line_1_28' title="bbox 229 2510 1906 2592; baseline -0.008 -15"><span class='ocrx_word' id='word_1_214' title='bbox 229 2520 712 2592; x_wconf 85' lang='grc' dir='ltr'>συγκαταϐάσεως,</span> <span class='ocrx_word' id='word_1_215' title='bbox 747 2519 899 2588; x_wconf 83' lang='grc' dir='ltr'>ὅμως</span> <span class='ocrx_word' id='word_1_216' title='bbox 945 2517 995 2570; x_wconf 87' lang='grc' dir='ltr'>οἱ</span> <span class='ocrx_word' id='word_1_217' title='bbox 1034 2515 1220 2569; x_wconf 81' lang='grc' dir='ltr'>πολλοὶ</span> <span class='ocrx_word' id='word_1_218' title='bbox 1260 2515 1322 2569; x_wconf 87' lang='grc' dir='ltr'>οὑ</span> <span class='ocrx_word' id='word_1_219' title='bbox 1371 2514 1625 2582; x_wconf 59' lang='grc' dir='ltr'>διέφυγον</span> <span class='ocrx_word' id='word_1_220' title='bbox 1672 2510 1765 2565; x_wconf 87' lang='grc' dir='ltr'>τὸν</span> <span class='ocrx_word' id='word_1_221' title='bbox 1796 2510 1906 2564; x_wconf 80' lang='lat'><strong>61:-</strong></span> 
     </span>
    </p>
   </div>
   <div class='ocr_carea' id='block_1_29' title="bbox 230 2598 1903 2680">
    <p class='ocr_par' dir='ltr' id='par_1_29' title="bbox 230 2598 1903 2680">
     <span class='ocr_line' id='line_1_29' title="bbox 230 2598 1903 2680; baseline -0.008 -15"><span class='ocrx_word' id='word_1_222' title='bbox 230 2610 377 2674; x_wconf 85' lang='grc' dir='ltr'>σθον,</span> <span class='ocrx_word' id='word_1_223' title='bbox 404 2611 454 2663; x_wconf 89' lang='grc' dir='ltr'>εί</span> <span class='ocrx_word' id='word_1_224' title='bbox 496 2609 571 2680; x_wconf 79' lang='grc' dir='ltr'>μὴ</span> <span class='ocrx_word' id='word_1_225' title='bbox 610 2606 770 2661; x_wconf 86' lang='grc' dir='ltr'>τοῦτο</span> <span class='ocrx_word' id='word_1_226' title='bbox 811 2604 1025 2675; x_wconf 84' lang='grc' dir='ltr'>γέγονε,</span> <span class='ocrx_word' id='word_1_227' title='bbox 1057 2604 1177 2667; x_wconf 81' lang='grc' dir='ltr'>πῶς</span> <span class='ocrx_word' id='word_1_228' title='bbox 1220 2603 1286 2657; x_wconf 80' lang='grc' dir='ltr'>ἄν</span> <span class='ocrx_word' id='word_1_229' title='bbox 1319 2620 1405 2666; x_wconf 89' lang='grc' dir='ltr'>τις</span> <span class='ocrx_word' id='word_1_230' title='bbox 1434 2601 1532 2673; x_wconf 80' lang='grc' dir='ltr'>τὴν</span> <span class='ocrx_word' id='word_1_231' title='bbox 1579 2599 1790 2654; x_wconf 81' lang='grc' dir='ltr'>ἐκεῖθεν</span> <span class='ocrx_word' id='word_1_232' title='bbox 1820 2598 1903 2653; x_wconf 87' lang='grc' dir='ltr'>δι-</span> 
     </span>
    </p>
   </div>
   <div class='ocr_carea' id='block_1_30' title="bbox 228 2685 1907 2769">
    <p class='ocr_par' dir='ltr' id='par_1_30' title="bbox 228 2685 1907 2769">
     <span class='ocr_line' id='line_1_30' title="bbox 228 2685 1907 2769; baseline -0.008 -16"><span class='ocrx_word' id='word_1_233' title='bbox 228 2701 398 2769; x_wconf 81' lang='grc' dir='ltr'>έφυγε</span> <span class='ocrx_word' id='word_1_234' title='bbox 433 2695 666 2769; x_wconf 87' lang='grc' dir='ltr'>βλάϐην;</span> <span class='ocrx_word' id='word_1_235' title='bbox 707 2694 817 2750; x_wconf 84' lang='lat' dir='ltr'><strong><em>Kal</em></strong></span> <span class='ocrx_word' id='word_1_236' title='bbox 840 2691 1164 2762; x_wconf 65' lang='grc' dir='ltr'>ώσφράνθη</span> <span class='ocrx_word' id='word_1_237' title='bbox 1197 2690 1416 2760; x_wconf 77' lang='grc' dir='ltr'>Κύριος</span> <span class='ocrx_word' id='word_1_238' title='bbox 1453 2694 1487 2745; x_wconf 82' lang='grc' dir='ltr'><em>ὁ</em></span> <span class='ocrx_word' id='word_1_239' title='bbox 1520 2688 1663 2756; x_wconf 84' lang='grc' dir='ltr'>Θεὸς</span> <span class='ocrx_word' id='word_1_240' title='bbox 1704 2685 1907 2758; x_wconf 77' lang='grc' dir='ltr'>ὀσμὴν</span> 
     </span>
    </p>
   </div>
   <div class='ocr_carea' id='block_1_31' title="bbox 226 2774 1907 2852">
    <p class='ocr_par' dir='ltr' id='par_1_31' title="bbox 226 2774 1907 2852">
     <span class='ocr_line' id='line_1_31' title="bbox 226 2774 1907 2852; baseline -0.009 -9"><span class='ocrx_word' id='word_1_241' title='bbox 226 2786 502 2852; x_wconf 76' lang='grc' dir='ltr'>εὐωδίας.</span> <span class='ocrx_word' id='word_1_242' title='bbox 544 2783 683 2840; x_wconf 79' lang='grc' dir='ltr'>Ἀλλ’</span> <span class='ocrx_word' id='word_1_243' title='bbox 720 2783 820 2836; x_wconf 91' lang='grc' dir='ltr'>οὑκ</span> <span class='ocrx_word' id='word_1_244' title='bbox 846 2781 939 2835; x_wconf 71' lang='grc' dir='ltr'>ἐπὶ</span> <span class='ocrx_word' id='word_1_245' title='bbox 981 2780 1091 2833; x_wconf 84' lang='grc' dir='ltr'>τῶν</span> <span class='ocrx_word' id='word_1_246' title='bbox 1130 2778 1460 2850; x_wconf 88' lang='grc' dir='ltr'>ἀγνωμόνων</span> <span class='ocrx_word' id='word_1_247' title='bbox 1510 2775 1779 2832; x_wconf 80' lang='grc' dir='ltr'>Ἰουδαίων</span> <span class='ocrx_word' id='word_1_248' title='bbox 1816 2774 1907 2829; x_wconf 81' lang='grc' dir='ltr'>οὑ-</span> 
     </span>
    </p>
   </div>
   <div class='ocr_carea' id='block_1_32' title="bbox 228 2865 1910 2942">
    <p class='ocr_par' dir='ltr' id='par_1_32' title="bbox 228 2865 1910 2942">
     <span class='ocr_line' id='line_1_32' title="bbox 228 2865 1910 2942; baseline -0.007 -12"><span class='ocrx_word' id='word_1_249' title='bbox 228 2894 339 2941; x_wconf 88' lang='grc' dir='ltr'>τως</span> <span class='ocrx_word' id='word_1_250' title='bbox 360 2892 377 2909; x_wconf 79' lang='grc' dir='ltr'><strong><em>ο</em></strong></span> <span class='ocrx_word' id='word_1_251' title='bbox 406 2874 542 2930; x_wconf 89' lang='lat'><strong>6116</strong></span> <span class='ocrx_word' id='word_1_252' title='bbox 566 2873 619 2928; x_wconf 87' lang='grc' dir='ltr'>τί</span> <span class='ocrx_word' id='word_1_253' title='bbox 634 2889 649 2940; x_wconf 91' lang='lat'>;</span> <span class='ocrx_word' id='word_1_254' title='bbox 680 2873 879 2926; x_wconf 81' lang='grc' dir='ltr'>’Δκουε</span> <span class='ocrx_word' id='word_1_255' title='bbox 899 2869 993 2925; x_wconf 88' lang='grc' dir='ltr'>τοῦ</span> <span class='ocrx_word' id='word_1_256' title='bbox 1020 2871 1300 2942; x_wconf 74' lang='grc' dir='ltr'>προφήτου</span> <span class='ocrx_word' id='word_1_257' title='bbox 1330 2868 1600 2937; x_wconf 86' lang='grc' dir='ltr'>λέγοντος,</span> <span class='ocrx_word' id='word_1_258' title='bbox 1636 2865 1910 2935; x_wconf 83' lang='grc' dir='ltr'>Θυμίαμα</span> 
     </span>
    </p>
   </div>
   <div class='ocr_carea' id='block_1_33' title="bbox 229 2952 1909 3032">
    <p class='ocr_par' dir='ltr' id='par_1_33' title="bbox 229 2952 1909 3032">
     <span class='ocr_line' id='line_1_33' title="bbox 229 2952 1909 3032; baseline -0.008 -14"><span class='ocrx_word' id='word_1_259' title='bbox 229 2966 321 3030; x_wconf 77' lang='grc' dir='ltr'>είς</span> <span class='ocrx_word' id='word_1_260' title='bbox 366 2959 686 3032; x_wconf 71' lang='grc' dir='ltr'>,ϐδέλυγμά</span> <span class='ocrx_word' id='word_1_261' title='bbox 735 2977 836 3031; x_wconf 87' lang='grc' dir='ltr'>μοι</span> <span class='ocrx_word' id='word_1_262' title='bbox 894 2958 1048 3022; x_wconf 75' lang='grc' dir='ltr'>ἐστι,</span> <span class='ocrx_word' id='word_1_263' title='bbox 1091 2957 1372 3029; x_wconf 76' lang='grc' dir='ltr'>μονονουχὶ</span> <span class='ocrx_word' id='word_1_264' title='bbox 1420 2952 1757 3016; x_wconf 87' lang='grc' dir='ltr'>δεικνύοντος</span> <span class='ocrx_word' id='word_1_265' title='bbox 1808 2955 1909 3022; x_wconf 79' lang='grc' dir='ltr'>τῆς</span> 
     </span>
    </p>
   </div>
   <div class='ocr_carea' id='block_1_34' title="bbox 231 3039 1909 3125">
    <p class='ocr_par' dir='ltr' id='par_1_34' title="bbox 231 3039 1909 3125">
     <span class='ocr_line' id='line_1_34' title="bbox 231 3039 1909 3125; baseline -0.008 -19"><span class='ocrx_word' id='word_1_266' title='bbox 231 3050 604 3125; x_wconf 82' lang='grc' dir='ltr'>προαιρέσεως</span> <span class='ocrx_word' id='word_1_267' title='bbox 648 3047 758 3102; x_wconf 86' lang='grc' dir='ltr'>τῶν</span> <span class='ocrx_word' id='word_1_268' title='bbox 796 3044 1183 3119; x_wconf 85' lang='grc' dir='ltr'>προσαγόντων</span> <span class='ocrx_word' id='word_1_269' title='bbox 1213 3047 1313 3115; x_wconf 81' lang='grc' dir='ltr'>τὴν</span> <span class='ocrx_word' id='word_1_270' title='bbox 1366 3040 1690 3113; x_wconf 88' lang='grc' dir='ltr'>μοχθηρίαν.</span> <span class='ocrx_word' id='word_1_271' title='bbox 1723 3039 1909 3093; x_wconf 81' lang='grc' dir='ltr'>Καθά-</span> 
     </span>
    </p>
   </div>
   <div class='ocr_carea' id='block_1_35' title="bbox 232 3127 1908 3211">
    <p class='ocr_par' dir='ltr' id='par_1_35' title="bbox 232 3127 1908 3211">
     <span class='ocr_line' id='line_1_35' title="bbox 232 3127 1908 3211; baseline -0.008 -19"><span class='ocrx_word' id='word_1_272' title='bbox 232 3154 344 3211; x_wconf 82' lang='grc' dir='ltr'>περ</span> <span class='ocrx_word' id='word_1_273' title='bbox 375 3138 484 3209; x_wconf 88' lang='grc' dir='ltr'>γὰρ</span> <span class='ocrx_word' id='word_1_274' title='bbox 524 3134 760 3190; x_wconf 85' lang='grc' dir='ltr'>ἐνταῦθα</span> <span class='ocrx_word' id='word_1_275' title='bbox 786 3136 821 3205; x_wconf 80' lang='grc' dir='ltr'><strong>ἡ</strong></span> <span class='ocrx_word' id='word_1_276' title='bbox 867 3133 962 3188; x_wconf 90' lang='grc' dir='ltr'>τοῦ</span> <span class='ocrx_word' id='word_1_277' title='bbox 989 3131 1201 3187; x_wconf 77' lang='grc' dir='ltr'>δικαίου</span> <span class='ocrx_word' id='word_1_278' title='bbox 1247 3130 1419 3202; x_wconf 73' lang='grc' dir='ltr'>ἀρετὴ</span> <span class='ocrx_word' id='word_1_279' title='bbox 1448 3129 1539 3183; x_wconf 81' lang='grc' dir='ltr'>τὸν</span> <span class='ocrx_word' id='word_1_280' title='bbox 1580 3127 1786 3182; x_wconf 83' lang='grc' dir='ltr'>καπνὸν</span> <span class='ocrx_word' id='word_1_281' title='bbox 1814 3128 1908 3180; x_wconf 73' lang='grc' dir='ltr'>καὶ</span> 
     </span>
    </p>
   </div>
   <div class='ocr_carea' id='block_1_36' title="bbox 231 3212 1907 3297">
    <p class='ocr_par' dir='ltr' id='par_1_36' title="bbox 231 3212 1907 3297">
     <span class='ocr_line' id='line_1_36' title="bbox 231 3212 1907 3297; baseline -0.008 -18"><span class='ocrx_word' id='word_1_282' title='bbox 231 3226 334 3297; x_wconf 74' lang='grc' dir='ltr'>τὴν</span> <span class='ocrx_word' id='word_1_283' title='bbox 371 3224 593 3279; x_wconf 89' lang='grc' dir='ltr'>κνίσσαν</span> <span class='ocrx_word' id='word_1_284' title='bbox 630 3222 806 3294; x_wconf 80' lang='grc' dir='ltr'>ὀσμὴν</span> <span class='ocrx_word' id='word_1_285' title='bbox 842 3220 1067 3284; x_wconf 81' lang='grc' dir='ltr'>εὐωδίας</span> <span class='ocrx_word' id='word_1_286' title='bbox 1103 3217 1419 3290; x_wconf 88' lang='grc' dir='ltr'>είργάσατο,</span> <span class='ocrx_word' id='word_1_287' title='bbox 1445 3213 1619 3280; x_wconf 86' lang='grc' dir='ltr'>οὑτως</span> <span class='ocrx_word' id='word_1_288' title='bbox 1655 3215 1741 3268; x_wconf 83' lang='grc' dir='ltr'>ἐπ’</span> <span class='ocrx_word' id='word_1_289' title='bbox 1763 3212 1907 3267; x_wconf 86' lang='grc' dir='ltr'>ἐκεί-</span> 
     </span>
    </p>
   </div>
   <div class='ocr_carea' id='block_1_37' title="bbox 232 3301 1908 3385">
    <p class='ocr_par' dir='ltr' id='par_1_37' title="bbox 232 3301 1908 3385">
     <span class='ocr_line' id='line_1_37' title="bbox 232 3301 1908 3385; baseline -0.009 -16"><span class='ocrx_word' id='word_1_290' title='bbox 232 3332 340 3369; x_wconf 78' lang='grc' dir='ltr'>νων</span> <span class='ocrx_word' id='word_1_291' title='bbox 369 3315 403 3385; x_wconf 80' lang='grc' dir='ltr'><strong>ἡ</strong></span> <span class='ocrx_word' id='word_1_292' title='bbox 429 3312 537 3368; x_wconf 83' lang='grc' dir='ltr'>τῶν</span> <span class='ocrx_word' id='word_1_293' title='bbox 568 3310 952 3384; x_wconf 81' lang='grc' dir='ltr'>προσαγόντων</span> <span class='ocrx_word' id='word_1_294' title='bbox 986 3307 1221 3379; x_wconf 87' lang='grc' dir='ltr'>πονηρία</span> <span class='ocrx_word' id='word_1_295' title='bbox 1249 3305 1312 3360; x_wconf 84' lang='lat'>:6</span> <span class='ocrx_word' id='word_1_296' title='bbox 1342 3304 1595 3375; x_wconf 88' lang='grc' dir='ltr'>θυμίαμα</span> <span class='ocrx_word' id='word_1_297' title='bbox 1619 3303 1682 3356; x_wconf 91' lang='lat'>:6</span> <span class='ocrx_word' id='word_1_298' title='bbox 1712 3301 1908 3364; x_wconf 82' lang='grc' dir='ltr'>εὑῶδες</span> 
     </span>
    </p>
   </div>
   <div class='ocr_carea' id='block_1_38' title="bbox 234 3387 1908 3470">
    <p class='ocr_par' dir='ltr' id='par_1_38' title="bbox 234 3387 1908 3470">
     <span class='ocr_line' id='line_1_38' title="bbox 234 3387 1908 3470; baseline -0.008 -17"><span class='ocrx_word' id='word_1_299' title='bbox 234 3402 316 3464; x_wconf 85' lang='grc' dir='ltr'>είς</span> <span class='ocrx_word' id='word_1_300' title='bbox 355 3400 632 3470; x_wconf 74' lang='grc' dir='ltr'>βδέλυγμα</span> <span class='ocrx_word' id='word_1_301' title='bbox 682 3396 1052 3467; x_wconf 78' lang='grc' dir='ltr'>ὸσφρανθῆναι</span> <span class='ocrx_word' id='word_1_302' title='bbox 1101 3407 1129 3436; x_wconf 78' lang='grc' dir='ltr'>ι</span> <span class='ocrx_word' id='word_1_303' title='bbox 1175 3391 1579 3464; x_wconf 76' lang='grc' dir='ltr'>παρεσκεύασε.</span> <span class='ocrx_word' id='word_1_304' title='bbox 1628 3387 1908 3460; x_wconf 88' lang='grc' dir='ltr'>Πανταχοῦ</span> 
     </span>
    </p>
   </div>
   <div class='ocr_carea' id='block_1_39' title="bbox 232 3476 1911 3555">
    <p class='ocr_par' dir='ltr' id='par_1_39' title="bbox 232 3476 1911 3555">
     <span class='ocr_line' id='line_1_39' title="bbox 232 3476 1911 3555; baseline -0.008 -13"><span class='ocrx_word' id='word_1_305' title='bbox 232 3488 417 3543; x_wconf 81' lang='grc' dir='ltr'>τοίνυν</span> <span class='ocrx_word' id='word_1_306' title='bbox 462 3485 871 3555; x_wconf 77' lang='grc' dir='ltr'>σπουδὰζωμεν,</span> <span class='ocrx_word' id='word_1_307' title='bbox 909 3480 1237 3552; x_wconf 84' lang='grc' dir='ltr'>παρακαλῶ,</span> <span class='ocrx_word' id='word_1_308' title='bbox 1264 3479 1492 3551; x_wconf 80' lang='grc' dir='ltr'>γνώμην</span> <span class='ocrx_word' id='word_1_309' title='bbox 1535 3477 1665 3548; x_wconf 83' lang='grc' dir='ltr'>ὑγιῆ</span> <span class='ocrx_word' id='word_1_310' title='bbox 1708 3476 1911 3529; x_wconf 82' lang='grc' dir='ltr'>ἐπιδεί-</span> 
     </span>
    </p>
   </div>
   <div class='ocr_carea' id='block_1_40' title="bbox 238 3561 1910 3643">
    <p class='ocr_par' dir='ltr' id='par_1_40' title="bbox 238 3561 1910 3643">
     <span class='ocr_line' id='line_1_40' title="bbox 238 3561 1910 3643; baseline -0.007 -14"><span class='ocrx_word' id='word_1_311' title='bbox 238 3574 491 3630; x_wconf 86' lang='grc' dir='ltr'>κνυσθαι.</span> <span class='ocrx_word' id='word_1_312' title='bbox 532 3572 681 3642; x_wconf 82' lang='grc' dir='ltr'>Αὑτη</span> <span class='ocrx_word' id='word_1_313' title='bbox 719 3571 828 3643; x_wconf 90' lang='grc' dir='ltr'>γὰρ</span> <span class='ocrx_word' id='word_1_314' title='bbox 856 3569 1007 3623; x_wconf 87' lang='grc' dir='ltr'>αίτία</span> <span class='ocrx_word' id='word_1_315' title='bbox 1034 3568 1243 3636; x_wconf 84' lang='grc' dir='ltr'>γίνεται</span> <span class='ocrx_word' id='word_1_316' title='bbox 1276 3566 1496 3620; x_wconf 79' lang='grc' dir='ltr'>πάντων</span> <span class='ocrx_word' id='word_1_317' title='bbox 1526 3564 1637 3618; x_wconf 85' lang='grc' dir='ltr'>τῶν</span> <span class='ocrx_word' id='word_1_318' title='bbox 1671 3561 1910 3631; x_wconf 82' lang='grc' dir='ltr'>ἀγαθῶν.</span> 
     </span>
    </p>
   </div>
   <div class='ocr_carea' id='block_1_41' title="bbox 249 3648 1916 3733">
    <p class='ocr_par' dir='ltr' id='par_1_41' title="bbox 249 3648 1916 3733">
     <span class='ocr_line' id='line_1_41' title="bbox 249 3648 1916 3733; baseline -0.008 -17"><span class='ocrx_word' id='word_1_319' title='bbox 249 3662 312 3715; x_wconf 87' lang='lat'><strong>&#39;0</strong></span> <span class='ocrx_word' id='word_1_320' title='bbox 338 3660 449 3733; x_wconf 79' lang='grc' dir='ltr'>γὰρ</span> <span class='ocrx_word' id='word_1_321' title='bbox 479 3657 683 3729; x_wconf 80' lang='grc' dir='ltr'>ἀγαθὸς</span> <span class='ocrx_word' id='word_1_322' title='bbox 711 3657 989 3728; x_wconf 80' lang='grc' dir='ltr'>Δεσπότης</span> <span class='ocrx_word' id='word_1_323' title='bbox 1022 3656 1084 3709; x_wconf 91' lang='grc' dir='ltr'>οὑ</span> <span class='ocrx_word' id='word_1_324' title='bbox 1116 3656 1232 3718; x_wconf 81' lang='grc' dir='ltr'>τοῖς</span> <span class='ocrx_word' id='word_1_325' title='bbox 1260 3655 1390 3725; x_wconf 84' lang='grc' dir='ltr'>παρ’</span> <span class='ocrx_word' id='word_1_326' title='bbox 1415 3651 1576 3723; x_wconf 73' lang='grc' dir='ltr'>ἡμῶν</span> <span class='ocrx_word' id='word_1_327' title='bbox 1611 3648 1916 3721; x_wconf 71' lang='grc' dir='ltr'>γινομένοις</span> 
     </span>
    </p>
   </div>
   <div class='ocr_carea' id='block_1_42' title="bbox 240 3734 1916 3821">
    <p class='ocr_par' dir='ltr' id='par_1_42' title="bbox 240 3734 1916 3821">
     <span class='ocr_line' id='line_1_42' title="bbox 240 3734 1916 3821; baseline -0.008 -17"><span class='ocrx_word' id='word_1_328' title='bbox 240 3749 531 3821; x_wconf 78' lang='grc' dir='ltr'>προσέχειν</span> <span class='ocrx_word' id='word_1_329' title='bbox 554 3746 743 3801; x_wconf 83' lang='grc' dir='ltr'>είωθεν</span> <span class='ocrx_word' id='word_1_330' title='bbox 766 3745 844 3809; x_wconf 83' lang='grc' dir='ltr'>ὡς</span> <span class='ocrx_word' id='word_1_331' title='bbox 863 3746 931 3816; x_wconf 75' lang='grc' dir='ltr'>τῇ</span> <span class='ocrx_word' id='word_1_332' title='bbox 961 3742 1173 3797; x_wconf 73' lang='grc' dir='ltr'>ἔνδοθεν</span> <span class='ocrx_word' id='word_1_333' title='bbox 1192 3742 1421 3813; x_wconf 78' lang='grc' dir='ltr'>διανοίᾳ,</span> <span class='ocrx_word' id='word_1_334' title='bbox 1442 3739 1538 3809; x_wconf 80' lang='grc' dir='ltr'>ἀφ’</span> <span class='ocrx_word' id='word_1_335' title='bbox 1562 3734 1629 3811; x_wconf 80' lang='grc' dir='ltr'>ἦς</span> <span class='ocrx_word' id='word_1_336' title='bbox 1657 3737 1916 3811; x_wconf 72' lang='grc' dir='ltr'>ὁρμώμεο</span> 
     </span>
    </p>
   </div>
   <div class='ocr_carea' id='block_1_43' title="bbox 239 3827 1913 3905">
    <p class='ocr_par' dir='ltr' id='par_1_43' title="bbox 239 3827 1913 3905">
     <span class='ocr_line' id='line_1_43' title="bbox 239 3827 1913 3905; baseline -0.006 -14"><span class='ocrx_word' id='word_1_337' title='bbox 239 3856 323 3891; x_wconf 84' lang='grc' dir='ltr'>νοι</span> <span class='ocrx_word' id='word_1_338' title='bbox 365 3835 543 3891; x_wconf 85' lang='grc' dir='ltr'>ταῦτα</span> <span class='ocrx_word' id='word_1_339' title='bbox 568 3831 1035 3905; x_wconf 87' lang='grc' dir='ltr'>διαπραττόμεθα.</span> <span class='ocrx_word' id='word_1_340' title='bbox 1078 3830 1174 3885; x_wconf 79' lang='grc' dir='ltr'>καὶ</span> <span class='ocrx_word' id='word_1_341' title='bbox 1206 3828 1345 3902; x_wconf 83' lang='grc' dir='ltr'>πρὸς</span> <span class='ocrx_word' id='word_1_342' title='bbox 1392 3829 1610 3899; x_wconf 79' lang='grc' dir='ltr'>ἐκείνην</span> <span class='ocrx_word' id='word_1_343' title='bbox 1640 3828 1852 3898; x_wconf 77' lang='grc' dir='ltr'>βλέπων</span> <span class='ocrx_word' id='word_1_344' title='bbox 1880 3827 1913 3897; x_wconf 79' lang='grc' dir='ltr'>ἢ</span> 
     </span>
    </p>
   </div>
   <div class='ocr_carea' id='block_1_44' title="bbox 242 3917 1914 3998">
    <p class='ocr_par' dir='ltr' id='par_1_44' title="bbox 242 3917 1914 3998">
     <span class='ocr_line' id='line_1_44' title="bbox 242 3917 1914 3998; baseline -0.005 -19"><span class='ocrx_word' id='word_1_345' title='bbox 242 3924 532 3998; x_wconf 87' lang='grc' dir='ltr'>προσίεται</span> <span class='ocrx_word' id='word_1_346' title='bbox 564 3923 635 3980; x_wconf 94' lang='lat'>:6</span> <span class='ocrx_word' id='word_1_347' title='bbox 663 3923 753 3992; x_wconf 75' lang='grc' dir='ltr'>ὑφ’</span> <span class='ocrx_word' id='word_1_348' title='bbox 782 3920 941 3994; x_wconf 78' lang='grc' dir='ltr'>ἡμῶν</span> <span class='ocrx_word' id='word_1_349' title='bbox 977 3921 1261 3990; x_wconf 84' lang='grc' dir='ltr'>γινόμενα,</span> <span class='ocrx_word' id='word_1_350' title='bbox 1288 3919 1322 3991; x_wconf 77' lang='grc' dir='ltr'>ἦ</span> <span class='ocrx_word' id='word_1_351' title='bbox 1347 3917 1777 3990; x_wconf 77' lang='grc' dir='ltr'>ἀποστρέφεται.</span> <span class='ocrx_word' id='word_1_352' title='bbox 1798 3917 1914 3971; x_wconf 77' lang='grc' dir='ltr'>Κάν</span> 
     </span>
    </p>
   </div>
   <div class='ocr_carea' id='block_1_45' title="bbox 239 4006 1919 4085">
    <p class='ocr_par' dir='ltr' id='par_1_45' title="bbox 239 4006 1919 4085">
     <span class='ocr_line' id='line_1_45' title="bbox 239 4006 1919 4085; baseline -0.005 -16"><span class='ocrx_word' id='word_1_353' title='bbox 239 4031 302 4069; x_wconf 84' lang='grc' dir='ltr'>τε</span> <span class='ocrx_word' id='word_1_354' title='bbox 331 4009 426 4068; x_wconf 75' lang='grc' dir='ltr'>οὖν</span> <span class='ocrx_word' id='word_1_355' title='bbox 470 4011 778 4085; x_wconf 81' lang='grc' dir='ltr'>εὐχώμεθα,</span> <span class='ocrx_word' id='word_1_356' title='bbox 813 4013 914 4067; x_wconf 83' lang='grc' dir='ltr'>κάν</span> <span class='ocrx_word' id='word_1_357' title='bbox 951 4028 1011 4065; x_wconf 86' lang='grc' dir='ltr'>τε</span> <span class='ocrx_word' id='word_1_358' title='bbox 1042 4008 1412 4080; x_wconf 80' lang='grc' dir='ltr'>νηστεύωμεν,</span> <span class='ocrx_word' id='word_1_359' title='bbox 1460 4008 1561 4063; x_wconf 86' lang='grc' dir='ltr'>κάν</span> <span class='ocrx_word' id='word_1_360' title='bbox 1587 4025 1647 4062; x_wconf 86' lang='grc' dir='ltr'>τε</span> <span class='ocrx_word' id='word_1_361' title='bbox 1691 4006 1919 4079; x_wconf 79' lang='grc' dir='ltr'>ἐλεημο-</span> 
     </span>
    </p>
   </div>
   <div class='ocr_carea' id='block_1_46' title="bbox 243 4094 1919 4173">
    <p class='ocr_par' dir='ltr' id='par_1_46' title="bbox 243 4094 1919 4173">
     <span class='ocr_line' id='line_1_46' title="bbox 243 4094 1919 4173; baseline -0.006 -17"><span class='ocrx_word' id='word_1_362' title='bbox 243 4100 414 4173; x_wconf 85' lang='grc' dir='ltr'>σύνην</span> <span class='ocrx_word' id='word_1_363' title='bbox 449 4099 809 4173; x_wconf 77' lang='grc' dir='ltr'>ἐργαζώμεθα</span> <span class='ocrx_word' id='word_1_364' title='bbox 833 4094 1015 4167; x_wconf 72' lang='grc' dir='ltr'>(αὗται</span> <span class='ocrx_word' id='word_1_365' title='bbox 1051 4097 1161 4169; x_wconf 84' lang='grc' dir='ltr'>γὰρ</span> <span class='ocrx_word' id='word_1_366' title='bbox 1189 4098 1345 4167; x_wconf 80' lang='grc' dir='ltr'>ἡμῶν</span> <span class='ocrx_word' id='word_1_367' title='bbox 1373 4099 1510 4151; x_wconf 87' lang='grc' dir='ltr'>είσιν</span> <span class='ocrx_word' id='word_1_368' title='bbox 1539 4098 1595 4150; x_wconf 87' lang='grc' dir='ltr'>αί</span> <span class='ocrx_word' id='word_1_369' title='bbox 1622 4110 1919 4164; x_wconf 84' lang='grc' dir='ltr'>πνευματι-</span> 
     </span>
    </p>
   </div>
   <div class='ocr_carea' id='block_1_47' title="bbox 242 4182 1922 4257">
    <p class='ocr_par' dir='ltr' id='par_1_47' title="bbox 242 4182 1922 4257">
     <span class='ocr_line' id='line_1_47' title="bbox 242 4182 1922 4257; baseline -0.007 -13"><span class='ocrx_word' id='word_1_370' title='bbox 242 4191 339 4244; x_wconf 85' lang='lat'><strong>1:61</strong></span> <span class='ocrx_word' id='word_1_371' title='bbox 374 4188 601 4255; x_wconf 84' lang='grc' dir='ltr'>θυσίαι),</span> <span class='ocrx_word' id='word_1_372' title='bbox 628 4188 729 4242; x_wconf 87' lang='grc' dir='ltr'>κάν</span> <span class='ocrx_word' id='word_1_373' title='bbox 758 4203 818 4240; x_wconf 86' lang='grc' dir='ltr'>τε</span> <span class='ocrx_word' id='word_1_374' title='bbox 856 4185 1044 4257; x_wconf 70' lang='grc' dir='ltr'>ἕτερόν</span> <span class='ocrx_word' id='word_1_375' title='bbox 1071 4202 1123 4238; x_wconf 89' lang='grc' dir='ltr'>τι</span> <span class='ocrx_word' id='word_1_376' title='bbox 1152 4183 1518 4256; x_wconf 81' lang='grc' dir='ltr'>πνευματικὸν</span> <span class='ocrx_word' id='word_1_377' title='bbox 1550 4182 1710 4254; x_wconf 67' lang='grc' dir='ltr'>ἔργον</span> <span class='ocrx_word' id='word_1_378' title='bbox 1739 4184 1922 4235; x_wconf 83' lang='grc' dir='ltr'>ἐπιτε-</span> 
     </span>
    </p>
   </div>
   <div class='ocr_carea' id='block_1_48' title="bbox 241 4270 1920 4348">
    <p class='ocr_par' dir='ltr' id='par_1_48' title="bbox 241 4270 1920 4348">
     <span class='ocr_line' id='line_1_48' title="bbox 241 4270 1920 4348; baseline -0.005 -18"><span class='ocrx_word' id='word_1_379' title='bbox 241 4277 447 4348; x_wconf 83' lang='grc' dir='ltr'>λῶμεν,</span> <span class='ocrx_word' id='word_1_380' title='bbox 476 4276 586 4330; x_wconf 82' lang='lat'><strong>61:6</strong></span> <span class='ocrx_word' id='word_1_381' title='bbox 628 4275 854 4346; x_wconf 82' lang='grc' dir='ltr'>γνώμης</span> <span class='ocrx_word' id='word_1_382' title='bbox 893 4272 1077 4343; x_wconf 81' lang='grc' dir='ltr'>ὑγιοῦς</span> <span class='ocrx_word' id='word_1_383' title='bbox 1111 4271 1421 4344; x_wconf 80' lang='grc' dir='ltr'>ὁρμώμενοι</span> <span class='ocrx_word' id='word_1_384' title='bbox 1456 4271 1616 4324; x_wconf 85' lang='grc' dir='ltr'>τοῦτο</span> <span class='ocrx_word' id='word_1_385' title='bbox 1657 4270 1920 4338; x_wconf 85' lang='grc' dir='ltr'>διαπρατ-</span> 
     </span>
    </p>
   </div>
   <div class='ocr_carea' id='block_1_49' title="bbox 246 4356 1922 4434">
    <p class='ocr_par' dir='ltr' id='par_1_49' title="bbox 246 4356 1922 4434">
     <span class='ocr_line' id='line_1_49' title="bbox 246 4356 1922 4434; baseline -0.006 -17"><span class='ocrx_word' id='word_1_386' title='bbox 246 4363 487 4434; x_wconf 87' lang='grc' dir='ltr'>τώμεθα,</span> <span class='ocrx_word' id='word_1_387' title='bbox 524 4364 610 4417; x_wconf 83' lang='grc' dir='ltr'>ἴνα</span> <span class='ocrx_word' id='word_1_388' title='bbox 641 4364 734 4416; x_wconf 86' lang='lat'><strong>1:61</strong></span> <span class='ocrx_word' id='word_1_389' title='bbox 769 4362 879 4415; x_wconf 81' lang='grc' dir='ltr'>τῶν</span> <span class='ocrx_word' id='word_1_390' title='bbox 918 4361 1177 4432; x_wconf 78' lang='grc' dir='ltr'>καμάτων</span> <span class='ocrx_word' id='word_1_391' title='bbox 1205 4358 1354 4423; x_wconf 80' lang='grc' dir='ltr'>ἀξιον</span> <span class='ocrx_word' id='word_1_392' title='bbox 1384 4359 1475 4411; x_wconf 82' lang='grc' dir='ltr'>τὸν</span> <span class='ocrx_word' id='word_1_393' title='bbox 1520 4356 1784 4425; x_wconf 80' lang='grc' dir='ltr'>στέφανον</span> <span class='ocrx_word' id='word_1_394' title='bbox 1829 4372 1922 4408; x_wconf 69' lang='grc' dir='ltr'>κοι-</span> 
     </span>
    </p>
   </div>
   <div class='ocr_carea' id='block_1_50' title="bbox 253 4443 1921 4522">
    <p class='ocr_par' dir='ltr' id='par_1_50' title="bbox 253 4443 1921 4522">
     <span class='ocr_line' id='line_1_50' title="bbox 253 4443 1921 4522; baseline -0.004 -19"><span class='ocrx_word' id='word_1_395' title='bbox 253 4449 558 4522; x_wconf 85' lang='grc' dir='ltr'>μισώμεθα.</span> <span class='ocrx_word' id='word_1_396' title='bbox 588 4451 697 4504; x_wconf 84' lang='lat' dir='ltr'>K61</span> <span class='ocrx_word' id='word_1_397' title='bbox 739 4449 849 4521; x_wconf 85' lang='grc' dir='ltr'>γὰρ</span> <span class='ocrx_word' id='word_1_398' title='bbox 896 4446 961 4502; x_wconf 75' lang='grc' dir='ltr'>ἀν</span> <span class='ocrx_word' id='word_1_399' title='bbox 1010 4448 1094 4518; x_wconf 88' lang='grc' dir='ltr'>είη</span> <span class='ocrx_word' id='word_1_400' title='bbox 1127 4445 1235 4499; x_wconf 86' lang='grc' dir='ltr'>τῶν</span> <span class='ocrx_word' id='word_1_401' title='bbox 1284 4444 1647 4500; x_wconf 80' lang='grc' dir='ltr'>ἀτοπωτάτων</span> <span class='ocrx_word' id='word_1_402' title='bbox 1696 4444 1785 4497; x_wconf 82' lang='grc' dir='ltr'>τὸν</span> <span class='ocrx_word' id='word_1_403' title='bbox 1822 4443 1921 4513; x_wconf 79' lang='grc' dir='ltr'>μὲν</span> 
     </span>
    </p>
   </div>
   <div class='ocr_carea' id='block_1_51' title="bbox 250 4530 1919 4609">
    <p class='ocr_par' dir='ltr' id='par_1_51' title="bbox 250 4530 1919 4609">
     <span class='ocr_line' id='line_1_51' title="bbox 250 4530 1919 4609; baseline -0.005 -18"><span class='ocrx_word' id='word_1_404' title='bbox 250 4538 412 4592; x_wconf 82' lang='grc' dir='ltr'>πόνον</span> <span class='ocrx_word' id='word_1_405' title='bbox 441 4539 588 4609; x_wconf 73' lang='grc' dir='ltr'>ἡμᾶς</span> <span class='ocrx_word' id='word_1_406' title='bbox 626 4536 937 4608; x_wconf 87' lang='grc' dir='ltr'>ὑπομένειν,</span> <span class='ocrx_word' id='word_1_407' title='bbox 980 4535 1081 4605; x_wconf 84' lang='grc' dir='ltr'>τῆς</span> <span class='ocrx_word' id='word_1_408' title='bbox 1111 4535 1168 4587; x_wconf 78' lang='grc' dir='ltr'>δέ</span> <span class='ocrx_word' id='word_1_409' title='bbox 1210 4532 1447 4604; x_wconf 82' lang='grc' dir='ltr'>ἀμοιϐῆς</span> <span class='ocrx_word' id='word_1_410' title='bbox 1480 4530 1919 4602; x_wconf 81' lang='grc' dir='ltr'>ἀποστερεῖσθαι,</span> 
     </span>
    </p>
   </div>
   <div class='ocr_carea' id='block_1_52' title="bbox 249 4619 1925 4697">
    <p class='ocr_par' dir='ltr' id='par_1_52' title="bbox 249 4619 1925 4697">
     <span class='ocr_line' id='line_1_52' title="bbox 249 4619 1925 4697; baseline -0.005 -18"><span class='ocrx_word' id='word_1_411' title='bbox 249 4625 380 4679; x_wconf 75' lang='grc' dir='ltr'>ὅταν</span> <span class='ocrx_word' id='word_1_412' title='bbox 406 4624 482 4697; x_wconf 79' lang='grc' dir='ltr'>μὴ</span> <span class='ocrx_word' id='word_1_413' title='bbox 515 4625 659 4678; x_wconf 85' lang='grc' dir='ltr'>κατὰ</span> <span class='ocrx_word' id='word_1_414' title='bbox 692 4624 816 4687; x_wconf 75' lang='grc' dir='ltr'>τοὺς</span> <span class='ocrx_word' id='word_1_415' title='bbox 846 4624 937 4676; x_wconf 78' lang='grc' dir='ltr'>ὑπ’</span> <span class='ocrx_word' id='word_1_416' title='bbox 971 4620 1135 4677; x_wconf 80' lang='grc' dir='ltr'>αὑτοῦ</span> <span class='ocrx_word' id='word_1_417' title='bbox 1164 4620 1415 4695; x_wconf 80' lang='grc' dir='ltr'>δοθέντας</span> <span class='ocrx_word' id='word_1_418' title='bbox 1446 4620 1641 4691; x_wconf 86' lang='grc' dir='ltr'>νόμους</span> <span class='ocrx_word' id='word_1_419' title='bbox 1667 4620 1766 4690; x_wconf 80' lang='grc' dir='ltr'>τῆν</span> <span class='ocrx_word' id='word_1_420' title='bbox 1795 4619 1925 4689; x_wconf 88' lang='grc' dir='ltr'>ἀρε-</span> 
     </span>
    </p>
   </div>
   <div class='ocr_carea' id='block_1_53' title="bbox 249 4702 1923 4783">
    <p class='ocr_par' dir='ltr' id='par_1_53' title="bbox 249 4702 1923 4783">
     <span class='ocr_line' id='line_1_53' title="bbox 249 4702 1923 4783; baseline -0.005 -19"><span class='ocrx_word' id='word_1_421' title='bbox 249 4711 352 4782; x_wconf 66' lang='grc' dir='ltr'>τὴν</span> <span class='ocrx_word' id='word_1_422' title='bbox 387 4712 681 4783; x_wconf 85' lang='grc' dir='ltr'>μετίωμεν.</span> <span class='ocrx_word' id='word_1_423' title='bbox 716 4710 875 4764; x_wconf 85' lang='grc' dir='ltr'>Ἐστι</span> <span class='ocrx_word' id='word_1_424' title='bbox 898 4708 1028 4780; x_wconf 83' lang='grc' dir='ltr'>γὰρ,</span> <span class='ocrx_word' id='word_1_425' title='bbox 1059 4708 1174 4762; x_wconf 69' lang='grc' dir='ltr'>ἐστι</span> <span class='ocrx_word' id='word_1_426' title='bbox 1202 4706 1291 4762; x_wconf 87' lang='grc' dir='ltr'>διὰ</span> <span class='ocrx_word' id='word_1_427' title='bbox 1313 4707 1411 4778; x_wconf 80' lang='grc' dir='ltr'>τὴν</span> <span class='ocrx_word' id='word_1_428' title='bbox 1444 4707 1650 4777; x_wconf 78' lang='grc' dir='ltr'>ἄφατον</span> <span class='ocrx_word' id='word_1_429' title='bbox 1672 4705 1766 4760; x_wconf 88' lang='grc' dir='ltr'>τοῦ</span> <span class='ocrx_word' id='word_1_430' title='bbox 1788 4702 1923 4757; x_wconf 80' lang='grc' dir='ltr'>Θεοῦ</span> 
     </span>
    </p>
   </div>
   <div class='ocr_carea' id='block_1_54' title="bbox 253 4790 1926 4869">
    <p class='ocr_par' dir='ltr' id='par_1_54' title="bbox 253 4790 1926 4869">
     <span class='ocr_line' id='line_1_54' title="bbox 253 4790 1926 4869; baseline -0.007 -16"><span class='ocrx_word' id='word_1_431' title='bbox 253 4798 665 4869; x_wconf 76' lang='grc' dir='ltr'>φιλανθρωπίαν</span> <span class='ocrx_word' id='word_1_432' title='bbox 703 4799 797 4852; x_wconf 73' lang='grc' dir='ltr'>καὶ</span> <span class='ocrx_word' id='word_1_433' title='bbox 824 4798 886 4851; x_wconf 90' lang='lat'>:6</span> <span class='ocrx_word' id='word_1_434' title='bbox 923 4796 1082 4866; x_wconf 73' lang='grc' dir='ltr'>ἔργον</span> <span class='ocrx_word' id='word_1_435' title='bbox 1113 4792 1189 4865; x_wconf 76' lang='grc' dir='ltr'>μὴ</span> <span class='ocrx_word' id='word_1_436' title='bbox 1221 4793 1656 4856; x_wconf 71' lang='grc' dir='ltr'>ἐπιτελέσαντας,</span> <span class='ocrx_word' id='word_1_437' title='bbox 1690 4791 1799 4844; x_wconf 85' lang='grc' dir='ltr'>ἀπὺ</span> <span class='ocrx_word' id='word_1_438' title='bbox 1829 4790 1926 4859; x_wconf 78' lang='grc' dir='ltr'>τῆς</span> 
     </span>
    </p>
   </div>
   <div class='ocr_carea' id='block_1_55' title="bbox 253 4878 1924 4957">
    <p class='ocr_par' dir='ltr' id='par_1_55' title="bbox 253 4878 1924 4957">
     <span class='ocr_line' id='line_1_55' title="bbox 253 4878 1924 4957; baseline -0.009 -14"><span class='ocrx_word' id='word_1_439' title='bbox 253 4884 481 4957; x_wconf 80' lang='grc' dir='ltr'>γνώμης</span> <span class='ocrx_word' id='word_1_440' title='bbox 515 4887 671 4957; x_wconf 84' lang='grc' dir='ltr'>μόνον</span> <span class='ocrx_word' id='word_1_441' title='bbox 708 4886 797 4940; x_wconf 81' lang='grc' dir='ltr'>τὸν</span> <span class='ocrx_word' id='word_1_442' title='bbox 849 4885 1109 4953; x_wconf 79' lang='grc' dir='ltr'>στέφανον</span> <span class='ocrx_word' id='word_1_443' title='bbox 1142 4880 1471 4953; x_wconf 84' lang='grc' dir='ltr'>κομίσασθαι</span> <span class='ocrx_word' id='word_1_444' title='bbox 1494 4898 1507 4912; x_wconf 85' lang='lat'><strong>-</strong></span> <span class='ocrx_word' id='word_1_445' title='bbox 1557 4880 1651 4933; x_wconf 76' lang='lat'><strong>1:61</strong></span> <span class='ocrx_word' id='word_1_446' title='bbox 1697 4879 1784 4929; x_wconf 82' lang='grc' dir='ltr'>ἵνα</span> <span class='ocrx_word' id='word_1_447' title='bbox 1822 4878 1924 4947; x_wconf 78' lang='grc' dir='ltr'>μά-</span> 
     </span>
    </p>
   </div>
   <div class='ocr_carea' id='block_1_56' title="bbox 252 4964 1926 5044">
    <p class='ocr_par' dir='ltr' id='par_1_56' title="bbox 252 4964 1926 5044">
     <span class='ocr_line' id='line_1_56' title="bbox 252 4964 1926 5044; baseline -0.007 -18"><span class='ocrx_word' id='word_1_448' title='bbox 252 4973 376 5044; x_wconf 73' lang='grc' dir='ltr'>θῃς.</span> <span class='ocrx_word' id='word_1_449' title='bbox 414 4976 606 5028; x_wconf 85' lang='grc' dir='ltr'>σκόπει</span> <span class='ocrx_word' id='word_1_450' title='bbox 640 4990 729 5044; x_wconf 90' lang='grc' dir='ltr'>μοι</span> <span class='ocrx_word' id='word_1_451' title='bbox 772 4973 932 5026; x_wconf 86' lang='grc' dir='ltr'>τοῦτο</span> <span class='ocrx_word' id='word_1_452' title='bbox 968 4972 1060 5024; x_wconf 72' lang='grc' dir='ltr'>ἐπὶ</span> <span class='ocrx_word' id='word_1_453' title='bbox 1100 4970 1201 5040; x_wconf 86' lang='grc' dir='ltr'>τῆς</span> <span class='ocrx_word' id='word_1_454' title='bbox 1235 4967 1631 5040; x_wconf 76' lang='grc' dir='ltr'>ἐλεημοσύνηςο</span> <span class='ocrx_word' id='word_1_455' title='bbox 1666 4965 1792 5017; x_wconf 85' lang='grc' dir='ltr'>ὅταν</span> <span class='ocrx_word' id='word_1_456' title='bbox 1819 4964 1926 5033; x_wconf 76' lang='grc' dir='ltr'>γὰρ</span> 
     </span>
    </p>
   </div>
   <div class='ocr_carea' id='block_1_57' title="bbox 255 5048 1930 5132">
    <p class='ocr_par' dir='ltr' id='par_1_57' title="bbox 255 5048 1930 5132">
     <span class='ocr_line' id='line_1_57' title="bbox 255 5048 1930 5132; baseline -0.009 -16"><span class='ocrx_word' id='word_1_457' title='bbox 255 5063 374 5132; x_wconf 74' lang='grc' dir='ltr'>ίόης</span> <span class='ocrx_word' id='word_1_458' title='bbox 397 5061 487 5116; x_wconf 81' lang='grc' dir='ltr'>τὸν</span> <span class='ocrx_word' id='word_1_459' title='bbox 514 5060 606 5115; x_wconf 73' lang='grc' dir='ltr'>ἐπὶ</span> <span class='ocrx_word' id='word_1_460' title='bbox 637 5062 736 5132; x_wconf 86' lang='grc' dir='ltr'>τῆς</span> <span class='ocrx_word' id='word_1_461' title='bbox 769 5059 975 5129; x_wconf 77' lang='grc' dir='ltr'>ἀγορᾶς</span> <span class='ocrx_word' id='word_1_462' title='bbox 1020 5055 1350 5127; x_wconf 76' lang='grc' dir='ltr'>ἐρριμμένον</span> <span class='ocrx_word' id='word_1_463' title='bbox 1392 5054 1485 5106; x_wconf 86' lang='lat'><strong>1:61</strong></span> <span class='ocrx_word' id='word_1_464' title='bbox 1523 5051 1727 5124; x_wconf 80' lang='grc' dir='ltr'>ἐσχάτῃ</span> <span class='ocrx_word' id='word_1_465' title='bbox 1769 5048 1930 5119; x_wconf 77' lang='grc' dir='ltr'>πενίᾳ</span> 
     </span>
    </p>
   </div>
   <div class='ocr_carea' id='block_1_58' title="bbox 255 5133 1931 5215">
    <p class='ocr_par' dir='ltr' id='par_1_58' title="bbox 255 5133 1931 5215">
     <span class='ocr_line' id='line_1_58' title="bbox 255 5133 1931 5215; baseline -0.008 -17"><span class='ocrx_word' id='word_1_466' title='bbox 255 5143 640 5215; x_wconf 83' lang='grc' dir='ltr'>κατεχόμενον,</span> <span class='ocrx_word' id='word_1_467' title='bbox 673 5141 767 5195; x_wconf 77' lang='grc' dir='ltr'>καὶ</span> <span class='ocrx_word' id='word_1_468' title='bbox 808 5140 1098 5211; x_wconf 75' lang='grc' dir='ltr'>σνναλγῇς,</span> <span class='ocrx_word' id='word_1_469' title='bbox 1143 5137 1325 5199; x_wconf 87' lang='grc' dir='ltr'>τείνας</span> <span class='ocrx_word' id='word_1_470' title='bbox 1356 5152 1417 5189; x_wconf 89' lang='grc' dir='ltr'>τε</span> <span class='ocrx_word' id='word_1_471' title='bbox 1446 5134 1544 5206; x_wconf 80' lang='grc' dir='ltr'>τὴν</span> <span class='ocrx_word' id='word_1_472' title='bbox 1583 5134 1819 5187; x_wconf 84' lang='grc' dir='ltr'>διάνοιαν</span> <span class='ocrx_word' id='word_1_473' title='bbox 1850 5133 1931 5195; x_wconf 88' lang='grc' dir='ltr'>είς</span> 
     </span>
    </p>
   </div>
   <div class='ocr_carea' id='block_1_59' title="bbox 253 5218 1929 5301">
    <p class='ocr_par' dir='ltr' id='par_1_59' title="bbox 253 5218 1929 5301">
     <span class='ocr_line' id='line_1_59' title="bbox 253 5218 1929 5301; baseline -0.008 -17"><span class='ocrx_word' id='word_1_474' title='bbox 253 5231 349 5284; x_wconf 82' lang='grc' dir='ltr'>τὸν</span> <span class='ocrx_word' id='word_1_475' title='bbox 387 5229 617 5301; x_wconf 79' lang='grc' dir='ltr'>οὑρανδν</span> <span class='ocrx_word' id='word_1_476' title='bbox 669 5228 1066 5298; x_wconf 76' lang='grc' dir='ltr'>εὑχαριστήσης</span> <span class='ocrx_word' id='word_1_477' title='bbox 1109 5224 1186 5296; x_wconf 83' lang='grc' dir='ltr'>τῷ</span> <span class='ocrx_word' id='word_1_478' title='bbox 1219 5222 1464 5293; x_wconf 82' lang='grc' dir='ltr'>Δεσπότῃ</span> <span class='ocrx_word' id='word_1_479' title='bbox 1506 5221 1600 5274; x_wconf 83' lang='lat'><strong>1:61</strong></span> <span class='ocrx_word' id='word_1_480' title='bbox 1648 5220 1788 5291; x_wconf 79' lang='grc' dir='ltr'>ὑπὲρ</span> <span class='ocrx_word' id='word_1_481' title='bbox 1820 5218 1929 5272; x_wconf 80' lang='grc' dir='ltr'>τῶν</span> 
     </span>
    </p>
   </div>
   <div class='ocr_carea' id='block_1_60' title="bbox 258 5302 1932 5386">
    <p class='ocr_par' dir='ltr' id='par_1_60' title="bbox 258 5302 1932 5386">
     <span class='ocr_line' id='line_1_60' title="bbox 258 5302 1932 5386; baseline -0.008 -15"><span class='ocrx_word' id='word_1_482' title='bbox 258 5318 404 5372; x_wconf 85' lang='grc' dir='ltr'>κατά</span> <span class='ocrx_word' id='word_1_483' title='bbox 438 5316 653 5380; x_wconf 79' lang='grc' dir='ltr'>σαυτὸν,</span> <span class='ocrx_word' id='word_1_484' title='bbox 684 5316 778 5368; x_wconf 84' lang='lat'><strong>1:61</strong></span> <span class='ocrx_word' id='word_1_485' title='bbox 802 5314 941 5386; x_wconf 65' lang='grc' dir='ltr'>ὑπέρ</span> <span class='ocrx_word' id='word_1_486' title='bbox 979 5312 1079 5383; x_wconf 84' lang='grc' dir='ltr'>τῆς</span> <span class='ocrx_word' id='word_1_487' title='bbox 1108 5309 1383 5381; x_wconf 79' lang='grc' dir='ltr'>ὑπομονῆς</span> <span class='ocrx_word' id='word_1_488' title='bbox 1408 5307 1502 5362; x_wconf 85' lang='grc' dir='ltr'>τοῦ</span> <span class='ocrx_word' id='word_1_489' title='bbox 1546 5307 1794 5378; x_wconf 81' lang='grc' dir='ltr'>πένητος,</span> <span class='ocrx_word' id='word_1_490' title='bbox 1828 5302 1932 5358; x_wconf 68' lang='grc' dir='ltr'>κᾶν</span> 
     </span>
    </p>
   </div>
   <div class='ocr_carea' id='block_1_61' title="bbox 259 5391 1933 5478">
    <p class='ocr_par' dir='ltr' id='par_1_61' title="bbox 259 5391 1933 5478">
     <span class='ocr_line' id='line_1_61' title="bbox 259 5391 1933 5478; baseline -0.014 -19"><span class='ocrx_word' id='word_1_491' title='bbox 259 5406 342 5478; x_wconf 76' lang='grc' dir='ltr'>μὴ</span> <span class='ocrx_word' id='word_1_492' title='bbox 366 5403 550 5457; x_wconf 84' lang='grc' dir='ltr'>δύναιο</span> <span class='ocrx_word' id='word_1_493' title='bbox 574 5401 876 5474; x_wconf 80' lang='grc' dir='ltr'>ἐπαρκέσαι</span> <span class='ocrx_word' id='word_1_494' title='bbox 906 5402 999 5455; x_wconf 83' lang='lat'><strong>1:61</strong></span> <span class='ocrx_word' id='word_1_495' title='bbox 1021 5399 1179 5454; x_wconf 86' lang='grc' dir='ltr'>λῦσαι</span> <span class='ocrx_word' id='word_1_496' title='bbox 1208 5399 1299 5451; x_wconf 84' lang='grc' dir='ltr'>τὸν</span> <span class='ocrx_word' id='word_1_497' title='bbox 1337 5396 1514 5467; x_wconf 89' lang='grc' dir='ltr'>λιμὸν,</span> <span class='ocrx_word' id='word_1_498' title='bbox 1543 5395 1651 5448; x_wconf 81' lang='lat'><strong>61:6</strong></span> <span class='ocrx_word' id='word_1_499' title='bbox 1678 5394 1775 5465; x_wconf 75' lang='grc' dir='ltr'>τῆς</span> <span class='ocrx_word' id='word_1_500' title='bbox 1800 5391 1933 5478; x_wconf 64' lang='grc' dir='ltr'>γγώ.</span> 
     </span>
    </p>
   </div>
   <div class='ocr_carea' id='block_1_62' title="bbox 1978 494 3660 580">
    <p class='ocr_par' dir='ltr' id='par_1_62' title="bbox 1978 494 3660 580">
     <span class='ocr_line' id='line_1_62' title="bbox 1978 494 3660 580; baseline 0.009 -31"><span class='ocrx_word' id='word_1_501' title='bbox 1978 494 2330 569; x_wconf 81' lang='grc' dir='ltr'>προεξένησε.</span> <span class='ocrx_word' id='word_1_502' title='bbox 2370 500 2445 553; x_wconf 85' lang='lat' dir='ltr'><strong>T6</strong></span> <span class='ocrx_word' id='word_1_503' title='bbox 2487 500 2622 553; x_wconf 80' lang='grc' dir='ltr'>αὐτὸ</span> <span class='ocrx_word' id='word_1_504' title='bbox 2664 502 2762 555; x_wconf 80' lang='grc' dir='ltr'>και</span> <span class='ocrx_word' id='word_1_505' title='bbox 2790 502 2886 556; x_wconf 72' lang='grc' dir='ltr'>ἐπὶ</span> <span class='ocrx_word' id='word_1_506' title='bbox 2924 504 3020 559; x_wconf 84' lang='grc' dir='ltr'>τοῦ</span> <span class='ocrx_word' id='word_1_507' title='bbox 3060 503 3303 559; x_wconf 78' lang='grc' dir='ltr'>ἐναντίου</span> <span class='ocrx_word' id='word_1_508' title='bbox 3332 494 3660 580; x_wconf 79' lang='grc' dir='ltr'>εὑρήσομεν.</span> 
     </span>
    </p>
   </div>
   <div class='ocr_carea' id='block_1_63' title="bbox 1990 580 3663 665">
    <p class='ocr_par' dir='ltr' id='par_1_63' title="bbox 1990 580 3663 665">
     <span class='ocr_line' id='line_1_63' title="bbox 1990 580 3663 665; baseline 0.008 -30"><span class='ocrx_word' id='word_1_509' title='bbox 1990 580 2130 635; x_wconf 83' lang='grc' dir='ltr'>Ἀλλ’</span> <span class='ocrx_word' id='word_1_510' title='bbox 2160 584 2459 652; x_wconf 83' lang='grc' dir='ltr'>ἀναγκαῖον</span> <span class='ocrx_word' id='word_1_511' title='bbox 2503 585 2638 654; x_wconf 87' lang='grc' dir='ltr'>γοῦν</span> <span class='ocrx_word' id='word_1_512' title='bbox 2681 586 2858 641; x_wconf 88' lang='grc' dir='ltr'>ταῦτα</span> <span class='ocrx_word' id='word_1_513' title='bbox 2909 591 3081 643; x_wconf 78' lang='grc' dir='ltr'>κινεῖν</span> <span class='ocrx_word' id='word_1_514' title='bbox 3110 590 3204 646; x_wconf 78' lang='grc' dir='ltr'>ἐπὶ</span> <span class='ocrx_word' id='word_1_515' title='bbox 3251 590 3353 662; x_wconf 83' lang='grc' dir='ltr'>τῆς</span> <span class='ocrx_word' id='word_1_516' title='bbox 3392 592 3663 665; x_wconf 82' lang='grc' dir='ltr'>ὑμετέρας</span> 
     </span>
    </p>
   </div>
   <div class='ocr_carea' id='block_1_64' title="bbox 1976 668 3665 752">
    <p class='ocr_par' dir='ltr' id='par_1_64' title="bbox 1976 668 3665 752">
     <span class='ocr_line' id='line_1_64' title="bbox 1976 668 3665 752; baseline 0.007 -29"><span class='ocrx_word' id='word_1_517' title='bbox 1976 668 2222 741; x_wconf 86' lang='grc' dir='ltr'>ἀγάπης,</span> <span class='ocrx_word' id='word_1_518' title='bbox 2257 672 2346 726; x_wconf 86' lang='grc' dir='ltr'>ῑνα</span> <span class='ocrx_word' id='word_1_519' title='bbox 2387 672 2596 726; x_wconf 88' lang='grc' dir='ltr'>τούτων</span> <span class='ocrx_word' id='word_1_520' title='bbox 2627 673 2729 745; x_wconf 82' lang='grc' dir='ltr'>τὴν</span> <span class='ocrx_word' id='word_1_521' title='bbox 2770 674 3060 746; x_wconf 83' lang='grc' dir='ltr'>ἀκρίϐειαν</span> <span class='ocrx_word' id='word_1_522' title='bbox 3093 676 3292 742; x_wconf 77' lang='grc' dir='ltr'>ειδότες</span> <span class='ocrx_word' id='word_1_523' title='bbox 3322 678 3526 750; x_wconf 76' lang='grc' dir='ltr'>πολλὴν</span> <span class='ocrx_word' id='word_1_524' title='bbox 3564 683 3665 752; x_wconf 85' lang='grc' dir='ltr'>τῆς</span> 
     </span>
    </p>
   </div>
   <div class='ocr_carea' id='block_1_65' title="bbox 1980 757 3665 841">
    <p class='ocr_par' dir='ltr' id='par_1_65' title="bbox 1980 757 3665 841">
     <span class='ocr_line' id='line_1_65' title="bbox 1980 757 3665 841; baseline 0.008 -31"><span class='ocrx_word' id='word_1_525' title='bbox 1980 757 2401 831; x_wconf 78' lang='grc' dir='ltr'>εὐγνωμοσύνης</span> <span class='ocrx_word' id='word_1_526' title='bbox 2450 760 2683 831; x_wconf 89' lang='grc' dir='ltr'>ποιῆσθε</span> <span class='ocrx_word' id='word_1_527' title='bbox 2732 762 2833 835; x_wconf 76' lang='grc' dir='ltr'>τὴν</span> <span class='ocrx_word' id='word_1_528' title='bbox 2880 764 3204 834; x_wconf 84' lang='grc' dir='ltr'>ἀσφάλειαν.</span> <span class='ocrx_word' id='word_1_529' title='bbox 3240 768 3440 822; x_wconf 84' lang='grc' dir='ltr'>Ἀκουε</span> <span class='ocrx_word' id='word_1_530' title='bbox 3475 768 3586 841; x_wconf 76' lang='grc' dir='ltr'>γὰρ</span> <span class='ocrx_word' id='word_1_531' title='bbox 3611 770 3665 824; x_wconf 90' lang='grc' dir='ltr'>τί</span> 
     </span>
    </p>
   </div>
   <div class='ocr_carea' id='block_1_66' title="bbox 1982 847 3666 922">
    <p class='ocr_par' dir='ltr' id='par_1_66' title="bbox 1982 847 3666 922">
     <span class='ocr_line' id='line_1_66' title="bbox 1982 847 3666 922; baseline 0.007 -24"><span class='ocrx_word' id='word_1_532' title='bbox 1982 862 2147 916; x_wconf 85' lang='grc' dir='ltr'>φησιν</span> <span class='ocrx_word' id='word_1_533' title='bbox 2175 847 2205 899; x_wconf 93' lang='lat'>6</span> <span class='ocrx_word' id='word_1_534' title='bbox 2233 847 2468 911; x_wconf 87' lang='grc' dir='ltr'>Χριστός</span> <span class='ocrx_word' id='word_1_535' title='bbox 2491 864 2505 880; x_wconf 73' lang='grc'><strong><em>⁸</em></strong></span> <span class='ocrx_word' id='word_1_536' title='bbox 2549 848 2605 901; x_wconf 81' lang='lat'>&#39;0</span> <span class='ocrx_word' id='word_1_537' title='bbox 2635 849 2946 919; x_wconf 64' lang='grc' dir='ltr'>ἐμϐλέψας</span> <span class='ocrx_word' id='word_1_538' title='bbox 2978 851 3237 922; x_wconf 76' lang='grc' dir='ltr'>γυναῖκα</span> <span class='ocrx_word' id='word_1_539' title='bbox 3266 854 3418 921; x_wconf 82' lang='grc' dir='ltr'>πρὸς</span> <span class='ocrx_word' id='word_1_540' title='bbox 3448 854 3514 909; x_wconf 89' lang='grc' dir='ltr'>τὸ</span> <span class='ocrx_word' id='word_1_541' title='bbox 3535 855 3666 909; x_wconf 76' lang='grc' dir='ltr'>ἐπι-</span> 
     </span>
    </p>
   </div>
   <div class='ocr_carea' id='block_1_67' title="bbox 1982 932 3667 1010">
    <p class='ocr_par' dir='ltr' id='par_1_67' title="bbox 1982 932 3667 1010">
     <span class='ocr_line' id='line_1_67' title="bbox 1982 932 3667 1010; baseline 0.005 -24"><span class='ocrx_word' id='word_1_542' title='bbox 1982 932 2250 1001; x_wconf 81' lang='grc' dir='ltr'>θυμῆσαι</span> <span class='ocrx_word' id='word_1_543' title='bbox 2275 933 2488 1003; x_wconf 80' lang='grc' dir='ltr'>αὐτῆς,</span> <span class='ocrx_word' id='word_1_544' title='bbox 2518 934 2636 1004; x_wconf 72' lang='grc' dir='ltr'>ἤδη</span> <span class='ocrx_word' id='word_1_545' title='bbox 2689 937 3051 1007; x_wconf 70' lang='grc' dir='ltr'>ἐμοίχευσεν</span> <span class='ocrx_word' id='word_1_546' title='bbox 3073 937 3270 1006; x_wconf 74' lang='grc' dir='ltr'>αὐτὴν</span> <span class='ocrx_word' id='word_1_547' title='bbox 3301 940 3372 993; x_wconf 78' lang='grc' dir='ltr'>ἐν</span> <span class='ocrx_word' id='word_1_548' title='bbox 3411 940 3487 1010; x_wconf 75' lang='grc' dir='ltr'>τῇ</span> <span class='ocrx_word' id='word_1_549' title='bbox 3523 958 3667 1010; x_wconf 79' lang='grc' dir='ltr'>καρ-</span> 
     </span>
    </p>
   </div>
   <div class='ocr_carea' id='block_1_68' title="bbox 1982 1020 3668 1099">
    <p class='ocr_par' dir='ltr' id='par_1_68' title="bbox 1982 1020 3668 1099">
     <span class='ocr_line' id='line_1_68' title="bbox 1982 1020 3668 1099; baseline 0.006 -27"><span class='ocrx_word' id='word_1_550' title='bbox 1982 1020 2083 1087; x_wconf 77' lang='grc' dir='ltr'>δίᾳ</span> <span class='ocrx_word' id='word_1_551' title='bbox 2111 1021 2321 1076; x_wconf 79' lang='grc' dir='ltr'>αὑτοῦ.</span> <span class='ocrx_word' id='word_1_552' title='bbox 2365 1023 2528 1094; x_wconf 78' lang='grc' dir='ltr'>Ὁρᾷς</span> <span class='ocrx_word' id='word_1_553' title='bbox 2550 1024 2646 1077; x_wconf 90' lang='lat'><strong>1:61</strong></span> <span class='ocrx_word' id='word_1_554' title='bbox 2677 1024 2911 1079; x_wconf 86' lang='grc' dir='ltr'>ἐνταῦθα</span> <span class='ocrx_word' id='word_1_555' title='bbox 2941 1025 3103 1081; x_wconf 86' lang='grc' dir='ltr'>πάλιν</span> <span class='ocrx_word' id='word_1_556' title='bbox 3132 1025 3241 1080; x_wconf 84' lang='grc' dir='ltr'>ἀπὸ</span> <span class='ocrx_word' id='word_1_557' title='bbox 3263 1027 3361 1097; x_wconf 88' lang='grc' dir='ltr'>τῆς</span> <span class='ocrx_word' id='word_1_558' title='bbox 3385 1028 3668 1099; x_wconf 73' lang='grc' dir='ltr'>μοχθηρᾶς</span> 
     </span>
    </p>
   </div>
   <div class='ocr_carea' id='block_1_69' title="bbox 1984 1107 3667 1187">
    <p class='ocr_par' dir='ltr' id='par_1_69' title="bbox 1984 1107 3667 1187">
     <span class='ocr_line' id='line_1_69' title="bbox 1984 1107 3667 1187; baseline 0.004 -26"><span class='ocrx_word' id='word_1_559' title='bbox 1984 1107 2211 1180; x_wconf 84' lang='grc' dir='ltr'>γνώμης</span> <span class='ocrx_word' id='word_1_560' title='bbox 2236 1109 2332 1164; x_wconf 72' lang='grc' dir='ltr'>καὶ</span> <span class='ocrx_word' id='word_1_561' title='bbox 2351 1109 2450 1182; x_wconf 80' lang='grc' dir='ltr'>τὴν</span> <span class='ocrx_word' id='word_1_562' title='bbox 2472 1112 2797 1185; x_wconf 87' lang='grc' dir='ltr'>κατάκρισιν</span> <span class='ocrx_word' id='word_1_563' title='bbox 2815 1113 3109 1185; x_wconf 74' lang='grc' dir='ltr'>ἑπομένην,</span> <span class='ocrx_word' id='word_1_564' title='bbox 3133 1115 3230 1168; x_wconf 90' lang='lat'><strong>1:61</strong></span> <span class='ocrx_word' id='word_1_565' title='bbox 3247 1113 3335 1168; x_wconf 86' lang='grc' dir='ltr'>διὰ</span> <span class='ocrx_word' id='word_1_566' title='bbox 3354 1114 3454 1185; x_wconf 77' lang='grc' dir='ltr'>τὴν</span> <span class='ocrx_word' id='word_1_567' title='bbox 3473 1115 3667 1187; x_wconf 79' lang='grc' dir='ltr'>ἀπερίο</span> 
     </span>
    </p>
   </div>
   <div class='ocr_carea' id='block_1_70' title="bbox 1988 1196 3671 1273">
    <p class='ocr_par' dir='ltr' id='par_1_70' title="bbox 1988 1196 3671 1273">
     <span class='ocr_line' id='line_1_70' title="bbox 1988 1196 3671 1273; baseline 0.005 -26"><span class='ocrx_word' id='word_1_568' title='bbox 1988 1211 2220 1250; x_wconf 90' lang='grc' dir='ltr'>σκεπτον</span> <span class='ocrx_word' id='word_1_569' title='bbox 2234 1196 2380 1266; x_wconf 79' lang='grc' dir='ltr'>δψιν,</span> <span class='ocrx_word' id='word_1_570' title='bbox 2405 1197 2556 1271; x_wconf 75' lang='lat'>[9.60]</span> <span class='ocrx_word' id='word_1_571' title='bbox 2577 1199 2653 1264; x_wconf 89' lang='grc' dir='ltr'>ώς</span> <span class='ocrx_word' id='word_1_572' title='bbox 2675 1201 2756 1263; x_wconf 86' lang='grc' dir='ltr'>εἰς</span> <span class='ocrx_word' id='word_1_573' title='bbox 2777 1200 2936 1272; x_wconf 75' lang='grc' dir='ltr'>ἔργον</span> <span class='ocrx_word' id='word_1_574' title='bbox 2950 1202 3048 1271; x_wconf 82' lang='grc' dir='ltr'>τῆς</span> <span class='ocrx_word' id='word_1_575' title='bbox 3076 1200 3322 1271; x_wconf 85' lang='grc' dir='ltr'>μοιχείας</span> <span class='ocrx_word' id='word_1_576' title='bbox 3345 1199 3671 1273; x_wconf 74' lang='grc' dir='ltr'>ἐξελθούσης</span> 
     </span>
    </p>
   </div>
   <div class='ocr_carea' id='block_1_71' title="bbox 1987 1282 3669 1360">
    <p class='ocr_par' dir='ltr' id='par_1_71' title="bbox 1987 1282 3669 1360">
     <span class='ocr_line' id='line_1_71' title="bbox 1987 1282 3669 1360; baseline 0.005 -25"><span class='ocrx_word' id='word_1_577' title='bbox 1987 1282 2157 1354; x_wconf 83' lang='grc' dir='ltr'>αὑτῷ,</span> <span class='ocrx_word' id='word_1_578' title='bbox 2174 1283 2272 1356; x_wconf 82' lang='grc' dir='ltr'>τὴν</span> <span class='ocrx_word' id='word_1_579' title='bbox 2298 1285 2521 1340; x_wconf 89' lang='grc' dir='ltr'>κόλασιν</span> <span class='ocrx_word' id='word_1_580' title='bbox 2548 1288 2966 1360; x_wconf 86' lang='grc' dir='ltr'>ἐπηρτημένην;</span> <span class='ocrx_word' id='word_1_581' title='bbox 2994 1288 3180 1341; x_wconf 82' lang='grc' dir='ltr'>Ταῦτα</span> <span class='ocrx_word' id='word_1_582' title='bbox 3217 1288 3397 1343; x_wconf 89' lang='grc' dir='ltr'>τοίνυν</span> <span class='ocrx_word' id='word_1_583' title='bbox 3422 1289 3669 1343; x_wconf 86' lang='grc' dir='ltr'>ἐννοοῦν-</span> 
     </span>
    </p>
   </div>
   <div class='ocr_carea' id='block_1_72' title="bbox 1988 1373 3669 1448">
    <p class='ocr_par' dir='ltr' id='par_1_72' title="bbox 1988 1373 3669 1448">
     <span class='ocr_line' id='line_1_72' title="bbox 1988 1373 3669 1448; baseline 0.004 -25"><span class='ocrx_word' id='word_1_584' title='bbox 1988 1387 2101 1434; x_wconf 88' lang='grc' dir='ltr'>τες,</span> <span class='ocrx_word' id='word_1_585' title='bbox 2122 1373 2397 1443; x_wconf 88' lang='grc' dir='ltr'>πανταχοῦ</span> <span class='ocrx_word' id='word_1_586' title='bbox 2412 1374 2516 1446; x_wconf 82' lang='grc' dir='ltr'>τὴν</span> <span class='ocrx_word' id='word_1_587' title='bbox 2533 1373 2758 1446; x_wconf 90' lang='grc' dir='ltr'>γνώμην</span> <span class='ocrx_word' id='word_1_588' title='bbox 2776 1377 2810 1446; x_wconf 82' lang='grc' dir='ltr'>ἠ</span> <span class='ocrx_word' id='word_1_589' title='bbox 2820 1375 2936 1447; x_wconf 85' lang='grc' dir='ltr'>μῶν</span> <span class='ocrx_word' id='word_1_590' title='bbox 2951 1374 3400 1447; x_wconf 81' lang='grc' dir='ltr'>ἀσφαλισώμεθα,</span> <span class='ocrx_word' id='word_1_591' title='bbox 3419 1376 3507 1430; x_wconf 75' lang='grc' dir='ltr'>ἵνα</span> <span class='ocrx_word' id='word_1_592' title='bbox 3529 1376 3669 1448; x_wconf 89' lang='grc' dir='ltr'>αῦτη</span> 
     </span>
    </p>
   </div>
   <div class='ocr_carea' id='block_1_73' title="bbox 1990 1457 3672 1533">
    <p class='ocr_par' dir='ltr' id='par_1_73' title="bbox 1990 1457 3672 1533">
     <span class='ocr_line' id='line_1_73' title="bbox 1990 1457 3672 1533; baseline 0.003 -23"><span class='ocrx_word' id='word_1_593' title='bbox 1990 1457 2060 1510; x_wconf 85' lang='grc' dir='ltr'>τὰ</span> <span class='ocrx_word' id='word_1_594' title='bbox 2090 1459 2222 1530; x_wconf 81' lang='grc' dir='ltr'>παρ’</span> <span class='ocrx_word' id='word_1_595' title='bbox 2250 1458 2408 1529; x_wconf 83' lang='grc' dir='ltr'>ἡμῶν</span> <span class='ocrx_word' id='word_1_596' title='bbox 2447 1461 2707 1531; x_wconf 91' lang='grc' dir='ltr'>γινόμενα</span> <span class='ocrx_word' id='word_1_597' title='bbox 2740 1461 3135 1533; x_wconf 79' lang='grc' dir='ltr'>παρασκευάσῃ</span> <span class='ocrx_word' id='word_1_598' title='bbox 3184 1461 3553 1532; x_wconf 87' lang='grc' dir='ltr'>εὑπρόσδεκτα</span> <span class='ocrx_word' id='word_1_599' title='bbox 3582 1462 3672 1530; x_wconf 88' lang='grc' dir='ltr'>γί-</span> 
     </span>
    </p>
   </div>
   <div class='ocr_carea' id='block_1_74' title="bbox 1991 1543 3675 1621">
    <p class='ocr_par' dir='ltr' id='par_1_74' title="bbox 1991 1543 3675 1621">
     <span class='ocr_line' id='line_1_74' title="bbox 1991 1543 3675 1621; baseline 0.002 -24"><span class='ocrx_word' id='word_1_600' title='bbox 1991 1543 2200 1599; x_wconf 87' lang='grc' dir='ltr'>νεσθαι.</span> <span class='ocrx_word' id='word_1_601' title='bbox 2233 1547 2297 1599; x_wconf 84' lang='grc' dir='ltr'>Εί</span> <span class='ocrx_word' id='word_1_602' title='bbox 2324 1545 2434 1618; x_wconf 88' lang='grc' dir='ltr'>γὰρ</span> <span class='ocrx_word' id='word_1_603' title='bbox 2460 1548 2553 1603; x_wconf 84' lang='grc' dir='ltr'>τὸν</span> <span class='ocrx_word' id='word_1_604' title='bbox 2582 1548 2786 1603; x_wconf 84' lang='grc' dir='ltr'>καπνὸν</span> <span class='ocrx_word' id='word_1_605' title='bbox 2814 1550 2909 1603; x_wconf 80' lang='grc' dir='ltr'>καὶ</span> <span class='ocrx_word' id='word_1_606' title='bbox 2937 1547 3034 1621; x_wconf 75' lang='grc' dir='ltr'>τὴν</span> <span class='ocrx_word' id='word_1_607' title='bbox 3076 1549 3305 1602; x_wconf 89' lang='grc' dir='ltr'>κνίσσαν</span> <span class='ocrx_word' id='word_1_608' title='bbox 3330 1547 3507 1619; x_wconf 79' lang='grc' dir='ltr'>ὀσμὴν</span> <span class='ocrx_word' id='word_1_609' title='bbox 3540 1548 3675 1601; x_wconf 85' lang='grc' dir='ltr'>εὑω-</span> 
     </span>
    </p>
   </div>
   <div class='ocr_carea' id='block_1_75' title="bbox 1992 1630 3674 1706">
    <p class='ocr_par' dir='ltr' id='par_1_75' title="bbox 1992 1630 3674 1706">
     <span class='ocr_line' id='line_1_75' title="bbox 1992 1630 3674 1706; baseline 0.002 -21"><span class='ocrx_word' id='word_1_610' title='bbox 1992 1630 2109 1695; x_wconf 88' lang='grc' dir='ltr'>δίας</span> <span class='ocrx_word' id='word_1_611' title='bbox 2136 1632 2384 1704; x_wconf 85' lang='grc' dir='ltr'>ἐποίησε,</span> <span class='ocrx_word' id='word_1_612' title='bbox 2409 1635 2461 1688; x_wconf 88' lang='grc' dir='ltr'>τί</span> <span class='ocrx_word' id='word_1_613' title='bbox 2476 1636 2576 1688; x_wconf 89' lang='grc' dir='ltr'>οὑκ</span> <span class='ocrx_word' id='word_1_614' title='bbox 2598 1635 2663 1688; x_wconf 85' lang='grc' dir='ltr'>ἂν</span> <span class='ocrx_word' id='word_1_615' title='bbox 2680 1636 2980 1706; x_wconf 81' lang='grc' dir='ltr'>ἐργάσηται</span> <span class='ocrx_word' id='word_1_616' title='bbox 3001 1635 3101 1698; x_wconf 80' lang='grc' dir='ltr'>τὰς</span> <span class='ocrx_word' id='word_1_617' title='bbox 3122 1634 3493 1705; x_wconf 84' lang='grc' dir='ltr'>πνευματικὰς</span> <span class='ocrx_word' id='word_1_618' title='bbox 3516 1635 3674 1706; x_wconf 79' lang='grc' dir='ltr'>ημῶν</span> 
     </span>
    </p>
   </div>
   <div class='ocr_carea' id='block_1_76' title="bbox 1995 1718 3676 1793">
    <p class='ocr_par' dir='ltr' id='par_1_76' title="bbox 1995 1718 3676 1793">
     <span class='ocr_line' id='line_1_76' title="bbox 1995 1718 3676 1793; baseline 0.003 -22"><span class='ocrx_word' id='word_1_619' title='bbox 1995 1718 2199 1783; x_wconf 88' lang='grc' dir='ltr'>ταύτας</span> <span class='ocrx_word' id='word_1_620' title='bbox 2226 1720 2503 1791; x_wconf 86' lang='grc' dir='ltr'>λατρείας,</span> <span class='ocrx_word' id='word_1_621' title='bbox 2528 1722 2621 1775; x_wconf 91' lang='lat'><strong>1:61</strong></span> <span class='ocrx_word' id='word_1_622' title='bbox 2643 1723 2816 1791; x_wconf 87' lang='grc' dir='ltr'>πόσης</span> <span class='ocrx_word' id='word_1_623' title='bbox 2845 1724 2992 1792; x_wconf 77' lang='grc' dir='ltr'>ἡμᾶς</span> <span class='ocrx_word' id='word_1_624' title='bbox 3017 1722 3078 1775; x_wconf 89' lang='grc' dir='ltr'>οὑ</span> <span class='ocrx_word' id='word_1_625' title='bbox 3117 1720 3510 1793; x_wconf 79' lang='grc' dir='ltr'>παρασκευάσῃ</span> <span class='ocrx_word' id='word_1_626' title='bbox 3540 1723 3676 1776; x_wconf 79' lang='grc' dir='ltr'>ἀπο-</span> 
     </span>
    </p>
   </div>
   <div class='ocr_carea' id='block_1_77' title="bbox 1995 1804 3674 1880">
    <p class='ocr_par' dir='ltr' id='par_1_77' title="bbox 1995 1804 3674 1880">
     <span class='ocr_line' id='line_1_77' title="bbox 1995 1804 3674 1880; baseline 0.002 -21"><span class='ocrx_word' id='word_1_627' title='bbox 1995 1804 2191 1861; x_wconf 87' lang='grc' dir='ltr'>λαῦσαι</span> <span class='ocrx_word' id='word_1_628' title='bbox 2214 1807 2315 1879; x_wconf 85' lang='grc' dir='ltr'>τῆς</span> <span class='ocrx_word' id='word_1_629' title='bbox 2348 1807 2554 1861; x_wconf 88' lang='grc' dir='ltr'>άνωθεν</span> <span class='ocrx_word' id='word_1_630' title='bbox 2584 1808 2831 1873; x_wconf 86' lang='grc' dir='ltr'>εὑνοίας;</span> <span class='ocrx_word' id='word_1_631' title='bbox 2860 1809 2969 1862; x_wconf 86' lang='lat' dir='ltr'><strong><em>Kal</em></strong></span> <span class='ocrx_word' id='word_1_632' title='bbox 2997 1808 3343 1878; x_wconf 68' lang='grc' dir='ltr'>ὠσφράνθη,</span> <span class='ocrx_word' id='word_1_633' title='bbox 3381 1810 3534 1880; x_wconf 73' lang='grc' dir='ltr'>φησὶ,</span> <span class='ocrx_word' id='word_1_634' title='bbox 3562 1808 3674 1863; x_wconf 73' lang='lat' dir='ltr'>K15-</span> 
     </span>
    </p>
   </div>
   <div class='ocr_carea' id='block_1_78' title="bbox 1990 1892 3677 1966">
    <p class='ocr_par' dir='ltr' id='par_1_78' title="bbox 1990 1892 3677 1966">
     <span class='ocr_line' id='line_1_78' title="bbox 1990 1892 3677 1966; baseline 0.002 -21"><span class='ocrx_word' id='word_1_635' title='bbox 1990 1909 2123 1961; x_wconf 80' lang='grc' dir='ltr'>ριος</span> <span class='ocrx_word' id='word_1_636' title='bbox 2154 1897 2187 1947; x_wconf 85' lang='grc' dir='ltr'>ό</span> <span class='ocrx_word' id='word_1_637' title='bbox 2216 1892 2361 1959; x_wconf 85' lang='grc' dir='ltr'>Θεὸς</span> <span class='ocrx_word' id='word_1_638' title='bbox 2382 1893 2585 1964; x_wconf 76' lang='grc' dir='ltr'>ὀσμὴν</span> <span class='ocrx_word' id='word_1_639' title='bbox 2605 1894 2875 1961; x_wconf 79' lang='grc' dir='ltr'>εὐωδίας.</span> <span class='ocrx_word' id='word_1_640' title='bbox 2904 1894 3059 1959; x_wconf 76' lang='grc' dir='ltr'>Εἶδες</span> <span class='ocrx_word' id='word_1_641' title='bbox 3075 1894 3143 1949; x_wconf 88' lang='grc' dir='ltr'>τὰ</span> <span class='ocrx_word' id='word_1_642' title='bbox 3177 1895 3326 1966; x_wconf 83' lang='grc' dir='ltr'>παρὰ</span> <span class='ocrx_word' id='word_1_643' title='bbox 3346 1894 3440 1949; x_wconf 90' lang='grc' dir='ltr'>τοῦ</span> <span class='ocrx_word' id='word_1_644' title='bbox 3465 1895 3677 1949; x_wconf 87' lang='grc' dir='ltr'>δικαίου</span> 
     </span>
    </p>
   </div>
   <div class='ocr_carea' id='block_1_79' title="bbox 1996 1982 3675 2054">
    <p class='ocr_par' dir='ltr' id='par_1_79' title="bbox 1996 1982 3675 2054">
     <span class='ocr_line' id='line_1_79' title="bbox 1996 1982 3675 2054; baseline 0.001 -20"><span class='ocrx_word' id='word_1_645' title='bbox 1996 1982 2357 2053; x_wconf 84' lang='grc' dir='ltr'>γεγενημένα,</span> <span class='ocrx_word' id='word_1_646' title='bbox 2382 1982 2519 2048; x_wconf 84' lang='grc' dir='ltr'>πῶς,</span> <span class='ocrx_word' id='word_1_647' title='bbox 2546 1983 2670 2035; x_wconf 78' lang='grc' dir='ltr'>ὅσον</span> <span class='ocrx_word' id='word_1_648' title='bbox 2688 1982 2787 2054; x_wconf 76' lang='grc' dir='ltr'>μὲν</span> <span class='ocrx_word' id='word_1_649' title='bbox 2818 1982 2953 2054; x_wconf 85' lang='grc' dir='ltr'>πρὸς</span> <span class='ocrx_word' id='word_1_650' title='bbox 2972 1983 3072 2053; x_wconf 79' lang='grc' dir='ltr'>τὴν</span> <span class='ocrx_word' id='word_1_651' title='bbox 3090 1982 3211 2053; x_wconf 76' lang='grc' dir='ltr'>ὄψιν</span> <span class='ocrx_word' id='word_1_652' title='bbox 3228 1982 3337 2037; x_wconf 83' lang='grc' dir='ltr'>τῶν</span> <span class='ocrx_word' id='word_1_653' title='bbox 3352 1983 3675 2051; x_wconf 86' lang='grc' dir='ltr'>γεγονότων,</span> 
     </span>
    </p>
   </div>
   <div class='ocr_carea' id='block_1_80' title="bbox 2000 2066 3675 2141">
    <p class='ocr_par' dir='ltr' id='par_1_80' title="bbox 2000 2066 3675 2141">
     <span class='ocr_line' id='line_1_80' title="bbox 2000 2066 3675 2141; baseline 0.001 -21"><span class='ocrx_word' id='word_1_654' title='bbox 2000 2066 2191 2139; x_wconf 82' lang='grc' dir='ltr'>εύτελῆ</span> <span class='ocrx_word' id='word_1_655' title='bbox 2218 2068 2496 2140; x_wconf 83' lang='grc' dir='ltr'>τυγχάνει,</span> <span class='ocrx_word' id='word_1_656' title='bbox 2540 2069 2648 2123; x_wconf 81' lang='lat'><strong>61:6</strong></span> <span class='ocrx_word' id='word_1_657' title='bbox 2676 2069 2734 2123; x_wconf 88' lang='grc' dir='ltr'>δὲ</span> <span class='ocrx_word' id='word_1_658' title='bbox 2760 2069 2862 2139; x_wconf 87' lang='grc' dir='ltr'>τῆς</span> <span class='ocrx_word' id='word_1_659' title='bbox 2894 2068 3081 2138; x_wconf 79' lang='grc' dir='ltr'>ὑγιοῦς</span> <span class='ocrx_word' id='word_1_660' title='bbox 3118 2068 3282 2123; x_wconf 87' lang='grc' dir='ltr'>αὑτοῦ</span> <span class='ocrx_word' id='word_1_661' title='bbox 3320 2068 3545 2141; x_wconf 90' lang='grc' dir='ltr'>γνώμης</span> <span class='ocrx_word' id='word_1_662' title='bbox 3578 2070 3675 2123; x_wconf 77' lang='grc' dir='ltr'>καὶ</span> 
     </span>
    </p>
   </div>
   <div class='ocr_carea' id='block_1_81' title="bbox 1999 2152 3675 2226">
    <p class='ocr_par' dir='ltr' id='par_1_81' title="bbox 1999 2152 3675 2226">
     <span class='ocr_line' id='line_1_81' title="bbox 1999 2152 3675 2226; baseline 0.001 -21"><span class='ocrx_word' id='word_1_663' title='bbox 1999 2152 2143 2207; x_wconf 86' lang='grc' dir='ltr'>πάνυ</span> <span class='ocrx_word' id='word_1_664' title='bbox 2180 2152 2395 2224; x_wconf 85' lang='grc' dir='ltr'>μεγάλα</span> <span class='ocrx_word' id='word_1_665' title='bbox 2426 2154 2738 2221; x_wconf 87' lang='grc' dir='ltr'>δείκνυται;</span> <span class='ocrx_word' id='word_1_666' title='bbox 2767 2154 2966 2207; x_wconf 86' lang='grc' dir='ltr'>Σκόπει</span> <span class='ocrx_word' id='word_1_667' title='bbox 3014 2172 3104 2226; x_wconf 91' lang='grc' dir='ltr'>μοι</span> <span class='ocrx_word' id='word_1_668' title='bbox 3130 2154 3317 2208; x_wconf 86' lang='grc' dir='ltr'>λοιπὸν</span> <span class='ocrx_word' id='word_1_669' title='bbox 3357 2153 3452 2208; x_wconf 87' lang='grc' dir='ltr'>τοῦ</span> <span class='ocrx_word' id='word_1_670' title='bbox 3490 2154 3675 2223; x_wconf 82' lang='grc' dir='ltr'>φιλανο</span> 
     </span>
    </p>
   </div>
   <div class='ocr_carea' id='block_1_82' title="bbox 1999 2235 3678 2313">
    <p class='ocr_par' dir='ltr' id='par_1_82' title="bbox 1999 2235 3678 2313">
     <span class='ocr_line' id='line_1_82' title="bbox 1999 2235 3678 2313; baseline 0.001 -20"><span class='ocrx_word' id='word_1_671' title='bbox 1999 2238 2219 2311; x_wconf 86' lang='grc' dir='ltr'>θρώπου</span> <span class='ocrx_word' id='word_1_672' title='bbox 2277 2240 2552 2295; x_wconf 89' lang='grc' dir='ltr'>Δεσπότου</span> <span class='ocrx_word' id='word_1_673' title='bbox 2587 2240 2687 2312; x_wconf 76' lang='grc' dir='ltr'>τὴν</span> <span class='ocrx_word' id='word_1_674' title='bbox 2736 2240 2960 2313; x_wconf 86' lang='grc' dir='ltr'>άπειρον</span> <span class='ocrx_word' id='word_1_675' title='bbox 3004 2240 3339 2311; x_wconf 88' lang='grc' dir='ltr'>ἀγαθότητα.</span> <span class='ocrx_word' id='word_1_676' title='bbox 3390 2240 3499 2296; x_wconf 79' lang='grc' dir='ltr'>Καὶ</span> <span class='ocrx_word' id='word_1_677' title='bbox 3545 2235 3678 2295; x_wconf 73' lang='grc' dir='ltr'>εἶπε</span> 
     </span>
    </p>
   </div>
   <div class='ocr_carea' id='block_1_83' title="bbox 1999 2326 3679 2396">
    <p class='ocr_par' dir='ltr' id='par_1_83' title="bbox 1999 2326 3679 2396">
     <span class='ocr_line' id='line_1_83' title="bbox 1999 2326 3679 2396; baseline 0.002 -16"><span class='ocrx_word' id='word_1_678' title='bbox 1999 2326 2216 2395; x_wconf 86' lang='grc' dir='ltr'>Κύριος</span> <span class='ocrx_word' id='word_1_679' title='bbox 2269 2329 2303 2381; x_wconf 81' lang='grc' dir='ltr'><em>ὁ</em></span> <span class='ocrx_word' id='word_1_680' title='bbox 2338 2326 2485 2393; x_wconf 88' lang='grc' dir='ltr'>Θεὸς</span> <span class='ocrx_word' id='word_1_681' title='bbox 2522 2326 2890 2395; x_wconf 78' lang='grc' dir='ltr'>διανοηθείςο</span> <span class='ocrx_word' id='word_1_682' title='bbox 2940 2329 3023 2382; x_wconf 82' lang='grc' dir='ltr'>οὐ</span> <span class='ocrx_word' id='word_1_683' title='bbox 3074 2328 3401 2396; x_wconf 82' lang='grc' dir='ltr'>προσθήσω</span> <span class='ocrx_word' id='word_1_684' title='bbox 3429 2329 3514 2383; x_wconf 80' lang='grc' dir='ltr'>ἐτι</span> <span class='ocrx_word' id='word_1_685' title='bbox 3568 2327 3679 2383; x_wconf 83' lang='grc' dir='ltr'>τοῦ</span> 
     </span>
    </p>
   </div>
   <div class='ocr_carea' id='block_1_84' title="bbox 2001 2411 3677 2483">
    <p class='ocr_par' dir='ltr' id='par_1_84' title="bbox 2001 2411 3677 2483">
     <span class='ocr_line' id='line_1_84' title="bbox 2001 2411 3677 2483; baseline 0.001 -17"><span class='ocrx_word' id='word_1_686' title='bbox 2001 2411 2456 2481; x_wconf 79' lang='grc' dir='ltr'>καταράσασθαι</span> <span class='ocrx_word' id='word_1_687' title='bbox 2493 2412 2608 2481; x_wconf 78' lang='grc' dir='ltr'>τὴν</span> <span class='ocrx_word' id='word_1_688' title='bbox 2628 2412 2749 2483; x_wconf 70' lang='grc' dir='ltr'>γῆν</span> <span class='ocrx_word' id='word_1_689' title='bbox 2778 2413 2876 2467; x_wconf 80' lang='grc' dir='ltr'>διὰ</span> <span class='ocrx_word' id='word_1_690' title='bbox 2902 2414 2975 2469; x_wconf 84' lang='grc' dir='ltr'>τὰ</span> <span class='ocrx_word' id='word_1_691' title='bbox 3010 2414 3156 2483; x_wconf 81' lang='grc' dir='ltr'>ἔργα</span> <span class='ocrx_word' id='word_1_692' title='bbox 3181 2413 3299 2469; x_wconf 77' lang='grc' dir='ltr'>τῶν</span> <span class='ocrx_word' id='word_1_693' title='bbox 3329 2413 3677 2483; x_wconf 83' lang='grc' dir='ltr'>ἀνθρώπων,</span> 
     </span>
    </p>
   </div>
   <div class='ocr_carea' id='block_1_85' title="bbox 2001 2498 3682 2569">
    <p class='ocr_par' dir='ltr' id='par_1_85' title="bbox 2001 2498 3682 2569">
     <span class='ocr_line' id='line_1_85' title="bbox 2001 2498 3682 2569; baseline 0.002 -16"><span class='ocrx_word' id='word_1_694' title='bbox 2001 2498 2093 2553; x_wconf 85' lang='grc' dir='ltr'>ὅτι</span> <span class='ocrx_word' id='word_1_695' title='bbox 2124 2499 2384 2569; x_wconf 74' lang='grc' dir='ltr'>ἔγκειται</span> <span class='ocrx_word' id='word_1_696' title='bbox 2409 2501 2447 2567; x_wconf 79' lang='grc' dir='ltr'><strong><em>ή</em></strong></span> <span class='ocrx_word' id='word_1_697' title='bbox 2482 2498 2717 2554; x_wconf 82' lang='grc' dir='ltr'>διάνοια</span> <span class='ocrx_word' id='word_1_698' title='bbox 2752 2499 2860 2554; x_wconf 86' lang='grc' dir='ltr'>τοῦ</span> <span class='ocrx_word' id='word_1_699' title='bbox 2896 2500 3213 2568; x_wconf 83' lang='grc' dir='ltr'>ἀνθρώπου</span> <span class='ocrx_word' id='word_1_700' title='bbox 3242 2498 3538 2569; x_wconf 72' lang='grc' dir='ltr'>ἐπιμελῶς</span> <span class='ocrx_word' id='word_1_701' title='bbox 3578 2499 3682 2556; x_wconf 69' lang='grc' dir='ltr'>ἐπὶ</span> 
     </span>
    </p>
   </div>
   <div class='ocr_carea' id='block_1_86' title="bbox 2000 2583 3683 2657">
    <p class='ocr_par' dir='ltr' id='par_1_86' title="bbox 2000 2583 3683 2657">
     <span class='ocr_line' id='line_1_86' title="bbox 2000 2583 3683 2657; baseline 0.002 -16"><span class='ocrx_word' id='word_1_702' title='bbox 2000 2588 2075 2642; x_wconf 85' lang='grc' dir='ltr'>τὰ</span> <span class='ocrx_word' id='word_1_703' title='bbox 2104 2588 2338 2657; x_wconf 83' lang='grc' dir='ltr'>πονηρὰ</span> <span class='ocrx_word' id='word_1_704' title='bbox 2361 2588 2429 2643; x_wconf 75' lang='grc' dir='ltr'>ἐκ</span> <span class='ocrx_word' id='word_1_705' title='bbox 2462 2589 2767 2656; x_wconf 84' lang='grc' dir='ltr'>νεότητος.</span> <span class='ocrx_word' id='word_1_706' title='bbox 2811 2589 2895 2642; x_wconf 85' lang='grc' dir='ltr'>Οὐ</span> <span class='ocrx_word' id='word_1_707' title='bbox 2927 2587 3255 2657; x_wconf 77' lang='grc' dir='ltr'>προσθήσω</span> <span class='ocrx_word' id='word_1_708' title='bbox 3277 2583 3394 2643; x_wconf 83' lang='grc' dir='ltr'>οὖν</span> <span class='ocrx_word' id='word_1_709' title='bbox 3421 2587 3683 2655; x_wconf 75' lang='grc' dir='ltr'>πατάξαι</span> 
     </span>
    </p>
   </div>
   <div class='ocr_carea' id='block_1_87' title="bbox 2002 2673 3683 2746">
    <p class='ocr_par' dir='ltr' id='par_1_87' title="bbox 2002 2673 3683 2746">
     <span class='ocr_line' id='line_1_87' title="bbox 2002 2673 3683 2746; baseline 0.002 -18"><span class='ocrx_word' id='word_1_710' title='bbox 2002 2673 2211 2729; x_wconf 81' lang='grc' dir='ltr'>πᾶσαν</span> <span class='ocrx_word' id='word_1_711' title='bbox 2253 2674 2452 2744; x_wconf 82' lang='grc' dir='ltr'>σάρκα</span> <span class='ocrx_word' id='word_1_712' title='bbox 2496 2674 2691 2735; x_wconf 80' lang='grc' dir='ltr'>ζῶσαν</span> <span class='ocrx_word' id='word_1_713' title='bbox 2755 2674 2946 2741; x_wconf 82' lang='grc' dir='ltr'>καθὼς</span> <span class='ocrx_word' id='word_1_714' title='bbox 2995 2674 3274 2743; x_wconf 79' lang='grc' dir='ltr'>ἐποίησα,</span> <span class='ocrx_word' id='word_1_715' title='bbox 3332 2676 3422 2729; x_wconf 75' lang='grc' dir='ltr'>ἐτι</span> <span class='ocrx_word' id='word_1_716' title='bbox 3474 2673 3683 2746; x_wconf 87' lang='grc' dir='ltr'>πάσας</span> 
     </span>
    </p>
   </div>
   <div class='ocr_carea' id='block_1_88' title="bbox 2002 2759 2662 2831">
    <p class='ocr_par' dir='ltr' id='par_1_88' title="bbox 2002 2759 2662 2831">
     <span class='ocr_line' id='line_1_88' title="bbox 2002 2759 2662 2831; baseline 0.002 -4"><span class='ocrx_word' id='word_1_717' title='bbox 2002 2760 2110 2827; x_wconf 81' lang='grc' dir='ltr'>τὰς</span> <span class='ocrx_word' id='word_1_718' title='bbox 2133 2759 2359 2831; x_wconf 69' lang='grc' dir='ltr'>ἡμέρας</span> <span class='ocrx_word' id='word_1_719' title='bbox 2387 2760 2497 2830; x_wconf 78' lang='grc' dir='ltr'>τῆς</span> <span class='ocrx_word' id='word_1_720' title='bbox 2527 2759 2662 2831; x_wconf 64' lang='grc' dir='ltr'>γῆς.</span> 
     </span>
    </p>
   </div>
   <div class='ocr_carea' id='block_1_89' title="bbox 2073 2847 3685 2921">
    <p class='ocr_par' dir='ltr' id='par_1_89' title="bbox 2073 2847 3685 2921">
     <span class='ocr_line' id='line_1_89' title="bbox 2073 2847 3685 2921; baseline 0.001 -18"><span class='ocrx_word' id='word_1_721' title='bbox 2073 2850 2135 2903; x_wconf 89' lang='grc' dir='ltr'>δ’.</span> <span class='ocrx_word' id='word_1_722' title='bbox 2168 2849 2344 2914; x_wconf 81' lang='grc' dir='ltr'>Πολὺς</span> <span class='ocrx_word' id='word_1_723' title='bbox 2382 2849 2485 2920; x_wconf 88' lang='grc' dir='ltr'>τῆς</span> <span class='ocrx_word' id='word_1_724' title='bbox 2515 2849 2839 2921; x_wconf 79' lang='grc' dir='ltr'>εὐεργεσίας</span> <span class='ocrx_word' id='word_1_725' title='bbox 2864 2850 2893 2903; x_wconf 94' lang='lat'>6</span> <span class='ocrx_word' id='word_1_726' title='bbox 2922 2848 3113 2917; x_wconf 78' lang='grc' dir='ltr'>δγκος,</span> <span class='ocrx_word' id='word_1_727' title='bbox 3141 2848 3237 2903; x_wconf 83' lang='grc' dir='ltr'>καὶ</span> <span class='ocrx_word' id='word_1_728' title='bbox 3272 2847 3406 2903; x_wconf 85' lang='grc' dir='ltr'>πολὺ</span> <span class='ocrx_word' id='word_1_729' title='bbox 3434 2848 3535 2921; x_wconf 86' lang='grc' dir='ltr'>τῆς</span> <span class='ocrx_word' id='word_1_730' title='bbox 3560 2848 3685 2919; x_wconf 78' lang='grc' dir='ltr'>φιλ·</span> 
     </span>
    </p>
   </div>
   <div class='ocr_carea' id='block_1_90' title="bbox 2004 2934 3681 3008">
    <p class='ocr_par' dir='ltr' id='par_1_90' title="bbox 2004 2934 3681 3008">
     <span class='ocr_line' id='line_1_90' title="bbox 2004 2934 3681 3008; baseline -0.001 -18"><span class='ocrx_word' id='word_1_731' title='bbox 2004 2935 2323 3008; x_wconf 89' lang='grc' dir='ltr'>ανθρωπίας</span> <span class='ocrx_word' id='word_1_732' title='bbox 2367 2934 2430 2989; x_wconf 83' lang='grc' dir='ltr'>τὸ</span> <span class='ocrx_word' id='word_1_733' title='bbox 2462 2934 2712 3005; x_wconf 86' lang='grc' dir='ltr'>μέγεθος,</span> <span class='ocrx_word' id='word_1_734' title='bbox 2761 2936 2858 2989; x_wconf 90' lang='lat'><strong>1:61</strong></span> <span class='ocrx_word' id='word_1_735' title='bbox 2890 2934 3096 3005; x_wconf 82' lang='grc' dir='ltr'>ἀφατος</span> <span class='ocrx_word' id='word_1_736' title='bbox 3122 2934 3222 3006; x_wconf 87' lang='grc' dir='ltr'>τῆς</span> <span class='ocrx_word' id='word_1_737' title='bbox 3248 2934 3603 3000; x_wconf 80' lang='grc' dir='ltr'>ἀνεξικακίας</span> <span class='ocrx_word' id='word_1_738' title='bbox 3644 2935 3681 3007; x_wconf 76' lang='grc' dir='ltr'>η</span> 
     </span>
    </p>
   </div>
   <div class='ocr_carea' id='block_1_91' title="bbox 2004 3017 3684 3095">
    <p class='ocr_par' dir='ltr' id='par_1_91' title="bbox 2004 3017 3684 3095">
     <span class='ocr_line' id='line_1_91' title="bbox 2004 3017 3684 3095; baseline -0.001 -17"><span class='ocrx_word' id='word_1_739' title='bbox 2004 3022 2300 3095; x_wconf 83' lang='grc' dir='ltr'>ὑπερϐολή.</span> <span class='ocrx_word' id='word_1_740' title='bbox 2335 3022 2449 3076; x_wconf 82' lang='lat' dir='ltr'><strong><em>Kal</em></strong></span> <span class='ocrx_word' id='word_1_741' title='bbox 2496 3017 2630 3076; x_wconf 77' lang='grc' dir='ltr'>εἶπε</span> <span class='ocrx_word' id='word_1_742' title='bbox 2664 3022 2880 3090; x_wconf 82' lang='grc' dir='ltr'>Κύριος</span> <span class='ocrx_word' id='word_1_743' title='bbox 2928 3024 2964 3076; x_wconf 81' lang='grc' dir='ltr'><em>ὁ</em></span> <span class='ocrx_word' id='word_1_744' title='bbox 3010 3022 3154 3088; x_wconf 83' lang='grc' dir='ltr'>Θεὸς</span> <span class='ocrx_word' id='word_1_745' title='bbox 3184 3021 3544 3090; x_wconf 80' lang='grc' dir='ltr'>διανοηθείς.</span> <span class='ocrx_word' id='word_1_746' title='bbox 3585 3022 3684 3092; x_wconf 78' lang='lat' dir='ltr'><strong>T6,</strong></span> 
     </span>
    </p>
   </div>
   <div class='ocr_carea' id='block_1_92' title="bbox 2005 3107 3685 3183">
    <p class='ocr_par' dir='ltr' id='par_1_92' title="bbox 2005 3107 3685 3183">
     <span class='ocr_line' id='line_1_92' title="bbox 2005 3107 3685 3183; baseline 0 -19"><span class='ocrx_word' id='word_1_747' title='bbox 2005 3109 2372 3179; x_wconf 77' lang='grc' dir='ltr'>Διανοηθείς,</span> <span class='ocrx_word' id='word_1_748' title='bbox 2409 3108 2574 3164; x_wconf 86' lang='grc' dir='ltr'>πάλιν</span> <span class='ocrx_word' id='word_1_749' title='bbox 2604 3107 2984 3181; x_wconf 86' lang='grc' dir='ltr'>ἀνθρωπίνως,</span> <span class='ocrx_word' id='word_1_750' title='bbox 3016 3109 3111 3163; x_wconf 87' lang='lat'><strong>1:61</strong></span> <span class='ocrx_word' id='word_1_751' title='bbox 3138 3108 3215 3173; x_wconf 83' lang='grc' dir='ltr'>ὡς</span> <span class='ocrx_word' id='word_1_752' title='bbox 3255 3108 3394 3183; x_wconf 83' lang='grc' dir='ltr'>πρὸς</span> <span class='ocrx_word' id='word_1_753' title='bbox 3415 3110 3516 3183; x_wconf 74' lang='grc' dir='ltr'>τὴν</span> <span class='ocrx_word' id='word_1_754' title='bbox 3543 3111 3685 3182; x_wconf 77' lang='grc' dir='ltr'>ἠμε-</span> 
     </span>
    </p>
   </div>
   <div class='ocr_carea' id='block_1_93' title="bbox 2004 3195 3691 3272">
    <p class='ocr_par' dir='ltr' id='par_1_93' title="bbox 2004 3195 3691 3272">
     <span class='ocr_line' id='line_1_93' title="bbox 2004 3195 3691 3272; baseline -0.001 -19"><span class='ocrx_word' id='word_1_755' title='bbox 2004 3199 2172 3272; x_wconf 88' lang='grc' dir='ltr'>τέραν</span> <span class='ocrx_word' id='word_1_756' title='bbox 2196 3197 2380 3269; x_wconf 84' lang='grc' dir='ltr'>φύσιν.</span> <span class='ocrx_word' id='word_1_757' title='bbox 2404 3199 2488 3253; x_wconf 82' lang='grc' dir='ltr'>οὐ</span> <span class='ocrx_word' id='word_1_758' title='bbox 2512 3197 2842 3267; x_wconf 76' lang='grc' dir='ltr'>προσθήσω</span> <span class='ocrx_word' id='word_1_759' title='bbox 2860 3197 2948 3251; x_wconf 72' lang='grc' dir='ltr'>ἔτι</span> <span class='ocrx_word' id='word_1_760' title='bbox 2969 3196 3075 3252; x_wconf 87' lang='grc' dir='ltr'>τοῦ</span> <span class='ocrx_word' id='word_1_761' title='bbox 3097 3196 3551 3265; x_wconf 80' lang='grc' dir='ltr'>καταράσασθαι</span> <span class='ocrx_word' id='word_1_762' title='bbox 3572 3195 3691 3268; x_wconf 74' lang='grc' dir='ltr'>τὴν</span> 
     </span>
    </p>
   </div>
   <div class='ocr_carea' id='block_1_94' title="bbox 2005 3282 3691 3357">
    <p class='ocr_par' dir='ltr' id='par_1_94' title="bbox 2005 3282 3691 3357">
     <span class='ocr_line' id='line_1_94' title="bbox 2005 3282 3691 3357; baseline -0.001 -18"><span class='ocrx_word' id='word_1_763' title='bbox 2005 3284 2126 3356; x_wconf 73' lang='grc' dir='ltr'>γῆν</span> <span class='ocrx_word' id='word_1_764' title='bbox 2144 3283 2243 3339; x_wconf 83' lang='grc' dir='ltr'>διὰ</span> <span class='ocrx_word' id='word_1_765' title='bbox 2264 3284 2336 3339; x_wconf 82' lang='grc' dir='ltr'>τὰ</span> <span class='ocrx_word' id='word_1_766' title='bbox 2355 3283 2501 3354; x_wconf 70' lang='grc' dir='ltr'>ἔργα</span> <span class='ocrx_word' id='word_1_767' title='bbox 2524 3282 2643 3339; x_wconf 79' lang='grc' dir='ltr'>τῶν</span> <span class='ocrx_word' id='word_1_768' title='bbox 2664 3283 3011 3352; x_wconf 78' lang='grc' dir='ltr'>ἀνθρώπων.</span> <span class='ocrx_word' id='word_1_769' title='bbox 3035 3283 3147 3336; x_wconf 83' lang='lat' dir='ltr'><strong>K61</strong></span> <span class='ocrx_word' id='word_1_770' title='bbox 3172 3284 3281 3355; x_wconf 88' lang='grc' dir='ltr'>γὰρ</span> <span class='ocrx_word' id='word_1_771' title='bbox 3302 3284 3396 3337; x_wconf 77' lang='grc' dir='ltr'>ἐπὶ</span> <span class='ocrx_word' id='word_1_772' title='bbox 3414 3283 3511 3338; x_wconf 89' lang='grc' dir='ltr'>τοῦ</span> <span class='ocrx_word' id='word_1_773' title='bbox 3535 3300 3691 3357; x_wconf 80' lang='grc' dir='ltr'>πρω-</span> 
     </span>
    </p>
   </div>
   <div class='ocr_carea' id='block_1_95' title="bbox 2005 3369 3688 3443">
    <p class='ocr_par' dir='ltr' id='par_1_95' title="bbox 2005 3369 3688 3443">
     <span class='ocr_line' id='line_1_95' title="bbox 2005 3369 3688 3443; baseline -0.001 -17"><span class='ocrx_word' id='word_1_774' title='bbox 2005 3372 2307 3427; x_wconf 87' lang='grc' dir='ltr'>τοπλάστου</span> <span class='ocrx_word' id='word_1_775' title='bbox 2336 3372 2687 3443; x_wconf 87' lang='grc' dir='ltr'>κατηράσατο</span> <span class='ocrx_word' id='word_1_776' title='bbox 2714 3373 2905 3436; x_wconf 86' lang='grc' dir='ltr'>εἰπὼν,</span> <span class='ocrx_word' id='word_1_777' title='bbox 2946 3369 3230 3438; x_wconf 79' lang='grc' dir='ltr'>Ἀκάνθας</span> <span class='ocrx_word' id='word_1_778' title='bbox 3254 3369 3351 3424; x_wconf 75' lang='grc' dir='ltr'>καί</span> <span class='ocrx_word' id='word_1_779' title='bbox 3378 3371 3688 3439; x_wconf 73' lang='grc' dir='ltr'>τριϐόλους</span> 
     </span>
    </p>
   </div>
   <div class='ocr_carea' id='block_1_96' title="bbox 2008 3453 3688 3529">
    <p class='ocr_par' dir='ltr' id='par_1_96' title="bbox 2008 3453 3688 3529">
     <span class='ocr_line' id='line_1_96' title="bbox 2008 3453 3688 3529; baseline -0.001 -15"><span class='ocrx_word' id='word_1_780' title='bbox 2008 3458 2311 3515; x_wconf 69' lang='grc' dir='ltr'>ἀνατελεῖο</span> <span class='ocrx_word' id='word_1_781' title='bbox 2346 3458 2442 3513; x_wconf 77' lang='grc' dir='ltr'>καὶ</span> <span class='ocrx_word' id='word_1_782' title='bbox 2486 3459 2579 3511; x_wconf 77' lang='grc' dir='ltr'>ἐπὶ</span> <span class='ocrx_word' id='word_1_783' title='bbox 2613 3456 2710 3511; x_wconf 89' lang='grc' dir='ltr'>τοῦ</span> <span class='ocrx_word' id='word_1_784' title='bbox 2759 3458 2898 3511; x_wconf 76' lang='grc' dir='ltr'>Κάῖν</span> <span class='ocrx_word' id='word_1_785' title='bbox 2940 3456 3102 3512; x_wconf 89' lang='grc' dir='ltr'>πάλιν</span> <span class='ocrx_word' id='word_1_786' title='bbox 3147 3458 3367 3529; x_wconf 82' lang='grc' dir='ltr'>ὁμοίως.</span> <span class='ocrx_word' id='word_1_787' title='bbox 3411 3456 3562 3512; x_wconf 76' lang='grc' dir='ltr'>Ἐπεὶ</span> <span class='ocrx_word' id='word_1_788' title='bbox 3593 3453 3688 3513; x_wconf 82' lang='grc' dir='ltr'>οῦν</span> 
     </span>
    </p>
   </div>
   <div class='ocr_carea' id='block_1_97' title="bbox 2010 3542 3686 3618">
    <p class='ocr_par' dir='ltr' id='par_1_97' title="bbox 2010 3542 3686 3618">
     <span class='ocr_line' id='line_1_97' title="bbox 2010 3542 3686 3618; baseline 0 -18"><span class='ocrx_word' id='word_1_789' title='bbox 2010 3548 2106 3600; x_wconf 81' lang='lat'><strong>1:61</strong></span> <span class='ocrx_word' id='word_1_790' title='bbox 2134 3545 2230 3600; x_wconf 91' lang='grc' dir='ltr'>νῦν</span> <span class='ocrx_word' id='word_1_791' title='bbox 2256 3545 2358 3618; x_wconf 75' lang='grc' dir='ltr'>τὴν</span> <span class='ocrx_word' id='word_1_792' title='bbox 2388 3544 2659 3616; x_wconf 73' lang='grc' dir='ltr'>τοσαύτην</span> <span class='ocrx_word' id='word_1_793' title='bbox 2704 3542 3084 3615; x_wconf 88' lang='grc' dir='ltr'>πανωλεθρίαν</span> <span class='ocrx_word' id='word_1_794' title='bbox 3115 3544 3421 3616; x_wconf 81' lang='grc' dir='ltr'>ἐπήγαγεν,</span> <span class='ocrx_word' id='word_1_795' title='bbox 3463 3545 3550 3599; x_wconf 77' lang='grc' dir='ltr'>ἵνα</span> <span class='ocrx_word' id='word_1_796' title='bbox 3577 3561 3686 3600; x_wconf 86' lang='lat'><strong>1:6-</strong></span> 
     </span>
    </p>
   </div>
   <div class='ocr_carea' id='block_1_98' title="bbox 2013 3629 3687 3707">
    <p class='ocr_par' dir='ltr' id='par_1_98' title="bbox 2013 3629 3687 3707">
     <span class='ocr_line' id='line_1_98' title="bbox 2013 3629 3687 3707; baseline 0 -19"><span class='ocrx_word' id='word_1_797' title='bbox 2013 3632 2401 3707; x_wconf 80' lang='grc' dir='ltr'>ραμυθήσηται</span> <span class='ocrx_word' id='word_1_798' title='bbox 2443 3632 2536 3685; x_wconf 74' lang='grc' dir='ltr'>τὸν</span> <span class='ocrx_word' id='word_1_799' title='bbox 2579 3630 2806 3695; x_wconf 86' lang='grc' dir='ltr'>δίκαιον,</span> <span class='ocrx_word' id='word_1_800' title='bbox 2860 3630 2954 3685; x_wconf 88' lang='lat'><strong>1:61</strong></span> <span class='ocrx_word' id='word_1_801' title='bbox 2992 3629 3213 3702; x_wconf 72' lang='grc' dir='ltr'>θαρρεῖν</span> <span class='ocrx_word' id='word_1_802' title='bbox 3265 3636 3687 3707; x_wconf 75' lang='grc' dir='ltr'>παρασκευάσῃ,</span> 
     </span>
    </p>
   </div>
   <div class='ocr_carea' id='block_1_99' title="bbox 2012 3718 3690 3796">
    <p class='ocr_par' dir='ltr' id='par_1_99' title="bbox 2012 3718 3690 3796">
     <span class='ocr_line' id='line_1_99' title="bbox 2012 3718 3690 3796; baseline -0.002 -18"><span class='ocrx_word' id='word_1_803' title='bbox 2012 3725 2109 3779; x_wconf 82' lang='grc' dir='ltr'>καὶ</span> <span class='ocrx_word' id='word_1_804' title='bbox 2144 3723 2221 3796; x_wconf 81' lang='grc' dir='ltr'>μὴ</span> <span class='ocrx_word' id='word_1_805' title='bbox 2261 3721 2431 3796; x_wconf 77' lang='grc' dir='ltr'>μέλλῃ</span> <span class='ocrx_word' id='word_1_806' title='bbox 2456 3719 2767 3789; x_wconf 80' lang='grc' dir='ltr'>λογίζεσθαι</span> <span class='ocrx_word' id='word_1_807' title='bbox 2806 3718 2928 3774; x_wconf 85' lang='grc' dir='ltr'>καθ’</span> <span class='ocrx_word' id='word_1_808' title='bbox 2954 3718 3164 3784; x_wconf 83' lang='grc' dir='ltr'>ἐαυτὸν,</span> <span class='ocrx_word' id='word_1_809' title='bbox 3192 3718 3248 3773; x_wconf 91' lang='grc' dir='ltr'>τί</span> <span class='ocrx_word' id='word_1_810' title='bbox 3274 3718 3337 3773; x_wconf 88' lang='lat'>:6</span> <span class='ocrx_word' id='word_1_811' title='bbox 3371 3718 3561 3791; x_wconf 85' lang='grc' dir='ltr'>κέρδος</span> <span class='ocrx_word' id='word_1_812' title='bbox 3584 3720 3690 3791; x_wconf 90' lang='grc' dir='ltr'>τῆς</span> 
     </span>
    </p>
   </div>
   <div class='ocr_carea' id='block_1_100' title="bbox 2012 3806 3685 3885">
    <p class='ocr_par' dir='ltr' id='par_1_100' title="bbox 2012 3806 3685 3885">
     <span class='ocr_line' id='line_1_100' title="bbox 2012 3806 3685 3885; baseline -0.002 -18"><span class='ocrx_word' id='word_1_813' title='bbox 2012 3811 2387 3885; x_wconf 81' lang='grc' dir='ltr'>γεγενημένης</span> <span class='ocrx_word' id='word_1_814' title='bbox 2414 3809 2693 3879; x_wconf 87' lang='grc' dir='ltr'>εὑλογίας;</span> <span class='ocrx_word' id='word_1_815' title='bbox 2726 3808 2821 3863; x_wconf 84' lang='lat'><strong>1:61</strong></span> <span class='ocrx_word' id='word_1_816' title='bbox 2859 3807 2954 3861; x_wconf 84' lang='grc' dir='ltr'>τοῦ</span> <span class='ocrx_word' id='word_1_817' title='bbox 2987 3806 3546 3873; x_wconf 76' lang='grc' dir='ltr'>είπεῖν,Αὑξάνεσθε</span> <span class='ocrx_word' id='word_1_818' title='bbox 3585 3810 3685 3865; x_wconf 77' lang='grc' dir='ltr'>καί</span> 
     </span>
    </p>
   </div>
   <div class='ocr_carea' id='block_1_101' title="bbox 2013 3895 3688 3971">
    <p class='ocr_par' dir='ltr' id='par_1_101' title="bbox 2013 3895 3688 3971">
     <span class='ocr_line' id='line_1_101' title="bbox 2013 3895 3688 3971; baseline -0.005 -13"><span class='ocrx_word' id='word_1_819' title='bbox 2013 3903 2418 3971; x_wconf 72' lang='grc' dir='ltr'>πληθύνεσθε,</span> <span class='ocrx_word' id='word_1_820' title='bbox 2448 3901 2497 3954; x_wconf 87' lang='grc' dir='ltr'>εί</span> <span class='ocrx_word' id='word_1_821' title='bbox 2531 3897 2817 3971; x_wconf 86' lang='grc' dir='ltr'>μέλλοιμεν</span> <span class='ocrx_word' id='word_1_822' title='bbox 2847 3896 3006 3952; x_wconf 86' lang='grc' dir='ltr'>πάλιν</span> <span class='ocrx_word' id='word_1_823' title='bbox 3036 3898 3116 3960; x_wconf 83' lang='grc' dir='ltr'>είς</span> <span class='ocrx_word' id='word_1_824' title='bbox 3141 3895 3343 3967; x_wconf 88' lang='grc' dir='ltr'>πλῆθος</span> <span class='ocrx_word' id='word_1_825' title='bbox 3365 3897 3688 3963; x_wconf 78' lang='grc' dir='ltr'>ἐπιδιδόντες</span> 
     </span>
    </p>
   </div>
   <div class='ocr_carea' id='block_1_102' title="bbox 2013 3979 3689 4057">
    <p class='ocr_par' dir='ltr' id='par_1_102' title="bbox 2013 3979 3689 4057">
     <span class='ocr_line' id='line_1_102' title="bbox 2013 3979 3689 4057; baseline -0.004 -13"><span class='ocrx_word' id='word_1_826' title='bbox 2013 3988 2385 4056; x_wconf 73' lang='grc' dir='ltr'>ἀπύλλυσθαις</span> <span class='ocrx_word' id='word_1_827' title='bbox 2432 3986 2546 4041; x_wconf 79' lang='lat' dir='ltr'><strong>K61</strong></span> <span class='ocrx_word' id='word_1_828' title='bbox 2583 3986 2693 4057; x_wconf 90' lang='grc' dir='ltr'>γὰρ</span> <span class='ocrx_word' id='word_1_829' title='bbox 2720 3984 2816 4039; x_wconf 89' lang='lat'><strong>1:61</strong></span> <span class='ocrx_word' id='word_1_830' title='bbox 2847 3983 2948 4056; x_wconf 63' lang='grc' dir='ltr'>ἤδη</span> <span class='ocrx_word' id='word_1_831' title='bbox 3000 3979 3153 4037; x_wconf 82' lang='grc' dir='ltr'>εἶπεν</span> <span class='ocrx_word' id='word_1_832' title='bbox 3207 3983 3301 4037; x_wconf 64' lang='lat'><strong>61:1</strong></span> <span class='ocrx_word' id='word_1_833' title='bbox 3346 3981 3439 4037; x_wconf 88' lang='grc' dir='ltr'>τοῦ</span> <span class='ocrx_word' id='word_1_834' title='bbox 3493 3986 3689 4056; x_wconf 73' lang='grc' dir='ltr'>Ἀδὰμ,</span> 
     </span>
    </p>
   </div>
   <div class='ocr_carea' id='block_1_103' title="bbox 2007 4070 3692 4141">
    <p class='ocr_par' dir='ltr' id='par_1_103' title="bbox 2007 4070 3692 4141">
     <span class='ocr_line' id='line_1_103' title="bbox 2007 4070 3692 4141; baseline -0.003 -11"><span class='ocrx_word' id='word_1_835' title='bbox 2007 4075 2354 4140; x_wconf 78' lang='grc' dir='ltr'>Λύξάνεσθε</span> <span class='ocrx_word' id='word_1_836' title='bbox 2409 4073 2509 4128; x_wconf 80' lang='grc' dir='ltr'>καί</span> <span class='ocrx_word' id='word_1_837' title='bbox 2549 4073 2959 4140; x_wconf 77' lang='grc' dir='ltr'>πληθύνεσθε,</span> <span class='ocrx_word' id='word_1_838' title='bbox 3006 4070 3099 4124; x_wconf 87' lang='lat'><strong>1:61</strong></span> <span class='ocrx_word' id='word_1_839' title='bbox 3134 4070 3380 4141; x_wconf 82' lang='grc' dir='ltr'>ἐπήγαγε</span> <span class='ocrx_word' id='word_1_840' title='bbox 3414 4071 3692 4125; x_wconf 77' lang='grc' dir='ltr'>κατακλυ-</span> 
     </span>
    </p>
   </div>
   <div class='ocr_carea' id='block_1_104' title="bbox 2017 4156 3692 4235">
    <p class='ocr_par' dir='ltr' id='par_1_104' title="bbox 2017 4156 3692 4235">
     <span class='ocr_line' id='line_1_104' title="bbox 2017 4156 3692 4235; baseline -0.002 -18"><span class='ocrx_word' id='word_1_841' title='bbox 2017 4165 2175 4235; x_wconf 84' lang='grc' dir='ltr'>σμόν.</span> <span class='ocrx_word' id='word_1_842' title='bbox 2210 4163 2327 4216; x_wconf 82' lang='grc' dir='ltr'>Ἰνα</span> <span class='ocrx_word' id='word_1_843' title='bbox 2360 4157 2453 4215; x_wconf 85' lang='grc' dir='ltr'>οὑν</span> <span class='ocrx_word' id='word_1_844' title='bbox 2486 4160 2562 4231; x_wconf 83' lang='grc' dir='ltr'>μὴ</span> <span class='ocrx_word' id='word_1_845' title='bbox 2606 4157 2779 4212; x_wconf 86' lang='grc' dir='ltr'>ταῦτα</span> <span class='ocrx_word' id='word_1_846' title='bbox 2824 4156 3172 4229; x_wconf 79' lang='grc' dir='ltr'>λογιζόμενος</span> <span class='ocrx_word' id='word_1_847' title='bbox 3212 4157 3305 4210; x_wconf 83' lang='lat'><strong>1:61</strong></span> <span class='ocrx_word' id='word_1_848' title='bbox 3351 4158 3598 4228; x_wconf 82' lang='grc' dir='ltr'>στρέφων</span> <span class='ocrx_word' id='word_1_849' title='bbox 3629 4157 3692 4215; x_wconf 75' lang='grc' dir='ltr'>ἐν</span> 
     </span>
    </p>
   </div>
   <div class='ocr_carea' id='block_1_105' title="bbox 2014 4242 3692 4324">
    <p class='ocr_par' dir='ltr' id='par_1_105' title="bbox 2014 4242 3692 4324">
     <span class='ocr_line' id='line_1_105' title="bbox 2014 4242 3692 4324; baseline -0.004 -18"><span class='ocrx_word' id='word_1_850' title='bbox 2014 4256 2081 4324; x_wconf 79' lang='grc' dir='ltr'>τῇ</span> <span class='ocrx_word' id='word_1_851' title='bbox 2107 4249 2314 4320; x_wconf 78' lang='grc' dir='ltr'>διανοίᾳ</span> <span class='ocrx_word' id='word_1_852' title='bbox 2340 4246 2599 4320; x_wconf 86' lang='grc' dir='ltr'>διηνεκῶς</span> <span class='ocrx_word' id='word_1_853' title='bbox 2625 4246 2725 4315; x_wconf 82' lang='grc' dir='ltr'>τὴν</span> <span class='ocrx_word' id='word_1_854' title='bbox 2749 4244 2987 4313; x_wconf 89' lang='grc' dir='ltr'>ἀγωνίαν</span> <span class='ocrx_word' id='word_1_855' title='bbox 3008 4245 3127 4318; x_wconf 76' lang='grc' dir='ltr'>ἔχῃ,</span> <span class='ocrx_word' id='word_1_856' title='bbox 3156 4244 3257 4316; x_wconf 81' lang='grc' dir='ltr'>ὅρα</span> <span class='ocrx_word' id='word_1_857' title='bbox 3285 4242 3692 4316; x_wconf 76' lang='grc' dir='ltr'>φιλανθρωπίαν</span> 
     </span>
    </p>
   </div>
   <div class='ocr_carea' id='block_1_106' title="bbox 2016 4329 3693 4405">
    <p class='ocr_par' dir='ltr' id='par_1_106' title="bbox 2016 4329 3693 4405">
     <span class='ocr_line' id='line_1_106' title="bbox 2016 4329 3693 4405; baseline -0.005 -12"><span class='ocrx_word' id='word_1_858' title='bbox 2016 4340 2309 4393; x_wconf 80' lang='grc' dir='ltr'>Δεσπότου.</span> <span class='ocrx_word' id='word_1_859' title='bbox 2360 4338 2443 4391; x_wconf 87' lang='grc' dir='ltr'>Οὐ</span> <span class='ocrx_word' id='word_1_860' title='bbox 2476 4332 2821 4403; x_wconf 79' lang='grc' dir='ltr'>προσθήσω,</span> <span class='ocrx_word' id='word_1_861' title='bbox 2869 4334 3053 4405; x_wconf 73' lang='grc' dir='ltr'>φησὶν,</span> <span class='ocrx_word' id='word_1_862' title='bbox 3099 4329 3188 4387; x_wconf 74' lang='grc' dir='ltr'>ἐτι</span> <span class='ocrx_word' id='word_1_863' title='bbox 3241 4331 3693 4401; x_wconf 83' lang='grc' dir='ltr'>καταράσασθαι</span> 
     </span>
    </p>
   </div>
   <div class='ocr_carea' id='block_1_107' title="bbox 2016 4419 3697 4496">
    <p class='ocr_par' dir='ltr' id='par_1_107' title="bbox 2016 4419 3697 4496">
     <span class='ocr_line' id='line_1_107' title="bbox 2016 4419 3697 4496; baseline -0.004 -17"><span class='ocrx_word' id='word_1_864' title='bbox 2016 4427 2134 4496; x_wconf 79' lang='grc' dir='ltr'>τὴν</span> <span class='ocrx_word' id='word_1_865' title='bbox 2160 4424 2279 4496; x_wconf 77' lang='grc' dir='ltr'>γῆν</span> <span class='ocrx_word' id='word_1_866' title='bbox 2310 4425 2409 4479; x_wconf 87' lang='grc' dir='ltr'>διὰ</span> <span class='ocrx_word' id='word_1_867' title='bbox 2429 4424 2501 4477; x_wconf 86' lang='grc' dir='ltr'>τὰ</span> <span class='ocrx_word' id='word_1_868' title='bbox 2530 4425 2673 4493; x_wconf 73' lang='grc' dir='ltr'>ἔργα</span> <span class='ocrx_word' id='word_1_869' title='bbox 2715 4422 2833 4475; x_wconf 81' lang='grc' dir='ltr'>τῶν</span> <span class='ocrx_word' id='word_1_870' title='bbox 2871 4419 3220 4491; x_wconf 79' lang='grc' dir='ltr'>ἀνθρώπων.</span> <span class='ocrx_word' id='word_1_871' title='bbox 3250 4420 3393 4491; x_wconf 85' lang='grc' dir='ltr'>Ὅρα</span> <span class='ocrx_word' id='word_1_872' title='bbox 3442 4419 3560 4484; x_wconf 86' lang='grc' dir='ltr'>πῶς</span> <span class='ocrx_word' id='word_1_873' title='bbox 3596 4421 3697 4474; x_wconf 83' lang='grc' dir='ltr'>ἐπ-</span> 
     </span>
    </p>
   </div>
   <div class='ocr_carea' id='block_1_108' title="bbox 2017 4504 3697 4583">
    <p class='ocr_par' dir='ltr' id='par_1_108' title="bbox 2017 4504 3697 4583">
     <span class='ocr_line' id='line_1_108' title="bbox 2017 4504 3697 4583; baseline -0.004 -16"><span class='ocrx_word' id='word_1_874' title='bbox 2017 4513 2352 4583; x_wconf 84' lang='grc' dir='ltr'>εσημήνατο,</span> <span class='ocrx_word' id='word_1_875' title='bbox 2389 4511 2472 4563; x_wconf 84' lang='grc' dir='ltr'>ὃτι</span> <span class='ocrx_word' id='word_1_876' title='bbox 2506 4508 2592 4561; x_wconf 88' lang='grc' dir='ltr'>διὰ</span> <span class='ocrx_word' id='word_1_877' title='bbox 2625 4508 2723 4579; x_wconf 77' lang='grc' dir='ltr'>τὴν</span> <span class='ocrx_word' id='word_1_878' title='bbox 2754 4506 2959 4560; x_wconf 86' lang='grc' dir='ltr'>τούτων</span> <span class='ocrx_word' id='word_1_879' title='bbox 2983 4506 3287 4578; x_wconf 86' lang='grc' dir='ltr'>μοχθηρίαν</span> <span class='ocrx_word' id='word_1_880' title='bbox 3311 4506 3409 4575; x_wconf 71' lang='grc' dir='ltr'>τὴν</span> <span class='ocrx_word' id='word_1_881' title='bbox 3448 4504 3697 4578; x_wconf 86' lang='grc' dir='ltr'>κατάραν</span> 
     </span>
    </p>
   </div>
   <div class='ocr_carea' id='block_1_109' title="bbox 2019 4590 3696 4669">
    <p class='ocr_par' dir='ltr' id='par_1_109' title="bbox 2019 4590 3696 4669">
     <span class='ocr_line' id='line_1_109' title="bbox 2019 4590 3696 4669; baseline -0.005 -16"><span class='ocrx_word' id='word_1_882' title='bbox 2019 4601 2268 4669; x_wconf 83' lang='grc' dir='ltr'>ἐπήγαγε</span> <span class='ocrx_word' id='word_1_883' title='bbox 2294 4599 2359 4667; x_wconf 80' lang='grc' dir='ltr'>τῇ</span> <span class='ocrx_word' id='word_1_884' title='bbox 2392 4599 2485 4667; x_wconf 74' lang='grc' dir='ltr'>γῇ.</span> <span class='ocrx_word' id='word_1_885' title='bbox 2519 4592 2652 4647; x_wconf 79' lang='grc' dir='ltr'>Εἶτα</span> <span class='ocrx_word' id='word_1_886' title='bbox 2679 4594 2769 4647; x_wconf 85' lang='grc' dir='ltr'>ίνα</span> <span class='ocrx_word' id='word_1_887' title='bbox 2806 4594 2882 4664; x_wconf 79' lang='grc' dir='ltr'>μὴ</span> <span class='ocrx_word' id='word_1_888' title='bbox 2915 4592 3247 4663; x_wconf 89' lang='grc' dir='ltr'>νομίσωμεν,</span> <span class='ocrx_word' id='word_1_889' title='bbox 3281 4591 3361 4644; x_wconf 84' lang='grc' dir='ltr'>δτι</span> <span class='ocrx_word' id='word_1_890' title='bbox 3389 4590 3575 4662; x_wconf 76' lang='grc' dir='ltr'>ἐπειδὴ</span> <span class='ocrx_word' id='word_1_891' title='bbox 3602 4591 3696 4645; x_wconf 70' lang='grc' dir='ltr'>ἐπὶ</span> 
     </span>
    </p>
   </div>
   <div class='ocr_carea' id='block_1_110' title="bbox 2019 4676 3695 4757">
    <p class='ocr_par' dir='ltr' id='par_1_110' title="bbox 2019 4676 3695 4757">
     <span class='ocr_line' id='line_1_110' title="bbox 2019 4676 3695 4757; baseline -0.005 -18"><span class='ocrx_word' id='word_1_892' title='bbox 2019 4686 2080 4739; x_wconf 84' lang='grc' dir='ltr'>τὸ</span> <span class='ocrx_word' id='word_1_893' title='bbox 2110 4684 2320 4757; x_wconf 82' lang='grc' dir='ltr'>βέλτιον</span> <span class='ocrx_word' id='word_1_894' title='bbox 2350 4680 2728 4753; x_wconf 82' lang='grc' dir='ltr'>μετεϐάλοντο,</span> <span class='ocrx_word' id='word_1_895' title='bbox 2758 4678 2844 4732; x_wconf 80' lang='grc' dir='ltr'>διὰ</span> <span class='ocrx_word' id='word_1_896' title='bbox 2878 4678 3037 4732; x_wconf 69' lang='grc' dir='ltr'>τοῦτο</span> <span class='ocrx_word' id='word_1_897' title='bbox 3070 4677 3234 4741; x_wconf 88' lang='lat'><strong>66:6;</strong></span> <span class='ocrx_word' id='word_1_898' title='bbox 3261 4676 3464 4744; x_wconf 86' lang='grc' dir='ltr'>ταύτην</span> <span class='ocrx_word' id='word_1_899' title='bbox 3506 4678 3695 4750; x_wconf 76' lang='grc' dir='ltr'>ἐποιη-</span> 
     </span>
    </p>
   </div>
   <div class='ocr_carea' id='block_1_111' title="bbox 2024 4760 3697 4841">
    <p class='ocr_par' dir='ltr' id='par_1_111' title="bbox 2024 4760 3697 4841">
     <span class='ocr_line' id='line_1_111' title="bbox 2024 4760 3697 4841; baseline -0.002 -20"><span class='ocrx_word' id='word_1_900' title='bbox 2024 4789 2155 4828; x_wconf 75' lang='grc' dir='ltr'>σατο</span> <span class='ocrx_word' id='word_1_901' title='bbox 2188 4771 2286 4841; x_wconf 78' lang='grc' dir='ltr'>τὴν</span> <span class='ocrx_word' id='word_1_902' title='bbox 2317 4769 2632 4837; x_wconf 85' lang='grc' dir='ltr'>ὑπόσχεσιν,</span> <span class='ocrx_word' id='word_1_903' title='bbox 2681 4766 2875 4835; x_wconf 78' lang='grc' dir='ltr'>φησίνο</span> <span class='ocrx_word' id='word_1_904' title='bbox 2910 4764 3032 4816; x_wconf 87' lang='grc' dir='ltr'>Ὅτι</span> <span class='ocrx_word' id='word_1_905' title='bbox 3076 4763 3334 4831; x_wconf 77' lang='grc' dir='ltr'>ἔγκειται</span> <span class='ocrx_word' id='word_1_906' title='bbox 3376 4762 3414 4829; x_wconf 78' lang='grc' dir='ltr'><strong><em>ἡ</em></strong></span> <span class='ocrx_word' id='word_1_907' title='bbox 3464 4760 3697 4817; x_wconf 84' lang='grc' dir='ltr'>διάνοια</span> 
     </span>
    </p>
   </div>
   <div class='ocr_carea' id='block_1_112' title="bbox 2022 4847 3694 4924">
    <p class='ocr_par' dir='ltr' id='par_1_112' title="bbox 2022 4847 3694 4924">
     <span class='ocr_line' id='line_1_112' title="bbox 2022 4847 3694 4924; baseline -0.007 -10"><span class='ocrx_word' id='word_1_908' title='bbox 2022 4857 2130 4913; x_wconf 88' lang='grc' dir='ltr'>τοῦ</span> <span class='ocrx_word' id='word_1_909' title='bbox 2151 4855 2467 4924; x_wconf 81' lang='grc' dir='ltr'>ἀνθρώπου</span> <span class='ocrx_word' id='word_1_910' title='bbox 2489 4847 2784 4920; x_wconf 64' lang='grc' dir='ltr'>ἐπιμελῶς</span> <span class='ocrx_word' id='word_1_911' title='bbox 2807 4849 2905 4902; x_wconf 80' lang='grc' dir='ltr'>ἐπὶ</span> <span class='ocrx_word' id='word_1_912' title='bbox 2934 4848 3007 4902; x_wconf 84' lang='grc' dir='ltr'>τὰ</span> <span class='ocrx_word' id='word_1_913' title='bbox 3027 4847 3264 4915; x_wconf 82' lang='grc' dir='ltr'>πονηρὰ</span> <span class='ocrx_word' id='word_1_914' title='bbox 3299 4847 3367 4900; x_wconf 80' lang='grc' dir='ltr'>ἐκ</span> <span class='ocrx_word' id='word_1_915' title='bbox 3389 4847 3694 4915; x_wconf 83' lang='grc' dir='ltr'>νεότητος.</span> 
     </span>
    </p>
   </div>
   <div class='ocr_carea' id='block_1_113' title="bbox 2021 4931 3693 5012">
    <p class='ocr_par' dir='ltr' id='par_1_113' title="bbox 2021 4931 3693 5012">
     <span class='ocr_line' id='line_1_113' title="bbox 2021 4931 3693 5012; baseline -0.008 -14"><span class='ocrx_word' id='word_1_916' title='bbox 2021 4945 2185 4998; x_wconf 82' lang='grc' dir='ltr'>Ξένον</span> <span class='ocrx_word' id='word_1_917' title='bbox 2216 4938 2629 5012; x_wconf 79' lang='grc' dir='ltr'>φιλανθρωπίας</span> <span class='ocrx_word' id='word_1_918' title='bbox 2655 4931 2815 4998; x_wconf 79' lang='grc' dir='ltr'>εἶδος.</span> <span class='ocrx_word' id='word_1_919' title='bbox 2863 4932 3106 5000; x_wconf 82' lang='grc' dir='ltr'>Ἐπειδὴ</span> <span class='ocrx_word' id='word_1_920' title='bbox 3132 4933 3407 5001; x_wconf 68' lang='grc' dir='ltr'>ἔγκειται,</span> <span class='ocrx_word' id='word_1_921' title='bbox 3445 4934 3629 5002; x_wconf 67' lang='grc' dir='ltr'>φησὶν,</span> <span class='ocrx_word' id='word_1_922' title='bbox 3653 4933 3693 5000; x_wconf 70' lang='grc' dir='ltr'>ἡ</span> 
     </span>
    </p>
   </div>
   <div class='ocr_carea' id='block_1_114' title="bbox 2021 5018 3697 5093">
    <p class='ocr_par' dir='ltr' id='par_1_114' title="bbox 2021 5018 3697 5093">
     <span class='ocr_line' id='line_1_114' title="bbox 2021 5018 3697 5093; baseline -0.007 -7"><span class='ocrx_word' id='word_1_923' title='bbox 2021 5031 2256 5086; x_wconf 84' lang='grc' dir='ltr'>διάνοια</span> <span class='ocrx_word' id='word_1_924' title='bbox 2284 5028 2389 5082; x_wconf 86' lang='grc' dir='ltr'>τοῦ</span> <span class='ocrx_word' id='word_1_925' title='bbox 2420 5024 2733 5093; x_wconf 75' lang='grc' dir='ltr'>ἀνθρώπου</span> <span class='ocrx_word' id='word_1_926' title='bbox 2779 5018 3075 5091; x_wconf 72' lang='grc' dir='ltr'>ἐπιμελῶς</span> <span class='ocrx_word' id='word_1_927' title='bbox 3109 5019 3209 5073; x_wconf 77' lang='grc' dir='ltr'>ἐπὶ</span> <span class='ocrx_word' id='word_1_928' title='bbox 3262 5020 3336 5073; x_wconf 87' lang='grc' dir='ltr'>τὰ</span> <span class='ocrx_word' id='word_1_929' title='bbox 3365 5020 3598 5088; x_wconf 76' lang='grc' dir='ltr'>πονηρὰ</span> <span class='ocrx_word' id='word_1_930' title='bbox 3626 5020 3697 5075; x_wconf 69' lang='grc' dir='ltr'>ἐκ</span> 
     </span>
    </p>
   </div>
   <div class='ocr_carea' id='block_1_115' title="bbox 2025 5105 3697 5183">
    <p class='ocr_par' dir='ltr' id='par_1_115' title="bbox 2025 5105 3697 5183">
     <span class='ocr_line' id='line_1_115' title="bbox 2025 5105 3697 5183; baseline -0.008 -11"><span class='ocrx_word' id='word_1_931' title='bbox 2025 5120 2332 5183; x_wconf 82' lang='grc' dir='ltr'>νεότητος,</span> <span class='ocrx_word' id='word_1_932' title='bbox 2360 5113 2450 5168; x_wconf 89' lang='grc' dir='ltr'>διὰ</span> <span class='ocrx_word' id='word_1_933' title='bbox 2475 5110 2654 5175; x_wconf 83' lang='grc' dir='ltr'>τοῦτο,</span> <span class='ocrx_word' id='word_1_934' title='bbox 2684 5108 2898 5164; x_wconf 76' lang='grc' dir='ltr'>οὐκέτι</span> <span class='ocrx_word' id='word_1_935' title='bbox 2927 5106 3256 5178; x_wconf 76' lang='grc' dir='ltr'>προσθήσω</span> <span class='ocrx_word' id='word_1_936' title='bbox 3293 5105 3400 5161; x_wconf 83' lang='grc' dir='ltr'>τοῦ</span> <span class='ocrx_word' id='word_1_937' title='bbox 3446 5105 3697 5175; x_wconf 81' lang='grc' dir='ltr'>καταρά-</span> 
     </span>
    </p>
   </div>
   <div class='ocr_carea' id='block_1_116' title="bbox 2024 5193 3700 5272">
    <p class='ocr_par' dir='ltr' id='par_1_116' title="bbox 2024 5193 3700 5272">
     <span class='ocr_line' id='line_1_116' title="bbox 2024 5193 3700 5272; baseline -0.008 -10"><span class='ocrx_word' id='word_1_938' title='bbox 2024 5209 2249 5262; x_wconf 85' lang='grc' dir='ltr'>σασθαι</span> <span class='ocrx_word' id='word_1_939' title='bbox 2276 5205 2393 5272; x_wconf 79' lang='grc' dir='ltr'>τὴν</span> <span class='ocrx_word' id='word_1_940' title='bbox 2424 5200 2562 5272; x_wconf 74' lang='grc' dir='ltr'>γῆν.</span> <span class='ocrx_word' id='word_1_941' title='bbox 2610 5197 2753 5267; x_wconf 81' lang='grc' dir='ltr'>Ἐγὼ</span> <span class='ocrx_word' id='word_1_942' title='bbox 2793 5198 2893 5269; x_wconf 75' lang='grc' dir='ltr'>μὲν</span> <span class='ocrx_word' id='word_1_943' title='bbox 2922 5196 3052 5268; x_wconf 89' lang='grc' dir='ltr'>γὰρ,</span> <span class='ocrx_word' id='word_1_944' title='bbox 3095 5195 3250 5266; x_wconf 74' lang='grc' dir='ltr'>φησι,</span> <span class='ocrx_word' id='word_1_945' title='bbox 3280 5193 3349 5248; x_wconf 86' lang='grc' dir='ltr'>τὰ</span> <span class='ocrx_word' id='word_1_946' title='bbox 3377 5194 3507 5266; x_wconf 86' lang='grc' dir='ltr'>παρ’</span> <span class='ocrx_word' id='word_1_947' title='bbox 3527 5195 3700 5265; x_wconf 68' lang='grc' dir='ltr'>ἐμαυι</span> 
     </span>
    </p>
   </div>
   <div class='ocr_carea' id='block_1_117' title="bbox 2024 5275 3700 5358">
    <p class='ocr_par' dir='ltr' id='par_1_117' title="bbox 2024 5275 3700 5358">
     <span class='ocr_line' id='line_1_117' title="bbox 2024 5275 3700 5358; baseline -0.008 -10"><span class='ocrx_word' id='word_1_948' title='bbox 2024 5292 2120 5348; x_wconf 85' lang='grc' dir='ltr'>τοῦ</span> <span class='ocrx_word' id='word_1_949' title='bbox 2151 5292 2246 5346; x_wconf 73' lang='grc' dir='ltr'>καὶ</span> <span class='ocrx_word' id='word_1_950' title='bbox 2270 5290 2419 5358; x_wconf 80' lang='grc' dir='ltr'>ἀπαξ</span> <span class='ocrx_word' id='word_1_951' title='bbox 2451 5288 2546 5343; x_wconf 85' lang='lat'><strong>1:61</strong></span> <span class='ocrx_word' id='word_1_952' title='bbox 2576 5286 2830 5357; x_wconf 80' lang='grc' dir='ltr'>δεύτερον</span> <span class='ocrx_word' id='word_1_953' title='bbox 2872 5282 3268 5354; x_wconf 70' lang='grc' dir='ltr'>ἐπεδειξάμηνθ</span> <span class='ocrx_word' id='word_1_954' title='bbox 3301 5280 3488 5353; x_wconf 80' lang='grc' dir='ltr'>ἐπειδὴ</span> <span class='ocrx_word' id='word_1_955' title='bbox 3510 5281 3568 5335; x_wconf 73' lang='grc' dir='ltr'>δέ</span> <span class='ocrx_word' id='word_1_956' title='bbox 3587 5275 3700 5352; x_wconf 81' lang='grc' dir='ltr'>ὸρῶ</span> 
     </span>
    </p>
   </div>
   <div class='ocr_carea' id='block_1_118' title="bbox 2025 5366 3702 5453">
    <p class='ocr_par' dir='ltr' id='par_1_118' title="bbox 2025 5366 3702 5453">
     <span class='ocr_line' id='line_1_118' title="bbox 2025 5366 3702 5453; baseline -0.01 -18"><span class='ocrx_word' id='word_1_957' title='bbox 2025 5381 2128 5453; x_wconf 81' lang='grc' dir='ltr'>τὴν</span> <span class='ocrx_word' id='word_1_958' title='bbox 2166 5378 2364 5433; x_wconf 86' lang='grc' dir='ltr'>κακίαν</span> <span class='ocrx_word' id='word_1_959' title='bbox 2412 5373 2809 5445; x_wconf 76' lang='grc' dir='ltr'>αὐξανομένην,</span> <span class='ocrx_word' id='word_1_960' title='bbox 2842 5369 3247 5439; x_wconf 84' lang='grc' dir='ltr'>ἐπαγγέλλομαι</span> <span class='ocrx_word' id='word_1_961' title='bbox 3296 5366 3493 5453; x_wconf 89' lang='grc' dir='ltr'>μηκέτι</span> <span class='ocrx_word' id='word_1_962' title='bbox 3533 5382 3702 5453; x_wconf 76' lang='grc' dir='ltr'>κατα-</span> 
     </span>
    </p>
   </div>
   <div class='ocr_carea' id='block_1_119' title="bbox 263 5451 3701 5561">
    <p class='ocr_par' dir='ltr' id='par_1_119' title="bbox 263 5451 3701 5561">
     <span class='ocr_line' id='line_1_119' title="bbox 263 5451 3701 5561; baseline -0.009 2"><span class='ocrx_word' id='word_1_963' title='bbox 263 5451 1204 5561; x_wconf 43' lang='lat' dir='ltr'>Et;&#39;aggggaggkigagg&#39;1...</span> <span class='ocrx_word' id='word_1_964' title='bbox 1248 5451 1461 5555; x_wconf 78' lang='grc' dir='ltr'>μισθόν.</span> <span class='ocrx_word' id='word_1_965' title='bbox 1494 5451 1592 5535; x_wconf 70' lang='grc' dir='ltr'><strong>Διά</strong></span> <span class='ocrx_word' id='word_1_966' title='bbox 1645 5451 1937 5550; x_wconf 72' lang='grc' dir='ltr'>γάῥ’τὲ›ετο</span> <span class='ocrx_word' id='word_1_967' title='bbox 2031 5451 2300 5561; x_wconf 21' lang='grc' dir='ltr'>ρᾴσασθμαι</span> <span class='ocrx_word' id='word_1_968' title='bbox 2327 5462 2588 5561; x_wconf 25' lang='grc' dir='ltr'>τὴνμγῆνυ</span> <span class='ocrx_word' id='word_1_969' title='bbox 2608 5549 2622 5561; x_wconf 85' lang='lat'>_</span> <span class='ocrx_word' id='word_1_970' title='bbox 2640 5455 2770 5561; x_wconf 59' lang='grc' dir='ltr'>εἶτα</span> <span class='ocrx_word' id='word_1_971' title='bbox 2817 5457 3037 5561; x_wconf 56' lang='grc' dir='ltr'>διικνξξ</span> <span class='ocrx_word' id='word_1_972' title='bbox 3058 5453 3361 5561; x_wconf 25' lang='grc' dir='ltr'>αξτοῦᾼξῖιε</span> <span class='ocrx_word' id='word_1_973' title='bbox 3391 5451 3701 5561; x_wconf 35' lang='lat'><strong>113993-</strong></span> 
     </span>
    </p>
   </div>
   <div class='ocr_carea' id='block_1_120' title="bbox 260 5569 1939 5645">
    <p class='ocr_par' dir='ltr' id='par_1_120' title="bbox 260 5569 1939 5645">
     <span class='ocr_line' id='line_1_120' title="bbox 260 5569 1939 5645; baseline -0.008 -10"><span class='ocrx_word' id='word_1_974' title='bbox 260 5578 361 5635; x_wconf 75' lang='grc' dir='ltr'>καὶ</span> <span class='ocrx_word' id='word_1_975' title='bbox 395 5578 426 5631; x_wconf 87' lang='lat'>6</span> <span class='ocrx_word' id='word_1_976' title='bbox 452 5576 727 5639; x_wconf 79' lang='grc' dir='ltr'>Δεσπότης</span> <span class='ocrx_word' id='word_1_977' title='bbox 755 5575 939 5645; x_wconf 71' lang='grc' dir='ltr'>ἔλεγεν</span> <span class='ocrx_word' id='word_1_978' title='bbox 963 5591 977 5604; x_wconf 75' lang='grc' dir='ltr'><strong><em>ο</em></strong></span> <span class='ocrx_word' id='word_1_979' title='bbox 1013 5576 1113 5638; x_wconf 83' lang='grc' dir='ltr'>Ὃς</span> <span class='ocrx_word' id='word_1_980' title='bbox 1137 5573 1245 5627; x_wconf 78' lang='grc' dir='ltr'>ἐὰν</span> <span class='ocrx_word' id='word_1_981' title='bbox 1268 5571 1489 5639; x_wconf 80' lang='grc' dir='ltr'>ποτίσῃ</span> <span class='ocrx_word' id='word_1_982' title='bbox 1514 5569 1799 5637; x_wconf 78' lang='grc' dir='ltr'>ποτήριον</span> <span class='ocrx_word' id='word_1_983' title='bbox 1822 5569 1939 5635; x_wconf 55' lang='lat' dir='ltr'>ym-</span> 
     </span>
    </p>
   </div>
   <div class='ocr_carea' id='block_1_121' title="bbox 262 5653 1934 5734">
    <p class='ocr_par' dir='ltr' id='par_1_121' title="bbox 262 5653 1934 5734">
     <span class='ocr_line' id='line_1_121' title="bbox 262 5653 1934 5734; baseline -0.007 -15"><span class='ocrx_word' id='word_1_984' title='bbox 262 5662 415 5734; x_wconf 78' lang='grc' dir='ltr'>χροῦ</span> <span class='ocrx_word' id='word_1_985' title='bbox 442 5664 636 5734; x_wconf 75' lang='grc' dir='ltr'>μόνον</span> <span class='ocrx_word' id='word_1_986' title='bbox 672 5665 761 5729; x_wconf 79' lang='grc' dir='ltr'>είς</span> <span class='ocrx_word' id='word_1_987' title='bbox 799 5664 989 5731; x_wconf 82' lang='grc' dir='ltr'>ὄνομα</span> <span class='ocrx_word' id='word_1_988' title='bbox 1035 5659 1326 5730; x_wconf 78' lang='grc' dir='ltr'>μαθητοῦ,</span> <span class='ocrx_word' id='word_1_989' title='bbox 1367 5659 1529 5729; x_wconf 80' lang='grc' dir='ltr'>ἀμὴν</span> <span class='ocrx_word' id='word_1_990' title='bbox 1558 5655 1715 5726; x_wconf 69' lang='grc' dir='ltr'>λέγω</span> <span class='ocrx_word' id='word_1_991' title='bbox 1771 5653 1934 5724; x_wconf 78' lang='grc' dir='ltr'>ὑμῖν,</span> 
     </span>
    </p>
   </div>
   <div class='ocr_carea' id='block_1_122' title="bbox 261 5742 1932 5822">
    <p class='ocr_par' dir='ltr' id='par_1_122' title="bbox 261 5742 1932 5822">
     <span class='ocr_line' id='line_1_122' title="bbox 261 5742 1932 5822; baseline -0.004 -18"><span class='ocrx_word' id='word_1_992' title='bbox 261 5753 338 5805; x_wconf 79' lang='grc' dir='ltr'>οὐ</span> <span class='ocrx_word' id='word_1_993' title='bbox 363 5750 450 5820; x_wconf 75' lang='grc' dir='ltr'>μὴ</span> <span class='ocrx_word' id='word_1_994' title='bbox 475 5750 754 5819; x_wconf 63' lang='grc' dir='ltr'>ἀπολέσῃ</span> <span class='ocrx_word' id='word_1_995' title='bbox 789 5750 897 5807; x_wconf 83' lang='grc' dir='ltr'>τὸν</span> <span class='ocrx_word' id='word_1_996' title='bbox 918 5749 1142 5822; x_wconf 81' lang='grc' dir='ltr'>μισθὸν</span> <span class='ocrx_word' id='word_1_997' title='bbox 1168 5746 1372 5804; x_wconf 81' lang='grc' dir='ltr'>αὐτοῦ.</span> <span class='ocrx_word' id='word_1_998' title='bbox 1401 5747 1491 5819; x_wconf 73' lang='grc' dir='ltr'>Μή</span> <span class='ocrx_word' id='word_1_999' title='bbox 1525 5762 1577 5800; x_wconf 89' lang='grc' dir='ltr'>τι</span> <span class='ocrx_word' id='word_1_1000' title='bbox 1600 5742 1809 5817; x_wconf 67' lang='grc' dir='ltr'>ψυχροῦ</span> <span class='ocrx_word' id='word_1_1001' title='bbox 1835 5759 1932 5798; x_wconf 81' lang='grc' dir='ltr'>πο-</span> 
     </span>
    </p>
   </div>
   <div class='ocr_carea' id='block_1_123' title="bbox 329 5873 1459 5947">
    <p class='ocr_par' dir='ltr' id='par_1_123' title="bbox 329 5873 1459 5947">
     <span class='ocr_line' id='line_1_123' title="bbox 329 5873 1459 5947; baseline -0.007 -20"><span class='ocrx_word' id='word_1_1002' title='bbox 329 5875 354 5904; x_wconf 87' lang='grc'>·</span> <span class='ocrx_word' id='word_1_1003' title='bbox 381 5874 479 5928; x_wconf 73' lang='grc' dir='ltr'>,ιιιί</span> <span class='ocrx_word' id='word_1_1004' title='bbox 505 5873 716 5939; x_wconf 75' lang='grc' dir='ltr'>ὀφθῆναι.</span> <span class='ocrx_word' id='word_1_1005' title='bbox 1454 5942 1459 5947; x_wconf 8' lang='grc' dir='ltr'><strong>ἢ</strong></span> 
     </span>
    </p>
   </div>
   <div class='ocr_carea' id='block_1_124' title="bbox 1264 5949 1609 6007">
    <p class='ocr_par' dir='ltr' id='par_1_124' title="bbox 1264 5949 1609 6007">
     <span class='ocr_line' id='line_1_124' title="bbox 1264 5949 1609 6007; baseline -0.009 -6"><span class='ocrx_word' id='word_1_1006' title='bbox 1264 5949 1469 6005; x_wconf 49' lang='lat' dir='ltr'>,1‘ﬁuvaz&#39;</span> <span class='ocrx_word' id='word_1_1007' title='bbox 1532 5982 1609 6007; x_wconf 38' lang='grc' dir='ltr'>,ἐκ</span> 
     </span>
    </p>
   </div>
   <div class='ocr_carea' id='block_1_125' title="bbox 2029 5534 3704 5625">
    <p class='ocr_par' dir='ltr' id='par_1_125' title="bbox 2029 5534 3704 5625">
     <span class='ocr_line' id='line_1_125' title="bbox 2029 5534 3704 5625; baseline -0.01 -15"><span class='ocrx_word' id='word_1_1008' title='bbox 2029 5534 2162 5621; x_wconf 75' lang='grc' dir='ltr'>πίας</span> <span class='ocrx_word' id='word_1_1009' title='bbox 2201 5556 2266 5610; x_wconf 82' lang='lat'>:6</span> <span class='ocrx_word' id='word_1_1010' title='bbox 2295 5534 2546 5625; x_wconf 80' lang='grc' dir='ltr'>μέγεθος,</span> <span class='ocrx_word' id='word_1_1011' title='bbox 2604 5549 2885 5619; x_wconf 83' lang='grc' dir='ltr'>ἐπήγαγεν</span> <span class='ocrx_word' id='word_1_1012' title='bbox 2909 5562 2924 5577; x_wconf 87' lang='grc'><strong>·</strong></span> <span class='ocrx_word' id='word_1_1013' title='bbox 2964 5547 3048 5600; x_wconf 80' lang='grc' dir='ltr'>Οὐ</span> <span class='ocrx_word' id='word_1_1014' title='bbox 3078 5542 3407 5612; x_wconf 74' lang='grc' dir='ltr'>προσθήσω</span> <span class='ocrx_word' id='word_1_1015' title='bbox 3447 5534 3564 5596; x_wconf 82' lang='grc' dir='ltr'>οὖν</span> <span class='ocrx_word' id='word_1_1016' title='bbox 3614 5540 3704 5594; x_wconf 64' lang='grc' dir='ltr'>ἔτι</span> 
     </span>
    </p>
   </div>
   <div class='ocr_carea' id='block_1_126' title="bbox 2030 5625 3704 5708">
    <p class='ocr_par' dir='ltr' id='par_1_126' title="bbox 2030 5625 3704 5708">
     <span class='ocr_line' id='line_1_126' title="bbox 2030 5625 3704 5708; baseline -0.013 -8"><span class='ocrx_word' id='word_1_1017' title='bbox 2030 5642 2289 5708; x_wconf 73' lang='grc' dir='ltr'>πατάξαι</span> <span class='ocrx_word' id='word_1_1018' title='bbox 2312 5638 2517 5695; x_wconf 77' lang='grc' dir='ltr'>πᾶσαν</span> <span class='ocrx_word' id='word_1_1019' title='bbox 2534 5636 2733 5705; x_wconf 82' lang='grc' dir='ltr'>σάρκα</span> <span class='ocrx_word' id='word_1_1020' title='bbox 2753 5632 2968 5697; x_wconf 80' lang='grc' dir='ltr'>ζῶσαν,</span> <span class='ocrx_word' id='word_1_1021' title='bbox 2988 5630 3181 5698; x_wconf 85' lang='grc' dir='ltr'>καθὼς</span> <span class='ocrx_word' id='word_1_1022' title='bbox 3197 5629 3476 5699; x_wconf 83' lang='grc' dir='ltr'>ἐποίησα,</span> <span class='ocrx_word' id='word_1_1023' title='bbox 3499 5625 3704 5694; x_wconf 81' lang='grc' dir='ltr'>πάσας</span> 
     </span>
    </p>
   </div>
   <div class='ocr_carea' id='block_1_127' title="bbox 2040 5714 3707 5801">
    <p class='ocr_par' dir='ltr' id='par_1_127' title="bbox 2040 5714 3707 5801">
     <span class='ocr_line' id='line_1_127' title="bbox 2040 5714 3707 5801; baseline -0.012 -15"><span class='ocrx_word' id='word_1_1024' title='bbox 2040 5734 2145 5798; x_wconf 78' lang='grc' dir='ltr'>τὰς</span> <span class='ocrx_word' id='word_1_1025' title='bbox 2169 5730 2412 5801; x_wconf 74' lang='grc' dir='ltr'>ἡμέρας.</span> <span class='ocrx_word' id='word_1_1026' title='bbox 2440 5727 2583 5798; x_wconf 88' lang='grc' dir='ltr'>Ὀρα</span> <span class='ocrx_word' id='word_1_1027' title='bbox 2616 5741 2705 5795; x_wconf 87' lang='grc' dir='ltr'>μοι</span> <span class='ocrx_word' id='word_1_1028' title='bbox 2742 5722 2859 5784; x_wconf 82' lang='grc' dir='ltr'>πῶς</span> <span class='ocrx_word' id='word_1_1029' title='bbox 2887 5722 2975 5776; x_wconf 89' lang='grc' dir='ltr'>διὰ</span> <span class='ocrx_word' id='word_1_1030' title='bbox 3004 5719 3221 5775; x_wconf 86' lang='grc' dir='ltr'>πάντων</span> <span class='ocrx_word' id='word_1_1031' title='bbox 3255 5718 3517 5789; x_wconf 85' lang='grc' dir='ltr'>μεγίστην</span> <span class='ocrx_word' id='word_1_1032' title='bbox 3550 5714 3707 5801; x_wconf 76' lang='grc' dir='ltr'>χαρί-</span> 
     </span>
    </p>
   </div>
   <div class='ocr_carea' id='block_1_128' title="bbox 2042 5798 3707 5888">
    <p class='ocr_par' dir='ltr' id='par_1_128' title="bbox 2042 5798 3707 5888">
     <span class='ocr_line' id='line_1_128' title="bbox 2042 5798 3707 5888; baseline -0.011 -17"><span class='ocrx_word' id='word_1_1033' title='bbox 2042 5798 2293 5888; x_wconf 72' lang='grc' dir='ltr'>ζεταιτῴ</span> <span class='ocrx_word' id='word_1_1034' title='bbox 2328 5813 2520 5886; x_wconf 78' lang='grc' dir='ltr'>δικαίῳ</span> <span class='ocrx_word' id='word_1_1035' title='bbox 2558 5811 2653 5883; x_wconf 70' lang='grc' dir='ltr'>τὴν</span> <span class='ocrx_word' id='word_1_1036' title='bbox 2690 5809 3065 5883; x_wconf 81' lang='grc' dir='ltr'>παραμυθίαν·</span> <span class='ocrx_word' id='word_1_1037' title='bbox 3097 5804 3297 5878; x_wconf 79' lang='grc' dir='ltr'>μάλλον</span> <span class='ocrx_word' id='word_1_1038' title='bbox 3324 5802 3379 5857; x_wconf 70' lang='grc' dir='ltr'>δὲ</span> <span class='ocrx_word' id='word_1_1039' title='bbox 3419 5801 3479 5855; x_wconf 83' lang='lat'>06</span> <span class='ocrx_word' id='word_1_1040' title='bbox 3511 5798 3589 5871; x_wconf 79' lang='grc' dir='ltr'>τῷ</span> <span class='ocrx_word' id='word_1_1041' title='bbox 3620 5800 3707 5854; x_wconf 68' lang='grc' dir='ltr'>δι·</span> 
     </span>
    </p>
   </div>
  </div>
