4116 6196
375 384 536 453 καίῳ.
592 379 725 434 ἀλλά
766 377 854 431 διὰ
901 377 998 448 τὴν
1042 375 1248 428 οἰκείαν
1284 375 1594 446 ἀγαθότητα
1640 377 1734 430 καὶ
1782 375 1930 446 πάσῃ
1960 375 2026 442 τῇ

377 469 644 541 μελλούσῃ
677 464 827 536 [261]
868 462 1215 516 συνίστασθαι
1250 463 1358 516 τῶν
1401 461 1703 532 ἀνθρώπων
1749 461 1928 529 φύσει.
1963 459 2036 512 Τὸ

374 558 503 627 γάρ,
524 557 606 608 Οὐ
627 551 952 620 προσθήσω
971 545 1084 605 οὖν
1101 549 1358 614 πατάξαι
1381 547 1586 603 πᾶσαν
1605 548 1800 615 σάρκα
1819 545 2032 607 ζῶσαν,

372 644 469 697 καὶ
509 641 588 704 τὸ,
621 639 826 703 Καθὼς
870 638 1148 702 ἐποίησα.
1181 637 1274 690 καὶ
1299 636 1378 696 τὺ,
1425 633 1634 700 Πάσας
1657 635 1763 697 τὰς
1788 631 2032 702 ἡμέρας,

371 728 530 782 τοῦτό
578 729 724 780 ἐστιν
766 723 1192 793 ἐνδεικνυμένου,
1237 723 1320 774 ὅτι
1366 721 1549 775 οὐκέτι
1598 718 1834 773 τοιοῦτον
1883 719 2033 772 ἐσται

372 813 682 872 κλυδώνιον.
712 812 834 866 οὐτε
878 811 1113 880 τοσαύτη
1149 807 1492 878 πανωλεθρία
1535 806 1899 876 καταλήψεται
1936 807 2033 875 τὴν

371 901 716 971 οἰκουμένην.
748 895 880 952 Εἶτα
929 898 1024 952 καὶ
1063 898 1162 966 τῆς
1195 895 1510 967 εὐεργεσίας
1558 893 1720 948 αὐτοῦ
1748 893 1807 946 τὸ
1857 893 2033 962 διηνε-

373 987 500 1052 κές·
540 988 636 1040 Ἐν
661 985 903 1049 πάσαις,
934 984 1088 1054 φησὶ,
1111 985 1230 1045 ταῖς
1257 982 1508 1052 ἡμέραις,
1531 980 1673 1033 τοῦτ’
1699 981 1834 1044 ἐστι,
1859 979 2032 1034 πάντα

372 1072 464 1125 τὸν
509 1073 681 1125 αίῶνα
737 1069 1138 1149 ἐπαγγέλλομαι
1193 1067 1389 1138 μηκέτι
1442 1065 1709 1137 τοσαύτην
1769 1065 2036 1128 ἐπιδείξα-

375 1158 497 1211 σθαι
538 1160 635 1229 τὴν
679 1157 1066 1225 ἀγανάκτησιν,
1112 1154 1231 1207 οὐδέ
1282 1152 1426 1206 οὕτω
1485 1153 1744 1221 σύγχυσιν
1799 1152 2030 1220 ἐργάσα.

375 1243 499 1296 σθαι
537 1243 636 1312 τῆς
670 1242 775 1295 τῶν
823 1241 978 1313 ὡρῶν
1019 1241 1286 1311 κράσεως,
1340 1238 1557 1306 καὶτῆς
1609 1237 1717 1289 τῶν
1760 1237 2034 1306 στοιχείων

371 1327 591 1392 θέσεως.
628 1328 720 1380 Διὸ
748 1329 841 1380 καὶ
878 1329 1147 1397 ἐπήγαγε,
1182 1324 1422 1392 Σπέρμα
1449 1325 1544 1376 καὶ
1587 1322 1888 1389 θερισμὸς,
1920 1322 2035 1390 ψῦ-

370 1432 478 1484 χος
506 1415 599 1467 καί
625 1413 840 1482 καῦμα,
875 1413 1046 1479 θέρος
1078 1412 1173 1465 καὶ
1209 1411 1316 1480 ἔαρ
1341 1409 1571 1478 ἡμέραν
1607 1410 1704 1462 καὶ
1734 1410 1925 1462 νύκτα
1962 1409 2033 1460 οὐ

371 1500 887 1554 καταπαύσουσιν.
931 1498 1229 1566 Ἀκίνητος,
1282 1499 1470 1566 φησὶν,
1505 1494 1651 1548 ἔσται
1685 1494 1890 1565 αῦτηή
1917 1493 2034 1546 διά-

369 1587 542 1651 ταξις,
570 1586 662 1639 καὶ
681 1585 803 1638 οὐτε
833 1587 864 1656 ή
893 1586 964 1655 γῆ
993 1585 1254 1654 διαλείψει
1289 1584 1420 1636 ποτέ
1449 1583 1516 1636 τά
1557 1585 1682 1651 παρ’
1729 1581 1929 1650 ἑαυτῆς
1957 1579 2034 1650 τῷ

367 1673 478 1726 τῶν
515 1669 814 1742 ἀνθρώπων
843 1671 990 1738 γένει
1024 1670 1354 1740 χορηγοῦσα,
1391 1670 1483 1722 καὶ
1514 1668 1621 1721 τῶν
1647 1667 1906 1736 καμάτων
1940 1666 2033 1720 καὶ

369 1759 467 1829 τῆς
489 1757 761 1828 γεωργίας
789 1755 1113 1810 ἀποδιδοῦσα
1137 1757 1233 1818 τὰς
1265 1755 1497 1826 ἀμοιϐἀς
1519 1795 1534 1817 ,
1576 1754 1699 1808 οὐτε
1733 1756 1788 1806 αί
1835 1753 2033 1824 τροπαὶ

372 1842 912 1913 μετακινηθήσονται,
940 1832 1078 1894 ἀλλά
1097 1841 1266 1911 ψῦχος
1290 1842 1382 1894 καὶ
1403 1841 1611 1910 καῦμα,
1642 1841 1736 1893 καὶ
1764 1839 1918 1910 θέρος
1938 1840 2032 1893 καὶ

368 1929 470 2000 ἔαρ
500 1927 621 1981 καθ’
659 1928 887 1980 ’ἑκαστον
921 1926 1013 1979 τοῦ
1046 1926 1290 1980 ἐνιαυτοῦ
1342 1927 1539 1980 κύκλον
1584 1927 1756 1980 ἐσται.
1816 1926 2030 1997 Ἐπειδὴ

367 2016 477 2087 γὰρ
504 2014 644 2067 κατά
668 2014 759 2066 τὸν
787 2013 880 2066 τοῦ
901 2013 1286 2084 κατακλυσμοῦ
1316 2013 1505 2084 καιρὸν
1550 2013 1752 2082 ταύτης
1783 2012 1910 2082 ὅλης
1934 2012 2032 2080 τῆς

367 2100 663 2163 διατάξεως
689 2099 945 2170 σύγχυσίς
974 2116 1057 2162 τις
1090 2099 1299 2167 γέγονε,
1329 2099 1424 2151 καὶ
1453 2099 1700 2167 καθάπερ
1727 2099 1785 2150 ἐν
1821 2098 1918 2167 μιᾷ
1938 2113 2031 2148 νυ-

368 2189 481 2252 κτὶ,
529 2188 700 2249 οὕτως
729 2189 786 2239 ἐν
821 2186 982 2238 παντὶ
1012 2185 1089 2256 τῷ
1117 2187 1294 2256 χρόνῳ
1340 2188 1396 2239 ἐν
1439 2188 1504 2256 τῇ
1536 2183 1752 2254 κιϐωτῷ
1798 2183 1982 2251 διῆγεν
2003 2183 2032 2236 ὁ

367 2274 572 2337 δίκαιος
593 2268 765 2336 οὗτος,
793 2271 882 2324 διὰ
908 2271 1066 2324 τοῦτό
1092 2288 1224 2340 φησι
1248 2286 1261 2302 ο
1295 2271 1389 2324 νῦν
1409 2270 1530 2324 οὔτε
1561 2273 1592 2340 ἡ
1620 2271 1823 2339 ήμέρα,
1851 2268 2028 2339 οὕτεή

367 2360 464 2428 νύξ
493 2361 583 2414 τὸν
611 2361 808 2412 οίκεῖον
843 2357 1077 2427 ἐλλείψει
1112 2357 1331 2427 δρόμον.
1363 2357 1498 2410 ἀλλά
1525 2357 1683 2427 μέχρι
1711 2356 1810 2426 τῆς
1843 2372 2024 2407 συντεο

367 2446 518 2508 λείας
549 2444 644 2498 τοῦ
683 2444 875 2508 αἰῶνος
907 2443 1161 2513 ἀκίνητος
1199 2442 1348 2495 ἔσται
1383 2441 1587 2495 τούτων
1630 2443 1663 2509 ἡ
1701 2441 2026 2511 λειτουργία.

367 2528 522 2595 Εἶδες
551 2530 894 2601 παράκλησιν
938 2529 1210 2601 ἀρκοῦσαν
1253 2531 1346 2581 καὶ
1383 2528 1685 2598 δυναμένην
1730 2527 2030 2596 ἀναστῆσαι

366 2617 460 2671 τοῦ
498 2617 707 2670 δικαίου
739 2615 800 2668 τδ
852 2615 1140 2685 φρόνημα;
1189 2613 1327 2678 εἶδες
1353 2615 1451 2684 τῆς
1479 2612 1895 2684 εὐγνωμοσύνης
1915 2615 2030 2666 οἵαν

365 2703 583 2774 δέχεται
631 2702 728 2772 τὴν
783 2701 1050 2770 ἀμοιϐήν;
1087 2702 1281 2754 Ἀκουε
1310 2701 1404 2754 καὶ
1437 2704 1499 2754 ἐκ
1527 2699 1634 2754 τῶν
1680 2701 2031 2770 ἐπαγομένων

368 2790 530 2843 πάλιν
556 2787 652 2858 τὴν
679 2788 882 2856 ἀφατον
909 2785 1236 2856 φιλοτιμίαν.
1262 2788 1371 2840 Kal
1419 2787 1735 2855 εὐλόγησε,
1782 2787 1963 2856 φησὶν,
1999 2789 2032 2840 ὁ

369 2875 514 2941 Θεὸς
549 2875 654 2928 τὸν
689 2872 818 2928 Νῶε
848 2874 943 2927 καὶ
975 2873 1116 2938 τοὺς
1137 2873 1306 2938 υἱοὺς
1331 2873 1536 2927 αὑτοῦ.
1566 2872 1676 2926 Kal
1719 2868 1888 2925 εἶπεν
1923 2873 2030 2925 αὺ-

367 2961 521 3026 τοῖς·
568 2959 913 3024 Λὺξάνεσθε
958 2960 1052 3011 καὶ
1093 2960 1494 3025 πληθύνεσθε,
1546 2959 1643 3011 καὶ
1678 2957 2029 3024 πληρώσατε

368 3047 484 3115 τὴν
509 3045 624 3116 γῆν
646 3087 660 3110 ,
694 3046 794 3100 καί
829 3046 1333 3112 κατακυριεύσατε
1369 3043 1578 3112 αὐτῆς.
1620 3043 1728 3097 Kal
1766 3047 1798 3096 ό
1820 3045 2032 3112 τρόμος

367 3131 538 3202 ὑμῶν
565 3131 664 3185 καὶ
684 3135 717 3186 ό
744 3134 928 3201 φόϐος
967 3131 1135 3184 ἔσται
1168 3131 1265 3183 ἐπὶ
1297 3129 1446 3183 πᾶσι
1497 3129 1619 3194 τοῖς
1664 3130 1886 3196 θηρίοις
1923 3127 2032 3196 τῆς

368 3218 504 3290 γῆς,
545 3219 643 3273 καί
681 3219 778 3272 ἐπὶ
807 3219 1002 3271 πάντα
1044 3217 1114 3270 τὰ
1151 3217 1326 3284 ὄρνεα
1360 3216 1464 3270 τοῦ
1485 3216 1767 3284 οὐρανοῦ,
1807 3215 1904 3269 καί
1933 3215 2032 3270 ἐπὶ

368 3305 566 3359 πάντα
601 3305 671 3360 τὰ
695 3305 1015 3372 κινούμενα
1060 3302 1156 3356 ἐπὶ
1189 3301 1298 3370 τῆς
1352 3301 1482 3372 γῆς,
1524 3302 1624 3356 καὶ
1671 3302 1768 3356 ἐπὶ
1801 3301 2031 3368 πάντας

367 3392 512 3458 τοὺς
544 3392 750 3460 ἰχθύας
776 3389 885 3455 τῆς
907 3386 1222 3454 θαλάσσης
1243 3404 1256 3416 ·
1289 3388 1406 3440 ὑπὸ
1438 3387 1638 3456 χεῖρας
1659 3387 1800 3458 ὑμῖν
1837 3387 2030 3442 πάντα

369 3478 618 3531 δέδωκα.
647 3477 756 3531 Kal
780 3475 903 3530 πᾶν
931 3474 1197 3543 ἑρπετὸν,
1220 3473 1254 3528 ὅ
1273 3475 1404 3528 ἐστι
1431 3474 1558 3540 ζῶν,
1584 3475 1725 3543 ὑμῖν
1747 3475 1916 3528 ἔσται
1945 3477 2032 3540 εἰς

362 3565 616 3631 βρῶσιν.
660 3563 754 3630 Ὠς
779 3562 1017 3632 λάχανα
1048 3564 1263 3631 χόρτου
1285 3561 1513 3616 δέδωκα
1545 3563 1686 3632 ὑμῖν
1707 3565 1777 3616 τὰ
1813 3563 2025 3616 πάντα.

368 3648 543 3716 Πλὴν
579 3648 757 3718 κρέας
787 3647 858 3702 ἐν
908 3648 1106 3717 αἵματι
1161 3646 1369 3716 ψυχῆς
1400 3648 1469 3700 οὐ
1503 3647 1784 3715 φάγεσθε.
1849 3647 2030 3714 Ἀξιον

367 3734 603 3788 ἐνταῦθα
655 3734 932 3804 θαυμάσαι
981 3732 1076 3786 τοῦ
1134 3733 1402 3786 Δεσπότου
1453 3733 1550 3804 τὴν
1591 3733 2031 3804 ὑπερϐάλλουσαν

368 3821 702 3888 ἀγαθότητα.
737 3819 880 3891 Ὀρα
907 3819 1014 3891 γάρ
1049 3838 1137 3891 μοι
1161 3820 1320 3873 πάλιν
1351 3819 1440 3871 τὺν
1468 3819 1674 3871 δίκαιον
1700 3819 1884 3899 τοῦτον
1932 3823 2028 3890 τῆς

367 3907 539 3976 αὐτῆς
563 3905 806 3974 εὐλογίας
833 3905 1150 3977 ἀξιούμενον
1194 3904 1273 3976 τῷ
1321 3904 1512 3974 Ἀδὰμ,
1554 3904 1647 3958 κα)⁵
1666 3904 1763 3974 τὴν
1795 3906 2026 3977 ἀφαιρε-

367 3993 552 4045 θεῖσαν
576 3993 748 4064 ἀρχὴν
791 3992 1263 4062 ἀνακαλεσάμενον
1303 3989 1392 4044 διὰ
1416 3991 1515 4060 τῆς
1564 3989 1769 4053 οἰκείας
1803 3991 2024 4060 ἀρετῆς,

367 4078 569 4142 μᾶλλον
595 4078 650 4132 δέ
673 4079 760 4132 διά
790 4079 888 4149 τὴν
915 4080 1120 4146 ἄφατον
1155 4077 1249 4129 τοῦ
1292 4075 1560 4129 Δεσπότου
1599 4075 2022 4145 φιλανθρωπίαν.

364 4166 580 4238 Ὠσπερ
616 4167 726 4238 γάρ
754 4168 839 4218 ἐπ’
869 4167 1075 4218 ἐκείνου
1103 4164 1284 4231 ἔλεγεν
1303 4202 1317 4226 ,
1363 4163 1710 4226 Αὺξάνεσθε
1743 4163 1838 4215 καί
1875 4168 2028 4231 πλη-

363 4255 640 4318 θύνεσθε,
675 4252 772 4304 καὶ
799 4250 1154 4317 πληρώσατε
1187 4249 1303 4315 τὴν
1327 4249 1465 4318 γῆν,
1507 4248 1603 4302 καί
1640 4251 2025 4317 κατακυριεύ-

363 4355 515 4392 σατε
541 4336 748 4404 αὐτῆς,
775 4337 874 4389 καί
908 4335 1120 4405 ἄρχετε
1141 4334 1260 4388 τῶν
1289 4336 1508 4404 ἰχθύων
1535 4333 1642 4402 τῆς
1685 4333 2023 4404 θαλάσσης,

365 4424 462 4480 καὶ
484 4424 602 4477 τῶν
620 4421 900 4491 ἑρπετῶν,
923 4423 1020 4475 καὶ
1046 4421 1330 4475 πετεινῶν
1344 4421 1451 4475 τοῦ
1479 4423 1757 4490 οὐρανοῦ,
1787 4423 1884 4476 καὶ
1909 4422 2027 4477 τῶν

364 4511 584 4579 θηρίων
614 4507 714 4576 τῆς
749 4507 894 4577 γῆς·
927 4507 1066 4562 οὕτω
1090 4508 1183 4560 νῦν
1212 4525 1381 4581 φησι·
1413 4508 1521 4563 Kal
1557 4511 1590 4563 ό
1617 4511 1832 4578 τρόμος
1861 4508 2027 4579 ὑμῶν

367 4597 467 4651 καὶ
498 4599 530 4650 ό
567 4597 749 4666 φόϐος
779 4595 951 4649 ἐσται
993 4595 1092 4649 ἐπὶ
1132 4594 1282 4649 πᾶσι
1330 4595 1454 4662 τοῖς
1476 4595 1698 4664 θηρίοις
1726 4595 1837 4664 τῆς
1889 4595 2022 4666 τῆς,

364 4684 465 4738 καὶ
494 4682 592 4735 ἐπί
617 4681 813 4736 πάντα
841 4681 912 4735 τὰ
944 4681 1141 4749 ὄρνεα.
1169 4681 1279 4736 Kal
1326 4679 1450 4736 πᾶν
1491 4681 1763 4750 ἑρπετὸν,
1811 4681 1844 4733 ὅ
1894 4681 2025 4735 ἐστι

364 4769 495 4834 ζῶν,
528 4768 670 4838 ὑμῖν
695 4769 866 4823 ἔσται
891 4771 977 4834 είς
996 4767 1250 4836 βρῶσιν.
1291 4769 1390 4835 Ὠς
1408 4769 1646 4838 λάχανα
1680 4769 1898 4838 χόρτου
1926 4767 2024 4821 δέ-

362 4857 523 4911 δωκα
546 4855 686 4924 ὑμῖν
708 4857 781 4909 τὰ
811 4853 1025 4910 πάντα.
1073 4856 1245 4925 Πλὴν
1269 4856 1445 4925 κρέας
1487 4857 1556 4910 έν
1587 4857 1783 4926 αἵματι
1814 4857 2021 4925 ψυχῆς

362 4947 436 5000 οὐ
466 4943 748 5014 φάγεσθε.
783 4941 925 5011 ’Ὀρα
959 4941 1046 4994 τδν
1077 4942 1237 4994 αὐτὸν
1286 4943 1485 4996 κανόνα
1526 4943 1726 5013 ἑτέρως
1766 4942 2024 5006 διασωζό-

367 5047 548 5102 μενον,
580 5027 672 5082 τὸν
701 5028 792 5081 ἐπὶ
842 5027 933 5080 τοῦ
966 5028 1405 5098 πρωτοπλάστου.
1455 5029 1722 5100 Καθάπερ
1749 5029 1856 5100 γὰρ
1906 5030 2023 5081 ἐκεῖ

364 5115 504 5187 μετά
553 5113 614 5167 τὸ
638 5114 851 5167 πάντων
877 5114 1176 5183 ἐγχειρίσαι
1208 5116 1304 5184 τὴν
1329 5115 1522 5186 ἀρχὴν,
1562 5117 1655 5168 καὶ
1690 5115 1797 5166 τῶν
1842 5117 1900 5166 ἐν
1944 5114 2021 5185 τῷ

360 5195 672 5267 παραδείσῳ
698 5199 997 5264 παρασχεῖν
1021 5196 1117 5266 τήν
1163 5197 1476 5259 ἀπόλαυσιν,
1528 5197 1642 5260 ἐνὸς
1671 5197 1828 5263 ξύλου
1861 5198 2020 5267 μόνον

359 5281 661 5352 ἀπέχεσθαι
715 5280 1029 5334 ἐκέλευσενσ
1059 5282 1200 5334 οὓτω
1223 5281 1286 5352 δὴ
1319 5283 1415 5335 καὶ
1472 5283 1704 5335 ἐνταῦθα
1737 5283 1875 5353 μετὰ
1923 5283 2018 5354 τὴν

359 5369 628 5436 εὐλογίαν,
675 5367 770 5420 καὶ
820 5367 882 5420 τὸ
909 5369 1136 5439 φοϐερὸν
1168 5369 1328 5422 αὐτὸν
1367 5369 1702 5438 καταστῆσαι
1733 5373 1844 5432 τοῖς
1869 5370 2017 5442 [262]

359 5456 588 5527 θηρίοις,
621 5455 713 5506 καὶ
748 5453 920 5506 πάντα
947 5456 1015 5508 τὰ
1044 5455 1264 5508 πετεινά
1310 5457 1402 5509 καὶ
1440 5454 1508 5507 τά
1535 5455 1694 5526 ὅρνεα
1719 5457 1823 5509 ὑπὸ
1863 5459 2017 5526 χεῖρα

358 5545 602 5612 ποιῆσαι,
639 5540 771 5609 φησί
791 5556 804 5569 ·
826 5541 956 5595 Πᾶν
981 5541 1223 5610 ἑρπετὸν
1261 5541 1372 5602 ζῶν
1399 5541 1541 5612 ὑμῖν
1558 5541 1731 5596 ἔσται
1758 5545 1844 5607 εὶς
1867 5542 2020 5611 ,βρῶ-

357 5645 460 5683 σιν
483 5643 496 5655 ·
521 5630 601 5692 ὡς
623 5626 860 5694 λάχανα
884 5629 1099 5696 χόρτου
1124 5628 1264 5697 ὑμῖν
1292 5629 1518 5686 δέδωκα
1559 5631 1631 5684 τὰ
1657 5630 1873 5687 πάντα.
1899 5630 2015 5684 Ἐν-

357 5713 545 5770 τεῦθεν
565 5711 704 5784 ἀρχὴ
729 5717 1071 5783 κρεωφαγίας
1097 5716 1324 5787 γίνεται,
1349 5719 1445 5792 οὐχ
1462 5719 1548 5774 ἵνα
1574 5722 1652 5784 εἰς
1671 5736 2006 5792 γαστριμαρ-

1163 260 1216 316 5.
1259 259 1540 316 JOANNIS
1577 255 2062 314 CIIRYSOSTOMI
2097 255 2411 315 ARCIIIEP.
2451 260 2997 320 CONSTANTINOP.

3691 263 3804 318 9ίῦ

2141 372 2265 441 γίαν
2297 377 2492 441 αὐτοὺς
2523 377 2737 449 ἀλείψῃ,
2773 379 2886 433 ἀλλ’
2917 379 3105 450 ἐπειδὴ
3137 380 3365 450 ήμελλον
3410 379 3470 444 ἐξ
3500 379 3682 433 αὐτῶν
3703 380 3799 433 Ou-

2135 462 2256 526 σίας
2283 464 2573 536 ἀναφέρειν
2603 468 2653 518 οί
2683 467 2978 540 ἄνθρωποι,
3007 467 3102 520 καὶ
3147 467 3494 537 εὐχαριστίας
3526 467 3794 524 ποιεῖσθαι

2131 547 2208 619 τῷ
2234 551 2496 624 Δεσπότῃ,
2545 554 2630 608 Eva
2665 555 2739 626 μὴ
2787 555 3009 622 δόξωσιν
3039 553 3116 617 ὡς
3143 553 3537 625 ἀφιερωμένων
3597 554 3795 623 ἀπέχε-

2135 635 2279 697 σθαι,
2301 635 2390 689 διά
2411 638 2570 691 τοῦτο
2591 641 2688 710 τῆς
2710 639 2964 711 βρώσεως
2987 638 3082 710 τὴν
3111 639 3358 704 ἐξουσίαν
3386 638 3800 710 χαρίζεται,καὶ

2133 722 2332 794 πολλὴν
2351 724 2448 795 τὴν
2481 725 2661 780 ἄδειαν
2695 727 2938 797 παρέχει.
2989 727 3082 791 Ὠς
3111 724 3347 794 λάχανα
3365 726 3603 795 χόρτου,
3639 726 3795 794 φησὶν

2131 807 2360 863 δέδωκα
2395 811 2540 878 ὑμῖν
2559 811 2631 865 τὰ
2655 812 2872 866 πάντα.
2932 807 3064 865 Εῐτα
3094 813 3344 882 καθάπερ
3374 813 3465 864 ἐπὶ
3490 812 3584 864 τοῦ
3627 813 3799 881 ’Λδάμ

2130 895 2224 949 τοῦ
2248 897 2366 961 ἐνὸς
2400 897 2556 962 ξύλου
2585 899 2887 952 ἐνετείλατο
2923 899 3060 968 μετά
3105 898 3200 968 τὴν
3233 899 3451 952 πάντων
3502 899 3798 962 ἀπόλαυσιν

2133 984 2450 1052 ἀπέχεσθαι,
2491 984 2633 1038 οὓτω
2665 987 2759 1038 καὶ
2786 985 3036 1049 ἐνταῦθα,
3081 985 3220 1056 μετά
3264 986 3324 1039 τὸ
3355 986 3571 1040 πάντων
3623 985 3797 1048 ἀδεῶς

2133 1071 2421 1141 ἐπιτρέψαι
2453 1073 2550 1142 τὴν
2577 1073 2836 1132 ἑστίασιν,
2862 1074 3027 1143 φησί’
3068 1073 3241 1141 Πλὴν
3262 1073 3440 1142 κρέας
3477 1073 3546 1127 ἐν
3595 1074 3796 1142 αἵματι

2131 1156 2340 1224 ψυχῆς
2370 1160 2440 1211 οὺ
2467 1159 2749 1228 φάγεσθε.
2779 1159 2845 1214 Τί
2873 1156 2966 1213 οῦν
2993 1159 3239 1230 βούλεται
3285 1161 3346 1212 τδ
3387 1160 3703 1231 είρημένον;
3741 1159 3797 1211 τί

2133 1241 2285 1305 ἐστι,
2323 1243 2511 1310 Κρέας
2542 1245 2611 1298 ἐν
2640 1247 2836 1313 αἵματι
2875 1246 3118 1314 ψυχῆς;
3170 1246 3326 1299 Τοῦτ’
3368 1247 3513 1310 ἔστι,
3551 1247 3794 1300 πνικτόν.

2132 1328 2235 1381 Τοῦ
2260 1329 2367 1398 γὰρ
2395 1330 2586 1397 ἀλόγου
2617 1333 2649 1399 ή
2678 1331 2822 1402 ψυχὴ
2855 1332 2914 1384 τὸ
2945 1327 3082 1402 αἷμα
3111 1332 3388 1401 τυγχάνει.

2201 1426 2260 1472 ε’.
2280 1418 2430 1472 Ἐπεὶ
2457 1417 2548 1474 οῦν
2576 1422 2671 1485 τὰς
2697 1422 2884 1485 θυσίας
2907 1422 3138 1493 ἤμελλον
3166 1421 3435 1476 ἐπιτελεῖν
3458 1423 3555 1486 τάς
3575 1423 3663 1476 διά
3684 1423 3800 1475 τῶν

2131 1505 2359 1575 ἀλόγων,
2385 1509 2676 1579 ’μονονουχὶ
2721 1509 2959 1562 διδάσκει
3006 1511 3198 1573 αὐτοὺς
3253 1509 3445 1578 λέγων,
3475 1511 3557 1564 ὅτι
3607 1512 3666 1564 τὸ
3695 1513 3800 1582 μὲν

2131 1588 2270 1662 αἷμα
2323 1596 2446 1665 ἐμοὶ
2497 1595 2800 1667 ἀφώρισται
2827 1609 2875 1658 ι,
2910 1598 2969 1650 τὸ
3001 1597 3055 1650 δέ
3101 1598 3266 1666 κρέας
3311 1599 3455 1666 ὑμῖν.
3511 1597 3696 1652 Ταῦτα
3737 1599 3800 1650 δέ

2131 1683 2294 1739 ποιεῖ.
2317 1681 2521 1735 ἀνωθεν
2551 1683 2996 1752 προαναστέλλων
3021 1684 3200 1736 αὐτῶν
3226 1683 3323 1754 τὴν
3348 1683 3521 1754 ὁρμὴν
3540 1683 3637 1754 τὴν
3665 1687 3798 1754 περὶ

2130 1767 2229 1838 τὴν
2265 1767 2636 1839 ἀνδροφονίαν.
2672 1771 2780 1823 Καὶ
2807 1771 2886 1823 ὅτι
2915 1769 3071 1823 τοῦτό
3093 1771 3240 1822 ἐστιν
3273 1771 3490 1840 ἀληθὲς,
3521 1771 3615 1823 καὶ
3643 1770 3799 1822 εὐλα-

2132 1853 2421 1925 ϐεστέρους
2471 1857 2666 1919 αὐτοὺς
2709 1857 2958 1910 ἐντεῦθεν
3006 1857 3226 1927 ποιῆσαι
3268 1857 3583 1927 βουλόμενος
3618 1858 3798 1911 ταῦτα

2130 1939 2470 1994 διατάττεται
2514 1943 2565 2002 ιι,
2596 1943 2757 1995 ἄκουε
2788 1943 2895 1996 τῶν
2925 1943 3070 2013 ἐξῆς.
3112 1941 3219 1996 Kal
3252 1943 3359 2011 γὰρ
3409 1941 3476 1994 τὸ
3508 1942 3800 2012 ὑμέτερον⁹

2131 2019 2294 2094 αἷμα.
2325 2027 2478 2098 φησὶ,
2505 2025 2622 2080 τῶν
2648 2027 2865 2096 ψυχῶν
2889 2027 3066 2097 ὑμῶν,
3094 2026 3394 2095 έκζητήσω
3411 2029 3554 2082 αὐτὸ
3579 2029 3648 2081 ἐκ
3667 2045 3792 2096 χει-

2121 2111 2234 2177 ρὸς
2262 2111 2503 2166 πάντων
2531 2111 2650 2166 τῶν
2693 2115 2912 2182 θηρίων
2934 2153 2949 2177 ,
3006 2114 3101 2166 καί
3155 2114 3224 2166 ἐκ
3257 2113 3452 2182 χειρός
3477 2113 3789 2182 ἀνθρώπου

2129 2198 2399 2268 ἀδελφοῦ
2421 2200 2725 2268 ἐκζητήσω
2746 2201 2858 2269 τὴν
2875 2200 3088 2270 ψυχὴν
3111 2202 3214 2255 τοῦ
3232 2201 3561 2270 ἀνθρώπου.
3585 2203 3650 2253 Τί
3670 2198 3785 2266 06v;

2130 2287 2162 2356 ή
2185 2285 2331 2359 ψυχὴ
2352 2287 2446 2341 τοῦ
2475 2288 2759 2360 ἀνθρώπου
2781 2290 2841 2342 τὸ
2865 2283 3002 2359 αἷμα
3030 2291 3282 2359 τυγχάνει
3303 2307 3317 2354 ;
3344 2291 3418 2344 Οὐ
3447 2290 3601 2343 τοῦτο
3616 2289 3784 2358 λέγει’

2133 2372 2207 2443 μὴ
2233 2375 2440 2440 γένοιτο
2464 2392 2477 2405 ·
2513 2376 2648 2430 ἀλλά
2672 2380 2739 2447 τῇ
2774 2377 3030 2448 συνηθείᾳ
3057 2380 3121 2448 τῇ
3153 2377 3463 2450 ἀνθρωπίνῃ
3501 2376 3787 2447 κέχρηται,

2130 2459 2204 2522 ώς
2222 2459 2287 2512 ἀν
2313 2477 2394 2524 τις
2421 2462 2566 2515 εῐποι
2592 2463 2720 2526 τινὶ,
2753 2463 2812 2516 τὸ
2847 2458 2988 2535 αἷμά
3010 2481 3104 2517 σου
3129 2464 3378 2533 βαστάζω
3404 2467 3460 2517 ἐν
3488 2467 3606 2528 ταῖς
3633 2463 3794 2534 χερσί

2133 2564 2255 2616 μου,
2283 2550 2405 2602 ἀντὶ
2437 2549 2553 2614 τοῦ,
2601 2551 2700 2623 τήν
2725 2551 2972 2616 ἐξουσίαν
3021 2553 3130 2622 ἔχω
3163 2553 3258 2622 τῆς
3309 2552 3637 2624 ἀναιρέσεώς
3673 2570 3792 2607 σου.

2131 2634 2257 2690 Ὅτι
2289 2636 2398 2708 γὰρ
2425 2639 2486 2692 οὐ
2517 2639 2580 2692 τὸ
2611 2635 2750 2711 αἷμά
2775 2643 2890 2694 ἐστι
2914 2640 3010 2694 τοῦ
3052 2640 3336 2713 ἀνθρώπου
3361 2642 3394 2709 ή
3425 2640 3590 2711 ψυχὴ.
3624 2641 3793 2694 ἄκουε

2127 2721 2221 2773 τοῦ
2260 2723 2493 2793 Χριστοῦ
2541 2724 2821 2794 λέγοντος·
2855 2726 2953 2792 Μὴ
2997 2724 3291 2795 φοϐηθῆτε
3343 2727 3460 2780 άπὸ
3495 2726 3612 2779 τῶν
3640 2729 3794 2781 ἀπο-

2128 2812 2482 2864 κτεινόντων
2508 2813 2572 2868 τὸ
2605 2813 2808 2883 σῶμα,
2848 2814 2963 2880 τὴν
2994 2813 3064 2867 δὲ
3101 2813 3310 2882 ψυχὴν
3334 2815 3419 2883 μὴ
3443 2814 3799 2884 δυναμένων

2130 2897 2490 2951 ἀποκτεῖναι.
2554 2901 2666 2952 Καὶ
2712 2901 2813 2970 ὅρα
2853 2899 2952 2971 τὴν
2996 2899 3258 2970 διαφορὰν
3307 2900 3438 2969 ὅσην
3476 2900 3792 2968 ἐποιήσατο.

2143 2985 2203 3034 ’0
2239 2983 2484 3052 ἐκχέων,
2514 2988 2696 3058 φησὶν,
2725 2983 2869 3056 αἷμα
2897 2986 3230 3057 ἀνθρώπου,
3252 2986 3385 3040 ἀντὶ
3418 2986 3520 3040 τοῦ
3542 2988 3795 3055 αἵματος

2128 3070 2314 3124 αὑτοῦ
2346 3071 2413 3124 τὸ
2445 3073 2630 3127 αὐτοῦ
2679 3073 3096 3143 ἐκχυθήσεται,
3152 3074 3242 3127 ὅτι
3288 3074 3358 3126 ἐν
3407 3075 3592 3127 εἰκόνι
3641 3075 3794 3127 Θεοῦ

2127 3157 2384 3224 ἐποίησα
2413 3157 2521 3211 τὸν
2545 3158 2878 3226 ἄνθρωπον,
2925 3160 3204 3230 Ἐννόησόν
3240 3177 3349 3230 μοι,
3366 3160 3487 3212 ὅσον
3509 3159 3600 3212 τὸν
3625 3161 3793 3228 φόϐον

2128 3242 2216 3295 διὰ
2245 3244 2336 3296 τοῦ
2373 3246 2616 3316 ῥήματος
2637 3247 2990 3316 ἐπετείχισεν.
3023 3248 3083 3301 El
3116 3247 3208 3300 καὶ
3242 3248 3303 3299 τὸ
3326 3247 3599 3316 ὁμογενὲς,
3632 3249 3790 3317 φησὶ,

2132 3328 2206 3399 μὴ
2235 3331 2439 3398 γίνεταί
2494 3348 2576 3384 σοι
2631 3331 2878 3402 κώλυμα,
2930 3333 3051 3386 οὐδέ
3095 3334 3136 3404 ή.
3177 3334 3429 3387 κοινωνία
3452 3336 3549 3403 τῆς
3576 3333 3793 3400 φύσεως

2129 3418 2387 3486 ἁφίστησί
2415 3435 2474 3472 σε
2505 3419 2604 3489 τῆς
2623 3420 2799 3490 κακῆς
2831 3421 3243 3492 ἐπιχειρήσεως,
3267 3421 3401 3475 άλλά
3428 3423 3519 3475 καὶ
3533 3421 3630 3492 τὴν
3653 3439 3788 3491 συμι

2131 3503 2358 3558 πάθειαν
2377 3506 2476 3577 τὴν
2497 3505 2786 3578 ἀδελφικὴν
2810 3507 3190 3578 ἀπωσάμενος,
3222 3509 3340 3572 ὅλος
3384 3509 3509 3582 γίνῃ
3531 3509 3622 3562 τοῦ
3657 3527 3788 3579 μια-

2133 3596 2225 3665 ροῦ
2253 3597 2442 3650 τούτου
2465 3597 2832 3668 τολμήματος,
2871 3600 3040 3652 ἐννόει
3069 3601 3149 3653 ὅτι
3172 3600 3291 3653 κατ’
3314 3601 3495 3654 είκόνα
3532 3600 3668 3653 Θεοῦ
3697 3599 3784 3653 δερ

2127 3683 2542 3755 δημιούργηται.
2592 3685 2687 3739 καὶ
2734 3687 2863 3755 ὅσης
2912 3686 3135 3755 ⁴ήξίωται
3193 3685 3339 3758 παρά
3375 3687 3468 3740 τοῦ
3514 3686 3647 3739 Θεοῦ
3686 3685 3783 3756 τῆς

2129 3772 2436 3842 προεδρίας,
2468 3773 2560 3825 καὶ
2578 3773 2659 3825 ὅτι
2684 3775 2861 3844 πάσης
2885 3775 2984 3844 τῆς
3008 3773 3234 3836 κτίσεως
3261 3774 3358 3845 τὴν
3387 3774 3631 3840 ἐξουσίαν
3659 3776 3784 3826 ἀναο

2127 3856 2389 3921 δέδεκται,
2432 3861 2525 3913 καὶ
2548 3860 2754 3913 παῦσαι
2777 3861 2877 3931 τῆς
2905 3861 3180 3933 μοχθηρᾶς
3202 3860 3443 3932 γνώμης.
3471 3861 3535 3914 Τί
3552 3857 3644 3914 οὖν
3681 3879 3784 3931 φηο

2129 3957 2246 4004 σιν;
2291 3941 2417 3995 Ἐἀν
2449 3943 2682 4013 μυρίους
2717 3961 2800 4006 τις
2841 3945 3138 4015 ἐργάσηται
3187 3945 3398 4012 φόνους,
3427 3945 3520 3998 κα)⁸
3549 3945 3784 3998 τοσαῦτα

2127 4028 2332 4097 αἵματα
2359 4030 2544 4100 ἐκχέῃ,
2581 4033 2697 4093 πῶς
2735 4031 2832 4101 τὴν
2861 4031 3016 4096 ἀξίαν
3043 4031 3152 4102 δώῃ
3190 4032 3379 4100 δίκην.
3426 4031 3519 4084 τοῦ
3555 4031 3786 4102 αἵματος

2127 4115 2290 4168 αὐτοῦ
2319 4117 2476 4186 μόνου
2511 4116 2868 4185 ἐκχυθέντος;
2901 4118 2990 4189 Μὴ
3040 4116 3201 4170 τοῦτο
3245 4116 3482 4186 λογίζου,
3505 4117 3780 4186 ἄνθρωπε,

2127 4201 2239 4254 ἀλλ’
2287 4203 2456 4257 ἐννόει
2490 4205 2572 4257 ὅτι
2620 4203 2858 4257 τοιοῦτον
2910 4202 3026 4274 μετ’
3063 4204 3122 4256 οὐ
3179 4204 3308 4257 πολύ
3370 4203 3578 4268 δέξεται
3625 4205 3784 4274 σῶμα

2125 4288 2418 4361 ἄφθαρτον,
2441 4291 2501 4343 τὸ
2521 4290 2814 4361 δυνάμενον
2844 4289 3063 4360 διηνεκῆ
3090 4291 3182 4344 καὶ
3201 4289 3415 4344 αἰώνιον
3436 4291 3654 4344 κόλασιν
3677 4292 3781 4343 ὑπο

2125 4377 2291 4447 έχειν.
2323 4380 2556 4432 Κάκεῖνο
2589 4379 2645 4432 δέ
2698 4380 2909 4442 σκόπει,
2967 4377 3081 4442 πῶς
3117 4379 3253 4450 μετά
3297 4378 3579 4448 ἀκριϐείας
3607 4378 3783 4431 διετάσ

2127 4464 2271 4528 ξατο.
2313 4465 2436 4518 Ἐπὶ
2489 4464 2591 4533 μὲν
2640 4465 2747 4534 γὰρ
2789 4465 2884 4517 τοῦ
2922 4465 3209 4537 ἀνθρώπου
3254 4465 3426 4534 φησὶ,
3463 4463 3536 4534 μὴ
3585 4464 3782 4536 ἐπιχέῃς

2124 4547 2262 4621 αἷμα
2288 4568 2300 4581 ·
2343 4551 2436 4604 ἐπὶ
2463 4551 2518 4604 δὲ
2548 4551 2658 4604 τῶν
2684 4551 2893 4620 ἀλόγων
2937 4552 3033 4605 οὐκ
3076 4546 3217 4615 εἶπε,
3251 4551 3324 4622 μὴ
3377 4551 3594 4621 ἐκχέῃς,
3622 4551 3783 4615 ἀλλά,

2123 4641 2211 4693 11.1
2221 4639 2297 4704 ἡν
2319 4637 2496 4706 κρέας
2521 4637 2590 4689 ἐν
2615 4638 2815 4706 αἵματι
2836 4637 3046 4706 ψυχῆς
3073 4639 3144 4691 οὐ
3176 4637 3460 4706 φάγεσθε.
3507 4637 3675 4702 Ἐκεῖ,
3707 4637 3782 4708 μὴ

2124 4725 2351 4796 ἐκχέῃς·
2386 4723 2637 4785 ἐνταῦθα,
2675 4723 2823 4796 [263]
2861 4726 2934 4795 μὴ
2973 4726 3165 4794 φάγῃς.

2193 4809 2345 4872 Εἶδες
2365 4811 2485 4863 ὅσον
2512 4811 2571 4864 τὸ
2585 4812 2889 4881 ἀνεπαχθὲς
2914 4811 3124 4880 ἔχουσιν
3153 4810 3316 4863 αὐτοῦ
3342 4812 3397 4863 al
3427 4810 3740 4881 νομοθεσίαι
3763 4828 3778 4874 ;

2122 4897 2239 4959 πῶς
2264 4897 2460 4964 κοῦφαι
2499 4898 2591 4950 καὶ¹
2628 4897 2804 4968 ῥᾴδιαι
2833 4899 2887 4950 al
2920 4897 3160 4961 ἐντολαί;
3185 4897 3301 4960 πῶς
3321 4897 3472 4950 οὐδὲν
3493 4898 3632 4967 βαρὺ
3661 4897 3781 4953 οὐδὲ

2122 4985 2375 5054 φορτικὸν
2399 4985 2646 5056 ἐπιζητεῖ
2674 4987 2822 5057 παρὰ
2845 4985 2944 5054 τῆς
2973 4983 3243 5054 ἡμετέρας
3277 4983 3519 5053 φύσεως;
3547 4985 3781 5052 Λέγουσι

2119 5073 2228 5143 γάρ
2253 5091 2393 5136 τινες
2426 5074 2564 5146 βαρύ
2603 5075 2696 5127 καὶ
2739 5071 2935 5140 γεῶδες
2969 5072 3063 5124 καὶ
3101 5071 3375 5123 νοσοποιδν
3413 5066 3555 5124 εἶναι
3580 5072 3642 5125 τὸ
3673 5073 3781 5126 τῶν

2121 5161 2329 5228 ἀλόγων
2356 5158 2514 5232 αἷμα.
2561 5160 2697 5214 Ἀλλ’
2737 5162 2894 5230 ἡμεῖς
2929 5159 3005 5229 μὴ
3040 5157 3106 5210 δι’
3130 5159 3334 5210 ἐκεῖνον
3360 5158 3451 5211 τὸν
3477 5157 3779 5227 φιλοσοφώ-

2119 5263 2272 5318 τερον
2295 5246 2470 5315 λόγον,
2504 5245 2638 5299 ἀλλά
2663 5245 2751 5299 διά
2779 5243 2875 5314 τήν
2903 5243 2996 5296 τοῦ
3027 5243 3293 5295 Δεσπότου
3337 5242 3660 5312 νομοθεσίαν
3682 5243 3782 5314 τήν

2120 5333 2360 5403 φυλακὴν
2410 5333 2694 5401 ὀφείλομεν
2743 5328 3135 5384 ἐκδείκνυσθαι.
3198 5326 3324 5382 Εἶτα
3383 5329 3468 5381 ἵνα
3519 5329 3781 5400 μάθωμεν

2119 5423 2360 5493 ἀκριϐῶς
2389 5421 2532 5480 τινος
2561 5420 2744 5472 ἕνεκεν
2774 5419 3040 5489 τοσαύτην
3072 5416 3274 5487 ταύτης
3302 5420 3401 5488 τῆς
3429 5417 3649 5488 ἐντολῆς
3680 5417 3782 5488 τήν

2119 5509 2402 5579 ἀκρίϐειαν
2433 5509 2744 5577 ἐποιήσατο,
2779 5506 2872 5559 καὶ
2912 5507 2993 5559 ὅτι
3036 5502 3398 5574 ἀναχαιτίζων
3431 5504 3538 5556 τῶν
3569 5504 3781 5576 ἀνθρὼ-

2121 5614 2236 5650 πων
2266 5597 2363 5668 τὴν
2393 5594 2617 5665 φονικὴν
2645 5592 2867 5664 γνώμην
2895 5593 3079 5664 φησὶν,
3122 5590 3309 5660 Ὑμεῖς
3344 5589 3414 5642 δὲ
3441 5589 3778 5655 αὐξάνεεθε

2181 5724 2204 5752 ⁸
2232 5721 2378 5770 SaviI.
2417 5719 2687 5782 ἀφορίσατε.
2756 5719 2783 5760 b
2819 5717 3022 5769 Plurimi
3046 5731 3160 5768 mss.
3183 5713 3531 5779 διαπράττεται.
