4116 6196
369 289 479 345 945

371 419 493 455 nrm
520 404 675 457 affert
699 401 848 473 justo
873 419 888 456 :
919 401 1028 456 imo
1048 417 1153 456 non
1177 401 1323 472 justo
1350 410 1554 457 tantum
1575 444 1590 468 ,
1618 403 1712 458 sed
1752 417 1806 458 et
1837 420 1958 473 pro-

372 505 490 561 pter
515 508 667 547 suam
697 493 988 548 bonitatem
1014 492 1176 546 etiam
1204 493 1455 546 universo
1479 492 1752 546 hominum
1775 495 1956 562 generi

368 593 489 654 post
517 585 663 637 illum
693 582 892 636 futuro.
917 581 1201 651 Namquod
1224 581 1371 645 dicit,
1403 580 1524 635 Non
1546 583 1785 651 adjiciam
1805 584 1960 651 igitur

367 684 425 726 ut
451 674 729 740 percutiam
753 688 950 725 omnem
984 688 1186 724 carnem
1227 673 1496 736 viventem,
1529 681 1582 725 ct
1610 671 1748 740 quod
1782 673 1948 735 addit,

367 765 514 820 Sicut
545 765 661 836 feci,
699 765 823 818 item
854 762 1004 828 illud,
1043 761 1288 816 Omnibus
1312 763 1504 827 diebus,
1538 763 1772 816 declarat
1802 764 1955 816 nobis

365 867 472 907 non
502 855 636 908 ultra
665 855 769 908 tale
788 853 1042 908 diluvium
1070 861 1351 906 venturum
1375 866 1516 917 esse,
1552 868 1725 922 neque
1753 863 1950 904 tantum

365 944 654 1012 perniciem
675 959 924 1014 umquam
940 952 1108 996 totum
1125 943 1307 996 orbcnt
1329 943 1628 996 invasuram
1643 956 1762 996 esse
1805 943 1952 996 lleitt-

363 1033 431 1087 de
443 1033 600 1087 etiam
620 1033 814 1088 indicat
831 1032 1190 1088 beneficentiae
1202 1045 1311 1086 sure
1329 1034 1728 1102 perpetuitatem
1749 1050 1760 1084 :
1782 1033 1950 1087 Omni-

363 1125 472 1187 bus,
490 1125 677 1194 inquit,
697 1126 891 1191 diebus,
922 1126 1023 1179 hoc
1039 1134 1121 1178 est
1140 1143 1152 1176 :
1179 1125 1231 1178 In
1254 1140 1410 1179 omne
1427 1126 1676 1180 saeculum
1698 1128 1947 1194 promitto

363 1232 450 1270 tne
479 1231 583 1270 non
615 1217 952 1270 inducturum
983 1217 1284 1282 hujusmodi
1315 1217 1748 1286 indignationem,
1772 1233 1944 1286 neque

361 1307 619 1360 facturum
667 1318 864 1360 tantam
912 1308 1278 1361 confusionem
1327 1323 1423 1361 ncc
1459 1307 1521 1360 'in
1573 1317 1941 1376 tempestatum

360 1397 589 1461 ratione,
623 1413 721 1451 nec
747 1399 798 1451 in
842 1398 1225 1452 elementorum
1271 1399 1398 1451 situ.
1440 1397 1562 1452 Ideo
1601 1399 1810 1452 subdit:
1841 1401 1940 1453 Se--

358 1488 538 1540 mentis
583 1498 629 1542 et
677 1490 870 1554 messis,
902 1490 1064 1559 frigus
1110 1499 1158 1542 ct
1201 1501 1371 1553 wstus,
1401 1499 1549 1542 testas
1587 1499 1633 1542 et
1662 1505 1745 1543 ver
1773 1491 1853 1543 die
1881 1507 1940 1542 ac

355 1589 502 1631 nocte
527 1594 627 1631 non
655 1579 983 1648 requiescent.
1017 1577 1328 1643 lmmobilis,
1359 1578 1548 1647 inquit,
1577 1584 1678 1632 erit
1707 1579 1819 1633 haec
1845 1596 1936 1633 or-

353 1671 560 1724 dinatio
607 1687 621 1724 :
670 1681 808 1725 terra
854 1687 1142 1741 numquam
1186 1671 1395 1726 desinet
1432 1671 1774 1740 suppeditare
1817 1689 1936 1740 quae

353 1759 627 1814 hominum
653 1761 837 1831 generi
867 1762 1188 1825 necessaria,
1219 1777 1390 1830 neque
1425 1762 1654 1816 cessabit
1697 1762 1937 1830 proferre

351 1851 592 1906 laborum
635 1861 689 1907 et
731 1853 1068 1922 agriculturae
1099 1854 1337 1922 przeinia,
1369 1869 1540 1918 neque
1584 1854 1708 1906 anni
1756 1864 1937 1922 partes

349 1941 472 1995 aliis
517 1944 953 1996 conversionibus
999 1943 1391 1996 mutabuntur:
1436 1943 1529 1996 sed
1574 1951 1628 1996 et
1679 1943 1841 2012 frigus
1881 1953 1935 1997 et

349 2032 519 2095 calor,
551 2042 606 2085 et
647 2043 805 2086 aestas
846 2043 901 2086 et
946 2048 1040 2087 ver
1091 2035 1141 2086 in
1191 2049 1510 2102 unoquoque
1559 2034 1682 2086 anni
1731 2034 1932 2089 circulo

349 2130 528 2176 erunt.
557 2121 686 2176 Nam
732 2125 853 2193 quia
902 2140 995 2193 per
1043 2125 1230 2179 diluvii
1277 2137 1483 2194 tempus
1537 2125 1635 2179 fttit
1688 2125 1930 2181 confusio

347 2214 591 2282 quzedam
636 2216 798 2270 totius
841 2217 993 2271 istius
1025 2218 1246 2282 ordinis,
1275 2227 1330 2271 et
1363 2218 1540 2286 justus
1581 2217 1668 2271 ille
1707 2218 1758 2270 in
1805 2233 1926 2272 arca

346 2313 464 2359 eiat
485 2315 595 2359 toto
624 2305 716 2359 illo
740 2315 978 2375 tempore
997 2307 1146 2377 quasi
1176 2310 1421 2362 continua
1450 2316 1624 2371 nocte,
1646 2307 1768 2362 ideo
1789 2325 1927 2362 nunc

345 2397 512 2466 inquit
543 2415 556 2451 :
588 2397 770 2468 Neque
800 2415 926 2464 nox,
946 2415 1122 2468 neque
1150 2400 1265 2454 dies
1295 2416 1450 2454 suum
1479 2402 1781 2470 relinquent
1805 2418 1925 2455 eur-

341 2500 484 2552 sum,
503 2487 596 2541 sed
628 2503 795 2558 usque
813 2489 877 2542 ad
905 2491 1085 2543 saeculi
1108 2491 1620 2544 consummationem
1647 2491 1922 2544 innuotum

341 2574 555 2630 illorum
587 2579 918 2646 permanebit
945 2579 1321 2633 ministerium.
1346 2579 1532 2634 Vidisti
1553 2579 1766 2650 dignam
1797 2596 1925 2635 con-

339 2667 680 2733 solationem,
712 2685 830 2738 qua:
871 2671 1040 2739 potuit
1060 2670 1189 2740 justi
1215 2671 1449 2724 animum
1475 2672 1718 2740 erigere?
1748 2672 1920 2726 vidisti

337 2759 548 2826 qualem
589 2761 996 2816 retributionem
1040 2763 1304 2832 acceperit
1327 2762 1464 2831 .justi
1508 2763 1780 2829 probitas?
1815 2764 1920 2818 Sed

335 2859 392 2903 et
419 2865 482 2903 cx
513 2852 860 2919 sequentibus
885 2852 1076 2907 iterum
1115 2853 1237 2907 audi
1283 2852 1599 2906 ineffabilem
1630 2853 1920 2906 liberalita-

336 2949 463 2993 teut.
487 2942 537 2995 1.
560 2941 707 3011 (Cap.
727 2941 779 3011 9)
803 2942 868 2996 Et
891 2942 1162 3004 benedixit,
1181 2942 1368 3012 inquit,
1389 2941 1522 2995 Deus
1550 2942 1684 3006 Noe,
1715 2953 1761 2995 et
1785 2945 1919 3011 ﬁlios

332 3030 488 3084 illius.
536 3030 599 3084 Et
639 3033 765 3086 dixit
803 3035 873 3087 eis
909 3049 928 3086 :
967 3033 1020 3086 2.
1051 3032 1268 3088 Crescite
1311 3043 1357 3088 et
1402 3034 1842 3104 multiplicamini,
1871 3047 1918 3089 et

331 3120 534 3189 implete
561 3132 762 3184 terram,
801 3132 848 3176 et
882 3124 1213 3177 dominamini
1245 3125 1310 3177 ei.
1352 3122 1420 3177 Et
1456 3134 1644 3178 tremor
1674 3126 1920 3194 timorque

339 3211 488 3262 vestri
512 3211 603 3263 erit
621 3229 773 3279 super
799 3229 968 3265 ontnes
996 3213 1176 3266 bestias
1200 3223 1364 3278 terrm,
1389 3223 1434 3266 et
1457 3231 1610 3283 super
1635 3231 1806 3268 onmes
1831 3232 1916 3268 vo-

337 3297 502 3352 lucres
528 3301 656 3364 cwli,
676 3313 720 3353 et
749 3319 899 3370 super
920 3305 1094 3356 omnia
1110 3319 1224 3372 qua!
1252 3313 1510 3356 moventur
1532 3319 1684 3371 super
1707 3313 1913 3369 terram,

330 3400 378 3442 et
412 3407 563 3457 super
605 3408 777 3445 omnes
803 3394 965 3460 pisces
1011 3395 1164 3445 maris
1193 3408 1211 3446 :
1237 3395 1289 3446 in
1317 3410 1495 3446 manus
1530 3405 1716 3447 vestras
1744 3396 1916 3448 omnia

329 3479 467 3535 dedi.
497 3481 548 3535 5.
582 3480 646 3533 Et
673 3499 818 3534 onme
852 3484 1048 3550 reptile,
1076 3484 1212 3550 quod
1241 3493 1312 3536 est
1353 3485 1537 3548 vivens,
1567 3484 1703 3538 vobis
1740 3485 1832 3538 erit
1862 3487 1915 3540 in

329 3571 516 3624 cibum.
551 3573 710 3638 Quasi
730 3574 868 3626 olera
909 3576 1176 3626 herbarum
1201 3575 1318 3626 dedi
1338 3576 1473 3628 vobis
1499 3576 1686 3628 omnia.
1717 3576 1771 3629 4.
1815 3575 1912 3630 Ve-

329 3669 612 3714 rumtamen
655 3679 857 3715 carnem
907 3664 959 3716 in
1003 3665 1246 3733 sanguine
1287 3665 1470 3717 anima:
1519 3681 1581 3718 ne
1621 3667 1909 3720 comedatis.

330 3751 556 3822 Dignum
585 3762 668 3806 est
716 3762 772 3806 ut
817 3752 902 3807 hic
948 3754 1276 3809 admiremur
1301 3755 1650 3812 excellentem
1706 3757 1910 3813 Domini

329 3842 644 3897 bonitatem.
676 3841 810 3896 Vide
830 3843 970 3898 enim
995 3845 1082 3898 hic
1101 3844 1368 3914 quomodo
1388 3845 1564 3914 justus
1604 3847 1692 3902 ille
1722 3849 1908 3902 iterum

325 3933 570 3986 eamdem
590 3933 1011 3988 benedictionem
1028 3936 1390 4004 consequitur,
1405 3952 1560 4005 quam
1578 3937 1702 3990 olim
1719 3939 1908 4008 Adam,

325 4033 380 4078 et
422 4033 662 4092 ereptum
701 4034 977 4094 recuperat
1021 4026 1370 4095 principatum
1416 4029 1613 4083 virtute
1655 4044 1770 4093 sua,
1804 4030 1910 4083 inm

326 4113 578 4169 inelTabili
603 4113 809 4169 Domini
830 4116 1134 4170 clementia.
1156 4115 1288 4170 Nam
1311 4117 1448 4172 sicut
1469 4118 1537 4172 de
1561 4119 1652 4172 illo
1677 4120 1906 4186 dieehat,

324 4204 544 4258 Crescite
567 4215 614 4258 et
648 4206 1074 4274 multiplicamini,
1109 4217 1156 4260 et
1185 4208 1517 4262 dominamini
1543 4220 1709 4273 terrm,
1741 4220 1787 4263 et
1811 4212 1909 4262 im—

324 4309 494 4364 perate
519 4299 739 4366 piscibus
769 4300 941 4360 maris,
965 4309 1010 4350 et
1046 4299 1326 4368 reptilibus,
1359 4310 1404 4353 et
1427 4301 1732 4362 volatilibus,
1755 4313 1801 4354 et
1828 4307 1908 4371 [e-

325 4388 394 4439 ris
425 4387 579 4456 (Gen.
609 4389 660 4442 1.
689 4388 780 4456 28)
814 4407 827 4440 :
870 4389 948 4443 sic
975 4405 1114 4443 nunc
1143 4389 1348 4458 inquit:
1385 4388 1447 4442 Et
1475 4399 1661 4442 tremor
1686 4401 1732 4443 et
1760 4393 1910 4444 timor

323 4479 470 4529 vestri
495 4477 588 4529 erit
611 4495 762 4546 super
786 4495 958 4532 onmes
977 4479 1159 4530 bestias
1181 4488 1347 4540 ιιι-τω.
1375 4490 1423 4532 et
1449 4495 1602 4547 super
1627 4496 1797 4533 omnes
1824 4498 1907 4534 ro-

322 4567 500 4621 lucn's.
535 4567 600 4620 Et
625 4585 772 4621 omne
796 4569 975 4635 reptile
1001 4571 1138 4637 quod
1161 4578 1232 4622 est
1265 4569 1451 4634 vivens,
1475 4571 1609 4622 vobis
1631 4572 1724 4622 erit
1759 4573 1809 4622 in
1830 4572 1905 4622 ci-

320 4660 456 4711 bum.
507 4661 664 4726 Quasi
702 4660 840 4715 olera
871 4660 1139 4715 herbarum
1164 4661 1278 4714 dedi
1307 4661 1440 4714 vobis
1465 4663 1651 4714 omnia.
1695 4661 1906 4715 Verum-

317 4761 485 4803 tamen
511 4768 711 4806 carnem
731 4753 783 4806 in
802 4753 1048 4822 sanguine
1070 4767 1256 4805 anima:
1278 4768 1339 4806 ne
1361 4755 1655 4807 comedetis.
1677 4755 1906 4808 Attende

317 4843 560 4897 c.-tntlctn
593 4845 849 4914 regulam,
881 4845 1039 4899 aliter
1066 4845 1380 4898 servandam
1423 4855 1597 4899 tamen
1637 4860 1756 4898 eam
1783 4861 1902 4913 quae

320 4936 492 5004 primo
519 4935 718 4991 homini
752 4938 874 4992 data
898 4936 1015 4992 fuit.
1032 4938 1180 4992 Sicut
1203 4938 1345 4993 enim
1375 4949 1520 5000 tunc,
1550 4947 1826 5007 postquam
1854 4937 1902 4991 ei

319 5027 572 5082 traditum
600 5038 683 5082 est
711 5029 1004 5083 dominium
1036 5029 1091 5083 in
1120 5029 1319 5092 omnia,
1349 5037 1407 5081 ut
1446 5029 1546 5082 frui
1578 5037 1756 5096 posset
1783 5043 1902 5082 om-

316 5117 472 5171 nibus
514 5134 633 5188 qua:
669 5129 824 5173 erant
869 5120 920 5174 in
970 5121 1235 5189 paradiso,
1281 5120 1546 5172 abstinere
1591 5129 1794 5172 tantum
1838 5120 1906 5172 ab

317 5212 476 5265 unico
497 5213 640 5282 ligno
659 5213 838 5281 jussus
861 5224 944 5267 est
965 5232 977 5267 :
1002 5214 1072 5267 ita
1103 5222 1158 5266 ct
1189 5213 1271 5265 hic
1304 5221 1420 5280 post
1450 5210 1900 5275 benedicthmcm,

314 5313 370 5356 et
401 5313 679 5372 postquam
710 5305 960 5358 terribilis
994 5305 1163 5358 factus
1192 5315 1272 5358 est
1305 5303 1508 5367 bestiis,
1536 5312 1588 5355 et
1617 5302 1717 5354 sub
1743 5318 1902 5355 manu

313 5395 434 5462 eius
475 5395 659 5464 posita:
703 5406 826 5450 sunt
854 5413 979 5452 aves
1003 5407 1056 5452 et
1084 5395 1336 5459 volatilia,
1371 5395 1539 5464 inquit
1569 5411 1581 5446 :
1618 5393 1778 5446 Omne
1820 5410 1901 5447 rc-

315 5490 438 5557 ptile
467 5488 630 5541 vivens
656 5490 789 5542 vobis
816 5491 908 5543 erit
930 5492 981 5542 in
1007 5491 1168 5542 cibum
1192 5498 1278 5541 :ut
1306 5488 1443 5541 olera
1470 5486 1737 5540 herbarum
1764 5487 1901 5540 vobis

313 5579 431 5631 dedi
459 5581 649 5634 omnia.
690 5580 824 5636 llinc
853 5581 1058 5635 initiqu
1087 5579 1302 5633 ductum
1328 5588 1408 5632 est
1432 5577 1757 5631 edcndarum
1789 5587 1903 5629 ear-

313 5672 462 5731 nium
494 5690 507 5726 :
538 5689 642 5727 non
675 5683 729 5728 ut
757 5674 902 5743 ipsos
926 5672 992 5724 ad
1024 5672 1221 5725 ventris
1253 5670 1540 5739 ingluviem
1568 5681 1714 5740 paret
1743 5678 1795 5723 rt
1825 5670 1901 5722 in-

1393 287 1458 342 IN
1498 287 1648 344 CAP.
1690 288 1776 342 IX.
1818 289 2054 346 GENES.
2101 293 2328 351 1101111..
2372 297 2583 353 XXVII.

3535 307 3642 363 2w

2068 416 2258 472 struat,
2287 409 2379 463 sed
2403 412 2524 480 quia
2555 427 2618 466 ex
2661 412 2790 482 ipsis
2817 411 3060 470 homines
3092 427 3245 472 erant
3269 419 3641 486 sacrificaturi,

2064 505 2116 550 et
2149 497 2258 551 Deo
2285 501 2483 565 gratias
2507 501 2695 566 acturi,
2729 511 2785 554 ut
2814 518 2880 557 ne
2922 505 3225 560 viderentur
3248 509 3396 576 quasi
3441 525 3470 562 a
3512 529 3639 563 con-

2062 587 2284 640 seemtis
2307 590 2576 644 abstinere
2607 606 2622 643 :
2667 591 2866 645 idcirco
2890 593 3080 647 edendi
3119 597 3415 652 facultatem
3445 613 3635 657 conce-

2061 673 2141 727 dit
2177 687 2232 728 et
2270 677 2489 730 multam
2519 678 2610 732 dat
2637 679 2815 732 utendi
2859 681 3143 736 licentiam.
3175 684 3334 749 Quasi
3361 687 3499 738 olera
3531 691 3643 742 her-

2061 763 2238 817 barum
2285 763 2422 819 vobis
2468 769 2584 819 dedi
2636 769 2804 820 omnia
2861 768 3012 839 (Gen.
3064 771 3118 822 2.
3173 773 3280 842 l7).
3326 774 3456 828 Dein
3503 777 3642 831 sicut

2060 855 2228 907 Adam
2258 856 2466 909 exteris
2495 857 2676 912 fruens
2702 859 2876 928 lignis,
2905 859 3086 926 Ῑιιςμιιδ
3115 872 3196 914 est
3232 864 3300 915 ab
3345 880 3448 917 uno
3477 869 3638 920 absti-

2059 958 2186 997 nere
2220 960 2233 996 :
2267 944 2335 998 ita
2385 944 2469 998 hic
2510 946 2706 1001 dictum
2751 959 2850 1012 est,
2881 964 3001 1002 cum
3054 951 3126 1003 illi
3156 953 3330 1004 otnnia
3375 955 3439 1007 ad
3485 972 3636 1012 esum

2056 1031 2222 1087 libere
2245 1036 2500 1089 sumenda
2533 1039 2787 1106 permissa
2819 1050 3030 1093 essent:
3059 1041 3109 1094 4.
3157 1041 3500 1098 Verumtamen
3525 1063 3640 1099 car-

2053 1138 2164 1175 nem
2195 1125 2245 1177 in
2273 1128 2518 1196 sanguine
2540 1130 2723 1182 anima:
2746 1147 2807 1183 ne
2826 1132 3116 1183 comedatis.
3159 1133 3293 1196 Quid
3324 1144 3405 1188 est
3433 1152 3558 1190 caro
3581 1139 3632 1192 itt

2050 1215 2306 1283 sanguine
2348 1217 2576 1270 auimw?
2626 1219 2737 1273 lloc
2777 1233 2879 1285 est,
2909 1224 3245 1276 Sutl'ucatutn.
3297 1225 3440 1280 Bruti
3485 1229 3628 1282 enim

2048 1308 2223 1360 anima
2253 1309 2468 1376 sanguis
2489 1319 2588 1362 est.

2119 1396 2172 1448 5.
2213 1396 2345 1461 Quia
2373 1399 2530 1466 igitur
2549 1400 2804 1453 sacrificia
2850 1402 3131 1468 perfreturi
3159 1414 3311 1456 erant
3339 1420 3402 1457 ex
3442 1406 3628 1467 brutis.

2049 1483 2149 1537 hoc
2179 1483 2289 1538 fere
2316 1487 2476 1540 modo
2508 1488 2661 1540 docet
2691 1489 2827 1553 illos,
2857 1489 3072 1544 dicens:
3104 1493 3236 1555 Quia
3264 1495 3480 1562 sanguis
3501 1498 3627 1547 nnhi

2043 1587 2348 1644 segregatus
2386 1589 2490 1643 est,
2521 1579 2672 1632 vobis
2695 1595 2838 1632 caro.
2883 1580 2994 1634 lloc
3021 1591 3200 1636 autem
3243 1582 3365 1637 ideo
3394 1582 3538 1649 facit,
3569 1596 3625 1639 ut

2045 1666 2228 1733 primis
2259 1667 2362 1720 illis
2405 1668 2731 1736 temporibus
2772 1670 3085 1738 comprimat
3117 1671 3327 1725 illorum
3372 1674 3625 1742 impetum

2041 1765 2090 1808 et
2123 1757 2532 1825 propensionem
2559 1759 2624 1811 ad
2672 1758 2976 1813 homicidia.
3027 1760 3088 1814 Et
3123 1763 3262 1830 quod
3309 1761 3412 1817 hoc
3436 1765 3506 1818 sit
3529 1781 3623 1821 ve-

2041 1863 2181 1913 rum,
2216 1864 2406 1917 netnpe
2445 1850 2585 1918 quod
2619 1852 2739 1905 hinc
2770 1866 2864 1904 eos
2904 1854 3069 1922 magis
3112 1853 3226 1921 pios
3267 1855 3488 1911 reddi-re
3529 1872 3626 1911 vo-

2040 1939 2216 2003 luerit,
2242 1941 2365 1994 audi
2397 1956 2514 2009 qua:
2554 1951 2870 2010 sequuntur.
2911 1942 2965 1996 5.
3015 1941 3216 1996 Etenim
3263 1957 3475 1998 vestrum
3503 1964 3628 2001 san-

2035 2031 2253 2099 guinem,
2306 2031 2502 2100 inquit,
2549 2031 2832 2084 animarum
2872 2043 3167 2096 vestrarum,
3200 2038 3460 2104 exquirant
3503 2055 3616 2092 eum

2035 2121 2098 2172 de
2122 2137 2274 2173 manu
2315 2123 2537 2174 omnium
2566 2121 2851 2181 bestiarum.
2887 2121 2956 2174 Et
2983 2124 3045 2176 tle
3071 2140 3224 2176 manu
3268 2127 3484 2180 hominis
3513 2131 3618 2198 [ra-

2035 2210 2125 2262 tris
2165 2211 2421 2278 exquiram
2461 2211 2681 2263 animam
2711 2211 2945 2265 hominis.
2993 2212 3130 2280 Quid
3170 2217 3334 2282 ergo?
3375 2217 3620 2272 anituane

2035 2300 2268 2354 hominis
2307 2302 2523 2370 sanguis
2553 2304 2672 2355 est”!
2711 2301 2827 2356 Non
2870 2303 2971 2356 hoc
2999 2304 3151 2369 dicit,
3178 2305 3348 2358 absit:
3380 2307 3472 2360 sed
3516 2306 3615 2360 hu-

2033 2405 2188 2443 mana
2225 2391 2608 2444 consuetudine
2639 2406 2767 2444 usus
2791 2403 2892 2457 est,
2922 2408 2986 2446 ac
3009 2395 3052 2446 si
3080 2395 3199 2462 quis
3237 2395 3380 2449 dicat
3420 2397 3614 2453 alicui:

2029 2481 2348 2549 Sanguinem
2396 2491 2544 2533 tuum
2590 2491 2741 2549 porto
2785 2482 2838 2535 in
2882 2485 3125 2538 manibus
3171 2485 3304 2540 meis
3336 2505 3347 2538 :
3381 2488 3479 2540 hoc
3503 2497 3606 2549 est,

2032 2583 2347 2641 potestatem
2378 2573 2549 2628 habeo
2595 2575 2942 2629 interliciendi
2973 2563 3048 2630 te.
3092 2575 3221 2630 Nam
3251 2579 3390 2646 quod
3433 2580 3612 2632 anima

2030 2665 2261 2720 hominis
2303 2681 2408 2719 non
2450 2666 2519 2720 sit
2560 2669 2794 2734 sanguis,
2835 2669 2958 2720 audi
2999 2670 3268 2722 Christum
3310 2670 3609 2726 dicentem:

2030 2757 2112 2810 Ne
2137 2757 2402 2808 timueritis
2425 2756 2486 2808 ab
2512 2757 2582 2808 eis
2605 2757 2690 2824 qui
2717 2759 2952 2809 occidunt
2979 2775 3181 2827 corpus,
3196 2762 3415 2812 animmn
3445 2772 3610 2814 autem

2025 2850 2253 2901 occidere
2290 2864 2391 2902 non
2425 2859 2632 2917 possunt
2674 2847 2887 2916 (Matth.
2923 2851 3008 2904 10.
3040 2850 3154 2921 28).
3186 2851 3252 2904 Et
3281 2852 3402 2906 vide
3438 2868 3606 2922 quan-

2026 2949 2132 2994 tam
2177 2939 2576 2994 distinctionem
2626 2938 2832 2994 fecerit.
2883 2943 2937 2995 6.
2987 2941 3087 3007 Qui
3131 2940 3384 3007 e/I'uderit,
3417 2944 3606 3012 inquit,

2022 3030 2320 3100 sanguinem
2346 3029 2581 3091 hontinis,
2617 3045 2709 3098 pro
2749 3032 2994 3099 sanguine
3037 3032 3146 3098 eius
3192 3035 3398 3105 sanguis
3449 3034 3611 3103 ipsius

2021 3119 2309 3186 e/fundetur
2333 3135 2352 3174 :
2376 3121 2495 3190 quia
2521 3121 2570 3172 in
2603 3121 2820 3191 imagine
2845 3121 2938 3175 Dei
2966 3124 3064 3194 feci
3092 3124 3364 3178 hominem.
3398 3125 3609 3193 Cogita,

2021 3211 2267 3275 obsecro,
2299 3220 2556 3280 quantum
2588 3223 2845 3266 terrorem
2877 3211 2976 3266 hoc
3003 3213 3165 3265 verbo
3202 3215 3445 3272 incussit.
3474 3215 3538 3268 Et
3562 3235 3605 3266 si

2021 3304 2162 3372 quod
2182 3303 2422 3373 ejusdem
2446 3313 2647 3358 natura:
2668 3306 2756 3368 all,
2779 3306 2967 3373 inquit,
2992 3322 3095 3358 non
3125 3315 3175 3360 te
3201 3318 3407 3372 avocat,
3433 3324 3605 3376 neque

2020 3408 2050 3447 a
2075 3401 2181 3447 tam
2211 3409 2463 3462 perverso
2477 3403 2668 3447 conatu
2697 3395 2904 3462 repellit
2929 3403 3130 3449 natura:
3148 3398 3486 3450 communio:
3511 3398 3604 3450 sed

2018 3483 2064 3538 si
2092 3484 2558 3538 commiseratione
2597 3483 2828 3537 fraterna
2854 3483 3072 3552 depulsa
3101 3494 3242 3538 tatus
3263 3487 3314 3538 in
3343 3485 3443 3540 hoc
3470 3485 3600 3539 faci-

2020 3591 2120 3631 nus
2150 3574 2473 3645 prorumpis,
2487 3574 2658 3644 cogita
2677 3590 2800 3628 eum
2819 3574 2885 3627 ad
2908 3575 3187 3644 imaginem
3205 3576 3296 3630 Dei
3319 3575 3602 3629 formatum

2019 3680 2158 3730 esse,
2186 3675 2241 3720 et
2267 3665 2477 3735 quantis
2512 3681 2632 3718 cum
2666 3664 2805 3719 Deus
2829 3664 3074 3734 dignatus
3112 3665 3184 3719 sit
3214 3681 3307 3733 pra
3327 3667 3601 3734 rogativis,

2017 3768 2072 3811 et
2097 3756 2237 3826 quod
2282 3757 2426 3811 omni
2470 3766 2712 3810 creatura
2764 3757 3044 3824 praefectus
3086 3757 3176 3820 sit,
3207 3772 3270 3810 ac
3310 3759 3524 3825 quiesce
3570 3776 3600 3811 a

2018 3847 2156 3901 mala
2187 3848 2476 3900 voluntate.
2521 3846 2656 3913 Quid
2685 3861 2812 3916 ergo
2841 3847 2883 3899 si
2942 3846 3252 3900 innumeras
3276 3847 3392 3916 quis
3423 3860 3596 3916 palm-

2019 3939 2152 3992 verit
2178 3939 2374 4002 ca3des,
2407 3947 2461 3991 et
2503 3947 2708 3991 tantum
2739 3938 3012 4006 sanguinis
3041 3936 3306 4002 effuderit,
3335 3939 3604 4006 tpiotuodo

2016 4029 2228 4097 dignam
2253 4027 2400 4082 dabit
2425 4042 2636 4096 plenam
2671 4026 2840 4081 cll'uso
2870 4027 2984 4080 solo
3010 4042 3108 4081 suo
3150 4028 3445 4096 sanguine?
3486 4028 3601 4082 Non

2017 4118 2117 4174 hoc
2159 4118 2469 4182 considera,
2519 4117 2710 4182 homo,
2760 4116 2852 4171 sed
2902 4117 3134 4188 intellige
3175 4133 3295 4171 eum
3345 4119 3448 4172 tale
3493 4134 3600 4172 non

2017 4210 2184 4264 multo
2222 4219 2342 4279 post
2376 4218 2716 4277 accepturum
2758 4223 2952 4276 corpus
3000 4208 3428 4277 incorruptibile.
3460 4209 3599 4276 quod

2017 4303 2210 4371 poterit
2227 4303 2529 4357 continuam
2553 4310 2604 4354 et
2625 4310 2876 4354 teter-nant
2901 4315 3111 4370 ptenatn
3138 4300 3298 4355 ferre.
3321 4299 3448 4354 Illud
3473 4300 3600 4353 item

2016 4394 2306 4464 perpende,
2353 4410 2510 4464 quam
2553 4392 2835 4462 diligenter
2881 4402 3203 4463 praeceptum
3234 4395 3322 4448 sit.
3370 4393 3501 4446 Nam
3531 4393 3602 4447 tle

2016 4485 2254 4548 homine,
2283 4486 2485 4554 inquit,
2533 4483 2610 4539 Ne
2650 4483 2892 4539 effundas
2933 4484 3286 4554 sanguinem:
3327 4484 3394 4537 de.
3435 4485 3606 4538 brutis

2012 4587 2191 4632 autem
2232 4593 2337 4630 non
2367 4577 2522 4640 dixit,
2554 4575 2631 4630 Nc
2661 4575 2924 4640 efl‘undas,
2955 4576 3071 4638 sed,
3115 4575 3463 4628 Verumtamen
3487 4593 3601 4628 car-

2013 4685 2128 4722 nem
2155 4668 2208 4720 in
2234 4667 2480 4737 sanguine
2507 4667 2692 4718 animi:
2738 4681 2800 4717 ne
2844 4665 3138 4717 comedatis.
3186 4663 3299 4718 Illic
3341 4665 3491 4728 dicit,
3522 4663 3601 4718 Ne

2011 4759 2291 4820 eﬂ'undas;
2327 4758 2432 4822 hic,
2470 4755 2547 4809 Ne
2577 4754 2849 4808 comrdas.

2083 4850 2187 4904 Cur
2216 4864 2330 4903 esus
2354 4847 2615 4915 sanguinis
2643 4846 2841 4897 vetitus.
2863 4871 2932 4882 —
2951 4842 3112 4896 Vides
3137 4858 3296 4910 quam
3328 4841 3457 4894 nihil
3479 4857 3596 4895 mo-

2011 4940 2200 4994 lestum
2236 4939 2466 4992 habeant
2491 4935 2610 5000 eius
2642 4932 2828 5003 leges?
2866 4932 3138 5002 quomodo
3181 4933 3310 4986 levia
3339 4941 3393 4984 et
3425 4931 3596 4985 facilia

2010 5029 2295 5085 mandata?
2335 5024 2606 5097 quomodo
2645 5024 2773 5078 nihil
2801 5038 2963 5094 grave
2991 5039 3162 5093 neque
3202 5039 3485 5077 onerosum
3516 5038 3594 5077 rc-

2009 5121 2170 5192 quirit
2191 5134 2220 5173 a
2242 5129 2423 5172 nostra
2454 5117 2681 5170 natura?
2714 5113 2898 5169 Dicunt
2929 5115 3070 5169 enim
3097 5114 3277 5183 aliqui,
3314 5112 3590 5167 hrutortnn

2009 5212 2344 5281 sanguinem,
2375 5223 2611 5280 gravem,
2660 5217 2989 5269 terrestrem,
3030 5218 3080 5260 ct
3114 5209 3400 5260 multarum
3432 5208 3588 5274 a-gri-

2011 5302 2250 5356 tudinum
2301 5316 2514 5356 causam
2567 5316 2578 5351 :
2631 5309 2686 5353 at
2728 5314 2825 5352 nos
2862 5315 2965 5350 nun
3021 5309 3237 5366 propter
3291 5297 3598 5365 pm-dictuut

2009 5409 2311 5449 sermonem
2357 5393 2524 5461 magis
2567 5391 2632 5446 ad
2679 5390 3070 5461 philosophiam
3109 5389 3588 5449 accountinntatnm,

2009 5486 2102 5540 sed
2134 5495 2351 5554 propter
2371 5484 2575 5537 Domini
2600 5481 2904 5535 mandatum
2934 5479 2984 5533 id
3006 5479 3293 5532 observare
3310 5478 3588 5531 debemus.

2013 5575 2212 5631 Deinde
2244 5586 2298 5629 ut
2323 5575 2591 5628 discamus
2618 5586 2784 5640 quare
2806 5582 2910 5623 tam
2943 5569 3224 5639 diligenter
3265 5569 3367 5622 hoc
3396 5583 3599 5637 ιιι-εωθ-

2014 5679 2157 5738 ptum
2197 5666 2400 5727 statuit,
2435 5679 2624 5734 nempe
2669 5672 2722 5716 ut
2750 5659 3025 5716 cohiberet
3069 5658 3344 5715 hominum
3375 5658 3586 5736 sangui-
