4116 6196
398 290 498 347 287

399 403 604 459 uarium
631 399 886 463 animum,
908 395 1072 450 dicit:
1099 395 1152 448 7.
1193 392 1294 446 Vos
1318 400 1482 445 autem
1521 391 1743 454 crescite,
1771 399 1816 444 et
1841 390 1972 443 mut-

399 489 720 560 tiplicamini,
748 496 796 541 et
837 485 1039 554 implete
1082 493 1286 545 terram,
1321 490 1368 535 et
1397 479 1728 534 dominamini
1757 479 1802 532 ei
1825 493 1843 531 :
1873 492 1978 531 non

401 593 621 642 temere,
649 588 704 633 et
743 577 944 646 absque
971 588 1130 630 causa
1167 571 1320 636 dixit,
1356 569 1453 624 Vos
1481 579 1646 622 autem
1664 608 1678 633 ,
1709 567 1802 622 sed
1831 567 1981 637 quasi

401 669 622 732 diceret,
645 667 750 721 Vos
769 667 858 735 qui
883 665 1056 735 pauci,
1080 672 1134 718 et
1159 676 1322 732 parvo
1353 674 1574 713 numero
1597 658 1747 720 estis,
1766 671 1979 710 omnem

406 767 603 812 terram
655 757 892 826 implete,
923 765 976 810 et
1015 751 1360 808 dominamini
1387 751 1434 804 ei
1467 767 1480 802 :
1531 751 1632 803 hoc
1673 757 1774 813 est,
1809 747 1982 802 domi-

404 847 548 900 nium
579 847 788 910 habete,
818 857 872 900 et
917 853 1252 914 potestatem,
1280 851 1334 895 et
1362 839 1611 893 fructum.
1640 838 1792 898 Vide.
1823 839 1980 893 obsc-

405 952 520 1001 cro,
547 937 638 991 Dei
681 937 1076 1006 benignitatem,
1109 933 1375 1004 quomodo
1403 931 1549 1000 prius
1589 945 1776 999 magna
1820 929 1983 984 bene-

413 1030 532 1082 ficia
557 1029 739 1094 donat,
763 1040 817 1082 et
843 1039 967 1082 tunc
994 1028 1204 1080 unicum
1234 1033 1288 1078 et
1315 1024 1428 1078 leve
1454 1023 1757 1077 mandatum
1784 1021 1893 1076 dat.
1923 1021 1988 1075 Et

407 1120 544 1173 sicut
569 1119 796 1186 Adamo,
823 1128 1099 1188 postquam
1126 1115 1393 1170 concessit
1423 1123 1479 1167 ut
1505 1113 1769 1167 habitaret
1799 1113 1850 1166 in
1894 1128 1988 1181 pa-

415 1208 629 1275 radiso,
661 1218 715 1263 et
758 1219 834 1264 tot
862 1225 924 1264 ac
969 1209 1129 1264 tantis
1155 1207 1437 1270 frueretur,
1462 1205 1673 1258 tandem
1719 1204 1986 1274 praecepit,

415 1311 469 1352 ut
509 1301 574 1354 ab
615 1301 771 1355 unico
817 1301 958 1370 ligno
1004 1300 1336 1354 abstineret:
1369 1297 1441 1350 ita
1479 1305 1534 1350 et
1585 1296 1669 1350 hic
1713 1305 1987 1364 postquam

414 1391 655 1459 promisit
683 1406 788 1444 non
815 1393 950 1446 ultra
973 1391 1129 1446 talem
1157 1404 1217 1444 se
1239 1389 1505 1442 illaturqu
1529 1385 1828 1454 generalem
1855 1395 1992 1439 stra-

413 1499 558 1552 gem,
593 1499 764 1553 neque
794 1485 864 1538 ita
907 1499 966 1538 se
995 1483 1404 1552 iudignaturum,
1436 1481 1529 1535 sed
1559 1495 1729 1550 usque
1764 1479 1830 1534 ad
1859 1495 1985 1534 con-

413 1571 823 1625 summationem
880 1571 1065 1625 mundi
1131 1571 1347 1624 immota
1417 1575 1760 1636 pennatisura
1814 1570 1990 1623 omnia

413 1662 711 1724 elementa,
747 1662 818 1714 ita
849 1671 908 1716 ut
949 1677 1175 1732 quaeque
1201 1677 1356 1716 suum
1403 1676 1616 1716 cursum
1661 1671 1715 1717 et
1752 1662 1990 1718 ordinem

416 1753 701 1821 impleant;
730 1762 785 1806 et
811 1761 1089 1822 postquam
1121 1751 1221 1821 ipsi
1251 1751 1672 1806 benedictionem
1714 1762 1837 1806 sunt
1865 1768 1994 1807 con-

417 1843 649 1910 sequuti,
678 1842 962 1911 donatique
1005 1843 1224 1911 pristina
1253 1857 1414 1911 super
1455 1841 1607 1896 bruta
1637 1844 1812 1897 omnia
1842 1853 1995 1913 pote-

417 1940 574 1996 state,
607 1946 670 1986 ac
707 1932 942 1985 carnium
985 1947 1077 1985 esu
1104 1947 1291 1986 secure
1338 1933 1619 2000 permisso,
1650 1942 1772 1986 tunc
1803 1933 1994 2002 inquit,

433 2019 783 2075 Verumtamen
808 2037 1008 2074 carnem
1035 2021 1089 2074 in
1134 2023 1381 2091 sanguine
1407 2027 1591 2077 anima:
1615 2039 1676 2077 ne
1702 2024 1999 2078 cainedatis.

422 2109 608 2163 Vidisti
633 2110 900 2179 quomodo
943 2112 1090 2181 prius
1123 2113 1445 2180 benignitate
1471 2129 1534 2168 ac
1579 2113 1827 2169 inellabili
1859 2115 1997 2168 libe-

422 2201 632 2254 ralitate
685 2202 867 2265 utitur,
921 2212 975 2257 et
1025 2211 1152 2258 tunc
1200 2203 1413 2258 demum
1468 2205 1740 2276 prmcipit?
1790 2205 2000 2259 tametsi

426 2306 708 2360 numquam
756 2292 893 2346 istud
935 2293 1073 2348 inter
1102 2294 1346 2348 homines
1377 2293 1488 2348 fieri
1528 2295 1720 2350 soleat.
1749 2293 2002 2348 Homines

423 2382 563 2434 enim
593 2384 818 2452 primum
846 2385 1026 2438 volunt
1056 2399 1139 2444 ea,
1157 2399 1278 2454 qua:
1309 2385 1642 2453 pratcipiunt,
1669 2399 1832 2453 opere
1857 2398 2004 2437 com-

427 2473 582 2541 pleri,
612 2488 830 2544 eosque,
854 2476 941 2544 qui
972 2475 1219 2529 mandata
1247 2475 1516 2544 excipiunt
1543 2485 1596 2530 et
1617 2484 2000 2545 exsequuntur,

429 2579 672 2633 magnam
697 2565 951 2621 exhibere
981 2567 1427 2632 benevolentiam,
1454 2582 1518 2622 ac
1545 2575 1668 2621 tunc
1696 2569 1874 2636 utique
1913 2583 2006 2620 co-

427 2654 597 2722 gitant
623 2654 690 2710 de
719 2656 1124 2710 remunerandis
1167 2656 1232 2710 iis
1257 2657 1347 2726 qui
1393 2657 1611 2710 multam
1648 2657 2004 2711 obedientiam

429 2757 538 2809 pra:
578 2757 639 2798 se
669 2743 904 2798 tulerint.
933 2743 1128 2799 Contra
1159 2759 1288 2798 vero
1312 2740 1608 2799 communis
1633 2746 1868 2799 omnium
1898 2746 2006 2800 Do-

433 2831 608 2886 minus
640 2849 655 2886 :
686 2833 834 2902 prius
861 2834 1002 2888 enim
1050 2833 1330 2898 benefacit,
1361 2843 1414 2888 et
1441 2835 1776 2890 multitudine
1805 2835 2003 2890 bene“.

433 2924 641 2978 ciorum
673 2934 908 2979 nostram
951 2937 1194 2979 naturam
1223 2925 1290 2978 ad
1311 2941 1370 2980 se
1406 2925 1592 2988 allicit,
1619 2935 1673 2980 et
1699 2934 1880 2994 postea
1906 2925 2010 2980 itu-

431 3025 582 3084 perat
613 3014 784 3069 facilia
811 3026 969 3085 atque
998 3016 1154 3078 levia,
1186 3025 1244 3070 ut
1272 3015 1521 3070 facilitate
1559 3016 1931 3071 mandatorum
1958 3025 2013 3072 et

432 3105 702 3159 beneflciis
720 3107 981 3174 prioribus
991 3105 1224 3170 excitati,
1243 3105 1309 3160 ad
1323 3120 1386 3160 ea
1403 3105 1664 3174 implenda
1679 3106 2008 3162 inducamur.

503 3192 714 3246 Muralis
733 3195 1052 3265 epitogus.—
1067 3193 1143 3248 Ne
1169 3194 1329 3263 igitur
1353 3194 1677 3263 negligentes
1717 3196 1905 3258 simus,
1935 3193 2016 3249 di-

431 3284 574 3350 lecti,
606 3300 776 3352 neque
817 3286 950 3354 pigri
997 3284 1064 3339 ad
1105 3284 1352 3338 mandata
1404 3285 1718 3354 implenda:
1758 3284 2013 3339 beneficia

432 3375 606 3443 priora
621 3375 931 3443 cogitantes,
954 3383 1008 3428 et
1027 3372 1395 3428 mandatorum
1420 3373 1746 3439 facilitatem,
1771 3374 2016 3443 praemio-

431 3480 654 3535 rmnque
685 3475 803 3533 post
829 3463 1044 3534 impleta
1072 3464 1321 3518 mandata
1347 3465 1662 3535 promissam
1691 3465 2010 3536 magnitudi-

433 3572 554 3610 nem
586 3571 602 3610 :
633 3554 728 3610 sed
767 3555 1064 3626 vigilemus,
1114 3565 1169 3611 et
1214 3555 1528 3612 festinemus
1571 3557 1636 3611 ad
1679 3557 2016 3627 exsequenda

436 3645 683 3700 mandata
709 3660 740 3699 a
771 3645 878 3701 Deo
909 3645 1062 3701 nobis
1091 3646 1281 3700 tradita
1312 3665 1326 3702 :
1351 3655 1407 3700 et
1433 3661 1502 3702 ne
1528 3647 1855 3704 dimittamus
1883 3648 2015 3713 vias,

440 3750 574 3804 quas
618 3735 686 3788 ad
715 3735 1086 3805 perficiendam
1126 3737 1423 3790 animarum
1451 3746 1751 3791 nostrarum
1792 3737 2016 3792 salutem

441 3825 896 3896 prmscripsit,sed
927 3837 1165 3896 tempore
1201 3828 1322 3881 vita:
1359 3837 1554 3881 nostra:
1579 3828 1719 3896 quod
1759 3828 2020 3897 reliquum

437 3926 551 3981 cst,
577 3915 710 3970 bene
749 3924 979 3982 utamur,
1010 3927 1063 3973 et
1093 3927 1306 3987 peccata
1341 3917 1636 3982 abluamus,
1676 3925 1732 3972 et
1776 3933 2018 3988 magnam

439 4007 594 4062 nobis
620 4007 864 4064 fiduciam
923 4010 1066 4078 prius
1115 4009 1471 4078 acquiramus.
1500 4009 1837 4078 maximeque
1882 4024 2022 4064 nunc

435 4115 558 4154 cum
587 4099 760 4156 adhuc
781 4101 990 4157 residua
1019 4109 1101 4155 est
1125 4100 1547 4169 Quadragesima:
1578 4115 1717 4168 pars.

514 4192 566 4244 ti.
600 4191 860 4246 Modicum
889 4202 1084 4259 tempus
1107 4191 1286 4260 snﬁicit
1323 4193 1388 4243 ad
1439 4192 1798 4260 paenitendum.
1831 4190 2020 4246 Mentio

447 4281 506 4348 ﬁt
544 4280 607 4332 de
635 4281 962 4350 confessione.
991 4307 1062 4318 ——
1098 4279 1280 4348 Neque
1308 4279 1448 4331 enim
1480 4293 1672 4347 parvus
1709 4289 1792 4334 est
1815 4279 2020 4336 dierum

452 4382 705 4422 numerus
745 4370 832 4437 qui
879 4375 1084 4432 restat,
1125 4369 1168 4420 si
1221 4367 1548 4421 voluerimus
1600 4382 1886 4439 parumper
1933 4385 2020 4425 re-

447 4455 721 4522 sipiscere.
775 4457 886 4510 Hoc
917 4463 1096 4510 autem
1140 4456 1292 4520 dixi,
1343 4471 1446 4509 non
1499 4456 1639 4526 quod
1662 4457 1833 4512 solum
1874 4467 2022 4514 tanto

445 4535 712 4614 temporé'
729 4560 863 4614 Opus
902 4546 1096 4600 habent
1134 4555 1468 4616 peccatorum
1501 4555 1802 4602 nostrorum
1843 4564 2022 4605 corre-

441 4637 571 4702 ctio,
603 4638 696 4692 sed
727 4642 846 4708 quia
867 4638 1145 4692 Dominum
1167 4637 1423 4692 habemus
1447 4637 1763 4694 clementem
1787 4648 1845 4695 et
1869 4641 2020 4695 beni-

444 4743 604 4797 gnum
635 4730 724 4798 qui
754 4745 856 4783 non
900 4729 1097 4798 indiget
1129 4729 1296 4783 multo
1327 4737 1602 4796 tempore;
1629 4731 1673 4786 si
1713 4731 1870 4785 modo
1898 4746 2019 4786 cum

446 4835 640 4892 magno
668 4821 873 4876 fervore
900 4829 953 4875 et
982 4820 1246 4890 vigilantia
1273 4819 1338 4874 ad
1369 4820 1538 4890 ipsum
1564 4822 1899 4887 accedamus,
1930 4838 2018 4877 re-

445 4912 603 4981 jectis
638 4912 981 4966 sa-cularibus
1006 4913 1148 4965 curis
1173 4910 1418 4965 omnibus
1442 4951 1457 4973 ,
1487 4920 1542 4964 et
1569 4925 1800 4980 superno
1824 4911 2020 4965 auxilio

449 5001 580 5055 nixi.
609 4999 738 5054 Nam
781 5009 836 5054 et
876 4999 1120 5053 Ninivita:
1147 5009 1288 5052 tanta
1322 5007 1657 5066 peccatorqu
1685 4998 2021 5054 multitudine

445 5094 710 5163 aggravati
736 5132 753 5158 ,
801 5092 922 5160 quia
949 5105 1192 5160 magnam
1217 5098 1272 5144 et
1296 5104 1474 5143 veram
1508 5090 1872 5158 pmnitentiam
1894 5105 2019 5159 ege-

449 5194 572 5237 runt
621 5181 788 5246 (Ion.
821 5181 1004 5249 5.10)
1037 5221 1052 5245 ,
1085 5196 1189 5235 non
1232 5195 1366 5249 opus
1410 5180 1707 5234 habuerunt
1761 5181 2020 5248 ampliore

448 5291 607 5343 quam
629 5275 784 5327 trium
801 5273 1004 5326 dierum
1034 5281 1272 5342 tempore
1295 5272 1360 5326 ad
1393 5273 1778 5340 provocandam
1808 5271 1900 5325 Dei
1928 5271 2021 5326 bu-

448 5364 686 5428 nitatem,
718 5372 774 5418 et
796 5363 998 5417 irritam
1024 5361 1368 5423 reddendam,
1393 5376 1512 5430 quae
1535 5361 1814 5415 adversum
1839 5375 1898 5414 se
1919 5361 2022 5415 lata

451 5463 565 5509 erat
588 5494 603 5518 ,
635 5453 975 5508 sententiam.
1008 5453 1072 5506 Et
1099 5453 1223 5522 quid
1254 5451 1376 5505 dico
1408 5492 1422 5516 ,
1459 5450 1706 5505 Ninivita:
1731 5452 1755 5504 ‘!
1784 5450 1942 5505 Latro
1971 5452 2022 5506 in

453 5560 610 5599 cruce
638 5560 811 5614 neque
840 5561 947 5598 uno
969 5545 1053 5598 die
1079 5559 1210 5612 opus
1231 5543 1432 5598 habuit.
1479 5543 1544 5597 Et
1569 5543 1693 5614 quid
1733 5543 1854 5598 dico
1886 5585 1902 5608 ,
1933 5543 2024 5600 die

456 5649 568 5689 uno
579 5635 602 5686 ’ἐ
620 5630 804 5703 Ncque
819 5632 965 5690 brevi
981 5634 1134 5694 hora.
1159 5635 1333 5692 Tanta
1381 5645 1461 5691 est
1491 5637 1578 5692 Dei
1607 5652 1731 5708 erga
1753 5650 1850 5693 nos
1876 5635 2026 5694 beni-

1135 282 1191 338 S.
1233 279 1510 336 JOANNIS
1544 274 2016 335 CIlilYSOSTOHl
2058 271 2372 330 ARCRIEP.
2412 269 2946 328 CONS'F'ANTINOP.

2078 386 2281 456 gnitas!
2308 385 2440 440 Nam
2457 385 2545 440 ubi
2570 385 2760 440 viderit
2781 382 3066 438 voluntatis
3090 389 3286 437 nostra
3303 381 3509 436 firmum
3533 397 3650 452 pro.

3543 261 3664 319 2.1!

2085 477 2312 545 positum
2341 515 2362 541 ,
2404 484 2458 529 et
2485 475 2706 530 ferventi
2729 488 2827 528 nos
2849 473 3117 527 desiderio
3143 470 3208 526 ad
3248 487 3308 527 se
3357 471 3610 526 accedere
3637 509 3662 534 ,
3705 518 3707 520 .

2087 582 2195 619 nou
2230 565 2438 627 tardat,
2481 579 2652 634 neque
2689 564 2869 618 differt
2895 582 2907 616 :
2933 563 3025 617 sed
3069 562 3328 617 accelerat
3359 604 3375 628 ,
3403 577 3661 631 suamque

2086 659 2292 709 solitam
2323 656 2691 710 liberalitatem
2719 654 3000 719 exhibens,
3029 654 3191 708 dicit:
3225 652 3403 707 Adhuc
3431 653 3664 722 loquente

2089 756 2134 799 :e
2153 746 2318 798 dicam
2349 760 2368 798 :
2392 744 2519 798 Ecce
2546 744 2725 796 adsum
2743 742 2894 814 (lsai.
2917 742 3006 798 58'.
3037 743 3115 812 9).

2159 832 2340 905 itaque
2365 834 2706 888 cxauditurus
2729 843 2810 888 est
2833 843 2886 888 et
2907 847 3023 898 nos,
3047 833 3091 886 si
3109 833 3431 888 voluerimus
3453 849 3504 886 in
3533 846 3666 902 pau-
3758 865 3763 869 -

2087 926 2165 982 cis
2186 927 2375 981 diebus
2405 926 2519 979 isﬁs
2561 925 2720 979 studii
2748 925 3018 994 specimen
3046 923 3308 994 quoddam
3338 923 3528 978 aderre
3546 963 3562 986 ,
3608 935 3666 976 et

2085 1017 2270 1084 jejunii
2294 1016 2530 1072 subsidio
2554 1031 2657 1069 non
2679 1016 2844 1080 abuti,
2858 1027 3015 1084 atque
3029 1029 3248 1070 excussa
3270 1014 3511 1069 socordia
3529 1030 3661 1069 coa-

2091 1105 2252 1159 tinnis
2271 1105 2513 1173 precibus
2531 1105 2738 1173 placare
2756 1105 3036 1158 Dominum
3053 1144 3068 1170 ,
3095 1104 3321 1158 fervidus
3343 1103 3662 1172 profundere

2093 1195 2372 1266 lacrymas,
2389 1194 2576 1248 delicta
2600 1204 2776 1249 nostra
2800 1193 2984 1248 sedqu
3007 1193 3266 1259 confiteri,
3287 1194 3434 1262 quasi
3457 1193 3676 1248 medico-

2095 1300 2388 1354 proponere
2415 1294 2593 1338 nostra
2625 1285 2860 1348 vulnera,
2884 1291 2939 1338 et
2959 1284 3252 1338 animarum
3281 1283 3456 1338 ulcera
3481 1283 3629 1338 decla
3646 1315 3664 1324 -

2095 1392 2214 1431 rare
2241 1419 2255 1440 ,
2283 1393 2383 1432 nec
2409 1378 2641 1447 abjicere
2670 1391 2826 1446 quam
2846 1375 2931 1429 ille
2957 1375 3048 1430 dat
3073 1376 3409 1439 nu-dicinam,
3437 1389 3533 1428 nec
3560 1391 3665 1428 non

2093 1475 2146 1522 et
2173 1468 2275 1522 alia
2313 1483 2431 1537 qua:
2470 1482 2498 1520 a
2538 1467 2689 1521 nobis
2717 1467 3000 1536 exiguntur
3028 1465 3218 1519 afferre
3247 1482 3262 1520 :
3295 1466 3682 1520 contritionem.

2095 1558 2290 1619 cordis.
2313 1559 2773 1626 compunctionem
2801 1572 3001 1621 veram,
3028 1557 3224 1624 largam
3248 1557 3668 1628 eleemosynanr;

2097 1650 2404 1705 affectiones
2430 1665 2547 1720 quze
2578 1659 2808 1704 mentem
2839 1657 3072 1702 nostram
3110 1648 3461 1702 interturbant
3499 1647 3666 1702 refre-

2099 1757 2244 1804 nare,
2271 1750 2324 1796 et
2348 1756 2413 1796 ex
2442 1741 2615 1794 anima
2641 1739 2950 1804 eliminare;
2982 1740 3049 1794 ita
3081 1747 3140 1794 ut
3168 1754 3339 1809 neque
3365 1739 3668 1794 divitiarum

2098 1831 2386 1901 cupiditate
2413 1847 2772 1903 cxpugnemur
2791 1873 2804 1896 ,
2831 1848 3003 1900 neque
3042 1831 3260 1900 injurias
3298 1833 3470 1886 illatas
3493 1833 3670 1886 vindi-

2099 1938 2221 1976 care
2245 1923 2520 1990 cupiamus
2545 1963 2558 1984 .
2584 1937 2755 1991 neque
2785 1921 3046 1975 hostiliter
3076 1922 3126 1974 iu
3167 1921 3463 1990 proximum
3501 1922 3688 1976 affecti

2101 2015 2287 2068 simus.
2313 2013 2456 2068 Nihil
2480 2014 2644 2078 enim,
2674 2013 2802 2066 nihil
2829 2014 3006 2082 utique
3029 2014 3264 2066 omnium
3295 2013 3432 2066 Deus
3463 2013 3532 2067 ita
3565 2012 3679 2066 odit

2101 2114 2154 2158 et
2174 2113 2465 2171 aversatur,
2490 2113 2550 2158 ut
2575 2104 2840 2158 hominem
2865 2104 3077 2158 ultionis
3096 2103 3329 2168 avidum,
3353 2114 3407 2159 et
3427 2104 3477 2158 in
3499 2104 3690 2158 animo.

2103 2208 2200 2247 suo
2228 2204 2507 2262 perpetuas
2534 2192 2788 2247 adversus
2826 2193 3123 2262 proximum
3161 2203 3461 2248 servantem
3501 2195 3681 2248 inimi-

2102 2283 2274 2337 citias.
2300 2281 2530 2338 Tantum
2557 2283 2700 2338 enim
2723 2283 2840 2351 ejus
2865 2283 3064 2351 peccati
3092 2282 3342 2336 damnum
3371 2293 3474 2349 est,
3501 2293 3559 2338 ut
3583 2285 3684 2338 mi-

2105 2373 2449 2428 sericordiam
2493 2375 2586 2429 Dei
2627 2386 2880 2436 revocet,
2927 2390 3026 2429 nec
3068 2375 3241 2430 locum
3286 2375 3482 2430 habere
3517 2379 3679 2431 sinat.

2106 2463 2255 2531 Quod
2285 2473 2344 2518 ut
2367 2465 2570 2530 sciatis,
2595 2465 2950 2534 evangelicam
2981 2465 3133 2520 vobis
3159 2467 3459 2535 parabolam
3485 2469 3684 2536 refero,

2107 2554 2374 2622 quomodo
2404 2553 2494 2609 ille
2522 2554 2706 2608 decem
2747 2555 2968 2609 millium
2999 2555 3316 2611 talentorum
3343 2557 3571 2623 debitor,
3601 2575 3688 2614 re-

2109 2644 2414 2700 missionem
2431 2646 2667 2700 omnium
2683 2662 2712 2699 a
2725 2644 2940 2700 domino
2959 2655 3316 2716 consequutus
3335 2648 3422 2710 sit,
3438 2650 3686 2718 procidit,

2108 2743 2163 2790 et
2192 2736 2384 2790 oravit.
2428 2734 2775 2789 Misericordia
2813 2736 2956 2790 enim
2995 2747 3190 2800 motus,
3225 2738 3426 2807 inquit,
3454 2739 3694 2794 dominus

2111 2825 2219 2894 ejus
2240 2865 2257 2890 ,
2287 2827 2436 2880 etiam
2460 2825 2676 2878 debitum
2703 2827 2749 2879 ei
2774 2827 2962 2880 remisit
2992 2825 3201 2895 (Matth.
3237 2827 3321 2881 18.
3353 2828 3466 2896 27).
3498 2829 3694 2885 Vidisti

2112 2916 2527 2972 misericordiam
2549 2916 2789 2972 domini?
2813 2917 2907 2972 llle
2933 2919 3175 2988 procidit.
3199 2928 3252 2972 et
3280 2921 3479 2989 rogavit
3508 2932 3562 2975 ut
3583 2922 3692 2976 lou-

2111 3006 2228 3075 gius
2256 3005 2356 3061 sibi
2382 3014 2588 3075 tempus
2613 3008 2982 3076 przeflniretur.
3018 3007 3319 3062 Patientiant
3344 3011 3470 3064 habe
3493 3013 3546 3065 iu
3575 3028 3655 3066 me
3672 3055 3694 3080 ,

2115 3095 2314 3165 inquit,
2344 3105 2391 3150 et
2415 3098 2584 3151 antnia
2608 3097 2697 3151 tibi
2717 3099 2945 3152 reddam.
2975 3098 3080 3154 Sed
3109 3099 3279 3154 bonus
3303 3101 3568 3165 dominus,
3600 3103 3692 3156 mi-

2115 3187 2343 3240 sericors
2363 3225 2380 3250 ,
2409 3186 2682 3256 nostrique
2708 3202 2890 3242 curam
2915 3201 3077 3258 agens
3097 3230 3111 3252 ,
3140 3189 3362 3258 supplici
3394 3191 3651 3260 propitius
3673 3233 3696 3258 ,

2117 3294 2221 3332 non
2263 3279 2432 3334 solum
2470 3289 2722 3349 quantum
2753 3281 2927 3350 petiit,
2959 3280 3054 3336 sed
3081 3291 3334 3352 quantum
3368 3295 3436 3337 ne
3463 3284 3695 3353 cogitare

2117 3369 2332 3438 quidem
2372 3385 2532 3424 ausus
2561 3369 2694 3437 fuit,
2725 3371 2889 3427 dedit.
2919 3371 2968 3426 Is
2997 3372 3143 3428 enim
3183 3373 3298 3442 ejus
3341 3389 3456 3428 mos
3489 3383 3606 3436 est,
3638 3385 3696 3429 ut

2120 3459 2331 3522 vincat,
2366 3469 2422 3514 et
2459 3461 2752 3529 pr:eveniat
2790 3462 3071 3531 petitiones
3110 3474 3339 3517 nostras.
3387 3463 3478 3517 Illo
3519 3465 3697 3534 itaque

2119 3558 2306 3605 orante
2332 3558 2392 3604 ut
2414 3551 2750 3607 severitatem
2779 3550 3022 3606 dominus
3052 3553 3344 3609 remitteret
3361 3596 3374 3615 .
3400 3563 3454 3608 et
3479 3554 3696 3623 promit-

2123 3648 2266 3695 tente
2291 3639 2586 3695 soluturum
2615 3656 2674 3696 se
2697 3642 2895 3706 omnia,
2927 3641 3174 3697 dominus
3202 3643 3435 3698 bonitate
3457 3658 3552 3698 sua
3582 3644 3698 3698 vin-

2121 3744 2248 3784 cens
2269 3739 2446 3785 nostra
2471 3729 2684 3796 delicta,
2715 3731 3075 3787 misericordia
3102 3742 3293 3798 motus,
3323 3733 3523 3788 dimisit
3549 3749 3700 3800 eum,

2122 3819 2465 3890 debitumque
2494 3829 2660 3875 t0tum
2685 3821 2734 3876 ei
2759 3821 2980 3876 remisit.
3011 3821 3196 3878 Vidisti
3224 3823 3349 3891 quid
3377 3839 3562 3878 servus
3579 3841 3699 3878 ora-

2123 3911 2278 3976 verit,
2301 3919 2355 3964 et
2373 3920 2623 3980 quantum
2643 3911 2692 3966 ei
2713 3910 2960 3966 dominus
2976 3911 3271 3966 dimiserit?
3293 3913 3419 3968 Vide
3438 3929 3469 3968 e
3489 3914 3706 3970 diverso

2124 4009 2180 4055 et
2218 4001 2358 4056 servi
2399 4002 2731 4056 insolentiam
2763 4019 2777 4056 :
2805 4017 2925 4057 cum
2969 4003 3188 4058 deberet
3225 4005 3366 4058 enim
3409 4004 3700 4061 secundum

2126 4101 2326 4149 tantam
2352 4093 2728 4162 benignitatem
2750 4103 2802 4148 et
2829 4093 3143 4148 ineffabilem
3173 4096 3570 4152 beneficentiam
3599 4098 3704 4152 sibi

2125 4185 2432 4249 cxhibitam,
2463 4194 2516 4239 et
2542 4187 2653 4255 ipse
2676 4201 2801 4255 erga
2828 4187 3124 4255 proximum
3150 4187 3288 4244 bene
3313 4189 3534 4245 all'ectus
3555 4204 3701 4256 esse,

2125 4279 2393 4332 contrario
2423 4293 2639 4346 prorsus
2663 4277 2822 4332 modo
2847 4293 2904 4333 se
2929 4280 3110 4348 gessit.
3136 4278 3382 4350 Egressus
3405 4283 3544 4334 enim
3568 4322 3584 4347 ,
3615 4282 3699 4335 in-

2125 4371 2277 4439 quit,
2304 4370 2391 4424 ille
2417 4368 2539 4440 (Ib.
2565 4385 2613 4422 υ.
2639 4370 2709 4424 28
2728 4369 2765 4440 ),
2795 4369 2883 4438 qui
2913 4369 3095 4425 decem
3132 4370 3351 4424 millium
3383 4370 3706 4424 talentorum

2127 4460 2492 4514 remissionem
2521 4469 2836 4528 assequutus
2875 4467 3009 4513 erat.
3035 4459 3258 4524 Audite,
3287 4460 3510 4515 obsecro
3533 4499 3549 4523 ,
3574 4460 3700 4516 dili-

2126 4561 2312 4618 genter
2337 4566 2350 4602 :
2378 4564 2495 4618 quae
2520 4547 2594 4602 illi
2620 4547 2946 4611 acciderunt,
2969 4548 3230 4604 sufficiunt
3252 4548 3317 4603 ad
3338 4550 3703 4619 corripiendas

2127 4639 2332 4693 animas
2362 4649 2602 4703 neStras,
2630 4652 2686 4692 et
2712 4637 2777 4692 ad
2813 4638 3234 4708 persuadendum
3264 4648 3320 4693 ut
3345 4640 3558 4694 tollatur
3582 4654 3704 4709 gra-

2128 4732 2205 4782 vis
2241 4729 2327 4783 ille
2371 4728 2588 4782 morbus
2628 4743 2660 4781 e
2697 4737 2874 4784 mente
2913 4739 3112 4784 nostra.
3143 4729 3243 4782 Hic
3270 4731 3464 4800 igitur,
3492 4730 3702 4800 inquit,

2124 4835 2352 4892 egressus
2388 4821 2571 4874 invenit
2608 4836 2765 4872 unum
2793 4836 2818 4874 e
2845 4823 3093 4874 conservis
3136 4823 3239 4874 suis
3261 4863 3278 4888 ,
3309 4822 3396 4890 qui
3428 4821 3631 4875 debebat
3658 4823 3704 4876 ei

2127 4920 2322 4963 centum
2355 4909 2607 4964 denarios.
2642 4907 2775 4964 Vide
2801 4920 3053 4980 quantum
3085 4912 3323 4964 interest.
3364 4911 3461 4966 Hic
3486 4925 3702 4968 conscr-

2130 5017 2220 5054 νισι
2255 4999 2486 5055 debebat
2520 5009 2732 5054 centum
2763 4998 3009 5055 denarios
3029 5041 3042 5066 ,
3074 4999 3180 5055 illic
3204 5001 3454 5054 dominus
3477 5011 3592 5056 erat
3613 5001 3700 5070 qui

2130 5091 2397 5158 repetebat
2426 5090 2608 5145 decem
2635 5091 2798 5144 millia
2827 5091 3141 5146 talentorum
3168 5109 3182 5144 :
3210 5091 3554 5145 nihilominus
3582 5091 3710 5160 quia

2132 5181 2258 5234 vidit
2284 5180 2668 5250 supplicantem
2689 5191 2742 5234 ct
2765 5191 3026 5247 orantem,
3053 5181 3268 5235 dimisit.
3295 5184 3362 5235 At
3389 5186 3488 5236 iste
3511 5181 3706 5249 Appre—

2133 5272 2340 5323 hensum
2367 5287 2561 5323 servum
2585 5269 2863 5335 suﬂoiabat
2883 5311 2896 5332 ,
2927 5270 3097 5324 dicens
3123 5287 3141 5324 :
3169 5270 3344 5326 Redde
3371 5273 3493 5325 mihi
3516 5272 3560 5325 si
3587 5272 3708 5342 quid

2131 5360 2294 5415 debes.
2322 5361 2456 5429 Quid
2499 5360 2686 5431 igitur?
2718 5358 2996 5414 Procidens
3016 5403 3028 5425 ,
3060 5361 3261 5430 inquit,
3300 5379 3564 5417 conservus
3599 5364 3709 5432 ejus

2131 5450 2293 5519 (Ibid.
2323 5467 2369 5505 ν.
2399 5450 2515 5521 29).
2542 5449 2673 5504 Vide
2695 5449 2960 5519 quomodo
2988 5451 3210 5507 subinde
3236 5454 3557 5523 evangelista
3584 5468 3707 5507 ver-

2133 5546 2278 5612 hum,
2309 5543 2606 5606 Conservus,
2631 5551 2822 5604 versat,
2851 5558 2955 5596 non
2991 5552 3211 5612 temere,
3241 5545 3333 5600 scd
3363 5554 3419 5600 ut
3443 5545 3708 5600 discamus

2135 5634 2251 5689 illos
2285 5649 2440 5703 pares
2465 5633 2683 5689 omnino
2715 5630 2875 5686 fuisse
2933 5633 3301 5691 Verumtamen
3341 5650 3630 5692 conservus
3659 5635 3709 5692 ci
