4102 6204
289 249 396 305 247

295 363 394 418 καί
428 363 831 430 mammona,
859 367 957 422 καί
978 369 1336 437 πληρώσατε
1363 372 1479 440 τὴν
1508 371 1642 443 γῆν,
1668 368 1767 423 καὶ
1792 381 1961 420 κατα·

294 452 647 519 κυριεύσατε
676 454 866 525 αὐτῆς
890 473 903 487 ·
935 457 1031 528 οὐχ
1064 458 1249 524 ἁπλῶς
1278 455 1450 523 εἶπεν,
1489 460 1674 529 Ὑμεῖς
1700 460 1787 525 δὲ,
1828 458 1964 514 ἀλλά

298 541 581 612 μονονουχὶ
602 541 794 611 λέγων,
831 545 989 615 ὑμεῖς
1016 548 1066 600 οἱ
1104 547 1297 618 όλίγοι,
1322 550 1371 603 οί
1401 551 1753 622 εὐαρίθμητοι
1785 553 1962 606 πᾶσαν

293 626 395 697 τὴν
427 629 533 696 γῆν
581 630 926 701 πληρώσατε,
979 634 1072 688 καὶ
1101 638 1566 708 κατακυριεύσατε
1594 639 1785 710 αὐτῆς,
1818 638 1961 692 τοῦτ’

301 713 437 777 ἐστι,
469 714 568 786 τὴν
607 717 779 789 ἀρχὴν
805 718 977 790 ἔχετε,
1007 721 1102 774 καὶ
1148 723 1247 795 τὴν
1280 724 1544 790 ἐξουσίαν,
1578 725 1673 778 καὶ
1702 725 1798 796 τὴν
1824 726 1960 779 ἀπό-

300 819 503 858 ..αυσιν.
536 802 679 875 Ὀρα
702 823 790 876 μοι
815 806 949 860 Θεοῦ
970 808 1397 880 φιλανθρωπίαν,
1429 810 1547 875 πῶς
1576 810 1838 883 πρότερον
1874 829 1965 883 με·

296 891 466 960 γάλας
498 892 596 957 τὰς
622 894 938 965 εὐεργεσίας
974 898 1342 970 δωρούμενος,
1374 899 1495 953 τότε
1537 900 1633 953 καὶ
1675 899 1838 971 νόμον
1867 901 1963 953 καὶ

298 979 513 1049 ἐντολὴν
545 981 743 1035 δίδωσι.
786 984 896 1038 Kal
933 987 1180 1057 καθάπερ
1222 987 1315 1040 ἐπὶ
1344 985 1438 1040 τοῦ
1482 987 1686 1058 Ἀδὰμ,
1732 986 1869 1056 μετά
1898 986 1963 1040 τὸ

296 1067 679 1138 ἐγκατοικῆσαι
713 1082 739 1110 ι
766 1071 822 1123 ἐν
844 1072 922 1141 τῷ
953 1073 1279 1144 παραδείσῳ,
1304 1075 1397 1128 καὶ
1425 1073 1524 1145 τὴν
1546 1072 1811 1144 τοσαύτην
1831 1074 1959 1128 ἀπό-

294 1153 481 1207 λαυσιν
505 1154 829 1226 χαρίσασθαι
857 1198 873 1222 ,
916 1160 1040 1214 τότε
1073 1161 1173 1230 τὴν
1204 1162 1414 1232 ἀποχὴν
1440 1159 1533 1215 τοῦ
1574 1160 1729 1228 ξύλου
1759 1162 1959 1216 ἐνετεί-

294 1241 424 1295 λατο
441 1259 454 1272 ·
479 1241 619 1297 οὕτω
644 1244 735 1298 καὶ
764 1246 995 1301 ἐνταῦθα
1026 1250 1163 1320 μετά
1186 1249 1246 1303 τὸ
1272 1248 1601 1320 ὑποσχέσθαι
1633 1250 1830 1321 μηκέτι
1848 1268 1960 1304 τοι·

295 1330 464 1401 αύτην
490 1333 711 1399 ἐπάξειν
739 1335 983 1389 πανωλεθ
992 1336 1131 1407 ρίαν,
1155 1337 1290 1408 μηδὲ
1309 1338 1682 1410 ἀγανάκτησιν
1707 1339 1961 1408 τοιαύτην

294 1416 677 1484 ἐπιδείξασθαι,
715 1419 849 1475 ἀλλά
896 1421 1130 1493 ἀκίνητα
1180 1424 1343 1495 μέχρι
1388 1423 1488 1495 τῆς
1533 1423 1838 1487 συντελείας
1865 1425 1961 1495 ἐᾷν

296 1502 512 1559 ἅπαντα
535 1506 604 1559 τὰ
632 1510 868 1577 στοιχεῖα
888 1507 1181 1578 διαμένειν,
1214 1509 1444 1565 ἕκαστον
1486 1511 1575 1566 τὸν
1619 1500 1817 1565 οἰκεῖον
1841 1511 1962 1582 δρό-

296 1607 395 1660 μον
429 1590 524 1645 καὶ
546 1592 643 1663 τὴν
673 1594 880 1647 οἰκείαν
911 1593 1064 1661 τάξιν
1087 1596 1505 1668 ἀποπληροῦντα
1527 1637 1542 1662 ,
1591 1600 1687 1652 καὶ
1714 1597 1961 1667 εὐλογίας

289 1677 487 1741 αὐτοὺς
509 1677 762 1743 ἀξιῶσαι.
800 1681 893 1733 καὶ
920 1681 1018 1752 τὴν
1050 1682 1284 1753 ἀρχαίαν
1318 1682 1567 1750 ἐξουσίαν
1613 1685 1958 1756 δωρήσασθαι

288 1761 386 1832 τὴν
411 1763 554 1816 κατὰ
575 1762 684 1815 τῶν
713 1763 923 1831 ἀλόγων
943 1766 1222 1833 ἁπάντων,
1249 1770 1341 1822 καὶ
1365 1771 1466 1839 τῆς
1492 1771 1839 1840 κρεωφαγίας
1858 1771 1958 1842 τὴν

290 1848 472 1901 ἄδειαν
526 1854 845 1921 παρασχεῖν,
898 1853 1020 1905 τότε
1051 1854 1210 1923 φησὶ,
1241 1855 1416 1921 Πλὴν
1442 1854 1621 1922 κρέας
1649 1856 1720 1910 ἐν
1754 1856 1956 1925 αἵματι

288 1933 496 2003 ψυχῆς
513 1938 586 1989 οὐ
611 1935 892 2005 φάγεσθε.
929 1934 1081 2003 Εἶδες
1115 1938 1231 2003 πῶς
1264 1940 1529 2011 πρότερον
1557 1940 1836 2012 εὐεργετεῖ
1861 1943 1956 1998 καὶ

288 2021 390 2085 τὴν
410 2021 720 2093 φιλοτιμίαν
745 2024 949 2092 ἄφατον
966 2025 1365 2088 ἐπιδείκνυται,
1383 2028 1478 2081 καὶ
1504 2029 1624 2082 τότε
1653 2030 1951 2096 ἐπιτάττεις

291 2108 466 2162 καίτοι
495 2124 560 2175 γε
584 2109 671 2163 ἐπ’
694 2110 996 2182 ἀνθρώπων
1030 2112 1131 2165 οὐκ
1170 2111 1237 2166 άν
1267 2129 1396 2165 ποτε
1440 2112 1597 2167 τοῦτο
1640 2115 1868 2181 γένοιτο.
1894 2119 1957 2171 υἱ

289 2193 400 2265 γὰρ
427 2195 703 2266 ἄνθρωποι
733 2191 1004 2268 πρότερον
1023 2197 1303 2267 βούλονται
1337 2200 1404 2253 τά
1442 2201 1577 2270 παρζ
1604 2198 1811 2254 ἑαυτῶν
1839 2205 1958 2257 ἐπι-

288 2282 592 2350 ταττόμενα
639 2284 718 2347 είς
757 2283 915 2354 ἔργον
943 2284 1191 2353 ἐκϐῆναι,
1229 2285 1326 2340 καὶ
1357 2284 1556 2358 πολλὴν
1587 2287 1956 2353 ἐπιδείξασθαι

288 2366 386 2436 τὴν
432 2365 645 2423 εῦνοιαν
695 2370 823 2431 τούς
866 2368 937 2423 τά
963 2370 1310 2441 ἐπιτάγματα
1367 2372 1710 2443 δεχομένους,
1745 2374 1838 2428 καὶ
1859 2374 1957 2447 τὴν

287 2452 490 2507 τούτων
504 2454 852 2525 ἐκπλήρωσιν
878 2457 1253 2528 ποιουμένους,
1283 2459 1379 2512 καὶ
1409 2459 1530 2513 τότε
1562 2459 1673 2530 ἄρα
1698 2461 1958 2531 ἀμείϐεσ-

288 2538 378 2592 θαι
411 2540 536 2604 τοὺς
557 2540 757 2613 πολλὴν
786 2543 884 2615 τὴν
922 2543 1167 2615 ὑπακοὴν
1213 2545 1674 2617 ἐπιδειξαμένους.
1720 2547 1845 2603 Ἐπὶ
1896 2549 1955 2603 δέ

285 2624 381 2680 τοῦ
439 2628 621 2683 κοινοῦ
680 2630 898 2685 πάντων
954 2630 1225 2685 Δεσπότου
1263 2633 1326 2686 τὸ
1364 2633 1605 2688 ἐναντίον
1624 2652 1639 2667 ο
1693 2635 1955 2708 πρότερον

285 2710 564 2782 εὐεργετεῖ
582 2713 677 2767 καὶ
706 2714 785 2786 τῷ
813 2716 1009 2789 πλήθει
1049 2718 1157 2772 τῶν
1187 2716 1514 2790 εὐεργεσιῶν
1544 2720 1831 2789 ἐφέλκεται
1856 2722 1955 2794 τήν

285 2798 558 2870 ἡμετέραν
598 2800 780 2867 φύσιν,
816 2803 912 2857 καὶ
942 2804 1062 2858 τότε
1096 2805 1273 2874 κοῦφα
1300 2805 1397 2859 καὶ
1451 2805 1608 2876 ῥᾴδια
1657 2806 1951 2865 ἐπιτάττει.

284 2878 373 2937 ἵνα
408 2886 501 2939 καὶ
528 2888 593 2956 τῇ
623 2886 842 2959 εὐκολία
872 2888 983 2942 τῶν
1021 2889 1411 2960 ἐπιταγμάτων
1444 2890 1537 2945 καὶ
1558 2891 1681 2955 ταῖς
1705 2892 1953 2963 παραλα-

284 2969 506 3035 ϐούσαις
537 2973 877 3043 εὐεργεσίαις
926 2975 1377 3047 διεγηγερμένοι,
1424 2977 1563 3049 πρὸς
1603 2979 1706 3050 τὴν
1748 2980 1952 3034 τούτων

284 3056 624 3128 ἐπειχθῶμεν
652 3060 1022 3131 ἐκπλήρωσιν.

351 3145 442 3216 Μὴ
465 3145 643 3197 τοίνυν
672 3146 1006 3219 ρᾳθύμῶμεν
1028 3187 1045 3213 ,
1096 3148 1391 3220 ἀγαπητοὶ,
1425 3151 1562 3222 μηδέ
1605 3152 1950 3224 δκνηρότεροι

280 3230 559 3301 γινώμεθα
592 3232 719 3301 περὶ
741 3232 841 3305 τὴν
872 3235 1120 3306 ὑπακοὴν
1143 3235 1253 3288 τῶν
1286 3237 1708 3308 ἐπιταχθέντων,
1732 3241 1827 3294 καὶ
1852 3240 1950 3304 τὰς

281 3317 700 3389 παραλαϐούσας
751 3319 1071 3391 εὐεργεσίας
1102 3320 1464 3393 λογιζόμενοι,
1508 3325 1732 3380 καὶτῶν
1761 3329 1951 3382 ἐπιτα-

278 3404 503 3472 γμάτων
522 3403 620 3475 τὴν
638 3405 907 3469 εὐκολίαν,
933 3407 1027 3459 καὶ
1058 3406 1164 3459 τῶν
1188 3409 1531 3476 ἐπαγγελιῶν
1557 3411 1664 3463 τῶν
1693 3412 1832 3481 μετὰ
1851 3413 1949 3483 τὴν

282 3490 628 3560 ἐκπλήρωσιν
658 3492 789 3561 ἡμῖν
815 3494 1260 3561 τεταμιευμένων
1291 3494 1352 3547 τὸ
1384 3494 1615 3565 μέγεθος
1637 3512 1653 3529 ο
1688 3497 1824 3550 ἀλλά
1855 3499 1950 3568 νή-

280 3591 469 3644 φωμεν
500 3576 594 3629 καὶ
622 3577 748 3646 περὶ⁸
775 3577 872 3645 τὴν
902 3578 1166 3647 ἐργασίαν
1195 3579 1514 3649 σπεύδωμεν
1540 3580 1652 3634 τῶν
1683 3581 1833 3652 παρὰ
1854 3583 1948 3635 τοῦ

278 3658 412 3712 Θεοῦ
439 3659 737 3730 δεδομένων
763 3663 897 3731 ἡμῖν
924 3660 1155 3715 ἐντολῶν
1171 3703 1186 3728 ,
1220 3662 1316 3716 καὶ
1349 3662 1448 3726 τάς
1475 3664 1645 3729 ὀδοὺς,
1671 3665 1738 3729 6.;
1762 3665 1948 3736 ἐχαρί-

279 3762 409 3798 σατο
440 3749 504 3816 τῇ
540 3745 784 3818 ἡμετέρᾳ
809 3746 967 3815 φύσει
998 3748 1135 3818 πρὸς
1160 3748 1262 3818 τὴν
1283 3750 1393 3801 τῶν
1420 3748 1608 3819 ψυχῶν
1637 3750 1794 3821 ἡμῶν
1825 3767 1950 3805 συν-

276 3830 538 3895 τελούσας
586 3832 879 3901 σωτηρίαν,
929 3832 1004 3903 μὴ
1033 3833 1508 3905 ἀποπεμψώμεθα,
1533 3835 1671 3890 ἀλλά
1706 3836 1784 3909 τῷ
1813 3838 1947 3891 ὐπο-

275 3916 580 3987 λειπομένῳ
604 3916 704 3988 τῆς
741 3918 886 3989 ζωῆς
911 3918 1068 3989 ἡμῶν
1090 3919 1266 3991 χρόνῳ
1296 3921 1377 3984 είς
1421 3920 1540 3977 δέον
1587 3924 1941 3995 χρησάμενοι,

278 4004 376 4058 καὶ
421 4005 489 4057 τά
525 4003 888 4076 ἡμαρτημένα
918 4005 1333 4077 ἀπονιψώμεθα,
1381 4006 1476 4061 καὶ
1501 4008 1703 4080 πολλὴν
1735 4010 1947 4076 ἐαυτοίς

279 4088 429 4162 [264]
452 4090 552 4162 τήν
577 4090 887 4163 παρρησίαν
932 4091 1387 4162 προαποθώμεθα,
1440 4095 1534 4148 καὶ
1566 4096 1801 4166 μάλιστα
1827 4097 1943 4164 νῦν,

275 4178 353 4240 ὡς
380 4177 459 4231 ἐτι
485 4177 744 4249 ἐνέστηκε
768 4177 830 4231 τὸ
859 4176 1179 4250 λειπόμενον
1196 4180 1298 4251 τῆς
1324 4180 1484 4250 ἁγίας
1506 4187 1944 4257 τεσσαρακοστῆς

349 4350 424 4415 ς’.
461 4350 595 4404 Οὐδέ
633 4350 743 4422 γὰρ
771 4351 951 4421 ὀλίγος
989 4350 1138 4405 ἐστὶν
1169 4354 1199 4405 6
1236 4352 1345 4407 τῶν
1371 4353 1596 4424 ἡμερῶν
1639 4353 1871 4426 ἀριθμὸς
1915 4359 1944 4411 6

276 4435 717 4509 ὑπολειπόμενος,
746 4438 794 4491 εί
824 4437 1216 4509 βουληθείημεν
1241 4438 1433 4509 μικρὸν
1457 4438 1749 4509 ἀνανῆψαι.
1775 4441 1944 4496 Τοῦτο

273 4523 330 4577 δέ
357 4519 529 4589 εἷπον,
570 4525 671 4578 οὐκ
698 4525 886 4596 ἐπειδὴ
913 4524 1170 4579 τοσούτου
1196 4524 1388 4596 χρόνου
1430 4526 1591 4596 μόνον
1630 4526 1798 4581 δεῖται
1833 4529 1943 4583 τῶν

273 4611 676 4683 ἡμαρτημένων
706 4614 838 4683 ἡμῖν
863 4612 898 4683 ἡ
934 4611 1257 4683 διόρθωσις,
1292 4612 1407 4667 ἀλλ’
1446 4613 1632 4685 ἐπειδὴ
1666 4616 1941 4688 Δεσπότην

272 4696 469 4771 ἔχομεν
492 4697 870 4771 φιλάνθρωπον
910 4700 1005 4753 καὶ
1032 4700 1239 4770 ἥμερον
1266 4737 1281 4763 ,
1317 4699 1412 4754 καὶ
1450 4699 1511 4753 οὐ
1548 4700 1720 4755 δεῖται
1748 4702 1938 4773 χρόνου

273 4782 469 4837 πολλοῦ
492 4801 507 4816 ο
535 4786 693 4855 μόνον
715 4787 811 4839 ἐάν
839 4786 981 4857 μετά
1016 4785 1218 4855 πολλῆς
1245 4786 1345 4856 τῆς
1366 4785 1698 4858 θερμότητος
1725 4789 1819 4842 καὶ
1840 4789 1938 4860 τῆς

274 4869 486 4940 νήψεως
532 4871 683 4943 αὐτῷ
739 4872 1072 4944 προσίωμεν,
1111 4873 1516 4942 ἀποστήσαντες
1564 4872 1791 4937 ἑαυτοὺς
1832 4874 1940 4928 τῶν

276 4956 620 5027 βεϐιωμένων
671 4960 947 5026 ἁπάντων,
999 4961 1095 5015 καὶ
1139 4958 1591 5033 προσηλώσαντες
1636 4961 1702 5030 τῇ
1735 4959 1939 5015 ἄνωθεν

275 5044 435 5113 ῥοπῇ.
465 5045 572 5098 Καὶ
598 5046 708 5116 γάρ
748 5047 798 5100 οί
837 5044 1119 5102 Νινευϊται
1149 5045 1388 5116 τοσούτῳ
1427 5044 1623 5116 πλήθει
1652 5047 1939 5118 ἁμαρτιῶν

274 5126 655 5201 βεσαρημένοι,
678 5133 866 5207 ἐπειδὴ
887 5134 1053 5206 πολλῇ
1070 5134 1165 5188 καὶ
1180 5132 1398 5204 ἀκριϐεῖ
1414 5133 1481 5203 τῇ
1504 5133 1760 5204 μετανοίᾳ
1781 5135 1939 5206 ἐχρή-

275 5230 455 5277 σαντο,
485 5217 585 5269 οὐκ
635 5218 935 5291 ἐδεήθησαν
971 5220 1131 5275 πλέον
1159 5219 1195 5293 ἡ
1231 5218 1399 5292 τριῶν
1444 5217 1669 5289 ἡμερῶν
1712 5219 1849 5290 πρὸς
1878 5221 1938 5274 τὸ

272 5301 675 5358 ἐκκαλέσασθαι
718 5306 811 5360 τοῦ
842 5306 976 5361 Θεοῦ
1013 5308 1113 5380 τὴν
1163 5306 1498 5379 ἀγαθότητα,
1548 5304 1644 5359 καὶ
1681 5304 1781 5378 τήν
1816 5308 1940 5361 κατ’

268 5387 451 5442 αὐτῶν
474 5391 846 5462 ἐξενεχθεῖσαν
867 5395 1138 5463 ἀπόφασιν
1178 5394 1380 5465 ἄκυρον
1416 5393 1713 5463 ἀποφῆναι.
1744 5394 1854 5448 Kal
1882 5398 1934 5448 τί

267 5473 431 5542 λέγω,
458 5478 509 5530 οί
535 5477 814 5533 Νινευῖται
840 5496 856 5544 ;
901 5481 961 5534 '0
987 5480 1188 5553 λῃστὴς
1219 5482 1248 5535 6
1275 5481 1370 5534 ἐπὶ
1419 5477 1515 5534 τοῦ
1552 5478 1788 5551 σταυροῦ
1815 5481 1935 5534 οὐδὲ

271 5561 400 5629 μιᾶς
429 5562 643 5635 ἡμέρας
667 5564 883 5635 ἐδεήθη.
924 5566 1035 5618 Kal
1068 5565 1121 5619 τί
1151 5567 1295 5636 λέγω
1339 5566 1468 5637 μιᾶς
1507 5564 1757 5636 ἡμέρας;
1801 5567 1934 5620 οὐδὲ

270 5644 530 5717 βραχείας
573 5648 741 5719 ῶρας.
784 5650 1032 5722 Τοσαύτη
1068 5654 1212 5706 ἐστὶν
1239 5655 1272 5722 ἡ
1322 5652 1450 5724 περὶ
1483 5653 1632 5723 ἡμᾶς
1672 5651 1764 5703 τοῦ
1798 5651 1929 5705 Θεοῦ

268 5732 668 5808 φιλανθρωπία.
715 5738 966 5794 Ἐπειδὰν
991 5740 1097 5810 γὰρ
1126 5740 1215 5812 ἴδῃ
1234 5740 1324 5793 τὸν
1355 5740 1506 5794 τόνον
1536 5738 1634 5809 τῆς
1660 5738 1932 5809 ἡμετέρας

333 5826 357 5853 ⁸
380 5820 531 5874 SlVil.
560 5825 683 5888 conj.
707 5823 1048 5889 ἐγκατοικίσαι.

1392 247 1459 313 ΙΝ
1494 254 1644 311 CAP.
1713 248 1782 306 IX
1844 246 2087 307 GENES.
2131 250 2362 308 "OMIL.
2404 249 2618 308 XXV".

3628 247 3736 309 ειε

2070 365 2313 437 γνώμης,
2340 366 2434 419 καὶ
2461 365 2610 436 πόθῳ
2642 363 2816 429 ζέοντι
2861 363 3181 435 προσιόντας
3232 362 3402 435 ἡμᾶς,
3430 362 3493 417 οὐ
3530 366 3739 435 μέλλει,

2065 450 2186 504 οὐδὲ
2217 451 2575 507 ἀναϐάλλεται
2600 467 2611 483 ·
2643 450 2779 504 ἀλλὰ
2812 453 3033 521 ταχεῖαν
3063 451 3290 522 παρέχει
3326 451 3426 517 τὴν
3453 450 3582 522 παρ’
3608 446 3738 505 ἐαυ-

2064 537 2159 590 τοῦ
2184 537 2493 609 φιλοτιμίαν
2517 576 2532 602 ,
2563 536 2656 590 καὶ
2685 535 2868 606 λέγει·
2902 538 3024 590 Ἔτι
3064 536 3402 602 λαλοῦντός
3433 545 3549 591 σου
3587 536 3702 605 ἐρῶ
3724 556 3738 571 ο

2079 622 2225 677 Ἰδοὺ
2246 623 2501 694 πάρειμι.

2138 711 2235 763 Ἂν
2271 711 2451 764 τοίνυν
2483 707 2831 781 βουληθῶμεν
2869 708 2898 750 δ
2931 709 3026 763 καὶ
3073 709 3235 779 ἡμεῖς
3267 709 3324 761 ἐν
3378 705 3497 772 ταῖς
3527 704 3739 778 όλίγαις

2062 796 2298 867 ἡμέραις
2323 795 2546 860 ταύταις
2576 795 2809 867 σπουδήν
2828 812 2948 849 τινα
2970 793 3360 861 ἐπιδείξασθαι,
3389 797 3482 849 καὶ
3502 792 3568 867 τῇ
3594 813 3707 867 συμ
3724 829 3736 838 -

2068 883 2237 954 μαχίᾳ
2262 884 2328 955 τῇ
2368 884 2475 938 ἀπὸ
2494 880 2596 955 τῆς
2619 882 2872 955 νηστείας
2900 884 2980 946 είς
3011 881 3130 937 δέον
3154 882 3480 954 χρήσασθαι,
3510 880 3604 938 καὶ
3639 881 3739 957 τῆν

2064 967 2334 1039 ρᾳθυμίαν
2381 968 2857 1039 ἀποτιναξάμενοι.
2904 967 3070 1039 εὐχάς
3119 962 3359 1031 ἐκτενεῖς
3408 970 3736 1041 ποιήσασθαι

2063 1055 2200 1124 πρὸς
2220 1057 2313 1109 τὸν
2341 1057 2637 1129 Δεσπότην,
2667 1057 2876 1128 δάκρυα
2903 1056 3080 1128 θερμά
3113 1056 3386 1127 προχέειν,
3410 1058 3736 1131 κατηγορεῖν

2064 1143 2303 1213 συνεχῶς
2321 1143 2428 1197 τῶν
2452 1145 2588 1215 ἡμῖν
2621 1143 3194 1215 πεπλημμελημένων,
3224 1144 3531 1214 προτιθέναι
3565 1147 3737 1200 καθά-

2062 1244 2168 1301 περ
2204 1231 2372 1303 ίατρῷ
2424 1231 2490 1285 τὰ
2520 1232 2761 1303 ἡμέτερα
2811 1230 3120 1303 τραύματα.
3165 1230 3261 1285 καὶ
3303 1230 3371 1286 τά
3416 1234 3517 1304 τῆς
3556 1230 3735 1306 ψυχῆς

2061 1314 2192 1386 ἕλκη
2223 1315 2517 1381 δεικνύναι,
2554 1318 2650 1372 καὶ
2679 1314 2778 1388 τὴν
2810 1320 2938 1389 παρ’
2963 1316 3129 1371 αὐτοῦ
3161 1312 3405 1391 ἰατρείαν
3430 1317 3731 1392 ἐπιζητεῖν,

2063 1403 2157 1456 καὶ
2181 1403 2252 1458 τά
2284 1404 2418 1459 ἄλλα
2443 1406 2511 1458 τὰ
2544 1406 2672 1476 παρ’
2724 1399 2936 1459 ἑαυτῶν
2961 1405 3255 1477 εἰσφέρειν,
3293 1407 3584 1479 συντριϐὴν
3609 1410 3733 1463 διαο

2060 1489 2229 1554 νοίας,
2256 1488 2546 1555 κατάνυξιν
2565 1490 2789 1562 ἀκριϐῆ,
2819 1491 3191 1562 ἐλεημοσύνην
3218 1491 3443 1564 δαψιλῆ,
3474 1490 3542 1549 τά
3571 1493 3733 1550 λοιπά

2060 1576 2209 1647 πάθη
2253 1578 2323 1630 τὰ
2367 1577 2797 1650 διαταράττοντα
2833 1578 2989 1660 ἡμιῐιν
3030 1578 3122 1632 τὸν
3150 1577 3411 1652 λογισμὸν
3458 1579 3730 1652 χαλινοῦν.

2059 1662 2154 1716 καὶ
2210 1661 2473 1734 ἐξορίζειν
2523 1667 2624 1735 τῆς
2646 1664 2925 1736 ἡμετέρας
2952 1665 3149 1737 ψυχῆς,
3187 1664 3281 1719 καὶ
3333 1668 3471 1739 μήτε
3503 1664 3608 1723 ὐπὸ
3631 1667 3733 1740 τῆς

2056 1748 2167 1801 τῶν
2198 1750 2494 1819 χρημάτων
2517 1751 2813 1821 ἐπιθυμίας
2834 1752 3261 1824 πολιορκεῖσθαι,
3295 1754 3429 1825 μήτε
3464 1773 3731 1828 μνησικα-

2057 1837 2173 1889 κεῖν
2195 1836 2330 1907 πρὸς
2350 1837 2476 1900 τοὺς
2507 1836 2755 1909 πλησίον,
2813 1838 2909 1893 καὶ
2949 1834 3233 1912 ἐχθρωδῶς
3263 1841 3567 1896 διακεῖσθαι
3596 1840 3734 1915 πρδς

2054 1922 2182 1985 τοὺς
2227 1925 2528 1994 ὁμογενεῖς.
2565 1922 2730 1979 οὐδὲν
2757 1925 2888 1997 γάρ,
2926 1922 3076 1980 οὐδὲν
3127 1922 3301 1992 οὕτως
3337 1928 3366 1981 6
3416 1927 3552 1993 Θεδς
3586 1931 3735 2001 μισεῐ

2055 2005 2150 2060 καὶ
2179 2006 2600 2080 ἀποστρέφεται,
2622 2010 2699 2074 ὡς
2727 2004 2820 2065 τὸν
2856 2011 3295 2081 μνησικακοῦντα
3324 2010 3608 2085 ἄνθρωπον
3636 2015 3731 2069 καὶ

2053 2094 2154 2164 τὴν
2184 2094 2383 2164 ἐχθραν
2406 2095 2506 2165 τὴν
2535 2096 2669 2166 πρὸς
2691 2096 2785 2149 τὸν
2813 2096 3041 2168 πλησίον
3082 2098 3176 2152 ἐπὶ
3216 2100 3315 2173 τῆς
3348 2099 3524 2171 ψυχῆς
3548 2100 3729 2174 διηνε-

2055 2179 2166 2242 κῶς
2197 2180 2553 2249 φυλάττοντα.
2586 2181 2834 2254 Τοσαύτη
2873 2183 2981 2255 γάρ
3024 2180 3232 2255 ταύτης
3266 2188 3382 2241 ἐστὶ
3414 2191 3513 2260 τῆς
3549 2188 3731 2264 ἀμαρ-

2054 2263 2172 2329 τίας
2201 2268 2235 2337 ἡ
2258 2265 2425 2337 λύμη,
2451 2268 2532 2321 δτι
2566 2268 2660 2321 καὶ
2707 2267 3114 2340 φιλανθρωπίαν
3162 2270 3298 2325 Θεοῦ
3339 2263 3726 2332 ἀνεκαλέσατο.

2054 2352 2165 2405 Kal
2194 2352 2280 2405 ἵνα
2308 2352 2538 2436 μάθητε,
2568 2350 2878 2426 ὑπομνῆσαι
2901 2354 3046 2428 ὑμᾶς
3072 2354 3334 2430 βούλομαι
3360 2358 3460 2431 τῆς
3485 2364 3730 2436 παραϐο·

2053 2437 2152 2510 λῆς
2177 2441 2277 2511 τῆς
2309 2440 2367 2493 ἐν
2390 2434 2469 2509 τῷ
2489 2438 2808 2512 Εὐαγγελίῳ
2840 2443 3118 2514 κειμένης,
3153 2443 3300 2510 ὅπως
3331 2446 3532 2512 ἐκεῖνος
3563 2434 3591 2503 6
3617 2450 3730 2504 τῶν

2057 2524 2267 2596 μυρίων
2292 2525 2570 2581 ταλάντων
2602 2527 2702 2599 τὴν
2738 2527 3080 2602 συγχώρησιν
3119 2529 3411 2601 δεξάμενος
3439 2534 3590 2606 παρά
3629 2536 3728 2590 τοῦ

2052 2610 2340 2673 δεσπότου,
2390 2608 2578 2684 ἐπειδὴ
2602 2611 2928 2684 προσέπεσε,
2960 2613 3052 2669 καὶ
3080 2615 3274 2688 ἐδεήθη
3295 2658 3310 2681 ,
3338 2619 3432 2672 καὶ
3462 2621 3725 2676 ίκέτευσε.

2051 2699 2532 2767 Σπλαγχνισθεὶς
2558 2699 2687 2769 γὰρ,
2715 2701 2904 2770 φησιν,
2921 2701 2955 2755 ὁ
2980 2703 3184 2770 κύριος
3203 2704 3390 2760 αὐτοῦ
3414 2706 3728 2763 ἀπέλυσεν

2050 2780 2255 2843 αὑτὸν,
2313 2782 2414 2838 καί
2467 2783 2533 2837 τὸ
2583 2780 2826 2840 δάνειον
2875 2786 3307 2857 συνεχώρησεν
3345 2788 3525 2859 αὐτῷ.
3571 2787 3727 2852 Εἶδες

2049 2861 2452 2934 εὐσπλαγχνίαν
2479 2863 2738 2920 δεσπότου
2762 2881 2778 2933 ;
2813 2864 3046 2933 Ἐκεῖνος
3072 2870 3442 2941 προσέπιπτεν
3470 2874 3729 2931 ἱκετεύων

2050 2948 2388 3019 προθεσμίαν
2441 2949 2587 3022 αὐτῷ
2644 2952 2883 3026 δοθῆναι.
2934 2942 3417 3026 Μακρσθύμὴσον
3467 2960 3580 3033 γὰρ
3627 2961 3726 3014 ἐπ’

2046 3033 2197 3102 ἐμοὶ,
2251 3036 2407 3106 φησι,
2459 3037 2557 3091 καί
2597 3036 2795 3094 πάντα
2831 3055 2931 3093 σοι
2954 3039 3266 3096 ἀποδώσω.
3302 3044 3443 3097 Ἀλλ’
3462 3048 3491 3099 6
3522 3046 3726 3113 ἀγαθὸς

2045 3118 2331 3191 δεσπότης,
2353 3123 2381 3176 6
2415 3122 2666 3193 κηδεμὼν
2692 3126 2787 3178 καὶ
2812 3124 3213 3198 φιλάνθρωπος,
3244 3127 3618 3200 ἐπικαμφθεὶς
3645 3131 3725 3202 τῷ

2050 3205 2225 3277 ίκέτῃ,
2257 3208 2355 3278 οὐχ
2399 3208 2522 3262 ὅσον
2558 3209 2751 3281 ᾔτησε,
2786 3210 3044 3265 τοσοῦτον
3093 3213 3368 3284 παρέσχεν
3393 3256 3409 3280 ,
3454 3216 3573 3270 ἀλλ’
3598 3216 3726 3271 ὅσον

2044 3291 2167 3346 οὐδέ
2205 3293 2476 3364 ἐνενόησε.
2511 3296 2766 3349 Τοιοῦτον
2794 3297 2905 3367 γάρ
2932 3297 3082 3367 αὐτῷ
3115 3297 3269 3372 [265]
3310 3301 3431 3364 ἔθος
3456 3302 3544 3355 ἀεὶ
3565 3305 3725 3376 νικᾷν

2045 3380 2141 3432 καὶ
2175 3380 2507 3450 προφθάνειν
2524 3381 2625 3446 τάς
2647 3384 2923 3454 ἡμετέρας
2960 3385 3226 3455 αίτήσεις.
3276 3387 3515 3441 Ἔκείνου
3542 3389 3724 3441 τοίνυν

2046 3465 2323 3536 ἐνδοθῗυιαι
2382 3466 2864 3536 παρακαλέσαντος
2880 3509 2893 3527 .
2947 3471 3042 3523 καὶ
3092 3472 3463 3542 ὑποσχομένου
3540 3476 3722 3553 πᾶσαν

2046 3550 2377 3619 ποιήσασθαι
2408 3550 2506 3622 τὴν
2534 3551 2765 3617 ἐκτισιν,
2796 3556 2825 3607 6
2856 3555 3154 3627 ἀγαθότητι
3182 3558 3347 3610 νικῶν
3380 3561 3450 3612 τά
3476 3550 3721 3630 ἡμέτερα

2047 3635 2527 3707 πλημμελήματα,
2561 3638 2980 3709 σπλαγχνισθεὶς
3012 3642 3198 3695 λοιπὸν
3229 3644 3497 3698 ἀπέλυσεν
3533 3647 3716 3709 αὐτὸν,

2047 3722 2140 3774 καὶ
2170 3720 2231 3774 τὸ
2258 3722 2465 3775 δάνειον
2494 3724 2704 3794 ἀφῆκεν
2731 3723 2900 3796 αὐτῷ.
2925 3724 3077 3791 Εἶδες
3105 3729 3162 3782 τί
3200 3730 3299 3800 μὲν
3328 3730 3357 3783 6
3381 3730 3563 3795 δοῦλος
3586 3735 3720 3804 ᾐτή-

2047 3825 2198 3872 σατο,
2231 3810 2356 3864 ὅσον
2382 3810 2438 3863 δὲ
2466 3812 2494 3863 6
2529 3811 2797 3883 δεσπότης
2819 3816 3144 3885 ἐχαρίσατο;
3178 3817 3316 3889 Ὅρα
3348 3819 3512 3872 πάλιν
3553 3819 3719 3875 αὐτοῦ

2043 3894 2232 3948 τούτου
2266 3894 2362 3966 τὴν
2385 3897 2668 3955 ἀπόνοιαν.
2692 3899 2822 3953 Δέον
2848 3901 2958 3971 γὰρ
2990 3901 3135 3956 κατὰ
3180 3903 3279 3975 τὴν
3302 3905 3568 3976 τοσαύτην
3597 3907 3719 3976 φιλ-

2043 3980 2361 4053 ανθρωπίαν
2386 3983 2480 4037 καὶ
2512 3985 2611 4055 τὴν
2638 3986 2845 4056 ἄφατον
2865 3988 3187 4059 εὐεργεσίαν
3209 3991 3308 4062 τὴν
3338 3995 3420 4057 είς
3442 3995 3604 4050 αὐτὸν
3624 4014 3720 4066 γε-

2042 4070 2350 4141 γενημένην
2378 4071 2832 4141 συμπαθέστατον
2863 4074 3026 4129 αὐτὸν
3065 4079 3402 4150 καταστῆναι
3436 4082 3563 4151 περὶ
3589 4085 3718 4151 τοὺς

2042 4157 2341 4241 ὁμογενεῖς,
2367 4158 2396 4210 δ
2418 4157 2475 4212 δέ
2494 4157 2555 4212 τδ
2576 4159 2818 4214 ἐναντίον
2845 4162 3232 4219 ἐπιδείκνυται.
3260 4167 3557 4230 Ἔξελθὼν
3582 4169 3715 4241 τάρ,

2042 4242 2226 4312 φησιν,
2256 4237 2434 4309 οὗτος
2450 4244 2632 4309 αὐτὸς,
2658 4247 2687 4300 6
2709 4246 2818 4300 τῶν
2840 4248 3049 4319 μυρίων
3077 4250 3354 4305 ταλάντων
3379 4253 3480 4325 τήν

2046 4344 2202 4402 ρησιν
2232 4328 2540 4400 δεξάμενος.
2586 4332 2860 4398 Ἀκούετε,
2886 4334 3210 4404 παρακαλῶ,
3246 4338 3384 4408 μετά
3405 4339 3713 4411 ἀκριϐείας·

2040 4415 2109 4468 τά
2135 4414 2242 4486 γάρ
2270 4416 2444 4487 τούτῳ
2470 4416 2749 4486 συμϐάντα
2774 4420 2934 4474 ίκανά
2960 4420 3277 4476 καθικέσθαι
3313 4422 3412 4494 τῆς
3440 4426 3717 4499 ἡμετέρας

2041 4499 2239 4583 ψυχῆς,
2271 4501 2364 4583 καί
2387 4504 2570 4556 πείσαι
2594 4503 2655 4557 τὸ
2680 4505 2912 4575 χαλεπὸν
2941 4507 3100 4560 τοῦτο
3119 4507 3329 4578 νόσημα
3346 4509 3585 4581 ἐξορίσαι
3613 4514 3715 4583 τῆς

2040 4581 2279 4645 διανοίας
2306 4582 2407 4652 τῆς
2435 4584 2729 4655 ἡμετέρας.
2787 4582 2978 4653 Οὗτος
3016 4588 3196 4642 τοίνυν
3233 4591 3498 4653 ἐξελθὼν
3536 4581 3717 4663 εὗρεν

2039 4667 2149 4720 ἕνα
2173 4665 2293 4720 τῶν
2327 4668 2687 4723 συνδούλων
2706 4672 2915 4735 αὐτοῦ,
2944 4672 3012 4739 ὃς
3039 4674 3294 4742 ὤφειλεν
3312 4674 3472 4740 αὐτῷ
3495 4676 3717 4734 ἑκατὸν

2039 4752 2311 4820 δηνάρια.
2331 4753 2531 4807 Σκόπει
2572 4755 2814 4810 πόσοντὸ
2842 4758 3025 4828 μέσον.
3048 4750 3176 4812 Ὧδε
3204 4759 3486 4824 σύνδουλος
3509 4763 3538 4815 6
3563 4763 3715 4832 ὀφεί-

2038 4839 2144 4893 λων
2170 4841 2364 4894 ἐκατὺν
2385 4840 2635 4912 δηνάρια,
2655 4844 2773 4896 ἐκεῖ
2791 4843 3056 4915 δεσπότης
3081 4847 3109 4898 6
3136 4846 3407 4913 ἀπαηῶν,
3432 4849 3528 4902 καὶ
3541 4849 3716 4921 μύρια

2036 4921 2106 4996 ἦν
2132 4925 2366 4979 τάλαντα
2383 4940 2401 4958 ⁸
2435 4927 2530 4980 καὶ
2557 4928 2709 4998 ὅμως
2738 4928 2925 5001 ἐπειδὴ
2964 4926 3102 4984 εἶδεν
3127 4932 3436 4986 ἱκετεύοντα
3482 4936 3577 4989 καὶ
3605 4952 3712 4990 πα-

2041 5009 2400 5080 ρακαλοῦντα,
2426 5012 2805 5084 συνεχώρησεν
2829 5030 2844 5046 ⁸
2874 5011 3030 5080 οὗτος
3065 5017 3122 5070 δέ
3169 5019 3489 5087 Κρατήσας
3522 5021 3715 5075 αὑτὸν

2035 5096 2264 5167 ἕπ-νιγε,
2306 5096 2532 5167 λέγων’
2583 5099 2825 5168 Ἀπόδος
2867 5119 2971 5172 μοι
3008 5104 3066 5157 ετ
3090 5121 3148 5158 τι
3177 5105 3459 5173 ὀφείλεις.
3495 5106 3562 5160 Τί
3580 5101 3709 5173 οῦν;

2035 5182 2268 5249 Πεσὼν,
2290 5184 2475 5255 φησὶν,
2497 5186 2532 5239 ὁ
2553 5185 2900 5255 σύνδουλος
2927 5190 3136 5245 αὐτοῦ.
3167 5192 3307 5265 Ὅρα
3332 5192 3449 5257 πῶς
3470 5194 3710 5265 συνεχῶς

2039 5266 2264 5339 στρέφει
2290 5266 2352 5321 τὸ
2379 5267 2532 5341 ῥῆμα
2560 5268 2721 5323 τοῦτο
2737 5272 2768 5325 6
2802 5271 3195 5345 εὐαγγελιστὴς
3218 5313 3234 5336 ,
3281 5274 3344 5328 '0
3363 5275 3709 5344 σύνδουλος

2033 5353 2246 5418 αὑτοῦ,
2274 5354 2373 5426 οὐχ
2402 5354 2609 5420 ἁπλῶς,
2639 5356 2755 5410 ἀλλ’
2782 5356 2869 5412 ἵνα
2896 5357 3178 5430 μάθωμεν,
3217 5360 3300 5415 ὅτι
3328 5361 3481 5415 οὐδὲν
3504 5362 3708 5433 μεταξύ

2036 5438 2217 5493 αὐτῶν
2235 5439 2298 5494 τὸ
2326 5440 2512 5512 μέσον.
2542 5444 2655 5497 Καὶ
2706 5444 2858 5515 ὅμως
2896 5445 2995 5517 τὴν
3039 5445 3209 5517 αὐτὴν
3259 5447 3540 5520 ἱκετηρίαν
3571 5451 3708 5523 πρὸς

2099 5526 2291 5600 bU‘nug.
2319 5528 2481 5600 coge;
2521 5542 2549 5578 a
2594 5528 2777 5600 quillo
2826 5539 3125 5600 memoratus
3164 5531 3337 5582 οὐκοῦν
3384 5536 3706 5600 βουληθῶμεν,

2036 5600 2146 5656 qgaa
2174 5587 2326 5656 ιοοιίρ
2370 5589 2489 5656 Ιὶοει
2528 5588 2728 5656 punning
2750 5604 2846 5640 non
2896 5595 3109 5656 placeat!
3150 5587 3705 5656 attamen'senlént'iani

2037 5647 2253 5713 alioquin
2294 5647 2628 5713 impgrfectam
2668 5652 2862 5713 plenam
2899 5647 3189 5705 'exhibe'bil.
3242 5651 3427 5706 Verum
3484 5671 3580 5707 non
3624 5647 3705 5707 in;

2034 5706 2325 5780 solgnsfst
2366 5706 2736 5780 'Chrysosjonio,
2762 5725 2874 5780 cum
2908 5715 3228 5780 lqngjssimaq
3256 5717 3412 5766 nectit
3453 5706 3703 5780 periodris,

2033 5769 2330 5842 εβιιιθιιιίειῃ
2352 5769 2737 5842 οοηῗρει-ϐεετο,
2771 5777 2870 5826 alio
2913 5769 3145 5828 vidélicet
3162 5778 3250 5842 70h
3291 5769 3479 5842 τυρίεὼ
3498 5769 3703 5830 καιροὶ

2035 5826 2211 5877 liarum
2231 5826 2484 5882 abduclusl
