4102 6204
429 254 536 317 94)

427 374 592 428 ιιὺτδν
610 375 915 444 ἐποιήσατο,
934 375 1000 446 ἢν
1023 375 1119 429 καὶ
1143 369 1296 440 οὗτος
1327 367 1462 449 πρὸς
1483 379 1575 432 τὸν
1599 379 2086 450 δεσπότην,λέγων·

428 462 905 530 Μακροθύμησον
924 463 1016 515 ἐπ’
1045 462 1199 532 ἐμοὶ,
1227 465 1322 517 καί
1350 463 1547 518 πάντα
1565 480 1665 519 σοι
1681 464 1992 520 ἀποδώσω.
2033 465 2095 518 '0

424 547 512 610 δὲ,
542 550 724 618 φησὶν,
745 549 1026 604 ἀπελθὼν
1060 552 1279 604 ἔϐαλεν
1315 553 1502 606 αὐτόν
1525 554 1612 619 είς
1641 553 1756 621 τὴν
1788 551 2092 622 φυλακὴν,

431 637 533 701 ἕως
551 631 623 692 οὗ
642 636 848 702 ἀποδῷ
869 636 992 691 πᾶν
1007 639 1073 690 τὸ
1101 638 1495 708 ὀφειλόμενον
1512 638 1692 706 αὐτῷ.
1717 642 1781 694 Ὢ
1800 640 1898 711 τῆς
1917 641 2096 708 ἀγνω-

428 721 664 795 μοσύνης
693 723 1004 794 ὐπερϐολήι
1043 723 1262 779 ἔναυλον
1291 725 1428 795 ἔχων
1460 726 1557 797 τὴν
1587 728 1807 798 μνήμην
1843 728 1940 797 τῆς
1975 744 2097 780 τοσ-

423 809 593 876 αύτης
619 808 916 878 γενομένης
939 809 1267 879 φιλοτιμίας,
1302 811 1421 863 οὐδὲ
1465 812 1635 875 οὕτως
1669 813 1923 880 ἠνέσχετο
1957 830 2089 882 συμ-

1229 264 1286 318 S.
1327 261 1612 320 JOANNIS
1649 260 2135 320 CIIHYSOSTOMI
2176 261 2495 323 AlullllEP.
2537 261 3086 322 CONSTANTINOP.

3772 264 3875 324 25

2193 380 2377 444 λαντα,
2404 380 2656 433 τοσοῦτον
2686 380 2746 432 τὸ
2789 379 2951 450 μέσον
2991 379 3098 432 τῶν
3141 379 3424 450 ἡμετέρων
3470 381 3612 452 πρὸς
3653 382 3747 434 :01.
3789 385 3875 433 Δε·

2195 467 2399 536 σπότην
2426 465 2936 536 πλημμελημάτων,
2978 465 3210 518 καὶτῶν
3258 467 3338 530 είς
3381 467 3531 536 ἡμᾶς
3573 467 3877 537 γινομένων

2196 552 2347 623 παρά
2372 552 2481 605 τῶν
2509 553 2832 622 ὁμογενῶν),
2875 554 2996 606 τότε
3043 553 3139 605 καὶ
3184 552 3281 623 τὴν
3327 554 3716 623 ἀγανάκτησιν
3761 555 3880 607 ἐπι-

2191 638 2511 709 σπασόμεθα
2541 637 2635 692 τοῦ
2675 639 2971 704 Δεσπότου,
2999 639 3094 692 καὶ
3127 631 3203 692 ὧν
3237 640 3500 710 πρότερον
3528 641 3633 710 τὴν
3672 645 3880 710 συγχὼ-

2193 741 2348 795 ρησιν
2408 724 2726 795 ἐδεξάμεθα,
2783 725 2988 778 τούτων
3049 725 3210 779 πάλιν
3266 724 3362 795 τὴν
3416 725 3707 796 ὀφείλησιν
3741 732 3874 796 μετᾶ

2189 811 2436 880 βασάνων
2483 813 2830 865 ἀπαιτεῖσθαι
2888 812 3240 883 κελευόμεθα.
3271 811 3388 867 Ἵνα
3445 813 3558 885 γάρ
3608 814 3876 885 μάθωμεν

422 894 593 957 παθές
621 912 671 946 τι
698 893 1044 962 λογίσασθαι·
1077 896 1211 948 ἀλλά
1249 899 1354 967 πρό
1367 915 1510 968 τερον
1534 899 1633 969 μὲν
1669 899 1877 966 ἐπνιγε,
1910 898 2002 951 νῦν
2034 898 2092 950 δὲ
2186 898 2431 969 ἀκριϐῶς
2457 899 2537 950 ὃτι
2581 899 2718 969 πρὸς
2757 899 3026 968 ὠφέλειαν
3056 900 3162 952 τῶν
3209 899 3395 969 ψυχῶν
3427 900 3539 952 τῶν
3583 902 3876 972 ἡμετέρω·

423 982 517 1034 καὶ
545 983 623 1042 είς
651 981 1020 1052 δεσμωτήριον
1046 983 1317 1036 ἐνέϐαλεν.
2183 984 2282 1054 τὴν
2319 983 2631 1055 παραϐολὴν
2668 984 2874 1056 ταύτην
2915 987 3239 1058 παρήγαγεν
3280 987 3309 1038 ὁ
3341 986 3662 1057 Δεσπότης,
3707 988 3875 1040 ἄκουε

493 1067 557 1131 ζ’.
576 1067 711 1120 Ἀλλ’
729 1069 828 1137 ὅρα
852 1069 902 1120 τί
925 1067 1151 1136 γίνεται.
1171 1070 1420 1136 Ἰδόντες
1435 1070 1521 1130 δὲ,
1540 1072 1722 1142 φησὶν,
1746 1073 1800 1126 οί
1829 1071 2088 1125 σύνδου-
2183 1071 2274 1123 τοῦ
2305 1071 2676 1141 ἐπαγομένου·
2708 1072 2870 1125 Οὕτω
2899 1073 2997 1125 καί
3027 1077 3059 1126 ό
3089 1072 3290 1140 Πατὴρ
3327 1071 3493 1141 ὑμῶν
3523 1077 3558 1126 ὁ
3585 1071 3875 1141 οὐράνιος

422 1158 521 1209 λοι
547 1153 735 1208 αὑτοῦ
766 1154 1190 1222 ἐλυπήθησαν·
1239 1157 1336 1209 καὶ
1385 1157 1668 1222 ἐλθόντες
1711 1157 2091 1227 διεσάφησαν
2185 1158 2422 1224 ποιήσει
2468 1159 2643 1228 ὑμῖν,
2692 1159 2877 1229 φησὶν,
2926 1158 3035 1212 ἐὰν
3079 1159 3166 1226 μὴ
3217 1157 3411 1226 ἀφῆτε
3463 1158 3741 1224 ἕκαστος
3795 1159 3874 1224 τῷ

423 1237 502 1306 τῷ
550 1242 732 1309 κυρίῳ
775 1241 974 1295 αὐτῶν
1018 1242 1214 1296 πάντα
1237 1245 1308 1296 τὰ
1343 1245 1647 1312 γινόμενα.
1688 1246 1799 1298 Οὐκ
1826 1246 2031 1308 ἐκεῖνος
2061 1247 2090 1298 ὁ
2182 1243 2423 1314 ἀδελφῷ
2450 1245 2639 1301 αὐτοῦ
2664 1245 2781 1300 ἀπὸ
2815 1244 2934 1298 τῶν
2966 1243 3226 1312 καρδιῶν
3253 1242 3421 1313 ὑμῶν
3448 1244 3522 1297 τὰ
3548 1248 3877 1311 παρασιτῶ.

424 1325 723 1390 πεπονθὼς,
750 1329 900 1398 (πῶς
921 1329 1048 1398 γὰρ,
1067 1329 1464 1400 καθειργμένος
1486 1334 1543 1384 ἐν
1559 1331 1636 1401 τῷ
1656 1332 2011 1403 δεσμωτηρίῳ
2033 1349 2046 1396 j
2071 1333 2086 1394 )

420 1411 534 1469 ἀλλ’
557 1415 606 1467 οί
640 1414 930 1478 σύνδουλοι,
971 1417 1019 1468 οἱ
1056 1417 1220 1486 μηδὲν
1251 1417 1586 1487 ἠδικημένοι,
1617 1417 1690 1481 ὡς
1720 1418 2086 1487 ἀδικηθέντες,

419 1501 589 1564 οῦτως
622 1502 939 1572 ἠνιάθησαν.
972 1504 1064 1556 καὶ
1092 1503 1334 1567 ἐλθόντες
1362 1505 1576 1558 ἅπαντα
1605 1506 1899 1576 ἐμήνυσαν.
1945 1506 2087 1558 Ἀλλ’

337 1605 342 1608 ’
419 1589 520 1658 ὂρα
539 1587 632 1640 τοῦ
659 1589 917 1641 δεσπότου
939 1589 1122 1643 λοιπὸν
1137 1592 1233 1661 τὴν
1251 1592 1636 1660 ἀγανάκτησιν.
1667 1593 1809 1646 Τότε
1828 1606 2090 1660 προσκα·

417 1675 752 1743 λεσιὶμενος
788 1676 992 1740 αὑτὸν,
1025 1677 1178 1746 φησὶ,
1201 1675 1390 1747 λέγει·
1423 1679 1611 1731 Δοῦλε
1636 1678 1882 1746 πονηρέ.
1933 1679 2088 1750 Ἀλη-

419 1761 525 1823 θῶς
561 1761 808 1814 ἐντεῦθέν
843 1764 990 1813 ἐστιν
1026 1762 1153 1815 ίδεῖν
1186 1764 1308 1826 ὅσος
1340 1764 1435 1834 τῆς
1492 1765 1854 1834 μνησικακίας
1903 1767 1929 1817 ὁ
1968 1765 2086 1818 ὁλε-

419 1847 565 1918 θρος.
608 1848 797 1900 Ἦνίκα
846 1850 954 1918 γὰρ
984 1849 1050 1903 τὰ
1094 1849 1264 1919 μύρια
1316 1850 1550 1902 τάλαντα
1603 1850 1934 1919 ἐμεθὸδευεν,
1987 1853 2087 1904 οὐκ

417 1935 672 1987 ἐκάλεσεν
701 1934 860 1988 αὐτὸν
895 1936 1145 2007 πονηρὸν,
1172 1937 1306 1991 ἀλλά
1335 1937 1451 2000 νῦν,
1487 1938 1575 1990 0:5
1601 1939 1728 2008 1:591
1751 1938 1839 1992 τὸν
1867 1938 2086 1991 σύνδου-

416 2021 506 2074 λον
533 2020 753 2089 γέγονεν
777 2021 1008 2092 ἀπηνής.
1044 2025 1274 2090 Πονηρὲ
1299 2022 1502 2084 δοῦλε,
1535 2024 1687 2094 φησὶ,
1739 2024 1946 2078 πᾶσαν
1975 2024 2087 2092 τὴν

416 2107 672 2177 ὀφειλὴν
694 2108 934 2174 ἐκείνην
969 2107 1173 2177 ἀφῆκά
1213 2125 1332 2175 σοι,
1377 2111 1506 2164 ἐπεὶ
1536 2110 1954 2178 παρεκάλεσάς
1986 2129 2082 2181 με.

415 2191 562 2264 ’Ὀρα
593 2193 710 2256 πῶς
759 2192 1027 2245 δείκνυσιν
1059 2193 1222 2246 αὐτοῦ
1267 2197 1365 2265 τῆς
1399 2196 1597 2259 κακίας
1629 2196 1726 2266 τὴν
1756 2197 2082 2269 ὑπερϐολήν.

415 2281 507 2350 Μὴ
538 2278 647 2350 γὰρ
677 2278 838 2332 πλέον
877 2296 929 2331 τι
959 2279 1254 2345 ἐπεδείξω;
1312 2281 1494 2350 φησίν.
1528 2284 1660 2352 Οὐχὶ
1696 2286 1913 2354 ῥήματα
1954 2283 2085 2352 ψιλά

417 2368 679 2438 ἐποιήσω,
709 2367 803 2420 καί⁵
835 2367 1123 2436 δεξάμενός
1159 2385 1250 2422 σου
1276 2370 1374 2438 τὴν
1400 2369 1626 2429 ἱκεσίαν.
1661 2373 1839 2424 πᾶσαν
1872 2371 2085 2442 ἐκείνην

413 2452 513 2522 τὴν
547 2454 789 2524 μεγάλην
822 2455 915 2506 καὶ
951 2454 1261 2526 ἀπόρρητον
1288 2457 1506 2527 ὀφειλὴν
1551 2457 1935 2528 συνεχώρησα;
1962 2460 2084 2512 Οὐκ

415 2539 536 2594 ἔδει
559 2541 656 2594 καί
679 2539 756 2594 σὲ
791 2539 1042 2606 ἐλεῆσαι
1078 2542 1180 2595 τὸν
1206 2543 1556 2596 σύνδουλόν
1583 2561 1721 2607 σου,
1751 2545 1830 2610 ὡς
1849 2546 1944 2598 καὶ
1973 2544 2086 2614 ἐγώ

414 2643 490 2680 σε
533 2624 800 2694 ἠλέησα;
845 2627 1009 2690 Ποίας
1037 2627 1104 2681 ἂν
1131 2630 1246 2698 είης
1285 2629 1433 2701 [266]
1465 2630 1612 2694 ἄξιος
1657 2630 2002 2700 συγγνώμης,
2036 2633 2086 2684 εί

414 2713 526 2784 ἐγὼ
558 2714 656 2784 μὲν
702 2716 730 2768 ό
763 2715 1027 2784 δεσπότης
1057 2731 1150 2767 σου
1196 2715 1448 2769 τοσοῦτον
1497 2715 1660 2784 ὄγκον
1706 2718 2083 2788 ὀφειλημάτων

411 2800 503 2854 διὰ
530 2801 599 2854 τὰ
629 2801 756 2870 ψιλά
782 2801 963 2853 ἐκεῖνα
992 2803 1214 2872 ῥήματα
1243 2801 1614 2873 συνεχώρησα,
1661 2805 1724 2856 σὺ
1757 2803 1812 2855 δὲ
1842 2805 1931 2856 τὸν
1963 2806 2085 2856 σύν-

414 2887 598 2941 ὼυλὸν
623 2905 713 2940 σου
740 2888 1086 2958 τὸν-ὁμογενῆ
1127 2888 1227 2940 οὐκ
1246 2889 1507 2958 ἡλέησας,
1537 2889 1658 2942 οὐδέ
1703 2891 2080 2960 ἐπεκάμφθης,

415 2976 535 3030 οὐδὲ
561 2979 638 3038 είς
671 2977 892 3046 μνήμην
929 2974 1099 3027 ἐλθὼν
1129 2976 1236 3027 τῶν
1266 2975 1620 3044 ὑπαρξάντων
1665 2992 1746 3027 σοι
1777 2979 1903 3046 παρ’
1929 2977 2082 3046 ἐμοῦ,

417 3047 678 3125 ἐπεδείξω
699 3061 822 3113 τινὰ
849 3061 977 3131 1:591
1001 3061 1162 3115 αὐτὸν
1187 3062 1549 3131 συμπάθειαν,
1575 3060 1690 3113 ἀλλ’
1714 3063 1935 3133 ἀνελεὴς
1966 3065 2085 3130 ἐγέ⁸

417 3166 509 3202 νου
529 3149 622 3202 καὶ
643 3147 810 3218 ὠμὸς,
841 3148 934 3200 καὶ
961 3147 1178 3216 ἐλεῆσαι
1200 3147 1290 3199 τὸν
1321 3148 1599 3200 σύνδουλόν
1629 3165 1723 3202 σου
1753 3150 1851 3202 οὐκ
1887 3150 2082 3220 ἠθέλη-

419 3253 551 3300 σας;
579 3234 677 3287 Διά
711 3235 866 3287 τοῦτο
913 3233 1147 3288 ἐνταῦθα
1192 3233 1410 3304 μαθήσῃ
1439 3235 1524 3288 διὰ
1579 3240 1680 3308 τῆς
1712 3237 1905 3308 πείρας
1945 3238 2084 3293 ὅσων

417 3321 604 3376 κακῶν
633 3321 810 3390 ἐαυτῷ
844 3322 1015 3384 αἴτιος
1050 3321 1340 3390 κατέστης.
1368 3322 1475 3376 Καὶ
1505 3323 1802 3393 ὀργισθείς
1823 3327 1856 3378 ὁ
1883 3325 2084 3392 κύριος

417 3410 602 3464 αὐτοῦ
657 3409 1003 3476 παρέδωκεν
1064 3409 1252 3462 αὐτὸν
1296 3409 1420 3475 τοῖς
1457 3410 1881 3478 βασανισταῖς.
1940 3410 2078 3483 Ὂρα

417 3497 512 3549 καὶ
565 3495 660 3548 νῦν
693 3494 854 3549 αὐτὸν
886 3494 1237 3565 ὀργιζόμενον
1287 3494 1375 3548 διά
1412 3497 1509 3566 τὴν
1537 3498 1616 3559 είς
1671 3496 1761 3549 τὸν
1800 3497 2084 3553 σύνδουλον

415 3583 830 3654 ἀπανθρωπίαν,
884 3583 1119 3646 καὶτοῖς
1162 3583 1511 3653 βασανισταῖς
1565 3585 1952 3655 παραδιδόντα·
1991 3588 2084 3640 καὶ

415 3671 552 3739 ὅπερ
581 3669 844 3739 πρότερον
867 3670 967 3721 οὐκ
999 3669 1252 3741 ἐποίησεν
1277 3711 1291 3732 ,
1322 3671 1484 3740 ἡνίκα
1507 3671 1779 3736 τοσούτοις
1802 3676 1912 3736 τοῖς
1937 3674 2082 3742 ὀφει-

417 3757 654 3826 λήμασιν
691 3755 986 3816 ὑπεύθυνος
1051 3751 1157 3826 ἦν,
1223 3756 1320 3809 νῦν
1369 3757 1577 3810 κελεύει
1627 3758 1893 3825 γίνεσθαι.
1934 3764 2084 3826 Παρ-

414 3843 600 3896 ἐόωκε
627 3843 736 3914 γὰρ
775 3842 960 3895 αὐτόν
992 3843 1116 3908 τοῖς
1144 3843 1550 3910 ,βασανισταῖς
1571 3883 1586 3907 ,
1625 3844 1735 3910 ἓως
1771 3841 1842 3900 οὗ
1883 3846 2086 3912 ἀποδῷ

417 3927 544 3983 πᾶν
599 3928 663 3981 τὸ
728 3929 1155 3997 ὀφειλόμενον·
1209 3929 1314 3992 ἕως
1371 3924 1472 3993 οὗ,
1541 3930 1674 3999 φησὶ
1706 3969 1722 3994 ,
1787 3931 1856 3982 τά
1915 3931 2084 4002 μύρια

422 4015 654 4070 τάλαντα
679 4057 695 4080 ,
753 4010 829 4069 ὧν
878 4016 976 4088 τὴν
1041 4017 1388 4090 συγχώρησιν
1439 4018 1540 4089 ήδη
1607 4018 1790 4072 λαϐὼν
1837 4021 2045 4092 ἀπῆλθε
2068 4063 2084 4087 ,

415 4102 590 4156 ταῦτα
638 4103 968 4175 καταϐάλλῃ.
1029 4105 1273 4177 Μεγίστη
1329 4106 1422 4160 καὶ
1471 4108 1676 4176 ἀφατος
1727 4110 1760 4178 ἡ
1799 4109 1892 4162 τοῦ
1949 4109 2082 4162 Θεοῦ

419 4192 834 4262 φιλανθρωπία·
870 4193 1031 4263 ἡνίκα
1084 4193 1180 4262 μὲν
1208 4194 1316 4265 γὰρ
1362 4195 1524 4258 αὐτὸς
1570 4195 1887 4265 ἐμεθόὸευεν
1934 4199 2084 4250 ἐπει-

419 4279 483 4347 δὴ
525 4278 624 4348 τὴν
684 4278 892 4330 ἱκεσίαν
939 4280 1267 4347 ἐποιήσατο,
1324 4280 1737 4351 συνεχώρησεν·
1794 4283 1979 4354 ἐπειδὴ
2027 4284 2084 4336 δὲ

419 4358 559 4416 εἶδεν
611 4363 772 4416 αὐτὸν
823 4363 952 4434 1:591
1005 4363 1096 4416 τὸν
1140 4363 1421 4418 σύνδουλόν
1471 4365 1620 4436 ὠμὸν
1665 4368 1756 4420 καὶ
1805 4369 2086 4439 ἀπάνθρω-

421 4462 522 4500 πον
573 4447 866 4515 γεγονότα,
917 4448 1034 4501 τότε
1091 4448 1276 4503 λοιπὸν
1330 4451 1426 4521 τὴν
1481 4451 1687 4504 οίκείαν
1735 4454 2084 4509 ἀνακαλεῖται

421 4533 754 4604 φιλοτιμίαν,
781 4533 993 4598 δεικνὺς
1025 4535 1175 4607 αὐτῷ
1218 4537 1306 4590 διά
1345 4537 1452 4591 τῶν
1494 4541 1840 4610 πραγμάτων
1881 4543 2082 4610 αὐτῶν,

420 4621 498 4683 ώς
538 4622 597 4674 οὐ
649 4621 899 4675 τοσοῦτον
947 4624 1153 4676 ἐκεῖνον
1205 4624 1492 4694 ἠδίκησεν,
1537 4628 1661 4681 ὅσον
1709 4629 1918 4682 ἐαυτόν.
1977 4631 2088 4685 Καὶ

421 4707 672 4779 καθάπερ
701 4709 903 4773 ἐκεῖνος
928 4711 1007 4772 είς
1041 4709 1284 4782 φυλακὴν
1313 4711 1526 4778 ἔϐαλεν,
1557 4714 1663 4778 ἓως
1691 4708 1752 4768 οὗ
1799 4716 1984 4786 ἀποδῷ
2025 4718 2087 4772 :0

421 4794 786 4864 έφειλόμενον,
823 4794 964 4877 οὕτω
1010 4799 1105 4852 καὶ
1155 4799 1318 4864 αὐτὸς
1360 4804 1474 4866 τοῖς
1512 4801 1862 4872 βασανισταῖς
1911 4823 2088 4877 παρα-

419 4878 667 4947 δέδωκεν,
696 4881 801 4946 ἒως
833 4875 893 4936 οὐ
925 4883 1145 4939 ἅπασαν
1183 4887 1393 4960 καταϐῇ
1423 4889 1520 4960 τὴν
1548 4891 1788 4963 ὁφειλήν.
1819 4875 2002 4946 Ταῦτα
2030 4893 2087 4946 δέ

421 4968 483 5020 οὐ
516 4969 646 5039 περὶ
686 4969 965 5025 ταλάντων
1003 4974 1098 5026 καὶ
1129 4974 1258 5045 1:591
1300 4976 1569 5048 δηναρίων
1603 4979 1789 5043 άπλῶς
1841 4981 2085 5051 είρηκεν,

422 5053 559 5106 ἀλλά
593 5055 719 5125 περὶ
751 5056 1028 5128 ἁμαρτίας
1055 5060 1084 5111 0
1120 5058 1277 5128 λόγος
1318 5063 1412 5114 καὶ
1459 5065 1720 5132 μεγέθους
1766 5066 2088 5137 πλημμελη-

426 5139 630 5208 μάτων,
661 5142 748 5195 ῖνα
779 5143 1039 5214 μάθωμεν
1073 5145 1156 5198 ὅτι
1198 5148 1358 5217 ἡμεῖς
1391 5151 1488 5217 μὲν
1519 5152 1726 5222 μυρίων
1765 5153 2089 5224 πλημμελη-

425 5227 612 5296 μάτων
653 5230 810 5294 δίκας
853 5231 1156 5300 ὀφείλοντες
1185 5233 1264 5303 τῷ
1304 5235 1578 5308 Δεσπότῃ,
1617 5238 1704 5291 διὰ
1745 5239 1842 5308 τὴν
1884 5239 2089 5307 άφατον

421 5315 583 5368 αὐτοῦ
619 5317 1026 5389 φιλανθρωπίαν
1068 5321 1414 5393 συγχώρησιν
1449 5325 1575 5393 παρ’
1603 5324 1767 5378 αὐτοῦ
1799 5327 2086 5397 δεχόμεθα.

435 5400 560 5455 Ἐὰν
596 5405 652 5455 δὲ
696 5407 826 5475 1:591
861 5413 988 5471 τους
1021 5407 1342 5478 ὁμοδούλους
1370 5410 1463 5463 καὶ
1494 5410 1622 5474 τοὺς
1657 5414 1958 5482 ὁμογενεῖς,
1995 5416 2091 5468 καὶ⁸

421 5485 548 5549 τούς
596 5489 697 5558 τῆς
739 5490 908 5560 αὐτῆς
956 5493 1087 5562 ἡμῖν
1135 5492 1350 5562 φύσεως
1385 5495 1774 5560 κοινωνοῦντας
1803 5497 1944 5568 ὠμοὶ
1995 5501 2090 5553 καὶ

421 5572 777 5642 ἀπάνθρωποι
806 5577 1110 5647 γενώμεθα,
1141 5581 1234 5632 καὶ
1259 5581 1327 5634 τὰ
1348 5582 1426 5644 είς
1453 5583 1596 5652 ἡμᾶς
1625 5583 1730 5654 πλη
1741 5584 1945 5652 μμελού
1954 5603 2089 5654 μενα

427 5658 503 5728 μὴ
536 5657 896 5730 διαλύσωμεν,
942 5664 1055 5716 ἀλλ’
1083 5667 1223 5735 ὑπὲρ
1267 5668 1373 5720 τῶν
1419 5669 1648 5724 εὐτελῶν
1676 5669 1880 5723 τούτων
1919 5689 2087 5740 ,πονη-

427 5741 719 5816 ρευώμεθα
761 5748 903 5815 (ὅσον
947 5751 1054 5816 γὰρ
1105 5753 1296 5806 ἑκατὸν
1333 5754 1560 5824 δηνάρια
1602 5759 1736 5826 πρὸς
1773 5756 1940 5827 μύρια
1987 5759 2083 5810 τά-

2176 1349 2334 1400 [lata
2353 1332 2570 1385 αὐτῶν.
2595 1332 2754 1400 Μέγα
2781 1331 2881 1400 τῆς
2907 1330 3220 1400 παραϐολῆς
3245 1331 3306 1383 τὺ
3332 1330 3546 1398 κέρδος,
3581 1331 3755 1400 μόνον
3782 1333 3876 1385 ἐὰν

2185 1417 2470 1486 προσέχειν
2487 1417 2818 1487 βουλώμεθα.
2840 1417 2905 1469 Τί
2922 1417 3030 1487 γάρ
3051 1415 3302 1468 τοσοῦτον
3322 1417 3540 1486 ἀφεῖναι
3561 1417 3873 1488 δυνάμεθα,

2180 1503 2303 1554 ὅσον
2337 1503 2559 1572 ἀφίεται
2587 1504 2719 1574 ἡμῖν
2755 1503 2908 1573 παρὰ.
2933 1501 3025 1554 τοῦ
3051 1501 3361 1567 Δεσπότου;
3395 1504 3507 1555 Καὶ
3538 1504 3714 1573 ἡμεῖς
3748 1505 3874 1573 μὲν.

2180 1588 2276 1643 ἐὰν
2318 1590 2478 1643 τοῦτο
2531 1588 2902 1660 βουληθῶμεν,
2944 1587 3253 1660 ὁμοδούλοις
3294 1589 3562 1658 ἀφίεμεν·
3596 1590 3766 1642 αὐτοὶ
3815 1591 3876 1642 δὲ

2181 1678 2330 1750 παρὰ
2360 1679 2454 1731 τοῦ
2487 1678 2754 1731 Δεσπότου
2784 1678 2880 1747 τὴν
2916 1675 3261 1747 συγχώρησιν
3293 1675 3585 1746 δεχόμεθα.
3616 1677 3739 1730 Καὶ
3767 1677 3874 1747 ὄρει

2181 1765 2276 1816 καὶ¹
2309 1765 2409 1834 τὴν
2434 1763 2718 1835 ἀκρίϐειαν
2747 1763 2854 1815 τῶν
2881 1763 3208 1832 εἰρημένων.
3232 1762 3306 1814 Οὐ
3334 1760 3443 1832 γὰρ
3464 1759 3619 1814 εἶπεν
3650 1763 3872 1827 ἁπλῶς,

2180 1849 2274 1903 ἐὰν
2312 1851 2386 1920 μὴ
2437 1850 2615 1919 ἀφῆτε
2667 1851 2778 1910 τοῖς
2826 1847 3133 1919 ἀνθρώποις
3179 1849 3249 1901 τά
3290 1848 3686 1918 ἡμαρτημένα,
3731 1849 3874 1902 ἀλλὰ

2177 1938 2262 2003 τί;
2298 1938 2432 1990 Ἐὰν
2462 1937 2548 2006 μὴ
2579 1935 2772 2005 ἀφῆτε
2803 1935 3061 2000 ἕκαστος
3091 1933 3172 2000 τῷ
3200 1934 3445 2003 ἀδελφῷ
3477 1934 3673 1988 αὑτοῦ
3709 1934 3868 2008 [ἒϐη

2179 2024 2299 2078 ἀπὸ
2344 2022 2464 2076 τῶν
2504 2021 2762 2091 καρδιῶν
2804 2021 2971 2090 ὑμῶν
3016 2021 3088 2075 τὰ
3138 2020 3582 2089 παραπτώματα
3633 2022 3863 2077 αὐτῶν.

2180 2111 2377 2164 Σκόπει
2410 2110 2529 2174 πῶς
2579 2109 2826 2181 βούλεται
2855 2109 3027 2179 αὐτὴν
3069 2107 3228 2178 ἡμῶν
3271 2108 3371 2178 τὴν
3404 2106 3632 2178 καρδίαν
3672 2109 3738 2160 ἐν
3768 2125 3863 2176 γα·

2179 2198 2312 2270 λήνῃ
2365 2198 2459 2251 καὶ
2512 2197 2713 2268 ἡσυχία
2746 2195 3058 2266 τυγχάνειν,
3109 2195 3205 2249 καὶ
3246 2194 3339 2247 τὸν
3385 2194 3651 2264 λογισμὸν
3704 2195 3861 2264 ἡμῶν

2179 2285 2472 2354 ἀτάραχον,
2511 2284 2606 2337 καὶ
2640 2282 2840 2346 παντὸς
2867 2280 3210 2351 ἀπηλλάχθαι
3249 2279 3478 2344 πάθους,
3524 2281 3622 2332 καὶ
3653 2281 3859 2350 «om.

2178 2370 2273 2441 τὴν
2306 2370 2441 2440 πρὸς
2474 2371 2600 2432 τοὺς
2631 2368 2856 2438 πλησίον
2885 2368 3030 2438 ἡμᾶς
3072 2366 3477 2419 ἐπιδείκνυσθαι
3503 2365 3604 2436 τὴν
3633 2365 3858 2435 (9:11:70-

2181 2457 2449 2526 θωσύνην.
2499 2456 2609 2509 Καὶ
2657 2453 2889 2524 ἀλλαχοῦ
2923 2455 2980 2507 δὲ
3027 2453 3188 2506 πάλιν
3229 2452 3376 2504 ἐστιν
3406 2453 3573 2505 αὐτοῦ
3623 2454 3857 2507 ἀκοῦσαι

2177 2544 2453 2612 λέγοντος·
2498 2544 2634 2594 Ἐὰν
2663 2542 2770 2612 γὰρ
2800 2539 2992 2608 ἀφῆτε
3028 2539 3152 2605 τοῖς
3187 2537 3519 2606 ἀνθρώποις
3564 2545 3637 2592 τὰ
3673 2555 3861 2608 παρο-

2178 2629 2457 2698 πτώματα
2500 2627 2720 2692 αὐτῶν,
2774 2627 2998 2696 ἀφήσει
3037 2626 3133 2679 καί
3174 2625 3319 2695 ὑμῖν
3356 2629 3390 2679 ὀ
3437 2626 3644 2694 Πατὴρ
3688 2628 3858 2697 ὑμῶν

2179 2717 2212 2768 ό
2238 2714 2536 2782 οὐράνιος.
2581 2714 2673 2784 Μὴ
2721 2714 2898 2766 τοίνυν
2931 2713 3241 2782 νομίσωμεν
3285 2712 3470 2782 ἕτερον
3516 2713 3857 2783 εὐεργετεῖν,

2179 2802 2306 2854 ὅταν
2334 2801 2490 2854 τοῦτο
2523 2800 2838 2871 ποιῶμεν,ἥ
2869 2799 3109 2870 μεγάλην
3136 2798 3259 2852 τινὰ
3280 2800 3358 2862 είς
3390 2801 3599 2852 ἐκεῖνον
3631 2801 3858 2854 κατατί-

2181 2889 2364 2940 θεσθαι
2398 2890 2574 2960 χάριν.
2607 2889 2768 2940 Αὐτοὶ
2799 2888 2908 2957 γάρ
2938 2889 3104 2956 ἐσμεν
3131 2887 3181 2940 οί
3212 2887 3313 2955 τῆς
3345 2887 3668 2956 εὐεργεσίας
3719 2889 3859 2942 ἀπο-

2178 2975 2450 3038 λαύοντες,
2495 2975 2589 3027 καὶ
2631 2974 2766 3027 πολὺ
2797 2975 2857 3026 :0
2890 2972 3079 3044 κέρδος
3117 2975 3331 3036 ἐαυτοῖς
3369 2972 3620 3026 ἐντεῦθεν
3652 2973 3854 3044 προξει

2177 3062 2421 3123 νοῦντες·
2457 3060 2643 3131 ὥσπερ
2672 3061 2765 3114 ἐὰν
2803 3060 2877 3131 μὴ
2910 3059 3068 3113 τοῦτο
3098 3059 3362 3130 ποιῶμεν,
3402 3059 3566 3113 πάλιν
3607 3062 3856 3124 ἐκείνους

2183 3150 2280 3219 μὲν
2307 3149 2416 3201 οὐδ’
2445 3149 2580 3210 ὅλως
2613 3149 2866 3218 ἀδικῆσαί
2896 3166 2950 3200 τι
2998 3147 3357 3218 δυνησόμεθα,
3389 3148 3598 3212 ἑαυτοῖς
3646 3149 3704 3202 δὲ
3754 3152 3856 3219 τὴν

2178 3237 2445 3306 ἀφόρητον
2493 3236 2590 3304 τῆς
2632 3235 2856 3304 γεέννης
2900 3235 3118 3288 κόλασιν
3175 3235 3694 3306 προευτρεπίζομεν.
3735 3237 3852 3293 Διὸ.

2179 3320 2506 3391 παρακαλῶ,
2563 3320 2734 3373 ταῦτα
2788 3319 3125 3389 λογιζόμενοι
3188 3320 3456 3390 μηδέποτε
3510 3320 3858 3390 ἀνεχώμεθα

2176 3411 2287 3472 τοῖς
2327 3407 2684 3478 λελυπηκόσιν
2715 3407 2941 3478 ἡμᾶς,ἢ
2976 3406 3179 3477 ἐτέρως
3207 3423 3325 3470 πως
3369 3407 3655 3478 ἀδικήσασι
3705 3425 3858 3479 μνη-

2180 3498 2445 3555 σικακεῖν,
2473 3495 2505 3566 ἢ
2533 3495 2816 3566 ἐχθρωδῶς
2855 3493 2990 3564 πρὸς
3018 3493 3215 3557 αὐτοὺς
3254 3493 3588 3546 διακεῖσθαι·
3621 3495 3740 3548 ἀλλ’
3767 3498 3856 3548 ἐνο

2177 3581 2394 3643 νοῦντες
2423 3581 2553 3651 ὅσης
2583 3583 2715 3650 ἡμῖν
2756 3579 3074 3650 εὐεργεσίας
3115 3579 3364 3649 πρόξενοι
3405 3579 3498 3632 καὶ
3537 3582 3853 3652 παρρησίας

2179 3669 2329 3739 παρὰ
2351 3668 2427 3738 τῷ
2453 3669 2696 3738 Δεσπότῃ
2725 3667 2982 3734 γίνονται,
3012 3667 3108 3719 καὶ
3150 3667 3254 3736 1:90
3279 3669 3497 3720 πάντων
3525 3669 3606 3720 ὅτι
3635 3668 3853 3739 δαπάνη

2176 3757 2434 3826 τυγχάνει
2464 3754 2573 3806 τῶν
2598 3754 2881 3824 ἡμετέρων
2914 3753 3330 3823 ἁμαρτημάτων
3361 3756 3392 3823 ἡ
3440 3755 3572 3825 πρὸς
3598 3757 3725 3818 τοὺς
3761 3757 3853 3807 λυ-

2179 3846 2457 3912 πὴσαντας
2503 3841 2838 3911 καταλλαγὴ,
2872 3840 3189 3910 σπεύδωμεν
3221 3841 3316 3894 m1
3349 3842 3723 3911 ἐπειγώμεθα,
3757 3844 3853 3896 καὶ

2176 3929 2236 3981 τὸ
2260 3932 2324 3981 ἐκ
2351 3928 2538 3980 τούτου
2567 3928 2757 3997 κέρδος
2786 3926 3090 3990 ἐννοοῦντες
3131 3927 3402 3998 τοσαύτην
3447 3929 3851 3999 ἐπιδειξώμεθα

2183 4016 2311 4085 1:591
2353 4015 2478 4077 τοὺς
2523 4015 2854 4084 ἠδικηκότας
2911 4013 3227 4085 θεραπείαν,
3264 4015 3462 4068 ὡσανεὶ
3511 4016 3648 4086 1:90;
3694 4018 3853 4089 εὐερ-

2177 4103 2342 4170 γέτας
2385 4101 2616 4172 ἀληθῶς.
2660 4101 2785 4154 Ἐἀν
2816 4101 2926 4172 γὰρ
2957 4102 3237 4171 νήφωμεν,
3274 4102 3373 4171 οὐχ
3416 4101 3585 4164 οὕτως
3622 4102 3673 4154 οἱ
3713 4121 3852 4172 γνηο

2180 4190 2308 4252 σίως
2342 4189 2469 4260 περὶ
2509 4191 2654 4259 ἡμᾶς
2707 4189 3034 4259 διακείμενοι
3083 4191 3176 4241 καὶ
3223 4190 3385 4241 παντὶ
3439 4189 3628 4260 τρόπῳ
3679 4189 3850 4260 θερμά⁴

2179 4275 2365 4328 πεύειν
2395 4274 2779 4339 σπουδάζοντες
2823 4275 3096 4344 ὠφελῆσαι
3129 4276 3273 4345 ἡμᾶς
3315 4275 3660 4346 δυνήσονται,
3697 4277 3780 4339 ὡς
3818 4274 3853 4347 ἡ

2181 4362 2310 4432 1:591
2365 4361 2586 4424 τούτους
2631 4361 2912 4431 θεραπεία,
2965 4361 3148 4428 ἀξίους
3181 4364 3329 4431 ἡμᾶς
3359 4363 3459 4433 τῆς
3500 4362 3710 4417 άνωθεν
3759 4366 3853 4417 50-

2180 4449 2328 4511 νοίας
2367 4449 2812 4521 ἀπεργαζομένη,
2849 4450 2940 4503 καὶ
2983 4449 3075 4502 τοῦ
3107 4451 3326 4519 φορτίου
3366 4449 3475 4503 τῶν
3522 4453 3856 4522 ἡμαρτημέ-

2179 4550 2286 4587 νων
2313 4536 2445 4604 ἡμῖν
2480 4535 2831 4604 ἐπικουφίζων
2840 4552 2928 4587 σα.

2249 4635 2320 4698 η’.
2358 4630 2640 4698 Ἐννόησον
2680 4633 2789 4698 γάρ
2830 4647 2940 4700 μοι,
2982 4629 3252 4700 ἁγαπητὲ,
3285 4629 3408 4682 ὅσον
3437 4631 3534 4700 τῆς
3559 4629 3767 4700 ἀρετῆς
3795 4633 3859 4685 :0

2185 4715 2410 4786 μέγεθος
2437 4717 2640 4785 ταύτης
2669 4716 2776 4769 ἀπὸ
2803 4718 2910 4769 τῶν
2939 4716 3211 4778 ἐπάθλων,
3244 4708 3318 4768 ὧν
3345 4715 3712 4786 ἐπηγγείλατο
3741 4721 3858 4780 τοῖς

2181 4805 2383 4876 ταύτην
2418 4805 2837 4876 κατωρθωκὸσιν
2869 4809 2896 4860 ὁ
2936 4806 3044 4861 τῶν
3091 4806 3227 4859 ὅλων
3281 4805 3432 4869 Θεός.
3485 4804 3673 4860 Εἰπὼν
3716 4809 3854 4878 γὰρ,

2195 4892 2474 4962 Ὰγῑιπᾱτε
2518 4893 2659 4960 τοὺς
2697 4893 2949 4963 ἐχθροὺς
2987 4893 3172 4964 ὑμῶν,
3200 4893 3502 4962 εὐλογεῖτε
3535 4893 3681 4959 τοὺς
3711 4893 3858 4947 διώ-ο

2183 4997 2396 5048 κοντας
2418 4979 2592 5050 ὑμᾶς,
2615 4981 2866 5050 εὔχεσθε
2888 4982 3038 5048 ὑπὲρ
3060 4981 3178 5034 τῶν
3197 4979 3640 5048 ἐπηρεαζόντων
3662 4980 3824 5048 ὑμᾶς
3838 4999 3854 5011 ο

2183 5068 2370 5139 ἐπειδὴ
2405 5068 2613 5139 μεγάλα
2638 5065 2704 5139 ἦν
2735 5068 2804 5122 τά
2839 5068 3188 5139 ἐπιτάγματα
3218 5068 3434 5136 καὶτῆς
3468 5067 3642 5136 ἄκρας
3687 5068 3858 5121 ἀπτό-

2187 5172 2323 5226 μενα
2370 5156 2651 5228 κορυφῆς,
2695 5157 2894 5225 φησίν·
2930 5156 3125 5221 Ὅπως
3176 5155 3434 5225 γένησθε
3489 5153 3679 5222 ὅμοιοι
3744 5155 3855 5208 τοῦ

2183 5243 2415 5310 Πατρός
2444 5242 2609 5313 ὑμῶν
2646 5244 2748 5298 τοῦ
2795 5244 2866 5296 ἐν
2897 5242 3022 5308 τοῖς
3057 5241 3356 5309 οὐρανοῖς,
3402 5241 3491 5294 ὅτι
3534 5240 3643 5292 τὸν
3675 5238 3858 5307 ἥλιον

2185 5329 2369 5384 αὑτοῦ
2409 5332 2722 5385 ἀνατέλλει
2757 5329 2854 5383 ἐπὶ
2906 5330 3209 5396 πονηροὺς
3246 5327 3345 5381 καί
3408 5325 3704 5396 ἀγαθοὺς.
3753 5327 3858 5380 καὶ

2178 5416 2386 5486 βρέχει
2429 5417 2527 5470 ἐπὶ
2562 5417 2832 5483 δικαίους
2871 5415 2967 5470 καὶ
3005 5416 3273 5480 ἀδίκους.
3313 5411 3466 5478 Εἶδες
3505 5414 3647 5466 κατὰ
3694 5413 3859 5466 δύνα-

2187 5519 2279 5572 μιν
2311 5502 2658 5575 ἀνθρωπίνην
2692 5503 2795 5556 τίνι
2825 5503 3123 5574 παρόμοιος
3154 5502 3362 5570 γίνεται
3404 5503 3433 5554 ὁ
3469 5499 3542 5570 μὴ
3584 5500 3742 5568 μόνον
3777 5500 3860 5570 μὴ

2185 5588 2523 5660 ἀμυνόμενος
2551 5590 2676 5652 τοὺς
2714 5590 3111 5660 λελυπηκότας,
3149 5587 3283 5642 ἀλλὰ
3317 5588 3410 5640 καὶ
3451 5584 3858 5656 προσεύχεσθαι

2192 5675 2331 5745 ὑπὲρ
2363 5675 2541 5729 αὐτῶν
2587 5674 2931 5740 σπουδάζων;
2965 5675 3056 5746 Μὴ
3089 5677 3262 5728 τοίνυν
3291 5672 3680 5740 ἀποστερῶμεν
3725 5673 3861 5725 ἐαυ-

2189 5760 2313 5820 τοὺς
2351 5759 2440 5811 διὰ
2489 5759 2754 5830 ρᾳθυμίαν
2801 5760 3057 5815 τοιούτων
3092 5760 3308 5830 δωρεῶν
3337 5756 3564 5812 καὶτῶν
3602 5755 3862 5812 ἐπάθλων
