4116 6196
288 317 394 377 259

291 433 620 505 supplicabat
643 430 831 486 eodem
860 427 1018 483 modo
1038 469 1052 490 ,
1085 442 1189 497 quo
1218 427 1306 480 ille
1331 435 1483 478 antea
1510 424 1726 478 domino
1744 465 1760 490 ,
1791 421 1873 478 di-

292 541 425 582 cens
450 565 462 578 .
499 523 802 576 Patientium
824 517 950 572 [urbe
968 519 1020 570 in
1042 533 1140 580 me,
1163 525 1208 569 et
1227 517 1396 569 omnia
1421 515 1506 567 tibi
1532 514 1758 568 reddam.
1783 512 1882 566 Ille

294 627 483 682 autem,
513 615 701 682 inquit,
725 627 975 682 egressus,
1005 607 1217 675 coniecit
1245 606 1391 659 illunt
1417 606 1468 658 in
1494 621 1764 669 carcerem,
1790 605 1882 657 do-

297 722 390 759 m‘c
408 722 553 758 omne
574 704 788 757 debitum
813 702 906 754 sibi
929 708 1209 752 numeraret
1228 696 1434 765 (Matth.
1460 696 1543 749 18.
1566 696 1680 763 50).
1705 694 1748 748 Ο
1769 694 1884 747 ani-

298 812 443 849 mum
467 810 675 848 sumine
708 791 1003 860 ingratum!
1031 789 1204 842 adlmc
1233 786 1432 841 recenti
1459 787 1710 839 memoria
1739 793 1886 838 tene-

298 888 411 950 bat,
444 896 638 954 quanta
668 883 917 939 dominus
941 881 1258 935 liberalitate
1279 893 1461 932 secum
1488 885 1686 945 egerat,
1713 889 1883 943 neque

297 978 377 1031 sic
404 976 577 1043 aliqua
607 973 1074 1028 commiseratione
1113 980 1291 1024 motus
1319 977 1401 1022 est
1431 985 1444 1020 :
1477 967 1569 1020 sed
1604 966 1746 1028 prius
1770 965 1886 1033 qui-

198 1082 249 1105 κ
297 1067 421 1124 dem
451 1065 763 1128 sulfocabat,
793 1078 936 1118 nunc
959 1077 1090 1116 vero
1116 1061 1167 1114 in
1194 1075 1463 1114 carcerem
1491 1056 1740 1123 conjecit.

374 1158 426 1212 7.
458 1155 720 1212 Caeterum
760 1154 878 1209 vide
906 1152 1029 1222 quid
1068 1160 1320 1220 sequatur
1350 1166 1362 1202 :
1401 1149 1467 1202 Ut
1496 1148 1724 1201 viderunt
1745 1187 1758 1207 ,
1799 1146 1884 1199 in-

303 1249 438 1319 quit,
466 1248 689 1302 conserui
712 1247 870 1311 illius,
903 1243 1182 1297 contristati
1219 1249 1335 1296 sunt
1361 1256 1378 1294 :
1403 1250 1451 1294 et
1478 1253 1534 1292 ut
1561 1248 1798 1292 venerunt
1821 1238 1888 1291 ad

303 1338 564 1392 dominum
589 1354 753 1401 suunt,
787 1353 890 1389 rem
916 1352 1112 1389 onmem
1142 1333 1464 1386 declararunt
1492 1328 1660 1399 (Ibid.
1691 1345 1738 1384 υ.
1770 1329 1883 1395 3i).

305 1430 420 1484 Non
449 1429 538 1484 ille
560 1427 774 1498 quidem
805 1427 892 1495 qui
920 1427 988 1480 ita
1017 1425 1154 1479 male
1181 1424 1398 1478 allectus
1423 1430 1572 1487 erat,
1603 1419 1889 1493 (quomodo

305 1521 448 1576 enim
477 1519 756 1589 potuisset,
790 1519 841 1572 in
871 1531 1136 1572 carcerem
1167 1515 1436 1584 conjectus
1453 1513 1500 1581 ?)
1526 1514 1617 1567 sed
1644 1513 1730 1566 alii
1755 1527 1888 1566 con-

309 1611 472 1674 servi.
497 1618 553 1665 et
577 1611 665 1680 qui
697 1609 837 1664 nulla
868 1607 1055 1678 injuria
1081 1607 1275 1671 affecti,
1299 1605 1447 1676 quasi
1477 1605 1664 1673 injuria
1693 1603 1889 1669 affecti,

309 1702 381 1754 ita
408 1701 581 1768 maesti
613 1709 760 1753 erant
784 1740 800 1763 ,
828 1698 1208 1767 dominumque
1235 1697 1494 1752 adeuntes
1516 1734 1531 1762 ,
1567 1711 1676 1748 rem
1710 1711 1892 1748 naria-

311 1801 518 1845 vcruut.
551 1789 668 1844 Jam
699 1788 820 1843 vide
844 1787 1045 1842 domini
1068 1788 1520 1857 indignationem.
1551 1785 1693 1838 Tunc
1719 1802 1891 1838 atcct-

308 1881 406 1934 sito
430 1897 506 1945 eo,
537 1881 727 1950 inquit,
758 1881 876 1933 dicit
899 1895 919 1933 :
944 1879 1098 1934 Serve
1122 1894 1334 1947 nequam
1357 1877 1517 1948 (Ibid.
1541 1893 1586 1929 υ.
1617 1876 1728 1946 52).
1756 1877 1892 1931 Vere

311 1970 396 2024 hic
423 1970 602 2024 videre
641 1971 762 2023 licet
789 1985 947 2038 quam
983 1970 1334 2038 perniciosum
1364 1969 1433 2022 sit
1464 1967 1770 2035 iniuriarum
1803 1983 1891 2018 re-

313 2061 541 2114 minisci.
564 2061 823 2128 Quoniam
849 2076 970 2114 cum
1001 2059 1188 2114 decem
1221 2060 1378 2112 millia
1408 2059 1600 2112 talenta
1628 2058 1916 2127 exigebat,-

316 2167 419 2203 non
466 2149 673 2203 vocavit
716 2164 839 2204 cum
878 2149 1071 2202 malum
1101 2165 1116 2202 :
1148 2147 1240 2202 sed
1277 2163 1449 2213 nunc,
1485 2162 1604 2200 cum
1635 2161 1895 2202 conservo

312 2238 543 2293 crudelis
582 2239 699 2301 fuit,
736 2238 890 2294 Serve
916 2255 1149 2309 nequam,
1181 2239 1371 2308 inquit,
1400 2255 1545 2291 omne
1570 2238 1785 2292 debitum
1815 2254 1895 2292 re-

314 2333 429 2384 misi
458 2333 546 2384 tibi
564 2373 579 2394 ,
607 2332 726 2401 quia
755 2334 940 2402 rogasti
969 2349 1064 2385 me.
1095 2332 1226 2386 Vide
1254 2332 1524 2401 quomodo
1549 2332 1782 2386 declarat
1811 2331 1893 2384 in-

317 2429 528 2490 gentem
559 2423 674 2489 ejus
712 2424 986 2477 malitiam.
1022 2422 1157 2476 Num
1189 2422 1386 2492 aliquid
1425 2423 1649 2491 amplius
1688 2422 1894 2478 fecisti?

314 2509 501 2578 inquit.
529 2510 714 2566 Nonne
741 2513 962 2581 paucula
995 2523 1194 2567 tantum
1224 2513 1383 2567 verba
1407 2512 1606 2574 dixisti.
1635 2522 1688 2568 et
1715 2527 1896 2568 susce-

313 2610 400 2668 pta
439 2601 692 2666 petitione
731 2611 815 2655 tua
855 2611 1020 2656 totttut
1064 2603 1190 2658 illud
1236 2603 1438 2672 grande
1478 2612 1532 2657 et
1573 2603 1891 2658 immensum

311 2690 549 2744 debitum
571 2691 782 2746 remisi?
809 2691 994 2746 Nonne
1013 2703 1058 2746 et
1082 2703 1128 2747 te
1151 2695 1376 2748 misereri
1395 2694 1648 2764 oportebat
1673 2695 1894 2748 conservi

312 2781 384 2833 tui
404 2823 418 2846 ,
449 2783 576 2835 sicut
601 2792 648 2836 et
676 2799 766 2852 ego
795 2783 870 2836 tui
908 2785 1139 2838 misertus
1175 2801 1284 2837 sum
1316 2788 1342 2853 .(
1362 2783 1498 2838 Ibid.
1530 2801 1576 2838 υ.
1609 2785 1712 2856 '53)
1733 2786 1756 2839 ?
1780 2786 1892 2851 Qua

311 2874 506 2942 dignus
530 2876 636 2928 eris
665 2876 835 2938 venia,
863 2876 905 2929 si
927 2891 1026 2947 ego
1050 2877 1294 2931 dominus
1320 2888 1659 2932 tuus.tantum
1686 2880 1894 2949 pondus

314 2964 611 3018 debitorum
652 2976 867 3035 propter
905 2968 990 3021 illa
1028 2968 1164 3022 nuda
1197 2968 1352 3023 verba
1380 2969 1553 3023 dimisi
1587 2989 1600 3023 :
1631 2979 1687 3024 tu
1715 2980 1890 3024 autem

311 3056 554 3109 conservi
586 3057 657 3109 tui
677 3097 691 3118 ,
726 3057 815 3124 qui
846 3067 927 3112 est
951 3059 1188 3127 ejusdem
1221 3069 1456 3123 natum,
1485 3076 1588 3114 non
1617 3076 1675 3115 es
1702 3063 1892 3115 miser-

314 3153 398 3196 tus
417 3185 433 3208 ,
463 3160 634 3214 neque
663 3145 859 3201 inflecti
893 3149 1104 3216 potuisti
1130 3191 1146 3214 ,
1177 3165 1346 3218 neque
1376 3151 1681 3204 recordatus
1706 3167 1892 3206 eorum

311 3249 430 3301 qua:
459 3249 489 3287 a
517 3249 601 3289 me
626 3235 716 3288 tibi
743 3251 995 3291 concessa
1024 3248 1167 3304 sunt,
1192 3239 1350 3293 ullam
1373 3240 1892 3296 commiserationem

316 3340 425 3392 pne
455 3334 505 3379 te
533 3326 728 3392 tulisti,
755 3328 848 3383 sed
882 3329 1200 3386 inhumanus
1226 3332 1365 3386 fuisti
1392 3342 1446 3386 et
1468 3333 1698 3389 crudelis
1717 3375 1730 3397 ,
1760 3351 1894 3390 eon-

312 3415 558 3485 servique
582 3418 821 3472 misereri
849 3420 1058 3473 noluisti
1079 3422 1105 3474 ?
1131 3421 1328 3475 Idcirco
1351 3421 1436 3476 hic
1461 3424 1670 3478 tandem
1698 3441 1757 3480 re
1779 3427 1892 3494 ipsa

311 3506 488 3560 disces
508 3517 826 3576 quantorum
859 3511 950 3564 tibi
980 3512 1077 3579 ipsi
1110 3513 1368 3566 malorunt
1399 3523 1584 3568 auctor
1613 3514 1795 3570 fueris.
1827 3517 1893 3571 Et

312 3598 471 3649 iratus
499 3597 730 3650 dominus
757 3601 866 3668 ejus
884 3639 898 3662 ,
927 3602 1134 3653 tradidit
1172 3602 1314 3654 illum
1352 3605 1620 3657 tortoribus
1645 3605 1664 3668 (
1681 3603 1813 3658 Ibid.
1843 3623 1891 3660 υ.

313 3686 431 3754 54).
482 3686 611 3742 Vide
653 3699 708 3742 et
753 3705 892 3746 nunc
938 3693 1106 3760 ipsmn
1156 3694 1308 3748 irasci
1349 3695 1420 3748 ob
1459 3695 1891 3754 inliulnanimtem

313 3791 436 3844 erga
459 3790 668 3830 servum
688 3788 741 3832 et
763 3781 1048 3834 tortoribus
1075 3783 1218 3836 illum
1242 3785 1449 3840 tradere
1474 3803 1486 3838 :
1517 3787 1566 3840 id
1588 3791 1726 3857 quod
1750 3792 1893 3857 prius

313 3880 422 3918 non
459 3866 614 3930 fecit,
651 3883 771 3922 cum
803 3878 880 3922 tot
911 3870 1208 3926 debitorum
1240 3889 1364 3928 reus
1395 3885 1572 3942 esset,
1602 3894 1740 3933 nunc
1781 3881 1891 3935 fieri

315 3953 480 4021 jubet.
513 3955 742 4010 Tradidit
766 3961 907 4013 enim
936 3961 1080 4014 illum
1110 3966 1402 4031 tortoribus,
1433 3969 1590 4021 donec
1626 3987 1771 4024 omne
1802 3972 1892 4026 de-

312 4045 470 4098 bitum
500 4047 725 4102 redderet
752 4066 770 4103 :
797 4049 967 4106 donec
985 4092 1000 4114 ,
1033 4053 1230 4122 inquit,
1259 4045 1440 4110 decem
1469 4059 1630 4114 millia
1662 4061 1854 4118 talenta
1876 4104 1892 4128 ,

313 4149 433 4201 qua:
456 4135 566 4204 jam
600 4141 817 4194 remissa
844 4150 1026 4208 erant,
1053 4143 1432 4201 dinumeraret.
1467 4148 1648 4218 Magna
1679 4160 1734 4205 et
1761 4153 1894 4205 inef-

315 4223 488 4278 fabilis
520 4225 608 4279 Dei
635 4227 915 4284 clementia
948 4248 961 4282 :
993 4247 1112 4286 cum
1154 4235 1264 4302 ipse
1291 4237 1504 4304 quidem
1532 4240 1766 4293 debitum
1811 4256 1893 4295 re-

313 4324 537 4380 peteret,
565 4316 630 4369 ad
659 4319 826 4373 nudas
858 4328 1055 4374 tantum
1087 4338 1270 4391 preces
1297 4335 1463 4379 totum
1489 4328 1709 4382 remittit
1734 4347 1747 4382 :
1769 4346 1889 4385 cum

315 4410 489 4456 autem
517 4405 569 4458 in
595 4421 908 4462 conservum
951 4412 1090 4465 videt
1126 4414 1394 4468 crudelem
1423 4425 1477 4468 et
1504 4417 1846 4475 inhumanum
1873 4464 1888 4487 ,

317 4501 465 4545 suam
495 4505 713 4549 revocat
742 4497 1142 4565 liberalitatem,
1171 4513 1473 4559 monstrans
1500 4507 1570 4560 illi
1601 4525 1665 4563 ex
1697 4527 1754 4565 re
1779 4513 1889 4580 ipsa

317 4595 424 4645 quo
450 4593 600 4650 pacto
626 4601 730 4640 non
761 4600 867 4642 tam
896 4589 1066 4656 illum,
1093 4607 1249 4660 quam
1275 4609 1333 4647 se
1364 4595 1532 4664 ipsum
1559 4598 1886 4656 offendisset.

317 4668 382 4723 Et
410 4671 544 4727 sicut
584 4675 671 4731 ille
697 4692 1016 4733 conservum
1051 4681 1104 4734 in
1140 4697 1408 4738 carcerem
1439 4690 1692 4757 conjecit,
1721 4691 1892 4750 donec

313 4760 550 4817 debitmn
578 4765 820 4820 redderet
844 4786 859 4822 :
887 4770 954 4822 ita
981 4779 1034 4823 et
1064 4771 1174 4839 ipse
1202 4777 1488 4832 tortoribus
1519 4780 1761 4846 traditur,
1790 4783 1890 4835 do-

314 4865 413 4904 nec
446 4855 585 4920 quod
621 4855 846 4911 debebat
884 4872 1205 4915 conten-ret.
1237 4863 1360 4919 limc
1386 4875 1560 4922 autem
1590 4885 1695 4924 non
1719 4872 1787 4925 de
1813 4881 1892 4925 ta-

315 4939 474 4995 lentis
495 4952 546 4996 et
565 4944 791 5000 denariis
815 4950 1124 5019 simpliciter
1145 4953 1296 5020 dixit,
1319 4956 1412 5010 sed
1433 4957 1501 5010 de
1528 4963 1755 5026 peccatis
1777 4972 1892 5016 erat

311 5043 493 5086 sermo
517 5043 573 5087 et
598 5032 911 5092 delictorum
951 5043 1310 5107 magnitudine
1329 5085 1344 5109 ,
1373 5055 1429 5099 ut
1457 5046 1722 5102 discamus
1744 5089 1760 5114 ,
1794 5067 1891 5105 nos

312 5124 525 5188 quidem
558 5125 879 5182 inlinitorum
925 5144 1260 5197 peccatorum
1305 5149 1487 5202 poenas
1534 5136 1756 5193 Domino
1791 5140 1888 5194 dc-

313 5214 530 5279 beutes,
560 5228 774 5287 propter
803 5222 1122 5279 ineffabilem
1155 5227 1292 5279 illius
1319 5228 1734 5285 miscricordiam
1755 5273 1770 5297 ,
1803 5248 1890 5288 re-

313 5305 624 5360 missionem
665 5309 733 5361 ab
773 5308 888 5378 ipso
924 5315 1185 5382 accipere.
1216 5316 1272 5370 Si
1301 5331 1426 5371 vero
1454 5334 1574 5388 erga
1604 5337 1891 5378 conserVos

313 5404 366 5446 et
397 5396 688 5464 proximos,
715 5409 768 5453 et
796 5417 909 5466 eos,
939 5405 1026 5473 qui
1065 5406 1305 5460 eamdem
1334 5423 1492 5476 quam
1525 5425 1620 5463 nos
1650 5422 1888 5466 naturam

311 5486 487 5540 sortiti
511 5498 634 5542 sunt
653 5527 671 5556 ,
697 5492 939 5549 crudeles
970 5505 1025 5550 et
1063 5495 1333 5552 inhumani
1379 5499 1630 5556 fuerimus
1651 5541 1666 5566 ,
1695 5512 1750 5558 et
1771 5521 1890 5574 qua:

312 5578 368 5631 in
399 5594 497 5632 nos
524 5584 806 5638 commissa
835 5597 957 5641 sunt
999 5603 1104 5642 non
1133 5589 1492 5646 dimiserimus
1514 5633 1527 5653 .
1560 5593 1653 5649 sed
1695 5609 1793 5664 pro
1833 5612 1889 5651 re

317 5672 495 5728 frivola
523 5676 1010 5763 molesti-fuerimus
1037 5681 1309 5751 (quantum
1341 5685 1480 5740 enim
1511 5686 1726 5742 interest
1752 5688 1888 5743 inter

1340 311 1403 368 IN
1442 311 1590 367 C.\l‘.
1637 309 1725 365 ix.
1754 309 1994 365 GENES.
2039 308 2263 364 llUMlL.
2309 305 2520 364 XXVII.

3459 303 3566 360 250

1987 431 2200 475 ccntutn
2225 420 2472 474 denarios
2493 459 2509 485 ,
2541 427 2595 474 et
2619 417 2803 474 decem
2833 416 2996 472 millia
3023 417 3218 472 talenta
3245 459 3258 484 ,
3287 427 3487 472 tantum
3513 428 3568 472 et

1989 514 2128 568 inter
2148 528 2208 568 ea
2235 529 2352 582 qua:
2382 528 2478 566 nos
2505 512 2555 564 in
2587 510 2867 564 Dominum
2886 551 2901 574 ,
2929 519 2984 564 et
3007 525 3068 565 ea
3093 524 3210 580 qua:
3239 525 3570 580 congeneres

1988 605 2040 658 in
2068 619 2166 658 nos
2189 602 2568 674 deliquerunt),
2595 611 2715 655 tunc
2740 609 2794 656 et
2822 614 2920 655 nos
2945 601 2995 654 in
3027 601 3439 669 indignationem
3466 600 3572 654 Do-

1988 694 2115 747 mini
2147 693 2468 756 incidemus,
2497 700 2550 746 et
2587 705 2650 745 ea
2678 706 2796 760 qua:
2821 689 2930 758 jam
2959 698 3114 744 antea
3142 688 3360 744 dimissa
3386 698 3572 756 erant,

1988 786 2196 840 solvere
2233 785 2424 838 iterum
2464 785 2514 838 in
2557 783 2837 837 tormentis
2872 796 3143 851 cogemur.
3176 780 3343 836 Porro
3368 790 3426 834 ut
3452 781 3574 836 dili-

1988 887 2176 946 genter
2210 875 2477 930 discamus
2522 875 2823 944 parabolam
2867 873 3003 927 banc
3041 873 3110 927 ob
3145 873 3440 927 animarum
3470 888 3571 926 no-

1990 978 2220 1022 strarum
2246 968 2469 1022 salutem
2498 981 2526 1018 a
2559 967 2781 1020 Domino
2809 964 3113 1029 adductam,
3146 964 3267 1017 audi
3295 979 3415 1034 quae
3441 964 3573 1018 infeo

1990 1066 2179 1112 runtur
2206 1075 2218 1112 :
2246 1057 2335 1112 Sic
2359 1067 2405 1109 et
2439 1056 2588 1110 Pater
2612 1067 2770 1110 vester
2794 1055 3002 1110 celestis
3029 1055 3178 1123 faciet
3198 1055 3354 1116 vobis,
3376 1054 3575 1123 inquit,

1989 1149 2034 1201 si
2079 1164 2179 1201 non
2227 1149 2565 1217 unusquisque
2611 1147 2759 1218 fratri
2804 1163 2894 1199 suo
2943 1145 3230 1211 remiseritis
3273 1159 3300 1198 e
3341 1145 3580 1198 cordibus

1991 1242 2164 1293 vestris
2190 1240 2371 1294 delicta
2398 1241 2598 1292 illorum
2623 1237 2640 1309 (
2667 1238 2846 1291 Matth.
2873 1237 2959 1291 l8.
2989 1237 3060 1292 ‘55
3077 1234 3121 1308 ).
3148 1235 3392 1304 Magnum
3419 1249 3575 1305 para-

1992 1330 2127 1384 bolte
2156 1331 2381 1393 lucrum,
2415 1329 2572 1382 modo
2601 1328 2873 1382 attendere
2897 1327 3242 1381 voluerimus.
3269 1325 3403 1391 Quid
3430 1325 3575 1379 enim

1997 1430 2196 1473 tantum
2231 1420 2520 1489 poterimus
2541 1419 2827 1482 dimittere,
2849 1427 3100 1487 quantum
3128 1417 3281 1470 nobis
3299 1430 3330 1470 a
3353 1416 3581 1470 Domino

1993 1511 2313 1565 dimittitur?
2343 1511 2410 1564 Et
2445 1526 2540 1564 nos
2569 1511 2782 1579 quidem
2830 1509 2874 1562 si
2919 1510 3020 1561 hoc
3060 1508 3415 1573 voluerimus,
3443 1511 3579 1562 cono'

1993 1603 2162 1657 servis
2191 1603 2541 1667 remittimus;
2574 1602 2672 1671 ipsi
2713 1617 2838 1655 vero
2875 1616 2904 1653 a
2943 1601 3164 1654 Domino
3208 1601 3580 1656 remissionem

1994 1692 2303 1762 accipimus.
2336 1692 2404 1746 Et
2441 1692 2562 1746 vide
2601 1701 2656 1744 ut
2695 1691 2976 1760 diligenter
3012 1689 3216 1759 singula
3257 1698 3380 1743 sunt
3413 1688 3580 1744 dicta.

1998 1781 2112 1836 Non
2145 1782 2284 1835 enim
2314 1781 2446 1836 dixit
2485 1782 2824 1850 simpliciter,
2853 1781 2907 1836 Si
2939 1797 3043 1835 non
3070 1781 3378 1836 dimiseritis
3403 1782 3579 1835 bomi-

1996 1871 2149 1925 nibus
2181 1881 2390 1940 peccata
2425 1888 2437 1922 :
2471 1871 2588 1934 sed,
2619 1871 2680 1925 Si
2710 1888 2809 1924 non
2839 1871 3177 1942 unusquisque
3202 1872 3348 1941 fratri
3375 1888 3467 1925 suo
3499 1889 3578 1926 re-

1995 1966 2230 2020 miseritis
2249 1982 2275 2018 e
2294 1965 2526 2019 cordibus
2548 1966 2719 2020 uestris
2745 1965 2928 2018 delicta
2949 1965 3170 2018 illorum.
3197 1966 3426 2020 Adverte
3445 1981 3578 2036 quo-

1996 2058 2156 2112 modo
2198 2057 2309 2111 vult
2359 2072 2452 2111 cor
2500 2067 2738 2111 nostrum
2788 2057 2839 2110 in
2884 2057 3061 2126 quiete
3101 2067 3155 2112 et
3203 2059 3577 2127 tranquillitate

1995 2162 2134 2208 esse.
2156 2157 2210 2202 et
2236 2158 2466 2202 mentem
2497 2158 2730 2201 nostram
2759 2161 2788 2200 a
2820 2147 3299 2216 perturbationibus
3325 2149 3575 2215 alienam,

1995 2239 2466 2309 alfcctionibusque
2499 2240 2748 2293 omnibus
2777 2239 2994 2293 liberam
3015 2280 3030 2305 ,
3063 2241 3452 2311 plurimumque
3479 2257 3580 2296 nos

1995 2347 2119 2402 erga
2148 2331 2441 2400 proximum
2469 2330 2768 2387 dilectionis
2795 2333 3025 2386 studium
3056 2332 3351 2390 declarare.
3381 2333 3445 2387 Et
3473 2335 3582 2388 a'ia

1995 2437 2208 2491 quoque
2237 2422 2354 2477 loco
2381 2422 2570 2476 iterum
2604 2421 2869 2477 dicentem
2909 2422 3094 2476 audire
3132 2423 3256 2477 licet
3285 2440 3298 2476 :
3333 2423 3394 2478 Si
3421 2425 3578 2477 dimi-

1995 2513 2157 2566 seritis
2181 2513 2462 2566 ltominibus
2487 2513 2671 2566 delicta
2696 2513 2921 2577 illorum,
2949 2512 3164 2567 dimittet
3186 2523 3233 2567 et
3258 2515 3394 2568 vobis
3422 2513 3578 2568 Pater

1995 2612 2151 2657 vester
2173 2603 2384 2657 cwlestis
2410 2602 2623 2672 (Matth.
2653 2602 2705 2656 6.
2738 2603 2844 2671 Η).
2873 2602 2948 2658 Nc
2977 2603 3132 2672 igitur
3157 2613 3419 2672 putemus,
3451 2604 3580 2658 tltun

1997 2693 2097 2748 boc
2124 2693 2364 2756 iacimus,
2393 2707 2490 2746 nos
2515 2693 2663 2747 alteri
2692 2693 2995 2760 gratificari,
3021 2703 3112 2747 aut
3139 2708 3384 2762 magnum
3411 2696 3578 2764 quod-

1995 2785 2114 2839 dam
2141 2785 2452 2840 bcnclicium
2477 2785 2614 2852 apud
2639 2785 2785 2838 illum
2812 2784 3097 2853 deponere.
3121 2784 3250 2839 Nam
3275 2786 3373 2854 ipsi
3393 2800 3580 2840 sumus

1994 2877 2085 2947 qui
2129 2876 2386 2931 beneﬁcio
2429 2875 2678 2938 fruimur,
2719 2884 2773 2929 et
2814 2877 3037 2930 multum
3087 2877 3218 2930 lucri
3266 2876 3386 2932 inde
3424 2877 3579 2932 nobis

1995 2965 2341 3020 c0uciliamus
2373 2983 2385 3018 :
2417 2965 2551 3018 sicut
2577 2965 2735 3018 etiam
2763 2965 2807 3018 si
2835 2963 2936 3018 hoc
2962 2979 3067 3019 non
3107 2963 3392 3020 fecerimus
3411 3006 3428 3031 ,
3457 2982 3578 3020 om-

1997 3055 2124 3108 nino
2152 3053 2281 3107 nihil
2316 3068 2411 3108 eos
2440 3053 2631 3108 la‘dere
2671 3053 2962 3122 p0terimus
2984 3095 3000 3120 ,
3038 3055 3190 3109 nobis
3235 3055 3364 3124 ipsis
3399 3064 3582 3110 autem

1996 3143 2379 3198 intolerabilem
2407 3144 2664 3213 gchenum
2692 3159 2900 3213 paruam
2927 3159 3195 3214 paramus.
3227 3145 3449 3212 Idcirco,
3482 3147 3580 3201 ob-

1995 3250 2149 3290 secro
2171 3277 2188 3301 ,
2215 3245 2272 3289 ut
2299 3237 2592 3304 cogitantes
2617 3235 2730 3290 btec
2752 3277 2767 3300 ,
2801 3252 3082 3306 numquam
3114 3238 3452 3295 admittamus
3476 3282 3491 3307 ,
3521 3250 3580 3296 ut

1996 3343 2179 3382 eorum
2215 3329 2302 3397 qui
2336 3343 2431 3381 nos
2459 3329 2839 3382 contristarunt
2861 3368 2877 3392 ,
2916 3327 3000 3382 vel
3037 3327 3168 3382 alias
3207 3329 3578 3395 offenderunt,

1996 3420 2202 3487 injuria:
2239 3420 2675 3485 retuiuiscamur,
2706 3419 2792 3473 vel
2836 3419 3050 3473 inimico
3078 3421 3255 3474 animo
3291 3436 3414 3489 erga
3457 3422 3580 3478 illos

1995 3509 2288 3564 afliciamur
2313 3527 2326 3562 :
2357 3510 2448 3564 sed
2483 3510 2883 3564 considerantes
2907 3519 3098 3578 quanta
3141 3509 3242 3565 hoc
3271 3512 3421 3565 nobis
3447 3512 3577 3567 allis-

1996 3611 2078 3655 rat
2119 3601 2370 3656 benclicia
2396 3641 2411 3664 ,
2443 3610 2496 3654 et
2523 3609 2770 3668 quautam
2799 3599 2936 3668 apud
2981 3600 3256 3654 Dominum
3290 3600 3576 3667 fiduciam;

1995 3704 2049 3747 et
2085 3703 2206 3747 ante
2243 3693 2416 3746 omnia
2438 3733 2452 3755 ,
2484 3691 2622 3761 quod
2653 3690 2982 3745 reconciliari
3011 3707 3132 3745 cttm
3164 3692 3226 3746 iis
3252 3695 3340 3762 qui
3371 3707 3468 3748 nos
3495 3694 3576 3748 in-

1991 3786 2128 3854 juria
2157 3783 2402 3849 affecerc,
2428 3790 2762 3852 peccatorum
2788 3790 3088 3836 nostrorum
3111 3783 3411 3852 absumptio
3429 3801 3576 3855 quae-

1995 3877 2116 3930 dam
2148 3875 2217 3929 sit
2249 3893 2262 3928 :
2290 3873 2596 3928 festinemus
2633 3882 2685 3928 et
2721 3872 3033 3927 anbclcmus
3070 3881 3127 3927 ut
3167 3884 3406 3943 paratum
3453 3875 3581 3932 inde

1996 3965 2196 4018 lucrum
2228 3973 2553 4032 reputantes,
2586 3972 2688 4016 tam
2716 3961 2938 4016 officiosi
2971 3963 3021 4015 in
3049 3978 3144 4016 eos
3173 3964 3336 4018 simus
3360 3963 3448 4033 qui
3477 3981 3578 4019 nos

1997 4055 2348 4119 offenderunt,
2375 4069 2532 4124 quam
2559 4068 2740 4106 smnus
2768 4053 2818 4106 iu
2846 4067 2938 4106 eos
2965 4054 3054 4124 qui
3080 4070 3204 4109 vere
3235 4055 3387 4109 nobis
3414 4055 3578 4110 benc-

1998 4148 2211 4203 faciunt.
2243 4147 2372 4201 Nam
2411 4147 2454 4201 si
2486 4148 2748 4215 sapimus,
2780 4163 2884 4198 non
2913 4146 2980 4198 ita
3013 4146 3164 4200 nobis
3195 4145 3446 4215 prodesse
3478 4164 3574 4216 po-

1997 4250 2170 4295 terunt
2201 4241 2289 4310 qui
2317 4239 2556 4294 benevoli
2589 4237 2639 4292 in
2671 4253 2768 4292 nos
2801 4247 2924 4293 sunt
2951 4246 3006 4292 et
3035 4239 3294 4293 demereri
3324 4239 3574 4307 cupiunt,

1998 4345 2051 4385 ut
2082 4333 2303 4388 istorum
2329 4333 2502 4387 cultus
2532 4341 2585 4386 ct
2611 4331 2912 4385 observatio
2935 4331 3171 4385 divinum
3202 4330 3434 4386 favorem
3476 4349 3575 4384 no-

1996 4422 2076 4475 bis
2104 4422 2425 4488 conciliabit,
2457 4436 2658 4491 nosque
2684 4420 2894 4474 sarcina
2918 4431 3253 4489 peccatorum
3286 4421 3500 4476 levabit.

2066 4513 2117 4565 8.
2145 4511 2225 4566 De
2250 4512 2651 4567 reconciliatione
2669 4522 2720 4564 et
2735 4528 2904 4564 amore
2922 4511 3256 4565 inimicorum.
3276 4540 3346 4551 —
3366 4513 3574 4582 Cogita,

1994 4603 2238 4667 obsecro,
2273 4602 2488 4666 dilecte,
2515 4611 2707 4671 quanta
2733 4601 2802 4654 sit
2828 4600 2984 4669 lmjus
3013 4601 3218 4654 virtutis
3246 4601 3576 4671 magnitudo,

1995 4702 2049 4745 et
2075 4692 2220 4746 disce
2245 4692 2328 4745 vel
2358 4707 2423 4745 ex
2467 4691 2699 4758 prasmiis
2737 4705 2854 4759 qua:
2897 4698 3114 4758 propter
3157 4689 3298 4742 illam
3339 4690 3577 4743 uuiiersi

1999 4783 2252 4837 Dominus
2282 4783 2542 4852 promisit.
2571 4782 2700 4835 Nam
2726 4797 2845 4834 cum
2872 4780 3091 4835 dixisset
3122 4798 3134 4834 :
3168 4780 3376 4851 Diligite
3399 4782 3572 4835 inimi-

1987 4893 2076 4929 cos
2097 4889 2303 4943 vestros,
2326 4877 2595 4930 benedicite
2614 4878 2684 4929 eis
2706 4875 2792 4944 qui
2817 4884 3176 4942 persequuntur
3196 4889 3300 4934 vos.
3324 4886 3461 4929 orate
3481 4893 3579 4944 pro

1993 4968 2417 5021 calumniantibus
2443 4981 2526 5018 vos
2551 4964 2759 5033 (Matth.
2783 4963 2836 5018 5.
2865 4963 2955 5031 μ)
2985 4982 2998 5014 :
3025 4964 3143 5033 quia
3176 4964 3425 5019 sublimia
3451 4975 3575 5018 sunt

1995 5067 2256 5126 praecepta
2278 5095 2292 5118 ,
2332 5068 2703 5122 summumque
2743 5053 2990 5106 verticem
3024 5053 3288 5122 tangentia
3311 5095 3324 5116 ,
3359 5053 3523 5124 inquit
3557 5072 3573 5109 :

1999 5147 2066 5201 Ut
2096 5145 2373 5216 cfficiamiui
2399 5144 2584 5198 similes
2616 5142 2758 5196 Patri
2782 5153 2959 5204 uestro,
2980 5143 3066 5213 qui
3093 5144 3144 5196 in
3169 5143 3304 5196 ralis
3323 5154 3394 5198 est
3419 5159 3438 5198 :
3455 5144 3575 5211 quia

1993 5236 2148 5291 solem
2177 5252 2321 5289 suum
2345 5234 2466 5287 oriri
2488 5235 2608 5304 facit
2635 5250 2783 5303 super
2811 5234 2964 5288 bonos
2989 5243 3035 5286 et
3060 5234 3240 5298 malos,
3266 5244 3311 5286 et
3337 5234 3463 5303 pluit
3487 5251 3574 5288 su-

1995 5344 2082 5397 per
2116 5331 2279 5396 justas
2312 5335 2356 5379 et
2394 5326 2604 5396 injustas
2638 5323 2810 5394 (Ibid.
2846 5340 2894 5378 υ.
2935 5324 3046 5392 45).
3090 5321 3277 5377 Vidisti
3318 5333 3572 5393 quantum

1996 5418 2210 5471 facultas
2233 5416 2331 5471 fert
2353 5417 2603 5481 humana,
2621 5417 2701 5469 cui
2720 5415 2906 5469 similis
2926 5415 3014 5468 fiat
3034 5414 3120 5484 qui
3144 5430 3247 5468 non
3270 5414 3440 5469 solum
3465 5431 3571 5470 non

1997 5510 2266 5563 ulciscitur
2290 5524 2411 5563 eum
2439 5509 2528 5578 qui
2568 5507 2816 5570 offendit,
2845 5507 2937 5562 sed
2965 5517 3018 5561 et
3046 5521 3140 5575 pro
3169 5521 3234 5559 eo
3262 5520 3418 5560 orare
3455 5514 3575 5559 stn-

1994 5601 2125 5655 det?
2157 5600 2233 5654 Ne
2274 5600 2430 5669 igitur
2458 5599 2770 5668 negligentia
2802 5608 2980 5650 nostra
3008 5597 3200 5650 talibus
3235 5610 3333 5651 nos
3361 5593 3574 5650 fratide-

1999 5706 2115 5745 mus
2159 5690 2310 5744 bonis
2330 5729 2346 5754 ,
2382 5700 2435 5744 et
2467 5688 2694 5758 pra-otiis
2717 5702 2831 5751 qum
2857 5702 3069 5743 omnem
3098 5701 3399 5743 sermonem
3427 5693 3572 5741 tran-
