4102 6204
563 237 665 295 95!

568 353 828 406 scendunt
844 370 856 406 :
872 351 964 408 sed
991 354 1162 409 modis
1187 357 1434 412 omnibus
1460 358 1581 411 boni
1614 358 1768 424 hujus
1792 357 1967 427 operis
1989 356 2140 411 nobis

567 457 694 496 cura
726 445 828 506 sit,
858 455 1180 515 eogaturque
1203 455 1258 502 et
1280 449 1551 502 erudiatur
1575 464 1725 504 mens
1749 460 1804 504 nt
1833 459 2014 519 pareat
2054 450 2146 504 Dei

571 533 872 602 praeceptis.
903 533 1034 589 Nam
1067 545 1344 606 propterea
1376 537 1512 593 hanc
1534 539 1946 594 admonitionem
1971 551 2024 596 et
2047 557 2145 611 ego

571 639 713 680 nunc
736 625 835 680 feci
855 667 870 689 ,
903 637 955 681 et
985 629 1288 696 parabolam
1316 629 1366 683 in
1390 629 1620 684 medium
1648 633 1836 694 attuli;
1869 641 1922 687 et
1949 643 2142 701 quanta

571 715 642 769 sit
687 715 844 784 hujus
889 717 1010 772 boni
1053 721 1233 788 operis
1275 721 1618 790 magnitudo,
1647 731 1700 776 et
1731 733 1984 792 quantum
2023 721 2145 777 inde

572 803 775 858 lucrum
805 807 960 861 nobis
993 820 1283 875 accrescat,
1315 812 1542 878 ostendi,
1579 823 1636 866 ut
1663 828 1783 867 cum
1813 813 1984 868 adhuc
2011 822 2147 867 tem-

572 908 672 960 pus
701 906 804 960 est,
829 897 874 950 si
901 899 1018 966 quis
1042 915 1108 954 ex
1135 900 1285 956 vobis
1309 912 1389 956 est
1413 903 1501 972 qui
1529 903 1689 958 alium
1720 903 1910 958 habeat
1939 904 2037 959 sibi
2066 906 2144 957 iu-

573 983 801 1049 fensum,
832 1001 1049 1055 operam
1075 989 1167 1045 det
1206 1000 1259 1044 ut
1282 991 1519 1047 ofﬁciose
1560 995 1950 1048 reconcilietur.
1980 996 2047 1049 At
2077 1011 2143 1050 ne

569 1076 688 1141 quis
724 1076 849 1130 mihi
890 1079 1030 1133 dicat
1062 1097 1076 1131 :
1106 1081 1281 1136 Semel
1318 1091 1476 1151 atque
1515 1085 1704 1138 iterum
1733 1085 1918 1150 oravi,
1948 1094 2002 1140 et
2036 1100 2138 1139 non

568 1167 796 1221 assensit
824 1183 838 1220 :
867 1169 910 1224 si
938 1169 1038 1224 hoc
1062 1172 1268 1226 sincere
1299 1173 1570 1238 faciamus,
1604 1190 1707 1228 non
1737 1175 1881 1244 prius
1906 1174 2142 1244 quiesca-

568 1271 686 1310 mus
709 1299 724 1324 ,
753 1259 922 1315 donec
952 1263 1116 1317 multa
1143 1265 1425 1319 sedulitate
1449 1266 1722 1320 victoriam
1751 1267 1926 1336 adepti
1952 1308 1966 1329 ,
1995 1267 2138 1321 illum

568 1347 722 1402 nobis
747 1350 1088 1406 conciliemus
1110 1395 1124 1412 .
1155 1363 1208 1409 et
1235 1370 1262 1406 a
1293 1357 1402 1408 suis
1429 1356 1480 1410 in
1514 1371 1609 1410 nos
1649 1357 1937 1412 inimicitiis
1971 1358 2138 1411 abdu-

566 1450 769 1490 camus.
797 1439 1059 1509 Numquid
1101 1444 1170 1497 illi
1212 1445 1406 1514 aliquid
1437 1447 1728 1516 largimur?
1759 1447 1812 1502 In
1846 1463 1942 1502 nos
1972 1459 2142 1503 trans-

566 1535 695 1580 eunt
716 1528 974 1584 beneficia
1003 1549 1018 1585 :
1051 1533 1140 1587 Dei
1174 1534 1404 1589 favorem
1435 1537 1556 1590 hinc
1579 1539 1928 1607 ossaquimur,
1961 1554 2144 1606 pecca-

569 1624 743 1668 tormu
769 1627 1068 1674 nostrorum
1092 1622 1296 1676 veniam
1323 1627 1713 1693 consequimur,
1739 1641 1982 1696 magnam
2003 1631 2140 1695 apud

574 1703 852 1760 hominum
887 1707 1128 1763 ﬁduciam
1159 1713 1465 1781 accipimus.
1495 1714 1549 1768 Si
1582 1715 1681 1768 hoc
1709 1716 2017 1780 fecerimus,
2050 1731 2143 1786 po-

570 1795 790 1850 terimus
830 1812 958 1866 pura
1005 1802 1326 1856 conscientia
1371 1804 1434 1857 ad
1475 1815 1709 1859 sanctam
1749 1808 2142 1877 terribilemque

570 1884 708 1940 hanc
735 1903 969 1943 mensam
997 1893 1282 1958 accedere,
1309 1904 1362 1949 et
1391 1896 1549 1950 verba
1582 1897 1665 1950 illa
1696 1912 1814 1967 qum
1853 1901 2140 1966 precationi

571 1975 763 2030 inserta
793 1988 936 2044 sunt,
965 1980 1189 2038 ﬁdeliter
1213 1984 1407 2040 dicere.
1439 1986 1624 2041 Sciunt
1647 1988 1831 2042 initiati
1857 1989 1980 2058 quid
2002 1990 2142 2045 dica-

569 2075 674 2121 tur.
703 2067 931 2124 Proinde
954 2072 1366 2146 uniuscuiusque
1389 2079 1726 2132 conscientia:
1752 2081 1991 2150 relinquo
2011 2097 2145 2150 quo-

568 2156 727 2209 modo
754 2160 999 2214 mandato
1025 2161 1116 2216 illo
1143 2163 1376 2233 impleto,
1407 2181 1503 2236 per
1527 2167 1650 2222 illud
1679 2169 1914 2224 terribile
1937 2179 2142 2240 tempus

569 2244 682 2299 lure
727 2246 950 2304 fidenter
991 2251 1170 2307 dicere
1213 2257 1498 2322 possimus.
1535 2257 1683 2325 Quod
1729 2260 1772 2314 si
1816 2261 2142 2330 negligentes

571 2335 822 2392 fuerimus
841 2376 857 2403 ,
888 2349 1080 2406 quanta
1109 2341 1234 2399 hinc
1272 2346 1422 2401 nobis
1455 2349 1912 2406 condemnationis
1945 2367 2101 2405 causa
2122 2394 2138 2416 ,

567 2424 654 2491 qui
678 2440 797 2480 cum
821 2443 880 2481 ca
905 2445 1024 2499 qum
1043 2441 1166 2486 sunt
1185 2433 1338 2490 dictis
1364 2439 1559 2491 nostris
1578 2440 1837 2493 contraria
1863 2439 2137 2508 faciamus,

569 2514 826 2570 audenms
853 2527 1051 2574 temere
1081 2523 1236 2579 verba
1267 2541 1480 2594 precum
1510 2531 1867 2597 pronuntiare,
1897 2540 1952 2585 et
1975 2531 2143 2600 majo-

567 2619 679 2660 rem
710 2609 863 2663 nobis
890 2609 1016 2678 ipsis
1047 2612 1218 2682 ignem
1247 2626 1541 2684 exstruere,
1575 2619 1812 2690 iramque
1841 2621 1932 2675 Dei
1962 2621 2012 2675 in
2042 2636 2140 2677 nos

567 2700 886 2763 provocare?
910 2700 1124 2757 Gaudeo
1149 2713 1204 2758 et
1234 2705 1404 2774 la-tor,
1428 2708 1548 2776 quia
1571 2709 1722 2763 video
1753 2725 1850 2765 vos
1876 2720 2017 2767 tanta
2047 2728 2140 2767 vo~

566 2787 764 2854 luptate
787 2805 907 2858 qua:
933 2791 1156 2849 dicimus
1190 2796 1373 2852 audire
1391 2838 1407 2863 ,
1439 2809 1493 2853 et
1521 2800 1706 2869 plausu
1735 2802 2016 2858 ostendere
2045 2819 2140 2860 vos

565 2878 778 2934 studere
815 2892 1085 2952 promptos
1109 2899 1256 2948 esse,
1284 2894 1338 2940 et
1365 2888 1430 2942 ad
1455 2889 1704 2946 dominici
1744 2893 1928 2946 moniti
1966 2893 2138 2947 adim-

565 2965 849 3030 pletioncm
892 2979 1120 3037 paratos.
1161 2973 1284 3027 llaec
1322 2977 1461 3030 enim
1502 2979 1794 3033 animarum
1839 2989 2135 3036 nostrarum

568 3055 824 3109 medicina
852 3068 932 3112 est
955 3099 968 3117 ,
998 3058 1100 3114 hoc
1125 3064 1400 3118 vulnerum
1432 3074 1733 3122 nostrorum
1762 3070 2136 3140 pharmaeum,

567 3141 681 3195 haec
705 3147 901 3212 optima
932 3148 1038 3203 Deo
1067 3152 1279 3218 placens
1308 3155 1410 3220 via,
1441 3156 1542 3211 hoc
1567 3161 1920 3215 certissimum
1947 3165 2138 3220 animae

569 3233 658 3286 Dei
685 3237 911 3291 amantis
937 3239 1209 3305 indicium,
1236 3245 1506 3314 suscipere
1525 3249 1698 3303 omnia
1729 3261 1944 3320 propter
1970 3253 2137 3322 legem

566 3324 808 3391 Domini,
843 3337 896 3382 et
934 3345 965 3385 a
1004 3333 1378 3402 cogitationum
1418 3337 1723 3396 infirmitate
1758 3357 1860 3396 non
1904 3343 2135 3410 retrahi,

562 3414 656 3468 sed
687 3415 1052 3476 affectionibus
1087 3422 1347 3492 imperare
1367 3467 1381 3491 ,
1413 3429 1591 3483 animo
1626 3445 1840 3486 versare
1884 3432 2136 3488 beneﬁcia

565 3504 717 3559 nobis
745 3522 772 3558 a
813 3507 920 3562 Deo
943 3511 1176 3580 quotidie
1203 3515 1457 3571 exhibita.
1501 3520 1566 3573 Et
1601 3525 1938 3590 quantumvis
1974 3540 2137 3580 cone-

567 3609 703 3659 ll'lli‘,
731 3596 816 3649 vix
841 3598 1108 3654 minimam
1132 3613 1330 3671 partem
1353 3621 1621 3676 exponere
1645 3615 1936 3680 poterimus
1953 3629 2136 3670 eorum

563 3683 642 3736 vel
680 3699 798 3750 quae
835 3686 960 3740 olint
994 3689 1044 3744 in
1084 3706 1182 3746 nos
1217 3695 1404 3748 collata
1445 3707 1597 3763 sunt,
1635 3702 1717 3756 vel
1751 3719 1870 3771 qua:
1902 3705 2138 3772 quotidie

562 3773 870 3840 accipimus,
902 3779 982 3832 vel
1011 3796 1128 3848 qua:
1159 3783 1208 3835 in
1239 3783 1469 3840 futurum
1500 3793 1728 3858 reposita
1756 3803 1878 3847 sunt
1907 3794 2063 3860 bona,
2092 3797 2135 3850 si

563 3861 883 3918 voluerimus
920 3869 1161 3924 mandata
1207 3874 1410 3928 Domini
1455 3893 1617 3945 opere
1653 3884 1942 3952 complere.
1977 3887 2138 3956 Igitur

565 3949 686 4004 hinc
720 3965 1007 4023 exeuntes,
1038 3961 1172 4013 istud
1205 3963 1252 4015 in
1283 3965 1464 4032 primis
1489 3971 1749 4037 agendum
1779 3974 1974 4043 quique
2011 3993 2134 4045 pro-

560 4052 794 4109 ponant,
825 4055 879 4099 rt
907 4051 1053 4115 quasi
1091 4051 1155 4104 ad
1199 4053 1500 4110 thesaurum
1543 4061 1827 4116 maximum
1857 4065 2132 4129 festinent,

559 4144 730 4198 neque
764 4134 846 4188 vel
888 4137 1162 4192 minimum
1198 4141 1461 4198 differant.
1494 4147 1709 4204 Etiamsi
1738 4151 1918 4207 labore
1944 4156 2025 4210 vel
2055 4157 2134 4210 in-

559 4221 843 4287 quisitione
871 4227 949 4280 vel
974 4228 1128 4298 longo
1157 4231 1344 4287 itinere
1369 4251 1502 4304 Opus
1528 4240 1614 4300 sit,
1641 4243 1846 4297 etiamsi
1879 4247 2134 4302 molestize

563 4313 740 4364 multm
764 4315 890 4377 sint,
917 4320 1092 4372 omnia
1124 4320 1236 4375 lure
1261 4325 1562 4381 auferamus
1589 4330 1982 4402 impedimenta.
2010 4337 2133 4392 Uni-

559 4415 619 4451 ca
653 4402 803 4455 nobis
828 4420 952 4460 cura
982 4408 1070 4473 sit,
1097 4414 1362 4480 quomodo
1395 4419 1695 4474 mandatum
1729 4422 1934 4480 Domini
1959 4429 2132 4484 adim-

561 4489 797 4558 pleamus
822 4537 836 4554 .
868 4507 920 4550 et
948 4499 1262 4558 obedientizn
1289 4507 1439 4561 nobis
1466 4509 1714 4567 efferatur
1742 4531 1968 4574 merces.
1996 4522 2128 4578 Num

560 4579 742 4648 ignoro
761 4599 919 4652 grave
939 4597 992 4641 et
1015 4592 1291 4648 molestum
1318 4597 1503 4662 videri,
1528 4600 1592 4653 ad
1613 4619 1732 4657 eum
1756 4609 1844 4676 qui
1873 4608 2131 4668 liostiliu-r

557 4670 608 4723 in
638 4681 688 4725 te
716 4675 936 4734 affectus
961 4681 1047 4745 sit,
1075 4682 1243 4752 abire,
1268 4700 1494 4758 cumque
1521 4705 1586 4746 eo
1611 4703 1751 4750 stare
1774 4670 1831 4752 et
1857 4699 2037 4769 loqui?
2065 4709 2131 4757 At

555 4759 598 4812 si
628 4763 860 4820 mandati
884 4769 1198 4840 cogitaveris
1221 4775 1530 4846 dignitatem
1558 4791 1613 4838 et
1639 4787 1900 4843 mercedis
1927 4759 2128 4860 magni-

557 4851 813 4922 tudinem,
843 4866 895 4911 et
920 4875 1025 4928 quo
1055 4874 1208 4932 pacto
1237 4882 1340 4922 non
1371 4870 1422 4925 in
1453 4871 1620 4940 illum,
1650 4877 1743 4932 sed
1772 4879 1824 4933 in
1862 4889 1912 4936 te
1942 4897 2126 4937 recur-

555 4950 675 4996 rant
699 4942 952 5003 beneﬁcia
974 4991 989 5016 ,
1020 4957 1196 5010 omnia
1227 4959 1316 5014 tibi
1343 4961 1473 5017 levia
1499 4974 1552 5020 et
1589 4965 1757 5024 facilia
1788 4971 2123 5030 videbuntur.

556 5031 678 5088 llazc
718 5035 873 5105 igitur
911 5040 963 5095 in
1007 5047 1274 5103 mentibus
1318 5055 1513 5109 nostris
1555 5070 1853 5122 versantes.
1897 5079 2125 5121 consue-

555 5123 788 5180 tudinem
831 5141 1062 5187 nostram
1099 5136 1370 5196 vincamus
1391 5183 1406 5208 ,
1437 5145 1625 5216 piaque
1655 5161 1832 5207 mente
1861 5155 2124 5214 dominica

553 5215 798 5272 mandata
829 5220 1244 5292 adimpleamus;
1274 5247 1377 5301 quo
1405 5244 1460 5289 et
1493 5253 1520 5289 a
1550 5238 1763 5295 Christo
1799 5253 2123 5306 remunerari

550 5320 870 5378 mereamur,
899 5316 1062 5382 gratia
1100 5327 1155 5373 et
1183 5322 1538 5382 misericordia
1568 5329 1814 5388 bonitatis
1841 5337 1974 5405 ejus,
2001 5342 2120 5411 qui-

548 5408 668 5448 cum
692 5395 854 5466 Patri,
882 5413 935 5456 ct
955 5416 1136 5462 sancto
1161 5409 1376 5479 Spiritui
1399 5416 1468 5470 sit
1491 5417 1676 5485 gloria,
1703 5395 1999 5492 imperium,
2017 5395 2123 5484 ⁸Ιιοο

550 5497 668 5549 nor,
701 5503 838 5544 nunc
862 5501 913 5547 et
936 5510 1166 5566 semper,
1191 5510 1244 5556 et
1273 5503 1325 5557 in
1353 5506 1544 5563 saecula
1567 5512 1901 5571 saeculorum.
1926 5519 2116 5577 Amen.

1280 243 1336 299 S.
1375 240 1651 298 .IOANNIS
1701 237 2172 299 CHRYSOS'I'OMI
2229 242 2540 301 ARCHH'LP.
2580 247 3114 306 CONSTANTINOI‘.

3723 267 3841 322 25‘!

2770 362 3042 419 IIOMILIA
3085 366 3127 420 Χ
3141 367 3178 420 Χ
3192 367 3317 424 VIII.

2257 489 2323 544 Et
2349 493 2472 545 dixit
2507 493 2752 548 Dominus
2774 495 2912 551 Deus
2933 504 3000 551 ad
3022 499 3151 562 Noe,
3175 513 3223 556 et
3243 504 3311 557 ad
3333 506 3469 573 ﬁlios
3490 511 3598 581 eius
3611 528 3731 564 cmu
3752 531 3839 574 eo.

2325 581 2492 635 dicens
2517 600 2530 637 :
2556 581 2686 637 Ecce
2709 601 2798 652 ego
2826 596 2990 640 statuo
3015 600 3360 647 testamentum
3374 611 3537 651 meum
3554 601 3759 654 robisru
3781 624 3837 669 η,

2322 681 2367 724 et
2395 689 2508 726 cum
2532 676 2718 729 semine
2741 688 2901 732 vestro
2928 691 3036 748 post
3062 698 3165 743 vos,
3193 695 3239 738 et
3275 689 3414 741 omni
3439 692 3622 746 animi:
3651 696 3843 753 rirenti

2314 762 2576 815 vobiscum
2613 775 2714 818 tam
2746 769 2799 820 in
2831 771 3147 836 volucribus,
3185 792 3333 843 quam
3368 779 3422 832 in
3456 786 3760 853 pecudibus,
3792 802 3843 842 et

2320 853 2546 907 omnibus
2570 855 2736 910 bestiis
2761 866 2907 913 terra:
2930 858 3079 928 (Gen.
3112 863 3166 918 9.
3189 865 3221 920 8
3237 897 3283 908 -
3303 868 3413 944 ω).

2322 1008 2371 1061 l.
2404 1007 2527 1062 Heri
2557 1014 2822 1080 proposita
2847 1015 3235 1089 benedictione,
3268 1043 3426 1098 quam
3463 1047 3850 1106 consequutus

2247 1107 2327 1152 est
2358 1100 2468 1154 Noe
2495 1116 2524 1154 a
2554 1103 2808 1170 Domino;
2849 1109 2937 1176 qui
2967 1121 3086 1180 post
3112 1131 3383 1186 egressum
3415 1138 3478 1176 ex
3509 1139 3628 1179 arca
3661 1133 3844 1182 altare

2248 1190 2543 1259 a‘diﬁcavit,
2584 1203 2638 1247 et
2676 1196 2868 1252 oblatis
2914 1200 2965 1257 in
3004 1208 3290 1274 gratiarum
3335 1214 3597 1270 actionem
3636 1217 3842 1275 hostiis

2246 1291 2451 1348 gratum
2491 1284 2728 1342 exhibuit
2769 1290 3024 1359 animum,
3066 1297 3284 1353 ulterius
3323 1319 3494 1373 neque
3536 1311 3836 1378 progredi,

2249 1386 2417 1441 neque
2441 1369 2721 1430 lectionem
2754 1386 2917 1436 totam
2949 1399 3220 1455 enarrare,
3252 1369 3420 1460 neque
3444 1369 3701 1465 quantavin
3735 1401 3838 1456 be-

2248 1463 2436 1532 nignus
2467 1465 2603 1520 Deus
2625 1483 2748 1538 erga
2770 1472 2968 1540 justum
2995 1476 3165 1531 virum
3193 1463 3568 1552 indulgentiam
3597 1496 3654 1543 et
3679 1493 3841 1546 solli—

2246 1553 2532 1608 citudinem
2563 1558 2880 1624 exhibuerit,
2907 1565 3190 1623 ostendere
3218 1572 3505 1638 potuimus.
3545 1575 3681 1633 Nam
3715 1595 3839 1636 ser-

2247 1659 2457 1699 monem
2507 1657 2765 1716 nostrum,
2795 1655 2915 1723 quia
2958 1656 3164 1726 longius
3205 1665 3538 1733 excurrebat,
3577 1671 3839 1726 celeriter

2244 1737 2586 1801 succidimus,
2617 1750 2674 1795 ut
2722 1758 2789 1798 ne
2827 1746 3163 1806 multitudine
3201 1752 3311 1821 jam
3351 1756 3610 1815 dictorum
3645 1777 3834 1820 vestra

2246 1829 2499 1883 memoria
2527 1832 2860 1898 obrueretur,
2893 1853 2998 1893 non
3025 1843 3139 1897 sine
3160 1843 3363 1912 jactura
3389 1863 3574 1904 eorum
3594 1869 3721 1922 qua:
3747 1859 3832 1910 di-

2245 1919 2410 1973 cenda
2437 1931 2605 1976 erant.
2639 1923 2752 1979 Non
2780 1929 2921 1982 enim
2949 1930 3050 1985 hoc
3078 1933 3248 1988 solum
3271 1939 3422 1992 nobis
3447 1956 3592 1998 curm
3621 1945 3745 2013 fuit,
3776 1956 3834 2002 ut

2247 2009 2411 2062 multa
2437 2009 2734 2066 diceremus
2765 2033 2777 2068 :
2805 2017 2899 2071 sed
2941 2030 2998 2073 ut
3041 2030 3184 2076 tanta
3205 2065 3218 2084 ,
3251 2041 3366 2093 quur
3394 2029 3541 2084 vobis
3581 2032 3738 2088 facile
3763 2039 3833 2092 sit

2245 2109 2425 2154 mente
2443 2115 2632 2171 capere
2655 2145 2671 2169 ,
2701 2122 2806 2174 quo
2831 2122 2949 2163 cum
2984 2111 3131 2168 lucro
3159 2113 3282 2171 hinc
3311 2119 3456 2174 abire
3483 2121 3656 2178 liceat.
3695 2127 3827 2183 Nam

2244 2189 2287 2243 si
2321 2205 2418 2246 nos
2443 2191 2587 2260 plura
2614 2210 2770 2263 quam
2797 2213 2892 2266 par
2915 2201 2985 2255 sit
3007 2202 3323 2273 dixerimus,
3343 2217 3397 2264 et
3423 2225 3519 2266 vos
3547 2214 3681 2269 nihil
3706 2218 3829 2274 inde

2246 2278 2376 2332 lucri
2418 2283 2738 2350 percipiatis,
2783 2303 2903 2357 qua:
2946 2291 3184 2348 utilitas?
3229 2297 3467 2354 Scientes
3515 2301 3696 2371 igitur,
3727 2324 3824 2362 nos

2246 2380 2461 2437 propter
2493 2383 2722 2430 vestram
2758 2378 3038 2436 utilitatem
3082 2384 3222 2440 hunc
3258 2387 3493 2444 laborem
3525 2395 3823 2463 suscipere,

2242 2467 2296 2512 et
2321 2459 2670 2536 sufﬁcientem
2697 2480 2795 2520 nos
2820 2471 3117 2526 mercedem
3141 2476 3410 2545 accepisse
3439 2459 3743 2547 credimus,

2243 2559 2476 2605 vestrum
2514 2553 2784 2610 videamus
2822 2559 3132 2627 profectum,
3175 2572 3231 2619 et
3260 2581 3356 2620 vos
3394 2568 3676 2638 diligenter
3702 2590 3821 2643 quae

2243 2638 2489 2696 dicuntur
2518 2652 2701 2702 tenere
2729 2648 2780 2701 in
2805 2649 3008 2706 sinibus
3033 2653 3195 2708 animi
3223 2658 3383 2711 vestri
3417 2662 3669 2728 reposita,
3693 2677 3824 2716 cono

2245 2729 2392 2785 tinuo
2414 2746 2478 2787 ea
2509 2748 2866 2794 memorantes
2903 2751 2956 2795 et
2999 2745 3346 2802 ruminantes.
3400 2749 3650 2806 Memoria
3677 2755 3820 2808 enim

2243 2822 2367 2876 olim
2397 2824 2659 2881 dictorum
2687 2827 2846 2884 faciet
2891 2841 2947 2886 ut
2984 2835 3171 2905 majori
3215 2837 3464 2895 facilitate
3484 2841 3709 2897 dicenda
3737 2861 3824 2898 ra-

2245 2927 2370 2979 pere
2407 2917 2634 2982 possitis,
2667 2927 2824 2988 atque
2863 2922 2933 2976 ita
2976 2940 3260 2996 progressu
3301 2932 3555 3000 temporis
3597 2944 3824 2990 catiros

2242 3004 2400 3058 etiam
2431 3006 2640 3062 docere.
2693 3011 2746 3064 In
2789 3011 2889 3067 hoc
2925 3015 3065 3068 enim
3109 3017 3264 3085 plane
3299 3022 3630 3092 iuvigilamus
3656 3036 3713 3079 et
3741 3029 3822 3081 in~

2241 3095 2560 3160 cumbimus,
2594 3110 2648 3154 ut
2692 3117 2878 3157 omnes
2906 3120 2997 3162 vos
3036 3109 3256 3176 perfecti
3286 3122 3339 3165 et
3367 3119 3721 3170 consummati
3752 3120 3822 3171 si-

2243 3185 2329 3248 tis,
2353 3194 2405 3239 et
2433 3187 2563 3242 nihil
2590 3205 2771 3246 eorum
2796 3211 2914 3260 qme
2935 3197 2985 3250 in
3007 3199 3199 3254 divinis
3227 3203 3514 3272 Scripturis
3539 3212 3823 3264 continen-

2243 3283 2328 3330 tur
2354 3293 2446 3331 vos
2479 3280 2656 3336 lateat.
2703 3285 2907 3341 Etenim
2947 3304 3129 3344 eorum
3179 3294 3394 3359 notitia,
3435 3297 3478 3350 si
3511 3298 3697 3368 vigiles
3736 3315 3822 3354 so-

2242 3367 2446 3437 briiquc
2490 3387 2610 3426 esse
2648 3376 2895 3432 volumus
2919 3421 2934 3444 ,
2976 3390 3028 3435 et
3065 3383 3130 3436 ad
3176 3386 3411 3440 melioris
3444 3389 3566 3442 vita:
3615 3392 3820 3458 frugem

2244 3459 2529 3527 plurimum
2577 3465 2730 3520 nobis
2771 3469 3028 3534 conferet,
3065 3473 3457 3547 alacrioresque
3500 3479 3565 3532 ad
3614 3481 3821 3534 virtutis

2244 3549 2451 3605 labores
2493 3554 2706 3609 efﬁciet.
2751 3557 2880 3614 Nam
2911 3576 3030 3616 cum
3069 3564 3355 3622 doceamur
3383 3571 3632 3625 omnibus
3663 3572 3822 3642 juslis

2241 3656 2482 3710 magnam
2505 3645 2642 3715 apud
2673 3648 2835 3702 Deum
2862 3667 2980 3707 esse
3010 3653 3272 3722 fiduciam,
3299 3659 3387 3728 qui
3415 3659 3593 3714 afﬂicti
3620 3672 3675 3716 et
3700 3674 3818 3716 ten-

2244 3733 2334 3785 tati
2359 3747 2455 3801 per
2485 3745 2644 3790 totam
2671 3738 2832 3793 vitam
2862 3756 3032 3806 suam,
3069 3747 3371 3814 patientiam
3399 3758 3454 3804 et
3475 3760 3680 3821 gratum
3703 3755 3820 3808 ani-

2242 3837 2384 3876 nium
2425 3823 2778 3892 declararunt,
2810 3840 2864 3885 et
2902 3832 2978 3887 sic
3021 3837 3233 3902 praemia
3276 3849 3399 3892 sunt
3439 3841 3614 3909 adepti
3646 3861 3659 3896 :
3687 3859 3820 3912 quo-

2241 3913 2398 3967 modo
2429 3931 2531 3969 non
2553 3927 2605 3971 et
2634 3920 2787 3975 nobis
2813 3937 2954 3978 cura:
2981 3926 3082 3980 erit
3104 3968 3118 3993 ,
3158 3939 3213 3981 ut
3241 3930 3482 3986 eamdem
3512 3933 3819 3990 iucedamus

2239 4003 2394 4069 viam,
2423 4021 2530 4076 quo
2554 4017 2608 4062 et
2634 4010 2818 4065 eadem
2858 4017 3072 4082 prtemia
3104 4019 3483 4077 obtineamus?
3507 4022 3630 4078 ldeo
3657 4025 3817 4082 obse-

2237 4108 2349 4162 cro,
2376 4107 2432 4151 ut
2451 4099 2685 4167 quotidie
2709 4103 2903 4171 aliquid
2926 4109 3143 4162 accedat
3169 4111 3289 4164 boni
3317 4115 3512 4182 operis,
3534 4125 3586 4169 et
3611 4128 3820 4172 crescat

2236 4196 2470 4242 vestrum
2495 4189 2774 4246 aedificium
2799 4195 3094 4263 spirituale,
3117 4214 3180 4254 ac
3200 4201 3332 4254 bona
3357 4216 3518 4270 Opera
3541 4221 3659 4272 qua:
3687 4206 3816 4260 olim

2237 4277 2455 4344 fecistis,
2503 4292 2658 4338 caute
2699 4285 3084 4358 diligenterque
3131 4292 3472 4358 custodiatis,
3523 4305 3578 4350 et
3623 4297 3668 4350 si
3711 4315 3817 4366 qua

2235 4368 2408 4425 adhuc
2441 4371 2809 4429 desiderantur
2827 4378 3088 4446 adjiciatis
3107 4423 3122 4444 ,
3151 4384 3307 4438 utsic
3335 4384 3386 4438 in
3411 4400 3676 4441 summum
3709 4390 3817 4443 vir-

2236 4459 2362 4512 tutis
2402 4465 2722 4530 perveniatis
2770 4466 3056 4538 fastigium,
3105 4473 3155 4526 in
3201 4483 3434 4529 nostram
3473 4478 3718 4547 gloriam,
3766 4483 3816 4534 iu

2235 4548 2632 4608 aediﬁcationem
2662 4555 2928 4620 Ecclesim.
2955 4561 3005 4614 iu
3033 4562 3284 4619 honorem
3307 4566 3520 4622 Christi.
3548 4569 3688 4625 Sane
3713 4589 3818 4642 ego

2233 4639 2418 4694 videns
2460 4642 2774 4713 inexplebile
2802 4659 3033 4705 vestrum
3075 4669 3197 4724 erga
3241 4656 3568 4723 Spiritualem
3614 4660 3817 4716 doctri-

2235 4743 2353 4782 nam
2379 4731 2631 4800 studium,
2655 4737 2859 4792 etiamsi
2882 4743 3124 4797 conscius
3147 4744 3246 4798 sim
3269 4760 3471 4816 magna:
3490 4765 3625 4804 mea:
3649 4754 3810 4806 tenui-

2233 4820 2373 4884 tatis,
2408 4837 2511 4877 non
2555 4826 2846 4883 intermitto
2881 4833 3114 4900 quotidie
3160 4839 3465 4894 convivium
3503 4857 3572 4895 ex
3615 4843 3813 4900 divinis

2230 4907 2515 4980 Scripturis
2533 4929 2809 4984 apparare,
2833 4929 2887 4974 et
2908 4937 3254 4994 quascumque
3279 4927 3370 4983 Dei
3395 4933 3561 5000 gratia
3591 4946 3812 5004 propter

2228 5015 2379 5055 suam
2403 5001 2773 5075 benignitatem
2797 5021 2849 5064 et
2877 5024 3102 5068 vestram
3132 5017 3410 5074 utilitatem
3436 5001 3812 5091 suppeditave-

2229 5089 2317 5152 rit,
2343 5094 2529 5148 vestris
2553 5097 2768 5151 auribus
2793 5115 3110 5170 pr0poucre.
3139 5107 3252 5176 Age
3278 5109 3436 5178 igitur
3458 5089 3515 5167 et
3538 5089 3696 5169 hodie
3727 5116 3812 5170 in-

2227 5179 2466 5237 dieemus
2493 5187 2697 5241 caritati
2721 5194 2911 5243 vestr‘ae
2931 5193 3255 5251 eminentem
3285 5200 3374 5254 Dei
3403 5201 3808 5273 benignitatem,

2225 5289 2383 5342 quam
2431 5275 2664 5332 humano
2701 5281 2881 5348 generi
2924 5287 3165 5351 contulit,
3195 5299 3246 5342 et
3287 5291 3356 5343 ob
3399 5293 3449 5346 id
3484 5296 3642 5346 verba
3683 5313 3807 5362 qua:

2227 5363 2367 5418 Deus
2389 5366 2454 5418 ad
2484 5367 2595 5422 Noe
2618 5369 2752 5424 dixit
2773 5372 3074 5430 offeramus.
3091 5377 3145 5432 8.
3172 5378 3234 5432 Et
3255 5381 3382 5434 dixit
3407 5381 3544 5435 Deus
3572 5387 3641 5438 ad
3665 5386 3805 5453 Noe,

2223 5465 2267 5506 et
2288 5456 2419 5521 ﬁlios
2435 5456 2591 5510 illius.
2622 5459 2902 5530 Postquam
2926 5463 3192 5523 benedixit
3209 5471 3374 5534 illum,
3399 5483 3452 5527 et
3476 5474 3611 5528 filios
3634 5477 3802 5547 illius,

2223 5553 2274 5597 et
2299 5544 2450 5610 dixit,
2483 5545 2698 5603 Crescite
2721 5561 2768 5604 et
2795 5554 3217 5624 multiplicamini,
3247 5571 3300 5615 et
3332 5564 3544 5618 tradidit
3570 5566 3675 5622 illis
3695 5544 3804 5624 do;

2226 5635 2443 5688 minium
2465 5651 2624 5706 super
2643 5638 2793 5696 bruta
2821 5647 3016 5712 omnia,
3047 5659 3465 5724 potestatemque
3485 5655 3629 5712 dedit
3657 5661 3816 5712 uisu:
