4116 6196
366 311 476 366 955

367 424 516 495 quasi
556 418 790 476 oleribus
828 415 1111 471 herbarum
1140 413 1311 474 vesci,
1343 425 1440 464 nec.
1467 425 1568 463 non
1597 417 1650 460 et
1676 400 1945 460 mandavit

368 522 426 569 nt
457 526 645 567 carnes
692 507 744 563 in
791 506 1045 574 sanguine
1084 518 1186 556 non
1228 501 1528 562 coutedant,
1559 497 1729 550 adhuc
1754 507 1944 562 gerens

366 615 547 657 curam
590 598 715 666 justi
765 605 819 650 ct
872 593 1230 662 posteritatis,
1280 589 1657 656 beneﬁciisque
1705 593 1942 639 nostrum

367 703 532 758 genus
558 688 783 740 ubertim
809 682 1044 738 alliciens
1063 722 1077 743 ,
1106 680 1282 734 denuo
1309 678 1507 743 majora
1534 675 1713 742 adjicit
1742 674 1940 728 beneti-

370 781 470 842 cia,
492 788 546 833 et
569 778 756 849 inquit,
777 775 1015 841 Dixitque
1031 771 1278 825 Dominus
1306 768 1439 820 Deus
1467 766 1516 819 Ν
1521 784 1579 820 oe
1597 777 1643 818 et
1665 766 1783 832 ﬁliis
1807 763 1945 816 illius

367 869 636 939 eumipsa,
679 868 889 921 dicens:
917 865 970 920 9.
1014 863 1146 916 Ecce
1186 870 1351 914 statuo
1395 867 1740 911 testamentum
1781 870 1942 907 meum

366 958 636 1019 vobiscum,
667 966 712 1009 et
746 955 924 1010 semini
958 962 1120 1007 vestro
1146 961 1255 1020 post
1285 966 1386 1011 vos,
1418 949 1502 1003 10.
1527 957 1573 1001 et
1599 947 1734 999 omni
1755 945 1944 997 animo:

366 1050 545 1103 viventi
567 1048 840 1111 vobiscum,
867 1062 900 1098 α
925 1042 1209 1098 volucribus
1244 1052 1290 1094 et
1321 1039 1576 1109 pecoribus
1596 1080 1610 1102 ,
1642 1046 1688 1089 et
1713 1034 1941 1088 omnibus

366 1140 532 1194 bestiis
558 1149 720 1201 teme,
749 1151 1072 1205 quacumque
1092 1143 1210 1185 sunt
1225 1131 1492 1193 vobiscum,
1516 1138 1560 1181 et
1589 1126 1817 1181 omnibus
1832 1140 1944 1193 qum

365 1247 562 1301 egressa
581 1239 700 1283 sunt
722 1245 785 1283 ex
808 1243 965 1291 arca;
991 1226 1077 1280 ll.
1097 1234 1142 1279 et
1169 1233 1384 1277 statuam
1412 1229 1756 1273 testamentum
1779 1232 1941 1271 meum

364 1318 617 1372 vobiscum
638 1336 657 1372 :
681 1328 727 1372 et
766 1334 865 1371 non
906 1317 1147 1370 morietur
1182 1315 1318 1367 ultra
1355 1312 1517 1365 omnis
1544 1326 1662 1363 caro
1698 1324 1763 1362 ea:
1798 1307 1940 1375 aquis

365 1408 574 1473 diluvii;
599 1425 690 1464 nec
713 1410 808 1463 erit
831 1409 965 1462 ultra
992 1407 1231 1461 diluvium
1262 1419 1425 1471 aqua,
1449 1403 1582 1470 quod
1611 1419 1805 1456 onmem
1835 1411 1937 1455 ter-

365 1515 477 1551 ram
520 1506 827 1566 corrumpat.
891 1497 1022 1565 Quia
1064 1495 1351 1549 verisimile
1393 1502 1507 1547 erat
1543 1492 1742 1560 justum
1791 1492 1934 1546 illum

363 1587 538 1642 adhuc
566 1588 616 1641 in
645 1603 843 1658 angore
869 1601 988 1641 esse
1005 1627 1020 1650 ,
1047 1596 1101 1641 et
1127 1594 1357 1639 mentem
1386 1584 1526 1637 illius
1553 1583 1831 1637 formidine
1858 1590 1936 1636 te-

362 1677 513 1740 neri;
552 1685 608 1732 et
639 1678 684 1731 si
703 1675 939 1747 "quando
979 1677 1244 1747 ingrueret
1286 1690 1479 1744 parvus
1516 1674 1705 1744 aliquis
1746 1674 1935 1739 imber,

362 1766 595 1820 futurum
628 1767 834 1821 tristem
861 1776 914 1821 et
939 1767 1218 1820 attonitum
1238 1807 1252 1829 ,
1283 1764 1430 1834 quasi
1456 1764 1630 1819 denuo
1657 1764 1776 1818 talis
1806 1772 1939 1818 tem-

360 1864 538 1925 pestas
575 1855 829 1911 mundum
862 1857 1160 1911 involutura
1197 1864 1338 1910 esset
1370 1872 1384 1908 :
1417 1854 1537 1909 ideo
1565 1862 1698 1908 utet
1728 1854 1841 1923 ipse
1872 1854 1936 1907 ti-

359 1945 486 1999 dere
510 1955 688 2015 posset
716 1947 1104 2016 posteritasque
1127 1947 1323 2008 omnis,
1350 1945 1582 2013 optimus
1609 1944 1745 1999 Deus
1774 1943 1939 2013 probe

359 2035 532 2089 sciens
572 2037 716 2090 illum
748 2037 832 2091 vel
875 2038 1146 2091 minimam
1182 2053 1293 2091 rem
1334 2037 1546 2091 turbare
1592 2050 1784 2106 posse:
1814 2051 1934 2090 nam

362 2126 743 2193 pneteritorum
770 2127 1094 2195 experientia
1121 2127 1185 2180 ad
1212 2125 1550 2181 formidinem
1578 2125 1933 2183 incutiendam

363 2212 584 2266 umltum
626 2212 783 2268 habet
820 2215 1107 2270 momenti:
1136 2215 1309 2284 itaque
1345 2215 1464 2284 quia
1499 2214 1785 2270 verisimile
1821 2223 1937 2269 erat

358 2301 568 2358 beatum
598 2304 735 2359 hunc
761 2321 973 2374 parvam
1014 2306 1082 2361 ob
1124 2306 1351 2375 pluviam
1397 2305 1820 2369 formidaturum,
1850 2305 1933 2359 id-

359 2393 498 2445 circo
527 2393 782 2463 benignus
824 2395 959 2449 Deus
978 2436 991 2460 ,
1030 2396 1178 2463 quasi
1205 2394 1450 2450 ﬁduciam
1478 2394 1551 2448 illi
1574 2393 1931 2460 adhibiturus,

356 2484 638 2537 ctabomni
659 2483 940 2540 formidine
967 2486 1219 2549 solutum,
1247 2486 1298 2539 in
1326 2500 1568 2555 magnam
1594 2486 1951 2556 securitatem.

358 2573 804 2641 ctjucnnditatem
833 2576 1161 2639 inductnrus,
1187 2576 1447 2645 promittit
1471 2575 1569 2645 ipsi
1590 2590 1649 2630 se
1668 2574 1929 2644 ejusmodi

360 2677 567 2731 ptenam
597 2667 732 2719 ultra
758 2681 862 2721 non
890 2681 1008 2721 esse
1035 2667 1319 2722 illaturum.

424 2755 479 2809 2.
523 2756 587 2810 Et
621 2757 833 2825 quidem
882 2759 1082 2827 pridem
1128 2766 1183 2814 et
1216 2769 1339 2821 ante
1383 2757 1803 2814 benedictionem
1832 2758 1933 2813 hoc

356 2846 670 2917 promiserat
688 2848 890 2917 dicens,
912 2850 1358 2919 quemadmodum
1378 2850 1673 2916 audivistis,
1703 2849 1822 2906 Non
1840 2850 1933 2904 ad-

322 2999 331 3008 .
356 2938 526 2999 iiciam
550 2939 683 2994 ultra
711 2950 766 2994 ut
794 2942 1093 2996 maledicam
1120 2952 1266 2995 terra:
1294 2941 1447 3009 (Gen.
1476 2943 1529 2996 8.
1557 2942 1651 3011 21)
1682 2958 1695 2994 :
1723 2944 1930 2999 etiamsi

358 3028 629 3084 hominum
651 3031 847 3086 malitia
876 3032 1156 3098 increscat,
1180 3048 1285 3087 non
1313 3042 1488 3089 tamen
1515 3049 1614 3103 ego
1642 3034 1930 3090 humanum

354 3133 521 3186 genus
549 3120 634 3175 tali
663 3121 935 3190 subjiciam
965 3137 1155 3192 ptume.
1201 3122 1333 3178 Nam
1363 3125 1712 3179 monstrando
1742 3126 1929 3180 ineffa-

356 3209 513 3264 bilem
551 3226 701 3265 suam
740 3212 1149 3283 benignitatem,
1176 3214 1405 3284 idipsum
1435 3231 1575 3271 nunc
1603 3216 1775 3272 denuo
1803 3232 1930 3287 pro-

355 3300 533 3365 mittit,
565 3311 623 3356 ut
663 3300 797 3356 bene
831 3303 1064 3360 conﬁdat
1101 3306 1295 3374 justus,
1328 3322 1426 3361 nec
1448 3308 1646 3378 cogitet
1668 3309 1805 3378 apud
1835 3324 1928 3375 se,

354 3403 416 3442 ac
441 3388 578 3444 dicat
608 3409 621 3444 :
654 3393 784 3446 Cum
818 3393 943 3447 olim
971 3393 1392 3449 benedictionem
1418 3399 1600 3465 generi
1628 3408 1811 3454 nostro
1834 3398 1931 3455 de-

355 3476 522 3532 disset
544 3520 560 3543 ,
592 3489 648 3534 et
688 3490 743 3535 ut
785 3481 936 3536 valde
979 3484 1421 3551 multiplicaretnr
1448 3484 1658 3550 ell'ecit;
1693 3502 1931 3543 commu-

356 3583 476 3622 nem
506 3577 680 3626 tamen
708 3571 847 3626 illam
877 3572 1114 3627 omnium
1144 3574 1557 3630 internecionem
1597 3576 1815 3633 invexit.
1863 3579 1933 3635 Ut

358 3657 517 3726 igitur
536 3674 748 3714 omnem
774 3676 805 3716 e
833 3662 1242 3729 cogitationibus
1270 3663 1412 3718 illius
1436 3666 1721 3721 tumultum
1747 3668 1931 3738 expel-

358 3748 510 3813 leret,
537 3756 592 3803 et
619 3759 766 3804 certo
793 3760 1058 3807 constaret
1090 3752 1186 3821 ipsi
1214 3767 1319 3807 non
1348 3752 1461 3809 fore
1483 3754 1619 3809 ultra
1642 3770 1754 3811 rem
1783 3757 1933 3812 simi-

357 3839 461 3894 lem
497 3840 1011 3907 :Quemadmodum,
1035 3843 1220 3911 inquit,
1247 3842 1501 3898 diluvium
1530 3861 1593 3899 ex
1626 3845 1930 3903 misericor-

356 3929 441 3983 dia
482 3929 681 3996 induxi,
713 3940 767 3985 ut
795 3940 846 3986 et
886 3933 1084 3987 malitia
1132 3933 1469 4002 impediatur,
1502 3951 1672 4005 neque
1710 3937 1933 3993 ulterius

359 4019 601 4087 progredi
626 4022 810 4087 possit,
840 4022 910 4075 ita
940 4029 993 4075 et
1021 4037 1161 4077 nunc
1179 4023 1362 4078 eadem
1392 4024 1749 4080 misericordia
1780 4028 1933 4097 polli-

356 4124 481 4164 ceor
502 4126 587 4164 me
608 4109 659 4164 id
686 4126 788 4165 non
817 4112 950 4166 ultra
972 4110 1255 4190 facturum,
1285 4122 1341 4167 ut
1368 4117 1602 4183 seposito
1621 4117 1766 4171 omni
1790 4132 1927 4173 mae-

358 4213 481 4253 rore
528 4209 838 4267 praesentem
879 4200 1038 4255 vitam
1080 4201 1401 4274 transigatis.
1444 4203 1566 4257 Ideo
1595 4204 1729 4259 dixit
1762 4222 1775 4258 :
1806 4205 1936 4261 Ecce

356 4297 519 4342 statuo
546 4297 894 4343 testamentum
920 4307 1101 4354 meum,
1125 4290 1227 4346 hoc
1249 4301 1354 4354 est,
1380 4302 1588 4362 pactum
1617 4294 1758 4349 ineo.
1786 4295 1936 4352 Sicut

360 4375 412 4430 in
440 4377 685 4432 humanis
711 4380 937 4449 negotiis
970 4383 1013 4434 si
1042 4382 1159 4450 quis
1190 4384 1444 4451 promittit
1471 4384 1690 4454 aliquid,
1724 4396 1931 4455 pactum

361 4463 514 4531 facit,
560 4482 804 4536 magnam
853 4469 1100 4538 prmbens
1145 4471 1481 4526 securitatem
1508 4490 1520 4529 :
1551 4476 1618 4527 ita
1658 4456 1718 4528 'ct
1763 4475 1934 4530 bonus

364 4555 615 4611 Dominus
644 4559 812 4627 inquit
852 4575 866 4611 :
902 4557 1031 4612 Ecce
1066 4569 1232 4615 statuo
1269 4570 1613 4616 testamentum
1645 4580 1829 4621 meum.
1870 4567 1934 4621 Et

362 4644 496 4702 bene
517 4647 663 4712 dixit,
689 4648 892 4710 Statua,
918 4663 1014 4719 pro
1034 4664 1119 4716 co,
1141 4650 1278 4720 quod
1299 4659 1399 4713 est,
1424 4651 1560 4707 Ecce
1580 4668 1680 4723 ego
1701 4655 1934 4710 instauro

359 4750 420 4790 ea
448 4753 562 4804 qua:
587 4752 650 4793 ex
682 4749 1018 4808 peccatorum
1047 4740 1277 4809 pernicie
1302 4741 1633 4809 acciderant,
1659 4755 1714 4799 et
1751 4746 1934 4799 Statua

361 4834 709 4880 testamentum
734 4844 897 4881 meum
920 4829 1169 4882 vobiscum
1193 4838 1240 4883 et
1272 4846 1384 4884 cum
1417 4832 1603 4886 semine
1636 4843 1796 4887 vestro
1823 4843 1934 4904 post

358 4930 462 4968 vos.
496 4915 632 4969 .Vide
679 4916 1012 4972 clementiam
1054 4918 1296 4987 Domini;
1335 4922 1482 4991 quasi
1524 4921 1720 4978 diceret
1764 4940 1777 4977 :
1819 4923 1932 4977 Non

363 5015 563 5058 tantum
594 5006 860 5061 vobiscum
900 5017 1077 5063 statuo
1117 5022 1362 5080 pactum,
1402 5011 1494 5064 scd
1535 5020 1587 5064 ct
1625 5012 1689 5066 iis
1725 5013 1814 5081 qui
1842 5029 1934 5069 vos

361 5103 667 5160 sequentur.
689 5095 876 5149 stabile
896 5105 949 5151 et
976 5097 1183 5152 firmum
1205 5098 1320 5154 fore
1337 5100 1636 5169 pronuntio.
1670 5101 1854 5156 Postea
1880 5113 1935 5158 ut

362 5197 512 5236 suam
549 5184 782 5239 declaret
815 5187 1203 5255 liberalitatem,
1236 5190 1439 5260 inquit:
1470 5189 1534 5244 Et
1581 5192 1717 5244 omni
1753 5194 1937 5248 anima:

361 5275 543 5326 viventi
571 5277 839 5341 vobiscum,
866 5294 897 5331 a
922 5277 1203 5333 volatilibus
1225 5290 1270 5335 et
1285 5297 1315 5333 a
1338 5281 1613 5347 pecoribus,
1637 5296 1685 5335 et
1708 5284 1935 5339 omnibus

365 5363 529 5416 bestiis
553 5373 715 5427 terrm,
745 5381 1068 5436 quiscumque
1090 5378 1205 5422 sunt
1234 5370 1479 5423 vobiscum
1500 5386 1560 5424 ex
1579 5372 1809 5425 omnibus
1825 5388 1936 5442 quo

364 5468 561 5522 egressa
605 5463 719 5506 σκηι
760 5470 823 5508 εκ
855 5472 1010 5520 arca;
1054 5468 1101 5511 ει
1132 5468 1346 5511 statuam
1385 5469 1729 5513 testamentum
1771 5477 1936 5516 meum

364 5541 615 5595 vobiscum
645 5552 733 5597 :et
772 5561 870 5597 non
916 5547 1154 5600 morietur
1191 5550 1351 5602 onmis
1388 5565 1506 5603 caro
1540 5551 1672 5604 ultra
1705 5552 1767 5604 ab
1804 5569 1934 5622 aqua

356 5629 583 5693 diluvii;
613 5642 659 5687 et
684 5650 782 5688 non
816 5637 949 5689 ultra
979 5637 1068 5690 erit
1091 5637 1335 5692 diluvium
1363 5656 1506 5709 aqua‘
1524 5682 1537 5706 ,
1566 5653 1618 5695 ut
1646 5653 1935 5711 corrumpat

1430 298 1495 353 IN
1532 296 1680 352 CAP.
1723 289 1810 344 IX.
1850 283 2097 343 GENES.
2141 282 2367 337 ιιοιιιι..
2412 279 2647 336 XXVIII.

3521 272 3619 327 εδδ

2055 412 2246 448 munem
2269 404 2471 448 terram.
2500 392 2683 446 Vidisti
2716 399 2986 460 pactorum
3017 387 3459 460 magnitudinem'l
3489 387 3620 440 vidi.

2050 495 2118 538 Sll
2205 483 2615 552 promissionum
2653 480 2970 534 inell'abilem
3001 476 3402 532 liberalitatem?
3430 475 3619 529 Consi-

2052 574 2176 627 dera
2218 572 2484 641 quomodo
2526 571 2901 638 benignitatem
2947 583 3097 621 suam
3135 571 3308 620 denuo
3353 582 3518 635 usque
3556 565 3620 620 ad

2053 661 2200 716 bruta
2232 670 2284 714 ιιι
2315 661 2450 713 feras
2474 659 2741 724 extendat,
2765 667 2817 711 et
2845 660 3031 710 merito
3052 656 3282 724 quidem.
3312 655 3458 723 Quod
3479 655 3620 710 enim

2050 765 2191 817 smpe
2217 750 2345 813 dixi,
2376 749 2476 803 hoc
2503 759 2555 802 ct
2585 764 2725 802 nunc
2752 747 2890 802 dico.
2923 746 3051 800 Nam
3075 747 3191 813 quia
3217 755 3429 813 propter
3451 743 3622 799 homi-

2044 854 2170 897 nem
2202 838 2313 891 lucc
2335 837 2586 905 producta
2612 847 2752 902 sunt,
2786 836 2903 891 ideo
2929 845 2981 890 et
3018 835 3224 888 illorum
3249 834 3620 891 beneﬁciorum

2054 940 2253 999 partem
2290 930 2485 984 habent
2511 945 2627 998 qurc
2659 928 2858 983 homini
2887 941 3139 982 concessa
3161 935 3302 979 sunt.
3332 926 3396 980 Et
3418 927 3613 981 videtut

2049 1024 2259 1092 quidem
2280 1038 2560 1078 commune
2588 1037 2708 1079 esse
2734 1029 2942 1091 pactum
2971 1020 3070 1089 ipsi
3091 1028 3147 1075 et
3176 1019 3365 1084 brutis,
3392 1018 3488 1073 sed
3514 1034 3619 1073 non

2050 1115 2118 1168 ita
2153 1124 2253 1169 est.
2301 1113 2429 1167 Nam
2458 1123 2510 1167 et
2540 1112 2639 1167 hoc
2662 1112 2725 1166 ad
2754 1109 2984 1165 hominis
3008 1109 3254 1173 solatium
3283 1110 3475 1164 factum
3501 1117 3581 1164 est
3602 1148 3619 1173 ,

2048 1216 2105 1259 ut
2133 1207 2269 1260 scire
2301 1206 2463 1273 possit
2491 1206 2545 1260 in
2576 1213 2773 1273 quanto
2800 1203 2869 1258 sit
2896 1202 3118 1265 honore,
3147 1200 3289 1271 quod
3317 1216 3420 1257 non
3447 1201 3619 1259 solum

2047 1295 2181 1350 inse
2205 1296 2530 1350 collocentur
2550 1293 2828 1356 beneficia,
2847 1292 2940 1348 sed
2964 1299 3180 1362 propter
3203 1306 3262 1346 se
3285 1291 3336 1345 in
3363 1290 3464 1346 alia
3489 1306 3621 1361 quo-

2045 1399 2150 1454 que
2191 1386 2437 1440 animalia
2476 1386 2790 1441 extendatur
2820 1383 3109 1438 liberalitas
3137 1383 3362 1439 Domini.
3412 1384 3477 1437 Et
3519 1401 3620 1439 non

2032 1476 2305 1539 ,morietur,
2344 1476 2530 1545 inquit,
2565 1476 2726 1530 onmis
2762 1492 2880 1531 caro
2922 1476 3052 1529 ultra
3079 1475 3142 1528 ab
3170 1490 3303 1544 aqua
3342 1474 3540 1541 diluvii,
3572 1484 3620 1530 et

2042 1583 2148 1620 non
2184 1576 2276 1620 cru
2316 1567 2451 1620 ultra
2485 1566 2749 1631 diluvium,
2785 1577 2838 1619 ut
2870 1574 3156 1635 corrumpat
3191 1580 3387 1619 onmem
3414 1574 3618 1620 terram.

2048 1656 2233 1711 Vidisti
2261 1656 2527 1726 quomodo
2553 1666 2605 1710 et
2633 1656 2796 1711 semel
2831 1664 2885 1710 et
2920 1654 3109 1710 iterum
3143 1663 3196 1709 et
3231 1655 3426 1723 stcpius
3462 1655 3619 1725 polli-

2044 1756 2225 1803 ceatur
2250 1763 2307 1801 se
2332 1763 2437 1803 non
2470 1749 2602 1801 ultra
2635 1748 2991 1801 inunissurum
3022 1761 3354 1801 communem
3380 1748 3615 1801 omnium

2047 1839 2483 1900 internecionem,
2511 1848 2566 1897 ut
2591 1853 2656 1892 ex
2689 1848 2865 1893 mente
2887 1837 3013 1906 justi
3045 1836 3181 1891 hanc
3208 1835 3615 1892 sollicitudinem

2043 1929 2260 1985 adimat.
2294 1940 2347 1984 et
2386 1930 2451 1984 de
2492 1929 2676 1984 futuris
2718 1929 2907 1984 bonam
2939 1943 3085 1996 Spem
3118 1928 3204 1981 ille
3235 1927 3454 1983 habeat?
3485 1927 3647 1983 Dein-

2044 2037 2147 2075 non
2189 2035 2341 2075 suam
2383 2030 2620 2075 naturam
2647 2031 2924 2091 spectans.
2954 2020 3046 2075 sed
3076 2030 3311 2074 nostram
3335 2018 3616 2073 infirmita-

2043 2117 2171 2173 tem,
2204 2126 2308 2164 non
2333 2117 2612 2164 contentus
2640 2119 2721 2164 est
2748 2109 3094 2178 promissione
3128 2123 3222 2164 sua
3258 2125 3415 2179 quam
3442 2110 3617 2164 verbis

2041 2202 2188 2256 dedit
2220 2221 2234 2257 :
2273 2202 2363 2257 sed
2396 2203 2584 2257 iterum
2613 2201 2846 2255 ostendit
2873 2201 3139 2271 quomodo
3168 2216 3225 2257 se
3255 2211 3449 2257 nostra:
3468 2201 3615 2256 infir-

2041 2293 2206 2347 mitati
2250 2301 2591 2362 attempcret,
2637 2303 2691 2347 et
2725 2294 2928 2363 signum
2973 2293 3062 2347 dat
3100 2309 3205 2362 quo
3236 2301 3489 2376 perpetuo
3512 2293 3615 2348 du-

2041 2393 2210 2445 rante.
2242 2382 2330 2436 tali
2375 2392 2516 2436 metu
2568 2383 2853 2436 humanum
2891 2398 3058 2452 genus
3102 2383 3313 2437 liberari
3345 2385 3524 2453 possit,
3561 2394 3617 2440 ut

2039 2474 2246 2530 etiamsi
2288 2490 2429 2543 stupe
2471 2476 2657 2543 pluvia:
2695 2475 3028 2539 deferantur,
3064 2485 3118 2529 et
3145 2475 3386 2530 violentm
3414 2485 3617 2546 tempe—

2037 2573 2204 2620 states
2230 2566 2374 2629 ﬁant,
2416 2566 2516 2620 etsi
2540 2582 2792 2635 aquarum
2818 2582 3003 2634 magna
3026 2567 3095 2621 sit
3119 2566 3412 2631 inundatio,
3440 2582 3613 2637 neque

2037 2656 2115 2711 sic
2144 2656 2484 2710 metuendum
2517 2656 2623 2721 sit,
2653 2657 2744 2712 sed
2772 2656 3142 2711 confidendum
3168 2657 3319 2712 nobis
3343 2657 3409 2713 ad
3431 2657 3612 2713 datum

2037 2745 2244 2814 signum
2274 2746 2693 2815 respicientibus.
2731 2747 2811 2800 12.
2860 2746 2926 2799 Et
2954 2747 3081 2799 dixit
3112 2745 3354 2800 Dominus
3386 2747 3518 2802 Deus
3545 2749 3613 2800 ad

2039 2833 2155 2888 Noe
2190 2850 2209 2888 :
2247 2833 2357 2887 lloc
2382 2846 2453 2889 est
2482 2836 2681 2905 signum
2708 2837 2986 2890 testamenti
3013 2838 3145 2907 quod
3174 2854 3263 2908 ego
3294 2837 3358 2891 do
3386 2838 3514 2891 inter
3538 2855 3615 2891 me

2036 2934 2082 2980 ct
2110 2936 2175 2979 te.
2227 2924 2358 2980 Vide
2385 2938 2582 2996 quanto
2611 2925 2813 2981 honore
2836 2927 3034 2995 justum
3062 2927 3323 2997 dignatur.
3367 2928 3441 2982 Ita
3472 2928 3614 2984 enim

2037 3030 2157 3068 cum
2192 3030 2257 3068 eo
2286 3015 2570 3083 paciscitur
2593 3016 2742 3084 quasi
2774 3015 2931 3070 homo
2959 3016 3154 3070 homini
3187 3017 3430 3087 loquens,
3455 3025 3511 3074 et
3536 3018 3616 3072 di-

2036 3106 2108 3160 cit
2141 3123 2155 3181 ;
2182 3103 2295 3159 Hoc
2321 3115 2395 3161 est
2416 3108 2616 3178 signum
2646 3107 2920 3162 testamenti
2949 3109 3085 3178 quod
3108 3125 3197 3180 ego
3224 3110 3289 3163 do
3317 3111 3445 3165 inter
3464 3128 3542 3166 me
3567 3122 3616 3166 et

2036 3203 2102 3261 te,
2138 3204 2185 3249 et
2221 3211 2415 3251 onmem
2454 3198 2675 3251 anintaut
2714 3198 2974 3262 viventem,
3012 3215 3124 3269 qute
3156 3201 3406 3255 vobiscum
3440 3212 3533 3268 est,
3562 3205 3615 3258 ἱιι

2036 3289 2377 3357 generationes
2397 3299 2626 3343 cateruas.
2660 3289 2844 3344 Vidisti
2866 3290 3134 3360 quomodo
3154 3292 3361 3362 signum
3382 3292 3613 3347 dandum

2036 3380 2181 3434 omni
2208 3380 2406 3435 viventi
2435 3381 2747 3435 duraturum
2774 3384 2845 3437 sit
2872 3383 2923 3435 in
2945 3383 3317 3452 generationes
3342 3392 3566 3438 aeternas
3590 3386 3613 3437 2

2035 3469 2150 3526 Non
2193 3472 2361 3526 solum
2400 3472 2749 3527 communiter
2790 3472 3036 3525 omnibus
3079 3472 3372 3527 viventibus
3407 3473 3500 3528 dat
3534 3475 3614 3528 si.-

2035 3578 2217 3634 gnum,
2244 3564 2338 3620 sed
2365 3574 2419 3618 et
2444 3572 2749 3634 perpetuum
2770 3576 2821 3620 et
2842 3574 3096 3619 mternum
3119 3565 3245 3619 illud
3268 3566 3409 3629 facit,
3427 3582 3613 3637 quant-

2036 3655 2125 3710 diu
2173 3656 2400 3712 mundus
2443 3656 2712 3711 subsistet.
2766 3656 3039 3723 Quodnam
3082 3672 3209 3727 ergo
3246 3658 3453 3727 signum
3493 3660 3612 3714 est?

2039 3747 2126 3803 15.
2155 3745 2338 3800 Arcum
2367 3763 2532 3801 meum
2559 3763 2693 3817 pono
2718 3747 2772 3803 in
2795 3747 2939 3813 nube,
2966 3757 3013 3801 et
3036 3749 3128 3802 erit
3156 3749 3209 3802 in
3231 3750 3431 3819 signum
3456 3752 3613 3821 (cede.

2036 3837 2108 3891 ris
2125 3837 2255 3891 inter
2281 3853 2359 3890 nte
2377 3846 2424 3891 et
2448 3847 2652 3892 terram.
2680 3837 2819 3892 Ecce
2846 3846 2963 3908 post
2986 3838 3419 3907 pollicitationem
3447 3842 3610 3896 verba

2040 3926 2250 3989 factam,
2273 3936 2327 3982 et
2355 3926 2457 3982 hoc
2484 3928 2688 3996 signum
2711 3928 2799 3992 do,
2829 3928 3013 3983 iridem
3044 3930 3247 3995 dicens,
3269 3945 3426 4000 quam
3449 3932 3609 4003 aliqui

2039 4017 2154 4073 fieri
2187 4016 2371 4072 dicunt
2395 4019 2507 4072 sole
2536 4016 2713 4071 radios
2751 4032 2876 4073 suos
2922 4031 3104 4073 contra
3144 4020 3312 4075 nubes
3347 4021 3608 4079 mittente.

2037 4107 2091 4164 Si
2135 4123 2313 4163 sermo
2350 4123 2531 4174 meus,
2570 4109 2763 4178 inquit,
2797 4124 2900 4163 non
2931 4109 3144 4174 sullicit,
3176 4126 3299 4167 ecce
3324 4122 3377 4166 et
3400 4114 3608 4183 signum

2039 4199 2129 4263 do,
2157 4213 2442 4268 numquam
2466 4198 2689 4253 ulterius
2717 4200 2872 4254 talem
2905 4215 2990 4255 me
3016 4216 3225 4271 pinnam
3253 4202 3609 4261 inducturum.

2039 4288 2151 4345 Hoc
2197 4304 2323 4359 ergo
2370 4290 2577 4361 signum
2625 4289 2864 4347 videntes
2904 4306 2936 4347 a
2973 4292 3251 4349 formidine
3294 4294 3610 4352 liberemini.

2041 4382 2124 4435 Η.
2157 4380 2222 4434 Et
2247 4383 2338 4436 erit
2363 4399 2474 4436 cum
2504 4382 2810 4445 nubilnvero,
2841 4383 3026 4454 inquit,
3055 4386 3209 4440 nubes
3233 4402 3384 4457 super
3406 4397 3610 4455 terrain,

2040 4479 2085 4521 et
2107 4471 2366 4539 apparebit
2394 4488 2543 4525 arcus
2569 4488 2705 4526 meus
2725 4472 2777 4526 in
2798 4472 2944 4537 nube,
2968 4474 3049 4528 15.
3075 4484 3121 4527 et
3142 4476 3442 4531 recordabar
3464 4487 3617 4532 testa-

2040 4560 2193 4612 menti
2212 4561 2327 4627 mei,
2354 4563 2491 4630 quod
2509 4556 2584 4615 est
2609 4564 2737 4615 inter
2757 4578 2835 4617 nte
2852 4572 2899 4616 et
2919 4579 3021 4624 vos,
3045 4573 3092 4617 et
3121 4565 3250 4618 inter
3276 4582 3473 4620 omnem
3499 4570 3612 4621 ani-

2041 4666 2174 4703 mant
2196 4651 2435 4704 viventem
2460 4652 2513 4703 in
2533 4652 2667 4704 onun'
2692 4667 2858 4705 carne.
2891 4651 3024 4719 Quid
3052 4651 3203 4715 dicis,
3231 4668 3264 4706 0
3303 4654 3457 4710 beate
3493 4672 3615 4723 pro-

2041 4736 2233 4808 pheta?
2274 4738 2629 4799 Rccordahor.
2667 4740 2863 4808 inquit,
2899 4742 3199 4795 testamenti
3225 4742 3348 4806 mei,
3380 4742 3479 4799 hoc
3507 4754 3609 4811 est,

2043 4829 2179 4896 pacti
2211 4829 2336 4889 mei.
2360 4830 2747 4897 premissionis,
2774 4830 3197 4897 pollicitationis;
3225 4847 3328 4887 non
3353 4835 3472 4902 quia
3499 4838 3611 4904 ipse

2040 4930 2172 4985 Opus
2202 4916 2389 4971 haheat
2416 4917 2800 4982 recordatione,
2828 4917 2921 4971 sed
2953 4929 3009 4971 ut
3035 4934 3129 4973 nos
3159 4920 3223 4973 ad
3250 4921 3374 4975 illud
3402 4924 3609 4993 signum

2039 5005 2402 5073 respicientes,
2434 5004 2560 5058 nihil
2590 5004 2778 5060 durum
2818 5007 3166 5075 suspicemur,
3192 5011 3282 5064 sed
3312 5013 3487 5067 statim
3528 5030 3611 5068 re-

2041 5095 2322 5151 cordemur
2359 5093 2549 5148 divina:
2596 5096 2980 5164 promissionis,
3010 5107 3063 5153 et
3104 5099 3436 5158 confidamus
3482 5104 3609 5159 nihil

2042 5201 2139 5242 nos
2167 5186 2268 5241 tale
2296 5200 2564 5256 passuros.

2110 5280 2164 5334 ὅ.
2206 5278 2389 5332 Vidisti
2418 5288 2667 5348 quantum
2700 5280 2833 5334 Deus
2863 5296 2920 5336 sc
2948 5290 3164 5354 propter
3193 5294 3425 5339 nostram
3462 5284 3607 5342 iulir.

2040 5373 2275 5426 mitatem
2316 5370 2576 5435 demittat,
2610 5382 2857 5441 quantam
2896 5389 3074 5427 curam
3115 5384 3264 5445 gerat
3309 5378 3471 5431 nostri
3516 5393 3608 5448 ge-

2041 5464 2203 5525 neris,
2235 5474 2481 5533 quantam
2511 5464 2889 5518 misericordia:
2917 5466 3328 5533 magnitudinem
3353 5468 3607 5533 declaret.

2041 5570 2146 5609 non
2176 5555 2295 5625 quia
2342 5553 2611 5607 hominum
2648 5555 3046 5609 conversionem
3092 5556 3238 5621 vidit,
3284 5558 3375 5613 scd
3424 5573 3477 5613 ut
3520 5579 3610 5630 per

2042 5646 2217 5701 omnia
2246 5659 2341 5698 nos
2367 5643 2548 5697 doceat
2583 5644 2846 5713 ingcntcm
2880 5660 3028 5701 suam
3055 5646 3380 5706 bonitatcm’
3420 5649 3603 5706 Eetion
