4116 6196
483 252 588 308 253

486 379 574 422 erit
601 367 731 419 ultra
757 381 886 436 aqua
917 365 966 416 in
1012 363 1273 427 dilui-ium,
1313 365 1380 415 ita
1420 372 1472 415 ut
1509 363 1669 417 deleat
1715 377 1908 414 onmem
1953 377 2063 411 cur—

487 475 593 511 nem
625 473 642 509 :
670 472 772 509 non
796 459 1022 524 amplius
1059 456 1162 508 erit
1195 444 1456 522 ejusmodi
1496 454 1694 522 pluvia.
1737 452 1867 517 Quia
1910 451 2064 504 scivit

491 553 588 598 hoc
617 546 804 598 timere
843 544 1126 598 humanam
1155 554 1417 608 naturam,
1445 543 1563 596 vide
1601 541 1869 612 quomodo
1894 538 2064 594 couti-

483 650 588 688 nuo
618 634 716 688 hoc
746 632 1040 703 pollicetur,
1084 634 1231 703 quasi
1276 633 1462 687 dicens
1503 651 1516 686 :
1566 631 1781 686 Etiamsi
1827 629 2063 683 videritis

481 725 678 778 multos
705 725 902 778 imbres
926 724 1150 789 demitti,
1181 740 1247 778 ne
1272 723 1396 792 quid
1427 724 1550 776 inde
1595 722 1786 775 durum
1823 719 2062 788 suspice-

479 815 605 868 utiui
645 824 735 867 aut
762 815 1007 868 metuatis
1037 830 1050 866 :
1084 812 1204 866 Non
1237 814 1376 867 enim
1417 812 1508 866 erit
1533 827 1664 881 aqua
1696 811 1749 864 in
1793 806 2058 876 diluvium,

477 904 548 956 ita
577 915 630 956 ut
658 903 820 956 deleat
845 919 1043 956 onmem
1068 917 1270 955 carnem
1298 917 1318 954 :
1349 900 1467 955 talis
1513 899 1681 954 imber
1711 914 1815 953 non
1852 898 1952 952 erit
1979 897 2062 950 ul-

478 1003 579 1059 tra,
614 1004 810 1048 lautam
843 993 1253 1064 indignationem
1282 1007 1386 1046 non
1424 993 1559 1046 ultra
1601 991 1912 1060 experietur
1949 989 2053 1044 hu-

396 1130 400 1134 .
479 1102 691 1140 manum
747 1085 1046 1155 genus.16.
1090 1084 1156 1137 Et
1202 1086 1328 1149 erit,
1381 1081 1585 1153 inquit,
1633 1100 1784 1138 arcus
1822 1099 1963 1137 meus
2009 1089 2059 1137 in

478 1176 637 1241 nube,
691 1187 737 1228 et
785 1175 957 1229 ridebo
1009 1185 1063 1228 ttt
1114 1175 1347 1230 recorder
1391 1176 1667 1228 testamenti
1713 1174 1888 1229 interni
1933 1175 2062 1228 inter

479 1267 660 1333 Deum,
692 1276 738 1319 et
766 1267 896 1321 inter
925 1268 1147 1320 animam
1172 1268 1410 1320 viventem
1435 1267 1487 1320 in
1515 1267 1652 1320 omni
1672 1282 1840 1320 carne.
1865 1265 2058 1321 Consi-

475 1359 601 1414 dera
632 1358 901 1428 quomodo
951 1359 1138 1413 volens
1183 1357 1467 1412 humanam
1512 1366 1750 1412 naturam
1791 1356 1857 1412 ad
1900 1356 2058 1412 ﬁdem

475 1461 528 1504 ct
577 1451 780 1504 firmam
824 1449 1225 1518 persuasionem
1269 1448 1540 1513 inducere,
1592 1456 1736 1502 tanta
1777 1449 2064 1504 verborum

476 1555 604 1596 usus
645 1541 713 1595 sit
749 1540 1209 1609 attemperatioue.
1241 1540 1306 1594 Et
1330 1539 1544 1606 videbo,
1576 1539 1765 1609 inquit,
1793 1547 1852 1593 tit
1880 1553 2060 1594 recor-

473 1632 570 1686 der
591 1633 888 1686 testamenti
919 1631 1042 1686 mei.
1069 1631 1276 1701 Ergone
1296 1631 1440 1687 visus
1468 1632 1638 1700 ipsum
1670 1631 1721 1685 in
1746 1630 2056 1685 memoriam

473 1727 662 1781 ducit?
683 1725 795 1779 Non
828 1733 887 1780 ut
922 1725 1021 1779 hoc
1042 1727 1402 1795 suspicemur;
1425 1725 1596 1790 absit;
1624 1723 1717 1779 sed
1749 1734 1824 1791 ut,
1847 1722 2058 1794 quando

477 1820 722 1874 videmus
749 1820 959 1889 signum
999 1816 1122 1884 hoc,
1171 1817 1262 1872 Dei
1313 1816 1650 1886 promissioni
1690 1815 2054 1879 conﬁdamus,

472 1913 602 1968 certi
631 1927 734 1966 non
762 1926 880 1966 esse
906 1911 1158 1982 possibile
1194 1911 1287 1964 Dei
1320 1909 1700 1979 promissiones
1736 1908 2055 1963 intercidere

472 2004 560 2057 17.
605 2003 671 2056 Et
711 2003 838 2056 dixit
866 2000 1004 2056 Deus
1023 2042 1037 2066 ,
1067 2001 1274 2070 inquit,
1303 2001 1370 2053 ad
1418 1999 1528 2054 Noe
1556 2015 1576 2053 :
1608 1998 1718 2052 Iloc
1747 1999 1947 2068 signum
1973 2006 2050 2052 te-

470 2092 702 2147 stamenti
727 2093 826 2146 mei
847 2091 982 2162 quod
1007 2091 1152 2162 posui
1180 2091 1309 2144 inter
1332 2105 1428 2155 me,
1460 2101 1509 2143 et
1549 2089 1678 2143 inter
1722 2103 1918 2142 onmem
1942 2103 2057 2140 car-

473 2203 587 2240 nem
613 2201 725 2256 qua:
749 2194 820 2239 est
850 2200 1002 2254 super
1037 2192 1245 2237 terram.
1276 2181 1562 2251 Accepisti,
1607 2180 1799 2250 inquit,
1845 2179 2052 2249 signum

473 2278 524 2333 id
551 2277 702 2349 quod.
719 2277 840 2332 dedi
874 2277 1012 2332 inter
1039 2291 1126 2331 me
1149 2284 1202 2331 et
1228 2289 1441 2329 omnem
1466 2289 1680 2329 carnem
1719 2288 1836 2343 qua:
1864 2281 1946 2327 cst
1967 2286 2058 2326 su-

470 2383 568 2438 per
595 2377 815 2423 terram.
843 2366 921 2422 Ne
945 2367 1079 2421 ultra
1107 2364 1450 2422 confundaris
1479 2373 1676 2430 mente,
1719 2378 1788 2419 ne
1828 2362 2056 2418 turberis

471 2459 648 2513 animo
681 2477 693 2512 :
725 2458 817 2512 sed
845 2457 910 2512 ad
938 2456 1039 2511 hoc
1067 2457 1291 2526 respice,
1319 2465 1373 2510 et
1399 2455 1512 2525 ipse
1556 2454 1746 2509 bonam
1778 2467 1926 2522 spem
1956 2452 2055 2505 ha-

475 2550 618 2614 hcto,
652 2557 706 2603 et
733 2563 920 2602 omnes
961 2547 1050 2618 qui
1090 2555 1210 2616 post
1248 2556 1299 2602 te
1336 2544 1498 2600 futuri
1544 2554 1666 2600 sunt
1703 2544 1827 2598 hinc
1866 2557 2058 2598 conso-

477 2641 729 2696 lationem
769 2641 1072 2711 accipiant:
1114 2649 1169 2694 et
1213 2647 1459 2708 aspectus
1506 2639 1640 2708 signi
1688 2636 1931 2691 ﬁduciam
1977 2637 2057 2691 eis

471 2741 713 2803 prmstet,
742 2731 883 2802 quod
912 2745 1198 2802 numquam
1225 2731 1344 2786 talis
1374 2738 1658 2800 tempestas
1687 2740 1879 2784 terram
1911 2729 2057 2783 inva-

469 2839 594 2879 sura
637 2825 727 2878 sit.
760 2822 891 2878 Nam
926 2822 1170 2894 quamvis
1217 2830 1430 2892 peccata
1471 2819 1744 2875 hominum
1789 2828 2056 2886 crescant,

471 2930 570 2985 ego
601 2924 775 2969 tamen
802 2929 922 2983 qute
953 2912 1170 2982 promisi
1199 2911 1534 2980 adimplebo,
1567 2919 1621 2966 et
1650 2925 1934 2979 numquam
1972 2920 2055 2963 ta.

473 3005 577 3060 lem
617 3003 1030 3073 indignationem
1061 3005 1113 3058 in
1139 3017 1326 3057 omnes
1345 3001 1628 3056 exhibebo.
1660 3000 1876 3056 Vidistis
1896 3016 2054 3071 quam

472 3095 659 3163 ingens
698 3093 768 3148 sit
795 3091 1002 3147 Domini
1043 3091 1290 3147 bonitas?
1333 3089 1538 3144 vidistis
1571 3097 1824 3159 quantum
1849 3089 1915 3144 ad
1961 3105 2057 3144 no-

481 3193 648 3239 stram
675 3183 927 3239 vilitatem
955 3183 1133 3239 verbis
1159 3197 1218 3237 se
1244 3180 1526 3236 demittat?
1553 3179 1758 3234 vidistis
1781 3180 1895 3249 ejus
1930 3195 2054 3250 erga

473 3290 573 3331 nos
607 3275 954 3346 providentia:
983 3272 1447 3343 magnitudinem?
1476 3272 1680 3331 vidistis
1702 3273 2055 3342 promittentis

473 3365 877 3424 liberalitatem?
903 3364 1016 3420 Non
1046 3363 1190 3420 enim
1224 3363 1540 3418 beneﬁcium
1584 3378 1739 3418 suum
1782 3378 1950 3432 usque
1988 3362 2054 3418 ad

470 3459 626 3525 duas,
666 3459 746 3513 vel
775 3467 903 3520 tres,
936 3455 1019 3510 vel
1043 3455 1227 3510 decem
1255 3456 1626 3525 generationes
1663 3453 1920 3519 extendit,
1961 3453 2054 3508 sed

473 3549 718 3620 promisit
771 3546 1023 3617 quamdiu
1061 3546 1313 3601 subsistet
1351 3546 1578 3602 mundus
1621 3543 2053 3601 extendendum:

474 3650 531 3697 nt
550 3658 616 3698 ex
643 3649 866 3710 utroque
891 3637 1285 3694 emendatiores
1307 3637 1611 3704 reddamur,
1639 3645 1694 3691 et
1717 3651 1782 3692 ex
1821 3651 1886 3691 oo
1914 3634 2056 3706 quod

473 3735 550 3790 illi
579 3742 799 3805 propter
823 3731 1216 3788 multitudinem
1256 3739 1594 3802 peccatorum
1639 3729 1729 3784 tali
1773 3743 1929 3800 paena
1962 3743 2058 3798 pu-

474 3825 568 3880 niti
594 3833 738 3890 sunt,
761 3833 816 3879 et
835 3840 905 3880 ex
929 3838 996 3880 eo
1019 3823 1160 3894 quod
1183 3823 1271 3878 ille
1293 3837 1386 3893 per
1409 3821 1728 3878 ineffabilem
1756 3822 2057 3877 misericor-

473 3915 614 3970 diam
641 3927 812 3980 suam,
841 3927 941 3969 nos
966 3921 1109 3969 tanta
1135 3913 1488 3984 promissione
1510 3910 1756 3981 dignatus
1784 3919 1886 3966 est.
1921 3910 2052 3965 Nam

474 4006 721 4064 cordatos
769 4006 1026 4062 beneﬁcia
1076 4004 1245 4071 magis
1287 4018 1446 4075 quam
1497 4012 1668 4072 ptente
1713 4001 1954 4057 alliciunt
1990 4000 2057 4056 ad

477 4098 724 4154 mandata
751 4096 1032 4152 servanda.

553 4188 685 4243 Deus
712 4189 862 4241 etiam
890 4185 1231 4257 peccatoribus
1269 4183 1532 4254 benignus,
1575 4190 1762 4252 quanto
1790 4182 1950 4253 magis
1969 4183 2061 4252 ju-

476 4282 589 4336 stis.
626 4309 697 4321 —
720 4278 882 4348 Igitur
911 4293 976 4332 ne
1003 4278 1168 4331 simus
1196 4276 1404 4346 ingrati.
1430 4274 1559 4329 Nam
1589 4276 1633 4329 si
1660 4290 1757 4330 nos
1777 4287 2058 4345 antequam

478 4372 641 4426 ullum
693 4369 944 4424 bonitatis
985 4367 1253 4438 specimen
1298 4366 1716 4432 exhibuerimus,
1763 4367 1869 4421 imo
1899 4368 2059 4421 etiam

477 4475 597 4515 cum
627 4458 798 4529 pomis
825 4459 982 4529 digna
1021 4459 1323 4523 fecerimus,
1351 4465 1494 4512 tanta
1516 4457 1760 4527 dignatus
1784 4466 1867 4513 est
1895 4457 2058 4512 bene-

481 4551 691 4607 ﬁcentia
725 4567 738 4605 :
770 4551 814 4605 si
838 4549 972 4621 grati
999 4548 1274 4615 fuerimus,
1300 4547 1445 4604 etde
1471 4548 1732 4619 prioribus
1756 4549 1950 4618 gratias
1977 4563 2061 4603 re-

479 4644 779 4710 tulerimus,
806 4641 1334 4710 converterimusque
1364 4653 1462 4694 nos
1483 4639 1548 4693 ad
1595 4637 1834 4704 meliora,
1865 4647 2059 4708 quanta

479 4747 589 4791 tum
613 4735 840 4805 denique
865 4749 962 4790 nos
991 4733 1294 4804 dignabitur
1321 4731 1635 4786 liberalitate
1663 4740 1716 4785 et
1756 4731 1963 4800 gratia?
2003 4730 2060 4786 Si

477 4828 618 4882 enim
648 4825 875 4897 indignis
902 4826 971 4880 ita
1003 4823 1286 4890 benefacit,
1314 4833 1367 4878 et
1391 4831 1496 4877 tam
1526 4822 1786 4893 benignus
1812 4832 1896 4878 est
1938 4837 2061 4893 pec-

478 4921 780 4985 catoribus;
803 4919 846 4973 si
875 4934 904 4972 a
931 4917 1163 4988 peccatis
1197 4915 1576 4980 destiterimus,
1603 4923 1656 4969 et
1699 4915 1946 4969 virtutem
1975 4927 2061 4968 se-

478 5028 706 5080 etentur,
731 5029 848 5084 qua:
875 5028 976 5067 non
1005 5011 1379 5080 consequuturi
1407 5010 1627 5064 sumus?
1654 5010 1936 5065 Enimvero
1963 5009 2062 5066 hac

477 5107 544 5161 de
567 5120 725 5160 causa
755 5103 900 5173 prior
927 5103 1042 5172 ipse
1070 5101 1231 5154 multa
1261 5101 1312 5153 in
1338 5115 1437 5154 nos
1459 5099 1716 5154 beneﬁcia
1745 5098 1969 5165 confert,
2001 5109 2056 5156 et

478 5215 597 5251 rmn
640 5195 1056 5266 peccaverimus,
1091 5194 1281 5246 iterum
1308 5192 1460 5246 nobis
1488 5192 1695 5246 veniam
1725 5193 1977 5262 impartit,
2003 5202 2055 5248 et

479 5288 731 5356 supplicia
759 5301 864 5340 non
890 5299 925 5340 e
955 5283 1177 5354 vestigio
1207 5281 1366 5337 infert
1393 5299 1407 5335 :
1438 5292 1495 5336 ut
1525 5297 1620 5350 per
1648 5282 1825 5336 omnia
1852 5297 1950 5336 nos
1979 5284 2056 5336 al-

379 5434 390 5441 ,
479 5378 643 5443 liciat,
685 5386 739 5432 et
767 5376 893 5430 dum
915 5374 1197 5440 benefacit,
1229 5381 1283 5426 et
1304 5372 1430 5426 dum
1473 5373 1682 5426 tolerat.
1717 5373 1870 5444 Saepe
1897 5374 2054 5428 etiam

476 5469 602 5523 dum
633 5467 837 5537 aliquos
865 5466 1034 5536 punit,
1066 5465 1200 5519 alios
1225 5478 1320 5534 per
1344 5463 1445 5518 hoc
1472 5462 1722 5519 inducere
1748 5462 1878 5530 vult,
1906 5474 1962 5517 ut
1989 5463 2055 5517 il-

481 5561 649 5612 lurmn
690 5567 834 5611 metu
867 5556 1124 5626 castigati,
1162 5553 1404 5625 supplicii
1448 5553 1742 5625 periculum
1780 5553 2052 5624 eﬂ'ugiant.

491 5645 680 5702 Vidisti
735 5651 1123 5716 sapientissimi
1163 5653 1254 5707 Dei
1289 5652 1711 5722 benignitatem,
1787 5646 2055 5716 quomodo

1191 251 1244 306 S.
1288 248 1564 304 JOANNIS
1601 246 2068 302 ειιιιγδυδτωιι
2101 245 2412 300 ARCIIIEP.
2445 247 2972 305 CUNSTANTINOP.

3647 256 3754 310 236

2169 359 2344 413 omnia
2375 376 2495 430 qua:
2539 377 2631 430 per
2677 363 2846 431 ipsum
2894 367 3042 429 ﬁunt,
3094 374 3306 434 propter
3347 382 3504 419 unum
3555 370 3752 434 Solum,

2170 467 2359 522 nempe
2386 453 2575 506 salutis
2615 465 2809 508 nostra:
2839 471 2997 508 causa
3031 460 3191 509 ﬁant?
3237 457 3360 510 [lure
3404 459 3580 526 itaque
3609 464 3750 528 cogi—

2171 553 2362 608 tantes,
2395 560 2460 599 ne
2486 547 2652 598 simus
2679 545 2910 610 desides,
2942 563 3009 600 ne
3031 547 3279 601 virtutem
3313 549 3656 618 negligunins,
3685 566 3753 603 ne

2169 647 2543 704 prietereamus
2569 637 2714 706 leges
2734 639 2800 692 ab
2829 639 2917 692 illo
2943 647 3189 693 statutas.
3218 639 3350 692 Nam
3373 640 3416 693 si
3444 641 3633 695 viderit
3653 659 3752 694 nos

2165 727 2427 792 converti,
2458 738 2514 782 et
2540 728 2836 796 quiescere,
2868 738 2933 790 et,
2952 731 3265 799 principium
3289 730 3498 800 aliquod
3526 749 3747 800 ponere.

2168 817 2280 886 ipse
2306 834 2517 888 quoque
2546 836 2638 876 sua
2665 823 2821 877 simul
2849 825 3056 886 aﬁ‘eret,
3098 826 3356 894 facietque
3387 826 3537 879 nobis
3571 828 3748 879 omnia

2167 906 2299 960 levia
2328 919 2380 962 et
2409 909 2600 974 facilia,
2632 922 2685 966 et
2714 927 2818 966 non
2873 915 3145 982 permittet
3189 923 3246 968 ut
3290 917 3499 968 virtutis
3543 917 3752 970 labores

2164 997 2470 1054 sentiamus.
2499 999 2629 1054 Nam
2650 1003 2863 1071 quando
2884 1005 3056 1056 anima
3081 1003 3147 1057 ad
3179 1005 3344 1058 Deum
3371 1007 3748 1074 cogitationum:

2165 1099 2314 1140 suam
2361 1089 2606 1156 intendit,
2644 1106 2749 1145 non
2783 1091 2892 1162 jam
2941 1092 3112 1163 decipi
3165 1104 3334 1164 potest
3378 1109 3408 1148 a
3461 1096 3749 1150 visibilium

2162 1186 2380 1246 aspectu
2412 1180 2546 1267 :.sed
2574 1183 2887 1252 praeteriens
2915 1184 3088 1238 omnia
3121 1201 3182 1238 ea
3214 1201 3333 1254 qua:
3364 1201 3469 1239 non
3503 1187 3748 1240 videntur

2163 1269 2529 1336 corporalibus
2569 1271 2760 1338 oculis,
2806 1288 2925 1342 quae
2963 1273 3162 1328 nullam
3207 1275 3383 1328 sciunt
3429 1277 3752 1330 vicissitudi~

2125 1371 2127 1373 ‘
2163 1372 2306 1423 nem,
2334 1358 2428 1413 sed
2460 1369 2712 1430 perpetuo
2737 1373 2972 1429 manent,
3000 1364 3210 1433 ﬁxaque
3235 1373 3359 1420 sunt
3397 1380 3460 1420 ac
3503 1367 3742 1432 immota,

2163 1447 2472 1518 diligentius
2517 1452 2838 1521 speculatur,
2890 1469 3046 1523 quam
3090 1470 3152 1510 ea
3199 1471 3318 1524 qua:
3361 1457 3412 1510 in
3457 1471 3745 1527 conspectu

2161 1547 2287 1592 sunt
2311 1540 2503 1608 posita.
2549 1540 2707 1597 Tales
2730 1542 2872 1597 enim
2904 1545 3098 1599 mentis
3125 1555 3248 1598 sunt
3275 1546 3437 1612 oculi,
3469 1548 3557 1616 qui
3584 1549 3648 1602 ad
3679 1550 3748 1604 il—

2162 1629 2334 1685 lorum
2372 1632 2736 1702 spectaculum
2766 1634 3018 1700 continuo
3061 1635 3358 1700 intendunt,
3405 1646 3459 1690 et
3499 1639 3747 1708 superuis

2160 1723 2325 1779 radiis
2350 1724 2618 1790 illustrati,
2647 1726 2824 1780 omnia
2865 1741 2983 1796 quae
3025 1727 3078 1780 in
3126 1726 3224 1780 hac
3251 1727 3355 1781 vita
3407 1739 3550 1795 sunt,
3591 1731 3744 1799 quasi

2160 1814 2399 1869 umbram
2429 1825 2483 1870 et
2502 1816 2786 1881 somnium,
2815 1824 3092 1872 transeunt
3119 1835 3133 1872 :
3168 1832 3272 1872 non
3302 1820 3389 1872 ulli
3419 1821 3551 1873 ultra
3578 1822 3744 1876 dece-

2161 1905 2324 1973 ptioni
2349 1905 2562 1960 obnoxii
2589 1915 2730 1968 sunt.
2761 1921 2932 1977 neque
2956 1909 3328 1963 circumveniri
3359 1922 3611 1980 possunt;
3641 1913 3740 1966 sed

2159 1996 2366 2051 etiamsi
2388 2012 2518 2067 opes
2547 1997 2796 2063 viderint,
2829 1999 3006 2053 statim
3036 1999 3301 2062 derident,
3340 2006 3568 2056 scientes
3601 2003 3744 2073 quod

2159 2087 2377 2158 fugitivo
2395 2091 2582 2158 quovis
2603 2089 2926 2146 inﬁdeliores
2952 2093 3018 2146 ab
3045 2107 3150 2147 uno
3174 2093 3239 2146 ad
3262 2094 3420 2147 alium
3446 2104 3738 2150 transeant.

2161 2189 2216 2234 et
2237 2196 2520 2250 numquam
2543 2181 2680 2252 apud
2701 2182 2946 2237 eumdem
2971 2185 3280 2251 subsistant,
3304 2196 3357 2240 et.
3382 2188 3577 2242 inﬁnita
3606 2192 3744 2244 mala

2163 2270 2554 2340 possidentibus
2578 2271 2820 2336 afferant,
2854 2288 2987 2344 quos
3016 2284 3067 2329 et
3106 2275 3157 2329 in
3188 2275 3360 2346 ipsum
3411 2278 3643 2346 malitiae,
3688 2290 3746 2336 ut

2160 2359 2230 2414 ita
2261 2360 2455 2426 dicam,
2485 2363 2831 2431 prmcipitium
2861 2365 3115 2434 impulsos
3139 2366 3442 2423 deturbant.
3468 2369 3595 2424 Etsi
3617 2387 3743 2426 cor-

2145 2453 2303 2520 poris
2345 2451 2727 2507 formositatem
2773 2469 2955 2508 rursus
2993 2455 3170 2509 intuiti
3216 2456 3448 2521 fuerint,
3498 2474 3603 2514 neu
3653 2463 3743 2517 illa

2158 2542 2555 2607 subvertuntur,
2586 2544 2880 2613 cogitantes
2911 2544 3018 2598 tam
3048 2545 3241 2600 fluxam
3264 2557 3315 2602 et
3344 2549 3640 2605 instabilem
3673 2553 3742 2606 il-

2160 2631 2264 2686 lam
2303 2648 2442 2699 esse,
2487 2642 2544 2686 ut
2589 2635 2972 2703 superveniens
3014 2637 3232 2692 morbus
3275 2650 3494 2708 repente
3523 2657 3739 2697 omnem

2159 2721 2300 2777 illam
2329 2721 2551 2778 formam
2576 2724 2844 2790 obscuret,
2873 2733 2928 2780 et
2949 2735 3005 2780 ut
3032 2741 3429 2799 nonnumquam
3451 2739 3574 2784 ante
3601 2748 3746 2786 mor-

2159 2815 2306 2878 bum,
2338 2817 2381 2870 si
2405 2815 2654 2870 invaserit
2678 2827 2945 2885 senectus,
2971 2818 3152 2886 facies,
3182 2835 3300 2891 qua:
3329 2828 3489 2876 antea
3510 2821 3744 2878 formosa

2159 2917 2293 2972 erat,
2323 2906 2413 2960 liat
2440 2905 2693 2962 deformis
2745 2917 2799 2962 et
2828 2908 3110 2978 injucunda
3145 2929 3158 2964 :
3183 2927 3326 2965 mors
3351 2923 3526 2967 autem
3554 2929 3746 2983 supcr-

2159 2999 2396 3063 venieus,
2426 3013 2640 3053 onmem
2666 3001 2906 3070 corporis
2932 3001 3380 3071 pulchritudinem
3424 3007 3628 3074 perdat.
3673 3007 3740 3061 Et

2157 3089 2203 3143 si
2234 3104 2389 3158 quem
2419 3088 2646 3142 viderint
2671 3088 2839 3157 gloria
2866 3099 2920 3145 et
2942 3092 3178 3160 potentia
3207 3092 3546 3160 instructum,
3575 3105 3628 3150 et
3653 3098 3746 3166 qui

2159 3181 2210 3234 in
2233 3196 2496 3234 summmn
2520 3181 2834 3251 dignitatum
2862 3185 3116 3239 verticem
3146 3188 3468 3254 pervenerit,
3496 3189 3750 3258 omnique

2158 3269 2412 3326 felicitate
2438 3269 2663 3339 fruatur,
2691 3273 2849 3327 etiam
2881 3273 3026 3328 illum
3060 3283 3400 3344 prietereunt,
3433 3278 3583 3346 quasi
3613 3278 3747 3332 nihil

2157 3361 2350 3417 stabile
2375 3369 2430 3416 et
2456 3361 2683 3416 solidum
2713 3362 3018 3430 habentem,
3059 3364 3154 3419 sed
3191 3365 3259 3419 de
3295 3365 3398 3419 illis
3427 3367 3746 3435 gloriantem

2161 3469 2282 3524 qua:
2331 3452 2638 3509 ﬂuminibus
2686 3453 2815 3524 ipsis
2869 3470 3032 3526 ocyus
3082 3457 3549 3526 praeter-labuntur.
3603 3459 3747 3524 Quid

2161 3547 2306 3602 enim
2350 3547 2495 3601 omni
2533 3545 2687 3616 hujus
2715 3547 2836 3601 vita:
2860 3547 3027 3617 gloria
3060 3548 3235 3612 vilius,
3265 3564 3383 3618 qua.
3411 3549 3530 3604 flori
3561 3551 3744 3606 herba:

2159 3638 2472 3693 confertur?
2505 3638 2682 3692 Omnis
2725 3639 2866 3694 enim
2910 3639 3078 3710 gloria
3118 3640 3356 3711 hominis;
3391 3642 3582 3712 inquit,
3614 3645 3748 3697 sicut

2159 3731 2255 3800 ﬂos
2279 3730 2401 3801 {mni
2429 3729 2578 3802 (Isai.
2610 3730 2698 3785 40.
2731 3729 2798 3797 6;
2829 3731 2881 3786 1.
2911 3729 3026 3785 Pet.
3059 3732 3110 3785 1.
3139 3730 3256 3802 24).

2230 3821 2300 3887 4.,
2331 3821 2566 3887 Vidistis,
2594 3821 2794 3886 dilecti,
2824 3837 2981 3892 quam
3004 3831 3160 3878 acute
3196 3823 3409 3878 videant
3436 3825 3577 3879 oculi
3601 3825 3747 3890 ﬁdei,

2159 3910 2204 3966 si
2229 3909 2438 3981 quando
2467 3911 2518 3964 in
2549 3911 2712 3965 Deum
2737 3927 2888 3966 mens
2913 3911 3112 3966 intenta
3141 3911 3337 3967 fuerit?
3365 3913 3572 3968 vidistis
3596 3929 3737 3983 quo-

2161 4000 2321 4056 modo
2347 4016 2377 4056 a
2404 4001 2548 4055 nulla
2590 4018 2648 4056 re
2684 4001 2878 4056 visibili
2917 4003 3088 4073 decipi
3134 4013 3373 4073 possunt,
3422 4005 3514 4058 sed
3545 4015 3750 4059 rectum

2163 4093 2356 4148 habent
2384 4109 2558 4149 rerum
2578 4095 2857 4163 judicium,
2883 4110 3054 4164 neque
3083 4095 3136 4148 in
3163 4095 3270 4150 ullo
3294 4095 3584 4150 falluntur?
3611 4095 3747 4161 Sed,

2162 4187 2206 4242 si
2235 4197 2441 4256 gratum
2468 4195 2566 4252 est,
2601 4188 2792 4240 iterum
2819 4187 2884 4241 ad
2912 4196 3219 4242 contextum
3261 4193 3522 4242 sermonis
3566 4204 3753 4243 rever-

2165 4287 2358 4342 tamur,
2397 4285 2450 4330 et
2478 4277 2661 4345 paucis
2687 4277 2970 4345 propositis
2999 4276 3158 4331 ﬁnem
3189 4279 3434 4347 loquendi
3465 4277 3750 4344 faciamus,

2164 4377 2223 4423 ut
2262 4368 2525 4423 dictorum
2567 4370 2822 4423 memoria
2863 4370 3025 4424 menti
3072 4380 3264 4425 vostra:
3304 4371 3568 4440 inﬁgatur.
3613 4370 3752 4425 Nam

2165 4469 2440 4528 postquam
2467 4458 2737 4528 Scriptura
2777 4475 3078 4515 sermonem
3119 4461 3187 4516 de
3225 4462 3405 4515 divino
3434 4463 3584 4531 signo
3626 4465 3755 4517 ﬁni-

2165 4549 2259 4615 vit,
2287 4563 2384 4602 nos
2411 4548 2605 4603 iterum
2634 4550 2826 4605 docere
2852 4551 2961 4605 vult
2984 4552 3084 4606 alia
3117 4567 3235 4620 qua:
3258 4552 3324 4606 ad
3355 4551 3558 4621 justum
3598 4553 3754 4607 illum

2163 4647 2219 4694 et
2251 4638 2387 4695 ﬁlios
2413 4639 2554 4695 illius
2589 4642 2878 4711 pertinent,
2923 4652 2983 4696 et
3018 4641 3151 4697 dicit
3201 4661 3214 4696 :
3261 4643 3347 4698 18.
3391 4633 3760 4698 Ενηηιάιιιεηο

2165 4732 2261 4800 ﬁlii
2293 4731 2425 4796 Noe,
2459 4732 2543 4802 qui
2585 4733 2648 4786 de
2686 4749 2806 4787 arca
2845 4735 3030 4805 egressi
3074 4744 3210 4799 sunt,
3243 4734 3384 4799 Sem,
3425 4734 3608 4800 Citam,
3651 4736 3757 4789 Ja-

2167 4823 2340 4893 phetlt.
2370 4821 2528 4878 C/tam
2561 4833 2726 4877 autem
2755 4835 2861 4876 erat
2891 4835 3031 4894 pater
3057 4825 3321 4879 Chanaan.
3357 4826 3441 4880 19.
3475 4825 3602 4878 Tres
3630 4839 3761 4881 sunt

2165 4915 2218 4968 hi
2241 4914 2337 4984 filii
2364 4914 2477 4969 Noe
2493 4931 2512 4980 ;
2543 4916 2606 4969 ab
2635 4917 2741 4970 istis
2768 4916 2983 4984 dispersi
3008 4928 3122 4970 sunt
3143 4933 3295 4987 super
3318 4933 3516 4970 omnem
3539 4918 3756 4973 (Errant.

2167 5009 2390 5079 Dignum
2432 5009 2517 5063 hic
2548 5009 2703 5064 fuerit
2731 5018 2789 5063 ut
2827 5009 3153 5078 inquiramus
3197 5025 3362 5078 quare
3392 5008 3568 5063 divina
3599 5009 3761 5064 Scri-
3819 5059 3822 5061 ,

2165 5111 2317 5168 plura
2349 5101 2446 5155 hos
2474 5109 2581 5155 tres
2613 5101 2748 5155 ﬁlios
2784 5102 3272 5167 commemorando,
3317 5101 3496 5155 subdit
3529 5118 3545 5154 :
3589 5101 3765 5155 Chum

2164 5202 2330 5244 autem
2359 5200 2464 5244 erat
2493 5201 2640 5262 pater
2668 5192 2930 5245 Chanaan.
2982 5191 3059 5246 Nc
3107 5193 3323 5260 puti-tis,
3357 5195 3602 5257 obsecro,
3649 5195 3768 5249 hoc

2164 5285 2362 5351 absque
2385 5296 2542 5336 causa
2575 5281 2738 5336 fuisse
2777 5282 3041 5348 adjectum
3085 5301 3097 5335 :
3128 5281 3260 5335 nihil
3301 5283 3442 5336 enim
3487 5283 3536 5335 in
3570 5283 3765 5339 divina

2164 5370 2434 5440 Scriptura
2464 5369 2788 5434 continetur,
2814 5371 2951 5440 quod
2982 5388 3085 5424 non
3113 5371 3286 5440 aliqua
3317 5371 3520 5426 ratione
3547 5373 3764 5428 dictum

2163 5464 2251 5528 sit,
2289 5478 2406 5532 qua:
2453 5477 2556 5517 non
2607 5471 2662 5516 et
2713 5461 2962 5516 latentein
3009 5464 3060 5516 in
3104 5478 3163 5517 se
3211 5464 3399 5518 haheat
3446 5463 3763 5520 utilitatem.

2161 5554 2337 5623 Quare
2362 5569 2489 5624 ergo
2518 5553 2854 5622 significavit,
2881 5553 3038 5608 Citam
3079 5564 3249 5606 autem
3288 5565 3392 5606 erat
3435 5565 3577 5623 pater
3612 5551 3760 5612 Cim-

2167 5645 2340 5700 naan.’
2368 5644 2543 5699 Voluit
2573 5659 2665 5713 per
2695 5642 2796 5699 hoc
2825 5645 2976 5698 nobis
3005 5645 3146 5700 illius
3174 5645 3637 5714 intet'uperantiam
3670 5646 3770 5700 iu-
