4116 6196
414 348 515 407 9.57

417 468 633 529 gentem
661 455 1023 521 subindicare,
1069 468 1133 510 ac
1177 469 1349 524 neque
1376 455 1693 511 calamitatis
1735 455 2001 525 magnitu-

413 552 593 605 dinem
623 550 768 604 illum
796 564 1046 605 coercere
1072 548 1330 620 potuisse,
1359 565 1533 620 neque
1563 559 1759 604 tantam
1787 549 1839 605 in
1871 566 1995 606 arca

414 641 714 713 angustiam
744 641 1115 696 irrcfrenatam
1146 639 1289 694 illius
1329 641 1816 710 concupiscentiam
1856 640 2003 695 sedao

414 737 553 788 visse
582 751 595 787 :
629 731 725 790 sed
749 733 992 803 quamvis
1022 731 1187 786 frater
1228 731 1345 800 ejus
1386 731 1556 801 major
1594 730 1828 786 nondum
1868 732 2002 787 tilios

414 822 823 893 procreavisset,
864 821 1005 875 hunc
1046 822 1443 889 incontinentim
1474 822 1733 885 deditum,
1778 822 1828 877 in
1864 832 2000 877 tem-

417 928 545 983 pore
579 922 740 969 tantm
777 912 1176 984 indignationis,
1221 922 1276 966 et
1300 913 1567 983 generalis
1602 913 1862 977 interitus,
1895 930 2000 982 quo

413 1004 557 1059 orbis
587 1004 1006 1074 comprehensus
1035 1011 1139 1068 est,
1169 1003 1247 1057 rei
1277 1018 1519 1057 venerem
1543 1003 1779 1058 deditum
1813 1004 1996 1070 fuisse,

366 1116 377 1129 ·
413 1102 467 1147 et
505 1094 806 1163 cupiditatis
848 1092 1311 1163 intemperantiam
1353 1108 1459 1147 non
1506 1091 1877 1156 refrenavisse,
1904 1093 1999 1147 sed

412 1182 519 1252 jam
568 1184 743 1237 statim
788 1184 855 1237 ab
899 1184 1047 1238 initio
1093 1181 1257 1237 animi
1300 1182 1380 1237 sui
1428 1183 1735 1252 pravitatem
1779 1183 2000 1237 demon-

415 1284 629 1326 strasse.
664 1272 841 1341 Itaque
866 1287 985 1325 cum
1019 1288 1123 1325 non
1146 1272 1313 1326 multo
1341 1281 1458 1340 post
1485 1284 1699 1341 propter
1727 1282 2000 1328 contume-

418 1362 536 1415 liam
587 1362 635 1415 in
681 1372 977 1431 parentem,
1013 1360 1439 1417 maledictionem
1484 1370 1828 1431 suscepturus
1857 1373 1999 1417 esset

414 1451 528 1519 ejus
560 1452 696 1505 tilius
723 1449 972 1505 Chanaan
1018 1469 1031 1506 :
1076 1452 1196 1507 ideo
1239 1451 1509 1520 Scriptura
1539 1451 1714 1505 divina
1760 1452 1810 1505 id
1854 1454 1998 1521 prius

413 1541 716 1610 assignavit,
754 1543 952 1611 tiliiqnc
983 1556 1176 1597 nomen
1215 1540 1525 1608 declaravit,
1556 1557 1619 1597 ac
1645 1542 1801 1596 simul
1831 1544 1998 1612 patris

414 1633 874 1702 intemperantiam
908 1650 921 1685 :
957 1644 1011 1687 ut
1042 1649 1161 1688 cum
1194 1642 1380 1703 postea
1410 1632 1605 1687 videris
1632 1633 1778 1687 illum
1809 1650 1996 1703 magna

410 1722 604 1794 ingrati
632 1739 755 1795 erga
786 1736 989 1793 patrem
1032 1725 1195 1779 animi
1233 1725 1384 1794 signa
1425 1724 1574 1788 dare,
1620 1726 1761 1780 scire
1801 1727 1994 1794 possis,

411 1815 580 1884 ipsum
608 1814 716 1883 jam
746 1815 870 1868 olim
919 1816 1075 1870 talem
1118 1816 1299 1881 fuisse,
1349 1825 1531 1884 utpote
1575 1832 1745 1885 neque
1781 1832 1810 1869 a
1853 1826 1995 1871 tanta

410 1906 713 1959 calamitate
758 1906 1116 1960 emendatum.
1164 1906 1421 1961 Snl'ticere
1470 1908 1612 1960 enim
1662 1906 1890 1961 debebat
1928 1907 1995 1961 ad

412 1997 850 2067 exstinguendam
907 1997 1177 2052 libidinem
1237 2008 1413 2052 tantus
1470 2013 1705 2061 mmror;
1761 1998 1997 2066 nihilque

416 2088 680 2143 ﬂammam
706 2099 759 2144 et
787 2090 1043 2144 insaniam
1075 2090 1212 2144 hanc
1243 2092 1310 2145 ita
1338 2090 1692 2159 comprimere
1720 2098 1912 2158 potest,
1938 2100 1994 2145 ut

418 2179 642 2233 tristitia:
675 2181 1025 2245 vehementia,
1057 2190 1110 2234 et
1133 2181 1449 2235 Calamitatis
1476 2180 1800 2249 magnitudo.
1836 2180 1998 2249 Igitur

418 2272 507 2340 qui
552 2272 602 2325 in
635 2282 776 2326 tanta
819 2273 1076 2326 malorum
1107 2272 1154 2325 vi
1185 2281 1345 2327 tanta:
1383 2273 1548 2327 rabiei
1585 2282 1640 2326 et
1686 2273 1904 2326 insanim
1945 2274 1995 2328 in

415 2363 756 2431 procreandis
787 2364 967 2418 liberis
995 2365 1106 2428 fuit,
1137 2379 1239 2435 qua
1282 2365 1435 2418 venia
1473 2365 1663 2434 dignus
1696 2363 1891 2419 fuerit?

486 2453 586 2506 (.‘ur
612 2464 756 2524 patre
796 2455 962 2509 Cham
1007 2464 1244 2524 peccante
1275 2456 1411 2523 ﬁlius
1440 2456 1689 2511 Chanaan
1736 2456 1998 2511 maledici-

413 2548 684 2600 tun—At
732 2546 816 2600 hic
861 2549 1013 2602 nobis
1055 2549 1154 2602 alia
1202 2548 1424 2617 quzestio
1474 2548 1728 2613 nascitur,
1773 2550 1998 2603 celebris

418 2637 523 2703 illa,
551 2648 604 2692 et
626 2654 742 2706 qua:
786 2638 975 2709 ubique
1007 2638 1379 2694 circumfertur
1415 2655 1429 2691 :
1473 2639 1649 2706 Quare
1693 2650 1843 2708 patre
1874 2655 1998 2709 pec-

416 2738 589 2792 cante,
623 2728 761 2781 filius
785 2728 1121 2783 maledictum
1150 2728 1379 2800 accipit?
1405 2727 1513 2783 Sed
1543 2743 1610 2783 ne
1635 2728 1849 2798 longum
1876 2743 1996 2783 ser-

417 2838 631 2876 monem
664 2838 802 2878 nunc
828 2822 1107 2889 faciamus,
1140 2823 1193 2879 in
1222 2822 1366 2878 aliud
1408 2833 1617 2895 tempus
1656 2824 1799 2879 illam
1838 2840 1998 2894 repo-

418 2926 627 2977 nemus,
662 2920 717 2965 ut
744 2927 865 2966 cum
889 2911 956 2966 ad
984 2928 1106 2968 eum
1131 2912 1306 2968 locum
1336 2914 1756 2983 pervenerimus,
1790 2923 1915 2969 tunc
1944 2923 1999 2971 et

417 3001 732 3057 solutionem
776 3002 1080 3070 all‘eramus,
1131 3019 1291 3076 quam
1334 3005 1472 3060 Deus
1510 3004 1811 3062 donaverit.
1856 3006 1995 3062 Nihil

416 3092 557 3147 enim
588 3094 638 3148 in
663 3108 813 3149 saera
860 3092 1159 3165 Scriptura,
1203 3095 1343 3151 sicut
1389 3095 1521 3164 dixi,
1571 3097 1810 3154 invenire
1857 3097 1994 3165 licet,

415 3181 555 3251 quod
585 3182 786 3252 absque
828 3185 1034 3240 ratione
1059 3184 1235 3256 aliqua
1275 3184 1346 3240 sit
1369 3186 1646 3255 scriptum.
1689 3186 1800 3243 lloc
1842 3188 2001 3258 igitur

417 3273 625 3327 interim
656 3275 987 3342 exploratum
1014 3284 1118 3343 est,
1143 3290 1336 3332 nomen
1364 3277 1456 3331 lilii
1479 3292 1584 3331 non
1608 3278 1809 3348 absque
1835 3293 1996 3332 causa

417 3362 579 3418 fuisse
604 3379 635 3417 a
662 3362 804 3418 Mose
830 3377 1327 3431 commemoratum,
1357 3381 1477 3445 cum
1505 3366 1640 3421 dixit
1669 3384 1682 3419 :
1714 3365 1874 3422 Cham
1901 3383 1998 3420 au-

416 3461 513 3504 tem
537 3462 645 3505 erat
675 3464 815 3520 pater
843 3453 1109 3508 Chanaan.
1138 3453 1283 3517 Tres,
1308 3455 1497 3525 inquit,
1521 3466 1639 3511 sunt
1664 3457 1716 3510 hi
1742 3458 1839 3525 ﬁlii
1861 3456 1997 3522 Noe,

417 3553 465 3597 et
490 3543 553 3595 ab
582 3544 643 3597 iis
668 3544 882 3613 dispersi
909 3554 1025 3599 sunt
1054 3561 1205 3614 super
1236 3562 1432 3599 omnem
1458 3556 1662 3601 terram.
1693 3547 1876 3617 Neque
1900 3549 2001 3605 hoc

419 3632 618 3688 dictum
642 3634 815 3689 obite‘r
842 3645 1241 3703 praetereamus,
1270 3635 1468 3702 dilecti,
1496 3636 1589 3690 sed
1616 3636 1906 3706 cogitemus
1934 3653 1998 3693 ex

421 3716 512 3778 ill’o
561 3724 677 3792 ipso
731 3724 942 3778 virtutis
990 3724 1082 3780 Dei
1128 3726 1566 3794 magnitudinem.
1624 3724 1763 3794 Tres,
1812 3728 1997 3798 inquit,

418 3824 562 3870 erant
590 3816 641 3867 hi
668 3816 762 3884 ﬁlii
796 3814 928 3880 Noe,
959 3825 1007 3869 et
1036 3832 1101 3870 ea:
1123 3817 1226 3870 illis
1251 3817 1464 3885 dispersi
1488 3828 1601 3871 sunt
1626 3834 1780 3887 super
1805 3835 2002 3873 omnem

419 3917 629 3961 terram.
655 3906 933 3974 Quomodo
962 3921 1027 3961 ex
1071 3906 1239 3961 tribus
1278 3916 1419 3961 Lauta
1468 3908 1751 3963 multitudo
1789 3924 2001 3965 succre-

419 3998 528 4052 vit?
557 3997 824 4068 quomodo
852 4006 1136 4066 potuerunt
1159 3996 1446 4055 sufﬁcech
1472 3997 1740 4067 quomodo
1769 4014 1834 4053 ex
1868 4014 2001 4066 pau-

417 4093 499 4146 cis
527 4092 631 4146 illis
672 4099 812 4145 totus
854 4091 1080 4146 mundus
1111 4092 1468 4147 constitutus?
1506 4091 1775 4163 quomodo
1813 4107 1998 4148 eorum

418 4190 826 4252 permanserunt
852 4182 1119 4252 corpora?
1160 4181 1274 4237 Non
1315 4182 1553 4238 medicus
1589 4191 1722 4250 erat,
1765 4183 1854 4253 qui
1882 4197 2001 4239 me-

415 4275 644 4329 dicinam
687 4272 982 4340 adhiberet,
1031 4288 1203 4344 neque
1243 4273 1343 4328 alia
1381 4288 1529 4327 cura.
1574 4272 1818 4328 Nondum
1857 4274 2000 4328 enim

416 4374 569 4421 erant
596 4366 836 4420 civitates
872 4364 1122 4431 conditae,
1164 4362 1259 4418 sed
1303 4372 1423 4434 post
1462 4371 1660 4418 tantam
1708 4364 1996 4431 miseriam,

417 4466 472 4511 et
496 4457 653 4512 vitam
684 4456 826 4510 illam
858 4456 909 4508 in
938 4469 1080 4518 arca,
1112 4462 1165 4509 et
1191 4470 1295 4525 qua
1320 4455 1568 4509 macerati
1593 4462 1647 4509 et
1674 4453 1901 4510 confecti
1930 4456 2001 4510 ob

416 4548 866 4617 alittpressionetn
893 4545 1165 4609 exierunt,
1194 4556 1247 4600 et
1279 4545 1331 4600 in
1362 4555 1504 4599 tanta
1544 4545 1828 4602 solitudine
1852 4547 1998 4602 exsi«

418 4646 638 4704 steutcs,
679 4646 735 4692 et
760 4634 1012 4691 inetl‘abili
1042 4635 1305 4701 vastitate,
1335 4635 1602 4705 quomodo
1646 4650 1753 4690 non
1793 4636 1996 4693 enecati

417 4728 576 4781 sunt?
596 4725 864 4796 quomodo
893 4741 997 4780 non
1026 4725 1331 4796 perierunt?
1350 4725 1621 4781 Timorem
1645 4727 1787 4781 enim
1814 4735 1869 4780 et
1888 4741 2001 4780 me-

419 4827 550 4881 tum,
581 4817 686 4880 die,
713 4832 829 4883 oro,
854 4833 959 4872 non
984 4827 1136 4887 putas
1155 4816 1507 4872 commovisse
1533 4832 1715 4872 eorum
1738 4826 1991 4879 mentem,

419 4916 473 4960 et
500 4908 833 4962 concussisse
859 4907 1131 4960 animum?
1156 4905 1233 4962 Ne
1256 4906 1558 4971 admireris,
1588 4904 1782 4960 dilecte
1814 4922 1827 4958 :
1860 4904 1998 4959 Dens

418 4999 559 5054 enim
586 5008 699 5053 erat
726 4998 815 5068 qui
845 4998 1021 5053 otnnia
1053 4998 1301 5065 faciebat,
1332 5006 1387 5052 et
1414 4997 1554 5053 Deus
1579 5006 1781 5050 natura:
1819 4995 1996 5065 epitex

418 5100 534 5144 erat
555 5089 645 5159 qni
671 5091 846 5143 omnia
874 5089 1247 5160 impedimenta
1275 5088 1547 5143 auferebat
1588 5086 1841 5142 mandato
1876 5102 1996 5155 suo,

419 5194 525 5247 quo
550 5179 705 5246 dixit,
750 5177 966 5234 Crescite
1005 5189 1055 5235 et
1099 5177 1527 5248 multiplicamini,
1570 5186 1616 5231 et
1661 5177 1864 5246 implete
1901 5186 1999 5229 ter-

420 5287 529 5322 ram
555 5269 706 5342 (Gen.
740 5271 790 5325 ‘l.
816 5270 935 5340 28).
965 5271 1075 5326 Hoc
1098 5272 1239 5326 enim
1270 5271 1653 5325 incrementum
1679 5267 1840 5325 dedit.
1865 5266 1997 5335 Quia

418 5372 473 5415 ct
510 5362 756 5416 lsmelitaa
779 5377 900 5417 cum
928 5363 979 5419 in
1010 5362 1243 5435 Egypto
1282 5363 1332 5417 in
1374 5361 1485 5416 luto
1532 5370 1587 5416 et
1629 5361 1797 5415 latere
1824 5359 1991 5415 conti-

416 5449 613 5506 ciendo
635 5455 842 5509 onerati
869 5465 1073 5521 essent,
1119 5455 1171 5508 in
1216 5462 1363 5511 tanto
1406 5452 1660 5523 majorem
1703 5450 2000 5506 multitudi-

422 5557 543 5597 nem
572 5545 971 5611 excrescebant,
997 5560 1102 5614 quo
1140 5545 1306 5614 magis
1339 5544 1773 5614 opprimebantur
1803 5540 1994 5611 (Exod.

423 5631 473 5684 l.
501 5641 551 5684 et
587 5634 762 5704 seqq.)
790 5651 804 5688 :
831 5644 887 5690 et
914 5649 1088 5704 neque
1119 5635 1497 5690 immisericors
1532 5643 1587 5688 et
1613 5632 1829 5687 crudele
1859 5648 1998 5702 pra:-

409 5727 622 5789 ceptum
682 5721 1011 5788 l’hamnnis.
1050 5740 1157 5793 quo
1196 5724 1597 5795 praecipiebatur
1639 5722 1900 5778 masculos
1946 5724 1996 5776 in

1426 344 1493 401 IN
1533 344 1686 400 CAP.
1729 342 1818 398 IX.
1860 340 2102 400 GENES.
2146 345 2368 400 ilUMlL.
2412 349 2647 405 XXVI".

3587 366 3689 421 233

2113 456 2323 510 ﬂumina
2357 459 2574 529 projici;
2611 478 2778 532 neque
2811 468 3018 522 vexatio
3050 469 3158 535 illa,
3203 488 3359 539 quant
3406 490 3433 528 a
3495 485 3683 544 praete

2105 550 2206 604 etis
2233 565 2511 619 operarum
2541 555 2894 623 patiebantur,
2929 562 3093 616 valuit
3122 562 3434 622 imminuere
3475 569 3687 625 illorum

2107 643 2518 710 multitudinem,
2548 646 2638 700 sed
2668 649 2831 717 magis
2859 652 3128 720 magisque
3173 671 3393 712 nmnero
3418 664 3685 729 augeban-

2108 741 2211 786 tur.
2265 734 2390 788 Erat
2424 735 2562 789 enim
2609 736 2784 791 divina
2837 739 3182 809 dispensatio,
3234 763 3350 815 qua:
3397 750 3572 803 omnia
3619 766 3684 805 es

2104 820 2342 877 adversis
2364 825 2696 891 operabatur.

2173 911 2227 965 5.
2288 912 2380 966 Dei
2432 928 2678 984 prwceplo
2699 931 2877 972 cuncta
2926 922 3181 977 obetliurrt.
3246 925 3344 978 Per
3380 928 3689 987 αάιθεηαήυδ

2104 1003 2245 1072 οθῑυίι
2282 1003 2419 1060 Deus
2448 1017 2498 1058 ut
2528 1008 2655 1075 fides
2683 1022 2887 1063 crescat.
2917 1041 2987 1051 —
3009 1015 3228 1080 Quando
3256 1016 3409 1086 igitur
3438 1020 3691 1076 Dominus

2104 1096 2363 1163 praecipit,
2394 1112 2460 1150 ne
2488 1112 2698 1167 qumras
2724 1110 2778 1154 ut
2808 1100 3038 1157 humano
3059 1120 3209 1160 more
3228 1122 3386 1174 opera
3412 1111 3693 1179 perfician-

2109 1191 2210 1235 tur.
2247 1183 2518 1239 I‘Otentior
2547 1188 2686 1241 enim
2717 1204 2874 1258 quam
2907 1202 3090 1245 natura
3112 1233 3128 1255 ,
3181 1209 3287 1249 non
3330 1205 3451 1265 eget
3486 1203 3689 1252 natura:

2112 1274 2251 1329 serie
2276 1290 2338 1330 ac
2364 1277 2675 1343 ministerio,
2707 1281 2797 1333 Μιὰ
2828 1291 2881 1334 et
2902 1299 3000 1351 per
3026 1299 3089 1337 ca
3114 1301 3232 1351 qum
3260 1288 3489 1355 alioquin
3524 1292 3690 1357 impo-

2102 1364 2286 1430 diunt,
2316 1384 2401 1421 res
2426 1369 2669 1439 adauget.
2725 1371 2801 1425 Eo
2851 1375 3008 1426 modo
3038 1386 3088 1427 et
3117 1391 3256 1430 nunc
3287 1392 3378 1445 per
3407 1389 3519 1433 tres
3565 1381 3683 1435 illos

2106 1464 2274 1511 totum
2313 1459 2494 1513 orbem
2529 1461 2781 1529 implevit
2837 1463 2879 1515 Α
2909 1465 3065 1518 tribus
3107 1467 3248 1520 enim
3295 1467 3417 1532 illis,
3474 1471 3677 1535 inquit,

2101 1547 2314 1616 dispersi
2341 1559 2457 1602 sum
2482 1550 2534 1603 in
2563 1567 2842 1606 universam
2871 1564 3074 1607 terram.
3136 1556 3317 1611 Vidisti
3362 1558 3457 1614 Dci
3487 1569 3673 1629 poten-

2105 1637 2228 1692 tiatn
2256 1639 2279 1691 ?
2331 1639 2504 1695 vidisti
2548 1643 2813 1711 quomodo
2836 1684 2853 1707 ,
2898 1645 3001 1699 etsi
3046 1648 3153 1702 sint
3180 1649 3341 1703 multa
3371 1650 3641 1706 obstaetua
3665 1695 3678 1716 ,

2103 1729 2235 1782 nihil
2266 1742 2438 1785 tamen
2469 1732 2608 1787 illius
2637 1747 2873 1793 moratur
2898 1736 3256 1793 voluntatem?
3297 1740 3523 1810 ldipsum
3549 1754 3606 1799 et
3631 1748 3681 1797 in

2105 1818 2212 1871 line
2236 1820 2411 1899 licebit
2456 1822 2653 1877 videre.
2684 1823 2816 1878 Cum
2846 1827 2985 1880 enim
3016 1826 3145 1881 tales
3180 1840 3362 1883 essent
3398 1832 3484 1900 qui
3511 1850 3597 1901 θυι
3619 1851 3683 1890 u-

2098 1920 2319 1977 gnarent
2344 1952 2358 1975 ,
2390 1921 2465 1965 tot
2503 1914 2608 1982 qui
2640 1915 3014 1972 insidiarentur
3034 1959 3049 1982 ,
3082 1930 3134 1973 et
3166 1936 3335 1986 reges,
3367 1935 3417 1976 et
3451 1928 3679 1994 tyranni,

2099 2006 2152 2050 et
2177 2000 2350 2067 populi
2392 2002 2742 2071 insurgentes,
2786 2014 2838 2058 et
2877 2007 3054 2059 omnia
3102 2007 3354 2065 facientes
3386 2019 3440 2063 ut
3476 2016 3675 2067 exstin-

2102 2097 2325 2154 gucreut
2352 2090 2636 2144 scintillam
2668 2093 2810 2159 fidei,
2840 2112 2931 2163 per
2960 2096 3314 2162 insidiatores,
3342 2116 3435 2167 per
3478 2115 3569 2155 eos
3593 2105 3679 2170 qui

2103 2186 2284 2231 vetare
2338 2179 2616 2243 volebant,
2672 2192 2813 2236 tanta
2871 2186 3077 2253 pietatis
3118 2189 3566 2259 tlaunnaernpit.
3623 2206 3678 2245 ut

2102 2278 2269 2322 totum
2325 2272 2508 2324 orbem
2567 2272 2859 2329 habitatum
2897 2285 2951 2330 et
2991 2276 3339 2333 inhabitatum
3411 2284 3678 2337 invaserit.

2102 2360 2319 2415 Etiamsi
2348 2363 2412 2416 ad
2446 2365 2603 2419 Indos
2630 2366 2857 2431 abieris,
2904 2379 2954 2423 et
2983 2372 3048 2423 ad
3078 2371 3338 2441 Scythas,
3370 2383 3424 2428 et
3446 2374 3516 2430 ad
3550 2375 3680 2431 line.

2099 2452 2242 2507 orbis
2273 2463 2445 2517 terrae,
2493 2455 2696 2509 etiamsi
2736 2457 2802 2512 ad
2839 2459 3008 2525 ipsum
3050 2460 3337 2527 Oceanum,
3388 2465 3681 2534 ul;iquei;t-

2100 2543 2281 2598 venies
2328 2544 2519 2598 Christi
2564 2546 2858 2602 doctrinam
2900 2549 3249 2609 illustrantem
3295 2557 3529 2609 omnium
3560 2560 3674 2611 aui-

2101 2650 2239 2690 tnos.
2279 2635 2430 2703 Quod
2474 2637 2616 2691 enim
2646 2638 2954 2695 admirabile
2978 2652 3033 2697 et
3060 2654 3274 2713 stupore
3299 2646 3509 2717 plenmn
3531 2688 3546 2714 ,
3575 2653 3676 2718 pizu

2102 2724 2372 2795 religionis
2396 2725 2636 2781 doctrina
2665 2728 2806 2798 ipsas
2834 2730 3086 2787 barbaras
3127 2735 3367 2792 nationes
3397 2740 3675 2807 convertit,

2102 2816 2174 2870 ita
2222 2825 2283 2870 ut
2333 2815 2691 2888 philosophari
2742 2819 3061 2888 didicerint,
3107 2833 3163 2880 et
3207 2824 3412 2895 abjecta
3464 2829 3683 2898 pristina

2101 2906 2485 2962 consuetudine
2503 2907 2569 2962 ad
2596 2910 2845 2979 pietatem
2877 2915 3144 2968 translate
3169 2915 3295 2970 sint.
3324 2917 3393 2972 Et
3417 2919 3553 2973 sicut
3587 2934 3685 2989 per

2104 3010 2211 3056 tres
2238 3004 2356 3059 illos
2382 3004 2653 3058 hominum
2672 3018 2838 3072 genus
2861 3004 3228 3075 multiplicavit
3265 3008 3497 3065 universi
3533 3009 3676 3067 Con~

2100 3090 2241 3147 ditor
2284 3111 2299 3149 :
2347 3094 2418 3149 ita
2444 3108 2654 3165 quoque
2680 3102 2736 3148 et
2778 3094 2829 3147 in
2860 3092 2962 3149 fide
2986 3110 3079 3163 per
3103 3095 3349 3152 undecim
3381 3098 3670 3167 piscatores

2105 3184 2385 3239 itliteratos
2406 3195 2460 3239 et
2480 3186 2670 3240 idiotas
2694 3226 2710 3253 ,
2749 3185 2839 3254 qui
2870 3199 3043 3256 neque
3075 3200 3139 3242 os
3162 3189 3370 3256 aperire
3395 3191 3681 3259 audebant,

2109 3288 2322 3328 omnem
2351 3274 2451 3330 sibi
2495 3277 2677 3330 orbem
2705 3276 2956 3341 attraxit,
3004 3284 3162 3347 atque
3205 3278 3432 3336 illllt‘l'ali
3462 3281 3580 3347 isti,
3628 3292 3684 3339 et

2103 3362 2317 3431 idiotas,
2370 3373 2425 3420 et
2469 3365 2792 3434 piscatores,
2837 3365 3271 3437 philosophorum
3300 3370 3678 3428 obturaverunt

2101 3469 2216 3521 ora,
2257 3465 2313 3511 et
2344 3463 2771 3511 transcurrerunt
2788 3456 2973 3511 orbem
2997 3458 3151 3527 quasi
3174 3460 3319 3526 atati,
3357 3462 3684 3519 seminantes

2105 3547 2341 3602 veritatis
2366 3558 2695 3611 sermonem,
2723 3554 2778 3601 et
2800 3547 2978 3616 spinas
3004 3559 3331 3615 exsecautes,
3359 3561 3414 3606 et
3437 3554 3683 3620 pristinas

2104 3637 2410 3693 atl‘ectiones
2437 3637 2778 3704 revellentes,
2808 3637 3110 3707 Christique
3140 3640 3284 3707 leges
3312 3641 3505 3711 ubique
3533 3643 3683 3712 plau-

2109 3740 2278 3786 tantes
2308 3748 2321 3784 :
2350 3744 2413 3785 ac
2441 3745 2612 3798 neque
2635 3729 2773 3799 quod
2805 3730 2953 3799 pauci
2976 3739 3173 3796 essent,
3207 3745 3380 3800 neque
3406 3734 3546 3803 quod
3578 3737 3683 3803 pri-

2111 3821 2216 3875 vati
2267 3830 2325 3876 et
2376 3819 2648 3883 ittiterati,
2702 3834 2875 3888 neque
2925 3821 3066 3888 quod
3112 3829 3325 3877 austera
3370 3829 3426 3877 et
3466 3823 3683 3881 insolita

2105 3911 2371 3981 juberent,
2407 3924 2576 3979 neque
2614 3907 2754 3979 quod
2786 3907 2949 3964 veteri
2978 3907 3360 3966 consuetudine
3395 3911 3680 3970 humanum

2103 4015 2268 4070 genus
2291 4012 2618 4069 praeventum
2644 4006 2809 4064 esset,
2828 3998 3101 4053 obstaculo
3116 3997 3193 4053 eis
3208 4014 3330 4055 esse
3352 4002 3521 4071 potuit
3546 4021 3558 4056 :
3583 4019 3642 4064 re
3664 4005 3679 4059 Ι

2103 4091 2297 4160 praevia
2324 4090 2489 4160 gratia
2518 4087 2730 4144 sustulit
2755 4088 2870 4143 haec
2892 4087 3092 4154 omnia,
3118 4103 3412 4160 magnaque
3434 4090 3683 4147 facilitate

2104 4181 2307 4251 operati
2334 4189 2458 4234 sunt
2482 4180 2678 4245 omnia,
2712 4193 2805 4249 per
2832 4178 2944 4249 ipsa
2971 4177 3241 4235 obstacula
3262 4180 3521 4250 majorem
3546 4184 3683 4237 acci-

2108 4270 2314 4339 pientes
2366 4269 2717 4325 alacritatem.
2785 4268 3071 4325 Enimvero
3125 4269 3385 4326 interdum
3437 4270 3680 4342 tlage'lzti

2104 4362 2439 4417 decedebant
2479 4360 2789 4432 gaudentes,
2831 4377 2937 4417 non
2979 4372 3193 4431 propter
3234 4360 3438 4433 ﬂagella
3477 4366 3679 4436 simpli-

2103 4455 2268 4522 citer,
2296 4453 2388 4510 sed
2421 4453 2553 4520 Quia
2599 4470 2694 4524 pro
2743 4448 2941 4507 nomine
2966 4452 3151 4508 Christi
3196 4453 3336 4525 digni
3367 4455 3521 4510 habiti
3561 4468 3680 4511 sunt

2104 4545 2428 4616 ignominiam
2454 4546 2559 4613 pati
2590 4545 2723 4614 (Aet.
2755 4545 2806 4599 5.
2833 4543 2925 4613 41)
2947 4559 2963 4608 ;
2987 4543 3250 4599 interdum
3275 4554 3452 4600 autem
3481 4546 3534 4601 in
3558 4562 3679 4601 car-

2101 4649 2281 4691 eerem
2304 4634 2551 4704 conjecti,
2577 4642 2918 4703 posteaquam
2943 4634 3011 4686 ab
3031 4634 3220 4703 angelo
3245 4634 3420 4689 educti
3447 4634 3677 4701 fuerunt,

2102 4724 2294 4779 iterum
2322 4722 2507 4778 eadem
2536 4723 2993 4787 continuaverunt,
3025 4731 3080 4777 et
3105 4722 3158 4777 in
3182 4724 3433 4791 templum
3474 4724 3680 4779 abeun-

2104 4824 2204 4881 tes,
2250 4815 2507 4870 doctrinae
2531 4827 2832 4867 sermonem
2876 4813 3269 4867 seminaverunt
3291 4812 3311 4884 (
3335 4812 3471 4868 Ibid.
3511 4828 3561 4868 ο.
3589 4814 3676 4872 19.

2101 4905 2258 4973 sqq.),
2284 4902 2506 4973 pepulos
2526 4903 2675 4971 quasi
2696 4900 2949 4970 piscando
2970 4901 3036 4957 ad
3063 4902 3310 4971 pietatem
3341 4903 3681 4972 indecentes;

2102 5005 2157 5051 et
2187 4996 2375 5050 iterant
2402 4993 2623 5060 detenti,
2655 5006 2760 5048 non
2788 4992 2960 5047 solum
2986 5008 3091 5049 non
3116 4994 3390 5064 segniores
3410 4995 3530 5051 inde
3561 4996 3682 5052 facti

2102 5094 2255 5153 sunt,
2282 5086 2376 5142 sed
2404 5094 2460 5140 et
2484 5086 2740 5153 majorem
2769 5083 3066 5139 libertatem
3108 5100 3216 5154 pra:
3246 5101 3305 5141 se
3331 5087 3562 5142 tulerunt
3582 5129 3599 5154 ,
3631 5089 3683 5144 in

2102 5177 2278 5233 medio
2300 5175 2607 5232 insanientis
2631 5175 2809 5246 populi
2846 5185 2901 5231 et
2943 5175 3190 5232 dentibus
3216 5176 3489 5234 frementis
3534 5188 3683 5235 stan-

2105 5277 2205 5333 tes,
2222 5280 2286 5322 ac
2307 5266 2564 5331 dicentes,
2597 5266 2810 5320 Obedire
2832 5275 3025 5335 oportet
3046 5265 3154 5320 Dea
3179 5268 3338 5339 magis
3356 5284 3512 5339 quam
3529 5272 3687 5326 hami.

2103 5359 2287 5431 nibus(
2312 5358 2446 5413 Ibid.
2473 5375 2521 5413 υ.
2559 5358 2676 5430 29).
2713 5360 2896 5415 Vidisti
2929 5360 3187 5415 libertatis
3228 5360 3686 5430 magnitudinem?

2108 5451 2282 5507 vidisti
2328 5451 2606 5521 illiteratos
2635 5452 2924 5521 piscatores
2950 5458 3291 5505 contemnere
3336 5461 3409 5507 tot
3449 5451 3685 5510 furentes

2108 5541 2336 5610 populos
2352 5581 2368 5605 ,
2395 5550 2449 5594 et
2475 5541 2539 5594 ad
2570 5540 2744 5595 credes
2768 5554 2830 5595 ac
2854 5539 3202 5595 mactationes
3225 5542 3476 5611 paratos!
3499 5542 3569 5596 At
3595 5552 3649 5596 tu
3666 5583 3681 5608 ,

2104 5631 2318 5694 dilecte,
2349 5630 2568 5685 audiens
2597 5632 2709 5684 lucc
2731 5631 2909 5685 omnia
2927 5646 2993 5685 ne
3013 5630 3185 5685 tribue
3215 5630 3338 5698 illis,
3368 5632 3461 5686 sed
3486 5626 3684 5685 divinze

2108 5720 2313 5791 gratim,
2343 5733 2460 5789 qua:
2490 5720 2839 5775 contirmahat
2868 5730 2921 5777 ct
2948 5720 3240 5777 instruebat
3267 5721 3474 5777 illorum
3492 5716 3687 5774 alacri-
