  <div class='ocr_page' id='page_1' title='image "/cluster/home/n/w/nwhite01/storage/ocr_20150623/53/hvd.32044054086673/257.png"; bbox 0 0 4102 6204; ppageno 0'>
   <div class='ocr_carea' id='block_1_1' title="bbox 415 321 515 378">
    <p class='ocr_par' dir='ltr' id='par_1_1' title="bbox 415 321 515 378">
     <span class='ocr_line' id='line_1_1' title="bbox 415 321 515 378; baseline -0.02 0"><span class='ocrx_word' id='word_1_1' title='bbox 415 321 515 378; x_wconf 68' lang='lat'><strong>9.59</strong></span> 
     </span>
    </p>
   </div>
   <div class='ocr_carea' id='block_1_2' title="bbox 414 424 1996 498">
    <p class='ocr_par' dir='ltr' id='par_1_2' title="bbox 414 424 1996 498">
     <span class='ocr_line' id='line_1_2' title="bbox 414 424 1996 498; baseline -0.009 -10"><span class='ocrx_word' id='word_1_2' title='bbox 414 446 594 488; x_wconf 83' lang='lat' dir='ltr'><strong>tatem.</strong></span> <span class='ocrx_word' id='word_1_3' title='bbox 651 429 781 498; x_wconf 84' lang='lat' dir='ltr'><strong>Quia</strong></span> <span class='ocrx_word' id='word_1_4' title='bbox 834 435 887 480; x_wconf 89' lang='grc'><strong>01</strong></span> <span class='ocrx_word' id='word_1_5' title='bbox 937 424 1025 480; x_wconf 91' lang='grc'><strong>1110</strong></span> <span class='ocrx_word' id='word_1_6' title='bbox 1077 424 1262 479; x_wconf 88' lang='lat' dir='ltr'><strong>beatus</strong></span> <span class='ocrx_word' id='word_1_7' title='bbox 1311 424 1533 489; x_wconf 82' lang='lat' dir='ltr'><strong>Petrus,</strong></span> <span class='ocrx_word' id='word_1_8' title='bbox 1584 437 1704 477; x_wconf 89' lang='lat' dir='ltr'><strong>cum</strong></span> <span class='ocrx_word' id='word_1_9' title='bbox 1751 437 1815 476; x_wconf 78' lang='lat' dir='ltr'><strong>ex</strong></span> <span class='ocrx_word' id='word_1_10' title='bbox 1844 431 1996 475; x_wconf 92' lang='lat' dir='ltr'><strong>utero</strong></span> 
     </span>
    </p>
   </div>
   <div class='ocr_carea' id='block_1_3' title="bbox 415 513 2000 580">
    <p class='ocr_par' dir='ltr' id='par_1_3' title="bbox 415 513 2000 580">
     <span class='ocr_line' id='line_1_3' title="bbox 415 513 2000 580; baseline -0.008 -3"><span class='ocrx_word' id='word_1_11' title='bbox 415 522 599 578; x_wconf 87' lang='lat' dir='ltr'><strong>matris</strong></span> <span class='ocrx_word' id='word_1_12' title='bbox 624 518 867 576; x_wconf 90' lang='lat' dir='ltr'><strong>claudum</strong></span> <span class='ocrx_word' id='word_1_13' title='bbox 890 525 1093 570; x_wconf 88' lang='lat' dir='ltr'><strong>rectum</strong></span> <span class='ocrx_word' id='word_1_14' title='bbox 1121 514 1338 578; x_wconf 90' lang='lat' dir='ltr'><strong>faceret,</strong></span> <span class='ocrx_word' id='word_1_15' title='bbox 1361 513 1610 568; x_wconf 89' lang='lat' dir='ltr'><strong>omnibus</strong></span> <span class='ocrx_word' id='word_1_16' title='bbox 1630 513 2000 580; x_wconf 89' lang='lat' dir='ltr'><strong>obstupescen-</strong></span> 
     </span>
    </p>
   </div>
   <div class='ocr_carea' id='block_1_4' title="bbox 417 591 1996 676">
    <p class='ocr_par' dir='ltr' id='par_1_4' title="bbox 417 591 1996 676">
     <span class='ocr_line' id='line_1_4' title="bbox 417 591 1996 676; baseline -0.008 -9"><span class='ocrx_word' id='word_1_17' title='bbox 417 613 556 667; x_wconf 92' lang='lat' dir='ltr'><strong>tibus</strong></span> <span class='ocrx_word' id='word_1_18' title='bbox 578 621 632 666; x_wconf 89' lang='lat' dir='ltr'><strong>et</strong></span> <span class='ocrx_word' id='word_1_19' title='bbox 655 607 1058 670; x_wconf 89' lang='lat' dir='ltr'><strong>admirantibus,</strong></span> <span class='ocrx_word' id='word_1_20' title='bbox 1082 614 1288 676; x_wconf 88' lang='lat' dir='ltr'><strong>gratum</strong></span> <span class='ocrx_word' id='word_1_21' title='bbox 1313 605 1424 674; x_wconf 90' lang='lat' dir='ltr'><strong>ipse</strong></span> <span class='ocrx_word' id='word_1_22' title='bbox 1443 591 1675 658; x_wconf 88' lang='lat' dir='ltr'><strong>animum</strong></span> <span class='ocrx_word' id='word_1_23' title='bbox 1699 601 1996 666; x_wconf 78' lang='lat' dir='ltr'><strong>declarans,</strong></span> 
     </span>
    </p>
   </div>
   <div class='ocr_carea' id='block_1_5' title="bbox 419 693 2001 773">
    <p class='ocr_par' dir='ltr' id='par_1_5' title="bbox 419 693 2001 773">
     <span class='ocr_line' id='line_1_5' title="bbox 419 693 2001 773; baseline -0.007 -16"><span class='ocrx_word' id='word_1_24' title='bbox 419 703 587 773; x_wconf 84' lang='lat' dir='ltr'><strong>inquit</strong></span> <span class='ocrx_word' id='word_1_25' title='bbox 616 717 628 755; x_wconf 90' lang='lat'>:</span> <span class='ocrx_word' id='word_1_26' title='bbox 676 699 799 764; x_wconf 81' lang='lat' dir='ltr'><strong>Viri,</strong></span> <span class='ocrx_word' id='word_1_27' title='bbox 835 697 956 768; x_wconf 85' lang='lat' dir='ltr'><strong>quid</strong></span> <span class='ocrx_word' id='word_1_28' title='bbox 985 714 1075 750; x_wconf 89' lang='lat' dir='ltr'><strong>nos</strong></span> <span class='ocrx_word' id='word_1_29' title='bbox 1103 696 1383 757; x_wconf 74' lang='lat' dir='ltr'><strong>intuemini,</strong></span> <span class='ocrx_word' id='word_1_30' title='bbox 1415 696 1559 764; x_wconf 85' lang='lat' dir='ltr'><strong>quasi</strong></span> <span class='ocrx_word' id='word_1_31' title='bbox 1583 703 1754 747; x_wconf 89' lang='lat' dir='ltr'><strong>nostra</strong></span> <span class='ocrx_word' id='word_1_32' title='bbox 1782 693 2001 762; x_wconf 81' lang='lat' dir='ltr'><strong>potentia</strong></span> 
     </span>
    </p>
   </div>
   <div class='ocr_carea' id='block_1_6' title="bbox 414 781 2000 862">
    <p class='ocr_par' dir='ltr' id='par_1_6' title="bbox 414 781 2000 862">
     <span class='ocr_line' id='line_1_6' title="bbox 414 781 2000 862; baseline -0.008 -14"><span class='ocrx_word' id='word_1_33' title='bbox 414 794 492 848; x_wconf 74' lang='lat' dir='ltr'><strong>vel</strong></span> <span class='ocrx_word' id='word_1_34' title='bbox 546 794 729 862; x_wconf 87' lang='lat' dir='ltr'><strong>pietate</strong></span> <span class='ocrx_word' id='word_1_35' title='bbox 779 790 1046 861; x_wconf 78' lang='lat' dir='ltr'><strong>fecerimus</strong></span> <span class='ocrx_word' id='word_1_36' title='bbox 1094 788 1240 841; x_wconf 77' lang='lat' dir='ltr'><strong>illum</strong></span> <span class='ocrx_word' id='word_1_37' title='bbox 1287 784 1717 856; x_wconf 82' lang='lat' dir='ltr'><strong>ambulare(Act.</strong></span> <span class='ocrx_word' id='word_1_38' title='bbox 1763 785 1816 838; x_wconf 80' lang='grc'><strong>5.</strong></span> <span class='ocrx_word' id='word_1_39' title='bbox 1865 781 2000 854; x_wconf 70' lang='lat'><strong>12)?</strong></span> 
     </span>
    </p>
   </div>
   <div class='ocr_carea' id='block_1_7' title="bbox 415 873 1998 952">
    <p class='ocr_par' dir='ltr' id='par_1_7' title="bbox 415 873 1998 952">
     <span class='ocr_line' id='line_1_7' title="bbox 415 873 1998 952; baseline -0.007 -15"><span class='ocrx_word' id='word_1_40' title='bbox 415 885 590 952; x_wconf 82' lang='lat' dir='ltr'><strong>Quare</strong></span> <span class='ocrx_word' id='word_1_41' title='bbox 611 924 627 950; x_wconf 93' lang='lat'><strong>,</strong></span> <span class='ocrx_word' id='word_1_42' title='bbox 656 882 845 951; x_wconf 78' lang='lat' dir='ltr'><strong>inquit,</strong></span> <span class='ocrx_word' id='word_1_43' title='bbox 872 880 950 934; x_wconf 89' lang='lat' dir='ltr'><strong>sic</strong></span> <span class='ocrx_word' id='word_1_44' title='bbox 977 877 1346 947; x_wconf 88' lang='lat' dir='ltr'><strong>obstupescitis</strong></span> <span class='ocrx_word' id='word_1_45' title='bbox 1363 917 1378 942; x_wconf 93' lang='lat'><strong>,</strong></span> <span class='ocrx_word' id='word_1_46' title='bbox 1405 885 1460 931; x_wconf 90' lang='lat' dir='ltr'><strong>et</strong></span> <span class='ocrx_word' id='word_1_47' title='bbox 1486 874 1762 945; x_wconf 80' lang='lat' dir='ltr'><strong>stupefacti</strong></span> <span class='ocrx_word' id='word_1_48' title='bbox 1789 874 1919 929; x_wconf 89' lang='lat' dir='ltr'><strong>estis</strong></span> <span class='ocrx_word' id='word_1_49' title='bbox 1945 873 1998 926; x_wconf 91' lang='lat' dir='ltr'><strong>in</strong></span> 
     </span>
    </p>
   </div>
   <div class='ocr_carea' id='block_1_8' title="bbox 417 963 1999 1037">
    <p class='ocr_par' dir='ltr' id='par_1_8' title="bbox 417 963 1999 1037">
     <span class='ocr_line' id='line_1_8' title="bbox 417 963 1999 1037; baseline -0.009 -7"><span class='ocrx_word' id='word_1_50' title='bbox 417 976 520 1032; x_wconf 87' lang='lat' dir='ltr'><strong>hac</strong></span> <span class='ocrx_word' id='word_1_51' title='bbox 569 971 670 1030; x_wconf 78' lang='lat' dir='ltr'><strong>re?</strong></span> <span class='ocrx_word' id='word_1_52' title='bbox 716 972 852 1027; x_wconf 84' lang='lat' dir='ltr'><strong>Num</strong></span> <span class='ocrx_word' id='word_1_53' title='bbox 900 985 998 1026; x_wconf 90' lang='lat' dir='ltr'><strong>nos</strong></span> <span class='ocrx_word' id='word_1_54' title='bbox 1043 974 1226 1025; x_wconf 85' lang='lat' dir='ltr'><strong>sumus</strong></span> <span class='ocrx_word' id='word_1_55' title='bbox 1266 968 1368 1022; x_wconf 91' lang='lat' dir='ltr'><strong>hoc</strong></span> <span class='ocrx_word' id='word_1_56' title='bbox 1405 966 1630 1037; x_wconf 84' lang='lat' dir='ltr'><strong>operati,</strong></span> <span class='ocrx_word' id='word_1_57' title='bbox 1661 966 1747 1020; x_wconf 92' lang='lat' dir='ltr'><strong>vel</strong></span> <span class='ocrx_word' id='word_1_58' title='bbox 1787 963 1999 1034; x_wconf 90' lang='lat' dir='ltr'><strong>propria</strong></span> 
     </span>
    </p>
   </div>
   <div class='ocr_carea' id='block_1_9' title="bbox 420 1056 2000 1122">
    <p class='ocr_par' dir='ltr' id='par_1_9' title="bbox 420 1056 2000 1122">
     <span class='ocr_line' id='line_1_9' title="bbox 420 1056 2000 1122; baseline -0.006 -3"><span class='ocrx_word' id='word_1_59' title='bbox 420 1068 615 1122; x_wconf 89' lang='lat' dir='ltr'><strong>virtute</strong></span> <span class='ocrx_word' id='word_1_60' title='bbox 662 1061 1010 1120; x_wconf 87' lang='lat' dir='ltr'><strong>incolumitati</strong></span> <span class='ocrx_word' id='word_1_61' title='bbox 1064 1061 1210 1115; x_wconf 92' lang='lat' dir='ltr'><strong>illum</strong></span> <span class='ocrx_word' id='word_1_62' title='bbox 1258 1058 1614 1122; x_wconf 90' lang='lat' dir='ltr'><strong>restitnimus,</strong></span> <span class='ocrx_word' id='word_1_63' title='bbox 1645 1065 1700 1111; x_wconf 91' lang='lat' dir='ltr'><strong>et</strong></span> <span class='ocrx_word' id='word_1_64' title='bbox 1727 1056 2000 1111; x_wconf 90' lang='lat' dir='ltr'><strong>ambulare</strong></span> 
     </span>
    </p>
   </div>
   <div class='ocr_carea' id='block_1_10' title="bbox 422 1148 2000 1222">
    <p class='ocr_par' dir='ltr' id='par_1_10' title="bbox 422 1148 2000 1222">
     <span class='ocr_line' id='line_1_10' title="bbox 422 1148 2000 1222; baseline -0.009 -10"><span class='ocrx_word' id='word_1_65' title='bbox 422 1156 687 1214; x_wconf 80' lang='lat' dir='ltr'><strong>fecimus?</strong></span> <span class='ocrx_word' id='word_1_66' title='bbox 713 1155 850 1222; x_wconf 83' lang='lat' dir='ltr'><strong>Quid</strong></span> <span class='ocrx_word' id='word_1_67' title='bbox 874 1169 966 1208; x_wconf 85' lang='lat' dir='ltr'><strong>nos</strong></span> <span class='ocrx_word' id='word_1_68' title='bbox 990 1151 1249 1206; x_wconf 82' lang='lat' dir='ltr'><strong>intuemini</strong></span> <span class='ocrx_word' id='word_1_69' title='bbox 1269 1151 1295 1204; x_wconf 83' lang='lat'><strong><em>?</em></strong></span> <span class='ocrx_word' id='word_1_70' title='bbox 1322 1149 1462 1204; x_wconf 87' lang='lat' dir='ltr'><strong>Nihil</strong></span> <span class='ocrx_word' id='word_1_71' title='bbox 1486 1148 1713 1218; x_wconf 85' lang='lat' dir='ltr'><strong>amplius</strong></span> <span class='ocrx_word' id='word_1_72' title='bbox 1739 1161 1836 1201; x_wconf 90' lang='lat' dir='ltr'><strong>nos</strong></span> <span class='ocrx_word' id='word_1_73' title='bbox 1860 1153 2000 1200; x_wconf 89' lang='lat' dir='ltr'><strong>attu-</strong></span> 
     </span>
    </p>
   </div>
   <div class='ocr_carea' id='block_1_11' title="bbox 421 1236 1998 1315">
    <p class='ocr_par' dir='ltr' id='par_1_11' title="bbox 421 1236 1998 1315">
     <span class='ocr_line' id='line_1_11' title="bbox 421 1236 1998 1315; baseline -0.008 -14"><span class='ocrx_word' id='word_1_74' title='bbox 421 1249 608 1311; x_wconf 91' lang='lat' dir='ltr'><strong>limus,</strong></span> <span class='ocrx_word' id='word_1_75' title='bbox 639 1260 797 1315; x_wconf 90' lang='lat' dir='ltr'><strong>quam</strong></span> <span class='ocrx_word' id='word_1_76' title='bbox 835 1241 977 1312; x_wconf 92' lang='lat' dir='ltr'><strong>quod</strong></span> <span class='ocrx_word' id='word_1_77' title='bbox 1000 1242 1234 1312; x_wconf 77' lang='lat' dir='ltr'><strong>linguam</strong></span> <span class='ocrx_word' id='word_1_78' title='bbox 1261 1248 1495 1294; x_wconf 89' lang='lat' dir='ltr'><strong>nostram</strong></span> <span class='ocrx_word' id='word_1_79' title='bbox 1527 1236 1998 1292; x_wconf 84' lang='lat' dir='ltr'><strong>commodavimus.</strong></span> 
     </span>
    </p>
   </div>
   <div class='ocr_carea' id='block_1_12' title="bbox 424 1327 2002 1405">
    <p class='ocr_par' dir='ltr' id='par_1_12' title="bbox 424 1327 2002 1405">
     <span class='ocr_line' id='line_1_12' title="bbox 424 1327 2002 1405; baseline -0.008 -13"><span class='ocrx_word' id='word_1_80' title='bbox 424 1338 526 1405; x_wconf 90' lang='lat' dir='ltr'><strong>Qui</strong></span> <span class='ocrx_word' id='word_1_81' title='bbox 554 1345 730 1391; x_wconf 88' lang='lat' dir='ltr'><strong>autem</strong></span> <span class='ocrx_word' id='word_1_82' title='bbox 761 1333 938 1389; x_wconf 87' lang='lat' dir='ltr'><strong>omnia</strong></span> <span class='ocrx_word' id='word_1_83' title='bbox 965 1331 1124 1398; x_wconf 89' lang='lat' dir='ltr'><strong>fecit,</strong></span> <span class='ocrx_word' id='word_1_84' title='bbox 1155 1330 1411 1385; x_wconf 88' lang='lat' dir='ltr'><strong>Dominus</strong></span> <span class='ocrx_word' id='word_1_85' title='bbox 1439 1338 1520 1384; x_wconf 90' lang='lat' dir='ltr'><strong>est</strong></span> <span class='ocrx_word' id='word_1_86' title='bbox 1540 1369 1556 1393; x_wconf 91' lang='lat'><strong>,</strong></span> <span class='ocrx_word' id='word_1_87' title='bbox 1584 1335 1639 1383; x_wconf 91' lang='lat' dir='ltr'><strong>et</strong></span> <span class='ocrx_word' id='word_1_88' title='bbox 1666 1327 1755 1382; x_wconf 91' lang='lat' dir='ltr'><strong>ille</strong></span> <span class='ocrx_word' id='word_1_89' title='bbox 1798 1336 2002 1381; x_wconf 59' lang='lat' dir='ltr'><strong>naturae</strong></span> 
     </span>
    </p>
   </div>
   <div class='ocr_carea' id='block_1_13' title="bbox 420 1418 1999 1493">
    <p class='ocr_par' dir='ltr' id='par_1_13' title="bbox 420 1418 1999 1493">
     <span class='ocr_line' id='line_1_13' title="bbox 420 1418 1999 1493; baseline -0.008 -11"><span class='ocrx_word' id='word_1_90' title='bbox 420 1429 711 1493; x_wconf 74' lang='lat' dir='ltr'><strong>Conditor,</strong></span> <span class='ocrx_word' id='word_1_91' title='bbox 745 1425 880 1480; x_wconf 86' lang='lat' dir='ltr'><strong>Deus</strong></span> <span class='ocrx_word' id='word_1_92' title='bbox 907 1423 1162 1477; x_wconf 81' lang='lat' dir='ltr'><strong>Abraham</strong></span> <span class='ocrx_word' id='word_1_93' title='bbox 1186 1463 1201 1488; x_wconf 88' lang='lat'><strong>,</strong></span> <span class='ocrx_word' id='word_1_94' title='bbox 1229 1420 1379 1475; x_wconf 84' lang='lat' dir='ltr'><strong>Isaac</strong></span> <span class='ocrx_word' id='word_1_95' title='bbox 1403 1462 1416 1485; x_wconf 87' lang='lat'><strong>,</strong></span> <span class='ocrx_word' id='word_1_96' title='bbox 1443 1429 1490 1474; x_wconf 87' lang='lat' dir='ltr'><strong>et</strong></span> <span class='ocrx_word' id='word_1_97' title='bbox 1513 1418 1673 1473; x_wconf 75' lang='lat' dir='ltr'><strong>Iacob</strong></span> <span class='ocrx_word' id='word_1_98' title='bbox 1697 1458 1713 1486; x_wconf 93' lang='lat'><strong>,</strong></span> <span class='ocrx_word' id='word_1_99' title='bbox 1741 1431 1874 1487; x_wconf 88' lang='lat' dir='ltr'><strong>quos</strong></span> <span class='ocrx_word' id='word_1_100' title='bbox 1904 1431 1999 1486; x_wconf 91' lang='lat' dir='ltr'><strong>pa-</strong></span> 
     </span>
    </p>
   </div>
   <div class='ocr_carea' id='block_1_14' title="bbox 422 1507 2008 1580">
    <p class='ocr_par' dir='ltr' id='par_1_14' title="bbox 422 1507 2008 1580">
     <span class='ocr_line' id='line_1_14' title="bbox 422 1507 2008 1580; baseline -0.009 -4"><span class='ocrx_word' id='word_1_101' title='bbox 422 1520 680 1576; x_wconf 81' lang='lat' dir='ltr'><strong>triarchas</strong></span> <span class='ocrx_word' id='word_1_102' title='bbox 707 1515 956 1574; x_wconf 88' lang='lat' dir='ltr'><strong>censetis.</strong></span> <span class='ocrx_word' id='word_1_103' title='bbox 986 1515 1076 1569; x_wconf 92' lang='lat' dir='ltr'><strong>Ille</strong></span> <span class='ocrx_word' id='word_1_104' title='bbox 1104 1514 1261 1580; x_wconf 83' lang='lat' dir='ltr'><strong>Quem</strong></span> <span class='ocrx_word' id='word_1_105' title='bbox 1279 1511 1759 1576; x_wconf 82' lang='lat' dir='ltr'><strong>vostradidistis,et</strong></span> <span class='ocrx_word' id='word_1_106' title='bbox 1777 1507 2008 1580; x_wconf 79' lang='lat' dir='ltr'><strong>negastis</strong></span> 
     </span>
    </p>
   </div>
   <div class='ocr_carea' id='block_1_15' title="bbox 424 1597 2003 1680">
    <p class='ocr_par' dir='ltr' id='par_1_15' title="bbox 424 1597 2003 1680">
     <span class='ocr_line' id='line_1_15' title="bbox 424 1597 2003 1680; baseline -0.011 -13"><span class='ocrx_word' id='word_1_107' title='bbox 424 1626 596 1666; x_wconf 87' lang='lat' dir='ltr'><strong>coram</strong></span> <span class='ocrx_word' id='word_1_108' title='bbox 625 1608 756 1680; x_wconf 80' lang='lat' dir='ltr'><strong>[acie</strong></span> <span class='ocrx_word' id='word_1_109' title='bbox 803 1605 962 1660; x_wconf 85' lang='lat' dir='ltr'><strong>Pilati</strong></span> <span class='ocrx_word' id='word_1_110' title='bbox 992 1601 1274 1674; x_wconf 85' lang='lat' dir='ltr'><strong>judicantis</strong></span> <span class='ocrx_word' id='word_1_111' title='bbox 1312 1601 1457 1654; x_wconf 90' lang='lat' dir='ltr'><strong>illum</strong></span> <span class='ocrx_word' id='word_1_112' title='bbox 1494 1598 1842 1653; x_wconf 85' lang='lat' dir='ltr'><strong>dimittendum</strong></span> <span class='ocrx_word' id='word_1_113' title='bbox 1869 1612 1887 1651; x_wconf 91' lang='lat'><strong><em>:</em></strong></span> <span class='ocrx_word' id='word_1_114' title='bbox 1914 1597 2003 1651; x_wconf 84' lang='lat' dir='ltr'><strong>ille</strong></span> 
     </span>
    </p>
   </div>
   <div class='ocr_carea' id='block_1_16' title="bbox 422 1686 2002 1771">
    <p class='ocr_par' dir='ltr' id='par_1_16' title="bbox 422 1686 2002 1771">
     <span class='ocr_line' id='line_1_16' title="bbox 422 1686 2002 1771; baseline -0.011 -15"><span class='ocrx_word' id='word_1_115' title='bbox 422 1699 620 1771; x_wconf 87' lang='lat' dir='ltr'><strong>estqui</strong></span> <span class='ocrx_word' id='word_1_116' title='bbox 650 1695 826 1753; x_wconf 87' lang='lat' dir='ltr'><strong>omnia</strong></span> <span class='ocrx_word' id='word_1_117' title='bbox 873 1701 1122 1765; x_wconf 86' lang='lat' dir='ltr'><strong>operatus</strong></span> <span class='ocrx_word' id='word_1_118' title='bbox 1150 1699 1269 1757; x_wconf 90' lang='lat' dir='ltr'><strong>est,</strong></span> <span class='ocrx_word' id='word_1_119' title='bbox 1317 1704 1476 1760; x_wconf 87' lang='lat' dir='ltr'><strong>quem</strong></span> <span class='ocrx_word' id='word_1_120' title='bbox 1539 1686 1641 1741; x_wconf 86' lang='lat' dir='ltr'><strong>Vos</strong></span> <span class='ocrx_word' id='word_1_121' title='bbox 1685 1695 1912 1741; x_wconf 88' lang='lat' dir='ltr'><strong>sanctum</strong></span> <span class='ocrx_word' id='word_1_122' title='bbox 1955 1693 2002 1739; x_wconf 87' lang='lat' dir='ltr'><strong>et</strong></span> 
     </span>
    </p>
   </div>
   <div class='ocr_carea' id='block_1_17' title="bbox 425 1775 2004 1866">
    <p class='ocr_par' dir='ltr' id='par_1_17' title="bbox 425 1775 2004 1866">
     <span class='ocr_line' id='line_1_17' title="bbox 425 1775 2004 1866; baseline -0.011 -20"><span class='ocrx_word' id='word_1_123' title='bbox 425 1796 623 1866; x_wconf 85' lang='lat' dir='ltr'><strong>justum</strong></span> <span class='ocrx_word' id='word_1_124' title='bbox 670 1787 924 1859; x_wconf 76' lang='lat' dir='ltr'><strong>negastis,</strong></span> <span class='ocrx_word' id='word_1_125' title='bbox 955 1795 1004 1838; x_wconf 87' lang='lat' dir='ltr'><strong>et</strong></span> <span class='ocrx_word' id='word_1_126' title='bbox 1052 1782 1264 1853; x_wconf 85' lang='lat' dir='ltr'><strong>petiistis</strong></span> <span class='ocrx_word' id='word_1_127' title='bbox 1318 1780 1482 1834; x_wconf 80' lang='lat' dir='ltr'><strong>virum</strong></span> <span class='ocrx_word' id='word_1_128' title='bbox 1525 1777 1830 1844; x_wconf 79' lang='lat' dir='ltr'><strong>homicidam</strong></span> <span class='ocrx_word' id='word_1_129' title='bbox 1868 1775 2004 1829; x_wconf 79' lang='lat' dir='ltr'><strong>vobis</strong></span> 
     </span>
    </p>
   </div>
   <div class='ocr_carea' id='block_1_18' title="bbox 429 1869 2005 1950">
    <p class='ocr_par' dir='ltr' id='par_1_18' title="bbox 429 1869 2005 1950">
     <span class='ocr_line' id='line_1_18' title="bbox 429 1869 2005 1950; baseline -0.011 -12"><span class='ocrx_word' id='word_1_130' title='bbox 429 1884 562 1938; x_wconf 85' lang='lat' dir='ltr'><strong>tradi</strong></span> <span class='ocrx_word' id='word_1_131' title='bbox 605 1898 625 1936; x_wconf 91' lang='lat'><strong><em>:</em></strong></span> <span class='ocrx_word' id='word_1_132' title='bbox 677 1879 970 1950; x_wconf 82' lang='lat' dir='ltr'><strong>Principem</strong></span> <span class='ocrx_word' id='word_1_133' title='bbox 1021 1883 1187 1929; x_wconf 83' lang='lat' dir='ltr'><strong>autem</strong></span> <span class='ocrx_word' id='word_1_134' title='bbox 1239 1873 1352 1927; x_wconf 69' lang='lat' dir='ltr'><strong>vita:</strong></span> <span class='ocrx_word' id='word_1_135' title='bbox 1402 1869 1769 1925; x_wconf 79' lang='lat' dir='ltr'><strong>condemnastis</strong></span> <span class='ocrx_word' id='word_1_136' title='bbox 1792 1911 1807 1936; x_wconf 94' lang='lat'><strong>,</strong></span> <span class='ocrx_word' id='word_1_137' title='bbox 1859 1883 2005 1936; x_wconf 86' lang='lat' dir='ltr'><strong>quem</strong></span> 
     </span>
    </p>
   </div>
   <div class='ocr_carea' id='block_1_19' title="bbox 424 1957 2005 2034">
    <p class='ocr_par' dir='ltr' id='par_1_19' title="bbox 424 1957 2005 2034">
     <span class='ocr_line' id='line_1_19' title="bbox 424 1957 2005 2034; baseline -0.011 -6"><span class='ocrx_word' id='word_1_138' title='bbox 424 1973 562 2028; x_wconf 87' lang='lat' dir='ltr'><strong>Deus</strong></span> <span class='ocrx_word' id='word_1_139' title='bbox 590 1971 817 2026; x_wconf 71' lang='lat' dir='ltr'><strong>excitavit</strong></span> <span class='ocrx_word' id='word_1_140' title='bbox 843 1985 875 2022; x_wconf 90' lang='lat' dir='ltr'><strong>a</strong></span> <span class='ocrx_word' id='word_1_141' title='bbox 899 1966 1108 2022; x_wconf 83' lang='lat' dir='ltr'><strong>mortuis</strong></span> <span class='ocrx_word' id='word_1_142' title='bbox 1127 2005 1142 2032; x_wconf 95' lang='lat'><strong>,</strong></span> <span class='ocrx_word' id='word_1_143' title='bbox 1173 1965 1319 2034; x_wconf 84' lang='lat' dir='ltr'><strong>cujus</strong></span> <span class='ocrx_word' id='word_1_144' title='bbox 1347 1978 1438 2016; x_wconf 89' lang='lat' dir='ltr'><strong>nos</strong></span> <span class='ocrx_word' id='word_1_145' title='bbox 1463 1971 1608 2016; x_wconf 86' lang='lat' dir='ltr'><strong>testes</strong></span> <span class='ocrx_word' id='word_1_146' title='bbox 1631 1975 1822 2014; x_wconf 86' lang='lat' dir='ltr'><strong>smnus.</strong></span> <span class='ocrx_word' id='word_1_147' title='bbox 1859 1957 1927 2011; x_wconf 87' lang='lat' dir='ltr'><strong>Et</strong></span> <span class='ocrx_word' id='word_1_148' title='bbox 1951 1957 2005 2012; x_wconf 90' lang='lat' dir='ltr'><strong>in</strong></span> 
     </span>
    </p>
   </div>
   <div class='ocr_carea' id='block_1_20' title="bbox 429 2050 2006 2136">
    <p class='ocr_par' dir='ltr' id='par_1_20' title="bbox 429 2050 2006 2136">
     <span class='ocr_line' id='line_1_20' title="bbox 429 2050 2006 2136; baseline -0.012 -16"><span class='ocrx_word' id='word_1_149' title='bbox 429 2067 532 2136; x_wconf 79' lang='lat' dir='ltr'><strong>ﬁde</strong></span> <span class='ocrx_word' id='word_1_150' title='bbox 557 2064 773 2119; x_wconf 88' lang='lat' dir='ltr'><strong>nominis</strong></span> <span class='ocrx_word' id='word_1_151' title='bbox 793 2063 950 2126; x_wconf 89' lang='lat' dir='ltr'><strong>illius,</strong></span> <span class='ocrx_word' id='word_1_152' title='bbox 979 2060 1112 2114; x_wconf 85' lang='lat' dir='ltr'><strong>hunc</strong></span> <span class='ocrx_word' id='word_1_153' title='bbox 1129 2072 1277 2128; x_wconf 79' lang='lat' dir='ltr'><strong>quem</strong></span> <span class='ocrx_word' id='word_1_154' title='bbox 1302 2055 1478 2110; x_wconf 82' lang='lat' dir='ltr'><strong>videtis</strong></span> <span class='ocrx_word' id='word_1_155' title='bbox 1502 2063 1547 2108; x_wconf 87' lang='lat' dir='ltr'><strong>et</strong></span> <span class='ocrx_word' id='word_1_156' title='bbox 1574 2053 1749 2114; x_wconf 88' lang='lat' dir='ltr'><strong>nostis,</strong></span> <span class='ocrx_word' id='word_1_157' title='bbox 1771 2050 2006 2105; x_wconf 85' lang='lat' dir='ltr'><strong>solidauit</strong></span> 
     </span>
    </p>
   </div>
   <div class='ocr_carea' id='block_1_21' title="bbox 425 2139 2005 2223">
    <p class='ocr_par' dir='ltr' id='par_1_21' title="bbox 425 2139 2005 2223">
     <span class='ocr_line' id='line_1_21' title="bbox 425 2139 2005 2223; baseline -0.009 -11"><span class='ocrx_word' id='word_1_158' title='bbox 425 2174 602 2212; x_wconf 88' lang='lat' dir='ltr'><strong>nomen</strong></span> <span class='ocrx_word' id='word_1_159' title='bbox 636 2139 774 2210; x_wconf 78' lang='lat' dir='ltr'><strong>illius</strong></span> <span class='ocrx_word' id='word_1_160' title='bbox 798 2195 813 2223; x_wconf 88' lang='lat'><strong>,</strong></span> <span class='ocrx_word' id='word_1_161' title='bbox 842 2163 888 2207; x_wconf 85' lang='lat' dir='ltr'><strong>et</strong></span> <span class='ocrx_word' id='word_1_162' title='bbox 915 2153 1072 2222; x_wconf 83' lang='lat' dir='ltr'><strong>ﬁdes,</strong></span> <span class='ocrx_word' id='word_1_163' title='bbox 1109 2166 1223 2222; x_wconf 72' lang='lat' dir='ltr'><strong>qua:</strong></span> <span class='ocrx_word' id='word_1_164' title='bbox 1249 2165 1337 2219; x_wconf 87' lang='lat' dir='ltr'><strong>per</strong></span> <span class='ocrx_word' id='word_1_165' title='bbox 1380 2149 1545 2216; x_wconf 87' lang='lat' dir='ltr'><strong>ipsum</strong></span> <span class='ocrx_word' id='word_1_166' title='bbox 1589 2154 1693 2205; x_wconf 82' lang='lat' dir='ltr'><strong>est.</strong></span> <span class='ocrx_word' id='word_1_167' title='bbox 1725 2145 1858 2198; x_wconf 85' lang='lat' dir='ltr'><strong>dedit</strong></span> <span class='ocrx_word' id='word_1_168' title='bbox 1889 2144 2005 2197; x_wconf 85' lang='lat' dir='ltr'><strong>huic</strong></span> 
     </span>
    </p>
   </div>
   <div class='ocr_carea' id='block_1_22' title="bbox 425 2225 1950 2305">
    <p class='ocr_par' dir='ltr' id='par_1_22' title="bbox 425 2225 1950 2305">
     <span class='ocr_line' id='line_1_22' title="bbox 425 2225 1950 2305; baseline -0.011 -2"><span class='ocrx_word' id='word_1_169' title='bbox 425 2247 820 2303; x_wconf 81' lang='lat' dir='ltr'><strong>incolumitatem</strong></span> <span class='ocrx_word' id='word_1_170' title='bbox 848 2259 1018 2298; x_wconf 89' lang='lat' dir='ltr'><strong>coram</strong></span> <span class='ocrx_word' id='word_1_171' title='bbox 1045 2240 1274 2296; x_wconf 88' lang='lat' dir='ltr'><strong>omnibus</strong></span> <span class='ocrx_word' id='word_1_172' title='bbox 1297 2238 1432 2293; x_wconf 83' lang='lat' dir='ltr'><strong>vobis</strong></span> <span class='ocrx_word' id='word_1_173' title='bbox 1459 2235 1620 2305; x_wconf 87' lang='lat' dir='ltr'><strong>(Ibid.</strong></span> <span class='ocrx_word' id='word_1_174' title='bbox 1650 2252 1697 2288; x_wconf 86' lang='grc' dir='ltr'><strong>υ.</strong></span> <span class='ocrx_word' id='word_1_175' title='bbox 1730 2225 1950 2303; x_wconf 70' lang='grc'><strong>13-16).</strong></span> 
     </span>
    </p>
   </div>
   <div class='ocr_carea' id='block_1_23' title="bbox 495 2325 2004 2407">
    <p class='ocr_par' dir='ltr' id='par_1_23' title="bbox 495 2325 2004 2407">
     <span class='ocr_line' id='line_1_23' title="bbox 495 2325 2004 2407; baseline -0.011 -13"><span class='ocrx_word' id='word_1_176' title='bbox 495 2339 549 2394; x_wconf 87' lang='lat'><strong>6.</strong></span> <span class='ocrx_word' id='word_1_177' title='bbox 581 2337 763 2407; x_wconf 87' lang='lat' dir='ltr'><strong>Magna</strong></span> <span class='ocrx_word' id='word_1_178' title='bbox 793 2333 947 2390; x_wconf 86' lang='lat' dir='ltr'><strong>liberi</strong></span> <span class='ocrx_word' id='word_1_179' title='bbox 976 2331 1133 2402; x_wconf 85' lang='lat' dir='ltr'><strong>hujus</strong></span> <span class='ocrx_word' id='word_1_180' title='bbox 1167 2328 1431 2385; x_wconf 88' lang='lat' dir='ltr'><strong>sermonis</strong></span> <span class='ocrx_word' id='word_1_181' title='bbox 1455 2325 1798 2387; x_wconf 73' lang='lat' dir='ltr'><strong>excellentia;</strong></span> <span class='ocrx_word' id='word_1_182' title='bbox 1823 2325 2004 2394; x_wconf 86' lang='lat' dir='ltr'><strong>ingens</strong></span> 
     </span>
    </p>
   </div>
   <div class='ocr_carea' id='block_1_24' title="bbox 422 2416 2007 2495">
    <p class='ocr_par' dir='ltr' id='par_1_24' title="bbox 422 2416 2007 2495">
     <span class='ocr_line' id='line_1_24' title="bbox 422 2416 2007 2495; baseline -0.013 -5"><span class='ocrx_word' id='word_1_183' title='bbox 422 2444 476 2490; x_wconf 87' lang='lat' dir='ltr'><strong>et</strong></span> <span class='ocrx_word' id='word_1_184' title='bbox 518 2428 795 2485; x_wconf 77' lang='lat' dir='ltr'><strong>ineffabilis</strong></span> <span class='ocrx_word' id='word_1_185' title='bbox 821 2426 902 2480; x_wconf 92' lang='lat' dir='ltr'><strong>vis</strong></span> <span class='ocrx_word' id='word_1_186' title='bbox 940 2424 1122 2495; x_wconf 67' lang='lat' dir='ltr'><strong>gratiae</strong></span> <span class='ocrx_word' id='word_1_187' title='bbox 1159 2435 1388 2492; x_wconf 86' lang='lat' dir='ltr'><strong>superne</strong></span> <span class='ocrx_word' id='word_1_188' title='bbox 1430 2420 1535 2474; x_wconf 91' lang='lat' dir='ltr'><strong>illis</strong></span> <span class='ocrx_word' id='word_1_189' title='bbox 1561 2418 1808 2481; x_wconf 65' lang='lat' dir='ltr'><strong>collatae;</strong></span> <span class='ocrx_word' id='word_1_190' title='bbox 1836 2416 2007 2470; x_wconf 80' lang='lat' dir='ltr'><strong>mani-</strong></span> 
     </span>
    </p>
   </div>
   <div class='ocr_carea' id='block_1_25' title="bbox 426 2507 2006 2576">
    <p class='ocr_par' dir='ltr' id='par_1_25' title="bbox 426 2507 2006 2576">
     <span class='ocr_line' id='line_1_25' title="bbox 426 2507 2006 2576; baseline -0.01 0"><span class='ocrx_word' id='word_1_191' title='bbox 426 2519 707 2576; x_wconf 85' lang='lat' dir='ltr'><strong>festissima</strong></span> <span class='ocrx_word' id='word_1_192' title='bbox 737 2514 1146 2572; x_wconf 87' lang='lat' dir='ltr'><strong>resurrectionis</strong></span> <span class='ocrx_word' id='word_1_193' title='bbox 1178 2510 1562 2568; x_wconf 82' lang='lat' dir='ltr'><strong>demonstratio</strong></span> <span class='ocrx_word' id='word_1_194' title='bbox 1591 2507 1726 2562; x_wconf 82' lang='lat' dir='ltr'><strong>beati</strong></span> <span class='ocrx_word' id='word_1_195' title='bbox 1771 2507 1911 2560; x_wconf 92' lang='lat' dir='ltr'><strong>illius</strong></span> <span class='ocrx_word' id='word_1_196' title='bbox 1953 2507 2006 2560; x_wconf 92' lang='lat' dir='ltr'><strong>in</strong></span> 
     </span>
    </p>
   </div>
   <div class='ocr_carea' id='block_1_26' title="bbox 427 2596 2003 2670">
    <p class='ocr_par' dir='ltr' id='par_1_26' title="bbox 427 2596 2003 2670">
     <span class='ocr_line' id='line_1_26' title="bbox 427 2596 2003 2670; baseline -0.011 -3"><span class='ocrx_word' id='word_1_197' title='bbox 427 2611 654 2667; x_wconf 88' lang='lat' dir='ltr'><strong>dicendo</strong></span> <span class='ocrx_word' id='word_1_198' title='bbox 689 2609 905 2664; x_wconf 84' lang='lat' dir='ltr'><strong>libertas</strong></span> <span class='ocrx_word' id='word_1_199' title='bbox 943 2604 1121 2661; x_wconf 92' lang='lat' dir='ltr'><strong>fuerit.</strong></span> <span class='ocrx_word' id='word_1_200' title='bbox 1153 2601 1307 2670; x_wconf 85' lang='lat' dir='ltr'><strong>Quod</strong></span> <span class='ocrx_word' id='word_1_201' title='bbox 1327 2601 1467 2655; x_wconf 91' lang='lat' dir='ltr'><strong>enim</strong></span> <span class='ocrx_word' id='word_1_202' title='bbox 1495 2598 1666 2667; x_wconf 86' lang='lat' dir='ltr'><strong>majus</strong></span> <span class='ocrx_word' id='word_1_203' title='bbox 1696 2596 2003 2650; x_wconf 85' lang='lat' dir='ltr'><strong>miraculum</strong></span> 
     </span>
    </p>
   </div>
   <div class='ocr_carea' id='block_1_27' title="bbox 429 2685 2004 2770">
    <p class='ocr_par' dir='ltr' id='par_1_27' title="bbox 429 2685 2004 2770">
     <span class='ocr_line' id='line_1_27' title="bbox 429 2685 2004 2770; baseline -0.011 -14"><span class='ocrx_word' id='word_1_204' title='bbox 429 2703 518 2756; x_wconf 91' lang='lat' dir='ltr'><strong>illo</strong></span> <span class='ocrx_word' id='word_1_205' title='bbox 538 2699 658 2770; x_wconf 90' lang='lat' dir='ltr'><strong>quis</strong></span> <span class='ocrx_word' id='word_1_206' title='bbox 698 2703 982 2767; x_wconf 57' lang='lat' dir='ltr'><strong>quareret,</strong></span> <span class='ocrx_word' id='word_1_207' title='bbox 1025 2708 1149 2747; x_wconf 91' lang='lat' dir='ltr'><strong>cum</strong></span> <span class='ocrx_word' id='word_1_208' title='bbox 1189 2691 1235 2745; x_wconf 90' lang='lat' dir='ltr'><strong>is</strong></span> <span class='ocrx_word' id='word_1_209' title='bbox 1276 2689 1369 2760; x_wconf 92' lang='lat' dir='ltr'><strong>qui</strong></span> <span class='ocrx_word' id='word_1_210' title='bbox 1419 2696 1541 2742; x_wconf 90' lang='lat' dir='ltr'><strong>ante</strong></span> <span class='ocrx_word' id='word_1_211' title='bbox 1588 2700 1799 2740; x_wconf 89' lang='lat' dir='ltr'><strong>crucem</strong></span> <span class='ocrx_word' id='word_1_212' title='bbox 1846 2685 2004 2740; x_wconf 89' lang='lat' dir='ltr'><strong>etiam</strong></span> 
     </span>
    </p>
   </div>
   <div class='ocr_carea' id='block_1_28' title="bbox 427 2775 2002 2861">
    <p class='ocr_par' dir='ltr' id='par_1_28' title="bbox 427 2775 2002 2861">
     <span class='ocr_line' id='line_1_28' title="bbox 427 2775 2002 2861; baseline -0.011 -16"><span class='ocrx_word' id='word_1_213' title='bbox 427 2790 647 2861; x_wconf 70' lang='lat' dir='ltr'><strong>objecta:</strong></span> <span class='ocrx_word' id='word_1_214' title='bbox 671 2787 860 2858; x_wconf 72' lang='lat' dir='ltr'><strong>puella:</strong></span> <span class='ocrx_word' id='word_1_215' title='bbox 903 2785 1073 2839; x_wconf 87' lang='lat' dir='ltr'><strong>minas</strong></span> <span class='ocrx_word' id='word_1_216' title='bbox 1097 2781 1236 2836; x_wconf 85' lang='lat' dir='ltr'><strong>ferre</strong></span> <span class='ocrx_word' id='word_1_217' title='bbox 1263 2793 1367 2835; x_wconf 90' lang='lat' dir='ltr'><strong>non</strong></span> <span class='ocrx_word' id='word_1_218' title='bbox 1389 2778 1579 2848; x_wconf 90' lang='lat' dir='ltr'><strong>potuit,</strong></span> <span class='ocrx_word' id='word_1_219' title='bbox 1603 2791 1743 2830; x_wconf 89' lang='lat' dir='ltr'><strong>nunc</strong></span> <span class='ocrx_word' id='word_1_220' title='bbox 1781 2775 1845 2829; x_wconf 89' lang='lat' dir='ltr'><strong>ad</strong></span> <span class='ocrx_word' id='word_1_221' title='bbox 1883 2791 2002 2832; x_wconf 91' lang='lat' dir='ltr'><strong>eum</strong></span> 
     </span>
    </p>
   </div>
   <div class='ocr_carea' id='block_1_29' title="bbox 429 2867 2010 2942">
    <p class='ocr_par' dir='ltr' id='par_1_29' title="bbox 429 2867 2010 2942">
     <span class='ocr_line' id='line_1_29' title="bbox 429 2867 2010 2942; baseline -0.01 -5"><span class='ocrx_word' id='word_1_222' title='bbox 429 2883 643 2938; x_wconf 84' lang='lat' dir='ltr'><strong>modum</strong></span> <span class='ocrx_word' id='word_1_223' title='bbox 670 2879 925 2934; x_wconf 87' lang='lat' dir='ltr'><strong>adversus</strong></span> <span class='ocrx_word' id='word_1_224' title='bbox 953 2875 1260 2931; x_wconf 68' lang='lat' dir='ltr'><strong>Judmornm</strong></span> <span class='ocrx_word' id='word_1_225' title='bbox 1309 2869 1560 2942; x_wconf 87' lang='lat' dir='ltr'><strong>populum</strong></span> <span class='ocrx_word' id='word_1_226' title='bbox 1614 2867 1858 2936; x_wconf 75' lang='lat' dir='ltr'><strong>insurgit,</strong></span> <span class='ocrx_word' id='word_1_227' title='bbox 1892 2875 2010 2921; x_wconf 87' lang='lat' dir='ltr'><strong>tan-</strong></span> 
     </span>
    </p>
   </div>
   <div class='ocr_carea' id='block_1_30' title="bbox 428 2965 2008 3043">
    <p class='ocr_par' dir='ltr' id='par_1_30' title="bbox 428 2965 2008 3043">
     <span class='ocr_line' id='line_1_30' title="bbox 428 2965 2008 3043; baseline -0.011 -15"><span class='ocrx_word' id='word_1_228' title='bbox 428 2983 585 3043; x_wconf 90' lang='lat' dir='ltr'><strong>taque</strong></span> <span class='ocrx_word' id='word_1_229' title='bbox 611 2970 820 3035; x_wconf 89' lang='lat' dir='ltr'><strong>fiducia,</strong></span> <span class='ocrx_word' id='word_1_230' title='bbox 847 2967 992 3022; x_wconf 90' lang='lat' dir='ltr'><strong>solus</strong></span> <span class='ocrx_word' id='word_1_231' title='bbox 1010 2979 1129 3021; x_wconf 87' lang='lat' dir='ltr'><strong>cum</strong></span> <span class='ocrx_word' id='word_1_232' title='bbox 1158 2971 1320 3026; x_wconf 91' lang='lat' dir='ltr'><strong>esset,</strong></span> <span class='ocrx_word' id='word_1_233' title='bbox 1347 2968 1528 3015; x_wconf 89' lang='lat' dir='ltr'><strong>contra</strong></span> <span class='ocrx_word' id='word_1_234' title='bbox 1552 2967 1770 3020; x_wconf 84' lang='lat' dir='ltr'><strong>tantam,</strong></span> <span class='ocrx_word' id='word_1_235' title='bbox 1795 2965 2008 3025; x_wconf 86' lang='lat' dir='ltr'><strong>tamque</strong></span> 
     </span>
    </p>
   </div>
   <div class='ocr_carea' id='block_1_31' title="bbox 429 3048 2008 3118">
    <p class='ocr_par' dir='ltr' id='par_1_31' title="bbox 429 3048 2008 3118">
     <span class='ocr_line' id='line_1_31' title="bbox 429 3048 2008 3118; baseline -0.011 -1"><span class='ocrx_word' id='word_1_236' title='bbox 429 3064 693 3118; x_wconf 85' lang='lat' dir='ltr'><strong>furentem</strong></span> <span class='ocrx_word' id='word_1_237' title='bbox 717 3057 1104 3114; x_wconf 89' lang='lat' dir='ltr'><strong>multitudinem</strong></span> <span class='ocrx_word' id='word_1_238' title='bbox 1125 3061 1228 3108; x_wconf 88' lang='lat' dir='ltr'><strong>stat</strong></span> <span class='ocrx_word' id='word_1_239' title='bbox 1252 3051 1526 3116; x_wconf 89' lang='lat' dir='ltr'><strong>adversus,</strong></span> <span class='ocrx_word' id='word_1_240' title='bbox 1549 3058 1602 3104; x_wconf 90' lang='lat' dir='ltr'><strong>et</strong></span> <span class='ocrx_word' id='word_1_241' title='bbox 1630 3048 1862 3118; x_wconf 87' lang='lat' dir='ltr'><strong>loquitur</strong></span> <span class='ocrx_word' id='word_1_242' title='bbox 1888 3059 2008 3116; x_wconf 68' lang='lat' dir='ltr'><strong>quas</strong></span> 
     </span>
    </p>
   </div>
   <div class='ocr_carea' id='block_1_32' title="bbox 432 3133 2004 3213">
    <p class='ocr_par' dir='ltr' id='par_1_32' title="bbox 432 3133 2004 3213">
     <span class='ocr_line' id='line_1_32' title="bbox 432 3133 2004 3213; baseline -0.011 -7"><span class='ocrx_word' id='word_1_243' title='bbox 432 3151 694 3208; x_wconf 85' lang='lat' dir='ltr'><strong>insaniam</strong></span> <span class='ocrx_word' id='word_1_244' title='bbox 721 3149 927 3203; x_wconf 89' lang='lat' dir='ltr'><strong>illorum</strong></span> <span class='ocrx_word' id='word_1_245' title='bbox 958 3143 1127 3213; x_wconf 87' lang='lat' dir='ltr'><strong>magis</strong></span> <span class='ocrx_word' id='word_1_246' title='bbox 1168 3154 1483 3210; x_wconf 82' lang='lat' dir='ltr'><strong>exasperare</strong></span> <span class='ocrx_word' id='word_1_247' title='bbox 1506 3137 1739 3208; x_wconf 85' lang='lat' dir='ltr'><strong>queant?</strong></span> <span class='ocrx_word' id='word_1_248' title='bbox 1784 3133 2004 3200; x_wconf 83' lang='lat' dir='ltr'><strong>Vidisti,</strong></span> 
     </span>
    </p>
   </div>
   <div class='ocr_carea' id='block_1_33' title="bbox 431 3227 2008 3309">
    <p class='ocr_par' dir='ltr' id='par_1_33' title="bbox 431 3227 2008 3309">
     <span class='ocr_line' id='line_1_33' title="bbox 431 3227 2008 3309; baseline -0.013 -9"><span class='ocrx_word' id='word_1_249' title='bbox 431 3243 656 3307; x_wconf 89' lang='lat' dir='ltr'><strong>dilecte,</strong></span> <span class='ocrx_word' id='word_1_250' title='bbox 687 3239 737 3294; x_wconf 90' lang='lat' dir='ltr'><strong>id</strong></span> <span class='ocrx_word' id='word_1_251' title='bbox 767 3237 907 3309; x_wconf 91' lang='lat' dir='ltr'><strong>quod</strong></span> <span class='ocrx_word' id='word_1_252' title='bbox 957 3236 1008 3290; x_wconf 93' lang='lat' dir='ltr'><strong>in</strong></span> <span class='ocrx_word' id='word_1_253' title='bbox 1051 3231 1314 3304; x_wconf 70' lang='lat' dir='ltr'><strong>prooemio</strong></span> <span class='ocrx_word' id='word_1_254' title='bbox 1357 3229 1618 3292; x_wconf 89' lang='lat' dir='ltr'><strong>dicebam,</strong></span> <span class='ocrx_word' id='word_1_255' title='bbox 1666 3227 1822 3282; x_wconf 89' lang='lat' dir='ltr'><strong>etiam</strong></span> <span class='ocrx_word' id='word_1_256' title='bbox 1868 3238 2008 3280; x_wconf 86' lang='lat' dir='ltr'><strong>nunc</strong></span> 
     </span>
    </p>
   </div>
   <div class='ocr_carea' id='block_1_34' title="bbox 430 3317 2005 3399">
    <p class='ocr_par' dir='ltr' id='par_1_34' title="bbox 430 3317 2005 3399">
     <span class='ocr_line' id='line_1_34' title="bbox 430 3317 2005 3399; baseline -0.015 -6"><span class='ocrx_word' id='word_1_257' title='bbox 430 3337 787 3392; x_wconf 85' lang='lat' dir='ltr'><strong>declaratum:</strong></span> <span class='ocrx_word' id='word_1_258' title='bbox 817 3329 967 3399; x_wconf 91' lang='lat' dir='ltr'><strong>Quod</strong></span> <span class='ocrx_word' id='word_1_259' title='bbox 990 3327 1034 3383; x_wconf 90' lang='lat' dir='ltr'><strong>si</strong></span> <span class='ocrx_word' id='word_1_260' title='bbox 1055 3327 1175 3397; x_wconf 88' lang='lat' dir='ltr'><strong>quis</strong></span> <span class='ocrx_word' id='word_1_261' title='bbox 1197 3339 1376 3379; x_wconf 91' lang='lat' dir='ltr'><strong>amore</strong></span> <span class='ocrx_word' id='word_1_262' title='bbox 1397 3322 1448 3376; x_wconf 89' lang='lat' dir='ltr'><strong>in</strong></span> <span class='ocrx_word' id='word_1_263' title='bbox 1474 3322 1640 3376; x_wconf 89' lang='lat' dir='ltr'><strong>Deum</strong></span> <span class='ocrx_word' id='word_1_264' title='bbox 1667 3317 2005 3383; x_wconf 77' lang='lat' dir='ltr'><strong>accendatur,</strong></span> 
     </span>
    </p>
   </div>
   <div class='ocr_carea' id='block_1_35' title="bbox 434 3411 2006 3496">
    <p class='ocr_par' dir='ltr' id='par_1_35' title="bbox 434 3411 2006 3496">
     <span class='ocr_line' id='line_1_35' title="bbox 434 3411 2006 3496; baseline -0.013 -12"><span class='ocrx_word' id='word_1_265' title='bbox 434 3444 538 3485; x_wconf 91' lang='lat' dir='ltr'><strong>non</strong></span> <span class='ocrx_word' id='word_1_266' title='bbox 581 3433 761 3496; x_wconf 88' lang='lat' dir='ltr'><strong>postea</strong></span> <span class='ocrx_word' id='word_1_267' title='bbox 811 3423 946 3478; x_wconf 89' lang='lat' dir='ltr'><strong>feret</strong></span> <span class='ocrx_word' id='word_1_268' title='bbox 970 3435 1030 3476; x_wconf 91' lang='lat' dir='ltr'><strong>ea</strong></span> <span class='ocrx_word' id='word_1_269' title='bbox 1055 3433 1174 3489; x_wconf 68' lang='lat' dir='ltr'><strong>qua:</strong></span> <span class='ocrx_word' id='word_1_270' title='bbox 1200 3415 1299 3470; x_wconf 88' lang='lat' dir='ltr'><strong>sub</strong></span> <span class='ocrx_word' id='word_1_271' title='bbox 1323 3426 1700 3484; x_wconf 86' lang='lat' dir='ltr'><strong>corporeorum</strong></span> <span class='ocrx_word' id='word_1_272' title='bbox 1731 3411 2006 3466; x_wconf 91' lang='lat' dir='ltr'><strong>oculorum</strong></span> 
     </span>
    </p>
   </div>
   <div class='ocr_carea' id='block_1_36' title="bbox 429 3498 2008 3587">
    <p class='ocr_par' dir='ltr' id='par_1_36' title="bbox 429 3498 2008 3587">
     <span class='ocr_line' id='line_1_36' title="bbox 429 3498 2008 3587; baseline -0.011 -14"><span class='ocrx_word' id='word_1_273' title='bbox 429 3527 698 3587; x_wconf 87' lang='lat' dir='ltr'><strong>aspectum</strong></span> <span class='ocrx_word' id='word_1_274' title='bbox 729 3511 960 3576; x_wconf 90' lang='lat' dir='ltr'><strong>cadunt;</strong></span> <span class='ocrx_word' id='word_1_275' title='bbox 1003 3507 1095 3564; x_wconf 90' lang='lat' dir='ltr'><strong>sed</strong></span> <span class='ocrx_word' id='word_1_276' title='bbox 1128 3506 1245 3560; x_wconf 90' lang='lat' dir='ltr'><strong>aliis</strong></span> <span class='ocrx_word' id='word_1_277' title='bbox 1287 3504 1576 3558; x_wconf 88' lang='lat' dir='ltr'><strong>instructus</strong></span> <span class='ocrx_word' id='word_1_278' title='bbox 1611 3500 1813 3566; x_wconf 89' lang='lat' dir='ltr'><strong>oculis,</strong></span> <span class='ocrx_word' id='word_1_279' title='bbox 1840 3498 2008 3555; x_wconf 81' lang='lat' dir='ltr'><strong>oculis</strong></span> 
     </span>
    </p>
   </div>
   <div class='ocr_carea' id='block_1_37' title="bbox 431 3589 2006 3678">
    <p class='ocr_par' dir='ltr' id='par_1_37' title="bbox 431 3589 2006 3678">
     <span class='ocr_line' id='line_1_37' title="bbox 431 3589 2006 3678; baseline -0.013 -16"><span class='ocrx_word' id='word_1_280' title='bbox 431 3608 642 3678; x_wconf 88' lang='lat' dir='ltr'><strong>inquam</strong></span> <span class='ocrx_word' id='word_1_281' title='bbox 671 3602 813 3668; x_wconf 90' lang='lat' dir='ltr'><strong>fidei,</strong></span> <span class='ocrx_word' id='word_1_282' title='bbox 847 3601 932 3656; x_wconf 91' lang='lat' dir='ltr'><strong>illa</strong></span> <span class='ocrx_word' id='word_1_283' title='bbox 962 3611 1172 3668; x_wconf 88' lang='lat' dir='ltr'><strong>semper</strong></span> <span class='ocrx_word' id='word_1_284' title='bbox 1195 3594 1517 3666; x_wconf 86' lang='lat' dir='ltr'><strong>speculatur,</strong></span> <span class='ocrx_word' id='word_1_285' title='bbox 1539 3600 1592 3648; x_wconf 90' lang='lat' dir='ltr'><strong>et</strong></span> <span class='ocrx_word' id='word_1_286' title='bbox 1632 3590 1697 3666; x_wconf 87' lang='lat' dir='ltr'><strong>ad</strong></span> <span class='ocrx_word' id='word_1_287' title='bbox 1736 3589 1824 3644; x_wconf 87' lang='lat' dir='ltr'><strong>illa</strong></span> <span class='ocrx_word' id='word_1_288' title='bbox 1854 3603 2006 3644; x_wconf 90' lang='lat' dir='ltr'><strong>men-</strong></span> 
     </span>
    </p>
   </div>
   <div class='ocr_carea' id='block_1_38' title="bbox 431 3683 2006 3754">
    <p class='ocr_par' dir='ltr' id='par_1_38' title="bbox 431 3683 2006 3754">
     <span class='ocr_line' id='line_1_38' title="bbox 431 3683 2006 3754; baseline -0.013 0"><span class='ocrx_word' id='word_1_289' title='bbox 431 3707 536 3754; x_wconf 89' lang='lat' dir='ltr'><strong>tem</strong></span> <span class='ocrx_word' id='word_1_290' title='bbox 562 3696 721 3750; x_wconf 80' lang='lat' dir='ltr'><strong>habet</strong></span> <span class='ocrx_word' id='word_1_291' title='bbox 749 3693 1026 3754; x_wconf 89' lang='lat' dir='ltr'><strong>intentam,</strong></span> <span class='ocrx_word' id='word_1_292' title='bbox 1057 3685 1440 3753; x_wconf 85' lang='lat' dir='ltr'><strong>ambulansque</strong></span> <span class='ocrx_word' id='word_1_293' title='bbox 1466 3683 1518 3737; x_wconf 91' lang='lat' dir='ltr'><strong>in</strong></span> <span class='ocrx_word' id='word_1_294' title='bbox 1556 3691 1718 3746; x_wconf 90' lang='lat' dir='ltr'><strong>terra,</strong></span> <span class='ocrx_word' id='word_1_295' title='bbox 1742 3688 2006 3749; x_wconf 86' lang='lat' dir='ltr'><strong>tamquam</strong></span> 
     </span>
    </p>
   </div>
   <div class='ocr_carea' id='block_1_39' title="bbox 434 3768 2008 3855">
    <p class='ocr_par' dir='ltr' id='par_1_39' title="bbox 434 3768 2008 3855">
     <span class='ocr_line' id='line_1_39' title="bbox 434 3768 2008 3855; baseline -0.013 -11"><span class='ocrx_word' id='word_1_296' title='bbox 434 3787 813 3855; x_wconf 86' lang='lat' dir='ltr'><strong>municipatum</strong></span> <span class='ocrx_word' id='word_1_297' title='bbox 844 3781 1044 3837; x_wconf 85' lang='lat' dir='ltr'><strong>habens</strong></span> <span class='ocrx_word' id='word_1_298' title='bbox 1071 3779 1124 3833; x_wconf 93' lang='lat' dir='ltr'><strong>in</strong></span> <span class='ocrx_word' id='word_1_299' title='bbox 1151 3776 1318 3839; x_wconf 80' lang='lat' dir='ltr'><strong>caelis,</strong></span> <span class='ocrx_word' id='word_1_300' title='bbox 1357 3775 1427 3828; x_wconf 91' lang='lat' dir='ltr'><strong>ita</strong></span> <span class='ocrx_word' id='word_1_301' title='bbox 1463 3771 1642 3828; x_wconf 89' lang='lat' dir='ltr'><strong>omnia</strong></span> <span class='ocrx_word' id='word_1_302' title='bbox 1686 3768 1812 3840; x_wconf 85' lang='lat' dir='ltr'><strong>agit,</strong></span> <span class='ocrx_word' id='word_1_303' title='bbox 1845 3768 2008 3823; x_wconf 91' lang='lat' dir='ltr'><strong>nullis</strong></span> 
     </span>
    </p>
   </div>
   <div class='ocr_carea' id='block_1_40' title="bbox 439 3858 2010 3944">
    <p class='ocr_par' dir='ltr' id='par_1_40' title="bbox 439 3858 2010 3944">
     <span class='ocr_line' id='line_1_40' title="bbox 439 3858 2010 3944; baseline -0.015 -10"><span class='ocrx_word' id='word_1_304' title='bbox 439 3877 680 3934; x_wconf 89' lang='lat' dir='ltr'><strong>humanis</strong></span> <span class='ocrx_word' id='word_1_305' title='bbox 705 3872 1019 3944; x_wconf 83' lang='lat' dir='ltr'><strong>praepeditus</strong></span> <span class='ocrx_word' id='word_1_306' title='bbox 1044 3885 1074 3923; x_wconf 92' lang='lat' dir='ltr'><strong>a</strong></span> <span class='ocrx_word' id='word_1_307' title='bbox 1116 3867 1326 3922; x_wconf 89' lang='lat' dir='ltr'><strong>virtutis</strong></span> <span class='ocrx_word' id='word_1_308' title='bbox 1374 3879 1552 3920; x_wconf 88' lang='lat' dir='ltr'><strong>cursu.</strong></span> <span class='ocrx_word' id='word_1_309' title='bbox 1583 3862 1714 3916; x_wconf 86' lang='lat' dir='ltr'><strong>Nam</strong></span> <span class='ocrx_word' id='word_1_310' title='bbox 1761 3860 1849 3930; x_wconf 90' lang='lat' dir='ltr'><strong>qui</strong></span> <span class='ocrx_word' id='word_1_311' title='bbox 1890 3858 2010 3913; x_wconf 88' lang='lat' dir='ltr'><strong>talis</strong></span> 
     </span>
    </p>
   </div>
   <div class='ocr_carea' id='block_1_41' title="bbox 433 3949 2006 4037">
    <p class='ocr_par' dir='ltr' id='par_1_41' title="bbox 433 3949 2006 4037">
     <span class='ocr_line' id='line_1_41' title="bbox 433 3949 2006 4037; baseline -0.013 -13"><span class='ocrx_word' id='word_1_312' title='bbox 433 3978 536 4033; x_wconf 82' lang='lat' dir='ltr'><strong>est,</strong></span> <span class='ocrx_word' id='word_1_313' title='bbox 572 3980 690 4037; x_wconf 29' lang='lat' dir='ltr'><strong>non-</strong></span> <span class='ocrx_word' id='word_1_314' title='bbox 717 3963 940 4034; x_wconf 88' lang='lat' dir='ltr'><strong>posthac</strong></span> <span class='ocrx_word' id='word_1_315' title='bbox 987 3959 1206 4030; x_wconf 89' lang='lat' dir='ltr'><strong>respicit</strong></span> <span class='ocrx_word' id='word_1_316' title='bbox 1249 3956 1314 4011; x_wconf 90' lang='lat' dir='ltr'><strong>ad</strong></span> <span class='ocrx_word' id='word_1_317' title='bbox 1359 3951 1633 4025; x_wconf 82' lang='lat' dir='ltr'><strong>splendida</strong></span> <span class='ocrx_word' id='word_1_318' title='bbox 1665 3949 1824 4019; x_wconf 88' lang='lat' dir='ltr'><strong>hujus</strong></span> <span class='ocrx_word' id='word_1_319' title='bbox 1850 3949 2006 4015; x_wconf 71' lang='lat' dir='ltr'><strong>vitae,</strong></span> 
     </span>
    </p>
   </div>
   <div class='ocr_carea' id='block_1_42' title="bbox 436 4037 2007 4128">
    <p class='ocr_par' dir='ltr' id='par_1_42' title="bbox 436 4037 2007 4128">
     <span class='ocr_line' id='line_1_42' title="bbox 436 4037 2007 4128; baseline -0.015 -14"><span class='ocrx_word' id='word_1_320' title='bbox 436 4072 610 4128; x_wconf 85' lang='lat' dir='ltr'><strong>neque</strong></span> <span class='ocrx_word' id='word_1_321' title='bbox 633 4055 697 4110; x_wconf 92' lang='lat' dir='ltr'><strong>ad</strong></span> <span class='ocrx_word' id='word_1_322' title='bbox 727 4054 858 4110; x_wconf 86' lang='lat' dir='ltr'><strong>dura</strong></span> <span class='ocrx_word' id='word_1_323' title='bbox 883 4059 937 4106; x_wconf 87' lang='lat' dir='ltr'><strong>et</strong></span> <span class='ocrx_word' id='word_1_324' title='bbox 963 4063 1172 4118; x_wconf 88' lang='lat' dir='ltr'><strong>aspera,</strong></span> <span class='ocrx_word' id='word_1_325' title='bbox 1201 4045 1296 4102; x_wconf 85' lang='lat' dir='ltr'><strong>sed</strong></span> <span class='ocrx_word' id='word_1_326' title='bbox 1317 4044 1494 4100; x_wconf 90' lang='lat' dir='ltr'><strong>omnia</strong></span> <span class='ocrx_word' id='word_1_327' title='bbox 1520 4041 1606 4096; x_wconf 89' lang='lat' dir='ltr'><strong>illa</strong></span> <span class='ocrx_word' id='word_1_328' title='bbox 1629 4037 2007 4111; x_wconf 75' lang='lat' dir='ltr'><strong>przetercurrit,</strong></span> 
     </span>
    </p>
   </div>
   <div class='ocr_carea' id='block_1_43' title="bbox 433 4126 2010 4217">
    <p class='ocr_par' dir='ltr' id='par_1_43' title="bbox 433 4126 2010 4217">
     <span class='ocr_line' id='line_1_43' title="bbox 433 4126 2010 4217; baseline -0.015 -14"><span class='ocrx_word' id='word_1_329' title='bbox 433 4150 500 4203; x_wconf 87' lang='lat' dir='ltr'><strong>ad</strong></span> <span class='ocrx_word' id='word_1_330' title='bbox 527 4126 754 4217; x_wconf 80' lang='lat' dir='ltr'><strong>patriam</strong></span> <span class='ocrx_word' id='word_1_331' title='bbox 785 4156 932 4197; x_wconf 88' lang='lat' dir='ltr'><strong>suam</strong></span> <span class='ocrx_word' id='word_1_332' title='bbox 977 4139 1248 4194; x_wconf 79' lang='lat' dir='ltr'><strong>festinans.</strong></span> <span class='ocrx_word' id='word_1_333' title='bbox 1297 4134 1362 4189; x_wconf 89' lang='lat' dir='ltr'><strong>Et</strong></span> <span class='ocrx_word' id='word_1_334' title='bbox 1400 4133 1535 4187; x_wconf 89' lang='lat' dir='ltr'><strong>sicut</strong></span> <span class='ocrx_word' id='word_1_335' title='bbox 1559 4130 1646 4200; x_wconf 89' lang='lat' dir='ltr'><strong>qui</strong></span> <span class='ocrx_word' id='word_1_336' title='bbox 1680 4126 2010 4198; x_wconf 88' lang='lat' dir='ltr'><strong>corporalem</strong></span> 
     </span>
    </p>
   </div>
   <div class='ocr_carea' id='block_1_44' title="bbox 436 4217 2011 4298">
    <p class='ocr_par' dir='ltr' id='par_1_44' title="bbox 436 4217 2011 4298">
     <span class='ocr_line' id='line_1_44' title="bbox 436 4217 2011 4298; baseline -0.013 -5"><span class='ocrx_word' id='word_1_337' title='bbox 436 4239 576 4293; x_wconf 86' lang='lat' dir='ltr'><strong>hunc</strong></span> <span class='ocrx_word' id='word_1_338' title='bbox 627 4248 839 4292; x_wconf 91' lang='lat' dir='ltr'><strong>cursum</strong></span> <span class='ocrx_word' id='word_1_339' title='bbox 893 4244 1078 4298; x_wconf 86' lang='lat' dir='ltr'><strong>magna</strong></span> <span class='ocrx_word' id='word_1_340' title='bbox 1127 4225 1466 4281; x_wconf 87' lang='lat' dir='ltr'><strong>contentione</strong></span> <span class='ocrx_word' id='word_1_341' title='bbox 1515 4220 1745 4290; x_wconf 80' lang='lat' dir='ltr'><strong>peragit,</strong></span> <span class='ocrx_word' id='word_1_342' title='bbox 1807 4217 2011 4272; x_wconf 90' lang='lat' dir='ltr'><strong>nullum</strong></span> 
     </span>
    </p>
   </div>
   <div class='ocr_carea' id='block_1_45' title="bbox 437 4305 2009 4383">
    <p class='ocr_par' dir='ltr' id='par_1_45' title="bbox 437 4305 2009 4383">
     <span class='ocr_line' id='line_1_45' title="bbox 437 4305 2009 4383; baseline -0.012 -4"><span class='ocrx_word' id='word_1_343' title='bbox 437 4323 829 4380; x_wconf 83' lang='lat' dir='ltr'><strong>occurrentium</strong></span> <span class='ocrx_word' id='word_1_344' title='bbox 855 4321 869 4351; x_wconf 86' lang='grc'>¹</span> <span class='ocrx_word' id='word_1_345' title='bbox 898 4318 1060 4383; x_wconf 78' lang='lat' dir='ltr'><strong>videt,</strong></span> <span class='ocrx_word' id='word_1_346' title='bbox 1091 4314 1297 4370; x_wconf 86' lang='lat' dir='ltr'><strong>etiamsi</strong></span> <span class='ocrx_word' id='word_1_347' title='bbox 1325 4311 1517 4380; x_wconf 70' lang='lat' dir='ltr'><strong>sarpius</strong></span> <span class='ocrx_word' id='word_1_348' title='bbox 1538 4311 1592 4365; x_wconf 93' lang='lat' dir='ltr'><strong>in</strong></span> <span class='ocrx_word' id='word_1_349' title='bbox 1622 4309 1767 4363; x_wconf 89' lang='lat' dir='ltr'><strong>illum</strong></span> <span class='ocrx_word' id='word_1_350' title='bbox 1793 4305 2009 4374; x_wconf 90' lang='lat' dir='ltr'><strong>incidat,</strong></span> 
     </span>
    </p>
   </div>
   <div class='ocr_carea' id='block_1_46' title="bbox 438 4398 2010 4471">
    <p class='ocr_par' dir='ltr' id='par_1_46' title="bbox 438 4398 2010 4471">
     <span class='ocr_line' id='line_1_46' title="bbox 438 4398 2010 4471; baseline -0.013 0"><span class='ocrx_word' id='word_1_351' title='bbox 438 4417 532 4471; x_wconf 71' lang='lat' dir='ltr'><strong>sed</strong></span> <span class='ocrx_word' id='word_1_352' title='bbox 562 4415 740 4466; x_wconf 91' lang='lat' dir='ltr'><strong>animo</strong></span> <span class='ocrx_word' id='word_1_353' title='bbox 781 4411 845 4464; x_wconf 84' lang='lat' dir='ltr'><strong>ad</strong></span> <span class='ocrx_word' id='word_1_354' title='bbox 873 4423 1083 4464; x_wconf 87' lang='lat' dir='ltr'><strong>cursum</strong></span> <span class='ocrx_word' id='word_1_355' title='bbox 1115 4407 1318 4460; x_wconf 89' lang='lat' dir='ltr'><strong>intento</strong></span> <span class='ocrx_word' id='word_1_356' title='bbox 1371 4402 1526 4456; x_wconf 90' lang='lat' dir='ltr'><strong>facile</strong></span> <span class='ocrx_word' id='word_1_357' title='bbox 1565 4401 1743 4456; x_wconf 89' lang='lat' dir='ltr'><strong>omnia</strong></span> <span class='ocrx_word' id='word_1_358' title='bbox 1787 4398 2010 4466; x_wconf 89' lang='lat' dir='ltr'><strong>transit,</strong></span> 
     </span>
    </p>
   </div>
   <div class='ocr_carea' id='block_1_47' title="bbox 442 4487 2012 4562">
    <p class='ocr_par' dir='ltr' id='par_1_47' title="bbox 442 4487 2012 4562">
     <span class='ocr_line' id='line_1_47' title="bbox 442 4487 2012 4562; baseline -0.01 -5"><span class='ocrx_word' id='word_1_359' title='bbox 442 4503 698 4558; x_wconf 78' lang='lat' dir='ltr'><strong>festinans</strong></span> <span class='ocrx_word' id='word_1_360' title='bbox 723 4499 789 4554; x_wconf 88' lang='lat' dir='ltr'><strong>ad</strong></span> <span class='ocrx_word' id='word_1_361' title='bbox 824 4498 1140 4553; x_wconf 88' lang='lat' dir='ltr'><strong>destinatum</strong></span> <span class='ocrx_word' id='word_1_362' title='bbox 1171 4509 1426 4562; x_wconf 88' lang='lat' dir='ltr'><strong>scopum:</strong></span> <span class='ocrx_word' id='word_1_363' title='bbox 1458 4490 1645 4546; x_wconf 87' lang='lat' dir='ltr'><strong>eodem</strong></span> <span class='ocrx_word' id='word_1_364' title='bbox 1693 4489 1872 4556; x_wconf 90' lang='lat' dir='ltr'><strong>modo,</strong></span> <span class='ocrx_word' id='word_1_365' title='bbox 1921 4487 2012 4558; x_wconf 90' lang='lat' dir='ltr'><strong>qui</strong></span> 
     </span>
    </p>
   </div>
   <div class='ocr_carea' id='block_1_48' title="bbox 440 4576 2011 4657">
    <p class='ocr_par' dir='ltr' id='par_1_48' title="bbox 440 4576 2011 4657">
     <span class='ocr_line' id='line_1_48' title="bbox 440 4576 2011 4657; baseline -0.01 -10"><span class='ocrx_word' id='word_1_366' title='bbox 440 4607 654 4648; x_wconf 91' lang='lat' dir='ltr'><strong>cursum</strong></span> <span class='ocrx_word' id='word_1_367' title='bbox 681 4590 888 4645; x_wconf 90' lang='lat' dir='ltr'><strong>virtutis</strong></span> <span class='ocrx_word' id='word_1_368' title='bbox 915 4600 1165 4657; x_wconf 81' lang='lat' dir='ltr'><strong>peragere</strong></span> <span class='ocrx_word' id='word_1_369' title='bbox 1193 4583 1426 4649; x_wconf 86' lang='lat' dir='ltr'><strong>festinat,</strong></span> <span class='ocrx_word' id='word_1_370' title='bbox 1447 4589 1501 4636; x_wconf 91' lang='lat' dir='ltr'><strong>et</strong></span> <span class='ocrx_word' id='word_1_371' title='bbox 1518 4595 1548 4634; x_wconf 85' lang='lat' dir='ltr'><strong>a</strong></span> <span class='ocrx_word' id='word_1_372' title='bbox 1579 4588 1718 4634; x_wconf 88' lang='lat' dir='ltr'><strong>terra</strong></span> <span class='ocrx_word' id='word_1_373' title='bbox 1747 4577 1800 4633; x_wconf 89' lang='lat' dir='ltr'><strong>in</strong></span> <span class='ocrx_word' id='word_1_374' title='bbox 1821 4576 2011 4632; x_wconf 67' lang='lat' dir='ltr'><strong>caelum</strong></span> 
     </span>
    </p>
   </div>
   <div class='ocr_carea' id='block_1_49' title="bbox 441 4667 2014 4745">
    <p class='ocr_par' dir='ltr' id='par_1_49' title="bbox 441 4667 2014 4745">
     <span class='ocr_line' id='line_1_49' title="bbox 441 4667 2014 4745; baseline -0.012 -6"><span class='ocrx_word' id='word_1_375' title='bbox 441 4681 730 4738; x_wconf 86' lang='lat' dir='ltr'><strong>ascendere</strong></span> <span class='ocrx_word' id='word_1_376' title='bbox 772 4675 1115 4745; x_wconf 73' lang='lat' dir='ltr'><strong>concupisrit,</strong></span> <span class='ocrx_word' id='word_1_377' title='bbox 1145 4672 1321 4729; x_wconf 90' lang='lat' dir='ltr'><strong>omnia</strong></span> <span class='ocrx_word' id='word_1_378' title='bbox 1349 4685 1468 4740; x_wconf 63' lang='lat' dir='ltr'><strong>quae</strong></span> <span class='ocrx_word' id='word_1_379' title='bbox 1496 4668 1738 4725; x_wconf 83' lang='lat' dir='ltr'><strong>videntur</strong></span> <span class='ocrx_word' id='word_1_380' title='bbox 1764 4667 2014 4723; x_wconf 88' lang='lat' dir='ltr'><strong>deorsum</strong></span> 
     </span>
    </p>
   </div>
   <div class='ocr_carea' id='block_1_50' title="bbox 441 4753 2015 4842">
    <p class='ocr_par' dir='ltr' id='par_1_50' title="bbox 441 4753 2015 4842">
     <span class='ocr_line' id='line_1_50' title="bbox 441 4753 2015 4842; baseline -0.012 -14"><span class='ocrx_word' id='word_1_381' title='bbox 441 4773 708 4842; x_wconf 86' lang='lat' dir='ltr'><strong>relinquit,</strong></span> <span class='ocrx_word' id='word_1_382' title='bbox 737 4781 790 4825; x_wconf 92' lang='lat' dir='ltr'><strong>et</strong></span> <span class='ocrx_word' id='word_1_383' title='bbox 818 4777 981 4824; x_wconf 89' lang='lat' dir='ltr'><strong>totum</strong></span> <span class='ocrx_word' id='word_1_384' title='bbox 1008 4781 1066 4820; x_wconf 89' lang='lat' dir='ltr'><strong>se</strong></span> <span class='ocrx_word' id='word_1_385' title='bbox 1095 4761 1271 4820; x_wconf 87' lang='lat' dir='ltr'><strong>cursui</strong></span> <span class='ocrx_word' id='word_1_386' title='bbox 1299 4761 1465 4828; x_wconf 91' lang='lat' dir='ltr'><strong>dedit,</strong></span> <span class='ocrx_word' id='word_1_387' title='bbox 1515 4773 1688 4828; x_wconf 90' lang='lat' dir='ltr'><strong>neque</strong></span> <span class='ocrx_word' id='word_1_388' title='bbox 1715 4757 1862 4827; x_wconf 89' lang='lat' dir='ltr'><strong>prius</strong></span> <span class='ocrx_word' id='word_1_389' title='bbox 1885 4753 2015 4811; x_wconf 90' lang='lat' dir='ltr'><strong>sub-</strong></span> 
     </span>
    </p>
   </div>
   <div class='ocr_carea' id='block_1_51' title="bbox 443 4844 2014 4930">
    <p class='ocr_par' dir='ltr' id='par_1_51' title="bbox 443 4844 2014 4930">
     <span class='ocr_line' id='line_1_51' title="bbox 443 4844 2014 4930; baseline -0.013 -12"><span class='ocrx_word' id='word_1_390' title='bbox 443 4865 600 4926; x_wconf 77' lang='lat' dir='ltr'><strong>sistit,</strong></span> <span class='ocrx_word' id='word_1_391' title='bbox 632 4875 803 4930; x_wconf 84' lang='lat' dir='ltr'><strong>neque</strong></span> <span class='ocrx_word' id='word_1_392' title='bbox 831 4875 859 4912; x_wconf 90' lang='lat' dir='ltr'><strong>a</strong></span> <span class='ocrx_word' id='word_1_393' title='bbox 886 4855 1075 4915; x_wconf 82' lang='lat' dir='ltr'><strong>visibili</strong></span> <span class='ocrx_word' id='word_1_394' title='bbox 1101 4853 1347 4924; x_wconf 89' lang='lat' dir='ltr'><strong>quapiam</strong></span> <span class='ocrx_word' id='word_1_395' title='bbox 1374 4867 1434 4906; x_wconf 89' lang='lat' dir='ltr'><strong>re</strong></span> <span class='ocrx_word' id='word_1_396' title='bbox 1457 4849 1743 4914; x_wconf 89' lang='lat' dir='ltr'><strong>detinetur,</strong></span> <span class='ocrx_word' id='word_1_397' title='bbox 1764 4847 1935 4902; x_wconf 89' lang='lat' dir='ltr'><strong>donec</strong></span> <span class='ocrx_word' id='word_1_398' title='bbox 1960 4844 2014 4898; x_wconf 90' lang='lat' dir='ltr'><strong>in</strong></span> 
     </span>
    </p>
   </div>
   <div class='ocr_carea' id='block_1_52' title="bbox 445 4936 2018 5016">
    <p class='ocr_par' dir='ltr' id='par_1_52' title="bbox 445 4936 2018 5016">
     <span class='ocr_line' id='line_1_52' title="bbox 445 4936 2018 5016; baseline -0.011 -8"><span class='ocrx_word' id='word_1_399' title='bbox 445 4953 696 5008; x_wconf 85' lang='lat' dir='ltr'><strong>verticem</strong></span> <span class='ocrx_word' id='word_1_400' title='bbox 746 4947 1036 5005; x_wconf 82' lang='lat' dir='ltr'><strong>ascendere</strong></span> <span class='ocrx_word' id='word_1_401' title='bbox 1061 4945 1313 5016; x_wconf 81' lang='lat' dir='ltr'><strong>patuerit.</strong></span> <span class='ocrx_word' id='word_1_402' title='bbox 1344 4943 1406 4997; x_wconf 85' lang='lat' dir='ltr'><strong>Ei</strong></span> <span class='ocrx_word' id='word_1_403' title='bbox 1431 4943 1570 4997; x_wconf 92' lang='lat' dir='ltr'><strong>enim</strong></span> <span class='ocrx_word' id='word_1_404' title='bbox 1592 4939 1780 5010; x_wconf 88' lang='lat' dir='ltr'><strong>quisic</strong></span> <span class='ocrx_word' id='word_1_405' title='bbox 1799 4936 2018 4992; x_wconf 76' lang='grc'><strong>01100108</strong></span> 
     </span>
    </p>
   </div>
   <div class='ocr_carea' id='block_1_53' title="bbox 442 5025 2017 5109">
    <p class='ocr_par' dir='ltr' id='par_1_53' title="bbox 442 5025 2017 5109">
     <span class='ocr_line' id='line_1_53' title="bbox 442 5025 2017 5109; baseline -0.014 -9"><span class='ocrx_word' id='word_1_406' title='bbox 442 5054 545 5108; x_wconf 84' lang='grc'><strong>081,</strong></span> <span class='ocrx_word' id='word_1_407' title='bbox 571 5042 729 5097; x_wconf 91' lang='lat' dir='ltr'><strong>etiam</strong></span> <span class='ocrx_word' id='word_1_408' title='bbox 775 5055 893 5109; x_wconf 76' lang='lat' dir='ltr'><strong>qua:</strong></span> <span class='ocrx_word' id='word_1_409' title='bbox 934 5037 1179 5091; x_wconf 80' lang='lat' dir='ltr'><strong>videntur</strong></span> <span class='ocrx_word' id='word_1_410' title='bbox 1214 5049 1334 5088; x_wconf 84' lang='lat' dir='ltr'><strong>esse</strong></span> <span class='ocrx_word' id='word_1_411' title='bbox 1377 5031 1632 5087; x_wconf 87' lang='lat' dir='ltr'><strong>terribilia</strong></span> <span class='ocrx_word' id='word_1_412' title='bbox 1671 5029 1724 5082; x_wconf 93' lang='grc'><strong>10</strong></span> <span class='ocrx_word' id='word_1_413' title='bbox 1769 5025 2017 5097; x_wconf 62' lang='lat' dir='ltr'><strong>praesenti</strong></span> 
     </span>
    </p>
   </div>
   <div class='ocr_carea' id='block_1_54' title="bbox 445 5121 2020 5199">
    <p class='ocr_par' dir='ltr' id='par_1_54' title="bbox 445 5121 2020 5199">
     <span class='ocr_line' id='line_1_54' title="bbox 445 5121 2020 5199; baseline -0.009 -13"><span class='ocrx_word' id='word_1_414' title='bbox 445 5138 584 5197; x_wconf 85' lang='lat' dir='ltr'><strong>vita,</strong></span> <span class='ocrx_word' id='word_1_415' title='bbox 629 5129 1044 5199; x_wconf 81' lang='lat' dir='ltr'><strong>contetnptibilia</strong></span> <span class='ocrx_word' id='word_1_416' title='bbox 1088 5127 1340 5180; x_wconf 81' lang='lat' dir='ltr'><strong>fiuntzet</strong></span> <span class='ocrx_word' id='word_1_417' title='bbox 1384 5123 1472 5192; x_wconf 89' lang='lat' dir='ltr'><strong>qui</strong></span> <span class='ocrx_word' id='word_1_418' title='bbox 1516 5121 1635 5175; x_wconf 87' lang='lat' dir='ltr'><strong>talis</strong></span> <span class='ocrx_word' id='word_1_419' title='bbox 1687 5126 1800 5182; x_wconf 88' lang='lat' dir='ltr'><strong>est,</strong></span> <span class='ocrx_word' id='word_1_420' title='bbox 1846 5130 2020 5185; x_wconf 87' lang='lat' dir='ltr'><strong>neque</strong></span> 
     </span>
    </p>
   </div>
   <div class='ocr_carea' id='block_1_55' title="bbox 444 5208 2020 5294">
    <p class='ocr_par' dir='ltr' id='par_1_55' title="bbox 444 5208 2020 5294">
     <span class='ocr_line' id='line_1_55' title="bbox 444 5208 2020 5294; baseline -0.013 -15"><span class='ocrx_word' id='word_1_421' title='bbox 444 5223 672 5294; x_wconf 80' lang='lat' dir='ltr'><strong>gladium</strong></span> <span class='ocrx_word' id='word_1_422' title='bbox 706 5223 874 5284; x_wconf 89' lang='lat' dir='ltr'><strong>timet,</strong></span> <span class='ocrx_word' id='word_1_423' title='bbox 929 5232 1102 5287; x_wconf 87' lang='lat' dir='ltr'><strong>neque</strong></span> <span class='ocrx_word' id='word_1_424' title='bbox 1148 5213 1517 5284; x_wconf 74' lang='lat' dir='ltr'><strong>prtecipitium,</strong></span> <span class='ocrx_word' id='word_1_425' title='bbox 1569 5224 1741 5279; x_wconf 86' lang='lat' dir='ltr'><strong>neque</strong></span> <span class='ocrx_word' id='word_1_426' title='bbox 1789 5208 2020 5263; x_wconf 85' lang='lat' dir='ltr'><strong>ferarum</strong></span> 
     </span>
    </p>
   </div>
   <div class='ocr_carea' id='block_1_56' title="bbox 445 5305 2023 5383">
    <p class='ocr_par' dir='ltr' id='par_1_56' title="bbox 445 5305 2023 5383">
     <span class='ocr_line' id='line_1_56' title="bbox 445 5305 2023 5383; baseline -0.011 -12"><span class='ocrx_word' id='word_1_427' title='bbox 445 5319 652 5380; x_wconf 87' lang='lat' dir='ltr'><strong>dentes,</strong></span> <span class='ocrx_word' id='word_1_428' title='bbox 685 5329 854 5383; x_wconf 87' lang='lat' dir='ltr'><strong>neque</strong></span> <span class='ocrx_word' id='word_1_429' title='bbox 877 5319 1159 5375; x_wconf 87' lang='lat' dir='ltr'><strong>tormenta,</strong></span> <span class='ocrx_word' id='word_1_430' title='bbox 1179 5322 1349 5376; x_wconf 89' lang='lat' dir='ltr'><strong>neque</strong></span> <span class='ocrx_word' id='word_1_431' title='bbox 1364 5305 1604 5359; x_wconf 86' lang='lat' dir='ltr'><strong>lictorum</strong></span> <span class='ocrx_word' id='word_1_432' title='bbox 1623 5315 1830 5365; x_wconf 84' lang='lat' dir='ltr'><strong>manus,</strong></span> <span class='ocrx_word' id='word_1_433' title='bbox 1851 5313 2023 5368; x_wconf 85' lang='lat' dir='ltr'><strong>neque</strong></span> 
     </span>
    </p>
   </div>
   <div class='ocr_carea' id='block_1_57' title="bbox 447 5388 2024 5477">
    <p class='ocr_par' dir='ltr' id='par_1_57' title="bbox 447 5388 2024 5477">
     <span class='ocr_line' id='line_1_57' title="bbox 447 5388 2024 5477; baseline -0.01 -19"><span class='ocrx_word' id='word_1_434' title='bbox 447 5406 644 5477; x_wconf 89' lang='lat' dir='ltr'><strong>aliquid</strong></span> <span class='ocrx_word' id='word_1_435' title='bbox 673 5405 823 5458; x_wconf 87' lang='lat' dir='ltr'><strong>triste</strong></span> <span class='ocrx_word' id='word_1_436' title='bbox 869 5403 919 5455; x_wconf 89' lang='lat' dir='ltr'><strong>in</strong></span> <span class='ocrx_word' id='word_1_437' title='bbox 947 5402 1046 5455; x_wconf 91' lang='lat' dir='ltr'><strong>hac</strong></span> <span class='ocrx_word' id='word_1_438' title='bbox 1075 5401 1179 5452; x_wconf 91' lang='lat' dir='ltr'><strong>vita</strong></span> <span class='ocrx_word' id='word_1_439' title='bbox 1215 5416 1228 5452; x_wconf 92' lang='lat'>:</span> <span class='ocrx_word' id='word_1_440' title='bbox 1260 5394 1353 5450; x_wconf 86' lang='lat' dir='ltr'><strong>sed</strong></span> <span class='ocrx_word' id='word_1_441' title='bbox 1401 5403 1456 5448; x_wconf 91' lang='lat' dir='ltr'><strong>et</strong></span> <span class='ocrx_word' id='word_1_442' title='bbox 1493 5393 1536 5446; x_wconf 91' lang='lat' dir='ltr'><strong>si</strong></span> <span class='ocrx_word' id='word_1_443' title='bbox 1565 5391 1820 5463; x_wconf 78' lang='lat' dir='ltr'><strong>carbones</strong></span> <span class='ocrx_word' id='word_1_444' title='bbox 1849 5388 2024 5443; x_wconf 85' lang='lat' dir='ltr'><strong>videat</strong></span> 
     </span>
    </p>
   </div>
   <div class='ocr_carea' id='block_1_58' title="bbox 450 5482 2018 5564">
    <p class='ocr_par' dir='ltr' id='par_1_58' title="bbox 450 5482 2018 5564">
     <span class='ocr_line' id='line_1_58' title="bbox 450 5482 2018 5564; baseline -0.012 -14"><span class='ocrx_word' id='word_1_445' title='bbox 450 5501 764 5559; x_wconf 79' lang='lat' dir='ltr'><strong>substratus,</strong></span> <span class='ocrx_word' id='word_1_446' title='bbox 795 5495 941 5564; x_wconf 90' lang='lat' dir='ltr'><strong>quasi</strong></span> <span class='ocrx_word' id='word_1_447' title='bbox 972 5501 1117 5560; x_wconf 86' lang='lat' dir='ltr'><strong>prata</strong></span> <span class='ocrx_word' id='word_1_448' title='bbox 1153 5499 1208 5544; x_wconf 85' lang='lat' dir='ltr'><strong>et</strong></span> <span class='ocrx_word' id='word_1_449' title='bbox 1248 5486 1520 5556; x_wconf 88' lang='lat' dir='ltr'><strong>paradisos</strong></span> <span class='ocrx_word' id='word_1_450' title='bbox 1549 5484 1733 5538; x_wconf 86' lang='lat' dir='ltr'><strong>videns</strong></span> <span class='ocrx_word' id='word_1_451' title='bbox 1763 5482 2018 5545; x_wconf 86' lang='lat' dir='ltr'><strong>transilit;</strong></span> 
     </span>
    </p>
   </div>
   <div class='ocr_carea' id='block_1_59' title="bbox 451 5572 2025 5654">
    <p class='ocr_par' dir='ltr' id='par_1_59' title="bbox 451 5572 2025 5654">
     <span class='ocr_line' id='line_1_59' title="bbox 451 5572 2025 5654; baseline -0.011 -13"><span class='ocrx_word' id='word_1_452' title='bbox 451 5597 504 5640; x_wconf 88' lang='lat' dir='ltr'><strong>ct</strong></span> <span class='ocrx_word' id='word_1_453' title='bbox 529 5589 569 5640; x_wconf 77' lang='lat' dir='ltr'><strong>si</strong></span> <span class='ocrx_word' id='word_1_454' title='bbox 603 5587 759 5640; x_wconf 85' lang='lat' dir='ltr'><strong>aliam</strong></span> <span class='ocrx_word' id='word_1_455' title='bbox 788 5583 1068 5654; x_wconf 87' lang='lat' dir='ltr'><strong>quamdam</strong></span> <span class='ocrx_word' id='word_1_456' title='bbox 1095 5587 1483 5634; x_wconf 79' lang='lat' dir='ltr'><strong>tormentorum</strong></span> <span class='ocrx_word' id='word_1_457' title='bbox 1507 5573 1739 5645; x_wconf 81' lang='lat' dir='ltr'><strong>Speciem</strong></span> <span class='ocrx_word' id='word_1_458' title='bbox 1777 5572 2025 5628; x_wconf 82' lang='lat' dir='ltr'><strong>intentari</strong></span> 
     </span>
    </p>
   </div>
   <div class='ocr_carea' id='block_1_60' title="bbox 515 5727 1679 5795">
    <p class='ocr_par' dir='ltr' id='par_1_60' title="bbox 515 5727 1679 5795">
     <span class='ocr_line' id='line_1_60' title="bbox 515 5727 1679 5795; baseline -0.008 -11"><span class='ocrx_word' id='word_1_459' title='bbox 515 5738 532 5769; x_wconf 77' lang='grc'>¹</span> <span class='ocrx_word' id='word_1_460' title='bbox 567 5743 774 5792; x_wconf 85' lang='lat' dir='ltr'><strong>Quatuor</strong></span> <span class='ocrx_word' id='word_1_461' title='bbox 796 5741 922 5793; x_wconf 69' lang='lat' dir='ltr'><strong>uss,</strong></span> <span class='ocrx_word' id='word_1_462' title='bbox 947 5731 1173 5795; x_wconf 84' lang='lat' dir='ltr'><strong>omnium,</strong></span> <span class='ocrx_word' id='word_1_463' title='bbox 1193 5743 1297 5794; x_wconf 84' lang='lat' dir='ltr'><strong>pro,</strong></span> <span class='ocrx_word' id='word_1_464' title='bbox 1315 5727 1679 5781; x_wconf 82' lang='lat' dir='ltr'><strong>occurrentium.</strong></span> 
     </span>
    </p>
   </div>
   <div class='ocr_carea' id='block_1_61' title="bbox 1125 303 2946 367">
    <p class='ocr_par' dir='ltr' id='par_1_61' title="bbox 1125 303 2946 367">
     <span class='ocr_line' id='line_1_61' title="bbox 1125 303 2946 367; baseline -0.004 0"><span class='ocrx_word' id='word_1_465' title='bbox 1125 312 1183 367; x_wconf 92' lang='lat' dir='ltr'><strong>S.</strong></span> <span class='ocrx_word' id='word_1_466' title='bbox 1224 309 1503 367; x_wconf 82' lang='lat' dir='ltr'><strong>JOANNIS</strong></span> <span class='ocrx_word' id='word_1_467' title='bbox 1539 304 2017 365; x_wconf 68' lang='lat' dir='ltr'><strong>CHRYSOSTOMI</strong></span> <span class='ocrx_word' id='word_1_468' title='bbox 2058 303 2373 362; x_wconf 80' lang='lat' dir='ltr'><strong>ARCHIEP.</strong></span> <span class='ocrx_word' id='word_1_469' title='bbox 2413 305 2946 363; x_wconf 72' lang='lat' dir='ltr'><strong>CONSTANTINOP.</strong></span> 
     </span>
    </p>
   </div>
   <div class='ocr_carea' id='block_1_62' title="bbox 3572 307 3676 365">
    <p class='ocr_par' dir='ltr' id='par_1_62' title="bbox 3572 307 3676 365">
     <span class='ocr_line' id='line_1_62' title="bbox 3572 307 3676 365; baseline 0.029 -3"><span class='ocrx_word' id='word_1_470' title='bbox 3572 307 3676 365; x_wconf 70' lang='lat'><strong>260</strong></span> 
     </span>
    </p>
   </div>
   <div class='ocr_carea' id='block_1_63' title="bbox 2107 420 3678 491">
    <p class='ocr_par' dir='ltr' id='par_1_63' title="bbox 2107 420 3678 491">
     <span class='ocr_line' id='line_1_63' title="bbox 2107 420 3678 491; baseline 0.007 -21"><span class='ocrx_word' id='word_1_471' title='bbox 2107 420 2298 480; x_wconf 84' lang='lat' dir='ltr'><strong>videat.</strong></span> <span class='ocrx_word' id='word_1_472' title='bbox 2330 435 2432 474; x_wconf 93' lang='lat' dir='ltr'><strong>non</strong></span> <span class='ocrx_word' id='word_1_473' title='bbox 2492 420 2666 476; x_wconf 89' lang='lat' dir='ltr'><strong>deficit</strong></span> <span class='ocrx_word' id='word_1_474' title='bbox 2708 421 2773 475; x_wconf 89' lang='lat' dir='ltr'><strong>ad</strong></span> <span class='ocrx_word' id='word_1_475' title='bbox 2820 431 3114 490; x_wconf 87' lang='lat' dir='ltr'><strong>aspectum,</strong></span> <span class='ocrx_word' id='word_1_476' title='bbox 3157 434 3333 491; x_wconf 84' lang='lat' dir='ltr'><strong>neque</strong></span> <span class='ocrx_word' id='word_1_477' title='bbox 3379 438 3678 481; x_wconf 87' lang='lat' dir='ltr'><strong>aversatur.</strong></span> 
     </span>
    </p>
   </div>
   <div class='ocr_carea' id='block_1_64' title="bbox 2106 510 3678 584">
    <p class='ocr_par' dir='ltr' id='par_1_64' title="bbox 2106 510 3678 584">
     <span class='ocr_line' id='line_1_64' title="bbox 2106 510 3678 584; baseline 0.003 -20"><span class='ocrx_word' id='word_1_478' title='bbox 2106 510 2433 566; x_wconf 79' lang='lat' dir='ltr'><strong>Desiderium</strong></span> <span class='ocrx_word' id='word_1_479' title='bbox 2455 513 2596 567; x_wconf 87' lang='lat' dir='ltr'><strong>enim</strong></span> <span class='ocrx_word' id='word_1_480' title='bbox 2624 513 2917 567; x_wconf 90' lang='lat' dir='ltr'><strong>futurorum</strong></span> <span class='ocrx_word' id='word_1_481' title='bbox 2940 525 3173 570; x_wconf 86' lang='lat' dir='ltr'><strong>mentem</strong></span> <span class='ocrx_word' id='word_1_482' title='bbox 3201 515 3364 584; x_wconf 86' lang='lat' dir='ltr'><strong>ipsius</strong></span> <span class='ocrx_word' id='word_1_483' title='bbox 3386 519 3678 582; x_wconf 84' lang='lat' dir='ltr'><strong>transtulit,</strong></span> 
     </span>
    </p>
   </div>
   <div class='ocr_carea' id='block_1_65' title="bbox 2104 601 3681 672">
    <p class='ocr_par' dir='ltr' id='par_1_65' title="bbox 2104 601 3681 672">
     <span class='ocr_line' id='line_1_65' title="bbox 2104 601 3681 672; baseline 0.004 -17"><span class='ocrx_word' id='word_1_484' title='bbox 2104 611 2156 655; x_wconf 90' lang='lat' dir='ltr'><strong>et</strong></span> <span class='ocrx_word' id='word_1_485' title='bbox 2184 601 2330 669; x_wconf 90' lang='lat' dir='ltr'><strong>quasi</strong></span> <span class='ocrx_word' id='word_1_486' title='bbox 2370 601 2561 655; x_wconf 89' lang='lat' dir='ltr'><strong>frustra</strong></span> <span class='ocrx_word' id='word_1_487' title='bbox 2587 617 2810 672; x_wconf 83' lang='lat' dir='ltr'><strong>corpore</strong></span> <span class='ocrx_word' id='word_1_488' title='bbox 2837 604 3083 670; x_wconf 88' lang='lat' dir='ltr'><strong>amictus,</strong></span> <span class='ocrx_word' id='word_1_489' title='bbox 3115 604 3183 659; x_wconf 91' lang='lat' dir='ltr'><strong>ita</strong></span> <span class='ocrx_word' id='word_1_490' title='bbox 3219 605 3528 661; x_wconf 74' lang='lat' dir='ltr'><strong>affectiones</strong></span> <span class='ocrx_word' id='word_1_491' title='bbox 3554 621 3681 662; x_wconf 86' lang='lat' dir='ltr'><strong>suas</strong></span> 
     </span>
    </p>
   </div>
   <div class='ocr_carea' id='block_1_66' title="bbox 2105 694 3682 768">
    <p class='ocr_par' dir='ltr' id='par_1_66' title="bbox 2105 694 3682 768">
     <span class='ocr_line' id='line_1_66' title="bbox 2105 694 3682 768; baseline 0.006 -22"><span class='ocrx_word' id='word_1_492' title='bbox 2105 694 2428 760; x_wconf 86' lang='lat' dir='ltr'><strong>moderatur,</strong></span> <span class='ocrx_word' id='word_1_493' title='bbox 2461 704 2515 749; x_wconf 90' lang='lat' dir='ltr'><strong>et</strong></span> <span class='ocrx_word' id='word_1_494' title='bbox 2543 710 2764 764; x_wconf 86' lang='lat' dir='ltr'><strong>superna</strong></span> <span class='ocrx_word' id='word_1_495' title='bbox 2804 696 2971 766; x_wconf 87' lang='lat' dir='ltr'><strong>gratia</strong></span> <span class='ocrx_word' id='word_1_496' title='bbox 3001 696 3234 752; x_wconf 87' lang='lat' dir='ltr'><strong>munitus</strong></span> <span class='ocrx_word' id='word_1_497' title='bbox 3263 699 3498 768; x_wconf 79' lang='lat' dir='ltr'><strong>corporis</strong></span> <span class='ocrx_word' id='word_1_498' title='bbox 3528 699 3682 755; x_wconf 83' lang='lat' dir='ltr'><strong>dolo-</strong></span> 
     </span>
    </p>
   </div>
   <div class='ocr_carea' id='block_1_67' title="bbox 2103 783 2724 854">
    <p class='ocr_par' dir='ltr' id='par_1_67' title="bbox 2103 783 2724 854">
     <span class='ocr_line' id='line_1_67' title="bbox 2103 783 2724 854; baseline 0.002 -18"><span class='ocrx_word' id='word_1_499' title='bbox 2103 797 2190 837; x_wconf 89' lang='lat' dir='ltr'><strong>res</strong></span> <span class='ocrx_word' id='word_1_500' title='bbox 2218 798 2284 838; x_wconf 92' lang='lat' dir='ltr'><strong>ne</strong></span> <span class='ocrx_word' id='word_1_501' title='bbox 2309 783 2467 838; x_wconf 89' lang='lat' dir='ltr'><strong>sentit</strong></span> <span class='ocrx_word' id='word_1_502' title='bbox 2491 785 2724 854; x_wconf 91' lang='lat' dir='ltr'><strong>quidem.</strong></span> 
     </span>
    </p>
   </div>
   <div class='ocr_carea' id='block_1_68' title="bbox 2175 872 3681 946">
    <p class='ocr_par' dir='ltr' id='par_1_68' title="bbox 2175 872 3681 946">
     <span class='ocr_line' id='line_1_68' title="bbox 2175 872 3681 946; baseline 0.008 -22"><span class='ocrx_word' id='word_1_503' title='bbox 2175 872 2488 927; x_wconf 81' lang='lat' dir='ltr'><strong>Adhortatur</strong></span> <span class='ocrx_word' id='word_1_504' title='bbox 2511 875 2578 926; x_wconf 83' lang='lat' dir='ltr'><strong>ad</strong></span> <span class='ocrx_word' id='word_1_505' title='bbox 2606 891 2827 928; x_wconf 85' lang='lat' dir='ltr'><strong>amarent</strong></span> <span class='ocrx_word' id='word_1_506' title='bbox 2855 891 2975 946; x_wconf 86' lang='lat' dir='ltr'><strong>erga</strong></span> <span class='ocrx_word' id='word_1_507' title='bbox 3001 875 3184 932; x_wconf 88' lang='lat' dir='ltr'><strong>Deum.</strong></span> <span class='ocrx_word' id='word_1_508' title='bbox 3203 907 3274 917; x_wconf 91' lang='lat'><strong>—</strong></span> <span class='ocrx_word' id='word_1_509' title='bbox 3296 878 3551 946; x_wconf 75' lang='lat' dir='ltr'><strong>Quomrca</strong></span> <span class='ocrx_word' id='word_1_510' title='bbox 3580 881 3681 935; x_wconf 86' lang='lat' dir='ltr'><strong>ob-</strong></span> 
     </span>
    </p>
   </div>
   <div class='ocr_carea' id='block_1_69' title="bbox 2105 964 3672 1038">
    <p class='ocr_par' dir='ltr' id='par_1_69' title="bbox 2105 964 3672 1038">
     <span class='ocr_line' id='line_1_69' title="bbox 2105 964 3672 1038; baseline 0.004 -21"><span class='ocrx_word' id='word_1_511' title='bbox 2105 977 2276 1027; x_wconf 88' lang='lat' dir='ltr'><strong>secro,</strong></span> <span class='ocrx_word' id='word_1_512' title='bbox 2309 972 2360 1018; x_wconf 94' lang='lat' dir='ltr'><strong>ut</strong></span> <span class='ocrx_word' id='word_1_513' title='bbox 2388 978 2493 1034; x_wconf 92' lang='lat' dir='ltr'><strong>quo</strong></span> <span class='ocrx_word' id='word_1_514' title='bbox 2520 964 2670 1019; x_wconf 83' lang='lat' dir='ltr'><strong>facile</strong></span> <span class='ocrx_word' id='word_1_515' title='bbox 2696 965 2904 1020; x_wconf 90' lang='lat' dir='ltr'><strong>virtutis</strong></span> <span class='ocrx_word' id='word_1_516' title='bbox 2951 965 3159 1022; x_wconf 91' lang='lat' dir='ltr'><strong>labores</strong></span> <span class='ocrx_word' id='word_1_517' title='bbox 3189 967 3324 1024; x_wconf 88' lang='lat' dir='ltr'><strong>ferre</strong></span> <span class='ocrx_word' id='word_1_518' title='bbox 3361 970 3626 1038; x_wconf 88' lang='lat' dir='ltr'><strong>possimus</strong></span> <span class='ocrx_word' id='word_1_519' title='bbox 3652 1010 3672 1037; x_wconf 91' lang='lat'><strong>,</strong></span> 
     </span>
    </p>
   </div>
   <div class='ocr_carea' id='block_1_70' title="bbox 2106 1048 3772 1128">
    <p class='ocr_par' dir='ltr' id='par_1_70' title="bbox 2106 1048 3772 1128">
     <span class='ocr_line' id='line_1_70' title="bbox 2106 1048 3772 1128; baseline 0.006 -21"><span class='ocrx_word' id='word_1_520' title='bbox 2106 1068 2353 1124; x_wconf 84' lang='lat' dir='ltr'><strong>magnum</strong></span> <span class='ocrx_word' id='word_1_521' title='bbox 2382 1054 2670 1110; x_wconf 90' lang='lat' dir='ltr'><strong>habeamus</strong></span> <span class='ocrx_word' id='word_1_522' title='bbox 2701 1056 2752 1110; x_wconf 93' lang='lat' dir='ltr'><strong>in</strong></span> <span class='ocrx_word' id='word_1_523' title='bbox 2790 1056 2954 1112; x_wconf 90' lang='lat' dir='ltr'><strong>Deum</strong></span> <span class='ocrx_word' id='word_1_524' title='bbox 2983 1072 3218 1114; x_wconf 90' lang='lat' dir='ltr'><strong>amorem</strong></span> <span class='ocrx_word' id='word_1_525' title='bbox 3249 1069 3303 1114; x_wconf 92' lang='lat' dir='ltr'><strong>et</strong></span> <span class='ocrx_word' id='word_1_526' title='bbox 3330 1061 3680 1128; x_wconf 87' lang='lat' dir='ltr'><strong>desiderium,</strong></span> <span class='ocrx_word' id='word_1_527' title='bbox 3755 1048 3772 1062; x_wconf 79' lang='grc'><em>’</em></span> 
     </span>
    </p>
   </div>
   <div class='ocr_carea' id='block_1_71' title="bbox 2107 1146 3686 1221">
    <p class='ocr_par' dir='ltr' id='par_1_71' title="bbox 2107 1146 3686 1221">
     <span class='ocr_line' id='line_1_71' title="bbox 2107 1146 3686 1221; baseline 0.007 -21"><span class='ocrx_word' id='word_1_528' title='bbox 2107 1152 2163 1200; x_wconf 90' lang='grc'><strong>01</strong></span> <span class='ocrx_word' id='word_1_529' title='bbox 2188 1146 2310 1200; x_wconf 88' lang='grc'><strong>11100</strong></span> <span class='ocrx_word' id='word_1_530' title='bbox 2336 1155 2514 1202; x_wconf 89' lang='lat' dir='ltr'><strong>mente</strong></span> <span class='ocrx_word' id='word_1_531' title='bbox 2557 1155 2736 1202; x_wconf 88' lang='lat' dir='ltr'><strong>nostra</strong></span> <span class='ocrx_word' id='word_1_532' title='bbox 2767 1148 2985 1214; x_wconf 88' lang='lat' dir='ltr'><strong>intenta,</strong></span> <span class='ocrx_word' id='word_1_533' title='bbox 3022 1164 3051 1202; x_wconf 88' lang='lat' dir='ltr'><strong>a</strong></span> <span class='ocrx_word' id='word_1_534' title='bbox 3097 1150 3240 1204; x_wconf 91' lang='lat' dir='ltr'><strong>nulla</strong></span> <span class='ocrx_word' id='word_1_535' title='bbox 3285 1168 3340 1206; x_wconf 86' lang='lat' dir='ltr'><strong>re</strong></span> <span class='ocrx_word' id='word_1_536' title='bbox 3378 1153 3532 1221; x_wconf 84' lang='lat' dir='ltr'><strong>hujus</strong></span> <span class='ocrx_word' id='word_1_537' title='bbox 3559 1155 3686 1211; x_wconf 75' lang='lat' dir='ltr'><strong>vita:</strong></span> 
     </span>
    </p>
   </div>
   <div class='ocr_carea' id='block_1_72' title="bbox 2106 1237 3682 1308">
    <p class='ocr_par' dir='ltr' id='par_1_72' title="bbox 2106 1237 3682 1308">
     <span class='ocr_line' id='line_1_72' title="bbox 2106 1237 3682 1308; baseline 0.005 -17"><span class='ocrx_word' id='word_1_538' title='bbox 2106 1237 2765 1308; x_wconf 84' lang='lat' dir='ltr'><strong>supplantemnrin_eursu</strong></span> <span class='ocrx_word' id='word_1_539' title='bbox 2795 1240 2905 1305; x_wconf 91' lang='grc'><strong>1110,</strong></span> <span class='ocrx_word' id='word_1_540' title='bbox 2951 1240 3045 1295; x_wconf 90' lang='lat' dir='ltr'><strong>sed</strong></span> <span class='ocrx_word' id='word_1_541' title='bbox 3081 1241 3374 1297; x_wconf 89' lang='lat' dir='ltr'><strong>futurorum</strong></span> <span class='ocrx_word' id='word_1_542' title='bbox 3421 1245 3682 1299; x_wconf 90' lang='lat' dir='ltr'><strong>bonorum</strong></span> 
     </span>
    </p>
   </div>
   <div class='ocr_carea' id='block_1_73' title="bbox 2108 1326 3690 1402">
    <p class='ocr_par' dir='ltr' id='par_1_73' title="bbox 2108 1326 3690 1402">
     <span class='ocr_line' id='line_1_73' title="bbox 2108 1326 3690 1402; baseline 0.006 -21"><span class='ocrx_word' id='word_1_543' title='bbox 2108 1326 2410 1383; x_wconf 90' lang='lat' dir='ltr'><strong>fruitionem</strong></span> <span class='ocrx_word' id='word_1_544' title='bbox 2462 1329 2715 1384; x_wconf 90' lang='lat' dir='ltr'><strong>continuo</strong></span> <span class='ocrx_word' id='word_1_545' title='bbox 2763 1331 3075 1400; x_wconf 75' lang='lat' dir='ltr'><strong>cogitantes,</strong></span> <span class='ocrx_word' id='word_1_546' title='bbox 3117 1346 3303 1387; x_wconf 89' lang='lat' dir='ltr'><strong>omnes</strong></span> <span class='ocrx_word' id='word_1_547' title='bbox 3352 1333 3506 1402; x_wconf 81' lang='lat' dir='ltr'><strong>lntjns</strong></span> <span class='ocrx_word' id='word_1_548' title='bbox 3559 1336 3690 1390; x_wconf 68' lang='lat' dir='ltr'><strong>vita:</strong></span> 
     </span>
    </p>
   </div>
   <div class='ocr_carea' id='block_1_74' title="bbox 2086 1420 3687 1493">
    <p class='ocr_par' dir='ltr' id='par_1_74' title="bbox 2086 1420 3687 1493">
     <span class='ocr_line' id='line_1_74' title="bbox 2086 1420 3687 1493; baseline 0.006 -19"><span class='ocrx_word' id='word_1_549' title='bbox 2086 1420 2379 1476; x_wconf 89' lang='lat' dir='ltr'><strong>molestias</strong></span> <span class='ocrx_word' id='word_1_550' title='bbox 2407 1433 2681 1477; x_wconf 86' lang='lat' dir='ltr'><strong>mansuete</strong></span> <span class='ocrx_word' id='word_1_551' title='bbox 2707 1421 2956 1486; x_wconf 90' lang='lat' dir='ltr'><strong>feramus,</strong></span> <span class='ocrx_word' id='word_1_552' title='bbox 2982 1431 3038 1478; x_wconf 90' lang='lat' dir='ltr'><strong>et</strong></span> <span class='ocrx_word' id='word_1_553' title='bbox 3057 1438 3229 1493; x_wconf 86' lang='lat' dir='ltr'><strong>neque</strong></span> <span class='ocrx_word' id='word_1_554' title='bbox 3259 1424 3541 1493; x_wconf 84' lang='lat' dir='ltr'><strong>ignominia</strong></span> <span class='ocrx_word' id='word_1_555' title='bbox 3584 1442 3687 1483; x_wconf 88' lang='lat' dir='ltr'><strong>nos</strong></span> 
     </span>
    </p>
   </div>
   <div class='ocr_carea' id='block_1_75' title="bbox 2107 1514 3687 1587">
    <p class='ocr_par' dir='ltr' id='par_1_75' title="bbox 2107 1514 3687 1587">
     <span class='ocr_line' id='line_1_75' title="bbox 2107 1514 3687 1587; baseline 0.003 -18"><span class='ocrx_word' id='word_1_556' title='bbox 2107 1515 2399 1578; x_wconf 75' lang='lat' dir='ltr'><strong>contristet,</strong></span> <span class='ocrx_word' id='word_1_557' title='bbox 2425 1528 2595 1585; x_wconf 90' lang='lat' dir='ltr'><strong>neque</strong></span> <span class='ocrx_word' id='word_1_558' title='bbox 2619 1514 2792 1584; x_wconf 90' lang='lat' dir='ltr'><strong>inopia</strong></span> <span class='ocrx_word' id='word_1_559' title='bbox 2817 1523 3020 1584; x_wconf 86' lang='lat' dir='ltr'><strong>gravet,</strong></span> <span class='ocrx_word' id='word_1_560' title='bbox 3068 1531 3238 1585; x_wconf 87' lang='lat' dir='ltr'><strong>neque</strong></span> <span class='ocrx_word' id='word_1_561' title='bbox 3258 1517 3470 1572; x_wconf 87' lang='lat' dir='ltr'><strong>morbus</strong></span> <span class='ocrx_word' id='word_1_562' title='bbox 3494 1533 3687 1587; x_wconf 74' lang='lat' dir='ltr'><strong>corpo-</strong></span> 
     </span>
    </p>
   </div>
   <div class='ocr_carea' id='block_1_76' title="bbox 2107 1603 3684 1674">
    <p class='ocr_par' dir='ltr' id='par_1_76' title="bbox 2107 1603 3684 1674">
     <span class='ocr_line' id='line_1_76' title="bbox 2107 1603 3684 1674; baseline 0.001 -16"><span class='ocrx_word' id='word_1_563' title='bbox 2107 1603 2181 1658; x_wconf 88' lang='lat' dir='ltr'><strong>ris</strong></span> <span class='ocrx_word' id='word_1_564' title='bbox 2206 1604 2400 1659; x_wconf 90' lang='lat' dir='ltr'><strong>meutis</strong></span> <span class='ocrx_word' id='word_1_565' title='bbox 2425 1617 2638 1658; x_wconf 89' lang='lat' dir='ltr'><strong>sensum</strong></span> <span class='ocrx_word' id='word_1_566' title='bbox 2666 1604 2924 1670; x_wconf 89' lang='lat' dir='ltr'><strong>emolliat,</strong></span> <span class='ocrx_word' id='word_1_567' title='bbox 2977 1619 3148 1674; x_wconf 90' lang='lat' dir='ltr'><strong>neque</strong></span> <span class='ocrx_word' id='word_1_568' title='bbox 3193 1605 3333 1674; x_wconf 93' lang='lat' dir='ltr'><strong>quod</strong></span> <span class='ocrx_word' id='word_1_569' title='bbox 3369 1617 3684 1661; x_wconf 86' lang='lat' dir='ltr'><strong>contemna-</strong></span> 
     </span>
    </p>
   </div>
   <div class='ocr_carea' id='block_1_77' title="bbox 2107 1693 3684 1767">
    <p class='ocr_par' dir='ltr' id='par_1_77' title="bbox 2107 1693 3684 1767">
     <span class='ocr_line' id='line_1_77' title="bbox 2107 1693 3684 1767; baseline 0.002 -18"><span class='ocrx_word' id='word_1_570' title='bbox 2107 1709 2228 1749; x_wconf 89' lang='lat' dir='ltr'><strong>mur</strong></span> <span class='ocrx_word' id='word_1_571' title='bbox 2250 1694 2706 1766; x_wconf 89' lang='lat' dir='ltr'><strong>despiciamurque</strong></span> <span class='ocrx_word' id='word_1_572' title='bbox 2731 1695 2799 1750; x_wconf 90' lang='lat' dir='ltr'><strong>ab</strong></span> <span class='ocrx_word' id='word_1_573' title='bbox 2836 1693 3108 1750; x_wconf 88' lang='lat' dir='ltr'><strong>hominum</strong></span> <span class='ocrx_word' id='word_1_574' title='bbox 3132 1697 3304 1758; x_wconf 88' lang='lat' dir='ltr'><strong>turba.</strong></span> <span class='ocrx_word' id='word_1_575' title='bbox 3334 1697 3384 1752; x_wconf 94' lang='lat' dir='ltr'><strong>id</strong></span> <span class='ocrx_word' id='word_1_576' title='bbox 3412 1698 3684 1767; x_wconf 81' lang='lat' dir='ltr'><strong>segniores</strong></span> 
     </span>
    </p>
   </div>
   <div class='ocr_carea' id='block_1_78' title="bbox 2109 1785 3685 1858">
    <p class='ocr_par' dir='ltr' id='par_1_78' title="bbox 2109 1785 3685 1858">
     <span class='ocr_line' id='line_1_78' title="bbox 2109 1785 3685 1858; baseline 0.001 -17"><span class='ocrx_word' id='word_1_577' title='bbox 2109 1801 2206 1842; x_wconf 91' lang='lat' dir='ltr'><strong>nos</strong></span> <span class='ocrx_word' id='word_1_578' title='bbox 2235 1785 2390 1841; x_wconf 87' lang='lat' dir='ltr'><strong>faciat</strong></span> <span class='ocrx_word' id='word_1_579' title='bbox 2415 1787 2467 1840; x_wconf 91' lang='lat' dir='ltr'><strong>in</strong></span> <span class='ocrx_word' id='word_1_580' title='bbox 2492 1787 2704 1843; x_wconf 89' lang='lat' dir='ltr'><strong>virtutis</strong></span> <span class='ocrx_word' id='word_1_581' title='bbox 2729 1785 2904 1841; x_wconf 88' lang='lat' dir='ltr'><strong>studio</strong></span> <span class='ocrx_word' id='word_1_582' title='bbox 2932 1803 2946 1840; x_wconf 89' lang='lat'><strong>:</strong></span> <span class='ocrx_word' id='word_1_583' title='bbox 2978 1785 3073 1842; x_wconf 90' lang='lat' dir='ltr'><strong>sed</strong></span> <span class='ocrx_word' id='word_1_584' title='bbox 3123 1787 3369 1842; x_wconf 90' lang='lat' dir='ltr'><strong>omnibus</strong></span> <span class='ocrx_word' id='word_1_585' title='bbox 3407 1787 3504 1855; x_wconf 90' lang='lat' dir='ltr'><strong>iis,</strong></span> <span class='ocrx_word' id='word_1_586' title='bbox 3531 1789 3685 1858; x_wconf 86' lang='lat' dir='ltr'><strong>quasi</strong></span> 
     </span>
    </p>
   </div>
   <div class='ocr_carea' id='block_1_79' title="bbox 2110 1878 3686 1950">
    <p class='ocr_par' dir='ltr' id='par_1_79' title="bbox 2110 1878 3686 1950">
     <span class='ocr_line' id='line_1_79' title="bbox 2110 1878 3686 1950; baseline 0.002 -17"><span class='ocrx_word' id='word_1_587' title='bbox 2110 1878 2280 1948; x_wconf 88' lang='lat' dir='ltr'><strong>pulvis</strong></span> <span class='ocrx_word' id='word_1_588' title='bbox 2323 1887 2537 1944; x_wconf 90' lang='lat' dir='ltr'><strong>essent,</strong></span> <span class='ocrx_word' id='word_1_589' title='bbox 2585 1878 2843 1945; x_wconf 82' lang='lat' dir='ltr'><strong>excussis,</strong></span> <span class='ocrx_word' id='word_1_590' title='bbox 2893 1887 3271 1950; x_wconf 87' lang='lat' dir='ltr'><strong>assumptoque</strong></span> <span class='ocrx_word' id='word_1_591' title='bbox 3323 1894 3582 1948; x_wconf 87' lang='lat' dir='ltr'><strong>generoso</strong></span> <span class='ocrx_word' id='word_1_592' title='bbox 3629 1892 3686 1936; x_wconf 90' lang='lat' dir='ltr'><strong>et</strong></span> 
     </span>
    </p>
   </div>
   <div class='ocr_carea' id='block_1_80' title="bbox 2109 1969 3685 2040">
    <p class='ocr_par' dir='ltr' id='par_1_80' title="bbox 2109 1969 3685 2040">
     <span class='ocr_line' id='line_1_80' title="bbox 2109 1969 3685 2040; baseline 0.001 -16"><span class='ocrx_word' id='word_1_593' title='bbox 2109 1969 2320 2025; x_wconf 91' lang='lat' dir='ltr'><strong>sublimi</strong></span> <span class='ocrx_word' id='word_1_594' title='bbox 2347 1969 2554 2040; x_wconf 90' lang='lat' dir='ltr'><strong>spiritu,</strong></span> <span class='ocrx_word' id='word_1_595' title='bbox 2582 1984 2828 2040; x_wconf 89' lang='lat' dir='ltr'><strong>magnum</strong></span> <span class='ocrx_word' id='word_1_596' title='bbox 2851 1985 2946 2040; x_wconf 90' lang='lat' dir='ltr'><strong>per</strong></span> <span class='ocrx_word' id='word_1_597' title='bbox 2970 1971 3144 2025; x_wconf 89' lang='lat' dir='ltr'><strong>omnia</strong></span> <span class='ocrx_word' id='word_1_598' title='bbox 3173 1970 3488 2025; x_wconf 84' lang='lat' dir='ltr'><strong>fortitudinis</strong></span> <span class='ocrx_word' id='word_1_599' title='bbox 3509 1973 3685 2039; x_wconf 87' lang='lat' dir='ltr'><strong>speci-</strong></span> 
     </span>
    </p>
   </div>
   <div class='ocr_carea' id='block_1_81' title="bbox 2111 2060 3688 2128">
    <p class='ocr_par' dir='ltr' id='par_1_81' title="bbox 2111 2060 3688 2128">
     <span class='ocr_line' id='line_1_81' title="bbox 2111 2060 3688 2128; baseline 0.001 -12"><span class='ocrx_word' id='word_1_600' title='bbox 2111 2075 2232 2116; x_wconf 90' lang='lat' dir='ltr'><strong>men</strong></span> <span class='ocrx_word' id='word_1_601' title='bbox 2270 2060 2635 2128; x_wconf 78' lang='lat' dir='ltr'><strong>eshibeamus,</strong></span> <span class='ocrx_word' id='word_1_602' title='bbox 2684 2071 2738 2117; x_wconf 90' lang='lat' dir='ltr'><strong>et</strong></span> <span class='ocrx_word' id='word_1_603' title='bbox 2794 2061 2932 2116; x_wconf 88' lang='lat' dir='ltr'><strong>sicut</strong></span> <span class='ocrx_word' id='word_1_604' title='bbox 2976 2061 3090 2116; x_wconf 91' lang='lat' dir='ltr'><strong>heri</strong></span> <span class='ocrx_word' id='word_1_605' title='bbox 3139 2071 3370 2116; x_wconf 89' lang='lat' dir='ltr'><strong>vestram</strong></span> <span class='ocrx_word' id='word_1_606' title='bbox 3412 2064 3688 2118; x_wconf 69' lang='lat' dir='ltr'><strong>caritatem</strong></span> 
     </span>
    </p>
   </div>
   <div class='ocr_carea' id='block_1_82' title="bbox 2109 2151 3688 2220">
    <p class='ocr_par' dir='ltr' id='par_1_82' title="bbox 2109 2151 3688 2220">
     <span class='ocr_line' id='line_1_82' title="bbox 2109 2151 3688 2220; baseline 0 -13"><span class='ocrx_word' id='word_1_607' title='bbox 2109 2152 2404 2219; x_wconf 87' lang='lat' dir='ltr'><strong>obsecravi,</strong></span> <span class='ocrx_word' id='word_1_608' title='bbox 2452 2166 2572 2207; x_wconf 91' lang='lat' dir='ltr'><strong>cum</strong></span> <span class='ocrx_word' id='word_1_609' title='bbox 2620 2151 2847 2206; x_wconf 90' lang='lat' dir='ltr'><strong>inimicis</strong></span> <span class='ocrx_word' id='word_1_610' title='bbox 2893 2167 3080 2220; x_wconf 85' lang='lat' dir='ltr'><strong>magna</strong></span> <span class='ocrx_word' id='word_1_611' title='bbox 3123 2151 3396 2207; x_wconf 86' lang='lat' dir='ltr'><strong>alacritate</strong></span> <span class='ocrx_word' id='word_1_612' title='bbox 3432 2154 3688 2208; x_wconf 80' lang='lat' dir='ltr'><strong>concilie-</strong></span> 
     </span>
    </p>
   </div>
   <div class='ocr_carea' id='block_1_83' title="bbox 2111 2243 3688 2310">
    <p class='ocr_par' dir='ltr' id='par_1_83' title="bbox 2111 2243 3688 2310">
     <span class='ocr_line' id='line_1_83' title="bbox 2111 2243 3688 2310; baseline 0 -12"><span class='ocrx_word' id='word_1_613' title='bbox 2111 2258 2252 2310; x_wconf 88' lang='lat' dir='ltr'><strong>mur,</strong></span> <span class='ocrx_word' id='word_1_614' title='bbox 2279 2251 2335 2299; x_wconf 91' lang='lat' dir='ltr'><strong>et</strong></span> <span class='ocrx_word' id='word_1_615' title='bbox 2357 2259 2422 2298; x_wconf 83' lang='lat' dir='ltr'><strong>ex</strong></span> <span class='ocrx_word' id='word_1_616' title='bbox 2464 2243 2741 2298; x_wconf 85' lang='lat' dir='ltr'><strong>animabus</strong></span> <span class='ocrx_word' id='word_1_617' title='bbox 2771 2243 2967 2298; x_wconf 88' lang='lat' dir='ltr'><strong>nostris</strong></span> <span class='ocrx_word' id='word_1_618' title='bbox 2992 2243 3326 2298; x_wconf 83' lang='lat' dir='ltr'><strong>affectionum</strong></span> <span class='ocrx_word' id='word_1_619' title='bbox 3351 2244 3688 2298; x_wconf 86' lang='lat' dir='ltr'><strong>elimiucmus</strong></span> 
     </span>
    </p>
   </div>
   <div class='ocr_carea' id='block_1_84' title="bbox 2109 2335 3685 2405">
    <p class='ocr_par' dir='ltr' id='par_1_84' title="bbox 2109 2335 3685 2405">
     <span class='ocr_line' id='line_1_84' title="bbox 2109 2335 3685 2405; baseline -0.001 -14"><span class='ocrx_word' id='word_1_620' title='bbox 2109 2335 2392 2404; x_wconf 88' lang='lat' dir='ltr'><strong>reliquias;</strong></span> <span class='ocrx_word' id='word_1_621' title='bbox 2419 2335 2531 2390; x_wconf 92' lang='lat' dir='ltr'><strong>etsi</strong></span> <span class='ocrx_word' id='word_1_622' title='bbox 2567 2351 2668 2404; x_wconf 91' lang='lat' dir='ltr'><strong>qua</strong></span> <span class='ocrx_word' id='word_1_623' title='bbox 2698 2336 3120 2404; x_wconf 86' lang='lat' dir='ltr'><strong>concupiscentia</strong></span> <span class='ocrx_word' id='word_1_624' title='bbox 3155 2351 3312 2405; x_wconf 85' lang='lat' dir='ltr'><strong>prava</strong></span> <span class='ocrx_word' id='word_1_625' title='bbox 3349 2337 3685 2400; x_wconf 74' lang='lat' dir='ltr'><strong>interturbat,</strong></span> 
     </span>
    </p>
   </div>
   <div class='ocr_carea' id='block_1_85' title="bbox 2110 2423 3686 2494">
    <p class='ocr_par' dir='ltr' id='par_1_85' title="bbox 2110 2423 3686 2494">
     <span class='ocr_line' id='line_1_85' title="bbox 2110 2423 3686 2494; baseline -0.001 -15"><span class='ocrx_word' id='word_1_626' title='bbox 2110 2439 2228 2479; x_wconf 89' lang='lat' dir='ltr'><strong>eam</strong></span> <span class='ocrx_word' id='word_1_627' title='bbox 2279 2423 2603 2494; x_wconf 78' lang='lat' dir='ltr'><strong>effugemus;</strong></span> <span class='ocrx_word' id='word_1_628' title='bbox 2660 2435 2714 2479; x_wconf 91' lang='lat' dir='ltr'><strong>et</strong></span> <span class='ocrx_word' id='word_1_629' title='bbox 2761 2424 2806 2478; x_wconf 91' lang='lat' dir='ltr'><strong>si</strong></span> <span class='ocrx_word' id='word_1_630' title='bbox 2859 2423 3006 2479; x_wconf 86' lang='lat' dir='ltr'><strong>furor</strong></span> <span class='ocrx_word' id='word_1_631' title='bbox 3055 2423 3120 2479; x_wconf 88' lang='lat' dir='ltr'><strong>ad</strong></span> <span class='ocrx_word' id='word_1_632' title='bbox 3165 2424 3298 2478; x_wconf 88' lang='lat' dir='ltr'><strong>iram</strong></span> <span class='ocrx_word' id='word_1_633' title='bbox 3347 2426 3686 2492; x_wconf 82' lang='lat' dir='ltr'><strong>exstimulet,</strong></span> 
     </span>
    </p>
   </div>
   <div class='ocr_carea' id='block_1_86' title="bbox 2110 2514 3686 2585">
    <p class='ocr_par' dir='ltr' id='par_1_86' title="bbox 2110 2514 3686 2585">
     <span class='ocr_line' id='line_1_86' title="bbox 2110 2514 3686 2585; baseline 0.003 -16"><span class='ocrx_word' id='word_1_634' title='bbox 2110 2515 2521 2584; x_wconf 91' lang='lat' dir='ltr'><strong>eomprimamus</strong></span> <span class='ocrx_word' id='word_1_635' title='bbox 2551 2514 2693 2570; x_wconf 89' lang='lat' dir='ltr'><strong>hunc</strong></span> <span class='ocrx_word' id='word_1_636' title='bbox 2715 2523 2902 2570; x_wconf 74' lang='lat' dir='ltr'><strong>testum</strong></span> <span class='ocrx_word' id='word_1_637' title='bbox 2938 2525 3096 2570; x_wconf 91' lang='lat' dir='ltr'><strong>cantu</strong></span> <span class='ocrx_word' id='word_1_638' title='bbox 3121 2515 3472 2585; x_wconf 88' lang='lat' dir='ltr'><strong>spiritualium</strong></span> <span class='ocrx_word' id='word_1_639' title='bbox 3498 2518 3686 2573; x_wconf 88' lang='lat' dir='ltr'><strong>admo-</strong></span> 
     </span>
    </p>
   </div>
   <div class='ocr_carea' id='block_1_87' title="bbox 2112 2606 3688 2677">
    <p class='ocr_par' dir='ltr' id='par_1_87' title="bbox 2112 2606 3688 2677">
     <span class='ocr_line' id='line_1_87' title="bbox 2112 2606 3688 2677; baseline 0.002 -17"><span class='ocrx_word' id='word_1_640' title='bbox 2112 2607 2391 2671; x_wconf 89' lang='lat' dir='ltr'><strong>nitionum,</strong></span> <span class='ocrx_word' id='word_1_641' title='bbox 2431 2606 2774 2662; x_wconf 90' lang='lat' dir='ltr'><strong>ostendentes</strong></span> <span class='ocrx_word' id='word_1_642' title='bbox 2797 2622 2953 2677; x_wconf 90' lang='lat' dir='ltr'><strong>quam</strong></span> <span class='ocrx_word' id='word_1_643' title='bbox 2985 2607 3292 2677; x_wconf 65' lang='lat' dir='ltr'><strong>perniciosae</strong></span> <span class='ocrx_word' id='word_1_644' title='bbox 3317 2609 3422 2662; x_wconf 91' lang='lat' dir='ltr'><strong>sint</strong></span> <span class='ocrx_word' id='word_1_645' title='bbox 3447 2609 3688 2664; x_wconf 82' lang='lat' dir='ltr'><strong>affectio-</strong></span> 
     </span>
    </p>
   </div>
   <div class='ocr_carea' id='block_1_88' title="bbox 2110 2695 3688 2766">
    <p class='ocr_par' dir='ltr' id='par_1_88' title="bbox 2110 2695 3688 2766">
     <span class='ocr_line' id='line_1_88' title="bbox 2110 2695 3688 2766; baseline 0 -14"><span class='ocrx_word' id='word_1_646' title='bbox 2110 2712 2227 2752; x_wconf 81' lang='lat' dir='ltr'><strong>nes.</strong></span> <span class='ocrx_word' id='word_1_647' title='bbox 2261 2695 2350 2750; x_wconf 86' lang='lat' dir='ltr'><strong>Vir</strong></span> <span class='ocrx_word' id='word_1_648' title='bbox 2395 2697 2560 2764; x_wconf 89' lang='lat' dir='ltr'><strong>enim,</strong></span> <span class='ocrx_word' id='word_1_649' title='bbox 2603 2698 2792 2766; x_wconf 87' lang='lat' dir='ltr'><strong>inquit,</strong></span> <span class='ocrx_word' id='word_1_650' title='bbox 2844 2697 3136 2763; x_wconf 83' lang='lat' dir='ltr'><strong>iracundus,</strong></span> <span class='ocrx_word' id='word_1_651' title='bbox 3187 2715 3288 2751; x_wconf 90' lang='lat' dir='ltr'><strong>non</strong></span> <span class='ocrx_word' id='word_1_652' title='bbox 3333 2698 3564 2752; x_wconf 84' lang='lat' dir='ltr'><strong>honestus</strong></span> <span class='ocrx_word' id='word_1_653' title='bbox 3613 2709 3688 2752; x_wconf 82' lang='lat' dir='ltr'><strong>est</strong></span> 
     </span>
    </p>
   </div>
   <div class='ocr_carea' id='block_1_89' title="bbox 2111 2788 3686 2858">
    <p class='ocr_par' dir='ltr' id='par_1_89' title="bbox 2111 2788 3686 2858">
     <span class='ocr_line' id='line_1_89' title="bbox 2111 2788 3686 2858; baseline 0 -16"><span class='ocrx_word' id='word_1_654' title='bbox 2111 2788 2306 2858; x_wconf 79' lang='lat' dir='ltr'><strong>(Prov.</strong></span> <span class='ocrx_word' id='word_1_655' title='bbox 2342 2789 2426 2844; x_wconf 91' lang='grc'><strong>11.</strong></span> <span class='ocrx_word' id='word_1_656' title='bbox 2456 2789 2526 2843; x_wconf 74' lang='lat'><strong>25</strong></span> <span class='ocrx_word' id='word_1_657' title='bbox 2550 2788 2603 2858; x_wconf 88' lang='lat'><strong>);</strong></span> <span class='ocrx_word' id='word_1_658' title='bbox 2630 2797 2684 2844; x_wconf 87' lang='lat' dir='ltr'><strong>et</strong></span> <span class='ocrx_word' id='word_1_659' title='bbox 2728 2789 2940 2854; x_wconf 88' lang='lat' dir='ltr'><strong>iterum,</strong></span> <span class='ocrx_word' id='word_1_660' title='bbox 2976 2788 3073 2854; x_wconf 89' lang='lat' dir='ltr'><strong>Qui</strong></span> <span class='ocrx_word' id='word_1_661' title='bbox 3123 2788 3358 2841; x_wconf 86' lang='lat' dir='ltr'><strong>irascitur</strong></span> <span class='ocrx_word' id='word_1_662' title='bbox 3405 2790 3553 2858; x_wconf 81' lang='lat' dir='ltr'><strong>fratri</strong></span> <span class='ocrx_word' id='word_1_663' title='bbox 3593 2806 3686 2842; x_wconf 77' lang='lat' dir='ltr'><strong>suo</strong></span> 
     </span>
    </p>
   </div>
   <div class='ocr_carea' id='block_1_90' title="bbox 2110 2878 3683 2949">
    <p class='ocr_par' dir='ltr' id='par_1_90' title="bbox 2110 2878 3683 2949">
     <span class='ocr_line' id='line_1_90' title="bbox 2110 2878 3683 2949; baseline -0.001 -17"><span class='ocrx_word' id='word_1_664' title='bbox 2110 2879 2218 2932; x_wconf 89' lang='lat' dir='ltr'><strong>sine</strong></span> <span class='ocrx_word' id='word_1_665' title='bbox 2245 2895 2420 2942; x_wconf 87' lang='lat' dir='ltr'><strong>causa,</strong></span> <span class='ocrx_word' id='word_1_666' title='bbox 2449 2895 2563 2932; x_wconf 82' lang='lat' dir='ltr'><strong>reus</strong></span> <span class='ocrx_word' id='word_1_667' title='bbox 2603 2881 2697 2933; x_wconf 85' lang='lat' dir='ltr'><strong>erit</strong></span> <span class='ocrx_word' id='word_1_668' title='bbox 2746 2878 2986 2948; x_wconf 80' lang='lat' dir='ltr'><strong>gehenna:</strong></span> <span class='ocrx_word' id='word_1_669' title='bbox 3025 2879 3156 2949; x_wconf 88' lang='lat' dir='ltr'><strong>ignis</strong></span> <span class='ocrx_word' id='word_1_670' title='bbox 3199 2878 3426 2948; x_wconf 80' lang='lat' dir='ltr'><strong>(Matth.</strong></span> <span class='ocrx_word' id='word_1_671' title='bbox 3472 2879 3526 2934; x_wconf 83' lang='lat'><strong>5.</strong></span> <span class='ocrx_word' id='word_1_672' title='bbox 3557 2878 3683 2948; x_wconf 69' lang='lat'><strong>22).</strong></span> 
     </span>
    </p>
   </div>
   <div class='ocr_carea' id='block_1_91' title="bbox 2112 2968 3679 3039">
    <p class='ocr_par' dir='ltr' id='par_1_91' title="bbox 2112 2968 3679 3039">
     <span class='ocr_line' id='line_1_91' title="bbox 2112 2968 3679 3039; baseline -0.001 -16"><span class='ocrx_word' id='word_1_673' title='bbox 2112 2969 2179 3023; x_wconf 87' lang='lat' dir='ltr'><strong>Et</strong></span> <span class='ocrx_word' id='word_1_674' title='bbox 2209 2969 2252 3023; x_wconf 88' lang='lat' dir='ltr'><strong>si</strong></span> <span class='ocrx_word' id='word_1_675' title='bbox 2287 2969 2626 3039; x_wconf 89' lang='lat' dir='ltr'><strong>pecuniarum</strong></span> <span class='ocrx_word' id='word_1_676' title='bbox 2665 2969 2928 3038; x_wconf 88' lang='lat' dir='ltr'><strong>cupiditas</strong></span> <span class='ocrx_word' id='word_1_677' title='bbox 2951 2970 3199 3035; x_wconf 87' lang='lat' dir='ltr'><strong>incessat,</strong></span> <span class='ocrx_word' id='word_1_678' title='bbox 3225 2968 3414 3024; x_wconf 91' lang='lat' dir='ltr'><strong>demus</strong></span> <span class='ocrx_word' id='word_1_679' title='bbox 3441 2984 3679 3038; x_wconf 84' lang='lat' dir='ltr'><strong>Operam,</strong></span> 
     </span>
    </p>
   </div>
   <div class='ocr_carea' id='block_1_92' title="bbox 2113 3059 3682 3129">
    <p class='ocr_par' dir='ltr' id='par_1_92' title="bbox 2113 3059 3682 3129">
     <span class='ocr_line' id='line_1_92' title="bbox 2113 3059 3682 3129; baseline 0 -15"><span class='ocrx_word' id='word_1_680' title='bbox 2113 3069 2170 3114; x_wconf 90' lang='lat' dir='ltr'><strong>ut</strong></span> <span class='ocrx_word' id='word_1_681' title='bbox 2197 3074 2347 3114; x_wconf 90' lang='lat' dir='ltr'><strong>mens</strong></span> <span class='ocrx_word' id='word_1_682' title='bbox 2395 3059 2527 3114; x_wconf 82' lang='lat' dir='ltr'><strong>vitet</strong></span> <span class='ocrx_word' id='word_1_683' title='bbox 2578 3068 2774 3114; x_wconf 86' lang='lat' dir='ltr'><strong>tantam</strong></span> <span class='ocrx_word' id='word_1_684' title='bbox 2821 3060 3130 3129; x_wconf 90' lang='lat' dir='ltr'><strong>perniciem,</strong></span> <span class='ocrx_word' id='word_1_685' title='bbox 3174 3069 3228 3114; x_wconf 89' lang='lat' dir='ltr'><strong>et</strong></span> <span class='ocrx_word' id='word_1_686' title='bbox 3278 3061 3416 3114; x_wconf 87' lang='lat' dir='ltr'><strong>sicut</strong></span> <span class='ocrx_word' id='word_1_687' title='bbox 3451 3060 3682 3114; x_wconf 87' lang='lat' dir='ltr'><strong>radicem</strong></span> 
     </span>
    </p>
   </div>
   <div class='ocr_carea' id='block_1_93' title="bbox 2113 3151 3685 3222">
    <p class='ocr_par' dir='ltr' id='par_1_93' title="bbox 2113 3151 3685 3222">
     <span class='ocr_line' id='line_1_93' title="bbox 2113 3151 3685 3222; baseline 0.001 -16"><span class='ocrx_word' id='word_1_688' title='bbox 2113 3152 2371 3206; x_wconf 86' lang='lat' dir='ltr'><strong>malorum</strong></span> <span class='ocrx_word' id='word_1_689' title='bbox 2401 3153 2636 3206; x_wconf 89' lang='lat' dir='ltr'><strong>omnium</strong></span> <span class='ocrx_word' id='word_1_690' title='bbox 2665 3151 3056 3207; x_wconf 85' lang='lat' dir='ltr'><strong>exsciudamus.</strong></span> <span class='ocrx_word' id='word_1_691' title='bbox 3078 3151 3162 3208; x_wconf 88' lang='lat' dir='ltr'><strong>Sic</strong></span> <span class='ocrx_word' id='word_1_692' title='bbox 3184 3152 3490 3208; x_wconf 83' lang='lat' dir='ltr'><strong>Studeamus</strong></span> <span class='ocrx_word' id='word_1_693' title='bbox 3515 3154 3685 3222; x_wconf 80' lang='grc' dir='ltr'><strong>810εο-</strong></span> 
     </span>
    </p>
   </div>
   <div class='ocr_carea' id='block_1_94' title="bbox 2112 3241 3683 3313">
    <p class='ocr_par' dir='ltr' id='par_1_94' title="bbox 2112 3241 3683 3313">
     <span class='ocr_line' id='line_1_94' title="bbox 2112 3241 3683 3313; baseline -0.001 -15"><span class='ocrx_word' id='word_1_694' title='bbox 2112 3243 2191 3298; x_wconf 90' lang='lat' dir='ltr'><strong>Ias</strong></span> <span class='ocrx_word' id='word_1_695' title='bbox 2219 3241 2526 3297; x_wconf 77' lang='lat' dir='ltr'><strong>affectiones</strong></span> <span class='ocrx_word' id='word_1_696' title='bbox 2565 3241 2731 3297; x_wconf 87' lang='lat' dir='ltr'><strong>malas</strong></span> <span class='ocrx_word' id='word_1_697' title='bbox 2751 3242 3038 3313; x_wconf 87' lang='lat' dir='ltr'><strong>corrigere,</strong></span> <span class='ocrx_word' id='word_1_698' title='bbox 3070 3256 3174 3312; x_wconf 91' lang='lat' dir='ltr'><strong>quo</strong></span> <span class='ocrx_word' id='word_1_699' title='bbox 3218 3252 3272 3295; x_wconf 96' lang='grc'><strong>01</strong></span> <span class='ocrx_word' id='word_1_700' title='bbox 3299 3241 3616 3296; x_wconf 87' lang='lat' dir='ltr'><strong>abstinendo</strong></span> <span class='ocrx_word' id='word_1_701' title='bbox 3653 3257 3683 3296; x_wconf 88' lang='grc'><strong>0</strong></span> 
     </span>
    </p>
   </div>
   <div class='ocr_carea' id='block_1_95' title="bbox 2111 3332 3686 3402">
    <p class='ocr_par' dir='ltr' id='par_1_95' title="bbox 2111 3332 3686 3402">
     <span class='ocr_line' id='line_1_95' title="bbox 2111 3332 3686 3402; baseline -0.002 -14"><span class='ocrx_word' id='word_1_702' title='bbox 2111 3335 2289 3400; x_wconf 90' lang='lat' dir='ltr'><strong>malis,</strong></span> <span class='ocrx_word' id='word_1_703' title='bbox 2317 3342 2371 3388; x_wconf 91' lang='lat' dir='ltr'><strong>et</strong></span> <span class='ocrx_word' id='word_1_704' title='bbox 2397 3333 2652 3389; x_wconf 83' lang='lat' dir='ltr'><strong>sectanda</strong></span> <span class='ocrx_word' id='word_1_705' title='bbox 2679 3347 2838 3402; x_wconf 89' lang='lat' dir='ltr'><strong>opera</strong></span> <span class='ocrx_word' id='word_1_706' title='bbox 2884 3333 3041 3399; x_wconf 89' lang='lat' dir='ltr'><strong>bona,</strong></span> <span class='ocrx_word' id='word_1_707' title='bbox 3097 3332 3360 3402; x_wconf 89' lang='lat' dir='ltr'><strong>possimus</strong></span> <span class='ocrx_word' id='word_1_708' title='bbox 3399 3333 3449 3386; x_wconf 96' lang='grc'><strong>10</strong></span> <span class='ocrx_word' id='word_1_709' title='bbox 3479 3332 3566 3387; x_wconf 91' lang='lat' dir='ltr'><strong>die</strong></span> <span class='ocrx_word' id='word_1_710' title='bbox 3595 3333 3686 3385; x_wconf 91' lang='lat' dir='ltr'><strong>illo</strong></span> 
     </span>
    </p>
   </div>
   <div class='ocr_carea' id='block_1_96' title="bbox 2113 3420 3685 3490">
    <p class='ocr_par' dir='ltr' id='par_1_96' title="bbox 2113 3420 3685 3490">
     <span class='ocr_line' id='line_1_96' title="bbox 2113 3420 3685 3490; baseline -0.003 -12"><span class='ocrx_word' id='word_1_711' title='bbox 2113 3423 2390 3480; x_wconf 89' lang='lat' dir='ltr'><strong>tremendo</strong></span> <span class='ocrx_word' id='word_1_712' title='bbox 2409 3439 2439 3477; x_wconf 92' lang='lat' dir='ltr'><strong>a</strong></span> <span class='ocrx_word' id='word_1_713' title='bbox 2463 3423 2572 3478; x_wconf 90' lang='lat' dir='ltr'><strong>Deo</strong></span> <span class='ocrx_word' id='word_1_714' title='bbox 2599 3421 3014 3478; x_wconf 87' lang='lat' dir='ltr'><strong>misericordiam</strong></span> <span class='ocrx_word' id='word_1_715' title='bbox 3045 3422 3276 3489; x_wconf 88' lang='lat' dir='ltr'><strong>assequi,</strong></span> <span class='ocrx_word' id='word_1_716' title='bbox 3300 3420 3466 3490; x_wconf 86' lang='lat' dir='ltr'><strong>gratia</strong></span> <span class='ocrx_word' id='word_1_717' title='bbox 3491 3429 3546 3475; x_wconf 89' lang='lat' dir='ltr'><strong>et</strong></span> <span class='ocrx_word' id='word_1_718' title='bbox 3581 3421 3685 3474; x_wconf 84' lang='lat' dir='ltr'><strong>mi-</strong></span> 
     </span>
    </p>
   </div>
   <div class='ocr_carea' id='block_1_97' title="bbox 2112 3511 3685 3583">
    <p class='ocr_par' dir='ltr' id='par_1_97' title="bbox 2112 3511 3685 3583">
     <span class='ocr_line' id='line_1_97' title="bbox 2112 3511 3685 3583; baseline -0.003 -15"><span class='ocrx_word' id='word_1_719' title='bbox 2112 3512 2464 3569; x_wconf 88' lang='lat' dir='ltr'><strong>serationibus</strong></span> <span class='ocrx_word' id='word_1_720' title='bbox 2500 3512 2753 3583; x_wconf 83' lang='lat' dir='ltr'><strong>unigeniti</strong></span> <span class='ocrx_word' id='word_1_721' title='bbox 2792 3511 2905 3581; x_wconf 85' lang='lat' dir='ltr'><strong>ejus</strong></span> <span class='ocrx_word' id='word_1_722' title='bbox 2952 3511 3090 3579; x_wconf 86' lang='lat' dir='ltr'><strong>Filii,</strong></span> <span class='ocrx_word' id='word_1_723' title='bbox 3132 3511 3215 3566; x_wconf 92' lang='lat' dir='ltr'><strong>cui</strong></span> <span class='ocrx_word' id='word_1_724' title='bbox 3258 3526 3378 3566; x_wconf 92' lang='lat' dir='ltr'><strong>cum</strong></span> <span class='ocrx_word' id='word_1_725' title='bbox 3410 3511 3582 3575; x_wconf 84' lang='lat' dir='ltr'><strong>Patre,</strong></span> <span class='ocrx_word' id='word_1_726' title='bbox 3632 3519 3685 3566; x_wconf 84' lang='lat' dir='ltr'><strong>et</strong></span> 
     </span>
    </p>
   </div>
   <div class='ocr_carea' id='block_1_98' title="bbox 2114 3601 3686 3675">
    <p class='ocr_par' dir='ltr' id='par_1_98' title="bbox 2114 3601 3686 3675">
     <span class='ocr_line' id='line_1_98' title="bbox 2114 3601 3686 3675; baseline 0 -16"><span class='ocrx_word' id='word_1_727' title='bbox 2114 3604 2312 3675; x_wconf 89' lang='lat' dir='ltr'><strong>Spiritu</strong></span> <span class='ocrx_word' id='word_1_728' title='bbox 2334 3614 2518 3659; x_wconf 90' lang='lat' dir='ltr'><strong>sancto</strong></span> <span class='ocrx_word' id='word_1_729' title='bbox 2542 3605 2610 3658; x_wconf 91' lang='lat' dir='ltr'><strong>sit</strong></span> <span class='ocrx_word' id='word_1_730' title='bbox 2633 3603 2820 3674; x_wconf 86' lang='lat' dir='ltr'><strong>gloria,</strong></span> <span class='ocrx_word' id='word_1_731' title='bbox 2846 3602 3143 3672; x_wconf 89' lang='lat' dir='ltr'><strong>imperium,</strong></span> <span class='ocrx_word' id='word_1_732' title='bbox 3168 3611 3222 3658; x_wconf 91' lang='lat' dir='ltr'><strong>et</strong></span> <span class='ocrx_word' id='word_1_733' title='bbox 3251 3601 3443 3670; x_wconf 87' lang='lat' dir='ltr'><strong>honor,</strong></span> <span class='ocrx_word' id='word_1_734' title='bbox 3470 3617 3610 3658; x_wconf 92' lang='lat' dir='ltr'><strong>nunc</strong></span> <span class='ocrx_word' id='word_1_735' title='bbox 3632 3612 3686 3659; x_wconf 88' lang='lat' dir='ltr'><strong>et</strong></span> 
     </span>
    </p>
   </div>
   <div class='ocr_carea' id='block_1_99' title="bbox 2114 3693 3330 3764">
    <p class='ocr_par' dir='ltr' id='par_1_99' title="bbox 2114 3693 3330 3764">
     <span class='ocr_line' id='line_1_99' title="bbox 2114 3693 3330 3764; baseline -0.003 -12"><span class='ocrx_word' id='word_1_736' title='bbox 2114 3709 2347 3764; x_wconf 85' lang='lat' dir='ltr'><strong>semper,</strong></span> <span class='ocrx_word' id='word_1_737' title='bbox 2380 3706 2434 3751; x_wconf 91' lang='lat' dir='ltr'><strong>et</strong></span> <span class='ocrx_word' id='word_1_738' title='bbox 2470 3694 2524 3749; x_wconf 92' lang='grc'><strong>10</strong></span> <span class='ocrx_word' id='word_1_739' title='bbox 2561 3693 2751 3750; x_wconf 65' lang='lat' dir='ltr'><strong>secula</strong></span> <span class='ocrx_word' id='word_1_740' title='bbox 2778 3694 3114 3748; x_wconf 63' lang='lat' dir='ltr'><strong>sazeulorum.</strong></span> <span class='ocrx_word' id='word_1_741' title='bbox 3141 3694 3330 3749; x_wconf 85' lang='lat' dir='ltr'><strong>Amen.</strong></span> 
     </span>
    </p>
   </div>
   <div class='ocr_carea' id='block_1_100' title="bbox 2655 3826 3160 3882">
    <p class='ocr_par' dir='ltr' id='par_1_100' title="bbox 2655 3826 3160 3882">
     <span class='ocr_line' id='line_1_100' title="bbox 2655 3826 3160 3882; baseline 0.002 -1"><span class='ocrx_word' id='word_1_742' title='bbox 2655 3826 2930 3882; x_wconf 75' lang='lat' dir='ltr'><strong>IIOMILIA</strong></span> <span class='ocrx_word' id='word_1_743' title='bbox 2968 3826 3160 3882; x_wconf 78' lang='lat' dir='ltr'><strong>XXIX.</strong></span> 
     </span>
    </p>
   </div>
   <div class='ocr_carea' id='block_1_101' title="bbox 2114 3939 3682 4010">
    <p class='ocr_par' dir='ltr' id='par_1_101' title="bbox 2114 3939 3682 4010">
     <span class='ocr_line' id='line_1_101' title="bbox 2114 3939 3682 4010; baseline -0.002 -15"><span class='ocrx_word' id='word_1_744' title='bbox 2114 3941 2182 3995; x_wconf 83' lang='lat' dir='ltr'><strong>Et</strong></span> <span class='ocrx_word' id='word_1_745' title='bbox 2207 3942 2353 4010; x_wconf 73' lang='lat' dir='ltr'><strong>coepit</strong></span> <span class='ocrx_word' id='word_1_746' title='bbox 2379 3940 2495 3994; x_wconf 82' lang='lat' dir='ltr'><strong>Noe</strong></span> <span class='ocrx_word' id='word_1_747' title='bbox 2515 3942 2662 3994; x_wconf 78' lang='lat' dir='ltr'><strong>homo</strong></span> <span class='ocrx_word' id='word_1_748' title='bbox 2687 3939 2910 4010; x_wconf 85' lang='lat' dir='ltr'><strong>agricola</strong></span> <span class='ocrx_word' id='word_1_749' title='bbox 2936 3948 3098 4002; x_wconf 80' lang='lat' dir='ltr'><strong>teme,</strong></span> <span class='ocrx_word' id='word_1_750' title='bbox 3126 3948 3172 3993; x_wconf 84' lang='lat' dir='ltr'><strong>et</strong></span> <span class='ocrx_word' id='word_1_751' title='bbox 3199 3939 3441 4009; x_wconf 75' lang='lat' dir='ltr'><strong>plantavit</strong></span> <span class='ocrx_word' id='word_1_752' title='bbox 3466 3942 3682 4007; x_wconf 81' lang='lat' dir='ltr'><strong>uincam,</strong></span> 
     </span>
    </p>
   </div>
   <div class='ocr_carea' id='block_1_102' title="bbox 2184 4029 3611 4102">
    <p class='ocr_par' dir='ltr' id='par_1_102' title="bbox 2184 4029 3611 4102">
     <span class='ocr_line' id='line_1_102' title="bbox 2184 4029 3611 4102; baseline -0.002 -15"><span class='ocrx_word' id='word_1_753' title='bbox 2184 4041 2232 4087; x_wconf 87' lang='lat' dir='ltr'><strong>et</strong></span> <span class='ocrx_word' id='word_1_754' title='bbox 2255 4033 2372 4087; x_wconf 80' lang='lat' dir='ltr'><strong>bibit</strong></span> <span class='ocrx_word' id='word_1_755' title='bbox 2395 4037 2458 4088; x_wconf 88' lang='lat' dir='ltr'><strong>de</strong></span> <span class='ocrx_word' id='word_1_756' title='bbox 2483 4035 2596 4089; x_wconf 76' lang='lat' dir='ltr'><strong>vino</strong></span> <span class='ocrx_word' id='word_1_757' title='bbox 2618 4049 2637 4087; x_wconf 90' lang='lat'><strong><em>:</em></strong></span> <span class='ocrx_word' id='word_1_758' title='bbox 2663 4043 2712 4088; x_wconf 88' lang='lat' dir='ltr'><strong>et</strong></span> <span class='ocrx_word' id='word_1_759' title='bbox 2737 4031 3007 4085; x_wconf 79' lang='lat' dir='ltr'><strong>inebriatus</strong></span> <span class='ocrx_word' id='word_1_760' title='bbox 3031 4039 3104 4085; x_wconf 88' lang='lat' dir='ltr'><strong>est</strong></span> <span class='ocrx_word' id='word_1_761' title='bbox 3131 4029 3284 4102; x_wconf 81' lang='lat' dir='ltr'><strong>(Gen.</strong></span> <span class='ocrx_word' id='word_1_762' title='bbox 3306 4031 3357 4085; x_wconf 90' lang='lat'><strong>9.</strong></span> <span class='ocrx_word' id='word_1_763' title='bbox 3387 4031 3474 4087; x_wconf 76' lang='grc'><strong>20.</strong></span> <span class='ocrx_word' id='word_1_764' title='bbox 3496 4031 3611 4100; x_wconf 69' lang='grc'><strong>21).</strong></span> 
     </span>
    </p>
   </div>
   <div class='ocr_carea' id='block_1_103' title="bbox 2185 4143 3682 4214">
    <p class='ocr_par' dir='ltr' id='par_1_103' title="bbox 2185 4143 3682 4214">
     <span class='ocr_line' id='line_1_103' title="bbox 2185 4143 3682 4214; baseline -0.006 -11"><span class='ocrx_word' id='word_1_765' title='bbox 2185 4149 2237 4203; x_wconf 93' lang='grc'><strong>1.</strong></span> <span class='ocrx_word' id='word_1_766' title='bbox 2281 4145 2401 4201; x_wconf 85' lang='lat' dir='ltr'><strong>Non</strong></span> <span class='ocrx_word' id='word_1_767' title='bbox 2429 4145 2593 4202; x_wconf 90' lang='lat' dir='ltr'><strong>solum</strong></span> <span class='ocrx_word' id='word_1_768' title='bbox 2615 4145 2743 4199; x_wconf 87' lang='lat' dir='ltr'><strong>bona</strong></span> <span class='ocrx_word' id='word_1_769' title='bbox 2771 4160 2922 4214; x_wconf 80' lang='lat' dir='ltr'><strong>Opera</strong></span> <span class='ocrx_word' id='word_1_770' title='bbox 2939 4185 2955 4211; x_wconf 95' lang='lat'><strong>,</strong></span> <span class='ocrx_word' id='word_1_771' title='bbox 2983 4143 3072 4198; x_wconf 86' lang='lat' dir='ltr'><strong>sed</strong></span> <span class='ocrx_word' id='word_1_772' title='bbox 3099 4153 3144 4198; x_wconf 89' lang='lat' dir='ltr'><strong>et</strong></span> <span class='ocrx_word' id='word_1_773' title='bbox 3170 4154 3374 4212; x_wconf 86' lang='lat' dir='ltr'><strong>peccata</strong></span> <span class='ocrx_word' id='word_1_774' title='bbox 3398 4153 3682 4197; x_wconf 81' lang='lat' dir='ltr'><strong>sanctorum</strong></span> 
     </span>
    </p>
   </div>
   <div class='ocr_carea' id='block_1_104' title="bbox 2115 4233 3681 4309">
    <p class='ocr_par' dir='ltr' id='par_1_104' title="bbox 2115 4233 3681 4309">
     <span class='ocr_line' id='line_1_104' title="bbox 2115 4233 3681 4309; baseline -0.005 -16"><span class='ocrx_word' id='word_1_775' title='bbox 2115 4247 2558 4309; x_wconf 81' lang='lat' dir='ltr'><strong>proponuntur.—</strong></span> <span class='ocrx_word' id='word_1_776' title='bbox 2572 4236 2651 4291; x_wconf 86' lang='lat' dir='ltr'><strong>Ad</strong></span> <span class='ocrx_word' id='word_1_777' title='bbox 2674 4235 2832 4290; x_wconf 90' lang='lat' dir='ltr'><strong>finem</strong></span> <span class='ocrx_word' id='word_1_778' title='bbox 2859 4234 3067 4289; x_wconf 89' lang='lat' dir='ltr'><strong>tandem</strong></span> <span class='ocrx_word' id='word_1_779' title='bbox 3089 4235 3380 4304; x_wconf 88' lang='lat' dir='ltr'><strong>argumenti</strong></span> <span class='ocrx_word' id='word_1_780' title='bbox 3405 4233 3470 4288; x_wconf 89' lang='lat' dir='ltr'><strong>ad</strong></span> <span class='ocrx_word' id='word_1_781' title='bbox 3485 4234 3681 4302; x_wconf 86' lang='lat' dir='ltr'><strong>justum</strong></span> 
     </span>
    </p>
   </div>
   <div class='ocr_carea' id='block_1_105' title="bbox 2115 4329 3681 4402">
    <p class='ocr_par' dir='ltr' id='par_1_105' title="bbox 2115 4329 3681 4402">
     <span class='ocr_line' id='line_1_105' title="bbox 2115 4329 3681 4402; baseline -0.003 -15"><span class='ocrx_word' id='word_1_782' title='bbox 2115 4331 2259 4388; x_wconf 88' lang='lat' dir='ltr'><strong>hunc</strong></span> <span class='ocrx_word' id='word_1_783' title='bbox 2299 4331 2588 4402; x_wconf 80' lang='lat' dir='ltr'><strong>Spectantis</strong></span> <span class='ocrx_word' id='word_1_784' title='bbox 2629 4330 2905 4385; x_wconf 83' lang='lat' dir='ltr'><strong>venimus:</strong></span> <span class='ocrx_word' id='word_1_785' title='bbox 2946 4329 3066 4384; x_wconf 91' lang='lat' dir='ltr'><strong>ideo</strong></span> <span class='ocrx_word' id='word_1_786' title='bbox 3110 4330 3351 4397; x_wconf 85' lang='lat' dir='ltr'><strong>obsecro,</strong></span> <span class='ocrx_word' id='word_1_787' title='bbox 3384 4339 3559 4384; x_wconf 82' lang='lat' dir='ltr'><strong>mente</strong></span> <span class='ocrx_word' id='word_1_788' title='bbox 3601 4329 3681 4382; x_wconf 88' lang='lat' dir='ltr'><strong>in-</strong></span> 
     </span>
    </p>
   </div>
   <div class='ocr_carea' id='block_1_106' title="bbox 2118 4419 3679 4490">
    <p class='ocr_par' dir='ltr' id='par_1_106' title="bbox 2118 4419 3679 4490">
     <span class='ocr_line' id='line_1_106' title="bbox 2118 4419 3679 4490; baseline -0.003 -13"><span class='ocrx_word' id='word_1_789' title='bbox 2118 4431 2263 4477; x_wconf 88' lang='lat' dir='ltr'><strong>tenta</strong></span> <span class='ocrx_word' id='word_1_790' title='bbox 2299 4423 2503 4488; x_wconf 84' lang='lat' dir='ltr'><strong>adeSIe,</strong></span> <span class='ocrx_word' id='word_1_791' title='bbox 2540 4429 2594 4477; x_wconf 91' lang='lat' dir='ltr'><strong>et</strong></span> <span class='ocrx_word' id='word_1_792' title='bbox 2620 4419 2899 4490; x_wconf 88' lang='lat' dir='ltr'><strong>diligenter</strong></span> <span class='ocrx_word' id='word_1_793' title='bbox 2933 4435 3050 4490; x_wconf 76' lang='lat' dir='ltr'><strong>qua:</strong></span> <span class='ocrx_word' id='word_1_794' title='bbox 3091 4419 3337 4474; x_wconf 87' lang='lat' dir='ltr'><strong>dicuntur</strong></span> <span class='ocrx_word' id='word_1_795' title='bbox 3375 4420 3679 4474; x_wconf 90' lang='lat' dir='ltr'><strong>auscultate.</strong></span> 
     </span>
    </p>
   </div>
   <div class='ocr_carea' id='block_1_107' title="bbox 2116 4512 3685 4582">
    <p class='ocr_par' dir='ltr' id='par_1_107' title="bbox 2116 4512 3685 4582">
     <span class='ocr_line' id='line_1_107' title="bbox 2116 4512 3685 4582; baseline -0.006 -11"><span class='ocrx_word' id='word_1_796' title='bbox 2116 4515 2246 4571; x_wconf 86' lang='lat' dir='ltr'><strong>Nam</strong></span> <span class='ocrx_word' id='word_1_797' title='bbox 2274 4529 2337 4570; x_wconf 79' lang='lat' dir='ltr'><strong>ex</strong></span> <span class='ocrx_word' id='word_1_798' title='bbox 2368 4514 2433 4568; x_wconf 91' lang='lat' dir='ltr'><strong>iis</strong></span> <span class='ocrx_word' id='word_1_799' title='bbox 2458 4527 2574 4582; x_wconf 68' lang='lat' dir='ltr'><strong>qua:</strong></span> <span class='ocrx_word' id='word_1_800' title='bbox 2603 4512 2762 4567; x_wconf 89' lang='lat' dir='ltr'><strong>hodie</strong></span> <span class='ocrx_word' id='word_1_801' title='bbox 2787 4513 2919 4566; x_wconf 89' lang='lat' dir='ltr'><strong>lecta</strong></span> <span class='ocrx_word' id='word_1_802' title='bbox 2947 4519 3070 4565; x_wconf 90' lang='lat' dir='ltr'><strong>sunt</strong></span> <span class='ocrx_word' id='word_1_803' title='bbox 3094 4526 3199 4564; x_wconf 90' lang='lat' dir='ltr'><strong>non</strong></span> <span class='ocrx_word' id='word_1_804' title='bbox 3228 4525 3446 4578; x_wconf 86' lang='lat' dir='ltr'><strong>parvum</strong></span> <span class='ocrx_word' id='word_1_805' title='bbox 3471 4551 3485 4572; x_wconf 91' lang='lat'><strong>,</strong></span> <span class='ocrx_word' id='word_1_806' title='bbox 3517 4522 3685 4576; x_wconf 89' lang='lat' dir='ltr'><strong>neque</strong></span> 
     </span>
    </p>
   </div>
   <div class='ocr_carea' id='block_1_108' title="bbox 2117 4601 3688 4676">
    <p class='ocr_par' dir='ltr' id='par_1_108' title="bbox 2117 4601 3688 4676">
     <span class='ocr_line' id='line_1_108' title="bbox 2117 4601 3688 4676; baseline -0.004 -17"><span class='ocrx_word' id='word_1_807' title='bbox 2117 4605 2384 4676; x_wconf 90' lang='lat' dir='ltr'><strong>vulgarem</strong></span> <span class='ocrx_word' id='word_1_808' title='bbox 2406 4603 2678 4674; x_wconf 85' lang='lat' dir='ltr'><strong>percipere</strong></span> <span class='ocrx_word' id='word_1_809' title='bbox 2697 4603 2819 4658; x_wconf 89' lang='lat' dir='ltr'><strong>licet</strong></span> <span class='ocrx_word' id='word_1_810' title='bbox 2839 4602 3066 4657; x_wconf 90' lang='lat' dir='ltr'><strong>fructum</strong></span> <span class='ocrx_word' id='word_1_811' title='bbox 3091 4619 3104 4655; x_wconf 90' lang='lat'><strong>:</strong></span> <span class='ocrx_word' id='word_1_812' title='bbox 3128 4601 3550 4671; x_wconf 88' lang='lat' dir='ltr'><strong>quandoquidem</strong></span> <span class='ocrx_word' id='word_1_813' title='bbox 3572 4613 3688 4668; x_wconf 65' lang='lat' dir='ltr'><strong>qua</strong></span> 
     </span>
    </p>
   </div>
   <div class='ocr_carea' id='block_1_109' title="bbox 2119 4694 3679 4770">
    <p class='ocr_par' dir='ltr' id='par_1_109' title="bbox 2119 4694 3679 4770">
     <span class='ocr_line' id='line_1_109' title="bbox 2119 4694 3679 4770; baseline -0.004 -18"><span class='ocrx_word' id='word_1_814' title='bbox 2119 4697 2308 4767; x_wconf 89' lang='lat' dir='ltr'><strong>priscis</strong></span> <span class='ocrx_word' id='word_1_815' title='bbox 2335 4704 2643 4760; x_wconf 87' lang='lat' dir='ltr'><strong>evenerunt,</strong></span> <span class='ocrx_word' id='word_1_816' title='bbox 2671 4695 2716 4750; x_wconf 89' lang='lat' dir='ltr'><strong>si</strong></span> <span class='ocrx_word' id='word_1_817' title='bbox 2740 4709 2924 4770; x_wconf 76' lang='lat' dir='ltr'><strong>sapere</strong></span> <span class='ocrx_word' id='word_1_818' title='bbox 2953 4694 3297 4762; x_wconf 89' lang='lat' dir='ltr'><strong>voluerimus,</strong></span> <span class='ocrx_word' id='word_1_819' title='bbox 3325 4694 3568 4746; x_wconf 75' lang='lat' dir='ltr'><strong>maxima:</strong></span> <span class='ocrx_word' id='word_1_820' title='bbox 3590 4707 3679 4745; x_wconf 83' lang='lat' dir='ltr'><strong>no-</strong></span> 
     </span>
    </p>
   </div>
   <div class='ocr_carea' id='block_1_110' title="bbox 2119 4783 3688 4851">
    <p class='ocr_par' dir='ltr' id='par_1_110' title="bbox 2119 4783 3688 4851">
     <span class='ocr_line' id='line_1_110' title="bbox 2119 4783 3688 4851; baseline -0.006 -6"><span class='ocrx_word' id='word_1_821' title='bbox 2119 4790 2202 4845; x_wconf 86' lang='lat' dir='ltr'><strong>bis</strong></span> <span class='ocrx_word' id='word_1_822' title='bbox 2225 4787 2479 4844; x_wconf 66' lang='lat' dir='ltr'><strong>doctrinae</strong></span> <span class='ocrx_word' id='word_1_823' title='bbox 2502 4793 2625 4841; x_wconf 92' lang='lat' dir='ltr'><strong>sunt</strong></span> <span class='ocrx_word' id='word_1_824' title='bbox 2643 4787 2871 4841; x_wconf 91' lang='lat' dir='ltr'><strong>occasio.</strong></span> <span class='ocrx_word' id='word_1_825' title='bbox 2901 4784 3023 4841; x_wconf 89' lang='lat' dir='ltr'><strong>Ideo</strong></span> <span class='ocrx_word' id='word_1_826' title='bbox 3045 4784 3187 4840; x_wconf 88' lang='lat' dir='ltr'><strong>enim</strong></span> <span class='ocrx_word' id='word_1_827' title='bbox 3213 4800 3317 4838; x_wconf 87' lang='lat' dir='ltr'><strong>non</strong></span> <span class='ocrx_word' id='word_1_828' title='bbox 3343 4783 3515 4838; x_wconf 87' lang='lat' dir='ltr'><strong>solum</strong></span> <span class='ocrx_word' id='word_1_829' title='bbox 3531 4795 3688 4851; x_wconf 80' lang='lat' dir='ltr'><strong>oper-</strong></span> 
     </span>
    </p>
   </div>
   <div class='ocr_carea' id='block_1_111' title="bbox 2120 4863 3690 4946">
    <p class='ocr_par' dir='ltr' id='par_1_111' title="bbox 2120 4863 3690 4946">
     <span class='ocr_line' id='line_1_111' title="bbox 2120 4863 3690 4946; baseline -0.007 -11"><span class='ocrx_word' id='word_1_830' title='bbox 2120 4887 2424 4936; x_wconf 86' lang='lat' dir='ltr'><strong>sanctorum</strong></span> <span class='ocrx_word' id='word_1_831' title='bbox 2453 4878 2590 4933; x_wconf 88' lang='lat' dir='ltr'><strong>bona</strong></span> <span class='ocrx_word' id='word_1_832' title='bbox 2617 4863 2811 4946; x_wconf 85' lang='lat' dir='ltr'><strong>seripta</strong></span> <span class='ocrx_word' id='word_1_833' title='bbox 2841 4884 2996 4940; x_wconf 89' lang='lat' dir='ltr'><strong>sunt,</strong></span> <span class='ocrx_word' id='word_1_834' title='bbox 3035 4874 3130 4930; x_wconf 90' lang='lat' dir='ltr'><strong>sed</strong></span> <span class='ocrx_word' id='word_1_835' title='bbox 3167 4877 3326 4930; x_wconf 88' lang='lat' dir='ltr'><strong>etiam</strong></span> <span class='ocrx_word' id='word_1_836' title='bbox 3357 4880 3568 4942; x_wconf 89' lang='lat' dir='ltr'><strong>peccata</strong></span> <span class='ocrx_word' id='word_1_837' title='bbox 3588 4912 3603 4936; x_wconf 90' lang='lat'><strong>,</strong></span> <span class='ocrx_word' id='word_1_838' title='bbox 3636 4878 3690 4924; x_wconf 93' lang='lat' dir='ltr'><strong>ut</strong></span> 
     </span>
    </p>
   </div>
   <div class='ocr_carea' id='block_1_112' title="bbox 2123 4961 3693 5040">
    <p class='ocr_par' dir='ltr' id='par_1_112' title="bbox 2123 4961 3693 5040">
     <span class='ocr_line' id='line_1_112' title="bbox 2123 4961 3693 5040; baseline -0.007 -14"><span class='ocrx_word' id='word_1_839' title='bbox 2123 4972 2238 5026; x_wconf 61' lang='lat' dir='ltr'><strong>hate</strong></span> <span class='ocrx_word' id='word_1_840' title='bbox 2257 4969 2470 5040; x_wconf 88' lang='lat' dir='ltr'><strong>quidem</strong></span> <span class='ocrx_word' id='word_1_841' title='bbox 2499 4967 2777 5038; x_wconf 87' lang='lat' dir='ltr'><strong>fugiamus,</strong></span> <span class='ocrx_word' id='word_1_842' title='bbox 2805 4967 2894 5021; x_wconf 91' lang='lat' dir='ltr'><strong>illa</strong></span> <span class='ocrx_word' id='word_1_843' title='bbox 2920 4981 3046 5020; x_wconf 88' lang='lat' dir='ltr'><strong>vero</strong></span> <span class='ocrx_word' id='word_1_844' title='bbox 3073 4965 3337 5020; x_wconf 84' lang='lat' dir='ltr'><strong>imitemur</strong></span> <span class='ocrx_word' id='word_1_845' title='bbox 3361 4980 3376 5016; x_wconf 90' lang='lat'><strong>:</strong></span> <span class='ocrx_word' id='word_1_846' title='bbox 3402 4977 3575 5032; x_wconf 89' lang='lat' dir='ltr'><strong>neque</strong></span> <span class='ocrx_word' id='word_1_847' title='bbox 3595 4961 3693 5015; x_wconf 85' lang='lat' dir='ltr'><strong>hoc</strong></span> 
     </span>
    </p>
   </div>
   <div class='ocr_carea' id='block_1_113' title="bbox 2123 5052 3694 5128">
    <p class='ocr_par' dir='ltr' id='par_1_113' title="bbox 2123 5052 3694 5128">
     <span class='ocr_line' id='line_1_113' title="bbox 2123 5052 3694 5128; baseline -0.008 -10"><span class='ocrx_word' id='word_1_848' title='bbox 2123 5062 2320 5128; x_wconf 87' lang='lat' dir='ltr'><strong>solum,</strong></span> <span class='ocrx_word' id='word_1_849' title='bbox 2350 5059 2445 5116; x_wconf 90' lang='lat' dir='ltr'><strong>sed</strong></span> <span class='ocrx_word' id='word_1_850' title='bbox 2475 5067 2738 5114; x_wconf 90' lang='lat' dir='ltr'><strong>monstrat</strong></span> <span class='ocrx_word' id='word_1_851' title='bbox 2781 5059 2996 5126; x_wconf 91' lang='lat' dir='ltr'><strong>insuper</strong></span> <span class='ocrx_word' id='word_1_852' title='bbox 3027 5055 3201 5110; x_wconf 88' lang='lat' dir='ltr'><strong>divina</strong></span> <span class='ocrx_word' id='word_1_853' title='bbox 3233 5055 3502 5122; x_wconf 88' lang='lat' dir='ltr'><strong>Scriptura</strong></span> <span class='ocrx_word' id='word_1_854' title='bbox 3528 5061 3583 5107; x_wconf 92' lang='lat' dir='ltr'><strong>et</strong></span> <span class='ocrx_word' id='word_1_855' title='bbox 3604 5052 3694 5122; x_wconf 84' lang='lat' dir='ltr'><strong>ju-</strong></span> 
     </span>
    </p>
   </div>
   <div class='ocr_carea' id='block_1_114' title="bbox 2124 5143 3699 5220">
    <p class='ocr_par' dir='ltr' id='par_1_114' title="bbox 2124 5143 3699 5220">
     <span class='ocr_line' id='line_1_114' title="bbox 2124 5143 3699 5220; baseline -0.008 -13"><span class='ocrx_word' id='word_1_856' title='bbox 2124 5160 2236 5207; x_wconf 90' lang='lat' dir='ltr'><strong>stos</strong></span> <span class='ocrx_word' id='word_1_857' title='bbox 2259 5155 2402 5220; x_wconf 81' lang='lat' dir='ltr'><strong>saepe</strong></span> <span class='ocrx_word' id='word_1_858' title='bbox 2443 5149 2639 5220; x_wconf 83' lang='lat' dir='ltr'><strong>lapsos,</strong></span> <span class='ocrx_word' id='word_1_859' title='bbox 2665 5159 2718 5204; x_wconf 90' lang='lat' dir='ltr'><strong>et</strong></span> <span class='ocrx_word' id='word_1_860' title='bbox 2758 5157 3061 5218; x_wconf 85' lang='lat' dir='ltr'><strong>peccatores</strong></span> <span class='ocrx_word' id='word_1_861' title='bbox 3095 5159 3341 5215; x_wconf 87' lang='lat' dir='ltr'><strong>magnam</strong></span> <span class='ocrx_word' id='word_1_862' title='bbox 3387 5143 3699 5198; x_wconf 75' lang='lat' dir='ltr'><strong>exhibentes</strong></span> 
     </span>
    </p>
   </div>
   <div class='ocr_carea' id='block_1_115' title="bbox 2125 5233 3700 5308">
    <p class='ocr_par' dir='ltr' id='par_1_115' title="bbox 2125 5233 3700 5308">
     <span class='ocr_line' id='line_1_115' title="bbox 2125 5233 3700 5308; baseline -0.008 -11"><span class='ocrx_word' id='word_1_863' title='bbox 2125 5243 2250 5297; x_wconf 65' lang='lat' dir='ltr'><strong>vita:</strong></span> <span class='ocrx_word' id='word_1_864' title='bbox 2271 5240 2693 5306; x_wconf 82' lang='lat' dir='ltr'><strong>conversionem,</strong></span> <span class='ocrx_word' id='word_1_865' title='bbox 2714 5253 2819 5308; x_wconf 91' lang='lat' dir='ltr'><strong>quo</strong></span> <span class='ocrx_word' id='word_1_866' title='bbox 2835 5238 3078 5306; x_wconf 86' lang='lat' dir='ltr'><strong>utrinque</strong></span> <span class='ocrx_word' id='word_1_867' title='bbox 3097 5236 3365 5290; x_wconf 83' lang='lat' dir='ltr'><strong>sufficiens</strong></span> <span class='ocrx_word' id='word_1_868' title='bbox 3386 5233 3538 5287; x_wconf 87' lang='lat' dir='ltr'><strong>nobis</strong></span> <span class='ocrx_word' id='word_1_869' title='bbox 3558 5242 3700 5286; x_wconf 70' lang='lat' dir='ltr'><strong>essu</strong></span> 
     </span>
    </p>
   </div>
   <div class='ocr_carea' id='block_1_116' title="bbox 2127 5322 3702 5401">
    <p class='ocr_par' dir='ltr' id='par_1_116' title="bbox 2127 5322 3702 5401">
     <span class='ocr_line' id='line_1_116' title="bbox 2127 5322 3702 5401; baseline -0.01 -12"><span class='ocrx_word' id='word_1_870' title='bbox 2127 5335 2351 5399; x_wconf 89' lang='lat' dir='ltr'><strong>cautela,</strong></span> <span class='ocrx_word' id='word_1_871' title='bbox 2387 5342 2439 5387; x_wconf 90' lang='lat' dir='ltr'><strong>ct</strong></span> <span class='ocrx_word' id='word_1_872' title='bbox 2481 5347 2650 5401; x_wconf 90' lang='lat' dir='ltr'><strong>neque</strong></span> <span class='ocrx_word' id='word_1_873' title='bbox 2675 5331 2763 5400; x_wconf 91' lang='lat' dir='ltr'><strong>qui</strong></span> <span class='ocrx_word' id='word_1_874' title='bbox 2791 5339 2895 5382; x_wconf 85' lang='lat' dir='ltr'><strong>stat</strong></span> <span class='ocrx_word' id='word_1_875' title='bbox 2927 5325 3277 5382; x_wconf 80' lang='lat' dir='ltr'><strong>confidentior</strong></span> <span class='ocrx_word' id='word_1_876' title='bbox 3304 5324 3409 5389; x_wconf 90' lang='lat' dir='ltr'><strong>sit,</strong></span> <span class='ocrx_word' id='word_1_877' title='bbox 3437 5322 3622 5376; x_wconf 84' lang='lat' dir='ltr'><strong>videns</strong></span> <span class='ocrx_word' id='word_1_878' title='bbox 3647 5331 3702 5375; x_wconf 85' lang='lat' dir='ltr'><strong>et</strong></span> 
     </span>
    </p>
   </div>
   <div class='ocr_carea' id='block_1_117' title="bbox 2123 5413 3698 5497">
    <p class='ocr_par' dir='ltr' id='par_1_117' title="bbox 2123 5413 3698 5497">
     <span class='ocr_line' id='line_1_117' title="bbox 2123 5413 3698 5497; baseline -0.012 -14"><span class='ocrx_word' id='word_1_879' title='bbox 2123 5428 2296 5497; x_wconf 77' lang='grc'><strong>⁴108108</strong></span> <span class='ocrx_word' id='word_1_880' title='bbox 2333 5425 2607 5489; x_wconf 89' lang='lat' dir='ltr'><strong>cecidisse,</strong></span> <span class='ocrx_word' id='word_1_881' title='bbox 2639 5420 2808 5491; x_wconf 83' lang='lat' dir='ltr'><strong>neque</strong></span> <span class='ocrx_word' id='word_1_882' title='bbox 2831 5418 2920 5488; x_wconf 91' lang='lat' dir='ltr'><strong>qui</strong></span> <span class='ocrx_word' id='word_1_883' title='bbox 2959 5418 3009 5472; x_wconf 91' lang='lat' dir='ltr'><strong>in</strong></span> <span class='ocrx_word' id='word_1_884' title='bbox 3049 5416 3278 5486; x_wconf 88' lang='lat' dir='ltr'><strong>peccatis</strong></span> <span class='ocrx_word' id='word_1_885' title='bbox 3302 5423 3384 5469; x_wconf 89' lang='lat' dir='ltr'><strong>est</strong></span> <span class='ocrx_word' id='word_1_886' title='bbox 3418 5413 3661 5480; x_wconf 72' lang='lat' dir='ltr'><strong>desperet</strong></span> <span class='ocrx_word' id='word_1_887' title='bbox 3682 5451 3698 5474; x_wconf 90' lang='lat'><strong>,</strong></span> 
     </span>
    </p>
   </div>
   <div class='ocr_carea' id='block_1_118' title="bbox 2131 5504 3702 5584">
    <p class='ocr_par' dir='ltr' id='par_1_118' title="bbox 2131 5504 3702 5584">
     <span class='ocr_line' id='line_1_118' title="bbox 2131 5504 3702 5584; baseline -0.013 -10"><span class='ocrx_word' id='word_1_888' title='bbox 2131 5520 2326 5574; x_wconf 86' lang='lat' dir='ltr'><strong>multos</strong></span> <span class='ocrx_word' id='word_1_889' title='bbox 2350 5516 2681 5584; x_wconf 81' lang='lat' dir='ltr'><strong>conspiciens</strong></span> <span class='ocrx_word' id='word_1_890' title='bbox 2718 5511 2804 5582; x_wconf 90' lang='lat' dir='ltr'><strong>qui</strong></span> <span class='ocrx_word' id='word_1_891' title='bbox 2849 5509 3201 5578; x_wconf 88' lang='lat' dir='ltr'><strong>resipuerunt,</strong></span> <span class='ocrx_word' id='word_1_892' title='bbox 3243 5514 3296 5561; x_wconf 91' lang='lat' dir='ltr'><strong>et</strong></span> <span class='ocrx_word' id='word_1_893' title='bbox 3334 5504 3400 5558; x_wconf 89' lang='lat' dir='ltr'><strong>ad</strong></span> <span class='ocrx_word' id='word_1_894' title='bbox 3436 5516 3702 5557; x_wconf 88' lang='lat' dir='ltr'><strong>summum</strong></span> 
     </span>
    </p>
   </div>
   <div class='ocr_carea' id='block_1_119' title="bbox 2130 5592 3701 5675">
    <p class='ocr_par' dir='ltr' id='par_1_119' title="bbox 2130 5592 3701 5675">
     <span class='ocr_line' id='line_1_119' title="bbox 2130 5592 3701 5675; baseline -0.013 -12"><span class='ocrx_word' id='word_1_895' title='bbox 2130 5612 2338 5665; x_wconf 83' lang='lat' dir='ltr'><strong>virtutis</strong></span> <span class='ocrx_word' id='word_1_896' title='bbox 2366 5609 2567 5675; x_wconf 84' lang='lat' dir='ltr'><strong>apicem</strong></span> <span class='ocrx_word' id='word_1_897' title='bbox 2615 5602 2888 5672; x_wconf 88' lang='lat' dir='ltr'><strong>pervenire</strong></span> <span class='ocrx_word' id='word_1_898' title='bbox 2935 5605 3238 5668; x_wconf 87' lang='lat' dir='ltr'><strong>potuerunt.</strong></span> <span class='ocrx_word' id='word_1_899' title='bbox 3287 5595 3464 5663; x_wconf 88' lang='lat' dir='ltr'><strong>Itaque</strong></span> <span class='ocrx_word' id='word_1_900' title='bbox 3491 5592 3664 5646; x_wconf 83' lang='lat' dir='ltr'><strong>nullus</strong></span> <span class='ocrx_word' id='word_1_901' title='bbox 3687 5629 3701 5652; x_wconf 92' lang='lat'><strong>,</strong></span> 
     </span>
    </p>
   </div>
   <div class='ocr_carea' id='block_1_120' title="bbox 2137 5683 3719 5772">
    <p class='ocr_par' dir='ltr' id='par_1_120' title="bbox 2137 5683 3719 5772">
     <span class='ocr_line' id='line_1_120' title="bbox 2137 5683 3719 5772; baseline -0.011 -21"><span class='ocrx_word' id='word_1_902' title='bbox 2137 5714 2336 5772; x_wconf 64' lang='lat' dir='ltr'><strong>quaeso,</strong></span> <span class='ocrx_word' id='word_1_903' title='bbox 2367 5696 2577 5752; x_wconf 87' lang='lat' dir='ltr'><strong>tametsi</strong></span> <span class='ocrx_word' id='word_1_904' title='bbox 2605 5693 2892 5749; x_wconf 84' lang='lat' dir='ltr'><strong>multorum</strong></span> <span class='ocrx_word' id='word_1_905' title='bbox 2915 5690 3174 5746; x_wconf 88' lang='lat' dir='ltr'><strong>bonorum</strong></span> <span class='ocrx_word' id='word_1_906' title='bbox 3206 5701 3424 5758; x_wconf 89' lang='lat' dir='ltr'><strong>operum</strong></span> <span class='ocrx_word' id='word_1_907' title='bbox 3449 5683 3547 5738; x_wconf 84' lang='lat' dir='ltr'><strong>sibi</strong></span> <span class='ocrx_word' id='word_1_908' title='bbox 3573 5696 3719 5736; x_wconf 72' lang='grc'><strong>0011·-</strong></span> 
     </span>
    </p>
   </div>
  </div>
