4116 6196
440 289 536 346 ἓ61
1520 285 1583 342 IN
1610 285 1760 342 CAP.
1805 282 1896 338 IX.
1936 278 2176 336 CENES.
2217 280 2448 338 IIOMIL.
2493 285 2680 344 XXIX.

441 419 583 458 scius
605 444 621 466 ,
649 401 1000 459 conﬁdentior
1035 401 1136 468 sit,
1181 400 1275 456 sed
1304 401 1494 456 anxius
1521 403 1610 468 sit,
1637 413 1691 457 et
1725 402 2018 456 sollicitus:

441 505 494 548 et
523 493 705 548 audiat
735 495 946 548 beatum
978 493 1198 548 Paulum
1237 492 1614 548 admonentem
1639 501 1694 548 et
1719 493 1980 549 dicentem
2005 533 2021 560 ,

445 585 544 650 Qui
568 595 702 638 stare
723 585 819 638 sibi
841 586 1054 649 videtur,
1080 585 1246 638 videat
1283 601 1344 638 ne
1377 584 1524 639 cadat
1551 585 1624 654 (1.
1651 584 1768 639 Cor.
1802 585 1885 640 I0.
1911 585 2022 655 12);

441 675 617 728 uultus
645 675 791 739 item,
820 675 906 745 qui
937 676 986 728 in
1019 674 1334 744 profundum
1365 674 1534 744 ipsum
1565 675 1777 728 malitia:
1802 674 2028 729 descen-

441 767 578 821 derit
604 809 616 827 ,
641 767 828 820 salutis
853 781 962 820 suae
993 781 1142 832 Spem
1173 766 1388 835 abjiciat
1409 807 1424 832 ,
1451 765 1542 820 sed
1574 765 1890 820 ineffabilem
1930 765 2025 820 Dei

442 859 858 912 misericordiam
904 859 1180 928 cogitans,
1232 857 1410 911 audiat
1466 858 1656 912 iterum
1713 858 1876 912 Deum
1932 873 2026 925 per

443 949 752 1018 prophetam
783 949 1050 1003 dicentem
1077 965 1090 1001 :
1139 947 1280 1001 Nunt
1307 949 1394 1018 qui
1434 948 1596 1011 cadit,
1628 964 1730 1001 non
1770 948 2024 1017 resurgit;

439 1053 486 1096 et
510 1042 594 1112 qui
619 1043 794 1095 auertit
822 1058 895 1105 se,
923 1058 1021 1094 non
1049 1042 1309 1094 revertitur
1341 1039 1472 1108 (Jer.
1501 1040 1554 1096 8.
1582 1040 1638 1109 4)
1661 1041 1684 1093 ‘3
1705 1049 1759 1093 et
1788 1040 1977 1093 iterum
2003 1079 2020 1104 ,

444 1130 582 1184 Nolo
619 1141 828 1184 mortem
870 1131 1163 1198 peccatoris,
1202 1131 1332 1184 sicut
1379 1131 1598 1183 converti
1633 1146 1746 1183 cum
1781 1138 1827 1182 et
1866 1129 2024 1182 vivere

441 1221 652 1288 (Exerit.
703 1222 787 1276 18.
832 1222 942 1291 25).
995 1221 1207 1284 Vidisti,
1253 1220 1469 1286 dilecte,
1510 1220 1688 1275 omnia
1732 1220 1784 1274 iu
1829 1220 2022 1273 divinis

439 1313 725 1382 Scripturis
750 1313 979 1382 scripta,
1008 1327 1114 1367 non
1145 1312 1245 1366 alia
1266 1311 1335 1366 de
1359 1325 1519 1366 causa
1562 1311 1829 1367 memoriae
1861 1310 2022 1364 fuisse

442 1405 651 1469 tradita,
683 1421 840 1474 quant
871 1413 1087 1473 propter
1115 1415 1350 1458 nostram
1383 1403 1686 1467 utilitatem,
1719 1409 1774 1456 et
1805 1400 2020 1454 humani

437 1499 648 1566 generis
697 1497 961 1551 Salutem?
991 1497 1114 1550 Ilatc
1154 1510 1332 1550 secum
1377 1494 1603 1564 quisque
1651 1503 1888 1546 nostrum
1929 1507 2018 1546 ex-

439 1588 632 1655 pendat
656 1630 669 1651 ,
699 1589 914 1657 suisque
953 1603 1181 1657 congrua
1207 1585 1512 1639 vulneribus
1542 1583 1824 1652 pharmaea
1855 1584 2024 1652 impo-

437 1686 548 1731 nat.
576 1675 697 1730 Ideo
722 1677 861 1729 enim
909 1677 1022 1731 lucc
1045 1676 1109 1730 ad
1153 1675 1355 1728 libitum
1399 1674 1646 1727 omnibus
1683 1681 1807 1726 sunt
1831 1688 2023 1741 propu-

434 1770 552 1832 sila,
603 1779 654 1822 et
708 1769 830 1822 licet
879 1768 1076 1822 volenti
1119 1768 1444 1822 conveniens
1494 1766 1604 1821 suis
1654 1765 2020 1820 affectionibus

436 1860 725 1912 remedium
770 1873 1060 1928 apponere,
1101 1867 1154 1912 et
1191 1858 1471 1912 sanitatem
1515 1857 1758 1925 accipere
1803 1857 2022 1910 celerri-

439 1966 576 2002 mam
603 1991 616 2014 ,
647 1958 848 2003 tantum
879 1949 1154 2004 medicina:
1179 1964 1360 2003 curam
1394 1963 1460 2004 ne
1495 1950 1615 2017 quis
1640 1933 1845 2016 rejiciat
1865 1988 1879 2012 ,
1924 1947 2016 2002 sed

439 2050 647 2107 gratum
693 2055 844 2092 smun
886 2038 1134 2093 exhibeat
1179 2040 1436 2092 animum.
1462 2038 1615 2092 Nulla
1654 2039 1794 2092 enim
1838 2048 1921 2092 est
1965 2038 2017 2092 in

442 2131 667 2184 Innnana
692 2141 878 2185 natura
905 2133 983 2184 vel
1010 2134 1246 2200 corporis
1272 2132 1356 2185 vel
1383 2132 1573 2185 animae
1601 2129 1878 2201 aegritudo,
1901 2145 2018 2198 quae

442 2222 756 2275 medicinam
808 2223 930 2276 hinc
977 2223 1216 2292 accipere
1253 2230 1498 2292 nequeat.
1531 2221 1850 2288 Quomodo?
1894 2221 2015 2286 die,

439 2313 682 2366 obsecro.
727 2311 1022 2381 Ingreditur
1047 2313 1162 2382 quis
1204 2313 1306 2366 huc
1348 2312 1556 2366 tristitia
1589 2321 1642 2367 et
1685 2311 2018 2381 negotiorum

437 2402 792 2456 Sollicitudine
819 2411 1066 2456 oneratus
1089 2443 1104 2468 ,
1133 2413 1186 2458 et
1212 2405 1480 2472 ingressus
1509 2402 1612 2456 huc
1636 2441 1650 2466 ,
1692 2402 1760 2456 ita
1790 2416 2019 2456 ηιωτοτθ

437 2494 696 2558 obrutus,
752 2495 928 2548 statim
987 2502 1042 2548 ut
1089 2493 1289 2548 audivit
1336 2493 1648 2563 prophetam
1703 2493 2014 2547 dicentem:

445 2584 610 2648 Quare
635 2585 787 2637 tristis
813 2601 895 2647 es,
930 2585 1098 2636 anima
1137 2601 1244 2636 mea
1264 2625 1278 2650 ,
1312 2596 1356 2638 et
1399 2601 1558 2655 quare
1591 2583 1858 2637 conturbas
1897 2586 2018 2639 me?

441 2675 605 2742 Spera
635 2676 685 2728 in
715 2674 872 2729 Deum
891 2717 906 2741 ,
933 2676 1169 2745 quoniam
1198 2675 1468 2743 confitebor
1496 2676 1542 2729 ei
1564 2691 1582 2729 :
1609 2676 1828 2729 salutare
1855 2675 2020 2728 uultus

439 2767 552 2828 mei,
575 2778 620 2821 et
655 2767 784 2820 Deus
815 2785 949 2821 meus
979 2766 1146 2838 (Psal.
1174 2770 1263 2822 41.
1291 2770 1346 2824 6.
1363 2770 1436 2836 7);
1467 2767 1751 2822 sufficienti
1778 2768 2020 2822 consola-

439 2861 583 2914 tione
611 2869 854 2928 suscepta
887 2861 1017 2923 abit,
1045 2869 1099 2914 et
1124 2876 1335 2914 omnem
1363 2861 1506 2914 illam
1532 2860 1725 2914 mentis
1748 2858 2016 2913 tristitiam

437 2953 654 3007 excutit.
705 2953 853 3006 Alius
898 2955 1044 3015 item,
1088 2953 1174 3022 qui
1221 2963 1456 3006 extrema
1503 2952 1758 3022 premitur
1800 2950 2016 3020 inopia,

437 3043 691 3110 gravatim
718 3042 816 3096 fert
850 3053 902 3097 et
929 3053 1136 3105 IIICBf‘cl,
1170 3042 1354 3095 videns
1380 3041 1513 3096 alios
1538 3042 1739 3095 divitiis
1760 3040 1979 3095 affluere
1999 3078 2014 3103 ,

437 3142 491 3186 ct
517 3134 666 3188 valde
695 3132 888 3200 inflari,
919 3149 1213 3203 magnoque
1238 3142 1490 3201 apparatu
1517 3141 1570 3187 et
1599 3147 1786 3201 pompa
1809 3131 2014 3200 stipari.

438 3223 598 3278 Audit
625 3240 656 3279 e
710 3225 796 3280 hic
821 3226 1068 3280 eumdem
1103 3225 1414 3294 prophetam
1446 3225 1709 3279 dicentem
1741 3243 1752 3277 :
1786 3223 1937 3275 Jacta
1967 3223 2017 3275 in

438 3315 709 3369 Dominum
749 3334 923 3370 curant
961 3328 1098 3370 tuam
1121 3359 1134 3382 ,
1164 3328 1211 3370 et
1257 3318 1361 3386 ipse
1401 3327 1446 3369 te
1474 3317 1683 3370 enutriet
1719 3315 1884 3384 (Psal.
1925 3315 2014 3370 51.

436 3407 562 3475 25);
597 3421 648 3461 et
691 3409 914 3462 itcrunt:
948 3407 1029 3462 Ne
1068 3410 1241 3461 timeas
1279 3425 1391 3460 cum
1430 3409 1616 3459 ditatus
1644 3407 1792 3474 [um-it
1829 3410 1976 3457 homo
2001 3445 2014 3466 ,

437 3497 514 3550 vel
538 3515 649 3551 cum
679 3500 1011 3568 multiplicata
1039 3500 1187 3566 fuerit
1215 3499 1376 3568 gloria
1405 3497 1583 3551 domus
1607 3500 1718 3565 ejus
1742 3513 1759 3550 :
1783 3499 2018 3566 quoniam

437 3605 549 3641 cum
565 3589 823 3651 interierit,
858 3605 956 3641 non
989 3598 1149 3641 suntet
1169 3588 1336 3642 omnia
1362 3587 1531 3658 (Psal.
1560 3589 1646 3641 48.
1671 3588 1754 3640 17.
1791 3588 1898 3654 18).
1929 3587 2020 3641 Est

438 3687 493 3732 et
526 3678 662 3733 alius
705 3694 913 3748 quoque
952 3679 1042 3747 qui
1088 3678 1302 3732 insidias
1343 3688 1394 3732 et
1426 3678 1714 3730 calumnias
1751 3679 2020 3731 sustinens

437 3768 604 3830 dolet,
630 3777 684 3823 et
721 3770 990 3823 insuavem
1022 3768 1398 3837 putatgvilatn,
1431 3782 1686 3836 nusquam
1729 3766 2016 3820 humanum

442 3859 677 3912 invenire
723 3859 904 3914 valens
942 3835 1215 3912 auxiliun‘i.
1249 3859 1477 3913 Docetur
1509 3868 1563 3913 et
1593 3859 1679 3912 hic
1715 3859 1783 3911 ab
1829 3857 2016 3912 eodem

441 3952 596 4006 beato
625 3951 878 4021 propheta
910 3952 962 4004 in
995 3951 1186 4006 talibus
1212 3951 1468 4020 angustiis
1499 3966 1602 4004 non
1637 3950 1701 4003 ad
1729 3951 2017 4003 humanum

441 4043 742 4112 pratsidium
780 4042 1225 4111 confugiendum:
1273 4041 1422 4096 audit
1458 4041 1598 4096 enim
1632 4042 1800 4110 ipsum
1837 4041 2017 4094 dicen-

441 4144 547 4187 tem
573 4151 586 4187 :
617 4132 646 4185 Ι
651 4136 728 4202 psi
757 4133 1077 4186 detrahebant
1101 4133 1225 4185 uti/ti
1245 4173 1260 4197 ,
1289 4148 1381 4201 ego
1405 4141 1573 4187 autem
1601 4132 1808 4184 orabam
1843 4127 2013 4199 (Psal.

438 4224 558 4278 tos.
590 4225 664 4294 4).

507 4315 692 4370 Preces
739 4316 908 4369 omnia
963 4315 1090 4370 leuia
1143 4323 1189 4368 et
1243 4313 1415 4381 facilia
1466 4312 1702 4365 reddunt.
1738 4309 2013 4364 -—V'idisti

436 4408 576 4463 unde
600 4417 802 4477 qua-rat
836 4407 1131 4462 auxilium?
1160 4406 1262 4460 Alii
1288 4446 1304 4471 ,
1335 4405 1501 4474 inquit
1525 4445 1540 4469 ,
1567 4404 1720 4459 dolos
1754 4411 2016 4458 consuunt

437 4508 489 4553 et
513 4500 806 4553 caluumias
836 4499 1193 4567 insidiasque:
1235 4512 1334 4567 ego
1375 4504 1552 4550 autem
1583 4495 1649 4548 ad
1688 4495 2014 4564 inexpugna-

437 4589 595 4644 bilem
623 4604 832 4644 tnurum
863 4588 1140 4658 confugio,
1172 4587 1236 4641 ad
1267 4597 1429 4640 tutam
1458 4586 1765 4651 aneltoram,
1793 4585 1859 4639 ad
1894 4599 2014 4652 por-

439 4690 545 4732 tttnt
577 4679 828 4734 fluctuum
850 4690 1146 4750 expertem,
1174 4678 1238 4732 ad
1273 4694 1475 4747 preces,
1506 4679 1740 4748 inquam,
1767 4691 1863 4745 per
1883 4688 2014 4744 quas

435 4769 612 4822 omnia
631 4769 864 4824 difﬁcilia
887 4770 1017 4825 levia
1041 4779 1094 4824 et
1111 4769 1278 4822 facilia
1302 4769 1427 4822 mihi
1459 4769 1606 4822 ﬁunt.
1635 4767 1853 4832 Insuper
1879 4765 2013 4818 alius

434 4859 502 4912 ab
516 4860 580 4913 iis
591 4862 674 4930 qui
695 4863 838 4930 prius
856 4862 950 4930 ipsi
967 4859 1352 4923 ministrabant,
1369 4853 2020 4927 desilit-iturcteontemui-

438 4959 539 5013 tur,
568 4963 726 5020 atque
747 4951 814 5004 ab
834 4951 1014 5005 amicis
1039 4951 1372 5019 relinquitur,
1404 4959 1456 5002 et
1479 4950 1576 5002 hoc
1597 4959 1676 5002 est
1705 4947 1845 5016 quod
1869 4963 2015 5002 men-

437 5050 542 5094 tem
569 5041 684 5108 ejus
714 5042 941 5096 maxime
963 5043 1243 5096 conturbat
1267 5050 1320 5096 et
1340 5040 1634 5094 confundit.
1659 5039 1764 5094 Sed
1785 5050 1837 5095 et
1861 5039 1944 5095 hic
1967 5041 2011 5095 si

439 5133 683 5196 voluerit,
709 5132 810 5187 huc
830 5134 1090 5188 accedens
1106 5133 1284 5189 audiet
1309 5134 1519 5187 beatum
1544 5132 1691 5185 illum
1713 5132 1974 5187 dicentem
1997 5151 2009 5186 :

439 5221 596 5273 Amici
627 5223 721 5274 ntei
751 5231 796 5274 et
824 5223 1038 5290 proximi
1061 5225 1156 5274 mei
1187 5223 1449 5275 aduersum
1477 5237 1553 5275 me
1577 5208 2012 5290 apprcpinquave-

437 5324 554 5366 runt
576 5323 620 5367 et
644 5322 898 5367 steterunt.
932 5313 1000 5366 Et
1039 5315 1127 5382 qui
1163 5315 1305 5379 iuxta
1340 5329 1414 5365 me
1441 5324 1580 5366 erant
1618 5329 1648 5364 a
1679 5313 1824 5380 longe
1864 5321 2008 5363 stete-

436 5412 575 5466 runt,
607 5413 653 5455 et
679 5404 775 5455 vim
801 5406 1047 5473 faciebant
1076 5405 1160 5470 qui
1183 5406 1466 5473 quwrebant
1492 5404 1712 5455 animant
1744 5419 1902 5454 nteant
1920 5417 1938 5454 :
1968 5411 2014 5453 et

436 5492 520 5559 qui
545 5495 828 5560 maerebant
855 5498 988 5547 mala
1017 5494 1138 5545 mihi
1157 5535 1170 5557 ,
1198 5494 1387 5562 loquuti
1408 5503 1521 5545 sunt
1547 5492 1784 5544 vanitates
1803 5532 1815 5552 ,
1843 5500 1887 5543 et
1918 5489 2012 5543 do-

437 5582 512 5633 los
554 5591 655 5633 tota
699 5583 781 5636 die
821 5583 1188 5635 nu'ditabantnr
1244 5581 1414 5648 (l’sai.
1442 5583 1528 5638 57.
1570 5581 1648 5634 12.
1680 5582 1789 5648 15).
1827 5579 2010 5631 Vidisti

441 5684 706 5732 struentes
734 5676 952 5732 insidias
979 5692 1144 5746 usque
1175 5675 1239 5729 ad
1268 5686 1489 5731 mortem
1523 5679 1687 5746 ipsam
1711 5717 1722 5739 ,
1753 5686 1802 5727 et
1828 5689 2010 5742 perpe-

3605 302 3706 356 26?.

2141 406 2283 451 tuum
2310 399 2504 455 bellum
2535 406 2824 473 gerentes?
2851 406 2981 462 Nam
3005 407 3106 465 hoc
3132 411 3326 468 indicat
3344 453 3361 480 ,
3401 431 3519 472 cum
3541 420 3663 474 dicit
3692 441 3706 478 :

2133 489 2261 581 Tota
2281 494 2362 546 die
2381 496 2763 564 meditabantur,
2785 500 2906 568 quia
2930 517 3023 570 per
3046 512 3204 558 totam
3228 507 3406 561 vitam.
3429 508 3562 575 Quid
3584 531 3709 581 ergo

2134 579 2220 668 ille
2247 581 2476 649 interim,
2503 584 2626 638 dum
2653 586 3025 644 insidiarentur
3051 603 3105 646 et
3125 595 3458 662 molirentur,
3488 579 3708 668 agt-bat?

2135 667 2245 741 Ego
2273 683 2438 728 autem
2456 716 2471 739 ,
2503 676 2698 746 inquit,
2729 681 2874 749 quasi
2900 682 3082 735 surdus
3108 699 3206 737 non
3235 687 3446 740 audiens
3465 728 3479 752 ,
3505 667 3554 742 et
3581 692 3707 744 sicut

2133 775 2298 818 mutus
2321 783 2421 820 non
2449 770 2679 838 aperiens
2699 787 2754 823 os
2779 788 2963 838 suum;
2995 784 3039 827 et
3069 778 3232 843 factus
3254 795 3366 832 sum
3389 782 3518 833 sicut
3556 783 3706 837 homo

2132 868 2230 905 non
2269 856 2512 922 audiens,
2544 869 2590 912 et
2625 875 2725 912 non
2765 861 2951 916 ltabens
2993 863 3045 916 in
3086 881 3169 918 ore
3195 883 3287 920 suo
3328 870 3706 940 redargutioues

2131 943 2304 1012 (Psat.
2327 948 2416 1001 37.
2450 949 2532 1002 11.
2563 951 2673 1019 15).
2704 951 2890 1008 Vidisti
2915 956 3263 1012 excellentem
3294 959 3702 1031 philosophiam,

2130 1038 2396 1104 quomodo
2421 1039 2627 1096 diversa
2666 1043 2750 1098 via
2778 1045 2942 1099 vicit?
2969 1045 3047 1101 Illi
3075 1047 3227 1103 dolos
3251 1051 3525 1108 struebant
3548 1094 3564 1120 ,
3595 1056 3708 1124 ipse

2127 1141 2284 1183 aures
2313 1129 2628 1196 obturabat,
2659 1149 2725 1188 ne
2749 1135 2998 1193 audiret:
3047 1138 3121 1192 illi
3147 1141 3290 1194 omni
3328 1153 3565 1212 tempore
3602 1162 3705 1201 non

2128 1219 2408 1273 cessabant
2451 1221 2680 1292 tinguant
2711 1239 2923 1288 acuere.
2955 1236 3010 1282 et
3034 1229 3294 1284 vanitates
3318 1242 3372 1285 et
3403 1233 3708 1290 fraudulen-

2130 1307 2228 1360 tias
2268 1311 2551 1378 meditari;
2596 1315 2682 1368 hic
2707 1326 2883 1371 autem
2933 1318 3146 1374 silentio
3187 1321 3396 1376 illorum
3447 1325 3704 1382 insaniam

2127 1401 2527 1466 comprimebat.
2563 1405 2626 1459 Et
2653 1421 2820 1475 quare
2848 1409 2926 1463 sic
2948 1423 3006 1464 se
3031 1411 3200 1480 gerit,
3233 1420 3288 1466 et
3311 1413 3434 1468 licet
3463 1415 3566 1469 illis
3591 1416 3706 1472 haec

2126 1494 2501 1558 apparantibus
2543 1495 2655 1565 ipse
2680 1498 2757 1552 sic
2792 1500 2902 1570 agit
2934 1503 3084 1570 quasi
3114 1503 3305 1558 surdus
3331 1515 3385 1560 et
3409 1518 3586 1562 mutus
3607 1549 3620 1570 ,
3652 1521 3707 1564 et

2126 1583 2275 1650 quasi
2319 1600 2491 1654 neque
2535 1602 2728 1652 aures,
2775 1605 2946 1660 neque
2998 1593 3226 1662 linguam
3285 1595 3518 1650 habeat?
3568 1600 3704 1654 Audi

2127 1671 2295 1739 ipsum
2327 1684 2483 1729 tanta:
2510 1677 2856 1747 phil050phiat
2881 1696 3091 1736 causam
3109 1683 3371 1739 dicentem
3395 1705 3408 1740 :
3434 1688 3564 1754 Quia
3587 1689 3637 1742 in
3661 1701 3706 1743 te

2124 1763 2339 1830 speravi,
2367 1762 2584 1818 Domine
2627 1766 2788 1834 (Ibid.
2818 1784 2865 1821 υ.
2899 1769 3003 1841 16).
3031 1771 3166 1839 Quia
3206 1790 3234 1826 a
3263 1784 3313 1828 te
3363 1777 3555 1843 pendet
3582 1793 3704 1845 spes

2126 1867 2264 1928 mea,
2298 1854 2485 1922 inquit,
2516 1865 2568 1910 et
2594 1856 2644 1910 in
2679 1867 2730 1912 te
2759 1873 2844 1913 me
2870 1861 3088 1929 projeci,
3123 1863 3262 1916 nulla
3294 1865 3419 1918 mihi
3452 1883 3576 1920 cura
3599 1879 3700 1931 est,

2124 1941 2248 2010 quid
2280 1943 2351 1996 illi
2382 1955 2557 2013 agant.
2597 1946 2764 2001 Tuum
2795 1951 2935 2003 enim
2975 1952 3226 2006 auxilium
3255 1956 3382 2009 satis
3415 1967 3599 2022 potens
3623 1968 3703 2013 est

2123 2031 2189 2085 ad
2214 2032 2516 2102 dissipanda
2560 2035 2673 2091 hcec
2698 2040 2872 2092 omnia
2898 2082 2912 2104 ,
2941 2040 3219 2110 irritasque
3260 2045 3552 2100 reddendas
3582 2049 3701 2102 illu-

2123 2137 2240 2177 rum
2266 2126 2680 2183 machinationes
2705 2138 2758 2184 et
2782 2129 3020 2196 insidias,
3052 2141 3108 2186 ut
3130 2132 3258 2187 nihil
3280 2150 3462 2188 eorum
3487 2137 3698 2206 implea-
3760 2157 3762 2160 ·

2125 2223 2211 2269 tur
2233 2217 2372 2286 quod
2398 2229 2675 2288 apparant.

2192 2304 2247 2358 2.
2290 2305 2556 2376 Scriptura
2599 2325 2743 2362 sacra
2793 2310 2845 2364 in
2889 2311 3258 2367 calamitatibus
3305 2317 3602 2373 antidotum.
3630 2349 3699 2363 -

2124 2393 2342 2451 Vidistis
2397 2398 2662 2466 quomodo
2698 2415 3027 2472 quacumque
3068 2405 3364 2460 calamitate
3413 2409 3697 2466 humanam

2123 2497 2361 2540 naturam
2409 2499 2701 2558 premente,
2745 2506 3040 2561 congruens
3069 2511 3132 2548 ex
3171 2497 3454 2565 Scripturis
3487 2502 3698 2554 antido-

2125 2585 2232 2631 tum
2257 2579 2497 2648 accipere
2538 2580 2710 2647 liceat,
2742 2590 2797 2636 et
2825 2599 3036 2637 omnem
3070 2585 3190 2640 \ita:
3231 2587 3385 2657 hujus
3417 2607 3697 2648 tuan-orem

2123 2669 2384 2738 repellere
2407 2710 2422 2735 ,
2451 2686 2622 2740 neque
2648 2672 2715 2724 ah
2747 2673 2854 2726 ullo
2880 2674 3020 2744 quod
3046 2677 3255 2743 accidit,
3288 2681 3494 2748 gravari
3517 2683 3539 2734 ?
3568 2683 3698 2735 I'ro.

2123 2767 2303 2826 ptet'ea
2328 2763 2571 2825 obsecro,
2602 2771 2660 2815 ut
2688 2762 2992 2831 frequenter
3020 2765 3120 2819 ltuc
3147 2769 3391 2832 veniatis,
3419 2778 3472 2825 et
3503 2771 3698 2826 divina:

2123 2848 2408 2917 Scriptura-
2432 2851 2710 2904 lectionem
2733 2853 3010 2922 diligenter
3031 2857 3368 2911 auscultetis:
3397 2875 3498 2912 nou
3527 2861 3698 2916 solum

2121 2954 2240 2993 cum
2270 2941 2372 2994 huc
2402 2942 2608 3005 venitis,
2635 2943 2726 2996 sed
2756 2953 2809 2998 et
2837 2945 2977 2998 domi
3007 2946 3212 3000 divinos
3241 2949 3402 3003 libros
3433 2951 3484 3004 itt
3515 2968 3700 3008 manus

2122 3031 2347 3094 sumite,
2374 3041 2428 3085 et
2466 3033 2741 3086 utilitatem
2779 3035 2830 3088 in
2882 3035 2984 3090 illis
3019 3039 3239 3105 positam
3294 3056 3484 3110 magno
3524 3043 3699 3099 studio

2122 3119 2390 3188 suscipite.
2424 3119 2549 3175 Inde
2580 3123 2719 3176 enim
2754 3125 2972 3177 multum
3003 3126 3132 3180 lucri
3166 3130 3398 3183 nascitur
3429 3149 3440 3184 :
3473 3133 3699 3200 primum

2121 3209 2334 3279 quidem
2384 3211 2606 3266 lectione
2648 3214 2819 3284 lingua
2871 3215 3228 3284 reformatur;
3282 3196 3486 3278 deinde
3526 3196 3698 3280 sitiunt

2122 3303 2384 3354 excitatur
2409 3312 2463 3355 et
2489 3304 2729 3357 sublimis
2749 3307 2994 3370 efﬁcitur,
3018 3308 3311 3378 juhareque
3337 3314 3699 3382 solisjustitia:

2124 3393 2456 3458 illustratur,
2513 3410 2712 3464 perque
2764 3406 2969 3464 tempus
3016 3399 3141 3453 illud
3194 3403 3260 3453 ab
3307 3404 3695 3461 immundartnn

2123 3485 2497 3552 Cogitatiouum
2542 3485 2806 3539 illecebris
2851 3487 3136 3554 liberatur,
3185 3491 3348 3543 multa
3405 3498 3580 3561 quiete
3634 3513 3698 3553 ac

2125 3577 2500 3644 tranquillitate
2528 3576 2725 3630 fruens.
2761 3576 2979 3647 Insuper
3001 3580 3142 3648 qttod
3172 3581 3235 3633 ad
3259 3585 3527 3652 augendas
3554 3588 3696 3644 vires

2123 3666 2359 3734 corporis
2393 3665 2657 3720 sensibilis
2697 3666 2784 3720 ille
2820 3668 2968 3721 cibus
2997 3667 3151 3732 facit,
3200 3671 3249 3723 id
3297 3673 3486 3727 auiune
3538 3675 3697 3734 lectio

2124 3768 2357 3829 prtestat.
2399 3759 2680 3828 Spirituale
2721 3761 2860 3814 ettim
2908 3761 3215 3815 alimentum
3261 3774 3371 3830 est,
3423 3776 3474 3818 et
3507 3767 3694 3827 fortem

2123 3849 2296 3906 reddit
2325 3851 2574 3915 animam,
2598 3863 2648 3905 et
2668 3853 3104 3916 constantiorem,
3155 3865 3209 3909 et
3239 3857 3405 3924 magis
3449 3861 3690 3928 philuso.

2123 3941 2354 4012 phicam,
2388 3957 2490 3994 tton
2526 3943 2837 4010 permittens
2869 3954 2923 3996 ut
2967 3945 3032 3996 ah
3062 3944 3426 4001 affectimdlnts
3454 3951 3695 4007 absurdis

2121 4032 2385 4101 capiatur:
2405 4032 2497 4086 sed
2518 4033 2682 4086 levem
2701 4042 2753 4085 et
2773 4034 2964 4085 alatam
2987 4033 3202 4098 faciens,
3240 4037 3290 4089 itt
3314 4039 3499 4092 emtum
3526 4042 3696 4110 ipsum

2121 4122 2502 4190 propemodum
2532 4123 2796 4175 transfert.
2843 4123 3064 4176 Tantum
3115 4124 3268 4192 igitur
3297 4126 3527 4191 lucrum,
3559 4147 3654 4182 oro
3679 4173 3696 4197 ,

2125 4227 2191 4264 ne
2218 4226 2314 4280 per
2344 4210 2718 4280 negligentiam
2748 4212 3072 4274 amittamus,
3105 4213 3197 4266 sed
3229 4215 3385 4267 etiam
3423 4216 3562 4269 domi
3606 4235 3695 4272 va-

2121 4318 2304 4358 cemus
2330 4303 2626 4357 divinarum
2655 4303 3042 4372 Scriptttrarum
3085 4304 3327 4367 lectioni,
3357 4315 3410 4359 et
3450 4307 3533 4362 hic
3562 4326 3695 4378 pra:-

2121 4404 2302 4448 sentes
2338 4395 2520 4448 nonin
2559 4395 2711 4464 nugis
2752 4403 2804 4446 et
2849 4394 3122 4447 inutilibus
3159 4396 3436 4464 colloquiis
3487 4407 3694 4468 tempus

2122 4485 2451 4537 insumamus
2482 4502 2495 4539 :
2528 4484 2621 4538 sed
2653 4496 2864 4554 propter
2892 4485 3030 4553 quod
3062 4488 3426 4551 Convenimus,
3459 4492 3696 4544 attenda-

2122 4587 2241 4626 tnus
2282 4589 2399 4642 qua:
2429 4574 2700 4642 legantur,
2749 4583 2804 4625 ut
2845 4575 3029 4640 majori
3073 4574 3194 4626 imle
3235 4575 3402 4627 fructtt
3449 4591 3698 4644 peiceptu

2123 4663 2398 4718 discedere
2423 4663 2595 4715 liceat.
2629 4663 2777 4727 Quod
2805 4664 2844 4713 si
2879 4663 2978 4714 huc
3007 4663 3331 4729 ingressi,ad
3365 4663 3694 4732 intempesti-

2124 4768 2219 4806 vas
2246 4761 2298 4806 et
2321 4753 2527 4805 inutiles
2545 4751 2996 4805 confabulationes
3011 4767 3102 4802 vos
3127 4752 3398 4814 confertis,
3418 4762 3469 4804 et
3497 4754 3695 4821 absque

2121 4844 2364 4912 ampliori
2394 4841 2563 4896 fructu
2592 4841 2713 4894 hinc
2737 4840 2914 4900 abitis.
2939 4857 3054 4908 qtue
3078 4840 3312 4893 utilitas?
3335 4842 3523 4895 Λοιιιυιι
3552 4847 3693 4898 enim

2121 4936 2408 4991 absurdum
2435 4943 2534 4995 est,
2559 4948 2650 4987 eos
2665 4933 2752 5001 qui
2785 4932 2847 4982 ad
2877 4932 3154 4984 smcularcs
3184 4931 3441 4984 nundinas
3459 4935 3692 5001 veniunt,

2121 5027 2375 5082 sollicitos
2424 5040 2542 5082 esse
2590 5033 2642 5076 ut
2674 5032 2952 5090 antequam
2986 5021 3233 5086 redeant,
3267 5024 3439 5075 omnia
3469 5041 3585 5092 qua:
3630 5043 3692 5083 ex

2123 5117 2374 5173 nundinis
2401 5124 2605 5185 oportet
2639 5115 2850 5182 capiant
2869 5153 2882 5175 ,
2916 5113 3037 5166 licet
3067 5112 3299 5180 pecuniae
3329 5113 3692 5181 impendenda:

2122 5210 2229 5264 sint
2256 5225 2270 5260 :
2297 5223 2390 5263 eos
2416 5217 2591 5260 autem
2622 5205 2709 5264 qui
2742 5205 2841 5258 huc
2866 5203 2930 5255 ad
2960 5202 3260 5270 spiritualcs
3304 5203 3397 5254 bas
3434 5203 3692 5258 nundinas

2123 5301 2374 5366 veniunt,
2421 5312 2522 5352 nm!
2562 5311 2721 5351 omne
2769 5295 3004 5350 studium
3037 5293 3358 5363 impendere,
3390 5303 3445 5347 ut
3466 5298 3693 5364 acceptis

2123 5392 2368 5455 utilibus,
2419 5400 2474 5445 ct
2526 5393 2577 5444 iu
2626 5388 2798 5441 anima
2829 5385 3103 5453 depositis,
3147 5384 3424 5447 recedant;
3467 5387 3693 5442 maxime

2122 5503 2242 5539 cum
2281 5485 2422 5537 nullo
2450 5482 2789 5550 pecuniarum
2809 5487 3021 5547 sumptu
3046 5476 3129 5530 hic
3155 5492 3290 5544 opus
3316 5487 3383 5530 sn
3404 5519 3417 5539 ,
3452 5477 3543 5531 sed
3581 5478 3691 5532 ala-

2123 5576 2313 5632 critate
2339 5575 2444 5626 sola
2478 5583 2526 5625 et
2558 5579 2755 5624 attenta
2783 5569 2997 5622 mente?
3037 5565 3100 5622 Ut
3126 5566 3284 5635 igitur
3318 5581 3383 5621 ne
3407 5567 3694 5622 deteriores

2126 5671 2291 5724 simus
2322 5666 2384 5717 iis
2411 5664 2498 5732 qui
2523 5662 2586 5714 ad
2620 5660 2899 5714 smeutares
2924 5667 3188 5713 mercatus
3213 5657 3410 5711 vadunt
3437 5698 3447 5724 ,
3479 5672 3694 5728 operam
