4102 6204
334 198 441 253 9.65

417 310 556 364 Ἀλλ’
590 309 719 373 ἴσως
747 308 889 362 εἴποι
919 324 1002 371 τις
1033 306 1098 362 ἀν
1119 323 1133 337 '
1188 306 1296 362 Καὶ
1329 307 1473 370 τίνος
1503 307 1685 361 ἓνεκεν
1729 305 1997 359 τοσούτων

336 394 486 468 [2841
523 396 689 467 γέμον
715 395 897 449 κακῶν
933 394 1099 464 φυτὸν
1145 393 1225 456 είς
1270 392 1360 446 τὸν
1394 392 1506 463 βίον
1562 392 1879 464 είσηνέχθη;
1907 390 1997 464 Μὴ

332 483 521 546 ἀπλῶς
543 483 611 536 τά
637 483 857 535 ἐπιόντα
887 480 1145 551 φθέγγου,
1180 480 1457 550 ἄνθρωπε.
1490 479 1564 532 Οὐ
1592 479 1699 549 γὰρ
1744 478 1806 531 τὸ
1834 477 1998 547 φυτὸν

336 568 519 631 κακὸν,
535 567 658 622 οὔτε
683 568 711 620 ὁ
731 563 872 631 οἶνος
898 567 1154 637 πονηρὸν,
1177 565 1291 619 ἀλλ’
1310 568 1344 636 ή
1375 564 1525 636 παρά
1554 564 1617 618 :0
1642 564 1758 618 δέον
1780 564 1993 634 χρῆσις.

337 655 457 707 Ὀτι
487 654 595 726 γὰρ
630 653 691 706 οὺ
726 654 878 725 παρά
905 654 995 706 τὸν
1019 649 1160 705 οἶνον
1188 651 1256 705 τὰ
1279 652 1646 723 ἁμαρτήματα
1670 650 1741 703 τὰ
1780 650 1997 722 ὀλέθρια

270 752 276 769 ·
330 740 590 805 τίκτεται,
617 739 752 793 ἀλλά
780 739 931 810 παρά
959 737 1057 809 τὴν
1091 736 1486 808 διεφθαρμένην
1523 736 1765 807 γνώμην,
1799 736 1893 790 καὶ
1919 735 1996 807 τῷ

329 827 394 894 τῇ
419 824 655 896 ἀμετρίᾳ
680 824 1037 895 λυμαίνεσθαι
1062 824 1160 895 τὴν
1181 824 1245 876 ἐκ
1266 821 1454 876 τούτου
1477 822 1832 893 ἐγγινομένην
1860 823 1998 893 ώφέ-

330 910 478 964 λειαν
500 927 514 941 ·
544 911 632 965 διὰ
660 911 816 965 τοῦτο
843 909 939 986 νύν
972 911 1110 982 μετὰ
1136 911 1227 964 τὸν
1247 910 1628 981 κατακλυσμὸν
1649 909 1885 963 δείκνυσί
1914 926 1996 963 σοι

328 997 424 1051 τοῦ
450 998 593 1051 οἴνου
626 998 722 1069 τὴν
754 999 968 1070 χρῆσιν,
1028 998 1113 1051 ἵνα
1143 997 1319 1071 μάθῃς
1350 998 1432 1051 ὅτι
1485 999 1580 1050 καὶ
1611 1000 1716 1068 πρὸ
1759 996 1859 1067 τῆς
1899 995 1994 1049 τοῦ

327 1083 473 1138 οἴνου
505 1086 752 1156 χρήσεως
773 1086 867 1138 καὶ
894 1087 974 1148 εἰς
994 1084 1279 1153 ἀσέλγειαν
1306 1083 1748 1155 ὑπερϐάλλουσαν
1783 1081 1997 1147 ἐξώκειο

325 1167 419 1223 λεν
445 1172 477 1241 ή
503 1170 610 1224 τῶν
628 1171 928 1241 ἀνθρώπων
958 1171 1138 1240 φύσις,
1174 1172 1268 1225 καὶ
1292 1170 1490 1243 πολλὴν
1526 1170 1633 1224 τῶν
1666 1170 1995 1242 ἁμαρτημά-

329 1272 438 1309 των
464 1257 562 1327 τὴν
597 1257 847 1312 ἐπίτασιν
875 1258 1206 1323 ἐπεδείξατο,
1237 1258 1331 1313 καὶ
1363 1257 1537 1312 ταῦτα
1567 1259 1708 1310 οἴνου
1744 1255 1991 1328 μηδαμοῦ

330 1342 652 1413 φαινομένου
672 1359 685 1372 ·
727 1343 814 1397 ἵνα
836 1344 928 1397 καὶ
952 1344 1079 1398 ὅταν
1114 1344 1228 1415 ἴδῃς
1251 1344 1348 1414 τὴν
1378 1342 1469 1397 τοῦ
1500 1344 1640 1396 οῖνου
1668 1343 1883 1414 χρῆσιν,
1919 1342 1993 1414 μὴ

326 1426 403 1492 τῷ
426 1427 553 1498 οἴνῳ
582 1427 643 1482 :0
663 1430 771 1482 πᾶν
807 1427 1017 1501 λογίσῃ,
1045 1428 1179 1481 ἀλλά
1206 1431 1271 1500 τῇ
1305 1429 1617 1500 προαιρέσει
1650 1432 1715 1499 τῇ
1742 1428 1995 1501 διεφθαρ-

327 1512 487 1585 μένῃ,
518 1514 612 1567 καὶ
663 1516 802 1584 πρὸς
846 1514 944 1586 τὴν
980 1515 1177 1570 κακίαν
1207 1515 1644 1586 αὐτομολησάσῃ.
1683 1516 1889 1578 ’Ἄλλως
1936 1515 1993 1569 δὲ

327 1601 421 1654 καὶ
459 1602 708 1671 ἐννόησον
742 1600 845 1655 ποῦ
881 1603 1152 1674 χρήσιμος
1175 1603 1396 1672 γέγονεν
1428 1605 1455 1655 ὁ
1482 1599 1641 1668 οἶνος,
1665 1603 1756 1655 καὶ
1782 1602 1989 1672 φρῖξον,

326 1684 601 1757 ἄνθρωπε.
632 1688 824 1758 Ἦ”γάρ
847 1689 1102 1752 ὑπόθεσις
1125 1690 1224 1759 τῆς
1242 1689 1512 1761 σωτηρίας
1539 1689 1694 1760 ἡμῶν
1719 1688 1827 1743 τῶν
1851 1690 1990 1756 ἀγα-

326 1771 436 1825 θῶν
463 1772 551 1826 διὰ
576 1773 765 1827 τούτου
798 1774 1048 1828 τελεῖται.
1088 1777 1296 1829 Ἰσασιν
1319 1777 1366 1828 οί
1394 1776 1733 1846 μεμυημένοι
1764 1775 1825 1828 τὸ
1848 1775 1993 1844 λεγό-

327 1875 506 1929 μενον.
536 1861 642 1915 Kal
670 1861 894 1930 ἤρξατο
935 1861 1100 1927 Νῶε,
1153 1864 1339 1933 φησὶν,
1395 1863 1701 1931 ἄνθρωπος
1739 1862 1991 1933 γεωργὸς

323 1943 459 2015 γῆς,
504 1948 604 2001 καί
657 1947 992 2016 ἐφύτευσεν
1021 1948 1343 2018 ἀμπελῶνα
1365 1988 1380 2013 ,
1428 1949 1528 2005 καὶ
1572 1949 1743 2004 ἔπιεν
1787 1951 1856 2003 ἐκ
1884 1948 1991 2004 τοῦ

322 2030 512 2094 οἴνου,
535 2031 634 2085 καί
668 2033 989 2102 ἐμεθύσθη,
1020 2033 1119 2088 καί
1145 2033 1457 2104 ἐγυμνώθη
1498 2034 1568 2087 ἐν
1604 2033 1683 2100 τῷ
1711 2034 1852 2101 οἴκῳ
1881 2036 1989 2089 αύ-

322 2115 448 2169 τοῦ.
479 2118 661 2172 Δεινδν
687 2119 813 2191 γάρ,
861 2119 1055 2184 δεινὸν,
1102 2120 1375 2190 ἀγαπητὲ,
1412 2121 1445 2191 ἡ
1476 2119 1635 2190 μέθη,
1681 2121 1774 2173 καλ⁸
1830 2121 1989 2193 ίκανὴ

322 2202 579 2274 πηρῶσαι
604 2204 702 2268 τὰς
725 2205 1022 2277 αἰσθήσεις,
1055 2206 1148 2259 καὶ
1171 2205 1571 2260 καταδαπτίσαι
1594 2206 1684 2259 τὸν
1709 2205 1986 2278 λογισμόν.

322 2288 427 2340 Τὺν
455 2287 564 2360 γάρ
584 2289 799 2358 λογικὸν
821 2290 1126 2362 ἄνθρωπον,
1156 2291 1251 2345 καὶ
1273 2291 1371 2362 τὴν
1400 2290 1542 2345 κατὰ
1563 2290 1779 2346 πάντων
1816 2291 1989 2364 ἀρχὴν

318 2374 763 2448 ἀναδεδεγμένον,
785 2377 1032 2449 καθάπερ
1049 2378 1239 2450 νεκρὸν
1262 2379 1357 2433 καὶ
1376 2379 1755 2451 ἀνενέργητον,
1773 2379 1991 2448 δεσμοῖς

319 2476 462 2515 τισιν
487 2463 702 2529 ἀλύτοις
744 2466 1024 2536 πεδήσασα
1060 2464 1271 2519 κεῖσθαι
1306 2464 1742 2536 παρασκευάζει·
1792 2465 1989 2536 μᾶλλον

318 2547 378 2603 δέ
406 2551 497 2605 καὶ
528 2551 723 2622 νεκροῦ
752 2555 953 2624 χεῖρον.
998 2554 1057 2608 '0
1085 2552 1184 2623 μὲν
1212 2552 1319 2624 γάρ
1342 2553 1435 2605 καὶ
1463 2552 1597 2623 πρὸς
1625 2552 1692 2605 τὰ
1722 2550 1863 2605 καλά
1896 2551 1989 2606 καὶ

320 2634 457 2706 πρὸς
476 2636 544 2691 τά
566 2639 711 2694 κακά
746 2640 1104 2710 ἀνενέργητος
1150 2639 1428 2709 τυγχάνει,
1453 2634 1606 2702 οὗτος
1641 2639 1697 2692 δέ
1728 2638 1863 2709 πρὸς
1890 2638 1986 2709 μὲν

318 2721 388 2775 τά
413 2723 553 2776 καλά
584 2725 966 2797 ἀνενέργητος,
1004 2725 1138 2796 πρὸς
1165 2725 1222 2779 δὲ
1248 2725 1316 2778 τὰ
1349 2724 1495 2778 κακὰ
1522 2723 1719 2794 μᾶλλον
1754 2725 1985 2793 ἐνεργεῖ,

320 2809 416 2861 καὶ
446 2810 623 2875 κοινὸς
668 2813 800 2866 πᾶσι
839 2812 1013 2880 γέλως
1059 2813 1366 2881 πρόκειται,
1424 2810 1518 2863 καὶ
1546 2813 1611 2881 τῇ
1651 2811 1870 2879 γυναικὶ
1897 2811 1988 2864 καὶ

317 2895 434 2957 τοῖς
470 2897 702 2961 παιδίοις
730 2899 827 2951 καὶ
849 2899 1033 2962 αὐτοῖς
1055 2902 1166 2961 τοῖς
1194 2897 1449 2960 οἰκέταις.
1486 2896 1549 2949 Οί
1582 2897 1680 2966 μὲν
1704 2896 1813 2967 γὰρ
1847 2896 1987 2966 φίλοι

322 2979 526 3033 οἰκείαν
556 2980 655 3052 τὴν
707 2981 968 3054 αἰσχύνην
1023 2982 1358 3053 λογιζόμενοι
1416 2981 1862 3049 ὲγκαλύπτονται,
1895 2983 1988 3036 καὶ

321 3065 689 3136 αἰσχύνονται,
723 3069 773 3121 οἱ
803 3069 861 3121 δὲ
890 3068 1071 3140 ἐχθροὶ
1109 3069 1391 3139 ὲφήδονται
1423 3067 1516 3120 καὶ
1546 3067 1864 3139 κωμῳδοῦσι
1895 3070 1988 3123 καὶ

320 3152 653 3222 ἐπαρῶνται,
687 3155 964 3224 μονονουχὶ
982 3153 1154 3208 ταῦτα
1175 3154 1422 3222 λέγοντες
1451 3154 1521 3207 τά
1570 3156 1786 3225 ῥήματα
1812 3172 1825 3185 ⁸
1861 3155 1988 3209 :05-

319 3256 411 3292 τον
430 3238 511 3293 δεῖ
539 3240 798 3294 ἀναπνεῖν
829 3240 918 3295 τὸν
948 3241 1115 3313 ἀέρας
1146 3242 1206 3294 :0
1240 3242 1511 3312 βόσκημα,
1542 3242 1632 3296 τὸν
1661 3247 1861 3314 χοῖρον,
1894 3246 1986 3297 καὶ

319 3324 400 3379 ἐτι
428 3325 629 3380 τούτων
657 3326 1014 3398 χαλεπώτερα
1044 3328 1425 3399 φθεγγόμενοι.
1452 3329 1573 3382 Τῶν
1600 3330 1707 3400 γὰρ
1741 3331 1848 3383 ἀπὸ
1881 3330 1985 3383 τῶν

322 3412 572 3483 πολέμων
598 3413 1021 3481 ἐπανελθόντων,
1046 3416 1140 3470 καὶ
1166 3416 1265 3479 τὰς
1291 3419 1479 3487 χεῖρας
1501 3418 1822 3487 ᾑμαγμένας
1846 3416 1989 3488 ἐχόνο

320 3515 446 3563 των,
494 3501 585 3553 καὶ
632 3500 873 3573 φοράδην
921 3501 1201 3572 ἀγομένων
1249 3504 1426 3572 χεῖρον
1471 3499 1613 3556 οὗτοι
1664 3502 1982 3583 διάκεινται.

332 3585 600 3650 Ἐκείνους
629 3586 730 3657 μὲν
757 3587 866 3659 γάρ
896 3589 1025 3652 ίσως
1045 3588 1137 3641 καὶ
1156 3588 1592 3657 ἐγκωμιάζουσιν
1613 3591 1660 3642 οἱ
1697 3590 1878 3644 πολλοῖ¹
1899 3590 1986 3644 διὰ

315 3671 388 3725 τά
416 3674 685 3743 τρόπαια,
726 3674 959 3740 διά’τὰς
1002 3676 1178 3740 νίκας,
1211 3676 1299 3730 διά
1334 3676 1403 3730 τὰ
1429 3676 1716 3749 τραύματα
1766 3680 1858 3731 καὶ
1887 3678 1984 3742 τὰς

319 3755 533 3824 σφαγάς
552 3773 565 3788 ο
614 3757 838 3821 τούτους
878 3758 937 3812 δὲ
968 3759 1365 3824 ταλανίζουσιν,
1384 3759 1600 3822 ἀθλίους
1628 3759 1981 3825 ἀποκαλοῦσι,

320 3841 490 3937 μυηρία
508 3843 690 3939 αύτρῖς
711 3844 1021 3915 ἐπαρῶνται
1039 3846 1211 3939 μακά.
1243 3846 1286 3898 Τ
1293 3846 1308 3898 ί
1337 3845 1443 3918 γάρ
1466 3845 1531 3899 ἂν
1546 3845 1632 3915 εἴη
1661 3844 1984 3916 ἀθλιώτερον

318 3926 413 3980 τοῦ
444 3930 508 3999 τῇ
533 3929 672 4002 μέθῃ
706 3926 1149 4003 πῳσηλωμέῦου,
1184 3933 1280 3986 καὶ
1333 3931 1456 3986 καθ’
1495 3931 1733 4002 ἑκάστην
1771 3932 1983 4003 ἡμέραν

316 4014 409 4067 τὸν
431 4015 671 4086 ἄκρατον
693 4017 1044 4088 ἐκχεομένου,
1067 4005 1163 4073 καὶ
1187 4018 1295 4073 τῶν
1321 4018 1598 4090 λογισμῶν
1618 4020 1679 4073 τὸ
1704 4021 1983 4091 κριτήριον

314 4099 754 4173 διαφθείροντος;
783 4104 882 4158 Διά
906 4105 1064 4160 τοῦτο
1085 4107 1179 4160 καὶ
1202 4107 1365 4177 σοφός
1388 4125 1470 4171 τις
1499 4107 1736 4177 παρῄνει
1765 4106 1938 4174 λέγων
1963 4124 1980 4140 ο

329 4187 498 4257 Ἀρχὴ
525 4187 674 4258 ζωῆς
693 4191 1006 4259 ἀνθρώπου
1034 4193 1215 4261 ἄρτος
1247 4194 1344 4246 καὶ
1388 4193 1542 4261 ὕδωρ
1578 4194 1675 4245 καὶ
1730 4191 1979 4261 Ιμάτιον,

315 4274 415 4328 καὶ
441 4270 607 4341 οἶκος
630 4269 952 4331 καλύπτων
975 4278 1450 4347 ἀσχημοσύνην,
1492 4280 1579 4332 ἵνα
1627 4278 1873 4351 κᾶν“ἀλῷ
1898 4298 1982 4343 τις

316 4361 422 4414 ὑπὸ
450 4361 551 4430 τῆς
580 4361 769 4432 μέθης,
803 4364 878 4435 μὴ
912 4364 1355 4435 ἐκπομπεύηται,
1410 4364 1545 4435 μηδέ
1568 4365 1978 4438 δημοσιεύηται,

314 4451 452 4507 ἀλλά
483 4451 575 4504 καὶ
599 4451 703 4505 ὑπὸ
728 4451 838 4504 τῶν
863 4452 1078 4506 οἰκείων
1102 4453 1519 4525 περιστέλληται
1540 4492 1554 4518 ,
1589 4455 1684 4508 καὶ
1734 4455 1809 4525 μὴ
1845 4472 1980 4526 προ-

313 4541 508 4609 κέηται
539 4540 672 4593 πᾶσι
716 4538 951 4610 γέλωτος
993 4542 1086 4595 καὶ
1129 4540 1519 4613 ἀσχημοσύνης
1562 4543 1835 4607 ὑπόθεσις.
1868 4543 1978 4599 Kal

314 4625 558 4695 ἤρξατο,
583 4628 736 4699 φησὶ,
772 4627 901 4682 Νῶε
925 4629 1236 4698 ἅνθρωπος
1263 4629 1516 4700 γεωργὸς
1542 4630 1674 4701 γῆς,
1702 4630 1801 4684 καὶ
1839 4631 1981 4700 ἐφύ-

309 4730 530 4769 τευσεν
549 4713 897 4784 ἀμπελῶνα,
922 4717 1019 4771 καὶ
1048 4716 1219 4770 ἔπιεν
1240 4718 1310 4772 ἐκ
1329 4717 1436 4773 τοῦ
1463 4719 1633 4773 οἴνου
1652 4757 1667 4782 ,
1707 4718 1806 4772 καί
1842 4718 1978 4788 ἐμεο

312 4804 534 4870 θύσθη.

354 4950 357 4951 ν
380 4888 444 4943 δ’.
471 4889 544 4943 Τὸ
554 4889 653 4961 τῆς
673 4889 843 4962 μέθης
859 4892 1051 4963 ὄνομα,
1070 4893 1341 4966 ἀγαπητὲ,
1366 4895 1458 4947 ἐπὶ
1472 4894 1571 4963 τῆς
1585 4896 1743 4964 ἁγίας
1757 4896 1978 4968 Γραφῆς

308 4976 372 5029 οὐ
399 4976 670 5047 πανταχοῦ
729 4978 822 5031 ἐπὶ
855 4979 1044 5033 τούτου
1088 4981 1322 5052 εἴρηται,
1370 4981 1507 5035 ἀλλά
1564 4987 1657 5037 καὶ
1694 4985 1843 5057 [285]
1886 4987 1978 5040 ἐπὶ

310 5066 650 5138 πλησμονῆς.
685 5066 856 5120 Τοῦτο
903 5063 995 5121 οὖν
1027 5067 1092 5120 ἀν
1125 5085 1207 5132 τις
1240 5068 1384 5122 εἴποι
1433 5071 1561 5141 περὶ
1629 5072 1718 5126 τοῦ
1767 5074 1977 5127 δικαίου

311 5153 521 5213 τούτου.
556 5155 636 5207 ὅτι
674 5155 735 5207 οὐ
767 5154 836 5207 δι’
868 5154 1138 5225 ἀκρασίαν
1166 5157 1247 5218 είς
1278 5156 1377 5227 τὴν
1432 5156 1604 5228 μέθην
1642 5160 1975 5220 κατέπεσεν,

310 5240 422 5292 ἀλλ’
452 5243 484 5311 ἡ
509 5240 793 5312 πλησμονὴ
822 5240 981 5294 τοῦτο
1009 5241 1157 5311 αὐτῷ
1182 5243 1493 5312 εἰργάσατο.
1530 5246 1727 5298 ’Ἄκουε
1760 5248 1862 5318 γὰρ
1886 5248 1976 5300 τοῦ

311 5322 473 5376 Δαυῒδ
526 5322 811 5390 λέγοντος·
866 5324 1364 5390 Μεθυσθήσονται
1393 5326 1512 5380 ἀπὸ
1543 5325 1649 5394 τῆς
1696 5329 1979 5396 πιότητος

308 5409 416 5468 τοῦ
435 5410 605 5465 οἴκου
651 5425 790 5477 σου,
845 5410 969 5465 ἀντὶ
1004 5411 1122 5478 τοῦ,
1154 5410 1570 5484 πλησθήσονται.
1603 5412 1812 5477 ’Λλλως
1840 5414 1976 5468 δὲόί

308 5498 377 5568 τῇ
410 5495 546 5567 μέθῃ
572 5496 798 5560 ἑαυτοὺς
833 5497 1127 5561 ἐκδιδόντες
1160 5498 1415 5552 οὐδέποτε
1458 5498 1619 5570 κόρον
1668 5500 1977 5572 λαμϐάνου-

310 5598 419 5645 σιν,
457 5582 570 5635 ἀλλ’
591 5584 701 5655 ὅσῳ
730 5583 795 5636 ἂν
824 5585 1086 5654 ὲγχέωσιν
1108 5587 1317 5648 ἑαυτοῖς
1345 5586 1436 5639 τὸν
1457 5586 1714 5657 ἄκρατον,
1737 5588 1975 5659 τοσούτῳ

316 5669 513 5734 μᾶλλον
536 5670 669 5738 1:90;
697 5671 758 5722 τὸ
785 5671 936 5739 δίψος
969 5672 1283 5725 ὲκκαίονται
1304 5715 1318 5739 ,
1355 5676 1448 5727 καὶ
1489 5677 1524 5743 ἡ
1560 5675 1858 5746 μετάληψις
1888 5678 1976 5730 ἀεὶ

314 5755 642 5823 ὑπέκκαυμα
671 5756 876 5826 γίνεται
910 5756 1003 5809 τοῦ
1031 5757 1213 5827 δίψους
1235 5772 1246 5784 '
1278 5759 1366 5812 καὶ
1408 5761 1474 5815 τά
1520 5762 1617 5831 μὲν
1653 5762 1755 5832 τῆς
1784 5762 1977 5833 ἡδονῆς

1072 216 1077 223 π
1135 193 1192 250 S.
1231 192 1516 250 JOANNIS
1551 189 2039 264 CIIRYSOS'IOMI
2077 187 2390 244 ARCHIEP.
2428 186 2970 245 CONSTANTINOP.

3671 184 3794 243 266

2108 299 2435 376 ήμαύρωται
2456 301 2662 365 λοιπὸν,
2683 301 2743 355 :0
2758 300 2813 354 δέ
2832 300 2982 370 δίψος
3009 299 3427 354 ἀκατάπαυστον
3448 300 3677 369 γεγονὸς
3696 304 3793 363 εἶς

2105 391 2266 444 αὑτὸν
2295 389 2387 442 τὸν
2427 387 2668 460 κρημνὸν
2707 387 2808 457 τῆς
2841 385 3019 457 μέθης
3062 387 3291 455 κατάγει
3323 388 3449 451 τοὺς
3476 386 3571 440 ὑπ’
3600 386 3790 455 αὐτῆς

2105 476 2479 547 αἰχμαλώτους
2502 474 2918 546 γεγενημένους.
2949 474 3057 528 Kal
3093 475 3413 543 ἐφύτευσε,
3438 477 3605 548 φησιν
3625 518 3641 542 ,
3664 476 3789 544 ἀμ-

2105 562 2365 626 πελῶνα,
2391 562 2491 617 καί
2513 564 2684 616 ἔπιεν
2718 562 2787 614 ἐκ
2818 560 2924 615 τοῦ
2949 560 3140 626 οτνου,
3179 561 3279 615 καὶ
3305 562 3606 631 ἐμεθύσθη
3624 603 3642 628 ,
3678 562 3790 616 καὶ

2103 647 2408 718 ἐγυμνώθη
2430 649 2500 701 ἐν
2520 647 2599 713 τῷ
2626 648 2768 712 οἴκῳ
2799 646 3005 701 αὐτοῦ.
3039 646 3182 717 Ὅρα
3212 647 3375 700 αὐτὸν
3398 648 3499 700 οὐκ
3529 648 3642 712 ἔξω
3677 666 3789 701 που

2104 735 2260 791 τοῦτο
2294 735 2593 807 πάσχοντα,
2626 735 2759 788 ἀλλά
2789 736 2845 787 ἐν
2867 733 2945 805 τῷ
2973 734 3105 804 οῐκῳ
3130 733 3317 788 αὐτοῦ.
3350 735 3448 787 Διά
3472 735 3581 806 γὰρ
3611 735 3791 789 τοῦτο

2103 822 2488 895 ἐπεσημήνατο
2512 825 2545 893 ἡ
2572 822 2690 875 θεία
2714 821 2905 893 Γραφὴ
2924 822 3006 874 ὄτι.
3044 823 3146 875 Ἐν
3166 820 3246 886 τῷ
3269 821 3412 886 οικῳ
3439 822 3653 882 αὑτοῦ,
3689 823 3789 875 ἵνα.

2103 914 2168 967 ἐκ
2196 914 2305 967 τῶν
2338 913 2695 984 ἐπαγομένων
2719 912 2818 983 τὴν
2840 912 3088 964 ἐπίτασιν
3116 910 3232 981 ἴδῃς
3250 911 3347 981 τῆς
3373 910 3641 981 πονηρίας
3677 909 3788 963 :05

2101 1000 2200 1072 τὴν
2222 1000 2500 1072 γύμνωσιν
2523 998 3023 1069 ὲκπομπεύσαντος.
3054 995 3163 1049 Kal
3190 993 3331 1059 εἶδε,
3372 996 3525 1066 φησὶ,
3570 996 3707 1064 xm:
3740 999 3786 1049 ό

2101 1086 2296 1155 πατὴρ
2328 1083 2571 1141 Χαναὰν
2589 1084 2703 1153 τὴν
2730 1084 3037 1153 γύμνωσιν
3063 1083 3169 1136 τοῦ
3189 1082 3414 1150 πατρὸς
3432 1081 3653 1147 αὐτῶν,
3673 1082 3788 1135 καὶ

2101 1172 2363 1237 ἐξελθὼν
2392 1171 2710 1241 ἀνήγγειλε
2740 1170 2865 1236 τοῖς
2896 1169 3079 1223 δυσίν
3097 1168 3381 1238 ἀδελφοῖς
3405 1169 3593 1222 αὑτοῦ
3626 1168 3780 1232 ἔξω.

2102 1260 2255 1330 Τάχα
2280 1261 2328 1312 εί
2353 1258 2444 1312 καί
2463 1274 2607 1321 τινες
2625 1257 2801 1328 ἕτεροι
2826 1252 2988 1327 ἦσαν,
3018 1256 3291 1318 κάκείνοις
3308 1256 3374 1308 ἂν
3405 1256 3646 1324 ἐμήνυσε
3674 1255 3783 1324 τὴν

2100 1345 2194 1400 τοῦ
2228 1348 2437 1417 πατρὸς
2466 1343 2853 1413 ἀσχημοσύνην
2875 1358 2887 1371 ’
2911 1341 3145 1411 τοσαύτη
3176 1337 3244 1411 ἦν
3264 1340 3357 1393 :05
3390 1342 3577 1404 παιδὸς
3605 1342 3641 1411 ἡ
3673 1358 3780 1410 μο-

2100 1432 2319 1504 χθηρία.
2344 1432 2443 1486 Διά
2466 1432 2574 1501 γάρ
2592 1430 2771 1494 τοῦτο,
2803 1429 2890 1483 ἵνα
2925 1428 3100 1500 μάθῃς
3131 1430 3213 1481 ὅτι
3234 1427 3438 1482 ἀνωθεν
3470 1428 3565 1481 καὶ
3586 1427 3649 1491 ἐξ
3670 1430 3780 1495 ἀρ-

2101 1521 2202 1591 χῆς
2240 1518 2630 1589 διεφθαρμένος
2654 1512 2724 1586 ἧν
2752 1515 2850 1586 τὴν
2881 1515 3128 1586 γνώμην,
3182 1516 3283 1585 οὐχ
3329 1514 3515 1577 ἁπλῶς
3554 1509 3714 1567 εἶπεν
3739 1517 3777 1584 ἠ

2100 1605 2307 1677 Γραφὴ,
2343 1605 2421 1658 ὅτι
2449 1601 2552 1656 εἶδε
2574 1602 2703 1672 Χάμ
2724 1602 2822 1673 τὴν
2859 1601 3139 1671 γύμνωσιν
3176 1600 3269 1653 τοῦ
3304 1599 3509 1670 πατρὸς
3552 1599 3726 1652 αὑτοῦ
3758 1639 3778 1662 ,

2099 1691 2235 1745 ἀλλά
2261 1691 2344 1756 τί;
2376 1689 2483 1744 Kal
2505 1686 2627 1742 εἶδε
2654 1688 2780 1757 Χάμ
2800 1690 2833 1742 ό
2859 1686 3056 1754 πατὴρ
3077 1684 3338 1739 Χαναὰν.
3371 1685 3524 1747 Τίνος
3556 1685 3775 1750 ἕνεκεν,

2100 1777 2219 1830 εἰπέ
2247 1794 2356 1847 μοι.
2388 1776 2481 1828 καὶ
2510 1774 2743 1829 ἐνταῦθα
2779 1772 2873 1827 :05
2899 1772 3015 1826 υίοῦ
3056 1772 3204 1840 λέγει
3234 1770 3776 1842 τὴν,προσηγορίαν;

2101 1864 2218 1917 ἰνα
2253 1863 2428 1936 μάθῃς
2454 1862 2535 1915 δτι
2567 1861 2810 1933 ἀκρατής
2833 1877 2917 1925 τις
2948 1856 3015 1932 ἦν
3047 1860 3143 1913 καὶ
3174 1858 3495 1921 ἀκόλαστος,
3536 1859 3633 1910 καὶ
3659 1859 3777 1912 ἀπὺ

2097 1949 2198 2018 τῆς
2221 1949 2391 2019 αὐτῆς
2418 1947 2665 2018 γνώμης,
2701 1948 2796 2015 ἀφ’
2819 1943 2887 2020 ἦς
2915 1948 2974 2002 ἐν
3004 1945 3239 2017 τοσαύτῃ
3275 1945 3602 1999 καταστάσει
3636 1964 3774 1999 παι-

2041 2050 2049 2059 ’
2096 2036 2333 2090 δοποιεῖν
2354 2034 2632 2104 ἠνέσχετο,
2663 2034 2770 2087 ἀπὸ
2789 2035 2887 2104 τῆς
2914 2034 3082 2103 αὐτῆς
3109 2034 3203 2086 καὶ⁵
3221 2031 3314 2084 νῦν
3338 2033 3418 2095 είς
3455 2032 3547 2084 τὸν
3576 2050 3776 2100 γεγεν-

2098 2122 2298 2192 νηκότα
2320 2119 2594 2191 ἐξύϐρισε.
2620 2120 2733 2174 Kal
2763 2120 3047 2185 ἐξελθὼν,
3078 2120 3263 2190 φησὶν,
3298 2118 3617 2188 ἀνήγγειλε
3642 2120 3776 2186 τοῖς

2097 2207 2279 2263 δυσὶν
2331 2207 2611 2276 ἀδελφοῖς
2651 2207 2837 2261 αὐτοῦ
2865 2206 2999 2271 ἔξω.
3039 2207 3180 2275 Ὅρα
3210 2222 3300 2275 μοι
3339 2203 3592 2270 ἐνταῦθα,
3624 2207 3774 2271 ἀγα-

2098 2295 2256 2365 πητὲ,
2288 2294 2406 2358 πῶς
2433 2295 2534 2348 οὐκ
2561 2295 2620 2347 ἐν
2651 2297 2717 2366 τῇ
2746 2293 2906 2362 φύσει
2932 2292 3003 2345 τά
3024 2293 3123 2363 τῆς
3148 2292 3343 2354 κακίας
3370 2291 3633 2359 ἔγκειται,
3650 2292 3773 2346 ἀλλ’

2097 2382 2156 2433 ὲν
2192 2383 2256 2451 τῇ
2282 2380 2476 2453 γνώμῃ
2506 2382 2599 2433 καὶ
2632 2381 2690 2434 ἐν
2718 2383 2785 2450 τῇ
2837 2379 3173 2450 προαιρέσει.
3232 2377 3362 2432 Ἰδοὺ
3390 2378 3500 2449 γὰρ
3529 2379 3773 2449 ἀμφότε-

2099 2483 2182 2538 ροι
2203 2467 2305 2538 τῆς
2326 2468 2494 2538 αὐτῆς
2520 2465 2754 2535 φύσεως,
2780 2467 2874 2519 καὶ
2904 2465 3139 2534 ἀδελφοὶ,
3173 2466 3265 2517 τὸν
3288 2465 3451 2517 αὑτὸν
3478 2465 3636 2534 ἔσχον
3659 2481 3773 2518 πα-

2094 2553 2250 2624 τέρα,
2282 2553 2390 2606 τῶν
2409 2552 2590 2606 αὐτῶν
2611 2552 2930 2622 ἀπήλαυσαν
2951 2552 3176 2615 ὠδίνων,
3201 2552 3298 2621 τῆς
3350 2553 3521 2621 αὐτῆς
3575 2554 3774 2621 ἐπιμε-

2097 2639 2247 2702 λείας
2277 2640 2484 2710 έτυχον,
2519 2639 2632 2693 ἀλλ’
2659 2639 2719 2692 ού
2739 2639 2836 2708 τὴν
2864 2639 3033 2707 αὐτὴν
3059 2638 3376 2708 προαίρεσιν
3402 2638 3770 2705 ἐπεδείξαντοο

2096 2727 2209 2781 ἀλλ’
2239 2718 2267 2780 δ
2299 2728 2396 2798 μὲν
2426 2729 2559 2798 πρὸς
2576 2728 2676 2796 τὴν
2706 2726 2902 2781 κακίαν
2928 2726 3234 2790 ἐξώλισθεν,
3264 2730 3313 2779 οἱ
3342 2727 3517 2797 δὲτὴν
3549 2727 3771 2796 ὀφειλο·

2100 2815 2266 2886 μένην
2287 2814 2366 2885 τῷ
2393 2815 2562 2883 πατρὶ
2591 2814 2757 2884 τιμὴν
2801 2812 3123 2883 ἀπένειμαν.
3177 2814 3337 2876 Ἴσως
3368 2812 3425 2865 δὲ
3472 2814 3567 2866 καὶ
3593 2816 3773 2883 ἐπεμ-

2094 2902 2296 2957 ϐαίνων
2332 2906 2397 2974 τῇ
2417 2902 2513 2956 τοῦ
2542 2904 2746 2972 πατρὸς
2771 2902 3128 2974 ἀσχημοσύνῃ
3152 2901 3246 2955 καὶ
3271 2900 3546 2970 κωμῳδῶν
3579 2902 3637 2954 τὸ
3670 2919 3771 2969 γε-

2094 2992 2251 3059 γονὸς
2306 2990 2607 3062 ἐξήγγειλε,
2642 2991 2734 3043 καὶ
2760 2991 2858 3044 οὐκ
2883 2991 3081 3061 ἢκουσε
3116 2988 3277 3058 σοφοῦ
3308 3006 3453 3053 τινος
3483 2990 3765 3057 λέγοντοςο

2094 3079 2190 3149 Μὴ
2216 3078 2465 3145 δοξάζον
2493 3080 2563 3133 ἐν
2588 3079 2789 3147 ἀτιμίᾳ
2811 3080 3034 3147 πατρός
3061 3093 3199 3132 σου.
3253 3077 3393 3131 Ἀλλ’
3450 3079 3501 3130 οἱ
3545 3077 3767 3147 ἀδελφοὶ

2092 3168 2191 3237 οὐχ
2228 3166 2429 3229 οὕτως’
2465 3165 2600 3219 ἀλλά
2649 3166 2737 3231 τί;
2791 3165 2977 3219 Ταῦτα
3017 3163 3349 3227 ἀκούσαντες
3373 3202 3388 3227 ,
3441 3164 3762 3230 Λαϐόντες,

2088 3255 2248 3324 φησι,
2278 3253 2409 3321 Σὴμ
2427 3252 2523 3305 καί
2555 3251 2752 3321 Ἰάδοεο
2774 3250 2839 3305 τὸ
2868 3251 3116 3320 ἱμάτιον,
3140 3250 3422 3306 ἐπέθεντο
3442 3251 3543 3303 ἐπὶ
3558 3250 3629 3304 τὰ
3648 3250 3763 3305 δύο

2091 3340 2252 3395 νῶτα
2303 3339 2519 3403 αὐτῶν,
2568 3339 2666 3393 καὶ
2706 3339 3126 3406 ἐπορεύθησαν
3183 3337 3625 3406 ὀπισθοερανῶς,
3658 3338 3763 3391 καὶ

2093 3427 2534 3495 συνεκάλυψαν
2587 3425 2705 3494 τὴν
2755 3427 3063 3494 γύμνωσιν
3112 3426 3215 3479 τοῦ
3267 3423 3496 3491 πατρὸς
3532 3420 3760 3478 αὐτῶν·

2092 3514 2190 3566 καὶ
2231 3512 2296 3565 τὸ
2335 3514 2657 3579 πρόσωπον
2676 3511 2874 3565 αὐτῶν
2899 3510 3325 3580 ὀπισθοφανές,
3368 3510 3469 3564 καὶ
3517 3507 3631 3578 τὴν
3654 3513 3761 3581 τύ.

2087 3614 2324 3667 μνωσιν
2346 3596 2461 3649 τοῦ
2481 3585 2704 3665 πατρὸς
2729 3597 2926 3651 αὐτῶν
2947 3599 3058 3650 οὐκ
3077 3593 3261 3651 εἶδον.
3295 3593 3443 3659 Εἶδες
3483 3597 3761 3665 εὐγνωμο-

2094 3684 2260 3754 σύνην
2319 3683 2556 3747 παίδων;
2604 3684 2661 3736 Ὀ
2718 3684 2816 3753 μὲν
2866 3682 3419 3752 καιὲξεπόμτιιυσεν,
3456 3683 3508 3735 οί
3551 3682 3609 3734 δὲ
3638 3681 3758 3735 οὐδὲ

2096 3772 2224 3824 ίδείν
2251 3772 2548 3840 ἀνέχονται,
2575 3770 2689 3824 ἀλλ’
2719 3771 3095 3839 ὀπισθοφανῶς
3125 3769 3453 3840 βαδίζουσιν,
3478 3772 3561 3823 ἵνα
3583 3770 3757 3838 ὀρθῶς

2094 3854 2405 3926 βαδίσαντες
2428 3854 2817 3925 συγκαλύψωσι
2843 3857 2938 3909 :05
2962 3855 3165 3926 πατρὸς
3194 3855 3291 3925 τὴν
3317 3853 3620 3925 γύμνωσιν.
3648 3854 3757 3907 Καὶ

2091 3942 2193 4013 ὅρα
2221 3941 2401 3996 αὐτῶν
2462 3941 2601 4012 μετά
2656 3944 2756 4012 τῆς
2815 3942 3014 4013 πολλῆς
3066 3943 3487 4012 εὐγνωμοσύνης
3524 3942 3618 3994 καὶ
3658 3942 3757 4011 τὴν

2090 4024 2406 4079 ἐπιείκειαν.
2437 4023 2572 4078 Οῠτε
2597 4025 2706 4094 γὰρ
2731 4024 3077 4095 ἐπιτιμῶσιν,
3113 4023 3236 4076 οὔτε
3267 4023 3655 4094 ἐπιπλήττουσι
3677 4022 3757 4093 τῷ

2090 4110 2326 4181 ἀδελφῷ,
2357 4112 2471 4165 ἀλλ’
2498 4112 2854 4173 ἀκούσαντες,
2882 4111 3001 4174 ἑνὸς
3033 4111 3194 4182 μόνου
3223 4110 3484 4178 γίνονται,
3532 4108 3628 4162 :05
3655 4109 3756 4179 τὴν

2088 4197 2372 4269 διόρθωσιν
2394 4200 2613 4269 ταχεῖαν
2644 4197 2998 4268 ποιήσασθαι,
3037 4197 3130 4250 καὶ
3147 4196 3214 4249 τὰ
3237 4197 3317 4258 είς
3343 4196 3509 4267 τιμὴν
3536 4195 3631 4248 τοῦ
3658 4211 3756 4263 γε-

2089 4285 2411 4355 γεννηκότος
2463 4286 2803 4339 συντείνοντα
2860 4283 3254 4348 ἐπιδείξασθαι.
3327 4281 3479 4354 [ὶὸδ]
3538 4282 3639 4337 Καὶ
3684 4281 3756 4336 τὸ

2088 4368 2414 4435 πρόσωπον
2441 4366 2660 4431 αὐτῶν,
2691 4369 2879 4438 φησὶν,
2910 4365 3336 4434 ὀπισθοφανὲς,
3389 4365 3489 4418 καὶ
3512 4364 3624 4431 τὴν
3652 4366 3756 4433 τύ-

2081 4468 2321 4524 μνωσιν
2352 4453 2455 4508 τοῦ
2474 4454 2699 4522 πατρὸς
2727 4451 2927 4508 αὐτῶν
2947 4455 3059 4508 οὐκ
3079 4450 3263 4507 εἶδον.
3288 4452 3465 4522 Πολλὴ
3498 4451 3603 4505 τῶν
3630 4451 3757 4504 παί-

2087 4540 2193 4594 δων
2220 4542 2254 4612 ἡ
2280 4539 2555 4601 εὐλάϐεια,
2586 4540 2678 4593 καὶ
2707 4540 2908 4611 ταύτην
2935 4542 3068 4611 ἡμῖν
3091 4539 3360 4593 δείκνυσιν
3388 4539 3523 4593 οὐτὸ
3547 4537 3756 4591 σκεπάρ

2089 4645 2178 4683 σαι
2204 4628 2381 4699 μόνον,
2420 4628 2555 4683 ἀλλά
2582 4630 2677 4682 καὶ
2710 4629 2786 4700 μὴ
2819 4629 3151 4699 ἀνασχέσθαι
3187 4629 3336 4682 ἰδεῖν.
3371 4626 3756 4696 Παιδευθῶμεν

2086 4715 2264 4769 τοίνυν
2287 4716 2381 4769 καὶ
2411 4714 2679 4779 ἐντεῦθεν,
2714 4716 2810 4769 καὶ
2833 4716 2890 4782 ἐξ
2919 4716 3243 4786 ἀμφοτέρων
3269 4714 3637 4785 κερδάνωμεν,
3657 4715 3755 4767 καὶ

2086 4802 2306 4866 τούτους
2341 4803 2439 4874 μὲν
2471 4802 2785 4874 μιμώμεθα,
2811 4803 3020 4857 ἐκείνου
3049 4802 3105 4856 δὲ
3137 4803 3226 4855 τὸν
3246 4802 3410 4871 ζῆλον
3441 4800 3752 4870 φεύγωμεν.

2084 4889 2149 4943 Εί
2182 4888 2288 4960 γὰρ
2330 4888 2611 4960 γύμνωσιν
2664 4889 2926 4960 αἰσθητὴν
2971 4892 2999 4943 ὁ
3045 4888 3462 4958 ὲκπομπεύσας,
3509 4887 3755 4957 κατάρας

2086 4976 2276 5029 ἑαυτὸν
2330 4976 2630 5030 ὑπεύθυνον
2680 4977 3006 5046 κατέστησε,
3064 4976 3158 5029 καὶ
3185 4976 3281 5046 τῆς
3327 4976 3616 5045 ὁμοτιμίας
3644 4973 3755 5026 τῶν

2085 5061 2328 5131 ἀδελφῶν
2353 5063 2621 5128 ἐκπεσὼν,
2646 5062 2916 5116 δουλεύειν
2953 5063 3134 5125 αὐτοῖς
3174 5061 3557 5130 κατεδικάσθη,
3582 5061 3631 5112 εί
3658 5060 3757 5111 καὶ

2086 5151 2162 5220 μὴ
2192 5150 2353 5214 αὐτὸς
2379 5152 2605 5215 ἐκεῖνος,
2636 5151 2750 5203 ἀλλ’
2778 5151 2826 5203 οἱ
2851 5149 2909 5216 ἐξ
2932 5148 3093 5202 αύτοῦ
3124 5150 3322 5212 πάντες
3341 5165 3357 5180 °
3395 5149 3447 5202 τί
3475 5148 3754 5201 πείσονται

2085 5238 2132 5289 οἱ
2170 5237 2237 5289 τά
2263 5238 2632 5309 ἁμαρτήματα
2659 5237 2766 5290 τῶν
2794 5235 3038 5306 ἀδελφῶν
3081 5236 3538 5306 ἐκπομπεύοντες,
3563 5234 3657 5288 καὶ
3687 5235 3753 5288 ού

2088 5321 2245 5391 μόνον
2278 5324 2338 5376 οὐ
2374 5323 2830 5395 περιστέλλοντες,
2875 5322 3010 5375 ἀλλά
3047 5324 3143 5375 καὶ
3173 5322 3439 5393 μειζόνως
3475 5322 3613 5376 αύτά
3640 5338 3756 5376 ποι·

2083 5408 2269 5473 οῦντες
2290 5409 2586 5480 κατάδηλα,
2608 5410 2703 5463 καὶ
2732 5410 2901 5464 πολλά
2947 5411 3011 5463 ἐκ
3052 5409 3239 5463 τούτου
3294 5409 3650 5479 ἐργαζόμενοι
3681 5409 3753 5461 τὰ

2083 5497 2489 5570 ἁμαρτήματα;
2528 5500 2694 5552 Ὅταν
2726 5497 2835 5566 γὰρ
2866 5497 3229 5570 δημοσιεύσῃς
3272 5496 3367 5550 τοῦ
3408 5496 3639 5564 ἀδελφοῦ
3686 5496 3752 5546 τὸ

2089 5587 2352 5653 πταῖσμα,
2382 5586 2443 5639 οὐ
2480 5586 2639 5656 μόνον
2661 5588 2863 5654 ἐκεῖνον
2895 5587 3372 5657 ἀναισχυντότερον
3398 5585 3489 5637 καὶ
3516 5583 3750 5653 ὀκνηρὸο

2082 5684 2237 5741 τερον
2271 5672 2511 5740 εἰργάσω
2530 5673 2659 5736 ἴσως
2690 5674 2822 5743 πρὸς
2845 5675 2941 5742 τὴν
2964 5673 3222 5727 ἐπάνοδον
3250 5673 3347 5743 τῆς
3367 5671 3591 5743 ἀρετῆς,
3608 5671 3748 5723 ἀλλὰ⁵

2036 5744 2063 5756 λ
2084 5756 2177 5809 καὶ
2209 5758 2330 5819 τοὺς
2354 5758 2643 5821 ἀκούοντας
2677 5761 3077 5831 γῖᾳθυμνιτέρους
3096 5760 3451 5828 κατέστησας,
3490 5758 3581 5810 καὶ
3608 5758 3742 5826 πρὸς
