  <div class='ocr_page' id='page_1' title='image "/cluster/home/n/w/nwhite01/storage/ocr_20150623/53/hvd.32044054086673/264.png"; bbox 0 0 4116 6196; ppageno 0'>
   <div class='ocr_carea' id='block_1_1' title="bbox 441 230 546 284">
    <p class='ocr_par' dir='ltr' id='par_1_1' title="bbox 441 230 546 284">
     <span class='ocr_line' id='line_1_1' title="bbox 441 230 546 284; baseline 0.048 -4"><span class='ocrx_word' id='word_1_1' title='bbox 441 230 546 284; x_wconf 73' lang='lat'><strong>965</strong></span> 
     </span>
    </p>
   </div>
   <div class='ocr_carea' id='block_1_2' title="bbox 511 335 2012 407">
    <p class='ocr_par' dir='ltr' id='par_1_2' title="bbox 511 335 2012 407">
     <span class='ocr_line' id='line_1_2' title="bbox 511 335 2012 407; baseline -0.001 -17"><span class='ocrx_word' id='word_1_2' title='bbox 511 340 751 398; x_wconf 72' lang='lat' dir='ltr'><strong>(Iuruitis</strong></span> <span class='ocrx_word' id='word_1_3' title='bbox 777 340 828 393; x_wconf 92' lang='lat' dir='ltr'><strong>in</strong></span> <span class='ocrx_word' id='word_1_4' title='bbox 873 340 1002 392; x_wconf 89' lang='lat' dir='ltr'><strong>hanc</strong></span> <span class='ocrx_word' id='word_1_5' title='bbox 1023 338 1170 392; x_wconf 81' lang='lat' dir='ltr'><strong>vitam</strong></span> <span class='ocrx_word' id='word_1_6' title='bbox 1195 336 1497 391; x_wconf 83' lang='lat' dir='ltr'><strong>introducta.</strong></span> <span class='ocrx_word' id='word_1_7' title='bbox 1543 335 1722 390; x_wconf 82' lang='lat' dir='ltr'><strong>Vinum</strong></span> <span class='ocrx_word' id='word_1_8' title='bbox 1747 338 1798 389; x_wconf 91' lang='lat' dir='ltr'><strong>in</strong></span> <span class='ocrx_word' id='word_1_9' title='bbox 1829 346 2012 407; x_wconf 26' lang='lat' dir='ltr'><strong>mystae</strong></span> 
     </span>
    </p>
   </div>
   <div class='ocr_carea' id='block_1_3' title="bbox 439 428 2012 499">
    <p class='ocr_par' dir='ltr' id='par_1_3' title="bbox 439 428 2012 499">
     <span class='ocr_line' id='line_1_3' title="bbox 439 428 2012 499; baseline -0.002 -15"><span class='ocrx_word' id='word_1_10' title='bbox 439 434 549 485; x_wconf 87' lang='lat' dir='ltr'><strong>riis.</strong></span> <span class='ocrx_word' id='word_1_11' title='bbox 584 460 656 471; x_wconf 93' lang='lat'>—</span> <span class='ocrx_word' id='word_1_12' title='bbox 693 430 809 484; x_wconf 84' lang='lat' dir='ltr'><strong>Jam</strong></span> <span class='ocrx_word' id='word_1_13' title='bbox 841 429 978 484; x_wconf 89' lang='lat' dir='ltr'><strong>forte</strong></span> <span class='ocrx_word' id='word_1_14' title='bbox 1021 437 1222 499; x_wconf 70' lang='lat' dir='ltr'><strong>quatrat</strong></span> <span class='ocrx_word' id='word_1_15' title='bbox 1255 429 1464 497; x_wconf 80' lang='lat' dir='ltr'><strong>aliquis,</strong></span> <span class='ocrx_word' id='word_1_16' title='bbox 1495 428 1668 494; x_wconf 98' lang='lat' dir='ltr'><strong>Quare</strong></span> <span class='ocrx_word' id='word_1_17' title='bbox 1704 429 1880 496; x_wconf 88' lang='lat' dir='ltr'><strong>planta</strong></span> <span class='ocrx_word' id='word_1_18' title='bbox 1935 438 2012 481; x_wconf 91' lang='lat' dir='ltr'><strong>tot</strong></span> 
     </span>
    </p>
   </div>
   <div class='ocr_carea' id='block_1_4' title="bbox 441 520 2014 592">
    <p class='ocr_par' dir='ltr' id='par_1_4' title="bbox 441 520 2014 592">
     <span class='ocr_line' id='line_1_4' title="bbox 441 520 2014 592; baseline -0.001 -16"><span class='ocrx_word' id='word_1_19' title='bbox 441 525 592 576; x_wconf 86' lang='lat' dir='ltr'><strong>malis</strong></span> <span class='ocrx_word' id='word_1_20' title='bbox 618 523 770 592; x_wconf 89' lang='lat' dir='ltr'><strong>plena</strong></span> <span class='ocrx_word' id='word_1_21' title='bbox 795 524 846 576; x_wconf 95' lang='lat' dir='ltr'><strong>in</strong></span> <span class='ocrx_word' id='word_1_22' title='bbox 877 524 1012 576; x_wconf 87' lang='lat' dir='ltr'><strong>hanc</strong></span> <span class='ocrx_word' id='word_1_23' title='bbox 1027 522 1186 575; x_wconf 87' lang='lat' dir='ltr'><strong>vitam</strong></span> <span class='ocrx_word' id='word_1_24' title='bbox 1216 521 1468 590; x_wconf 91' lang='lat' dir='ltr'><strong>producta</strong></span> <span class='ocrx_word' id='word_1_25' title='bbox 1494 522 1608 575; x_wconf 80' lang='lat' dir='ltr'><strong>est?</strong></span> <span class='ocrx_word' id='word_1_26' title='bbox 1632 520 1708 575; x_wconf 81' lang='lat' dir='ltr'><strong>Ne</strong></span> <span class='ocrx_word' id='word_1_27' title='bbox 1729 523 1795 574; x_wconf 89' lang='lat' dir='ltr'><strong>ita</strong></span> <span class='ocrx_word' id='word_1_28' title='bbox 1816 529 2014 576; x_wconf 94' lang='lat' dir='ltr'><strong>temere</strong></span> 
     </span>
    </p>
   </div>
   <div class='ocr_carea' id='block_1_5' title="bbox 442 611 2010 683">
    <p class='ocr_par' dir='ltr' id='par_1_5' title="bbox 442 611 2010 683">
     <span class='ocr_line' id='line_1_5' title="bbox 442 611 2010 683; baseline -0.001 -16"><span class='ocrx_word' id='word_1_29' title='bbox 442 614 696 683; x_wconf 75' lang='lat' dir='ltr'><strong>loquaris,</strong></span> <span class='ocrx_word' id='word_1_30' title='bbox 728 613 910 678; x_wconf 86' lang='lat' dir='ltr'><strong>homo,</strong></span> <span class='ocrx_word' id='word_1_31' title='bbox 932 613 1110 666; x_wconf 90' lang='lat' dir='ltr'><strong>omnia</strong></span> <span class='ocrx_word' id='word_1_32' title='bbox 1145 627 1264 681; x_wconf 65' lang='lat' dir='ltr'><strong>quae</strong></span> <span class='ocrx_word' id='word_1_33' title='bbox 1296 613 1347 665; x_wconf 92' lang='lat' dir='ltr'><strong>in</strong></span> <span class='ocrx_word' id='word_1_34' title='bbox 1377 611 1596 666; x_wconf 89' lang='lat' dir='ltr'><strong>buccam</strong></span> <span class='ocrx_word' id='word_1_35' title='bbox 1630 613 1866 666; x_wconf 85' lang='lat' dir='ltr'><strong>veniunt.</strong></span> <span class='ocrx_word' id='word_1_36' title='bbox 1897 612 2010 666; x_wconf 85' lang='lat' dir='ltr'><strong>Non</strong></span> 
     </span>
    </p>
   </div>
   <div class='ocr_carea' id='block_1_6' title="bbox 439 702 2014 774">
    <p class='ocr_par' dir='ltr' id='par_1_6' title="bbox 439 702 2014 774">
     <span class='ocr_line' id='line_1_6' title="bbox 439 702 2014 774; baseline -0.001 -16"><span class='ocrx_word' id='word_1_37' title='bbox 439 713 522 758; x_wconf 90' lang='lat' dir='ltr'><strong>est</strong></span> <span class='ocrx_word' id='word_1_38' title='bbox 545 703 725 774; x_wconf 91' lang='lat' dir='ltr'><strong>planta</strong></span> <span class='ocrx_word' id='word_1_39' title='bbox 753 703 867 757; x_wconf 74' lang='lat' dir='ltr'><strong>haze</strong></span> <span class='ocrx_word' id='word_1_40' title='bbox 892 704 1051 770; x_wconf 90' lang='lat' dir='ltr'><strong>mala,</strong></span> <span class='ocrx_word' id='word_1_41' title='bbox 1086 718 1256 772; x_wconf 91' lang='lat' dir='ltr'><strong>neque</strong></span> <span class='ocrx_word' id='word_1_42' title='bbox 1284 702 1464 756; x_wconf 92' lang='lat' dir='ltr'><strong>vinum</strong></span> <span class='ocrx_word' id='word_1_43' title='bbox 1497 703 1716 768; x_wconf 89' lang='lat' dir='ltr'><strong>malum,</strong></span> <span class='ocrx_word' id='word_1_44' title='bbox 1746 703 1838 757; x_wconf 91' lang='lat' dir='ltr'><strong>sed</strong></span> <span class='ocrx_word' id='word_1_45' title='bbox 1878 703 2014 757; x_wconf 90' lang='lat' dir='ltr'><strong>illius</strong></span> 
     </span>
    </p>
   </div>
   <div class='ocr_carea' id='block_1_7' title="bbox 439 792 2013 863">
    <p class='ocr_par' dir='ltr' id='par_1_7' title="bbox 439 792 2013 863">
     <span class='ocr_line' id='line_1_7' title="bbox 439 792 2013 863; baseline 0.001 -17"><span class='ocrx_word' id='word_1_46' title='bbox 439 795 638 848; x_wconf 86' lang='lat' dir='ltr'><strong>abusus</strong></span> <span class='ocrx_word' id='word_1_47' title='bbox 658 834 672 857; x_wconf 92' lang='lat'><strong>,</strong></span> <span class='ocrx_word' id='word_1_48' title='bbox 701 793 825 863; x_wconf 90' lang='lat' dir='ltr'><strong>quia</strong></span> <span class='ocrx_word' id='word_1_49' title='bbox 855 809 959 847; x_wconf 91' lang='lat' dir='ltr'><strong>non</strong></span> <span class='ocrx_word' id='word_1_50' title='bbox 987 809 1050 846; x_wconf 86' lang='lat' dir='ltr'><strong>ex</strong></span> <span class='ocrx_word' id='word_1_51' title='bbox 1082 792 1225 857; x_wconf 88' lang='lat' dir='ltr'><strong>vino,</strong></span> <span class='ocrx_word' id='word_1_52' title='bbox 1259 793 1350 846; x_wconf 90' lang='lat' dir='ltr'><strong>sed</strong></span> <span class='ocrx_word' id='word_1_53' title='bbox 1377 807 1442 847; x_wconf 84' lang='lat' dir='ltr'><strong>ex</strong></span> <span class='ocrx_word' id='word_1_54' title='bbox 1466 807 1715 858; x_wconf 87' lang='lat' dir='ltr'><strong>perversa</strong></span> <span class='ocrx_word' id='word_1_55' title='bbox 1747 795 2013 847; x_wconf 90' lang='lat' dir='ltr'><strong>voluntate</strong></span> 
     </span>
    </p>
   </div>
   <div class='ocr_carea' id='block_1_8' title="bbox 443 882 2010 949">
    <p class='ocr_par' dir='ltr' id='par_1_8' title="bbox 443 882 2010 949">
     <span class='ocr_line' id='line_1_8' title="bbox 443 882 2010 949; baseline -0.001 -14"><span class='ocrx_word' id='word_1_56' title='bbox 443 882 643 936; x_wconf 88' lang='lat' dir='ltr'><strong>nefaria</strong></span> <span class='ocrx_word' id='word_1_57' title='bbox 665 883 864 937; x_wconf 89' lang='lat' dir='ltr'><strong>scelera</strong></span> <span class='ocrx_word' id='word_1_58' title='bbox 890 890 1170 949; x_wconf 89' lang='lat' dir='ltr'><strong>patrantur</strong></span> <span class='ocrx_word' id='word_1_59' title='bbox 1201 898 1215 931; x_wconf 91' lang='lat'><strong><em>:</em></strong></span> <span class='ocrx_word' id='word_1_60' title='bbox 1244 889 1299 935; x_wconf 90' lang='lat' dir='ltr'><strong>et</strong></span> <span class='ocrx_word' id='word_1_61' title='bbox 1325 897 1444 935; x_wconf 92' lang='lat' dir='ltr'><strong>cum</strong></span> <span class='ocrx_word' id='word_1_62' title='bbox 1477 883 1527 935; x_wconf 92' lang='lat' dir='ltr'><strong>in</strong></span> <span class='ocrx_word' id='word_1_63' title='bbox 1561 898 1624 936; x_wconf 91' lang='lat' dir='ltr'><strong>eo</strong></span> <span class='ocrx_word' id='word_1_64' title='bbox 1645 883 1946 944; x_wconf 89' lang='lat' dir='ltr'><strong>situtilitas,</strong></span> <span class='ocrx_word' id='word_1_65' title='bbox 1968 883 2010 935; x_wconf 92' lang='lat' dir='ltr'><strong>si</strong></span> 
     </span>
    </p>
   </div>
   <div class='ocr_carea' id='block_1_9' title="bbox 441 971 2008 1039">
    <p class='ocr_par' dir='ltr' id='par_1_9' title="bbox 441 971 2008 1039">
     <span class='ocr_line' id='line_1_9' title="bbox 441 971 2008 1039; baseline 0.001 -14"><span class='ocrx_word' id='word_1_66' title='bbox 441 981 646 1036; x_wconf 91' lang='lat' dir='ltr'><strong>noceat,</strong></span> <span class='ocrx_word' id='word_1_67' title='bbox 690 972 740 1024; x_wconf 94' lang='lat' dir='ltr'><strong>in</strong></span> <span class='ocrx_word' id='word_1_68' title='bbox 781 986 938 1026; x_wconf 88' lang='lat' dir='ltr'><strong>causa</strong></span> <span class='ocrx_word' id='word_1_69' title='bbox 967 979 1049 1025; x_wconf 88' lang='lat' dir='ltr'><strong>est</strong></span> <span class='ocrx_word' id='word_1_70' title='bbox 1098 971 1522 1039; x_wconf 87' lang='lat' dir='ltr'><strong>intemperantia.</strong></span> <span class='ocrx_word' id='word_1_71' title='bbox 1552 971 1809 1037; x_wconf 85' lang='lat' dir='ltr'><strong>Quocirca</strong></span> <span class='ocrx_word' id='word_1_72' title='bbox 1866 987 2008 1026; x_wconf 88' lang='lat' dir='ltr'><strong>nunc</strong></span> 
     </span>
    </p>
   </div>
   <div class='ocr_carea' id='block_1_10' title="bbox 443 1060 2012 1129">
    <p class='ocr_par' dir='ltr' id='par_1_10' title="bbox 443 1060 2012 1129">
     <span class='ocr_line' id='line_1_10' title="bbox 443 1060 2012 1129; baseline 0 -15"><span class='ocrx_word' id='word_1_73' title='bbox 443 1072 558 1129; x_wconf 89' lang='lat' dir='ltr'><strong>post</strong></span> <span class='ocrx_word' id='word_1_74' title='bbox 586 1061 839 1114; x_wconf 83' lang='lat' dir='ltr'><strong>diluvium</strong></span> <span class='ocrx_word' id='word_1_75' title='bbox 880 1060 1114 1115; x_wconf 76' lang='lat' dir='ltr'><strong>ostendit</strong></span> <span class='ocrx_word' id='word_1_76' title='bbox 1155 1061 1248 1114; x_wconf 92' lang='lat' dir='ltr'><strong>tibi</strong></span> <span class='ocrx_word' id='word_1_77' title='bbox 1296 1060 1404 1114; x_wconf 89' lang='lat' dir='ltr'><strong>vini</strong></span> <span class='ocrx_word' id='word_1_78' title='bbox 1445 1076 1618 1126; x_wconf 92' lang='lat' dir='ltr'><strong>usum,</strong></span> <span class='ocrx_word' id='word_1_79' title='bbox 1661 1069 1716 1114; x_wconf 91' lang='lat' dir='ltr'><strong>ut</strong></span> <span class='ocrx_word' id='word_1_80' title='bbox 1766 1061 2012 1115; x_wconf 89' lang='lat' dir='ltr'><strong>ostendat</strong></span> 
     </span>
    </p>
   </div>
   <div class='ocr_carea' id='block_1_11' title="bbox 439 1147 2012 1205">
    <p class='ocr_par' dir='ltr' id='par_1_11' title="bbox 439 1147 2012 1205">
     <span class='ocr_line' id='line_1_11' title="bbox 439 1147 2012 1205; baseline -0.002 0"><span class='ocrx_word' id='word_1_81' title='bbox 439 1151 598 1205; x_wconf 86' lang='lat' dir='ltr'><strong>etiam</strong></span> <span class='ocrx_word' id='word_1_82' title='bbox 626 1160 748 1204; x_wconf 85' lang='lat' dir='ltr'><strong>ante</strong></span> <span class='ocrx_word' id='word_1_83' title='bbox 779 1150 882 1202; x_wconf 84' lang='lat' dir='ltr'><strong>vini</strong></span> <span class='ocrx_word' id='word_1_84' title='bbox 912 1163 1062 1202; x_wconf 90' lang='lat' dir='ltr'><strong>usum</strong></span> <span class='ocrx_word' id='word_1_85' title='bbox 1092 1149 1144 1202; x_wconf 91' lang='lat' dir='ltr'><strong>in</strong></span> <span class='ocrx_word' id='word_1_86' title='bbox 1173 1147 1509 1202; x_wconf 88' lang='lat' dir='ltr'><strong>immodicam</strong></span> <span class='ocrx_word' id='word_1_87' title='bbox 1543 1149 1803 1202; x_wconf 78' lang='lat' dir='ltr'><strong>luxuriam</strong></span> <span class='ocrx_word' id='word_1_88' title='bbox 1836 1149 2012 1202; x_wconf 80' lang='lat' dir='ltr'><strong>huma~</strong></span> 
     </span>
    </p>
   </div>
   <div class='ocr_carea' id='block_1_12' title="bbox 439 1236 2010 1310">
    <p class='ocr_par' dir='ltr' id='par_1_12' title="bbox 439 1236 2010 1310">
     <span class='ocr_line' id='line_1_12' title="bbox 439 1236 2010 1310; baseline -0.002 -16"><span class='ocrx_word' id='word_1_89' title='bbox 439 1255 565 1294; x_wconf 89' lang='lat' dir='ltr'><strong>num</strong></span> <span class='ocrx_word' id='word_1_90' title='bbox 593 1254 758 1310; x_wconf 89' lang='lat' dir='ltr'><strong>genus</strong></span> <span class='ocrx_word' id='word_1_91' title='bbox 795 1236 1062 1301; x_wconf 62' lang='lat' dir='ltr'><strong>incidisse,</strong></span> <span class='ocrx_word' id='word_1_92' title='bbox 1092 1239 1377 1307; x_wconf 81' lang='lat' dir='ltr'><strong>multisque</strong></span> <span class='ocrx_word' id='word_1_93' title='bbox 1408 1238 1640 1304; x_wconf 80' lang='lat' dir='ltr'><strong>peccatis</strong></span> <span class='ocrx_word' id='word_1_94' title='bbox 1665 1253 1722 1292; x_wconf 89' lang='lat' dir='ltr'><strong>se</strong></span> <span class='ocrx_word' id='word_1_95' title='bbox 1751 1240 2010 1291; x_wconf 91' lang='lat' dir='ltr'><strong>contami-</strong></span> 
     </span>
    </p>
   </div>
   <div class='ocr_carea' id='block_1_13' title="bbox 439 1331 2008 1400">
    <p class='ocr_par' dir='ltr' id='par_1_13' title="bbox 439 1331 2008 1400">
     <span class='ocr_line' id='line_1_13' title="bbox 439 1331 2008 1400; baseline 0 -16"><span class='ocrx_word' id='word_1_96' title='bbox 439 1332 668 1393; x_wconf 80' lang='lat' dir='ltr'><strong>navisse,</strong></span> <span class='ocrx_word' id='word_1_97' title='bbox 694 1347 812 1385; x_wconf 89' lang='lat' dir='ltr'><strong>cum</strong></span> <span class='ocrx_word' id='word_1_98' title='bbox 833 1331 1004 1384; x_wconf 86' lang='lat' dir='ltr'><strong>adhuc</strong></span> <span class='ocrx_word' id='word_1_99' title='bbox 1021 1331 1127 1384; x_wconf 87' lang='lat' dir='ltr'><strong>vini</strong></span> <span class='ocrx_word' id='word_1_100' title='bbox 1151 1343 1277 1383; x_wconf 90' lang='lat' dir='ltr'><strong>usus</strong></span> <span class='ocrx_word' id='word_1_101' title='bbox 1291 1331 1588 1384; x_wconf 91' lang='lat' dir='ltr'><strong>nesciretur</strong></span> <span class='ocrx_word' id='word_1_102' title='bbox 1614 1348 1627 1384; x_wconf 92' lang='lat'><strong>:</strong></span> <span class='ocrx_word' id='word_1_103' title='bbox 1649 1339 1774 1385; x_wconf 91' lang='lat' dir='ltr'><strong>utet</strong></span> <span class='ocrx_word' id='word_1_104' title='bbox 1797 1331 2008 1400; x_wconf 83' lang='lat' dir='ltr'><strong>quando</strong></span> 
     </span>
    </p>
   </div>
   <div class='ocr_carea' id='block_1_14' title="bbox 440 1420 2005 1487">
    <p class='ocr_par' dir='ltr' id='par_1_14' title="bbox 440 1420 2005 1487">
     <span class='ocr_line' id='line_1_14' title="bbox 440 1420 2005 1487; baseline 0.001 -14"><span class='ocrx_word' id='word_1_105' title='bbox 440 1420 632 1476; x_wconf 87' lang='lat' dir='ltr'><strong>videris</strong></span> <span class='ocrx_word' id='word_1_106' title='bbox 681 1436 834 1475; x_wconf 89' lang='lat' dir='ltr'><strong>usmn</strong></span> <span class='ocrx_word' id='word_1_107' title='bbox 870 1422 1001 1481; x_wconf 91' lang='lat' dir='ltr'><strong>vini.</strong></span> <span class='ocrx_word' id='word_1_108' title='bbox 1035 1436 1140 1474; x_wconf 90' lang='lat' dir='ltr'><strong>non</strong></span> <span class='ocrx_word' id='word_1_109' title='bbox 1164 1421 1288 1474; x_wconf 92' lang='lat' dir='ltr'><strong>vino</strong></span> <span class='ocrx_word' id='word_1_110' title='bbox 1311 1429 1475 1474; x_wconf 93' lang='lat' dir='ltr'><strong>totum</strong></span> <span class='ocrx_word' id='word_1_111' title='bbox 1509 1421 1729 1487; x_wconf 87' lang='lat' dir='ltr'><strong>tribuas,</strong></span> <span class='ocrx_word' id='word_1_112' title='bbox 1761 1422 1853 1476; x_wconf 87' lang='lat' dir='ltr'><strong>sed</strong></span> <span class='ocrx_word' id='word_1_113' title='bbox 1883 1438 2005 1476; x_wconf 85' lang='lat' dir='ltr'><strong>cor-</strong></span> 
     </span>
    </p>
   </div>
   <div class='ocr_carea' id='block_1_15' title="bbox 437 1509 2004 1579">
    <p class='ocr_par' dir='ltr' id='par_1_15' title="bbox 437 1509 2004 1579">
     <span class='ocr_line' id='line_1_15' title="bbox 437 1509 2004 1579; baseline 0.001 -16"><span class='ocrx_word' id='word_1_114' title='bbox 437 1519 606 1578; x_wconf 70' lang='lat' dir='ltr'><strong>rupta:</strong></span> <span class='ocrx_word' id='word_1_115' title='bbox 649 1509 902 1564; x_wconf 83' lang='lat' dir='ltr'><strong>voluntati</strong></span> <span class='ocrx_word' id='word_1_116' title='bbox 940 1525 1037 1564; x_wconf 89' lang='lat' dir='ltr'><strong>sua</strong></span> <span class='ocrx_word' id='word_1_117' title='bbox 1085 1520 1274 1579; x_wconf 88' lang='lat' dir='ltr'><strong>sponte</strong></span> <span class='ocrx_word' id='word_1_118' title='bbox 1315 1510 1380 1564; x_wconf 91' lang='lat' dir='ltr'><strong>ad</strong></span> <span class='ocrx_word' id='word_1_119' title='bbox 1434 1511 1628 1564; x_wconf 90' lang='lat' dir='ltr'><strong>malum</strong></span> <span class='ocrx_word' id='word_1_120' title='bbox 1657 1512 1849 1565; x_wconf 90' lang='lat' dir='ltr'><strong>ruenti.</strong></span> <span class='ocrx_word' id='word_1_121' title='bbox 1889 1513 2004 1566; x_wconf 85' lang='lat' dir='ltr'><strong>Alia</strong></span> 
     </span>
    </p>
   </div>
   <div class='ocr_carea' id='block_1_16' title="bbox 435 1600 2008 1668">
    <p class='ocr_par' dir='ltr' id='par_1_16' title="bbox 435 1600 2008 1668">
     <span class='ocr_line' id='line_1_16' title="bbox 435 1600 2008 1668; baseline 0.004 -17"><span class='ocrx_word' id='word_1_122' title='bbox 435 1614 644 1668; x_wconf 89' lang='lat' dir='ltr'><strong>quoque</strong></span> <span class='ocrx_word' id='word_1_123' title='bbox 672 1601 876 1654; x_wconf 84' lang='lat' dir='ltr'><strong>ratione</strong></span> <span class='ocrx_word' id='word_1_124' title='bbox 919 1600 1217 1664; x_wconf 88' lang='lat' dir='ltr'><strong>considera,</strong></span> <span class='ocrx_word' id='word_1_125' title='bbox 1251 1600 1338 1654; x_wconf 92' lang='lat' dir='ltr'><strong>ubi</strong></span> <span class='ocrx_word' id='word_1_126' title='bbox 1366 1601 1545 1654; x_wconf 89' lang='lat' dir='ltr'><strong>vinmn</strong></span> <span class='ocrx_word' id='word_1_127' title='bbox 1574 1601 1730 1656; x_wconf 90' lang='lat' dir='ltr'><strong>fuerit</strong></span> <span class='ocrx_word' id='word_1_128' title='bbox 1758 1603 1888 1657; x_wconf 87' lang='lat' dir='ltr'><strong>utile</strong></span> <span class='ocrx_word' id='word_1_129' title='bbox 1913 1646 1926 1668; x_wconf 93' lang='lat'><strong>,</strong></span> <span class='ocrx_word' id='word_1_130' title='bbox 1955 1613 2008 1657; x_wconf 92' lang='lat' dir='ltr'><strong>et</strong></span> 
     </span>
    </p>
   </div>
   <div class='ocr_carea' id='block_1_17' title="bbox 433 1690 2006 1760">
    <p class='ocr_par' dir='ltr' id='par_1_17' title="bbox 433 1690 2006 1760">
     <span class='ocr_line' id='line_1_17' title="bbox 433 1690 2006 1760; baseline 0.001 -16"><span class='ocrx_word' id='word_1_131' title='bbox 433 1691 808 1754; x_wconf 90' lang='lat' dir='ltr'><strong>contretnisce,</strong></span> <span class='ocrx_word' id='word_1_132' title='bbox 842 1691 911 1744; x_wconf 92' lang='lat' dir='ltr'><strong>mi</strong></span> <span class='ocrx_word' id='word_1_133' title='bbox 943 1691 1120 1744; x_wconf 85' lang='lat' dir='ltr'><strong>homo.</strong></span> <span class='ocrx_word' id='word_1_134' title='bbox 1155 1690 1285 1745; x_wconf 88' lang='lat' dir='ltr'><strong>Nam</strong></span> <span class='ocrx_word' id='word_1_135' title='bbox 1316 1707 1412 1760; x_wconf 87' lang='lat' dir='ltr'><strong>per</strong></span> <span class='ocrx_word' id='word_1_136' title='bbox 1442 1693 1542 1746; x_wconf 92' lang='lat' dir='ltr'><strong>hoc</strong></span> <span class='ocrx_word' id='word_1_137' title='bbox 1592 1694 1807 1747; x_wconf 83' lang='lat' dir='ltr'><strong>materia</strong></span> <span class='ocrx_word' id='word_1_138' title='bbox 1843 1693 2006 1747; x_wconf 86' lang='lat' dir='ltr'><strong>bono-</strong></span> 
     </span>
    </p>
   </div>
   <div class='ocr_carea' id='block_1_18' title="bbox 433 1781 2005 1852">
    <p class='ocr_par' dir='ltr' id='par_1_18' title="bbox 433 1781 2005 1852">
     <span class='ocr_line' id='line_1_18' title="bbox 433 1781 2005 1852; baseline 0.001 -18"><span class='ocrx_word' id='word_1_139' title='bbox 433 1797 550 1835; x_wconf 87' lang='lat' dir='ltr'><strong>rum</strong></span> <span class='ocrx_word' id='word_1_140' title='bbox 593 1781 776 1834; x_wconf 89' lang='lat' dir='ltr'><strong>salutis</strong></span> <span class='ocrx_word' id='word_1_141' title='bbox 817 1788 1013 1834; x_wconf 66' lang='lat' dir='ltr'><strong>nostra:</strong></span> <span class='ocrx_word' id='word_1_142' title='bbox 1062 1782 1352 1849; x_wconf 88' lang='lat' dir='ltr'><strong>perficitur.</strong></span> <span class='ocrx_word' id='word_1_143' title='bbox 1399 1783 1582 1836; x_wconf 87' lang='lat' dir='ltr'><strong>Sciunt</strong></span> <span class='ocrx_word' id='word_1_144' title='bbox 1618 1783 1704 1850; x_wconf 90' lang='lat' dir='ltr'><strong>qui</strong></span> <span class='ocrx_word' id='word_1_145' title='bbox 1740 1784 2005 1852; x_wconf 87' lang='lat' dir='ltr'><strong>mysteriis</strong></span> 
     </span>
    </p>
   </div>
   <div class='ocr_carea' id='block_1_19' title="bbox 433 1870 2002 1942">
    <p class='ocr_par' dir='ltr' id='par_1_19' title="bbox 433 1870 2002 1942">
     <span class='ocr_line' id='line_1_19' title="bbox 433 1870 2002 1942; baseline 0.002 -19"><span class='ocrx_word' id='word_1_146' title='bbox 433 1870 622 1924; x_wconf 88' lang='lat' dir='ltr'><strong>initiati</strong></span> <span class='ocrx_word' id='word_1_147' title='bbox 643 1878 785 1935; x_wconf 85' lang='lat' dir='ltr'><strong>sunt,</strong></span> <span class='ocrx_word' id='word_1_148' title='bbox 815 1871 938 1940; x_wconf 89' lang='lat' dir='ltr'><strong>quid</strong></span> <span class='ocrx_word' id='word_1_149' title='bbox 970 1870 1192 1924; x_wconf 87' lang='lat' dir='ltr'><strong>dicatur.</strong></span> <span class='ocrx_word' id='word_1_150' title='bbox 1229 1870 1293 1923; x_wconf 85' lang='lat' dir='ltr'><strong>Et</strong></span> <span class='ocrx_word' id='word_1_151' title='bbox 1318 1873 1487 1942; x_wconf 74' lang='lat' dir='ltr'><strong>erepit,</strong></span> <span class='ocrx_word' id='word_1_152' title='bbox 1512 1871 1699 1941; x_wconf 89' lang='lat' dir='ltr'><strong>inquit,</strong></span> <span class='ocrx_word' id='word_1_153' title='bbox 1733 1872 1848 1926; x_wconf 83' lang='lat' dir='ltr'><strong>Noe</strong></span> <span class='ocrx_word' id='word_1_154' title='bbox 1867 1875 2002 1942; x_wconf 86' lang='lat' dir='ltr'><strong>agri-</strong></span> 
     </span>
    </p>
   </div>
   <div class='ocr_carea' id='block_1_20' title="bbox 433 1962 2004 2030">
    <p class='ocr_par' dir='ltr' id='par_1_20' title="bbox 433 1962 2004 2030">
     <span class='ocr_line' id='line_1_20' title="bbox 433 1962 2004 2030; baseline 0.004 -18"><span class='ocrx_word' id='word_1_155' title='bbox 433 1962 554 2013; x_wconf 74' lang='lat' dir='ltr'><strong>cola</strong></span> <span class='ocrx_word' id='word_1_156' title='bbox 591 1971 754 2027; x_wconf 64' lang='lat' dir='ltr'><strong>terrae,</strong></span> <span class='ocrx_word' id='word_1_157' title='bbox 804 1974 849 2015; x_wconf 85' lang='lat' dir='ltr'><strong>ct</strong></span> <span class='ocrx_word' id='word_1_158' title='bbox 891 1963 1130 2030; x_wconf 73' lang='lat' dir='ltr'><strong>plantavit</strong></span> <span class='ocrx_word' id='word_1_159' title='bbox 1160 1964 1384 2028; x_wconf 80' lang='lat' dir='ltr'><strong>vineam,</strong></span> <span class='ocrx_word' id='word_1_160' title='bbox 1431 1974 1477 2017; x_wconf 87' lang='lat' dir='ltr'><strong>et</strong></span> <span class='ocrx_word' id='word_1_161' title='bbox 1517 1964 1636 2018; x_wconf 81' lang='lat' dir='ltr'><strong>bibit</strong></span> <span class='ocrx_word' id='word_1_162' title='bbox 1677 1965 1739 2018; x_wconf 78' lang='lat' dir='ltr'><strong>de</strong></span> <span class='ocrx_word' id='word_1_163' title='bbox 1783 1966 1923 2029; x_wconf 86' lang='lat' dir='ltr'><strong>uino,</strong></span> <span class='ocrx_word' id='word_1_164' title='bbox 1958 1977 2004 2019; x_wconf 86' lang='lat' dir='ltr'><strong>et</strong></span> 
     </span>
    </p>
   </div>
   <div class='ocr_carea' id='block_1_21' title="bbox 434 2051 2001 2115">
    <p class='ocr_par' dir='ltr' id='par_1_21' title="bbox 434 2051 2001 2115">
     <span class='ocr_line' id='line_1_21' title="bbox 434 2051 2001 2115; baseline 0.004 -13"><span class='ocrx_word' id='word_1_165' title='bbox 434 2051 705 2104; x_wconf 88' lang='lat' dir='ltr'><strong>inebriatus</strong></span> <span class='ocrx_word' id='word_1_166' title='bbox 729 2063 819 2115; x_wconf 84' lang='lat' dir='ltr'><strong>est,</strong></span> <span class='ocrx_word' id='word_1_167' title='bbox 845 2064 890 2105; x_wconf 86' lang='lat' dir='ltr'><strong>et</strong></span> <span class='ocrx_word' id='word_1_168' title='bbox 907 2053 1126 2106; x_wconf 88' lang='lat' dir='ltr'><strong>nudatus</strong></span> <span class='ocrx_word' id='word_1_169' title='bbox 1154 2063 1222 2107; x_wconf 88' lang='lat' dir='ltr'><strong>est</strong></span> <span class='ocrx_word' id='word_1_170' title='bbox 1247 2055 1298 2107; x_wconf 93' lang='lat' dir='ltr'><strong>in</strong></span> <span class='ocrx_word' id='word_1_171' title='bbox 1322 2054 1471 2108; x_wconf 91' lang='lat' dir='ltr'><strong>domo</strong></span> <span class='ocrx_word' id='word_1_172' title='bbox 1492 2071 1604 2109; x_wconf 88' lang='lat' dir='ltr'><strong>sua.</strong></span> <span class='ocrx_word' id='word_1_173' title='bbox 1623 2055 2001 2110; x_wconf 86' lang='lat' dir='ltr'><strong>Gravissimum</strong></span> 
     </span>
    </p>
   </div>
   <div class='ocr_carea' id='block_1_22' title="bbox 432 2139 2002 2214">
    <p class='ocr_par' dir='ltr' id='par_1_22' title="bbox 432 2139 2002 2214">
     <span class='ocr_line' id='line_1_22' title="bbox 432 2139 2002 2214; baseline 0.005 -24"><span class='ocrx_word' id='word_1_174' title='bbox 432 2139 682 2208; x_wconf 90' lang='lat' dir='ltr'><strong>quiddam</strong></span> <span class='ocrx_word' id='word_1_175' title='bbox 710 2150 790 2196; x_wconf 90' lang='lat' dir='ltr'><strong>est</strong></span> <span class='ocrx_word' id='word_1_176' title='bbox 821 2141 1067 2205; x_wconf 87' lang='lat' dir='ltr'><strong>ebrietas,</strong></span> <span class='ocrx_word' id='word_1_177' title='bbox 1091 2141 1449 2207; x_wconf 82' lang='lat' dir='ltr'><strong>dilectissime,</strong></span> <span class='ocrx_word' id='word_1_178' title='bbox 1476 2145 1614 2213; x_wconf 88' lang='lat' dir='ltr'><strong>quod</strong></span> <span class='ocrx_word' id='word_1_179' title='bbox 1643 2145 2002 2214; x_wconf 72' lang='lat' dir='ltr'><strong>possitexcar-</strong></span> 
     </span>
    </p>
   </div>
   <div class='ocr_carea' id='block_1_23' title="bbox 433 2231 2003 2307">
    <p class='ocr_par' dir='ltr' id='par_1_23' title="bbox 433 2231 2003 2307">
     <span class='ocr_line' id='line_1_23' title="bbox 433 2231 2003 2307; baseline 0.004 -23"><span class='ocrx_word' id='word_1_180' title='bbox 433 2245 553 2284; x_wconf 78' lang='lat' dir='ltr'><strong>care</strong></span> <span class='ocrx_word' id='word_1_181' title='bbox 567 2245 775 2294; x_wconf 87' lang='lat' dir='ltr'><strong>sensus,</strong></span> <span class='ocrx_word' id='word_1_182' title='bbox 793 2241 845 2286; x_wconf 90' lang='lat' dir='ltr'><strong>et</strong></span> <span class='ocrx_word' id='word_1_183' title='bbox 861 2231 1199 2303; x_wconf 88' lang='lat' dir='ltr'><strong>submergere</strong></span> <span class='ocrx_word' id='word_1_184' title='bbox 1219 2244 1461 2290; x_wconf 89' lang='lat' dir='ltr'><strong>mentem.</strong></span> <span class='ocrx_word' id='word_1_185' title='bbox 1505 2236 1783 2292; x_wconf 83' lang='lat' dir='ltr'><strong>Hominem</strong></span> <span class='ocrx_word' id='word_1_186' title='bbox 1809 2238 2003 2307; x_wconf 85' lang='lat' dir='ltr'><strong>quippe</strong></span> 
     </span>
    </p>
   </div>
   <div class='ocr_carea' id='block_1_24' title="bbox 431 2321 2000 2396">
    <p class='ocr_par' dir='ltr' id='par_1_24' title="bbox 431 2321 2000 2396">
     <span class='ocr_line' id='line_1_24' title="bbox 431 2321 2000 2396; baseline 0.003 -22"><span class='ocrx_word' id='word_1_187' title='bbox 431 2321 760 2384; x_wconf 87' lang='lat' dir='ltr'><strong>rationalem,</strong></span> <span class='ocrx_word' id='word_1_188' title='bbox 787 2323 876 2392; x_wconf 91' lang='lat' dir='ltr'><strong>qui</strong></span> <span class='ocrx_word' id='word_1_189' title='bbox 907 2338 1070 2391; x_wconf 86' lang='lat' dir='ltr'><strong>super</strong></span> <span class='ocrx_word' id='word_1_190' title='bbox 1101 2324 1276 2378; x_wconf 85' lang='lat' dir='ltr'><strong>omnia</strong></span> <span class='ocrx_word' id='word_1_191' title='bbox 1303 2325 1595 2380; x_wconf 90' lang='lat' dir='ltr'><strong>dominium</strong></span> <span class='ocrx_word' id='word_1_192' title='bbox 1627 2336 1884 2396; x_wconf 79' lang='lat' dir='ltr'><strong>suscepit,</strong></span> <span class='ocrx_word' id='word_1_193' title='bbox 1917 2329 2000 2381; x_wconf 84' lang='lat' dir='ltr'><strong>iu-</strong></span> 
     </span>
    </p>
   </div>
   <div class='ocr_carea' id='block_1_25' title="bbox 427 2412 1997 2488">
    <p class='ocr_par' dir='ltr' id='par_1_25' title="bbox 427 2412 1997 2488">
     <span class='ocr_line' id='line_1_25' title="bbox 427 2412 1997 2488; baseline 0.004 -23"><span class='ocrx_word' id='word_1_194' title='bbox 427 2412 580 2478; x_wconf 83' lang='lat' dir='ltr'><strong>jeetis</strong></span> <span class='ocrx_word' id='word_1_195' title='bbox 606 2413 827 2467; x_wconf 88' lang='lat' dir='ltr'><strong>vinculis</strong></span> <span class='ocrx_word' id='word_1_196' title='bbox 855 2413 1243 2480; x_wconf 87' lang='lat' dir='ltr'><strong>insolubilibus,</strong></span> <span class='ocrx_word' id='word_1_197' title='bbox 1273 2417 1421 2485; x_wconf 91' lang='lat' dir='ltr'><strong>quasi</strong></span> <span class='ocrx_word' id='word_1_198' title='bbox 1445 2427 1710 2471; x_wconf 91' lang='lat' dir='ltr'><strong>mortuum</strong></span> <span class='ocrx_word' id='word_1_199' title='bbox 1732 2427 1787 2472; x_wconf 90' lang='lat' dir='ltr'><strong>et</strong></span> <span class='ocrx_word' id='word_1_200' title='bbox 1809 2433 1997 2488; x_wconf 81' lang='lat' dir='ltr'><strong>opera-</strong></span> 
     </span>
    </p>
   </div>
   <div class='ocr_carea' id='block_1_26' title="bbox 429 2501 1995 2573">
    <p class='ocr_par' dir='ltr' id='par_1_26' title="bbox 429 2501 1995 2573">
     <span class='ocr_line' id='line_1_26' title="bbox 429 2501 1995 2573; baseline 0.004 -20"><span class='ocrx_word' id='word_1_201' title='bbox 429 2501 570 2555; x_wconf 87' lang='lat' dir='ltr'><strong>tione</strong></span> <span class='ocrx_word' id='word_1_202' title='bbox 600 2513 866 2557; x_wconf 90' lang='lat' dir='ltr'><strong>earentem</strong></span> <span class='ocrx_word' id='word_1_203' title='bbox 901 2505 1189 2572; x_wconf 88' lang='lat' dir='ltr'><strong>prosternit</strong></span> <span class='ocrx_word' id='word_1_204' title='bbox 1219 2523 1232 2560; x_wconf 90' lang='lat'><strong>:</strong></span> <span class='ocrx_word' id='word_1_205' title='bbox 1265 2506 1372 2562; x_wconf 93' lang='lat' dir='ltr'><strong>imo</strong></span> <span class='ocrx_word' id='word_1_206' title='bbox 1401 2507 1641 2561; x_wconf 88' lang='lat' dir='ltr'><strong>deterius</strong></span> <span class='ocrx_word' id='word_1_207' title='bbox 1687 2507 1995 2573; x_wconf 87' lang='lat' dir='ltr'><strong>habentem,</strong></span> 
     </span>
    </p>
   </div>
   <div class='ocr_carea' id='block_1_27' title="bbox 426 2591 1998 2669">
    <p class='ocr_par' dir='ltr' id='par_1_27' title="bbox 426 2591 1998 2669">
     <span class='ocr_line' id='line_1_27' title="bbox 426 2591 1998 2669; baseline 0.008 -28"><span class='ocrx_word' id='word_1_208' title='bbox 426 2606 584 2658; x_wconf 88' lang='lat' dir='ltr'><strong>quam</strong></span> <span class='ocrx_word' id='word_1_209' title='bbox 633 2602 918 2646; x_wconf 92' lang='lat' dir='ltr'><strong>mortuum.</strong></span> <span class='ocrx_word' id='word_1_210' title='bbox 956 2594 1086 2648; x_wconf 83' lang='lat' dir='ltr'><strong>Nam</strong></span> <span class='ocrx_word' id='word_1_211' title='bbox 1131 2607 1372 2650; x_wconf 88' lang='lat' dir='ltr'><strong>tnortuus</strong></span> <span class='ocrx_word' id='word_1_212' title='bbox 1424 2612 1594 2666; x_wconf 90' lang='lat' dir='ltr'><strong>neque</strong></span> <span class='ocrx_word' id='word_1_213' title='bbox 1633 2591 1788 2661; x_wconf 85' lang='lat' dir='ltr'><strong>bona,</strong></span> <span class='ocrx_word' id='word_1_214' title='bbox 1824 2614 1998 2669; x_wconf 91' lang='lat' dir='ltr'><strong>neque</strong></span> 
     </span>
    </p>
   </div>
   <div class='ocr_carea' id='block_1_28' title="bbox 427 2682 1998 2753">
    <p class='ocr_par' dir='ltr' id='par_1_28' title="bbox 427 2682 1998 2753">
     <span class='ocr_line' id='line_1_28' title="bbox 427 2682 1998 2753; baseline 0.006 -19"><span class='ocrx_word' id='word_1_215' title='bbox 427 2682 560 2736; x_wconf 87' lang='lat' dir='ltr'><strong>mala</strong></span> <span class='ocrx_word' id='word_1_216' title='bbox 605 2685 810 2752; x_wconf 89' lang='lat' dir='ltr'><strong>operari</strong></span> <span class='ocrx_word' id='word_1_217' title='bbox 864 2693 1036 2753; x_wconf 90' lang='lat' dir='ltr'><strong>potest</strong></span> <span class='ocrx_word' id='word_1_218' title='bbox 1083 2687 1306 2741; x_wconf 86' lang='lat' dir='ltr'><strong>:ebrius</strong></span> <span class='ocrx_word' id='word_1_219' title='bbox 1348 2698 1522 2742; x_wconf 88' lang='lat' dir='ltr'><strong>autem</strong></span> <span class='ocrx_word' id='word_1_220' title='bbox 1565 2689 1690 2742; x_wconf 88' lang='lat' dir='ltr'><strong>nihil</strong></span> <span class='ocrx_word' id='word_1_221' title='bbox 1717 2691 1837 2744; x_wconf 90' lang='lat' dir='ltr'><strong>boni</strong></span> <span class='ocrx_word' id='word_1_222' title='bbox 1862 2693 1998 2745; x_wconf 87' lang='lat' dir='ltr'><strong>valet</strong></span> 
     </span>
    </p>
   </div>
   <div class='ocr_carea' id='block_1_29' title="bbox 426 2775 1993 2851">
    <p class='ocr_par' dir='ltr' id='par_1_29' title="bbox 426 2775 1993 2851">
     <span class='ocr_line' id='line_1_29' title="bbox 426 2775 1993 2851; baseline 0.006 -24"><span class='ocrx_word' id='word_1_223' title='bbox 426 2776 655 2843; x_wconf 88' lang='lat' dir='ltr'><strong>operari,</strong></span> <span class='ocrx_word' id='word_1_224' title='bbox 679 2775 742 2829; x_wconf 90' lang='lat' dir='ltr'><strong>ad</strong></span> <span class='ocrx_word' id='word_1_225' title='bbox 774 2778 969 2831; x_wconf 90' lang='lat' dir='ltr'><strong>malum</strong></span> <span class='ocrx_word' id='word_1_226' title='bbox 996 2789 1170 2834; x_wconf 90' lang='lat' dir='ltr'><strong>tamen</strong></span> <span class='ocrx_word' id='word_1_227' title='bbox 1203 2779 1499 2834; x_wconf 84' lang='lat' dir='ltr'><strong>faciendum</strong></span> <span class='ocrx_word' id='word_1_228' title='bbox 1532 2783 1650 2850; x_wconf 90' lang='lat' dir='ltr'><strong>plus</strong></span> <span class='ocrx_word' id='word_1_229' title='bbox 1683 2791 1874 2850; x_wconf 72' lang='lat' dir='ltr'><strong>potest,</strong></span> <span class='ocrx_word' id='word_1_230' title='bbox 1911 2783 1993 2851; x_wconf 84' lang='lat' dir='ltr'><strong>ja-</strong></span> 
     </span>
    </p>
   </div>
   <div class='ocr_carea' id='block_1_30' title="bbox 423 2865 1991 2934">
    <p class='ocr_par' dir='ltr' id='par_1_30' title="bbox 423 2865 1991 2934">
     <span class='ocr_line' id='line_1_30' title="bbox 423 2865 1991 2934; baseline 0.006 -18"><span class='ocrx_word' id='word_1_231' title='bbox 423 2874 611 2932; x_wconf 88' lang='lat' dir='ltr'><strong>cetqne</strong></span> <span class='ocrx_word' id='word_1_232' title='bbox 638 2865 888 2920; x_wconf 88' lang='lat' dir='ltr'><strong>ridiculus</strong></span> <span class='ocrx_word' id='word_1_233' title='bbox 913 2867 1177 2934; x_wconf 90' lang='lat' dir='ltr'><strong>omnibus,</strong></span> <span class='ocrx_word' id='word_1_234' title='bbox 1208 2879 1261 2924; x_wconf 90' lang='lat' dir='ltr'><strong>et</strong></span> <span class='ocrx_word' id='word_1_235' title='bbox 1283 2873 1429 2923; x_wconf 80' lang='lat' dir='ltr'><strong>uxori</strong></span> <span class='ocrx_word' id='word_1_236' title='bbox 1457 2879 1510 2924; x_wconf 87' lang='lat' dir='ltr'><strong>et</strong></span> <span class='ocrx_word' id='word_1_237' title='bbox 1536 2872 1655 2925; x_wconf 81' lang='lat' dir='ltr'><strong>ﬁliis</strong></span> <span class='ocrx_word' id='word_1_238' title='bbox 1681 2882 1728 2927; x_wconf 91' lang='lat' dir='ltr'><strong>et</strong></span> <span class='ocrx_word' id='word_1_239' title='bbox 1764 2872 1991 2926; x_wconf 80' lang='lat' dir='ltr'><strong>famulis.</strong></span> 
     </span>
    </p>
   </div>
   <div class='ocr_carea' id='block_1_31' title="bbox 423 2955 1997 3032">
    <p class='ocr_par' dir='ltr' id='par_1_31' title="bbox 423 2955 1997 3032">
     <span class='ocr_line' id='line_1_31' title="bbox 423 2955 1997 3032; baseline 0.007 -24"><span class='ocrx_word' id='word_1_240' title='bbox 423 2956 590 3009; x_wconf 80' lang='lat' dir='ltr'><strong>Amici</strong></span> <span class='ocrx_word' id='word_1_241' title='bbox 621 2955 762 3012; x_wconf 90' lang='lat' dir='ltr'><strong>enim</strong></span> <span class='ocrx_word' id='word_1_242' title='bbox 799 2972 946 3012; x_wconf 89' lang='lat' dir='ltr'><strong>suam</strong></span> <span class='ocrx_word' id='word_1_243' title='bbox 993 2961 1331 3029; x_wconf 79' lang='lat' dir='ltr'><strong>ignominiam</strong></span> <span class='ocrx_word' id='word_1_244' title='bbox 1364 2964 1676 3032; x_wconf 81' lang='lat' dir='ltr'><strong>cogitantes,</strong></span> <span class='ocrx_word' id='word_1_245' title='bbox 1722 2966 1914 3021; x_wconf 87' lang='lat' dir='ltr'><strong>rubore</strong></span> <span class='ocrx_word' id='word_1_246' title='bbox 1942 2977 1997 3021; x_wconf 93' lang='lat' dir='ltr'><strong>et</strong></span> 
     </span>
    </p>
   </div>
   <div class='ocr_carea' id='block_1_32' title="bbox 421 3045 1995 3120">
    <p class='ocr_par' dir='ltr' id='par_1_32' title="bbox 421 3045 1995 3120">
     <span class='ocr_line' id='line_1_32' title="bbox 421 3045 1995 3120; baseline 0.008 -23"><span class='ocrx_word' id='word_1_247' title='bbox 421 3045 622 3114; x_wconf 91' lang='lat' dir='ltr'><strong>pudore</strong></span> <span class='ocrx_word' id='word_1_248' title='bbox 649 3045 1058 3105; x_wconf 75' lang='lat' dir='ltr'><strong>sulfunduntur:</strong></span> <span class='ocrx_word' id='word_1_249' title='bbox 1090 3050 1285 3106; x_wconf 90' lang='lat' dir='ltr'><strong>inimici</strong></span> <span class='ocrx_word' id='word_1_250' title='bbox 1323 3065 1498 3108; x_wconf 81' lang='lat' dir='ltr'><strong>autem</strong></span> <span class='ocrx_word' id='word_1_251' title='bbox 1541 3055 1891 3120; x_wconf 84' lang='lat' dir='ltr'><strong>obiectantur,</strong></span> <span class='ocrx_word' id='word_1_252' title='bbox 1940 3067 1995 3110; x_wconf 91' lang='lat' dir='ltr'><strong>et</strong></span> 
     </span>
    </p>
   </div>
   <div class='ocr_carea' id='block_1_33' title="bbox 420 3134 1988 3215">
    <p class='ocr_par' dir='ltr' id='par_1_33' title="bbox 420 3134 1988 3215">
     <span class='ocr_line' id='line_1_33' title="bbox 420 3134 1988 3215; baseline 0.008 -28"><span class='ocrx_word' id='word_1_253' title='bbox 420 3134 663 3201; x_wconf 90' lang='lat' dir='ltr'><strong>irrident,</strong></span> <span class='ocrx_word' id='word_1_254' title='bbox 692 3144 745 3191; x_wconf 91' lang='lat' dir='ltr'><strong>et</strong></span> <span class='ocrx_word' id='word_1_255' title='bbox 773 3149 1134 3205; x_wconf 81' lang='lat' dir='ltr'><strong>exsecrantur,</strong></span> <span class='ocrx_word' id='word_1_256' title='bbox 1160 3139 1272 3195; x_wconf 75' lang='lat' dir='ltr'><strong>tunc</strong></span> <span class='ocrx_word' id='word_1_257' title='bbox 1287 3143 1669 3212; x_wconf 89' lang='lat' dir='ltr'><strong>propemodum</strong></span> <span class='ocrx_word' id='word_1_258' title='bbox 1695 3145 1988 3215; x_wconf 89' lang='lat' dir='ltr'><strong>loquentes:</strong></span> 
     </span>
    </p>
   </div>
   <div class='ocr_carea' id='block_1_34' title="bbox 420 3223 1993 3306">
    <p class='ocr_par' dir='ltr' id='par_1_34' title="bbox 420 3223 1993 3306">
     <span class='ocr_line' id='line_1_34' title="bbox 420 3223 1993 3306; baseline 0.01 -31"><span class='ocrx_word' id='word_1_259' title='bbox 420 3223 688 3280; x_wconf 91' lang='lat' dir='ltr'><strong>llunecine</strong></span> <span class='ocrx_word' id='word_1_260' title='bbox 706 3228 1169 3296; x_wconf 88' lang='lat' dir='ltr'><strong>oportebatvivere</strong></span> <span class='ocrx_word' id='word_1_261' title='bbox 1189 3232 1211 3284; x_wconf 87' lang='lat'><strong>?</strong></span> <span class='ocrx_word' id='word_1_262' title='bbox 1237 3243 1287 3286; x_wconf 92' lang='lat' dir='ltr'><strong>et</strong></span> <span class='ocrx_word' id='word_1_263' title='bbox 1305 3232 1566 3289; x_wconf 89' lang='lat' dir='ltr'><strong>hunccine</strong></span> <span class='ocrx_word' id='word_1_264' title='bbox 1587 3237 1862 3304; x_wconf 88' lang='lat' dir='ltr'><strong>oportebat</strong></span> <span class='ocrx_word' id='word_1_265' title='bbox 1885 3239 1993 3306; x_wconf 89' lang='lat' dir='ltr'><strong>spi-</strong></span> 
     </span>
    </p>
   </div>
   <div class='ocr_carea' id='block_1_35' title="bbox 417 3317 1988 3396">
    <p class='ocr_par' dir='ltr' id='par_1_35' title="bbox 417 3317 1988 3396">
     <span class='ocr_line' id='line_1_35' title="bbox 417 3317 1988 3396; baseline 0.01 -30"><span class='ocrx_word' id='word_1_266' title='bbox 417 3329 536 3368; x_wconf 89' lang='lat' dir='ltr'><strong>rare</strong></span> <span class='ocrx_word' id='word_1_267' title='bbox 567 3329 742 3370; x_wconf 87' lang='lat' dir='ltr'><strong>aerem</strong></span> <span class='ocrx_word' id='word_1_268' title='bbox 769 3317 793 3370; x_wconf 75' lang='grc' dir='ltr'><strong><em>τ</em></strong></span> <span class='ocrx_word' id='word_1_269' title='bbox 820 3333 852 3371; x_wconf 94' lang='lat' dir='ltr'><strong>o</strong></span> <span class='ocrx_word' id='word_1_270' title='bbox 877 3334 1038 3387; x_wconf 90' lang='lat' dir='ltr'><strong>pecus</strong></span> <span class='ocrx_word' id='word_1_271' title='bbox 1065 3321 1078 3374; x_wconf 90' lang='lat' dir='ltr'><strong>l</strong></span> <span class='ocrx_word' id='word_1_272' title='bbox 1108 3336 1140 3372; x_wconf 90' lang='grc' dir='ltr'>ο</span> <span class='ocrx_word' id='word_1_273' title='bbox 1164 3325 1417 3391; x_wconf 88' lang='lat' dir='ltr'><strong>porcum!</strong></span> <span class='ocrx_word' id='word_1_274' title='bbox 1450 3333 1503 3378; x_wconf 91' lang='lat' dir='ltr'><strong>et</strong></span> <span class='ocrx_word' id='word_1_275' title='bbox 1541 3325 1711 3380; x_wconf 90' lang='lat' dir='ltr'><strong>adhuc</strong></span> <span class='ocrx_word' id='word_1_276' title='bbox 1751 3329 1988 3396; x_wconf 75' lang='lat' dir='ltr'><strong>graviora</strong></span> 
     </span>
    </p>
   </div>
   <div class='ocr_carea' id='block_1_36' title="bbox 419 3403 1988 3484">
    <p class='ocr_par' dir='ltr' id='par_1_36' title="bbox 419 3403 1988 3484">
     <span class='ocr_line' id='line_1_36' title="bbox 419 3403 1988 3484; baseline 0.008 -28"><span class='ocrx_word' id='word_1_277' title='bbox 419 3403 723 3472; x_wconf 88' lang='lat' dir='ltr'><strong>loquuntur.</strong></span> <span class='ocrx_word' id='word_1_278' title='bbox 758 3406 1028 3460; x_wconf 89' lang='lat' dir='ltr'><strong>Deteriore</strong></span> <span class='ocrx_word' id='word_1_279' title='bbox 1053 3410 1194 3462; x_wconf 91' lang='lat' dir='ltr'><strong>enim</strong></span> <span class='ocrx_word' id='word_1_280' title='bbox 1224 3411 1274 3462; x_wconf 92' lang='lat' dir='ltr'><strong>in</strong></span> <span class='ocrx_word' id='word_1_281' title='bbox 1305 3419 1444 3464; x_wconf 89' lang='lat' dir='ltr'><strong>statu</strong></span> <span class='ocrx_word' id='word_1_282' title='bbox 1475 3423 1599 3466; x_wconf 90' lang='lat' dir='ltr'><strong>sunt</strong></span> <span class='ocrx_word' id='word_1_283' title='bbox 1623 3430 1780 3482; x_wconf 89' lang='lat' dir='ltr'><strong>quam</strong></span> <span class='ocrx_word' id='word_1_284' title='bbox 1809 3416 1862 3478; x_wconf 89' lang='lat' dir='ltr'><strong>ii,</strong></span> <span class='ocrx_word' id='word_1_285' title='bbox 1900 3417 1988 3484; x_wconf 87' lang='lat' dir='ltr'><strong>qui</strong></span> 
     </span>
    </p>
   </div>
   <div class='ocr_carea' id='block_1_37' title="bbox 418 3495 1990 3570">
    <p class='ocr_par' dir='ltr' id='par_1_37' title="bbox 418 3495 1990 3570">
     <span class='ocr_line' id='line_1_37' title="bbox 418 3495 1990 3570; baseline 0.011 -27"><span class='ocrx_word' id='word_1_286' title='bbox 418 3508 481 3544; x_wconf 78' lang='lat' dir='ltr'><strong>ex</strong></span> <span class='ocrx_word' id='word_1_287' title='bbox 513 3495 706 3560; x_wconf 86' lang='lat' dir='ltr'><strong>pra-liis</strong></span> <span class='ocrx_word' id='word_1_288' title='bbox 735 3495 957 3549; x_wconf 80' lang='lat' dir='ltr'><strong>redeunt</strong></span> <span class='ocrx_word' id='word_1_289' title='bbox 983 3499 1130 3552; x_wconf 66' lang='lat' dir='ltr'><strong>caede</strong></span> <span class='ocrx_word' id='word_1_290' title='bbox 1157 3501 1509 3570; x_wconf 86' lang='lat' dir='ltr'><strong>coinquinatis</strong></span> <span class='ocrx_word' id='word_1_291' title='bbox 1536 3503 1796 3568; x_wconf 86' lang='lat' dir='ltr'><strong>manibus,</strong></span> <span class='ocrx_word' id='word_1_292' title='bbox 1826 3516 1878 3560; x_wconf 93' lang='lat' dir='ltr'><strong>et</strong></span> <span class='ocrx_word' id='word_1_293' title='bbox 1909 3516 1990 3560; x_wconf 87' lang='lat' dir='ltr'><strong>tu-</strong></span> 
     </span>
    </p>
   </div>
   <div class='ocr_carea' id='block_1_38' title="bbox 420 3581 1988 3652">
    <p class='ocr_par' dir='ltr' id='par_1_38' title="bbox 420 3581 1988 3652">
     <span class='ocr_line' id='line_1_38' title="bbox 420 3581 1988 3652; baseline 0.011 -20"><span class='ocrx_word' id='word_1_294' title='bbox 420 3581 680 3636; x_wconf 90' lang='lat' dir='ltr'><strong>multuose</strong></span> <span class='ocrx_word' id='word_1_295' title='bbox 711 3594 1064 3652; x_wconf 82' lang='lat' dir='ltr'><strong>reportantur.</strong></span> <span class='ocrx_word' id='word_1_296' title='bbox 1095 3585 1215 3642; x_wconf 88' lang='lat' dir='ltr'><strong>Illos</strong></span> <span class='ocrx_word' id='word_1_297' title='bbox 1264 3589 1405 3643; x_wconf 91' lang='lat' dir='ltr'><strong>enim</strong></span> <span class='ocrx_word' id='word_1_298' title='bbox 1438 3591 1676 3647; x_wconf 83' lang='lat' dir='ltr'><strong>fortassis</strong></span> <span class='ocrx_word' id='word_1_299' title='bbox 1704 3594 1852 3648; x_wconf 90' lang='lat' dir='ltr'><strong>multi</strong></span> <span class='ocrx_word' id='word_1_300' title='bbox 1878 3595 1988 3650; x_wconf 87' lang='lat' dir='ltr'><strong>lau-</strong></span> 
     </span>
    </p>
   </div>
   <div class='ocr_carea' id='block_1_39' title="bbox 418 3671 1983 3755">
    <p class='ocr_par' dir='ltr' id='par_1_39' title="bbox 418 3671 1983 3755">
     <span class='ocr_line' id='line_1_39' title="bbox 418 3671 1983 3755; baseline 0.011 -32"><span class='ocrx_word' id='word_1_301' title='bbox 418 3671 572 3726; x_wconf 89' lang='lat' dir='ltr'><strong>dibus</strong></span> <span class='ocrx_word' id='word_1_302' title='bbox 610 3675 868 3729; x_wconf 80' lang='lat' dir='ltr'><strong>extollunt</strong></span> <span class='ocrx_word' id='word_1_303' title='bbox 923 3687 1140 3746; x_wconf 86' lang='lat' dir='ltr'><strong>propter</strong></span> <span class='ocrx_word' id='word_1_304' title='bbox 1185 3688 1403 3749; x_wconf 66' lang='lat' dir='ltr'><strong>trOpa‘a,</strong></span> <span class='ocrx_word' id='word_1_305' title='bbox 1457 3695 1674 3753; x_wconf 90' lang='lat' dir='ltr'><strong>pr0ptcr</strong></span> <span class='ocrx_word' id='word_1_306' title='bbox 1714 3686 1983 3755; x_wconf 78' lang='lat' dir='ltr'><strong>victorias,</strong></span> 
     </span>
    </p>
   </div>
   <div class='ocr_carea' id='block_1_40' title="bbox 419 3764 1986 3846">
    <p class='ocr_par' dir='ltr' id='par_1_40' title="bbox 419 3764 1986 3846">
     <span class='ocr_line' id='line_1_40' title="bbox 419 3764 1986 3846; baseline 0.013 -35"><span class='ocrx_word' id='word_1_307' title='bbox 419 3771 634 3830; x_wconf 84' lang='lat' dir='ltr'><strong>propter</strong></span> <span class='ocrx_word' id='word_1_308' title='bbox 659 3764 874 3820; x_wconf 80' lang='lat' dir='ltr'><strong>vulnera</strong></span> <span class='ocrx_word' id='word_1_309' title='bbox 895 3775 947 3820; x_wconf 90' lang='lat' dir='ltr'><strong>et</strong></span> <span class='ocrx_word' id='word_1_310' title='bbox 968 3768 1142 3823; x_wconf 73' lang='lat' dir='ltr'><strong>ezedes</strong></span> <span class='ocrx_word' id='word_1_311' title='bbox 1168 3786 1181 3823; x_wconf 90' lang='lat'>:</span> <span class='ocrx_word' id='word_1_312' title='bbox 1209 3770 1383 3825; x_wconf 86' lang='lat' dir='ltr'><strong>ebrios</strong></span> <span class='ocrx_word' id='word_1_313' title='bbox 1411 3783 1587 3828; x_wconf 90' lang='lat' dir='ltr'><strong>autem</strong></span> <span class='ocrx_word' id='word_1_314' title='bbox 1609 3775 1832 3830; x_wconf 89' lang='lat' dir='ltr'><strong>miseros</strong></span> <span class='ocrx_word' id='word_1_315' title='bbox 1860 3793 1986 3846; x_wconf 88' lang='lat' dir='ltr'><strong>pro-</strong></span> 
     </span>
    </p>
   </div>
   <div class='ocr_carea' id='block_1_41' title="bbox 416 3852 1985 3927">
    <p class='ocr_par' dir='ltr' id='par_1_41' title="bbox 416 3852 1985 3927">
     <span class='ocr_line' id='line_1_41' title="bbox 416 3852 1985 3927; baseline 0.013 -25"><span class='ocrx_word' id='word_1_316' title='bbox 416 3852 662 3917; x_wconf 87' lang='lat' dir='ltr'><strong>clamant,</strong></span> <span class='ocrx_word' id='word_1_317' title='bbox 715 3871 1047 3912; x_wconf 68' lang='lat' dir='ltr'><strong>aerumnosos</strong></span> <span class='ocrx_word' id='word_1_318' title='bbox 1080 3871 1288 3927; x_wconf 89' lang='lat' dir='ltr'><strong>vocant,</strong></span> <span class='ocrx_word' id='word_1_319' title='bbox 1325 3871 1374 3917; x_wconf 90' lang='lat' dir='ltr'><strong>et</strong></span> <span class='ocrx_word' id='word_1_320' title='bbox 1412 3864 1687 3920; x_wconf 88' lang='lat' dir='ltr'><strong>innumera</strong></span> <span class='ocrx_word' id='word_1_321' title='bbox 1725 3867 1802 3921; x_wconf 91' lang='lat' dir='ltr'><strong>eis</strong></span> <span class='ocrx_word' id='word_1_322' title='bbox 1848 3868 1985 3923; x_wconf 87' lang='lat' dir='ltr'><strong>mala</strong></span> 
     </span>
    </p>
   </div>
   <div class='ocr_carea' id='block_1_42' title="bbox 417 3943 1984 4029">
    <p class='ocr_par' dir='ltr' id='par_1_42' title="bbox 417 3943 1984 4029">
     <span class='ocr_line' id='line_1_42' title="bbox 417 3943 1984 4029; baseline 0.012 -33"><span class='ocrx_word' id='word_1_323' title='bbox 417 3943 794 4012; x_wconf 89' lang='lat' dir='ltr'><strong>imprecantur.</strong></span> <span class='ocrx_word' id='word_1_324' title='bbox 817 3949 950 4016; x_wconf 87' lang='lat' dir='ltr'><strong>Quid</strong></span> <span class='ocrx_word' id='word_1_325' title='bbox 979 3952 1118 4004; x_wconf 90' lang='lat' dir='ltr'><strong>enim</strong></span> <span class='ocrx_word' id='word_1_326' title='bbox 1148 3967 1212 4006; x_wconf 89' lang='lat' dir='ltr'><strong>eo</strong></span> <span class='ocrx_word' id='word_1_327' title='bbox 1240 3955 1481 4010; x_wconf 89' lang='lat' dir='ltr'><strong>miserius</strong></span> <span class='ocrx_word' id='word_1_328' title='bbox 1505 3955 1680 4021; x_wconf 84' lang='lat' dir='ltr'><strong>fuerit,</strong></span> <span class='ocrx_word' id='word_1_329' title='bbox 1699 3959 1786 4029; x_wconf 90' lang='lat' dir='ltr'><strong>qui</strong></span> <span class='ocrx_word' id='word_1_330' title='bbox 1807 3960 1984 4015; x_wconf 90' lang='lat' dir='ltr'><strong>ebrie-</strong></span> 
     </span>
    </p>
   </div>
   <div class='ocr_carea' id='block_1_43' title="bbox 416 4031 1984 4112">
    <p class='ocr_par' dir='ltr' id='par_1_43' title="bbox 416 4031 1984 4112">
     <span class='ocr_line' id='line_1_43' title="bbox 416 4031 1984 4112; baseline 0.013 -29"><span class='ocrx_word' id='word_1_331' title='bbox 416 4034 506 4084; x_wconf 86' lang='lat' dir='ltr'><strong>tati</strong></span> <span class='ocrx_word' id='word_1_332' title='bbox 536 4031 743 4090; x_wconf 91' lang='lat' dir='ltr'><strong>deditus</strong></span> <span class='ocrx_word' id='word_1_333' title='bbox 767 4047 868 4103; x_wconf 86' lang='lat' dir='ltr'><strong>est,</strong></span> <span class='ocrx_word' id='word_1_334' title='bbox 899 4047 951 4093; x_wconf 92' lang='lat' dir='ltr'><strong>et</strong></span> <span class='ocrx_word' id='word_1_335' title='bbox 977 4041 1210 4109; x_wconf 90' lang='lat' dir='ltr'><strong>quotidie</strong></span> <span class='ocrx_word' id='word_1_336' title='bbox 1233 4043 1408 4098; x_wconf 90' lang='lat' dir='ltr'><strong>viuum</strong></span> <span class='ocrx_word' id='word_1_337' title='bbox 1439 4044 1680 4112; x_wconf 84' lang='lat' dir='ltr'><strong>etl‘undit,</strong></span> <span class='ocrx_word' id='word_1_338' title='bbox 1710 4063 1774 4102; x_wconf 90' lang='lat' dir='ltr'><strong>ac</strong></span> <span class='ocrx_word' id='word_1_339' title='bbox 1791 4051 1984 4104; x_wconf 90' lang='lat' dir='ltr'><strong>mentis</strong></span> 
     </span>
    </p>
   </div>
   <div class='ocr_carea' id='block_1_44' title="bbox 412 4126 1980 4210">
    <p class='ocr_par' dir='ltr' id='par_1_44' title="bbox 412 4126 1980 4210">
     <span class='ocr_line' id='line_1_44' title="bbox 412 4126 1980 4210; baseline 0.012 -34"><span class='ocrx_word' id='word_1_340' title='bbox 412 4138 522 4178; x_wconf 75' lang='lat' dir='ltr'><strong>sua:</strong></span> <span class='ocrx_word' id='word_1_341' title='bbox 543 4126 797 4194; x_wconf 88' lang='lat' dir='ltr'><strong>judicium</strong></span> <span class='ocrx_word' id='word_1_342' title='bbox 827 4133 1163 4202; x_wconf 73' lang='lat' dir='ltr'><strong>corrumpit?</strong></span> <span class='ocrx_word' id='word_1_343' title='bbox 1213 4135 1506 4206; x_wconf 82' lang='lat' dir='ltr'><strong>Eaproptcr</strong></span> <span class='ocrx_word' id='word_1_344' title='bbox 1531 4148 1584 4192; x_wconf 92' lang='lat' dir='ltr'><strong>et</strong></span> <span class='ocrx_word' id='word_1_345' title='bbox 1624 4140 1834 4208; x_wconf 88' lang='lat' dir='ltr'><strong>sapiens</strong></span> <span class='ocrx_word' id='word_1_346' title='bbox 1858 4141 1980 4210; x_wconf 86' lang='lat' dir='ltr'><strong>qui-</strong></span> 
     </span>
    </p>
   </div>
   <div class='ocr_carea' id='block_1_45' title="bbox 409 4212 1979 4300">
    <p class='ocr_par' dir='ltr' id='par_1_45' title="bbox 409 4212 1979 4300">
     <span class='ocr_line' id='line_1_45' title="bbox 409 4212 1979 4300; baseline 0.011 -34"><span class='ocrx_word' id='word_1_347' title='bbox 409 4212 532 4267; x_wconf 80' lang='lat' dir='ltr'><strong>dam</strong></span> <span class='ocrx_word' id='word_1_348' title='bbox 558 4215 872 4273; x_wconf 89' lang='lat' dir='ltr'><strong>admonebat</strong></span> <span class='ocrx_word' id='word_1_349' title='bbox 898 4220 1081 4276; x_wconf 90' lang='lat' dir='ltr'><strong>dicens</strong></span> <span class='ocrx_word' id='word_1_350' title='bbox 1117 4241 1130 4276; x_wconf 91' lang='lat'>:</span> <span class='ocrx_word' id='word_1_351' title='bbox 1159 4223 1473 4294; x_wconf 80' lang='lat' dir='ltr'><strong>Principium</strong></span> <span class='ocrx_word' id='word_1_352' title='bbox 1501 4228 1616 4280; x_wconf 67' lang='lat' dir='ltr'><strong>vitae</strong></span> <span class='ocrx_word' id='word_1_353' title='bbox 1643 4229 1858 4283; x_wconf 80' lang='lat' dir='ltr'><strong>hominis</strong></span> <span class='ocrx_word' id='word_1_354' title='bbox 1883 4249 1979 4300; x_wconf 89' lang='lat' dir='ltr'><strong>pa-</strong></span> 
     </span>
    </p>
   </div>
   <div class='ocr_carea' id='block_1_46' title="bbox 410 4307 1975 4390">
    <p class='ocr_par' dir='ltr' id='par_1_46' title="bbox 410 4307 1975 4390">
     <span class='ocr_line' id='line_1_46' title="bbox 410 4307 1975 4390; baseline 0.012 -32"><span class='ocrx_word' id='word_1_355' title='bbox 410 4307 487 4358; x_wconf 88' lang='lat' dir='ltr'><strong>nis</strong></span> <span class='ocrx_word' id='word_1_356' title='bbox 512 4316 557 4360; x_wconf 83' lang='lat' dir='ltr'><strong>et</strong></span> <span class='ocrx_word' id='word_1_357' title='bbox 571 4324 700 4377; x_wconf 86' lang='lat' dir='ltr'><strong>aqua</strong></span> <span class='ocrx_word' id='word_1_358' title='bbox 712 4321 756 4362; x_wconf 81' lang='lat' dir='ltr'><strong>et</strong></span> <span class='ocrx_word' id='word_1_359' title='bbox 778 4312 938 4372; x_wconf 79' lang='lat' dir='ltr'><strong>vestis,</strong></span> <span class='ocrx_word' id='word_1_360' title='bbox 967 4323 1010 4365; x_wconf 86' lang='lat' dir='ltr'><strong>et</strong></span> <span class='ocrx_word' id='word_1_361' title='bbox 1029 4314 1206 4369; x_wconf 87' lang='lat' dir='ltr'><strong>domus</strong></span> <span class='ocrx_word' id='word_1_362' title='bbox 1224 4326 1388 4385; x_wconf 83' lang='lat' dir='ltr'><strong>legens</strong></span> <span class='ocrx_word' id='word_1_363' title='bbox 1409 4319 1766 4386; x_wconf 81' lang='lat' dir='ltr'><strong>turpitudinem</strong></span> <span class='ocrx_word' id='word_1_364' title='bbox 1786 4320 1975 4390; x_wconf 85' lang='lat' dir='ltr'><strong>(Eccli.</strong></span> 
     </span>
    </p>
   </div>
   <div class='ocr_carea' id='block_1_47' title="bbox 409 4393 1974 4481">
    <p class='ocr_par' dir='ltr' id='par_1_47' title="bbox 409 4393 1974 4481">
     <span class='ocr_line' id='line_1_47' title="bbox 409 4393 1974 4481; baseline 0.013 -36"><span class='ocrx_word' id='word_1_365' title='bbox 409 4393 497 4447; x_wconf 74' lang='lat'><strong>29.</strong></span> <span class='ocrx_word' id='word_1_366' title='bbox 529 4394 643 4467; x_wconf 73' lang='lat'><strong>28):</strong></span> <span class='ocrx_word' id='word_1_367' title='bbox 681 4407 734 4450; x_wconf 94' lang='lat' dir='ltr'><strong>ut</strong></span> <span class='ocrx_word' id='word_1_368' title='bbox 769 4400 813 4452; x_wconf 93' lang='lat' dir='ltr'><strong>si</strong></span> <span class='ocrx_word' id='word_1_369' title='bbox 861 4403 982 4469; x_wconf 83' lang='lat' dir='ltr'><strong>quis</strong></span> <span class='ocrx_word' id='word_1_370' title='bbox 1032 4403 1288 4459; x_wconf 87' lang='lat' dir='ltr'><strong>ebrietate</strong></span> <span class='ocrx_word' id='word_1_371' title='bbox 1329 4407 1574 4472; x_wconf 89' lang='lat' dir='ltr'><strong>vincitur,</strong></span> <span class='ocrx_word' id='word_1_372' title='bbox 1618 4425 1683 4463; x_wconf 88' lang='lat' dir='ltr'><strong>ne</strong></span> <span class='ocrx_word' id='word_1_373' title='bbox 1711 4409 1760 4463; x_wconf 91' lang='lat' dir='ltr'><strong>iu</strong></span> <span class='ocrx_word' id='word_1_374' title='bbox 1789 4411 1974 4481; x_wconf 88' lang='lat' dir='ltr'><strong>vulgus</strong></span> 
     </span>
    </p>
   </div>
   <div class='ocr_carea' id='block_1_48' title="bbox 413 4484 1978 4562">
    <p class='ocr_par' dir='ltr' id='par_1_48' title="bbox 413 4484 1978 4562">
     <span class='ocr_line' id='line_1_48' title="bbox 413 4484 1978 4562; baseline 0.013 -28"><span class='ocrx_word' id='word_1_375' title='bbox 413 4484 717 4540; x_wconf 87' lang='lat' dir='ltr'><strong>traducatur</strong></span> <span class='ocrx_word' id='word_1_376' title='bbox 738 4529 754 4548; x_wconf 88' lang='lat'><strong>,</strong></span> <span class='ocrx_word' id='word_1_377' title='bbox 787 4489 878 4542; x_wconf 85' lang='lat' dir='ltr'><strong>sed</strong></span> <span class='ocrx_word' id='word_1_378' title='bbox 908 4504 937 4542; x_wconf 90' lang='lat' dir='ltr'><strong>a</strong></span> <span class='ocrx_word' id='word_1_379' title='bbox 969 4492 1081 4545; x_wconf 88' lang='lat' dir='ltr'><strong>suis</strong></span> <span class='ocrx_word' id='word_1_380' title='bbox 1106 4501 1414 4562; x_wconf 78' lang='lat' dir='ltr'><strong>contegatur</strong></span> <span class='ocrx_word' id='word_1_381' title='bbox 1443 4511 1458 4550; x_wconf 89' lang='lat'><strong>:</strong></span> <span class='ocrx_word' id='word_1_382' title='bbox 1483 4507 1534 4550; x_wconf 91' lang='lat' dir='ltr'><strong>et</strong></span> <span class='ocrx_word' id='word_1_383' title='bbox 1565 4513 1670 4553; x_wconf 92' lang='lat' dir='ltr'><strong>non</strong></span> <span class='ocrx_word' id='word_1_384' title='bbox 1701 4500 1768 4553; x_wconf 85' lang='lat' dir='ltr'><strong>sit</strong></span> <span class='ocrx_word' id='word_1_385' title='bbox 1807 4501 1978 4555; x_wconf 87' lang='lat' dir='ltr'><strong>omni-</strong></span> 
     </span>
    </p>
   </div>
   <div class='ocr_carea' id='block_1_49' title="bbox 411 4572 1976 4658">
    <p class='ocr_par' dir='ltr' id='par_1_49' title="bbox 411 4572 1976 4658">
     <span class='ocr_line' id='line_1_49' title="bbox 411 4572 1976 4658; baseline 0.013 -33"><span class='ocrx_word' id='word_1_386' title='bbox 411 4572 505 4627; x_wconf 91' lang='lat' dir='ltr'><strong>bus</strong></span> <span class='ocrx_word' id='word_1_387' title='bbox 536 4575 672 4630; x_wconf 90' lang='lat' dir='ltr'><strong>risus</strong></span> <span class='ocrx_word' id='word_1_388' title='bbox 699 4587 753 4632; x_wconf 87' lang='lat' dir='ltr'><strong>et</strong></span> <span class='ocrx_word' id='word_1_389' title='bbox 780 4579 1116 4647; x_wconf 87' lang='lat' dir='ltr'><strong>turpitudinis</strong></span> <span class='ocrx_word' id='word_1_390' title='bbox 1159 4596 1546 4652; x_wconf 77' lang='lat' dir='ltr'><strong>argumentum.</strong></span> <span class='ocrx_word' id='word_1_391' title='bbox 1586 4586 1654 4641; x_wconf 81' lang='lat' dir='ltr'><strong>Et</strong></span> <span class='ocrx_word' id='word_1_392' title='bbox 1701 4591 1870 4658; x_wconf 72' lang='lat' dir='ltr'><strong>cepit,</strong></span> <span class='ocrx_word' id='word_1_393' title='bbox 1895 4590 1976 4644; x_wconf 89' lang='lat' dir='ltr'><strong>in-</strong></span> 
     </span>
    </p>
   </div>
   <div class='ocr_carea' id='block_1_50' title="bbox 407 4662 1975 4744">
    <p class='ocr_par' dir='ltr' id='par_1_50' title="bbox 407 4662 1975 4744">
     <span class='ocr_line' id='line_1_50' title="bbox 407 4662 1975 4744; baseline 0.013 -31"><span class='ocrx_word' id='word_1_394' title='bbox 407 4664 540 4730; x_wconf 88' lang='lat' dir='ltr'><strong>quit,</strong></span> <span class='ocrx_word' id='word_1_395' title='bbox 573 4662 688 4719; x_wconf 78' lang='lat' dir='ltr'><strong>Noe</strong></span> <span class='ocrx_word' id='word_1_396' title='bbox 717 4665 866 4721; x_wconf 84' lang='lat' dir='ltr'><strong>homo</strong></span> <span class='ocrx_word' id='word_1_397' title='bbox 889 4669 1114 4738; x_wconf 83' lang='lat' dir='ltr'><strong>agricola</strong></span> <span class='ocrx_word' id='word_1_398' title='bbox 1145 4680 1310 4738; x_wconf 69' lang='lat' dir='ltr'><strong>terra,</strong></span> <span class='ocrx_word' id='word_1_399' title='bbox 1335 4683 1382 4727; x_wconf 85' lang='lat' dir='ltr'><strong>et</strong></span> <span class='ocrx_word' id='word_1_400' title='bbox 1412 4675 1656 4744; x_wconf 81' lang='lat' dir='ltr'><strong>plantavit</strong></span> <span class='ocrx_word' id='word_1_401' title='bbox 1685 4679 1894 4744; x_wconf 76' lang='lat' dir='ltr'><strong>vineam,</strong></span> <span class='ocrx_word' id='word_1_402' title='bbox 1929 4689 1975 4734; x_wconf 86' lang='lat' dir='ltr'><strong>et</strong></span> 
     </span>
    </p>
   </div>
   <div class='ocr_carea' id='block_1_51' title="bbox 406 4751 1237 4815">
    <p class='ocr_par' dir='ltr' id='par_1_51' title="bbox 406 4751 1237 4815">
     <span class='ocr_line' id='line_1_51' title="bbox 406 4751 1237 4815; baseline 0.013 -13"><span class='ocrx_word' id='word_1_403' title='bbox 406 4751 523 4804; x_wconf 80' lang='lat' dir='ltr'><strong>bibit</strong></span> <span class='ocrx_word' id='word_1_404' title='bbox 546 4755 608 4806; x_wconf 87' lang='lat' dir='ltr'><strong>de</strong></span> <span class='ocrx_word' id='word_1_405' title='bbox 632 4756 763 4813; x_wconf 81' lang='lat' dir='ltr'><strong>uino.</strong></span> <span class='ocrx_word' id='word_1_406' title='bbox 787 4767 831 4810; x_wconf 85' lang='lat' dir='ltr'><strong>et</strong></span> <span class='ocrx_word' id='word_1_407' title='bbox 851 4759 1118 4814; x_wconf 82' lang='lat' dir='ltr'><strong>inebriatus</strong></span> <span class='ocrx_word' id='word_1_408' title='bbox 1145 4772 1237 4815; x_wconf 87' lang='lat' dir='ltr'><strong>est.</strong></span> 
     </span>
    </p>
   </div>
   <div class='ocr_carea' id='block_1_52' title="bbox 474 4843 1968 4924">
    <p class='ocr_par' dir='ltr' id='par_1_52' title="bbox 474 4843 1968 4924">
     <span class='ocr_line' id='line_1_52' title="bbox 474 4843 1968 4924; baseline 0.011 -28"><span class='ocrx_word' id='word_1_409' title='bbox 474 4845 527 4896; x_wconf 70' lang='grc' dir='ltr'>ι.</span> <span class='ocrx_word' id='word_1_410' title='bbox 571 4843 797 4900; x_wconf 83' lang='lat' dir='ltr'><strong>Ebrietas</strong></span> <span class='ocrx_word' id='word_1_411' title='bbox 844 4866 934 4914; x_wconf 85' lang='lat' dir='ltr'><strong>pro</strong></span> <span class='ocrx_word' id='word_1_412' title='bbox 982 4853 1222 4906; x_wconf 80' lang='lat' dir='ltr'><strong>satietate.</strong></span> <span class='ocrx_word' id='word_1_413' title='bbox 1263 4852 1398 4907; x_wconf 81' lang='lat' dir='ltr'><strong>Vitia</strong></span> <span class='ocrx_word' id='word_1_414' title='bbox 1439 4873 1538 4914; x_wconf 82' lang='lat' dir='ltr'><strong>non</strong></span> <span class='ocrx_word' id='word_1_415' title='bbox 1562 4859 1615 4910; x_wconf 90' lang='lat' dir='ltr'><strong>in</strong></span> <span class='ocrx_word' id='word_1_416' title='bbox 1643 4870 1825 4913; x_wconf 84' lang='lat' dir='ltr'><strong>natura</strong></span> <span class='ocrx_word' id='word_1_417' title='bbox 1849 4861 1968 4924; x_wconf 89' lang='lat' dir='ltr'><strong>sita,</strong></span> 
     </span>
    </p>
   </div>
   <div class='ocr_carea' id='block_1_53' title="bbox 402 4934 1968 5013">
    <p class='ocr_par' dir='ltr' id='par_1_53' title="bbox 402 4934 1968 5013">
     <span class='ocr_line' id='line_1_53' title="bbox 402 4934 1968 5013; baseline 0.013 -29"><span class='ocrx_word' id='word_1_418' title='bbox 402 4935 491 4985; x_wconf 90' lang='lat' dir='ltr'><strong>sed</strong></span> <span class='ocrx_word' id='word_1_419' title='bbox 515 4934 566 4987; x_wconf 90' lang='lat' dir='ltr'><strong>in</strong></span> <span class='ocrx_word' id='word_1_420' title='bbox 598 4935 868 4990; x_wconf 77' lang='lat' dir='ltr'><strong>voluntate.</strong></span> <span class='ocrx_word' id='word_1_421' title='bbox 895 4968 967 4979; x_wconf 90' lang='lat'>—</span> <span class='ocrx_word' id='word_1_422' title='bbox 989 4941 1270 4998; x_wconf 78' lang='lat' dir='ltr'><strong>Ebrietatis</strong></span> <span class='ocrx_word' id='word_1_423' title='bbox 1319 4961 1534 5008; x_wconf 89' lang='lat' dir='ltr'><strong>nomen,</strong></span> <span class='ocrx_word' id='word_1_424' title='bbox 1574 4950 1872 5013; x_wconf 81' lang='lat' dir='ltr'><strong>carissime.</strong></span> <span class='ocrx_word' id='word_1_425' title='bbox 1919 4953 1968 5005; x_wconf 90' lang='lat' dir='ltr'><strong>in</strong></span> 
     </span>
    </p>
   </div>
   <div class='ocr_carea' id='block_1_54' title="bbox 404 5024 1967 5100">
    <p class='ocr_par' dir='ltr' id='par_1_54' title="bbox 404 5024 1967 5100">
     <span class='ocr_line' id='line_1_54' title="bbox 404 5024 1967 5100; baseline 0.012 -25"><span class='ocrx_word' id='word_1_426' title='bbox 404 5038 548 5076; x_wconf 87' lang='lat' dir='ltr'><strong>saera</strong></span> <span class='ocrx_word' id='word_1_427' title='bbox 588 5024 855 5093; x_wconf 89' lang='lat' dir='ltr'><strong>Scriptura</strong></span> <span class='ocrx_word' id='word_1_428' title='bbox 905 5045 1008 5083; x_wconf 91' lang='lat' dir='ltr'><strong>non</strong></span> <span class='ocrx_word' id='word_1_429' title='bbox 1061 5033 1253 5100; x_wconf 89' lang='lat' dir='ltr'><strong>ubique</strong></span> <span class='ocrx_word' id='word_1_430' title='bbox 1300 5034 1366 5086; x_wconf 79' lang='lat' dir='ltr'><strong>de</strong></span> <span class='ocrx_word' id='word_1_431' title='bbox 1411 5038 1716 5091; x_wconf 85' lang='lat' dir='ltr'><strong>temulentia</strong></span> <span class='ocrx_word' id='word_1_432' title='bbox 1769 5040 1967 5094; x_wconf 71' lang='lat' dir='ltr'><strong>dictum</strong></span> 
     </span>
    </p>
   </div>
   <div class='ocr_carea' id='block_1_55' title="bbox 403 5114 1970 5198">
    <p class='ocr_par' dir='ltr' id='par_1_55' title="bbox 403 5114 1970 5198">
     <span class='ocr_line' id='line_1_55' title="bbox 403 5114 1970 5198; baseline 0.014 -36"><span class='ocrx_word' id='word_1_433' title='bbox 403 5121 502 5171; x_wconf 84' lang='lat' dir='ltr'><strong>est,</strong></span> <span class='ocrx_word' id='word_1_434' title='bbox 530 5114 621 5166; x_wconf 86' lang='lat' dir='ltr'><strong>sed</strong></span> <span class='ocrx_word' id='word_1_435' title='bbox 649 5123 700 5168; x_wconf 91' lang='lat' dir='ltr'><strong>et</strong></span> <span class='ocrx_word' id='word_1_436' title='bbox 727 5118 1022 5173; x_wconf 86' lang='lat' dir='ltr'><strong>satietatem</strong></span> <span class='ocrx_word' id='word_1_437' title='bbox 1053 5123 1330 5190; x_wconf 86' lang='lat' dir='ltr'><strong>signilleat.</strong></span> <span class='ocrx_word' id='word_1_438' title='bbox 1367 5125 1473 5177; x_wconf 92' lang='lat' dir='ltr'><strong>lloe</strong></span> <span class='ocrx_word' id='word_1_439' title='bbox 1494 5126 1666 5192; x_wconf 87' lang='lat' dir='ltr'><strong>itaque</strong></span> <span class='ocrx_word' id='word_1_440' title='bbox 1689 5127 1823 5181; x_wconf 87' lang='lat' dir='ltr'><strong>forte</strong></span> <span class='ocrx_word' id='word_1_441' title='bbox 1846 5131 1970 5198; x_wconf 91' lang='lat' dir='ltr'><strong>quis</strong></span> 
     </span>
    </p>
   </div>
   <div class='ocr_carea' id='block_1_56' title="bbox 404 5200 1967 5284">
    <p class='ocr_par' dir='ltr' id='par_1_56' title="bbox 404 5200 1967 5284">
     <span class='ocr_line' id='line_1_56' title="bbox 404 5200 1967 5284; baseline 0.012 -29"><span class='ocrx_word' id='word_1_442' title='bbox 404 5200 628 5271; x_wconf 83' lang='lat' dir='ltr'><strong>dejustu</strong></span> <span class='ocrx_word' id='word_1_443' title='bbox 656 5206 754 5259; x_wconf 84' lang='lat' dir='ltr'><strong>hoc</strong></span> <span class='ocrx_word' id='word_1_444' title='bbox 783 5209 941 5274; x_wconf 86' lang='lat' dir='ltr'><strong>dicet,</strong></span> <span class='ocrx_word' id='word_1_445' title='bbox 975 5214 1112 5280; x_wconf 86' lang='lat' dir='ltr'><strong>quod</strong></span> <span class='ocrx_word' id='word_1_446' title='bbox 1137 5230 1238 5267; x_wconf 89' lang='lat' dir='ltr'><strong>non</strong></span> <span class='ocrx_word' id='word_1_447' title='bbox 1270 5226 1323 5268; x_wconf 85' lang='lat' dir='ltr'><strong>ut</strong></span> <span class='ocrx_word' id='word_1_448' title='bbox 1351 5215 1708 5284; x_wconf 82' lang='lat' dir='ltr'><strong>intemperans</strong></span> <span class='ocrx_word' id='word_1_449' title='bbox 1741 5220 1967 5275; x_wconf 84' lang='lat' dir='ltr'><strong>inebria-</strong></span> 
     </span>
    </p>
   </div>
   <div class='ocr_carea' id='block_1_57' title="bbox 405 5293 1967 5377">
    <p class='ocr_par' dir='ltr' id='par_1_57' title="bbox 405 5293 1967 5377">
     <span class='ocr_line' id='line_1_57' title="bbox 405 5293 1967 5377; baseline 0.014 -32"><span class='ocrx_word' id='word_1_450' title='bbox 405 5299 488 5345; x_wconf 87' lang='lat' dir='ltr'><strong>tus</strong></span> <span class='ocrx_word' id='word_1_451' title='bbox 537 5293 722 5358; x_wconf 86' lang='lat' dir='ltr'><strong>fuerit,</strong></span> <span class='ocrx_word' id='word_1_452' title='bbox 758 5298 849 5351; x_wconf 87' lang='lat' dir='ltr'><strong>sed</strong></span> <span class='ocrx_word' id='word_1_453' title='bbox 879 5301 946 5354; x_wconf 78' lang='lat' dir='ltr'><strong>ob</strong></span> <span class='ocrx_word' id='word_1_454' title='bbox 979 5304 1273 5357; x_wconf 86' lang='lat' dir='ltr'><strong>satietatem</strong></span> <span class='ocrx_word' id='word_1_455' title='bbox 1306 5307 1404 5360; x_wconf 83' lang='lat' dir='ltr'><strong>hoc</strong></span> <span class='ocrx_word' id='word_1_456' title='bbox 1431 5307 1478 5360; x_wconf 91' lang='lat' dir='ltr'><strong>ei</strong></span> <span class='ocrx_word' id='word_1_457' title='bbox 1503 5310 1798 5377; x_wconf 78' lang='lat' dir='ltr'><strong>contigerit.</strong></span> <span class='ocrx_word' id='word_1_458' title='bbox 1833 5314 1967 5367; x_wconf 82' lang='lat' dir='ltr'><strong>Audi</strong></span> 
     </span>
    </p>
   </div>
   <div class='ocr_carea' id='block_1_58' title="bbox 400 5381 1968 5456">
    <p class='ocr_par' dir='ltr' id='par_1_58' title="bbox 400 5381 1968 5456">
     <span class='ocr_line' id='line_1_58' title="bbox 400 5381 1968 5456; baseline 0.015 -23"><span class='ocrx_word' id='word_1_459' title='bbox 400 5381 540 5434; x_wconf 84' lang='lat' dir='ltr'><strong>enim</strong></span> <span class='ocrx_word' id='word_1_460' title='bbox 571 5383 730 5440; x_wconf 86' lang='lat' dir='ltr'><strong>David</strong></span> <span class='ocrx_word' id='word_1_461' title='bbox 758 5389 1016 5445; x_wconf 89' lang='lat' dir='ltr'><strong>dicentem</strong></span> <span class='ocrx_word' id='word_1_462' title='bbox 1041 5411 1054 5446; x_wconf 88' lang='lat'>:</span> <span class='ocrx_word' id='word_1_463' title='bbox 1082 5393 1538 5451; x_wconf 86' lang='lat' dir='ltr'><strong>lnebriabunturab</strong></span> <span class='ocrx_word' id='word_1_464' title='bbox 1563 5401 1779 5454; x_wconf 80' lang='lat' dir='ltr'><strong>ubertate</strong></span> <span class='ocrx_word' id='word_1_465' title='bbox 1793 5401 1968 5456; x_wconf 88' lang='lat' dir='ltr'><strong>domus</strong></span> 
     </span>
    </p>
   </div>
   <div class='ocr_carea' id='block_1_59' title="bbox 400 5471 1966 5562">
    <p class='ocr_par' dir='ltr' id='par_1_59' title="bbox 400 5471 1966 5562">
     <span class='ocr_line' id='line_1_59' title="bbox 400 5471 1966 5562; baseline 0.018 -42"><span class='ocrx_word' id='word_1_466' title='bbox 400 5479 496 5562; x_wconf 81' lang='lat' dir='ltr'><strong>tua:</strong></span> <span class='ocrx_word' id='word_1_467' title='bbox 512 5471 680 5542; x_wconf 79' lang='lat' dir='ltr'><strong>(Psal.</strong></span> <span class='ocrx_word' id='word_1_468' title='bbox 704 5477 790 5531; x_wconf 78' lang='grc'><strong>55.</strong></span> <span class='ocrx_word' id='word_1_469' title='bbox 809 5480 886 5540; x_wconf 89' lang='lat'><strong>9):</strong></span> <span class='ocrx_word' id='word_1_470' title='bbox 906 5480 1004 5537; x_wconf 87' lang='lat' dir='ltr'><strong>hoc</strong></span> <span class='ocrx_word' id='word_1_471' title='bbox 1033 5494 1134 5549; x_wconf 88' lang='lat' dir='ltr'><strong>est,</strong></span> <span class='ocrx_word' id='word_1_472' title='bbox 1165 5486 1535 5555; x_wconf 89' lang='lat' dir='ltr'><strong>implebuntur.</strong></span> <span class='ocrx_word' id='word_1_473' title='bbox 1567 5491 1807 5560; x_wconf 82' lang='lat' dir='ltr'><strong>Alioquin</strong></span> <span class='ocrx_word' id='word_1_474' title='bbox 1827 5493 1966 5562; x_wconf 89' lang='lat' dir='ltr'><strong>iiqui</strong></span> 
     </span>
    </p>
   </div>
   <div class='ocr_carea' id='block_1_60' title="bbox 397 5561 1965 5646">
    <p class='ocr_par' dir='ltr' id='par_1_60' title="bbox 397 5561 1965 5646">
     <span class='ocr_line' id='line_1_60' title="bbox 397 5561 1965 5646; baseline 0.015 -33"><span class='ocrx_word' id='word_1_475' title='bbox 397 5561 638 5619; x_wconf 74' lang='lat' dir='ltr'><strong>ebrietati</strong></span> <span class='ocrx_word' id='word_1_476' title='bbox 671 5580 856 5626; x_wconf 83' lang='lat' dir='ltr'><strong>vacant</strong></span> <span class='ocrx_word' id='word_1_477' title='bbox 887 5589 1169 5644; x_wconf 84' lang='lat' dir='ltr'><strong>numquam</strong></span> <span class='ocrx_word' id='word_1_478' title='bbox 1201 5578 1476 5646; x_wconf 87' lang='lat' dir='ltr'><strong>satiantur,</strong></span> <span class='ocrx_word' id='word_1_479' title='bbox 1508 5581 1598 5635; x_wconf 91' lang='lat' dir='ltr'><strong>sed</strong></span> <span class='ocrx_word' id='word_1_480' title='bbox 1631 5594 1824 5637; x_wconf 81' lang='lat' dir='ltr'><strong>ouante</strong></span> <span class='ocrx_word' id='word_1_481' title='bbox 1853 5601 1965 5637; x_wconf 83' lang='lat' dir='ltr'><strong>ma-</strong></span> 
     </span>
    </p>
   </div>
   <div class='ocr_carea' id='block_1_61' title="bbox 1529 217 2686 281">
    <p class='ocr_par' dir='ltr' id='par_1_61' title="bbox 1529 217 2686 281">
     <span class='ocr_line' id='line_1_61' title="bbox 1529 217 2686 281; baseline 0.004 -5"><span class='ocrx_word' id='word_1_482' title='bbox 1529 221 1589 276; x_wconf 73' lang='grc' dir='ltr'><strong>ΙΝ</strong></span> <span class='ocrx_word' id='word_1_483' title='bbox 1627 220 1780 275; x_wconf 72' lang='lat' dir='ltr'><strong>CAP.</strong></span> <span class='ocrx_word' id='word_1_484' title='bbox 1823 218 1910 271; x_wconf 77' lang='lat' dir='ltr'><strong>IX.</strong></span> <span class='ocrx_word' id='word_1_485' title='bbox 1951 217 2190 274; x_wconf 68' lang='lat' dir='ltr'><strong>(LEM‘JS.</strong></span> <span class='ocrx_word' id='word_1_486' title='bbox 2233 221 2453 278; x_wconf 75' lang='lat' dir='ltr'><strong>IIOMIL.</strong></span> <span class='ocrx_word' id='word_1_487' title='bbox 2497 225 2686 281; x_wconf 70' lang='lat' dir='ltr'><strong>XXIX.</strong></span> 
     </span>
    </p>
   </div>
   <div class='ocr_carea' id='block_1_62' title="bbox 3587 239 3688 296">
    <p class='ocr_par' dir='ltr' id='par_1_62' title="bbox 3587 239 3688 296">
     <span class='ocr_line' id='line_1_62' title="bbox 3587 239 3688 296; baseline 0.069 -7"><span class='ocrx_word' id='word_1_488' title='bbox 3587 239 3688 296; x_wconf 66' lang='lat'><strong>966</strong></span> 
     </span>
    </p>
   </div>
   <div class='ocr_carea' id='block_1_63' title="bbox 2127 335 3689 421">
    <p class='ocr_par' dir='ltr' id='par_1_63' title="bbox 2127 335 3689 421">
     <span class='ocr_line' id='line_1_63' title="bbox 2127 335 3689 421; baseline 0.013 -34"><span class='ocrx_word' id='word_1_489' title='bbox 2127 335 2207 402; x_wconf 88' lang='lat' dir='ltr'><strong>gis</strong></span> <span class='ocrx_word' id='word_1_490' title='bbox 2233 350 2352 390; x_wconf 75' lang='lat' dir='ltr'><strong>sese</strong></span> <span class='ocrx_word' id='word_1_491' title='bbox 2379 340 2500 394; x_wconf 86' lang='lat' dir='ltr'><strong>vino</strong></span> <span class='ocrx_word' id='word_1_492' title='bbox 2531 341 2867 411; x_wconf 86' lang='lat' dir='ltr'><strong>ingurgitant,</strong></span> <span class='ocrx_word' id='word_1_493' title='bbox 2897 353 3041 399; x_wconf 89' lang='lat' dir='ltr'><strong>tanto</strong></span> <span class='ocrx_word' id='word_1_494' title='bbox 3066 349 3232 418; x_wconf 88' lang='lat' dir='ltr'><strong>magis</strong></span> <span class='ocrx_word' id='word_1_495' title='bbox 3256 351 3342 404; x_wconf 91' lang='lat' dir='ltr'><strong>siti</strong></span> <span class='ocrx_word' id='word_1_496' title='bbox 3373 351 3611 421; x_wconf 81' lang='lat' dir='ltr'><strong>ﬂagrant,</strong></span> <span class='ocrx_word' id='word_1_497' title='bbox 3635 364 3689 408; x_wconf 89' lang='lat' dir='ltr'><strong>et</strong></span> 
     </span>
    </p>
   </div>
   <div class='ocr_carea' id='block_1_64' title="bbox 2124 424 3687 511">
    <p class='ocr_par' dir='ltr' id='par_1_64' title="bbox 2124 424 3687 511">
     <span class='ocr_line' id='line_1_64' title="bbox 2124 424 3687 511; baseline 0.015 -35"><span class='ocrx_word' id='word_1_498' title='bbox 2124 424 2465 482; x_wconf 81' lang='lat' dir='ltr'><strong>inﬂammatio</strong></span> <span class='ocrx_word' id='word_1_499' title='bbox 2492 431 2731 499; x_wconf 57' lang='lat' dir='ltr'><strong>quasdam</strong></span> <span class='ocrx_word' id='word_1_500' title='bbox 2762 445 2843 487; x_wconf 92' lang='lat' dir='ltr'><strong>est</strong></span> <span class='ocrx_word' id='word_1_501' title='bbox 2870 434 2948 490; x_wconf 88' lang='lat' dir='ltr'><strong>eis</strong></span> <span class='ocrx_word' id='word_1_502' title='bbox 2979 437 3082 492; x_wconf 89' lang='lat' dir='ltr'><strong>vini</strong></span> <span class='ocrx_word' id='word_1_503' title='bbox 3115 454 3238 492; x_wconf 87' lang='lat' dir='ltr'><strong>usus</strong></span> <span class='ocrx_word' id='word_1_504' title='bbox 3269 457 3285 492; x_wconf 92' lang='lat'><strong><em>:</em></strong></span> <span class='ocrx_word' id='word_1_505' title='bbox 3312 455 3373 495; x_wconf 81' lang='lat' dir='ltr'><strong>ac</strong></span> <span class='ocrx_word' id='word_1_506' title='bbox 3394 443 3687 511; x_wconf 72' lang='lat' dir='ltr'><strong>voluptates</strong></span> 
     </span>
    </p>
   </div>
   <div class='ocr_carea' id='block_1_65' title="bbox 2121 515 3685 602">
    <p class='ocr_par' dir='ltr' id='par_1_65' title="bbox 2121 515 3685 602">
     <span class='ocr_line' id='line_1_65' title="bbox 2121 515 3685 602; baseline 0.013 -37"><span class='ocrx_word' id='word_1_507' title='bbox 2121 515 2331 582; x_wconf 85' lang='lat' dir='ltr'><strong>quidem</strong></span> <span class='ocrx_word' id='word_1_508' title='bbox 2361 530 2701 584; x_wconf 89' lang='lat' dir='ltr'><strong>evanescunt,</strong></span> <span class='ocrx_word' id='word_1_509' title='bbox 2745 522 2862 577; x_wconf 85' lang='lat' dir='ltr'><strong>sitis</strong></span> <span class='ocrx_word' id='word_1_510' title='bbox 2905 535 3078 580; x_wconf 89' lang='lat' dir='ltr'><strong>autem</strong></span> <span class='ocrx_word' id='word_1_511' title='bbox 3110 527 3440 597; x_wconf 82' lang='lat' dir='ltr'><strong>inexplebilis</strong></span> <span class='ocrx_word' id='word_1_512' title='bbox 3469 532 3517 584; x_wconf 92' lang='lat' dir='ltr'><strong>in</strong></span> <span class='ocrx_word' id='word_1_513' title='bbox 3547 549 3685 602; x_wconf 67' lang='lat' dir='ltr'><strong>prae-</strong></span> 
     </span>
    </p>
   </div>
   <div class='ocr_carea' id='block_1_66' title="bbox 2120 602 3682 684">
    <p class='ocr_par' dir='ltr' id='par_1_66' title="bbox 2120 602 3682 684">
     <span class='ocr_line' id='line_1_66' title="bbox 2120 602 3682 684; baseline 0.014 -30"><span class='ocrx_word' id='word_1_514' title='bbox 2120 602 2354 669; x_wconf 85' lang='lat' dir='ltr'><strong>cipitium</strong></span> <span class='ocrx_word' id='word_1_515' title='bbox 2386 607 2655 661; x_wconf 90' lang='lat' dir='ltr'><strong>ebrietatis</strong></span> <span class='ocrx_word' id='word_1_516' title='bbox 2681 623 2795 674; x_wconf 84' lang='lat' dir='ltr'><strong>eos,</strong></span> <span class='ocrx_word' id='word_1_517' title='bbox 2819 612 2904 679; x_wconf 91' lang='lat' dir='ltr'><strong>qui</strong></span> <span class='ocrx_word' id='word_1_518' title='bbox 2944 613 3041 666; x_wconf 86' lang='lat' dir='ltr'><strong>sub</strong></span> <span class='ocrx_word' id='word_1_519' title='bbox 3067 614 3151 666; x_wconf 88' lang='lat' dir='ltr'><strong>illa</strong></span> <span class='ocrx_word' id='word_1_520' title='bbox 3197 619 3385 684; x_wconf 89' lang='lat' dir='ltr'><strong>captivi</strong></span> <span class='ocrx_word' id='word_1_521' title='bbox 3412 631 3554 682; x_wconf 85' lang='lat' dir='ltr'><strong>sunt,</strong></span> <span class='ocrx_word' id='word_1_522' title='bbox 3585 623 3682 676; x_wconf 82' lang='lat' dir='ltr'><strong>de-</strong></span> 
     </span>
    </p>
   </div>
   <div class='ocr_carea' id='block_1_67' title="bbox 2120 689 3684 773">
    <p class='ocr_par' dir='ltr' id='par_1_67' title="bbox 2120 689 3684 773">
     <span class='ocr_line' id='line_1_67' title="bbox 2120 689 3684 773; baseline 0.014 -31"><span class='ocrx_word' id='word_1_523' title='bbox 2120 689 2282 744; x_wconf 89' lang='lat' dir='ltr'><strong>ducit.</strong></span> <span class='ocrx_word' id='word_1_524' title='bbox 2316 691 2382 745; x_wconf 83' lang='lat' dir='ltr'><strong>Et</strong></span> <span class='ocrx_word' id='word_1_525' title='bbox 2406 695 2672 762; x_wconf 85' lang='lat' dir='ltr'><strong>plantavit,</strong></span> <span class='ocrx_word' id='word_1_526' title='bbox 2701 697 2883 767; x_wconf 86' lang='lat' dir='ltr'><strong>inquit,</strong></span> <span class='ocrx_word' id='word_1_527' title='bbox 2931 701 3147 767; x_wconf 81' lang='lat' dir='ltr'><strong>vineam,</strong></span> <span class='ocrx_word' id='word_1_528' title='bbox 3174 715 3219 757; x_wconf 81' lang='lat' dir='ltr'><strong>et</strong></span> <span class='ocrx_word' id='word_1_529' title='bbox 3244 705 3366 759; x_wconf 75' lang='lat' dir='ltr'><strong>bibit</strong></span> <span class='ocrx_word' id='word_1_530' title='bbox 3390 725 3451 760; x_wconf 78' lang='lat' dir='ltr'><strong>e1:</strong></span> <span class='ocrx_word' id='word_1_531' title='bbox 3480 710 3611 773; x_wconf 75' lang='lat' dir='ltr'><strong>vino,</strong></span> <span class='ocrx_word' id='word_1_532' title='bbox 3637 723 3684 764; x_wconf 88' lang='lat' dir='ltr'><strong>et</strong></span> 
     </span>
    </p>
   </div>
   <div class='ocr_carea' id='block_1_68' title="bbox 2119 779 3678 856">
    <p class='ocr_par' dir='ltr' id='par_1_68' title="bbox 2119 779 3678 856">
     <span class='ocr_line' id='line_1_68' title="bbox 2119 779 3678 856; baseline 0.016 -25"><span class='ocrx_word' id='word_1_533' title='bbox 2119 779 2390 835; x_wconf 84' lang='lat' dir='ltr'><strong>inebriatus</strong></span> <span class='ocrx_word' id='word_1_534' title='bbox 2434 794 2526 850; x_wconf 85' lang='lat' dir='ltr'><strong>est,</strong></span> <span class='ocrx_word' id='word_1_535' title='bbox 2571 797 2616 838; x_wconf 87' lang='lat' dir='ltr'><strong>et</strong></span> <span class='ocrx_word' id='word_1_536' title='bbox 2653 789 2872 842; x_wconf 83' lang='lat' dir='ltr'><strong>nudatus</strong></span> <span class='ocrx_word' id='word_1_537' title='bbox 2897 801 2968 843; x_wconf 83' lang='lat' dir='ltr'><strong>est</strong></span> <span class='ocrx_word' id='word_1_538' title='bbox 2993 792 3045 844; x_wconf 89' lang='lat' dir='ltr'><strong>in</strong></span> <span class='ocrx_word' id='word_1_539' title='bbox 3076 793 3225 847; x_wconf 89' lang='lat' dir='ltr'><strong>domo</strong></span> <span class='ocrx_word' id='word_1_540' title='bbox 3250 812 3364 850; x_wconf 85' lang='lat' dir='ltr'><strong>sua.</strong></span> <span class='ocrx_word' id='word_1_541' title='bbox 3395 797 3678 856; x_wconf 77' lang='lat' dir='ltr'><strong>Considera</strong></span> 
     </span>
    </p>
   </div>
   <div class='ocr_carea' id='block_1_69' title="bbox 2126 870 3677 946">
    <p class='ocr_par' dir='ltr' id='par_1_69' title="bbox 2126 870 3677 946">
     <span class='ocr_line' id='line_1_69' title="bbox 2126 870 3677 946; baseline 0.015 -23"><span class='ocrx_word' id='word_1_542' title='bbox 2126 870 2226 926; x_wconf 89' lang='lat' dir='ltr'><strong>hoc</strong></span> <span class='ocrx_word' id='word_1_543' title='bbox 2250 889 2351 927; x_wconf 91' lang='lat' dir='ltr'><strong>non</strong></span> <span class='ocrx_word' id='word_1_544' title='bbox 2384 876 2509 929; x_wconf 87' lang='lat' dir='ltr'><strong>foris</strong></span> <span class='ocrx_word' id='word_1_545' title='bbox 2537 877 2605 930; x_wconf 91' lang='lat' dir='ltr'><strong>illi</strong></span> <span class='ocrx_word' id='word_1_546' title='bbox 2640 881 2913 946; x_wconf 90' lang='lat' dir='ltr'><strong>accidisse,</strong></span> <span class='ocrx_word' id='word_1_547' title='bbox 2938 881 3030 935; x_wconf 91' lang='lat' dir='ltr'><strong>sed</strong></span> <span class='ocrx_word' id='word_1_548' title='bbox 3061 883 3112 936; x_wconf 90' lang='lat' dir='ltr'><strong>in</strong></span> <span class='ocrx_word' id='word_1_549' title='bbox 3148 884 3306 938; x_wconf 85' lang='lat' dir='ltr'><strong>dumo</strong></span> <span class='ocrx_word' id='word_1_550' title='bbox 3336 903 3450 942; x_wconf 89' lang='lat' dir='ltr'><strong>sua.</strong></span> <span class='ocrx_word' id='word_1_551' title='bbox 3482 889 3677 946; x_wconf 85' lang='lat' dir='ltr'><strong>Idcirco</strong></span> 
     </span>
    </p>
   </div>
   <div class='ocr_carea' id='block_1_70' title="bbox 2119 962 3678 1046">
    <p class='ocr_par' dir='ltr' id='par_1_70' title="bbox 2119 962 3678 1046">
     <span class='ocr_line' id='line_1_70' title="bbox 2119 962 3678 1046; baseline 0.013 -32"><span class='ocrx_word' id='word_1_552' title='bbox 2119 962 2259 1014; x_wconf 88' lang='lat' dir='ltr'><strong>enim</strong></span> <span class='ocrx_word' id='word_1_553' title='bbox 2310 962 2409 1017; x_wconf 88' lang='lat' dir='ltr'><strong>hoc</strong></span> <span class='ocrx_word' id='word_1_554' title='bbox 2454 965 2747 1036; x_wconf 85' lang='lat' dir='ltr'><strong>designavit</strong></span> <span class='ocrx_word' id='word_1_555' title='bbox 2775 970 2953 1024; x_wconf 89' lang='lat' dir='ltr'><strong>divina</strong></span> <span class='ocrx_word' id='word_1_556' title='bbox 2981 972 3271 1040; x_wconf 84' lang='lat' dir='ltr'><strong>Scriptura,</strong></span> <span class='ocrx_word' id='word_1_557' title='bbox 3302 975 3368 1030; x_wconf 83' lang='lat' dir='ltr'><strong>In</strong></span> <span class='ocrx_word' id='word_1_558' title='bbox 3396 978 3542 1032; x_wconf 88' lang='lat' dir='ltr'><strong>domo</strong></span> <span class='ocrx_word' id='word_1_559' title='bbox 3567 999 3678 1046; x_wconf 88' lang='lat' dir='ltr'><strong>sua,</strong></span> 
     </span>
    </p>
   </div>
   <div class='ocr_carea' id='block_1_71' title="bbox 2123 1053 3680 1126">
    <p class='ocr_par' dir='ltr' id='par_1_71' title="bbox 2123 1053 3680 1126">
     <span class='ocr_line' id='line_1_71' title="bbox 2123 1053 3680 1126; baseline 0.014 -24"><span class='ocrx_word' id='word_1_560' title='bbox 2123 1061 2176 1103; x_wconf 91' lang='lat' dir='ltr'><strong>ut</strong></span> <span class='ocrx_word' id='word_1_561' title='bbox 2209 1068 2271 1106; x_wconf 82' lang='lat' dir='ltr'><strong>ex</strong></span> <span class='ocrx_word' id='word_1_562' title='bbox 2300 1053 2362 1107; x_wconf 84' lang='lat' dir='ltr'><strong>iis</strong></span> <span class='ocrx_word' id='word_1_563' title='bbox 2405 1071 2520 1124; x_wconf 77' lang='lat' dir='ltr'><strong>qua:</strong></span> <span class='ocrx_word' id='word_1_564' title='bbox 2547 1069 2857 1126; x_wconf 88' lang='lat' dir='ltr'><strong>sequuntur,</strong></span> <span class='ocrx_word' id='word_1_565' title='bbox 2891 1061 3103 1116; x_wconf 79' lang='lat' dir='ltr'><strong>maliti-.e</strong></span> <span class='ocrx_word' id='word_1_566' title='bbox 3133 1063 3419 1120; x_wconf 87' lang='lat' dir='ltr'><strong>vehemens</strong></span> <span class='ocrx_word' id='word_1_567' title='bbox 3448 1069 3680 1124; x_wconf 87' lang='lat' dir='ltr'><strong>studium</strong></span> 
     </span>
    </p>
   </div>
   <div class='ocr_carea' id='block_1_72' title="bbox 2115 1143 3679 1222">
    <p class='ocr_par' dir='ltr' id='par_1_72' title="bbox 2115 1143 3679 1222">
     <span class='ocr_line' id='line_1_72' title="bbox 2115 1143 3679 1222; baseline 0.013 -29"><span class='ocrx_word' id='word_1_568' title='bbox 2115 1143 2296 1197; x_wconf 83' lang='lat' dir='ltr'><strong>videas</strong></span> <span class='ocrx_word' id='word_1_569' title='bbox 2321 1145 2433 1214; x_wconf 87' lang='lat' dir='ltr'><strong>ejus</strong></span> <span class='ocrx_word' id='word_1_570' title='bbox 2463 1148 2550 1216; x_wconf 89' lang='lat' dir='ltr'><strong>qui</strong></span> <span class='ocrx_word' id='word_1_571' title='bbox 2581 1149 2871 1205; x_wconf 89' lang='lat' dir='ltr'><strong>nuditatem</strong></span> <span class='ocrx_word' id='word_1_572' title='bbox 2904 1153 3151 1222; x_wconf 79' lang='lat' dir='ltr'><strong>evulgare</strong></span> <span class='ocrx_word' id='word_1_573' title='bbox 3179 1153 3338 1210; x_wconf 83' lang='lat' dir='ltr'><strong>fuerit</strong></span> <span class='ocrx_word' id='word_1_574' title='bbox 3363 1173 3541 1211; x_wconf 89' lang='lat' dir='ltr'><strong>ausus.</strong></span> <span class='ocrx_word' id='word_1_575' title='bbox 3590 1161 3679 1214; x_wconf 61' lang='lat'><strong>21.</strong></span> 
     </span>
    </p>
   </div>
   <div class='ocr_carea' id='block_1_73' title="bbox 2116 1231 3682 1318">
    <p class='ocr_par' dir='ltr' id='par_1_73' title="bbox 2116 1231 3682 1318">
     <span class='ocr_line' id='line_1_73' title="bbox 2116 1231 3682 1318; baseline 0.013 -35"><span class='ocrx_word' id='word_1_576' title='bbox 2116 1231 2180 1284; x_wconf 84' lang='lat' dir='ltr'><strong>Et</strong></span> <span class='ocrx_word' id='word_1_577' title='bbox 2205 1235 2347 1298; x_wconf 86' lang='lat' dir='ltr'><strong>vidit,</strong></span> <span class='ocrx_word' id='word_1_578' title='bbox 2379 1237 2566 1305; x_wconf 89' lang='lat' dir='ltr'><strong>inqttit,</strong></span> <span class='ocrx_word' id='word_1_579' title='bbox 2599 1239 2758 1293; x_wconf 78' lang='lat' dir='ltr'><strong>Chatti</strong></span> <span class='ocrx_word' id='word_1_580' title='bbox 2795 1251 2934 1309; x_wconf 90' lang='lat' dir='ltr'><strong>pater</strong></span> <span class='ocrx_word' id='word_1_581' title='bbox 2949 1239 3194 1296; x_wconf 81' lang='lat' dir='ltr'><strong>Chanaan</strong></span> <span class='ocrx_word' id='word_1_582' title='bbox 3220 1245 3494 1300; x_wconf 86' lang='lat' dir='ltr'><strong>nuditatem</strong></span> <span class='ocrx_word' id='word_1_583' title='bbox 3522 1252 3682 1318; x_wconf 85' lang='lat' dir='ltr'><strong>patris</strong></span> 
     </span>
    </p>
   </div>
   <div class='ocr_carea' id='block_1_74' title="bbox 2113 1324 3677 1409">
    <p class='ocr_par' dir='ltr' id='par_1_74' title="bbox 2113 1324 3677 1409">
     <span class='ocr_line' id='line_1_74' title="bbox 2113 1324 3677 1409; baseline 0.013 -35"><span class='ocrx_word' id='word_1_584' title='bbox 2113 1324 2212 1390; x_wconf 83' lang='lat' dir='ltr'><strong>sui,</strong></span> <span class='ocrx_word' id='word_1_585' title='bbox 2241 1335 2286 1377; x_wconf 86' lang='lat' dir='ltr'><strong>et</strong></span> <span class='ocrx_word' id='word_1_586' title='bbox 2315 1342 2538 1394; x_wconf 78' lang='lat' dir='ltr'><strong>egressus</strong></span> <span class='ocrx_word' id='word_1_587' title='bbox 2552 1330 2864 1383; x_wconf 81' lang='lat' dir='ltr'><strong>annuntiaeit</strong></span> <span class='ocrx_word' id='word_1_588' title='bbox 2892 1333 3085 1384; x_wconf 87' lang='lat' dir='ltr'><strong>duobus</strong></span> <span class='ocrx_word' id='word_1_589' title='bbox 3116 1334 3353 1402; x_wconf 78' lang='lat' dir='ltr'><strong>fratribus</strong></span> <span class='ocrx_word' id='word_1_590' title='bbox 3394 1339 3494 1392; x_wconf 88' lang='lat' dir='ltr'><strong>suis</strong></span> <span class='ocrx_word' id='word_1_591' title='bbox 3532 1342 3677 1409; x_wconf 82' lang='lat' dir='ltr'><strong>foris.</strong></span> 
     </span>
    </p>
   </div>
   <div class='ocr_carea' id='block_1_75' title="bbox 2114 1412 3680 1489">
    <p class='ocr_par' dir='ltr' id='par_1_75' title="bbox 2114 1412 3680 1489">
     <span class='ocr_line' id='line_1_75' title="bbox 2114 1412 3680 1489; baseline 0.013 -24"><span class='ocrx_word' id='word_1_592' title='bbox 2114 1412 2374 1469; x_wconf 87' lang='lat' dir='ltr'><strong>Fortassis</strong></span> <span class='ocrx_word' id='word_1_593' title='bbox 2399 1419 2442 1471; x_wconf 91' lang='lat' dir='ltr'><strong>si</strong></span> <span class='ocrx_word' id='word_1_594' title='bbox 2465 1427 2518 1471; x_wconf 91' lang='lat' dir='ltr'><strong>et</strong></span> <span class='ocrx_word' id='word_1_595' title='bbox 2544 1419 2630 1472; x_wconf 89' lang='lat' dir='ltr'><strong>alii</strong></span> <span class='ocrx_word' id='word_1_596' title='bbox 2653 1420 2862 1489; x_wconf 88' lang='lat' dir='ltr'><strong>quidam</strong></span> <span class='ocrx_word' id='word_1_597' title='bbox 2890 1422 3214 1488; x_wconf 85' lang='lat' dir='ltr'><strong>adfuissent,</strong></span> <span class='ocrx_word' id='word_1_598' title='bbox 3239 1435 3293 1480; x_wconf 90' lang='lat' dir='ltr'><strong>et</strong></span> <span class='ocrx_word' id='word_1_599' title='bbox 3315 1427 3416 1482; x_wconf 92' lang='lat' dir='ltr'><strong>illis</strong></span> <span class='ocrx_word' id='word_1_600' title='bbox 3444 1433 3680 1484; x_wconf 86' lang='lat' dir='ltr'><strong>nuntias-</strong></span> 
     </span>
    </p>
   </div>
   <div class='ocr_carea' id='block_1_76' title="bbox 2113 1507 3673 1590">
    <p class='ocr_par' dir='ltr' id='par_1_76' title="bbox 2113 1507 3673 1590">
     <span class='ocr_line' id='line_1_76' title="bbox 2113 1507 3673 1590; baseline 0.013 -35"><span class='ocrx_word' id='word_1_601' title='bbox 2113 1513 2192 1556; x_wconf 90' lang='lat' dir='ltr'><strong>set</strong></span> <span class='ocrx_word' id='word_1_602' title='bbox 2211 1507 2373 1572; x_wconf 91' lang='lat' dir='ltr'><strong>patris</strong></span> <span class='ocrx_word' id='word_1_603' title='bbox 2396 1508 2475 1561; x_wconf 90' lang='lat' dir='ltr'><strong>sui</strong></span> <span class='ocrx_word' id='word_1_604' title='bbox 2504 1511 2876 1578; x_wconf 88' lang='lat' dir='ltr'><strong>turpitudinem</strong></span> <span class='ocrx_word' id='word_1_605' title='bbox 2907 1529 2920 1564; x_wconf 88' lang='lat'><strong>:</strong></span> <span class='ocrx_word' id='word_1_606' title='bbox 2957 1522 3097 1567; x_wconf 89' lang='lat' dir='ltr'><strong>tanta</strong></span> <span class='ocrx_word' id='word_1_607' title='bbox 3119 1525 3230 1570; x_wconf 88' lang='lat' dir='ltr'><strong>erat</strong></span> <span class='ocrx_word' id='word_1_608' title='bbox 3258 1519 3400 1584; x_wconf 88' lang='lat' dir='ltr'><strong>pueri</strong></span> <span class='ocrx_word' id='word_1_609' title='bbox 3424 1522 3673 1590; x_wconf 89' lang='lat' dir='ltr'><strong>nequitia.</strong></span> 
     </span>
    </p>
   </div>
   <div class='ocr_carea' id='block_1_77' title="bbox 2113 1591 3677 1672">
    <p class='ocr_par' dir='ltr' id='par_1_77' title="bbox 2113 1591 3677 1672">
     <span class='ocr_line' id='line_1_77' title="bbox 2113 1591 3677 1672; baseline 0.013 -29"><span class='ocrx_word' id='word_1_610' title='bbox 2113 1591 2394 1662; x_wconf 81' lang='lat' dir='ltr'><strong>Propterea</strong></span> <span class='ocrx_word' id='word_1_611' title='bbox 2423 1598 2585 1662; x_wconf 90' lang='lat' dir='ltr'><strong>enim,</strong></span> <span class='ocrx_word' id='word_1_612' title='bbox 2607 1607 2660 1651; x_wconf 93' lang='lat' dir='ltr'><strong>ut</strong></span> <span class='ocrx_word' id='word_1_613' title='bbox 2689 1598 2862 1654; x_wconf 85' lang='lat' dir='ltr'><strong>discas</strong></span> <span class='ocrx_word' id='word_1_614' title='bbox 2886 1601 3195 1672; x_wconf 81' lang='lat' dir='ltr'><strong>jampridem</strong></span> <span class='ocrx_word' id='word_1_615' title='bbox 3225 1614 3279 1658; x_wconf 92' lang='lat' dir='ltr'><strong>ct</strong></span> <span class='ocrx_word' id='word_1_616' title='bbox 3303 1607 3369 1659; x_wconf 88' lang='lat' dir='ltr'><strong>ab</strong></span> <span class='ocrx_word' id='word_1_617' title='bbox 3390 1608 3537 1662; x_wconf 88' lang='lat' dir='ltr'><strong>initio</strong></span> <span class='ocrx_word' id='word_1_618' title='bbox 3557 1625 3677 1664; x_wconf 90' lang='lat' dir='ltr'><strong>eum</strong></span> 
     </span>
    </p>
   </div>
   <div class='ocr_carea' id='block_1_78' title="bbox 2110 1688 3677 1762">
    <p class='ocr_par' dir='ltr' id='par_1_78' title="bbox 2110 1688 3677 1762">
     <span class='ocr_line' id='line_1_78' title="bbox 2110 1688 3677 1762; baseline 0.014 -29"><span class='ocrx_word' id='word_1_619' title='bbox 2110 1693 2372 1752; x_wconf 73' lang='lat' dir='ltr'><strong>corrupta:</strong></span> <span class='ocrx_word' id='word_1_620' title='bbox 2411 1688 2602 1741; x_wconf 91' lang='lat' dir='ltr'><strong>mentis</strong></span> <span class='ocrx_word' id='word_1_621' title='bbox 2647 1689 2839 1752; x_wconf 87' lang='lat' dir='ltr'><strong>fuisse,</strong></span> <span class='ocrx_word' id='word_1_622' title='bbox 2871 1706 2973 1745; x_wconf 91' lang='lat' dir='ltr'><strong>non</strong></span> <span class='ocrx_word' id='word_1_623' title='bbox 3030 1693 3341 1762; x_wconf 81' lang='lat' dir='ltr'><strong>simpiiciter</strong></span> <span class='ocrx_word' id='word_1_624' title='bbox 3381 1698 3507 1752; x_wconf 91' lang='lat' dir='ltr'><strong>dicit</strong></span> <span class='ocrx_word' id='word_1_625' title='bbox 3533 1700 3677 1754; x_wconf 90' lang='lat' dir='ltr'><strong>Scri-</strong></span> 
     </span>
    </p>
   </div>
   <div class='ocr_carea' id='block_1_79' title="bbox 2109 1771 3677 1858">
    <p class='ocr_par' dir='ltr' id='par_1_79' title="bbox 2109 1771 3677 1858">
     <span class='ocr_line' id='line_1_79' title="bbox 2109 1771 3677 1858; baseline 0.014 -34"><span class='ocrx_word' id='word_1_626' title='bbox 2109 1780 2284 1840; x_wconf 91' lang='lat' dir='ltr'><strong>ptura,</strong></span> <span class='ocrx_word' id='word_1_627' title='bbox 2313 1771 2453 1829; x_wconf 79' lang='lat' dir='ltr'><strong>Vidit</strong></span> <span class='ocrx_word' id='word_1_628' title='bbox 2478 1776 2641 1830; x_wconf 80' lang='lat' dir='ltr'><strong>Citam</strong></span> <span class='ocrx_word' id='word_1_629' title='bbox 2667 1778 2954 1834; x_wconf 87' lang='lat' dir='ltr'><strong>nuditatem</strong></span> <span class='ocrx_word' id='word_1_630' title='bbox 2975 1784 3135 1850; x_wconf 88' lang='lat' dir='ltr'><strong>patris</strong></span> <span class='ocrx_word' id='word_1_631' title='bbox 3157 1788 3235 1838; x_wconf 88' lang='lat' dir='ltr'><strong>sui</strong></span> <span class='ocrx_word' id='word_1_632' title='bbox 3266 1803 3278 1839; x_wconf 90' lang='lat'>:</span> <span class='ocrx_word' id='word_1_633' title='bbox 3309 1788 3400 1841; x_wconf 90' lang='lat' dir='ltr'><strong>sed</strong></span> <span class='ocrx_word' id='word_1_634' title='bbox 3427 1790 3585 1858; x_wconf 86' lang='lat' dir='ltr'><strong>quid?</strong></span> <span class='ocrx_word' id='word_1_635' title='bbox 3609 1791 3677 1847; x_wconf 84' lang='lat' dir='ltr'><strong>Et</strong></span> 
     </span>
    </p>
   </div>
   <div class='ocr_carea' id='block_1_80' title="bbox 2109 1863 3676 1943">
    <p class='ocr_par' dir='ltr' id='par_1_80' title="bbox 2109 1863 3676 1943">
     <span class='ocr_line' id='line_1_80' title="bbox 2109 1863 3676 1943; baseline 0.014 -28"><span class='ocrx_word' id='word_1_636' title='bbox 2109 1863 2228 1916; x_wconf 80' lang='lat' dir='ltr'><strong>vidit</strong></span> <span class='ocrx_word' id='word_1_637' title='bbox 2274 1866 2432 1919; x_wconf 80' lang='lat' dir='ltr'><strong>Citam</strong></span> <span class='ocrx_word' id='word_1_638' title='bbox 2472 1879 2612 1935; x_wconf 85' lang='lat' dir='ltr'><strong>pater</strong></span> <span class='ocrx_word' id='word_1_639' title='bbox 2651 1868 2916 1926; x_wconf 78' lang='lat' dir='ltr'><strong>Chanaan.</strong></span> <span class='ocrx_word' id='word_1_640' title='bbox 2948 1874 3140 1941; x_wconf 90' lang='lat' dir='ltr'><strong>Quare,</strong></span> <span class='ocrx_word' id='word_1_641' title='bbox 3188 1877 3274 1932; x_wconf 91' lang='lat' dir='ltr'><strong>dic</strong></span> <span class='ocrx_word' id='word_1_642' title='bbox 3319 1879 3465 1943; x_wconf 90' lang='lat' dir='ltr'><strong>mihi,</strong></span> <span class='ocrx_word' id='word_1_643' title='bbox 3495 1883 3676 1938; x_wconf 83' lang='lat' dir='ltr'><strong>ethoc</strong></span> 
     </span>
    </p>
   </div>
   <div class='ocr_carea' id='block_1_81' title="bbox 2111 1951 3672 2032">
    <p class='ocr_par' dir='ltr' id='par_1_81' title="bbox 2111 1951 3672 2032">
     <span class='ocr_line' id='line_1_81' title="bbox 2111 1951 3672 2032; baseline 0.014 -27"><span class='ocrx_word' id='word_1_644' title='bbox 2111 1951 2228 2008; x_wconf 94' lang='lat' dir='ltr'><strong>loco</strong></span> <span class='ocrx_word' id='word_1_645' title='bbox 2257 1955 2347 2010; x_wconf 86' lang='lat' dir='ltr'><strong>lilii</strong></span> <span class='ocrx_word' id='word_1_646' title='bbox 2379 1959 2688 2014; x_wconf 83' lang='lat' dir='ltr'><strong>vocabulum</strong></span> <span class='ocrx_word' id='word_1_647' title='bbox 2717 1963 2990 2032; x_wconf 76' lang='lat' dir='ltr'><strong>aSsignat?</strong></span> <span class='ocrx_word' id='word_1_648' title='bbox 3019 1964 3081 2018; x_wconf 92' lang='lat' dir='ltr'><strong>Ut</strong></span> <span class='ocrx_word' id='word_1_649' title='bbox 3108 1967 3279 2021; x_wconf 91' lang='lat' dir='ltr'><strong>discas</strong></span> <span class='ocrx_word' id='word_1_650' title='bbox 3319 1969 3466 2024; x_wconf 92' lang='lat' dir='ltr'><strong>illum</strong></span> <span class='ocrx_word' id='word_1_651' title='bbox 3513 1971 3672 2028; x_wconf 89' lang='lat' dir='ltr'><strong>fuisse</strong></span> 
     </span>
    </p>
   </div>
   <div class='ocr_carea' id='block_1_82' title="bbox 2111 2045 3672 2119">
    <p class='ocr_par' dir='ltr' id='par_1_82' title="bbox 2111 2045 3672 2119">
     <span class='ocr_line' id='line_1_82' title="bbox 2111 2045 3672 2119; baseline 0.014 -23"><span class='ocrx_word' id='word_1_652' title='bbox 2111 2045 2547 2114; x_wconf 89' lang='lat' dir='ltr'><strong>intemperantem</strong></span> <span class='ocrx_word' id='word_1_653' title='bbox 2595 2058 2649 2103; x_wconf 91' lang='lat' dir='ltr'><strong>et</strong></span> <span class='ocrx_word' id='word_1_654' title='bbox 2694 2051 3128 2118; x_wconf 91' lang='lat' dir='ltr'><strong>incontinentem,</strong></span> <span class='ocrx_word' id='word_1_655' title='bbox 3172 2065 3226 2110; x_wconf 89' lang='lat' dir='ltr'><strong>et</strong></span> <span class='ocrx_word' id='word_1_656' title='bbox 3274 2059 3458 2114; x_wconf 87' lang='lat' dir='ltr'><strong>eadem</strong></span> <span class='ocrx_word' id='word_1_657' title='bbox 3499 2072 3672 2119; x_wconf 86' lang='lat' dir='ltr'><strong>mente</strong></span> 
     </span>
    </p>
   </div>
   <div class='ocr_carea' id='block_1_83' title="bbox 2107 2139 3670 2220">
    <p class='ocr_par' dir='ltr' id='par_1_83' title="bbox 2107 2139 3670 2220">
     <span class='ocr_line' id='line_1_83' title="bbox 2107 2139 3670 2220; baseline 0.013 -32"><span class='ocrx_word' id='word_1_658' title='bbox 2107 2151 2208 2205; x_wconf 89' lang='lat' dir='ltr'><strong>qua</strong></span> <span class='ocrx_word' id='word_1_659' title='bbox 2264 2139 2316 2191; x_wconf 93' lang='lat' dir='ltr'><strong>in</strong></span> <span class='ocrx_word' id='word_1_660' title='bbox 2362 2148 2502 2193; x_wconf 88' lang='lat' dir='ltr'><strong>tanta</strong></span> <span class='ocrx_word' id='word_1_661' title='bbox 2553 2141 2852 2197; x_wconf 89' lang='lat' dir='ltr'><strong>turbatione</strong></span> <span class='ocrx_word' id='word_1_662' title='bbox 2890 2147 3230 2212; x_wconf 72' lang='lat' dir='ltr'><strong>procreanda:</strong></span> <span class='ocrx_word' id='word_1_663' title='bbox 3261 2151 3392 2218; x_wconf 91' lang='lat' dir='ltr'><strong>proli</strong></span> <span class='ocrx_word' id='word_1_664' title='bbox 3445 2157 3670 2220; x_wconf 89' lang='lat' dir='ltr'><strong>vaeavit,</strong></span> 
     </span>
    </p>
   </div>
   <div class='ocr_carea' id='block_1_84' title="bbox 2113 2227 3671 2314">
    <p class='ocr_par' dir='ltr' id='par_1_84' title="bbox 2113 2227 3671 2314">
     <span class='ocr_line' id='line_1_84' title="bbox 2113 2227 3671 2314; baseline 0.013 -35"><span class='ocrx_word' id='word_1_665' title='bbox 2113 2227 2300 2282; x_wconf 87' lang='lat' dir='ltr'><strong>eadem</strong></span> <span class='ocrx_word' id='word_1_666' title='bbox 2330 2230 2487 2284; x_wconf 90' lang='lat' dir='ltr'><strong>etiam</strong></span> <span class='ocrx_word' id='word_1_667' title='bbox 2539 2247 2678 2286; x_wconf 92' lang='lat' dir='ltr'><strong>nunc</strong></span> <span class='ocrx_word' id='word_1_668' title='bbox 2725 2233 2776 2286; x_wconf 93' lang='lat' dir='ltr'><strong>iu</strong></span> <span class='ocrx_word' id='word_1_669' title='bbox 2806 2237 3176 2290; x_wconf 86' lang='lat' dir='ltr'><strong>contumeliam</strong></span> <span class='ocrx_word' id='word_1_670' title='bbox 3209 2241 3371 2306; x_wconf 89' lang='lat' dir='ltr'><strong>patris</strong></span> <span class='ocrx_word' id='word_1_671' title='bbox 3412 2247 3671 2314; x_wconf 89' lang='lat' dir='ltr'><strong>prorupit.</strong></span> 
     </span>
    </p>
   </div>
   <div class='ocr_carea' id='block_1_85' title="bbox 2107 2314 3669 2404">
    <p class='ocr_par' dir='ltr' id='par_1_85' title="bbox 2107 2314 3669 2404">
     <span class='ocr_line' id='line_1_85' title="bbox 2107 2314 3669 2404; baseline 0.015 -37"><span class='ocrx_word' id='word_1_672' title='bbox 2107 2314 2173 2367; x_wconf 83' lang='lat' dir='ltr'><strong>Et</strong></span> <span class='ocrx_word' id='word_1_673' title='bbox 2187 2332 2425 2386; x_wconf 83' lang='lat' dir='ltr'><strong>egressus,</strong></span> <span class='ocrx_word' id='word_1_674' title='bbox 2444 2317 2628 2389; x_wconf 83' lang='lat' dir='ltr'><strong>inquit,</strong></span> <span class='ocrx_word' id='word_1_675' title='bbox 2642 2324 2952 2376; x_wconf 74' lang='lat' dir='ltr'><strong>mututttiauit</strong></span> <span class='ocrx_word' id='word_1_676' title='bbox 2963 2323 3154 2380; x_wconf 89' lang='lat' dir='ltr'><strong>duobus</strong></span> <span class='ocrx_word' id='word_1_677' title='bbox 3165 2328 3401 2396; x_wconf 78' lang='lat' dir='ltr'><strong>fratribus</strong></span> <span class='ocrx_word' id='word_1_678' title='bbox 3411 2334 3515 2386; x_wconf 86' lang='lat' dir='ltr'><strong>suis</strong></span> <span class='ocrx_word' id='word_1_679' title='bbox 3525 2337 3669 2404; x_wconf 80' lang='lat' dir='ltr'><strong>foris.</strong></span> 
     </span>
    </p>
   </div>
   <div class='ocr_carea' id='block_1_86' title="bbox 2109 2404 3672 2481">
    <p class='ocr_par' dir='ltr' id='par_1_86' title="bbox 2109 2404 3672 2481">
     <span class='ocr_line' id='line_1_86' title="bbox 2109 2404 3672 2481; baseline 0.013 -22"><span class='ocrx_word' id='word_1_680' title='bbox 2109 2404 2516 2476; x_wconf 81' lang='lat' dir='ltr'><strong>Vide,obsecro,</strong></span> <span class='ocrx_word' id='word_1_681' title='bbox 2542 2409 2645 2475; x_wconf 83' lang='lat' dir='ltr'><strong>hic,</strong></span> <span class='ocrx_word' id='word_1_682' title='bbox 2669 2413 3026 2480; x_wconf 73' lang='lat' dir='ltr'><strong>dilectissime,</strong></span> <span class='ocrx_word' id='word_1_683' title='bbox 3051 2434 3152 2469; x_wconf 89' lang='lat' dir='ltr'><strong>nun</strong></span> <span class='ocrx_word' id='word_1_684' title='bbox 3172 2418 3222 2470; x_wconf 93' lang='lat' dir='ltr'><strong>in</strong></span> <span class='ocrx_word' id='word_1_685' title='bbox 3241 2429 3422 2474; x_wconf 83' lang='lat' dir='ltr'><strong>natura</strong></span> <span class='ocrx_word' id='word_1_686' title='bbox 3441 2423 3536 2476; x_wconf 85' lang='lat' dir='ltr'><strong>sita</strong></span> <span class='ocrx_word' id='word_1_687' title='bbox 3552 2440 3672 2481; x_wconf 76' lang='lat' dir='ltr'><strong>esse</strong></span> 
     </span>
    </p>
   </div>
   <div class='ocr_carea' id='block_1_87' title="bbox 2106 2496 3670 2584">
    <p class='ocr_par' dir='ltr' id='par_1_87' title="bbox 2106 2496 3670 2584">
     <span class='ocr_line' id='line_1_87' title="bbox 2106 2496 3670 2584; baseline 0.015 -36"><span class='ocrx_word' id='word_1_688' title='bbox 2106 2496 2252 2560; x_wconf 87' lang='lat' dir='ltr'><strong>vitia,</strong></span> <span class='ocrx_word' id='word_1_689' title='bbox 2283 2499 2375 2552; x_wconf 90' lang='lat' dir='ltr'><strong>sed</strong></span> <span class='ocrx_word' id='word_1_690' title='bbox 2407 2499 2456 2552; x_wconf 90' lang='lat' dir='ltr'><strong>in</strong></span> <span class='ocrx_word' id='word_1_691' title='bbox 2484 2501 2700 2554; x_wconf 85' lang='lat' dir='ltr'><strong>arbitrio</strong></span> <span class='ocrx_word' id='word_1_692' title='bbox 2720 2511 2774 2556; x_wconf 92' lang='lat' dir='ltr'><strong>et</strong></span> <span class='ocrx_word' id='word_1_693' title='bbox 2804 2504 3086 2559; x_wconf 86' lang='lat' dir='ltr'><strong>voluntate.</strong></span> <span class='ocrx_word' id='word_1_694' title='bbox 3114 2507 3250 2562; x_wconf 86' lang='lat' dir='ltr'><strong>Ecce</strong></span> <span class='ocrx_word' id='word_1_695' title='bbox 3289 2516 3429 2564; x_wconf 89' lang='lat' dir='ltr'><strong>enim</strong></span> <span class='ocrx_word' id='word_1_696' title='bbox 3463 2515 3670 2584; x_wconf 86' lang='lat' dir='ltr'><strong>utrique</strong></span> 
     </span>
    </p>
   </div>
   <div class='ocr_carea' id='block_1_88' title="bbox 2102 2587 3670 2662">
    <p class='ocr_par' dir='ltr' id='par_1_88' title="bbox 2102 2587 3670 2662">
     <span class='ocr_line' id='line_1_88' title="bbox 2102 2587 3670 2662; baseline 0.013 -21"><span class='ocrx_word' id='word_1_697' title='bbox 2102 2587 2292 2643; x_wconf 87' lang='lat' dir='ltr'><strong>fratres</strong></span> <span class='ocrx_word' id='word_1_698' title='bbox 2314 2589 2856 2662; x_wconf 88' lang='lat' dir='ltr'><strong>fuerunt,ctejusdem</strong></span> <span class='ocrx_word' id='word_1_699' title='bbox 2872 2610 2904 2648; x_wconf 91' lang='lat' dir='ltr'><strong>n</strong></span> <span class='ocrx_word' id='word_1_700' title='bbox 2925 2607 3092 2661; x_wconf 59' lang='lat' dir='ltr'><strong>.turte,</strong></span> <span class='ocrx_word' id='word_1_701' title='bbox 3110 2599 3352 2654; x_wconf 88' lang='lat' dir='ltr'><strong>eumdem</strong></span> <span class='ocrx_word' id='word_1_702' title='bbox 3377 2601 3670 2662; x_wconf 86' lang='lat' dir='ltr'><strong>habuerunt</strong></span> 
     </span>
    </p>
   </div>
   <div class='ocr_carea' id='block_1_89' title="bbox 2106 2683 3668 2766">
    <p class='ocr_par' dir='ltr' id='par_1_89' title="bbox 2106 2683 3668 2766">
     <span class='ocr_line' id='line_1_89' title="bbox 2106 2683 3668 2766; baseline 0.013 -35"><span class='ocrx_word' id='word_1_703' title='bbox 2106 2689 2333 2746; x_wconf 87' lang='lat' dir='ltr'><strong>patrem,</strong></span> <span class='ocrx_word' id='word_1_704' title='bbox 2361 2683 2547 2737; x_wconf 91' lang='lat' dir='ltr'><strong>eodem</strong></span> <span class='ocrx_word' id='word_1_705' title='bbox 2578 2693 2728 2737; x_wconf 88' lang='lat' dir='ltr'><strong>utero</strong></span> <span class='ocrx_word' id='word_1_706' title='bbox 2757 2684 2966 2740; x_wconf 90' lang='lat' dir='ltr'><strong>fuerunt</strong></span> <span class='ocrx_word' id='word_1_707' title='bbox 2989 2689 3115 2742; x_wconf 90' lang='lat' dir='ltr'><strong>editi</strong></span> <span class='ocrx_word' id='word_1_708' title='bbox 3137 2731 3151 2752; x_wconf 92' lang='lat'><strong>,</strong></span> <span class='ocrx_word' id='word_1_709' title='bbox 3181 2691 3366 2746; x_wconf 89' lang='lat' dir='ltr'><strong>eadem</strong></span> <span class='ocrx_word' id='word_1_710' title='bbox 3400 2695 3668 2766; x_wconf 88' lang='lat' dir='ltr'><strong>diligentia</strong></span> 
     </span>
    </p>
   </div>
   <div class='ocr_carea' id='block_1_90' title="bbox 2102 2771 3670 2844">
    <p class='ocr_par' dir='ltr' id='par_1_90' title="bbox 2102 2771 3670 2844">
     <span class='ocr_line' id='line_1_90' title="bbox 2102 2771 3670 2844; baseline 0.011 -19"><span class='ocrx_word' id='word_1_711' title='bbox 2102 2771 2316 2826; x_wconf 88' lang='lat' dir='ltr'><strong>fuerunt</strong></span> <span class='ocrx_word' id='word_1_712' title='bbox 2339 2774 2566 2838; x_wconf 87' lang='lat' dir='ltr'><strong>educati,</strong></span> <span class='ocrx_word' id='word_1_713' title='bbox 2598 2775 2690 2829; x_wconf 88' lang='lat' dir='ltr'><strong>sed</strong></span> <span class='ocrx_word' id='word_1_714' title='bbox 2714 2791 2816 2830; x_wconf 90' lang='lat' dir='ltr'><strong>non</strong></span> <span class='ocrx_word' id='word_1_715' title='bbox 2847 2782 3088 2833; x_wconf 83' lang='lat' dir='ltr'><strong>eumdem</strong></span> <span class='ocrx_word' id='word_1_716' title='bbox 3111 2775 3341 2836; x_wconf 86' lang='lat' dir='ltr'><strong>animum</strong></span> <span class='ocrx_word' id='word_1_717' title='bbox 3369 2785 3670 2844; x_wconf 84' lang='lat' dir='ltr'><strong>declarave-</strong></span> 
     </span>
    </p>
   </div>
   <div class='ocr_carea' id='block_1_91' title="bbox 2102 2864 3668 2948">
    <p class='ocr_par' dir='ltr' id='par_1_91' title="bbox 2102 2864 3668 2948">
     <span class='ocr_line' id='line_1_91' title="bbox 2102 2864 3668 2948; baseline 0.013 -35"><span class='ocrx_word' id='word_1_718' title='bbox 2102 2873 2260 2915; x_wconf 86' lang='lat' dir='ltr'><strong>runt:</strong></span> <span class='ocrx_word' id='word_1_719' title='bbox 2291 2864 2382 2917; x_wconf 88' lang='lat' dir='ltr'><strong>sed</strong></span> <span class='ocrx_word' id='word_1_720' title='bbox 2407 2865 2494 2918; x_wconf 89' lang='lat' dir='ltr'><strong>ille</strong></span> <span class='ocrx_word' id='word_1_721' title='bbox 2519 2866 2728 2934; x_wconf 88' lang='lat' dir='ltr'><strong>quidem</strong></span> <span class='ocrx_word' id='word_1_722' title='bbox 2756 2867 2806 2920; x_wconf 93' lang='lat' dir='ltr'><strong>in</strong></span> <span class='ocrx_word' id='word_1_723' title='bbox 2833 2868 3083 2922; x_wconf 85' lang='lat' dir='ltr'><strong>malitiam</strong></span> <span class='ocrx_word' id='word_1_724' title='bbox 3115 2871 3314 2938; x_wconf 91' lang='lat' dir='ltr'><strong>incidit,</strong></span> <span class='ocrx_word' id='word_1_725' title='bbox 3350 2875 3381 2927; x_wconf 91' lang='lat' dir='ltr'><strong>ii</strong></span> <span class='ocrx_word' id='word_1_726' title='bbox 3413 2891 3537 2932; x_wconf 87' lang='lat' dir='ltr'><strong>vero</strong></span> <span class='ocrx_word' id='word_1_727' title='bbox 3573 2893 3668 2948; x_wconf 86' lang='lat' dir='ltr'><strong>pa-</strong></span> 
     </span>
    </p>
   </div>
   <div class='ocr_carea' id='block_1_92' title="bbox 2100 2954 3669 3024">
    <p class='ocr_par' dir='ltr' id='par_1_92' title="bbox 2100 2954 3669 3024">
     <span class='ocr_line' id='line_1_92' title="bbox 2100 2954 3669 3024; baseline 0.013 -20"><span class='ocrx_word' id='word_1_728' title='bbox 2100 2955 2236 3006; x_wconf 90' lang='lat' dir='ltr'><strong>renti</strong></span> <span class='ocrx_word' id='word_1_729' title='bbox 2265 2954 2498 3008; x_wconf 86' lang='lat' dir='ltr'><strong>debitum</strong></span> <span class='ocrx_word' id='word_1_730' title='bbox 2521 2956 2889 3024; x_wconf 87' lang='lat' dir='ltr'><strong>impenderunt</strong></span> <span class='ocrx_word' id='word_1_731' title='bbox 2913 2958 3188 3014; x_wconf 81' lang='lat' dir='ltr'><strong>honorem.</strong></span> <span class='ocrx_word' id='word_1_732' title='bbox 3211 2961 3471 3019; x_wconf 78' lang='lat' dir='ltr'><strong>Fortassis</strong></span> <span class='ocrx_word' id='word_1_733' title='bbox 3491 2978 3669 3024; x_wconf 90' lang='lat' dir='ltr'><strong>autem</strong></span> 
     </span>
    </p>
   </div>
   <div class='ocr_carea' id='block_1_93' title="bbox 2099 3043 3668 3121">
    <p class='ocr_par' dir='ltr' id='par_1_93' title="bbox 2099 3043 3668 3121">
     <span class='ocr_line' id='line_1_93' title="bbox 2099 3043 3668 3121; baseline 0.011 -25"><span class='ocrx_word' id='word_1_734' title='bbox 2099 3053 2154 3097; x_wconf 90' lang='lat' dir='ltr'><strong>et</strong></span> <span class='ocrx_word' id='word_1_735' title='bbox 2198 3043 2364 3098; x_wconf 89' lang='lat' dir='ltr'><strong>irrisit</strong></span> <span class='ocrx_word' id='word_1_736' title='bbox 2401 3059 2464 3100; x_wconf 88' lang='lat' dir='ltr'><strong>ac</strong></span> <span class='ocrx_word' id='word_1_737' title='bbox 2504 3047 2846 3102; x_wconf 87' lang='lat' dir='ltr'><strong>subsannavit</strong></span> <span class='ocrx_word' id='word_1_738' title='bbox 2871 3058 3096 3118; x_wconf 88' lang='lat' dir='ltr'><strong>patrem,</strong></span> <span class='ocrx_word' id='word_1_739' title='bbox 3129 3052 3502 3121; x_wconf 89' lang='lat' dir='ltr'><strong>turpitudinem</strong></span> <span class='ocrx_word' id='word_1_740' title='bbox 3532 3058 3668 3114; x_wconf 91' lang='lat' dir='ltr'><strong>illius</strong></span> 
     </span>
    </p>
   </div>
   <div class='ocr_carea' id='block_1_94' title="bbox 2099 3133 3668 3213">
    <p class='ocr_par' dir='ltr' id='par_1_94' title="bbox 2099 3133 3668 3213">
     <span class='ocr_line' id='line_1_94' title="bbox 2099 3133 3668 3213; baseline 0.013 -29"><span class='ocrx_word' id='word_1_741' title='bbox 2099 3133 2388 3188; x_wconf 89' lang='lat' dir='ltr'><strong>nuntiando</strong></span> <span class='ocrx_word' id='word_1_742' title='bbox 2419 3152 2430 3188; x_wconf 94' lang='lat'>:</span> <span class='ocrx_word' id='word_1_743' title='bbox 2460 3145 2514 3189; x_wconf 92' lang='lat' dir='ltr'><strong>et</strong></span> <span class='ocrx_word' id='word_1_744' title='bbox 2563 3151 2665 3190; x_wconf 93' lang='lat' dir='ltr'><strong>non</strong></span> <span class='ocrx_word' id='word_1_745' title='bbox 2709 3137 2905 3191; x_wconf 87' lang='lat' dir='ltr'><strong>audivit</strong></span> <span class='ocrx_word' id='word_1_746' title='bbox 2939 3139 3227 3207; x_wconf 91' lang='lat' dir='ltr'><strong>sapientem</strong></span> <span class='ocrx_word' id='word_1_747' title='bbox 3275 3147 3552 3213; x_wconf 86' lang='lat' dir='ltr'><strong>quemdam</strong></span> <span class='ocrx_word' id='word_1_748' title='bbox 3583 3149 3668 3203; x_wconf 87' lang='lat' dir='ltr'><strong>di-</strong></span> 
     </span>
    </p>
   </div>
   <div class='ocr_carea' id='block_1_95' title="bbox 2097 3223 3664 3308">
    <p class='ocr_par' dir='ltr' id='par_1_95' title="bbox 2097 3223 3664 3308">
     <span class='ocr_line' id='line_1_95' title="bbox 2097 3223 3664 3308; baseline 0.012 -34"><span class='ocrx_word' id='word_1_749' title='bbox 2097 3231 2303 3276; x_wconf 90' lang='lat' dir='ltr'><strong>centem</strong></span> <span class='ocrx_word' id='word_1_750' title='bbox 2339 3240 2352 3276; x_wconf 90' lang='lat'><strong>:</strong></span> <span class='ocrx_word' id='word_1_751' title='bbox 2389 3223 2469 3277; x_wconf 83' lang='lat' dir='ltr'><strong>Ne</strong></span> <span class='ocrx_word' id='word_1_752' title='bbox 2483 3223 2711 3294; x_wconf 76' lang='lat' dir='ltr'><strong>glorieris</strong></span> <span class='ocrx_word' id='word_1_753' title='bbox 2739 3228 2789 3280; x_wconf 88' lang='lat' dir='ltr'><strong>in</strong></span> <span class='ocrx_word' id='word_1_754' title='bbox 2811 3228 3084 3297; x_wconf 89' lang='lat' dir='ltr'><strong>ignominia</strong></span> <span class='ocrx_word' id='word_1_755' title='bbox 3118 3233 3273 3299; x_wconf 84' lang='lat' dir='ltr'><strong>patris</strong></span> <span class='ocrx_word' id='word_1_756' title='bbox 3295 3236 3369 3288; x_wconf 89' lang='lat' dir='ltr'><strong>tui</strong></span> <span class='ocrx_word' id='word_1_757' title='bbox 3397 3236 3579 3308; x_wconf 82' lang='lat' dir='ltr'><strong>(Eccli.</strong></span> <span class='ocrx_word' id='word_1_758' title='bbox 3612 3242 3664 3296; x_wconf 81' lang='grc'><strong>5.</strong></span> 
     </span>
    </p>
   </div>
   <div class='ocr_carea' id='block_1_96' title="bbox 2098 3311 3667 3396">
    <p class='ocr_par' dir='ltr' id='par_1_96' title="bbox 2098 3311 3667 3396">
     <span class='ocr_line' id='line_1_96' title="bbox 2098 3311 3667 3396; baseline 0.015 -33"><span class='ocrx_word' id='word_1_759' title='bbox 2098 3311 2206 3380; x_wconf 75' lang='grc'><strong>12).</strong></span> <span class='ocrx_word' id='word_1_760' title='bbox 2245 3313 2436 3368; x_wconf 68' lang='lat' dir='ltr'><strong>Verum</strong></span> <span class='ocrx_word' id='word_1_761' title='bbox 2483 3315 2674 3370; x_wconf 90' lang='lat' dir='ltr'><strong>fratres</strong></span> <span class='ocrx_word' id='word_1_762' title='bbox 2718 3333 2822 3371; x_wconf 91' lang='lat' dir='ltr'><strong>non</strong></span> <span class='ocrx_word' id='word_1_763' title='bbox 2867 3319 2944 3372; x_wconf 90' lang='lat' dir='ltr'><strong>sic</strong></span> <span class='ocrx_word' id='word_1_764' title='bbox 2992 3332 3230 3389; x_wconf 91' lang='lat' dir='ltr'><strong>egerunt.</strong></span> <span class='ocrx_word' id='word_1_765' title='bbox 3265 3324 3331 3378; x_wconf 77' lang='lat' dir='ltr'><strong>Et</strong></span> <span class='ocrx_word' id='word_1_766' title='bbox 3363 3331 3667 3396; x_wconf 70' lang='lat' dir='ltr'><strong>quomodo!</strong></span> 
     </span>
    </p>
   </div>
   <div class='ocr_carea' id='block_1_97' title="bbox 2095 3402 3658 3487">
    <p class='ocr_par' dir='ltr' id='par_1_97' title="bbox 2095 3402 3658 3487">
     <span class='ocr_line' id='line_1_97' title="bbox 2095 3402 3658 3487; baseline 0.012 -34"><span class='ocrx_word' id='word_1_767' title='bbox 2095 3402 2228 3454; x_wconf 79' lang='lat' dir='ltr'><strong>Cum</strong></span> <span class='ocrx_word' id='word_1_768' title='bbox 2262 3403 2373 3457; x_wconf 74' lang='lat' dir='ltr'><strong>h:cc</strong></span> <span class='ocrx_word' id='word_1_769' title='bbox 2416 3405 2856 3460; x_wconf 69' lang='lat' dir='ltr'><strong>audivisseu193.</strong></span> <span class='ocrx_word' id='word_1_770' title='bbox 2893 3408 3011 3461; x_wconf 82' lang='lat' dir='ltr'><strong>Seni</strong></span> <span class='ocrx_word' id='word_1_771' title='bbox 3052 3419 3098 3462; x_wconf 88' lang='lat' dir='ltr'><strong>et</strong></span> <span class='ocrx_word' id='word_1_772' title='bbox 3142 3410 3386 3481; x_wconf 78' lang='lat' dir='ltr'><strong>Japheth,</strong></span> <span class='ocrx_word' id='word_1_773' title='bbox 3418 3421 3658 3487; x_wconf 85' lang='lat' dir='ltr'><strong>acceptis,</strong></span> 
     </span>
    </p>
   </div>
   <div class='ocr_carea' id='block_1_98' title="bbox 2095 3491 3662 3565">
    <p class='ocr_par' dir='ltr' id='par_1_98' title="bbox 2095 3491 3662 3565">
     <span class='ocr_line' id='line_1_98' title="bbox 2095 3491 3662 3565; baseline 0.011 -21"><span class='ocrx_word' id='word_1_774' title='bbox 2095 3491 2280 3560; x_wconf 91' lang='lat' dir='ltr'><strong>inquit,</strong></span> <span class='ocrx_word' id='word_1_775' title='bbox 2310 3494 2520 3548; x_wconf 84' lang='lat' dir='ltr'><strong>uestibus</strong></span> <span class='ocrx_word' id='word_1_776' title='bbox 2543 3512 2692 3563; x_wconf 81' lang='lat' dir='ltr'><strong>super</strong></span> <span class='ocrx_word' id='word_1_777' title='bbox 2718 3495 2950 3551; x_wconf 82' lang='lat' dir='ltr'><strong>h:uncros</strong></span> <span class='ocrx_word' id='word_1_778' title='bbox 2985 3515 3122 3565; x_wconf 86' lang='lat' dir='ltr'><strong>suos,</strong></span> <span class='ocrx_word' id='word_1_779' title='bbox 3153 3501 3456 3558; x_wconf 79' lang='lat' dir='ltr'><strong>incesserunt</strong></span> <span class='ocrx_word' id='word_1_780' title='bbox 3474 3517 3662 3562; x_wconf 86' lang='lat' dir='ltr'><strong>retror-</strong></span> 
     </span>
    </p>
   </div>
   <div class='ocr_carea' id='block_1_99' title="bbox 2093 3585 3660 3663">
    <p class='ocr_par' dir='ltr' id='par_1_99' title="bbox 2093 3585 3660 3663">
     <span class='ocr_line' id='line_1_99' title="bbox 2093 3585 3660 3663; baseline 0.012 -29"><span class='ocrx_word' id='word_1_781' title='bbox 2093 3597 2224 3646; x_wconf 87' lang='lat' dir='ltr'><strong>sum,</strong></span> <span class='ocrx_word' id='word_1_782' title='bbox 2243 3592 2290 3634; x_wconf 86' lang='lat' dir='ltr'><strong>et</strong></span> <span class='ocrx_word' id='word_1_783' title='bbox 2307 3593 2607 3651; x_wconf 83' lang='lat' dir='ltr'><strong>operuerunt</strong></span> <span class='ocrx_word' id='word_1_784' title='bbox 2623 3585 2897 3638; x_wconf 87' lang='lat' dir='ltr'><strong>nuditatem</strong></span> <span class='ocrx_word' id='word_1_785' title='bbox 2925 3589 3081 3656; x_wconf 88' lang='lat' dir='ltr'><strong>patris</strong></span> <span class='ocrx_word' id='word_1_786' title='bbox 3106 3592 3220 3644; x_wconf 89' lang='lat' dir='ltr'><strong>sui:</strong></span> <span class='ocrx_word' id='word_1_787' title='bbox 3243 3603 3290 3644; x_wconf 86' lang='lat' dir='ltr'><strong>et</strong></span> <span class='ocrx_word' id='word_1_788' title='bbox 3315 3595 3470 3663; x_wconf 75' lang='lat' dir='ltr'><strong>facies</strong></span> <span class='ocrx_word' id='word_1_789' title='bbox 3489 3614 3660 3654; x_wconf 78' lang='lat' dir='ltr'><strong>eorum</strong></span> 
     </span>
    </p>
   </div>
   <div class='ocr_carea' id='block_1_100' title="bbox 2092 3677 3658 3745">
    <p class='ocr_par' dir='ltr' id='par_1_100' title="bbox 2092 3677 3658 3745">
     <span class='ocr_line' id='line_1_100' title="bbox 2092 3677 3658 3745; baseline 0.013 -20"><span class='ocrx_word' id='word_1_790' title='bbox 2092 3685 2378 3739; x_wconf 88' lang='lat' dir='ltr'><strong>retrorsum,</strong></span> <span class='ocrx_word' id='word_1_791' title='bbox 2407 3685 2454 3729; x_wconf 84' lang='lat' dir='ltr'><strong>et</strong></span> <span class='ocrx_word' id='word_1_792' title='bbox 2483 3677 2756 3729; x_wconf 88' lang='lat' dir='ltr'><strong>nuditatem</strong></span> <span class='ocrx_word' id='word_1_793' title='bbox 2787 3679 2940 3745; x_wconf 87' lang='lat' dir='ltr'><strong>patris</strong></span> <span class='ocrx_word' id='word_1_794' title='bbox 2967 3681 3044 3732; x_wconf 88' lang='lat' dir='ltr'><strong>sui</strong></span> <span class='ocrx_word' id='word_1_795' title='bbox 3073 3697 3173 3734; x_wconf 87' lang='lat' dir='ltr'><strong>non</strong></span> <span class='ocrx_word' id='word_1_796' title='bbox 3200 3683 3446 3740; x_wconf 77' lang='lat' dir='ltr'><strong>uiderunt.</strong></span> <span class='ocrx_word' id='word_1_797' title='bbox 3473 3687 3658 3745; x_wconf 78' lang='lat' dir='ltr'><strong>Vidisti</strong></span> 
     </span>
    </p>
   </div>
   <div class='ocr_carea' id='block_1_101' title="bbox 2093 3767 3658 3846">
    <p class='ocr_par' dir='ltr' id='par_1_101' title="bbox 2093 3767 3658 3846">
     <span class='ocr_line' id='line_1_101' title="bbox 2093 3767 3658 3846; baseline 0.013 -29"><span class='ocrx_word' id='word_1_798' title='bbox 2093 3767 2405 3834; x_wconf 87' lang='lat' dir='ltr'><strong>probitatem</strong></span> <span class='ocrx_word' id='word_1_799' title='bbox 2441 3767 2702 3823; x_wconf 82' lang='lat' dir='ltr'><strong>filiorum?</strong></span> <span class='ocrx_word' id='word_1_800' title='bbox 2734 3771 2825 3824; x_wconf 91' lang='lat' dir='ltr'><strong>Ille</strong></span> <span class='ocrx_word' id='word_1_801' title='bbox 2861 3771 3125 3841; x_wconf 88' lang='lat' dir='ltr'><strong>evnlgavit</strong></span> <span class='ocrx_word' id='word_1_802' title='bbox 3165 3783 3220 3828; x_wconf 91' lang='lat' dir='ltr'><strong>et</strong></span> <span class='ocrx_word' id='word_1_803' title='bbox 3264 3778 3530 3846; x_wconf 71' lang='lat' dir='ltr'><strong>traduxit,</strong></span> <span class='ocrx_word' id='word_1_804' title='bbox 3572 3783 3658 3837; x_wconf 85' lang='lat' dir='ltr'><strong>isti</strong></span> 
     </span>
    </p>
   </div>
   <div class='ocr_carea' id='block_1_102' title="bbox 2093 3858 3660 3938">
    <p class='ocr_par' dir='ltr' id='par_1_102' title="bbox 2093 3858 3660 3938">
     <span class='ocr_line' id='line_1_102' title="bbox 2093 3858 3660 3938; baseline 0.011 -30"><span class='ocrx_word' id='word_1_805' title='bbox 2093 3871 2265 3925; x_wconf 90' lang='lat' dir='ltr'><strong>neque</strong></span> <span class='ocrx_word' id='word_1_806' title='bbox 2295 3858 2474 3912; x_wconf 88' lang='lat' dir='ltr'><strong>videre</strong></span> <span class='ocrx_word' id='word_1_807' title='bbox 2508 3860 2871 3914; x_wconf 90' lang='lat' dir='ltr'><strong>sustinuerunt</strong></span> <span class='ocrx_word' id='word_1_808' title='bbox 2905 3879 2918 3914; x_wconf 89' lang='lat'>:</span> <span class='ocrx_word' id='word_1_809' title='bbox 2951 3862 3042 3915; x_wconf 89' lang='lat' dir='ltr'><strong>sed</strong></span> <span class='ocrx_word' id='word_1_810' title='bbox 3081 3873 3367 3920; x_wconf 85' lang='lat' dir='ltr'><strong>retrorsum</strong></span> <span class='ocrx_word' id='word_1_811' title='bbox 3398 3869 3572 3938; x_wconf 89' lang='lat' dir='ltr'><strong>ibant,</strong></span> <span class='ocrx_word' id='word_1_812' title='bbox 3603 3883 3660 3929; x_wconf 91' lang='lat' dir='ltr'><strong>ut</strong></span> 
     </span>
    </p>
   </div>
   <div class='ocr_carea' id='block_1_103' title="bbox 2091 3947 3657 4018">
    <p class='ocr_par' dir='ltr' id='par_1_103' title="bbox 2091 3947 3657 4018">
     <span class='ocr_line' id='line_1_103' title="bbox 2091 3947 3657 4018; baseline 0.011 -20"><span class='ocrx_word' id='word_1_813' title='bbox 2091 3957 2236 4000; x_wconf 87' lang='lat' dir='ltr'><strong>recta</strong></span> <span class='ocrx_word' id='word_1_814' title='bbox 2273 3947 2483 4002; x_wconf 87' lang='lat' dir='ltr'><strong>adirent</strong></span> <span class='ocrx_word' id='word_1_815' title='bbox 2525 3949 2688 4018; x_wconf 87' lang='lat' dir='ltr'><strong>patris</strong></span> <span class='ocrx_word' id='word_1_816' title='bbox 2733 3951 3023 4005; x_wconf 78' lang='lat' dir='ltr'><strong>contecturi</strong></span> <span class='ocrx_word' id='word_1_817' title='bbox 3070 3953 3380 4009; x_wconf 90' lang='lat' dir='ltr'><strong>nuditatem.</strong></span> <span class='ocrx_word' id='word_1_818' title='bbox 3432 3959 3496 4012; x_wconf 85' lang='lat' dir='ltr'><strong>Et</strong></span> <span class='ocrx_word' id='word_1_819' title='bbox 3539 3962 3657 4017; x_wconf 78' lang='lat' dir='ltr'><strong>vide</strong></span> 
     </span>
    </p>
   </div>
   <div class='ocr_carea' id='block_1_104' title="bbox 2091 4035 3657 4118">
    <p class='ocr_par' dir='ltr' id='par_1_104' title="bbox 2091 4035 3657 4118">
     <span class='ocr_line' id='line_1_104' title="bbox 2091 4035 3657 4118; baseline 0.011 -30"><span class='ocrx_word' id='word_1_820' title='bbox 2091 4035 2298 4089; x_wconf 91' lang='lat' dir='ltr'><strong>illorum</strong></span> <span class='ocrx_word' id='word_1_821' title='bbox 2323 4051 2442 4090; x_wconf 90' lang='lat' dir='ltr'><strong>cum</strong></span> <span class='ocrx_word' id='word_1_822' title='bbox 2471 4052 2656 4107; x_wconf 89' lang='lat' dir='ltr'><strong>utagna</strong></span> <span class='ocrx_word' id='word_1_823' title='bbox 2683 4039 2942 4107; x_wconf 90' lang='lat' dir='ltr'><strong>probitate</strong></span> <span class='ocrx_word' id='word_1_824' title='bbox 2973 4043 3453 4100; x_wconf 87' lang='lat' dir='ltr'><strong>mansuetudinem.</strong></span> <span class='ocrx_word' id='word_1_825' title='bbox 3478 4048 3657 4118; x_wconf 87' lang='lat' dir='ltr'><strong>Neque</strong></span> 
     </span>
    </p>
   </div>
   <div class='ocr_carea' id='block_1_105' title="bbox 2090 4128 3658 4198">
    <p class='ocr_par' dir='ltr' id='par_1_105' title="bbox 2090 4128 3658 4198">
     <span class='ocr_line' id='line_1_105' title="bbox 2090 4128 3658 4198; baseline 0.009 -18"><span class='ocrx_word' id='word_1_826' title='bbox 2090 4128 2384 4197; x_wconf 82' lang='lat' dir='ltr'><strong>increpant,</strong></span> <span class='ocrx_word' id='word_1_827' title='bbox 2415 4143 2585 4198; x_wconf 91' lang='lat' dir='ltr'><strong>neque</strong></span> <span class='ocrx_word' id='word_1_828' title='bbox 2615 4129 2897 4182; x_wconf 89' lang='lat' dir='ltr'><strong>verberant</strong></span> <span class='ocrx_word' id='word_1_829' title='bbox 2936 4129 3149 4186; x_wconf 90' lang='lat' dir='ltr'><strong>fratrem</strong></span> <span class='ocrx_word' id='word_1_830' title='bbox 3186 4151 3197 4185; x_wconf 93' lang='lat'>:</span> <span class='ocrx_word' id='word_1_831' title='bbox 3249 4135 3340 4188; x_wconf 90' lang='lat' dir='ltr'><strong>sed</strong></span> <span class='ocrx_word' id='word_1_832' title='bbox 3380 4147 3435 4190; x_wconf 90' lang='lat' dir='ltr'><strong>ut</strong></span> <span class='ocrx_word' id='word_1_833' title='bbox 3477 4140 3658 4194; x_wconf 83' lang='lat' dir='ltr'><strong>audie-</strong></span> 
     </span>
    </p>
   </div>
   <div class='ocr_carea' id='block_1_106' title="bbox 2089 4218 3652 4295">
    <p class='ocr_par' dir='ltr' id='par_1_106' title="bbox 2089 4218 3652 4295">
     <span class='ocr_line' id='line_1_106' title="bbox 2089 4218 3652 4295; baseline 0.008 -24"><span class='ocrx_word' id='word_1_834' title='bbox 2089 4228 2229 4282; x_wconf 91' lang='lat' dir='ltr'><strong>runt,</strong></span> <span class='ocrx_word' id='word_1_835' title='bbox 2253 4234 2374 4272; x_wconf 83' lang='lat' dir='ltr'><strong>mox</strong></span> <span class='ocrx_word' id='word_1_836' title='bbox 2405 4218 2456 4271; x_wconf 92' lang='lat' dir='ltr'><strong>id</strong></span> <span class='ocrx_word' id='word_1_837' title='bbox 2482 4234 2641 4272; x_wconf 92' lang='lat' dir='ltr'><strong>unum</strong></span> <span class='ocrx_word' id='word_1_838' title='bbox 2671 4229 2944 4288; x_wconf 90' lang='lat' dir='ltr'><strong>curarunt,</strong></span> <span class='ocrx_word' id='word_1_839' title='bbox 2971 4232 3026 4276; x_wconf 92' lang='lat' dir='ltr'><strong>ut</strong></span> <span class='ocrx_word' id='word_1_840' title='bbox 3052 4220 3245 4277; x_wconf 90' lang='lat' dir='ltr'><strong>factum</strong></span> <span class='ocrx_word' id='word_1_841' title='bbox 3268 4229 3652 4295; x_wconf 83' lang='lat' dir='ltr'><strong>quamprimum</strong></span> 
     </span>
    </p>
   </div>
   <div class='ocr_carea' id='block_1_107' title="bbox 2085 4311 3656 4390">
    <p class='ocr_par' dir='ltr' id='par_1_107' title="bbox 2085 4311 3656 4390">
     <span class='ocr_line' id='line_1_107' title="bbox 2085 4311 3656 4390; baseline 0.008 -26"><span class='ocrx_word' id='word_1_842' title='bbox 2085 4311 2480 4375; x_wconf 88' lang='lat' dir='ltr'><strong>cmendaretur,</strong></span> <span class='ocrx_word' id='word_1_843' title='bbox 2510 4321 2562 4365; x_wconf 91' lang='lat' dir='ltr'><strong>et</strong></span> <span class='ocrx_word' id='word_1_844' title='bbox 2593 4311 2790 4364; x_wconf 82' lang='lat' dir='ltr'><strong>lionorc</strong></span> <span class='ocrx_word' id='word_1_845' title='bbox 2818 4313 3355 4382; x_wconf 83' lang='lat' dir='ltr'><strong>genituraflireretur.</strong></span> <span class='ocrx_word' id='word_1_846' title='bbox 3382 4316 3656 4390; x_wconf 78' lang='lat' dir='ltr'><strong>Faciesque</strong></span> 
     </span>
    </p>
   </div>
   <div class='ocr_carea' id='block_1_108' title="bbox 2083 4402 3654 4475">
    <p class='ocr_par' dir='ltr' id='par_1_108' title="bbox 2083 4402 3654 4475">
     <span class='ocr_line' id='line_1_108' title="bbox 2083 4402 3654 4475; baseline 0.006 -22"><span class='ocrx_word' id='word_1_847' title='bbox 2083 4402 2285 4454; x_wconf 85' lang='lat' dir='ltr'><strong>illorum</strong></span> <span class='ocrx_word' id='word_1_848' title='bbox 2312 4417 2499 4456; x_wconf 78' lang='lat' dir='ltr'><strong>aversa:</strong></span> <span class='ocrx_word' id='word_1_849' title='bbox 2525 4411 2688 4466; x_wconf 80' lang='lat' dir='ltr'><strong>erant,</strong></span> <span class='ocrx_word' id='word_1_850' title='bbox 2709 4411 2754 4454; x_wconf 89' lang='lat' dir='ltr'><strong>et</strong></span> <span class='ocrx_word' id='word_1_851' title='bbox 2792 4404 3064 4456; x_wconf 73' lang='lat' dir='ltr'><strong>nuditatem</strong></span> <span class='ocrx_word' id='word_1_852' title='bbox 3091 4407 3246 4475; x_wconf 85' lang='lat' dir='ltr'><strong>patris</strong></span> <span class='ocrx_word' id='word_1_853' title='bbox 3272 4409 3348 4459; x_wconf 87' lang='lat' dir='ltr'><strong>sui</strong></span> <span class='ocrx_word' id='word_1_854' title='bbox 3383 4425 3481 4463; x_wconf 88' lang='lat' dir='ltr'><strong>non</strong></span> <span class='ocrx_word' id='word_1_855' title='bbox 3519 4413 3654 4464; x_wconf 69' lang='lat' dir='ltr'><strong>vide.-</strong></span> 
     </span>
    </p>
   </div>
   <div class='ocr_carea' id='block_1_109' title="bbox 2084 4494 3658 4572">
    <p class='ocr_par' dir='ltr' id='par_1_109' title="bbox 2084 4494 3658 4572">
     <span class='ocr_line' id='line_1_109' title="bbox 2084 4494 3658 4572; baseline 0.013 -28"><span class='ocrx_word' id='word_1_856' title='bbox 2084 4503 2220 4548; x_wconf 88' lang='lat' dir='ltr'><strong>runt.</strong></span> <span class='ocrx_word' id='word_1_857' title='bbox 2242 4494 2423 4563; x_wconf 78' lang='lat' dir='ltr'><strong>Magna</strong></span> <span class='ocrx_word' id='word_1_858' title='bbox 2451 4495 2673 4547; x_wconf 81' lang='lat' dir='ltr'><strong>filiorum</strong></span> <span class='ocrx_word' id='word_1_859' title='bbox 2703 4498 3019 4560; x_wconf 88' lang='lat' dir='ltr'><strong>reverentia,</strong></span> <span class='ocrx_word' id='word_1_860' title='bbox 3043 4513 3197 4566; x_wconf 88' lang='lat' dir='ltr'><strong>quam</strong></span> <span class='ocrx_word' id='word_1_861' title='bbox 3219 4501 3368 4553; x_wconf 75' lang='lat' dir='ltr'><strong>nobis</strong></span> <span class='ocrx_word' id='word_1_862' title='bbox 3387 4503 3658 4572; x_wconf 82' lang='lat' dir='ltr'><strong>Scriptura</strong></span> 
     </span>
    </p>
   </div>
   <div class='ocr_carea' id='block_1_110' title="bbox 2083 4582 3652 4654">
    <p class='ocr_par' dir='ltr' id='par_1_110' title="bbox 2083 4582 3652 4654">
     <span class='ocr_line' id='line_1_110' title="bbox 2083 4582 3652 4654; baseline 0.008 -18"><span class='ocrx_word' id='word_1_863' title='bbox 2083 4592 2373 4648; x_wconf 88' lang='lat' dir='ltr'><strong>tnunstrat,</strong></span> <span class='ocrx_word' id='word_1_864' title='bbox 2402 4582 2542 4650; x_wconf 91' lang='lat' dir='ltr'><strong>quod</strong></span> <span class='ocrx_word' id='word_1_865' title='bbox 2574 4598 2678 4636; x_wconf 90' lang='lat' dir='ltr'><strong>non</strong></span> <span class='ocrx_word' id='word_1_866' title='bbox 2707 4583 2878 4654; x_wconf 82' lang='lat' dir='ltr'><strong>solum</strong></span> <span class='ocrx_word' id='word_1_867' title='bbox 2910 4595 3115 4652; x_wconf 73' lang='lat' dir='ltr'><strong>tegant,</strong></span> <span class='ocrx_word' id='word_1_868' title='bbox 3148 4589 3237 4640; x_wconf 54' lang='lat' dir='ltr'><strong>sed</strong></span> <span class='ocrx_word' id='word_1_869' title='bbox 3265 4599 3315 4642; x_wconf 89' lang='lat' dir='ltr'><strong>et</strong></span> <span class='ocrx_word' id='word_1_870' title='bbox 3347 4592 3521 4645; x_wconf 81' lang='lat' dir='ltr'><strong>videre</strong></span> <span class='ocrx_word' id='word_1_871' title='bbox 3550 4612 3652 4648; x_wconf 88' lang='lat' dir='ltr'><strong>non</strong></span> 
     </span>
    </p>
   </div>
   <div class='ocr_carea' id='block_1_111' title="bbox 2081 4672 3651 4746">
    <p class='ocr_par' dir='ltr' id='par_1_111' title="bbox 2081 4672 3651 4746">
     <span class='ocr_line' id='line_1_111' title="bbox 2081 4672 3651 4746; baseline 0.006 -20"><span class='ocrx_word' id='word_1_872' title='bbox 2081 4673 2394 4727; x_wconf 85' lang='lat' dir='ltr'><strong>sustineant.</strong></span> <span class='ocrx_word' id='word_1_873' title='bbox 2424 4672 2740 4726; x_wconf 83' lang='lat' dir='ltr'><strong>Erudiamur</strong></span> <span class='ocrx_word' id='word_1_874' title='bbox 2769 4673 2911 4739; x_wconf 88' lang='lat' dir='ltr'><strong>hinc,</strong></span> <span class='ocrx_word' id='word_1_875' title='bbox 2951 4684 3106 4742; x_wconf 87' lang='lat' dir='ltr'><strong>atque</strong></span> <span class='ocrx_word' id='word_1_876' title='bbox 3139 4692 3203 4729; x_wconf 79' lang='lat' dir='ltr'><strong>ex</strong></span> <span class='ocrx_word' id='word_1_877' title='bbox 3235 4679 3466 4746; x_wconf 87' lang='lat' dir='ltr'><strong>utrisque</strong></span> <span class='ocrx_word' id='word_1_878' title='bbox 3489 4683 3651 4736; x_wconf 70' lang='lat' dir='ltr'><strong>lucri-</strong></span> 
     </span>
    </p>
   </div>
   <div class='ocr_carea' id='block_1_112' title="bbox 2081 4765 3648 4834">
    <p class='ocr_par' dir='ltr' id='par_1_112' title="bbox 2081 4765 3648 4834">
     <span class='ocr_line' id='line_1_112' title="bbox 2081 4765 3648 4834; baseline 0.004 -16"><span class='ocrx_word' id='word_1_879' title='bbox 2081 4766 2334 4820; x_wconf 80' lang='lat' dir='ltr'><strong>iaciamus</strong></span> <span class='ocrx_word' id='word_1_880' title='bbox 2373 4766 2569 4834; x_wconf 89' lang='lat' dir='ltr'><strong>aliquid</strong></span> <span class='ocrx_word' id='word_1_881' title='bbox 2612 4783 2624 4818; x_wconf 91' lang='lat'><strong>:</strong></span> <span class='ocrx_word' id='word_1_882' title='bbox 2666 4775 2718 4819; x_wconf 89' lang='lat' dir='ltr'><strong>et</strong></span> <span class='ocrx_word' id='word_1_883' title='bbox 2762 4765 2858 4819; x_wconf 90' lang='lat' dir='ltr'><strong>bos</strong></span> <span class='ocrx_word' id='word_1_884' title='bbox 2907 4767 3118 4833; x_wconf 89' lang='lat' dir='ltr'><strong>quidem</strong></span> <span class='ocrx_word' id='word_1_885' title='bbox 3163 4768 3462 4833; x_wconf 74' lang='lat' dir='ltr'><strong>imitentur,</strong></span> <span class='ocrx_word' id='word_1_886' title='bbox 3513 4775 3648 4826; x_wconf 66' lang='lat' dir='ltr'><strong>illius</strong></span> 
     </span>
    </p>
   </div>
   <div class='ocr_carea' id='block_1_113' title="bbox 2079 4849 3647 4920">
    <p class='ocr_par' dir='ltr' id='par_1_113' title="bbox 2079 4849 3647 4920">
     <span class='ocr_line' id='line_1_113' title="bbox 2079 4849 3647 4920; baseline 0.003 -16"><span class='ocrx_word' id='word_1_887' title='bbox 2079 4861 2252 4905; x_wconf 88' lang='lat' dir='ltr'><strong>autem</strong></span> <span class='ocrx_word' id='word_1_888' title='bbox 2294 4864 2471 4904; x_wconf 87' lang='lat' dir='ltr'><strong>mores</strong></span> <span class='ocrx_word' id='word_1_889' title='bbox 2508 4849 2787 4919; x_wconf 80' lang='lat' dir='ltr'><strong>fugiamus.</strong></span> <span class='ocrx_word' id='word_1_890' title='bbox 2834 4849 2963 4901; x_wconf 84' lang='lat' dir='ltr'><strong>Nam</strong></span> <span class='ocrx_word' id='word_1_891' title='bbox 3004 4851 3046 4902; x_wconf 77' lang='lat' dir='ltr'><strong>si</strong></span> <span class='ocrx_word' id='word_1_892' title='bbox 3088 4851 3130 4902; x_wconf 89' lang='lat' dir='ltr'><strong>is</strong></span> <span class='ocrx_word' id='word_1_893' title='bbox 3157 4892 3172 4913; x_wconf 95' lang='lat'><strong>,</strong></span> <span class='ocrx_word' id='word_1_894' title='bbox 3220 4853 3305 4920; x_wconf 89' lang='lat' dir='ltr'><strong>qui</strong></span> <span class='ocrx_word' id='word_1_895' title='bbox 3345 4855 3647 4909; x_wconf 71' lang='lat' dir='ltr'><strong>sensibili-tu</strong></span> 
     </span>
    </p>
   </div>
   <div class='ocr_carea' id='block_1_114' title="bbox 2081 4938 3647 5008">
    <p class='ocr_par' dir='ltr' id='par_1_114' title="bbox 2081 4938 3647 5008">
     <span class='ocr_line' id='line_1_114' title="bbox 2081 4938 3647 5008; baseline 0.003 -11"><span class='ocrx_word' id='word_1_896' title='bbox 2081 4945 2370 4997; x_wconf 90' lang='lat' dir='ltr'><strong>nuditatem</strong></span> <span class='ocrx_word' id='word_1_897' title='bbox 2394 4941 2671 5008; x_wconf 60' lang='lat' dir='ltr'><strong>evulgavit,</strong></span> <span class='ocrx_word' id='word_1_898' title='bbox 2707 4938 2985 4993; x_wconf 87' lang='lat' dir='ltr'><strong>maledicto</strong></span> <span class='ocrx_word' id='word_1_899' title='bbox 3013 4955 3070 4993; x_wconf 90' lang='lat' dir='ltr'><strong>se</strong></span> <span class='ocrx_word' id='word_1_900' title='bbox 3098 4940 3218 4993; x_wconf 87' lang='lat' dir='ltr'><strong>fecit</strong></span> <span class='ocrx_word' id='word_1_901' title='bbox 3244 4943 3558 5006; x_wconf 76' lang='lat' dir='ltr'><strong>obnoxium,</strong></span> <span class='ocrx_word' id='word_1_902' title='bbox 3595 4958 3647 5001; x_wconf 87' lang='lat' dir='ltr'><strong>et</strong></span> 
     </span>
    </p>
   </div>
   <div class='ocr_carea' id='block_1_115' title="bbox 2079 5030 3645 5098">
    <p class='ocr_par' dir='ltr' id='par_1_115' title="bbox 2079 5030 3645 5098">
     <span class='ocr_line' id='line_1_115' title="bbox 2079 5030 3645 5098; baseline 0.001 -11"><span class='ocrx_word' id='word_1_903' title='bbox 2079 5034 2327 5087; x_wconf 75' lang='lat' dir='ltr'><strong>excideris</strong></span> <span class='ocrx_word' id='word_1_904' title='bbox 2348 5031 2414 5083; x_wconf 89' lang='lat' dir='ltr'><strong>ab</strong></span> <span class='ocrx_word' id='word_1_905' title='bbox 2438 5031 2637 5082; x_wconf 80' lang='lat' dir='ltr'><strong>honore</strong></span> <span class='ocrx_word' id='word_1_906' title='bbox 2663 5043 2818 5097; x_wconf 89' lang='lat' dir='ltr'><strong>quem</strong></span> <span class='ocrx_word' id='word_1_907' title='bbox 2848 5044 3024 5098; x_wconf 87' lang='lat' dir='ltr'><strong>parem</strong></span> <span class='ocrx_word' id='word_1_908' title='bbox 3045 5030 3356 5084; x_wconf 81' lang='lat' dir='ltr'><strong>habuitruni</strong></span> <span class='ocrx_word' id='word_1_909' title='bbox 3379 5034 3645 5098; x_wconf 81' lang='lat' dir='ltr'><strong>fratribus,</strong></span> 
     </span>
    </p>
   </div>
   <div class='ocr_carea' id='block_1_116' title="bbox 2079 5119 3646 5186">
    <p class='ocr_par' dir='ltr' id='par_1_116' title="bbox 2079 5119 3646 5186">
     <span class='ocr_line' id='line_1_116' title="bbox 2079 5119 3646 5186; baseline 0.001 -7"><span class='ocrx_word' id='word_1_910' title='bbox 2079 5124 2457 5179; x_wconf 86' lang='lat' dir='ltr'><strong>eondctnnatus</strong></span> <span class='ocrx_word' id='word_1_911' title='bbox 2485 5130 2563 5174; x_wconf 78' lang='lat' dir='ltr'><strong>est</strong></span> <span class='ocrx_word' id='word_1_912' title='bbox 2609 5128 2664 5173; x_wconf 90' lang='lat' dir='ltr'><strong>ut</strong></span> <span class='ocrx_word' id='word_1_913' title='bbox 2701 5119 2806 5172; x_wconf 90' lang='lat' dir='ltr'><strong>illis</strong></span> <span class='ocrx_word' id='word_1_914' title='bbox 2854 5123 3110 5186; x_wconf 87' lang='lat' dir='ltr'><strong>serviret;</strong></span> <span class='ocrx_word' id='word_1_915' title='bbox 3159 5121 3281 5174; x_wconf 87' lang='lat' dir='ltr'><strong>licet</strong></span> <span class='ocrx_word' id='word_1_916' title='bbox 3321 5134 3493 5176; x_wconf 88' lang='lat' dir='ltr'><strong>autem</strong></span> <span class='ocrx_word' id='word_1_917' title='bbox 3544 5143 3646 5181; x_wconf 84' lang='lat' dir='ltr'><strong>non</strong></span> 
     </span>
    </p>
   </div>
   <div class='ocr_carea' id='block_1_117' title="bbox 2080 5212 3645 5287">
    <p class='ocr_par' dir='ltr' id='par_1_117' title="bbox 2080 5212 3645 5287">
     <span class='ocr_line' id='line_1_117' title="bbox 2080 5212 3645 5287; baseline 0.002 -17"><span class='ocrx_word' id='word_1_918' title='bbox 2080 5218 2208 5285; x_wconf 77' lang='lat' dir='ltr'><strong>ipse,</strong></span> <span class='ocrx_word' id='word_1_919' title='bbox 2239 5230 2422 5267; x_wconf 82' lang='lat' dir='ltr'><strong>omnes</strong></span> <span class='ocrx_word' id='word_1_920' title='bbox 2449 5224 2620 5266; x_wconf 82' lang='lat' dir='ltr'><strong>tamen</strong></span> <span class='ocrx_word' id='word_1_921' title='bbox 2651 5212 2737 5282; x_wconf 84' lang='lat' dir='ltr'><strong>qui</strong></span> <span class='ocrx_word' id='word_1_922' title='bbox 2764 5226 2829 5267; x_wconf 81' lang='lat' dir='ltr'><strong>ex</strong></span> <span class='ocrx_word' id='word_1_923' title='bbox 2858 5212 2991 5280; x_wconf 63' lang='lat' dir='ltr'><strong>ipso,</strong></span> <span class='ocrx_word' id='word_1_924' title='bbox 3023 5213 3159 5266; x_wconf 79' lang='lat' dir='ltr'><strong>servi</strong></span> <span class='ocrx_word' id='word_1_925' title='bbox 3193 5213 3310 5268; x_wconf 89' lang='lat' dir='ltr'><strong>facti</strong></span> <span class='ocrx_word' id='word_1_926' title='bbox 3339 5226 3458 5268; x_wconf 91' lang='lat' dir='ltr'><strong>sunt</strong></span> <span class='ocrx_word' id='word_1_927' title='bbox 3483 5233 3494 5269; x_wconf 90' lang='lat'>:</span> <span class='ocrx_word' id='word_1_928' title='bbox 3520 5219 3645 5287; x_wconf 79' lang='lat' dir='ltr'><strong>quid</strong></span> 
     </span>
    </p>
   </div>
   <div class='ocr_carea' id='block_1_118' title="bbox 2079 5303 3644 5378">
    <p class='ocr_par' dir='ltr' id='par_1_118' title="bbox 2079 5303 3644 5378">
     <span class='ocr_line' id='line_1_118' title="bbox 2079 5303 3644 5378; baseline 0.004 -19"><span class='ocrx_word' id='word_1_929' title='bbox 2079 5309 2338 5378; x_wconf 83' lang='lat' dir='ltr'><strong>patientur</strong></span> <span class='ocrx_word' id='word_1_930' title='bbox 2361 5307 2447 5376; x_wconf 88' lang='lat' dir='ltr'><strong>qui</strong></span> <span class='ocrx_word' id='word_1_931' title='bbox 2477 5313 2686 5374; x_wconf 85' lang='lat' dir='ltr'><strong>peccata</strong></span> <span class='ocrx_word' id='word_1_932' title='bbox 2715 5303 2931 5357; x_wconf 79' lang='lat' dir='ltr'><strong>fratrum</strong></span> <span class='ocrx_word' id='word_1_933' title='bbox 2963 5304 3226 5372; x_wconf 86' lang='lat' dir='ltr'><strong>evulgant,</strong></span> <span class='ocrx_word' id='word_1_934' title='bbox 3259 5317 3310 5359; x_wconf 87' lang='lat' dir='ltr'><strong>et</strong></span> <span class='ocrx_word' id='word_1_935' title='bbox 3339 5324 3442 5360; x_wconf 84' lang='lat' dir='ltr'><strong>non</strong></span> <span class='ocrx_word' id='word_1_936' title='bbox 3474 5311 3644 5365; x_wconf 84' lang='lat' dir='ltr'><strong>solum</strong></span> 
     </span>
    </p>
   </div>
   <div class='ocr_carea' id='block_1_119' title="bbox 2077 5392 3647 5464">
    <p class='ocr_par' dir='ltr' id='par_1_119' title="bbox 2077 5392 3647 5464">
     <span class='ocr_line' id='line_1_119' title="bbox 2077 5392 3647 5464; baseline 0.001 -14"><span class='ocrx_word' id='word_1_937' title='bbox 2077 5414 2182 5453; x_wconf 93' lang='lat' dir='ltr'><strong>non</strong></span> <span class='ocrx_word' id='word_1_938' title='bbox 2213 5405 2496 5463; x_wconf 70' lang='lat' dir='ltr'><strong>contegunt</strong></span> <span class='ocrx_word' id='word_1_939' title='bbox 2526 5403 2579 5447; x_wconf 92' lang='lat' dir='ltr'><strong>et</strong></span> <span class='ocrx_word' id='word_1_940' title='bbox 2616 5402 2886 5454; x_wconf 81' lang='lat' dir='ltr'><strong>excusant,</strong></span> <span class='ocrx_word' id='word_1_941' title='bbox 2931 5392 3020 5445; x_wconf 86' lang='lat' dir='ltr'><strong>sed</strong></span> <span class='ocrx_word' id='word_1_942' title='bbox 3070 5395 3234 5461; x_wconf 82' lang='lat' dir='ltr'><strong>magis</strong></span> <span class='ocrx_word' id='word_1_943' title='bbox 3277 5411 3337 5448; x_wconf 82' lang='lat' dir='ltr'><strong>ea</strong></span> <span class='ocrx_word' id='word_1_944' title='bbox 3371 5399 3537 5464; x_wconf 89' lang='lat' dir='ltr'><strong>palam</strong></span> <span class='ocrx_word' id='word_1_945' title='bbox 3574 5401 3647 5452; x_wconf 85' lang='lat' dir='ltr'><strong>fa-</strong></span> 
     </span>
    </p>
   </div>
   <div class='ocr_carea' id='block_1_120' title="bbox 2076 5483 3644 5555">
    <p class='ocr_par' dir='ltr' id='par_1_120' title="bbox 2076 5483 3644 5555">
     <span class='ocr_line' id='line_1_120' title="bbox 2076 5483 3644 5555; baseline -0.006 -10"><span class='ocrx_word' id='word_1_946' title='bbox 2076 5490 2242 5554; x_wconf 86' lang='lat' dir='ltr'><strong>ciunt,</strong></span> <span class='ocrx_word' id='word_1_947' title='bbox 2277 5489 2544 5555; x_wconf 88' lang='lat' dir='ltr'><strong>multaque</strong></span> <span class='ocrx_word' id='word_1_948' title='bbox 2571 5500 2632 5539; x_wconf 79' lang='lat' dir='ltr'><strong>ex</strong></span> <span class='ocrx_word' id='word_1_949' title='bbox 2677 5483 2775 5536; x_wconf 86' lang='lat' dir='ltr'><strong>hoc</strong></span> <span class='ocrx_word' id='word_1_950' title='bbox 2804 5494 3090 5551; x_wconf 85' lang='lat' dir='ltr'><strong>operantur</strong></span> <span class='ocrx_word' id='word_1_951' title='bbox 3133 5487 3382 5552; x_wconf 83' lang='lat' dir='ltr'><strong>peccata?</strong></span> <span class='ocrx_word' id='word_1_952' title='bbox 3424 5489 3644 5553; x_wconf 80' lang='lat' dir='ltr'><strong>Quando</strong></span> 
     </span>
    </p>
   </div>
   <div class='ocr_carea' id='block_1_121' title="bbox 2074 5575 3640 5644">
    <p class='ocr_par' dir='ltr' id='par_1_121' title="bbox 2074 5575 3640 5644">
     <span class='ocr_line' id='line_1_121' title="bbox 2074 5575 3640 5644; baseline -0.005 -7"><span class='ocrx_word' id='word_1_953' title='bbox 2074 5583 2214 5637; x_wconf 91' lang='lat' dir='ltr'><strong>enim</strong></span> <span class='ocrx_word' id='word_1_954' title='bbox 2260 5579 2434 5633; x_wconf 89' lang='lat' dir='ltr'><strong>fratris</strong></span> <span class='ocrx_word' id='word_1_955' title='bbox 2485 5584 2755 5632; x_wconf 86' lang='lat' dir='ltr'><strong>ueccatum</strong></span> <span class='ocrx_word' id='word_1_956' title='bbox 2803 5575 3047 5644; x_wconf 78' lang='lat' dir='ltr'><strong>cvulgas,</strong></span> <span class='ocrx_word' id='word_1_957' title='bbox 3094 5592 3196 5630; x_wconf 83' lang='lat' dir='ltr'><strong>non</strong></span> <span class='ocrx_word' id='word_1_958' title='bbox 3248 5578 3391 5631; x_wconf 91' lang='lat' dir='ltr'><strong>illum</strong></span> <span class='ocrx_word' id='word_1_959' title='bbox 3431 5585 3640 5630; x_wconf 88' lang='lat' dir='ltr'><strong>tantum</strong></span> 
     </span>
    </p>
   </div>
  </div>
