4102 6204
496 334 982 407 ignominiosiorem
1009 330 1157 397 facis,
1185 340 1239 386 et
1265 330 1567 400 segniorem
1605 328 1740 384 forte
1769 330 1836 383 ad
1868 330 2076 385 virtutis

495 415 635 484 viam
666 425 1028 497 repetendam,
1060 424 1153 479 sed
1182 431 1240 478 et
1276 438 1371 478 eos
1394 424 1481 493 qui
1509 421 1764 487 audiunt,
1804 422 2078 492 negligen-

495 523 656 577 tiores
700 518 917 584 reddis,
964 526 1019 572 et
1057 517 1121 570 ad
1154 515 1452 571 socordiam
1485 515 1727 569 inducis:
1761 530 1932 585 neque
1974 513 2076 570 boc

491 612 687 673 solum,
733 608 827 665 sed
870 608 1028 662 etiam
1076 607 1127 660 id
1173 604 1345 663 efﬁcis
1390 615 1445 659 nt
1493 606 1628 659 lleus
1658 603 2070 674 blasphemctur.

497 698 635 754 lstud
658 702 837 753 autem
857 708 1115 767 quantum
1139 696 1294 750 affert
1317 694 1635 763 supplicium
1660 694 1723 747 iis
1742 694 1831 763 qui
1859 708 2073 747 causam

492 791 733 860 pnebent
751 830 767 855 ,
798 803 958 844 nemo
981 795 1066 842 est
1086 786 1174 857 qui
1204 787 1431 856 ignoret.
1462 784 1745 854 Fugiamus
1773 783 1950 853 igitur,
1980 781 2077 837 ob-

491 895 670 945 secro,
700 894 882 935 mores
898 868 1097 943 'Cham,
1127 877 1395 931 imitemur
1423 885 1598 929 autem
1625 875 1912 944 proborum
1953 874 2074 927 illo-

488 988 609 1027 rum
638 971 866 1027 filiorum
893 968 1170 1038 pudorem,
1200 981 1358 1037 quem
1385 966 1437 1021 in
1466 965 1796 1034 contegenda
1841 964 2074 1034 parentis

489 1064 729 1119 nuditate
752 1062 1091 1117 declararunt
1129 1078 1145 1116 :
1172 1070 1227 1114 et
1253 1060 1322 1113 ita
1350 1060 1663 1128 obtegamus
1700 1057 1919 1111 fratrum
1949 1070 2072 1125 pec-

487 1165 626 1218 cata,
656 1169 761 1209 nou
808 1162 866 1207 ut
908 1152 1053 1221 ipsos
1080 1149 1493 1221 negligetttiores
1519 1163 1614 1217 per
1640 1146 1740 1202 hoc
1762 1145 2069 1210 reddamus,

487 1244 582 1300 sed
609 1252 668 1298 ut
695 1243 793 1297 liae
823 1244 1028 1297 ratione
1057 1240 1314 1309 majorem
1346 1239 1449 1293 illis
1474 1237 1808 1292 occasionem
1832 1236 2068 1306 prtebea-

487 1351 628 1401 mus,
659 1343 716 1389 ut
742 1335 851 1388 cito
881 1333 949 1387 ab
981 1333 1079 1387 hac
1108 1329 1339 1401 pernicie
1368 1329 1678 1392 liberentur,
1711 1327 1834 1382 etin
1864 1326 2073 1381 virtutis

484 1427 625 1479 viam
656 1424 893 1479 redeant.
939 1421 1070 1476 Nam
1094 1423 1234 1475 sicut
1270 1435 1373 1474 non
1402 1418 1598 1473 multos
1629 1416 1825 1472 habere
1844 1415 2071 1471 delicto-

483 1531 603 1571 rum
646 1522 811 1569 testes
849 1511 1180 1582 resipiscenti
1223 1509 1515 1564 faciliorem
1556 1507 1786 1563 reditum
1817 1505 2021 1577 praebet
2052 1522 2068 1560 :

480 1606 559 1660 sic
578 1646 592 1670 ,
620 1604 666 1660 si
695 1603 923 1659 frontem
954 1599 1289 1671 perfricuerit
1316 1598 1549 1663 animus,
1579 1605 1636 1653 et
1673 1596 1864 1652 viderit
1895 1596 2070 1651 nenti-

481 1710 604 1750 nem
622 1696 865 1764 ignorare
883 1708 1002 1763 qua:
1024 1691 1162 1746 mala
1184 1689 1479 1753 admiserit,
1497 1704 1603 1755 non
1634 1686 1787 1742 facile
1801 1687 2071 1742 desistere

483 1788 665 1843 volet:
702 1787 796 1843 sed
821 1785 972 1857 quasi
1001 1785 1056 1839 in
1094 1781 1415 1854 profundum
1443 1781 1614 1835 lutum
1659 1780 1970 1844 incidisset,
2016 1785 2072 1833 et

481 1879 732 1935 deorsum
763 1877 832 1933 ab
862 1875 1156 1932 innumeris
1199 1882 1480 1945 raperetur
1524 1872 1810 1938 fluetibus,
1856 1870 2071 1927 difticile

482 1987 761 2041 emergere
790 1970 1026 2041 poterit:
1071 1967 1124 2022 in
1153 1964 1583 2037 desperationem
1625 1962 1770 2020 enim
1808 1962 1984 2030 cadit,
2014 1971 2071 2019 et

482 2064 688 2119 nullum
719 2063 818 2118 sibi
847 2061 1073 2117 reditum
1110 2058 1386 2129 promittit.

550 2160 605 2214 5.
649 2157 887 2219 Idcirco,
939 2167 1127 2223 precor
1150 2192 1165 2218 ,
1217 2166 1286 2205 ne
1334 2150 1644 2219 delegamus
1704 2148 2066 2218 proximorum

479 2251 680 2319 lapsus,
704 2256 759 2302 et
787 2248 830 2301 si
857 2245 925 2299 ab
940 2245 1058 2300 aliis
1083 2259 1177 2299 eos
1205 2242 1569 2306 didicerimus,
1600 2256 1669 2297 ne
1683 2250 1985 2311 satagamus
2011 2248 2069 2294 ut

480 2340 693 2397 auditas
718 2338 958 2391 videatur
990 2352 1003 2389 :
1036 2335 1129 2390 sed
1155 2334 1292 2389 sicut
1316 2331 1471 2403 probi
1501 2331 1578 2386 illi
1604 2330 1696 2386 filii
1726 2330 2062 2401 obtegamus,

478 2432 876 2495 adumbremus,
894 2426 1257 2482 admonitione
1281 2434 1336 2481 et
1354 2424 1590 2480 consiliis
1607 2424 1808 2494 lapsam
1833 2422 2066 2475 animam

479 2523 685 2594 erigere
728 2520 1053 2584 Studeamus,
1101 2515 1483 2572 misericordia:
1512 2513 1606 2569 Dei
1649 2510 2066 2583 magnitudinem

479 2614 752 2678 docentes,
795 2618 850 2665 et
892 2609 1142 2665 bonitatis
1187 2606 1304 2677 ejus
1344 2603 1714 2660 excellentiam
1758 2610 1814 2658 et
1855 2601 2066 2658 miscri-

479 2708 675 2764 cordia:
721 2704 1150 2765 immensitatem,
1200 2709 1259 2755 ut
1287 2700 1542 2768 majorem
1590 2710 1749 2766 quam
1800 2695 1875 2750 illi
1903 2694 2066 2751 bene-

480 2802 764 2856 dictionem
790 2797 858 2852 ab
885 2796 1121 2850 omnium
1152 2793 1378 2848 Domino
1396 2804 1807 2860 consequamur,
1833 2788 1933 2855 Qui
1961 2787 2066 2842 vult

481 2908 651 2945 omnes
697 2888 922 2944 homines
966 2887 1132 2940 salvos
1161 2884 1294 2953 ﬁeri,
1339 2892 1386 2937 et
1419 2881 1487 2935 ad
1514 2881 1820 2951 agnitionem
1845 2879 2065 2934 veritatis

479 2981 647 3034 venire
681 2980 757 3049 (1.
780 2978 915 3032 Tim.
936 2979 993 3030 2.
1023 2978 1112 3045 4):
1137 2974 1224 3044 qui
1254 2989 1358 3028 non
1387 2972 1499 3026 vult
1523 2970 1739 3026 Mortem
1769 2970 2062 3042 peccatoris,

480 3072 570 3125 sed
601 3079 656 3124 ut
681 3078 998 3123 convertatur
1015 3078 1063 3121 et
1100 3067 1230 3120 vivnt
1259 3065 1472 3136 (Ezech.
1506 3065 1592 3120 18.
1617 3062 1736 3137 25).
1759 3062 1827 3117 Et
1856 3063 2063 3118 nudita-

481 3173 600 3229 tem,
648 3159 837 3233 inquit,
877 3158 1035 3228 patris
1073 3158 1155 3212 sui
1200 3173 1300 3211 non
1344 3157 1590 3209 viderunt.
1626 3154 1757 3210 Vide
1797 3154 2065 3225 quomodo

483 3268 579 3323 per
606 3252 776 3322 legem
805 3258 1004 3304 natum:
1033 3248 1250 3303 inditam
1281 3248 1426 3318 prius
1448 3255 1503 3302 et
1538 3247 1605 3302 ab
1634 3246 1786 3301 initio
1807 3246 2063 3317 impleve-

480 3353 605 3400 runt
631 3359 693 3400 ea
721 3360 838 3413 quze
868 3352 987 3412 post
1013 3341 1077 3397 ad
1119 3341 1467 3396 erudiendum
1499 3339 1785 3394 bumauum
1814 3353 1984 3410 genus
2011 3338 2061 3392 in

479 3438 594 3508 lege
617 3437 812 3506 scripta
844 3435 1056 3489 fuerunt
1088 3452 1099 3486 :
1128 3443 1184 3489 et
1209 3433 1260 3488 id
1290 3434 1430 3504 quod
1461 3433 1545 3488 lex
1571 3432 1781 3488 dicebat
1806 3450 1820 3486 :
1853 3431 2063 3486 Honora

478 3537 670 3598 patrem
697 3537 838 3580 tuum
881 3535 927 3579 et
971 3534 1183 3577 matrem
1228 3533 1389 3588 tuam,
1421 3531 1475 3575 ut
1505 3523 1626 3577 bene
1648 3522 1713 3576 sit
1747 3521 1837 3575 tibi
1862 3519 2060 3593 (Exod.

474 3617 567 3673 20.
601 3617 726 3688 12):
753 3626 826 3683 et,
860 3616 959 3681 Qui
997 3614 1247 3669 maledicit
1280 3613 1413 3686 patri
1446 3613 1522 3668 vel
1566 3613 1735 3679 matri,
1768 3622 1927 3667 morte
1950 3627 2063 3666 rno-

475 3710 639 3762 riatur
664 3705 770 3779 (Ib.
801 3705 1041 3773 2L”):
1092 3705 1193 3759 hoc
1230 3704 1341 3773 jam
1388 3704 1639 3773 Operibus
1686 3704 2059 3773 impleverunt.

480 3798 668 3852 Vidisti
698 3794 968 3866 quomodo
995 3804 1180 3849 natura
1202 3794 1349 3864 prius
1371 3791 1722 3849 sufficientem
1755 3792 1937 3847 habuit
1963 3793 2060 3849 do-

475 3893 741 3950 ctriuam?

548 3984 779 4038 Ebrietas
816 3981 1012 4036 dromon
1043 3977 1557 4035 voluntarium—24.
1586 3976 1852 4047 Evigilavit
1870 3986 2058 4043 autem,

478 4075 668 4145 inquit,
720 4072 836 4126 Noe
863 4090 895 4126 a
925 4072 1060 4139 vino,
1110 4082 1157 4125 et
1185 4070 1414 4142 cognovit
1455 4085 1569 4137 qua:
1595 4069 1783 4138 facerm
1806 4069 1898 4123 sibi
1924 4069 2062 4139 ﬁlius

466 4166 668 4237 junior.
718 4164 985 4235 Evigilavit
1032 4173 1195 4217 autem
1226 4204 1241 4228 ,
1292 4162 1481 4232 inquit.
1528 4161 1760 4215 Audiaut
1801 4161 1890 4231 qtti
1920 4161 2061 4216 totis
2107 4189 2114 4195 ~

472 4258 664 4313 'diebus
705 4258 756 4310 in
787 4255 1043 4310 conviviis
1087 4263 1365 4307 versantur
1403 4253 1581 4322 lapsus
1608 4256 1944 4321 gravitatem,
1974 4251 2059 4307 fu-

475 4348 727 4416 giantque
768 4343 907 4413 quod
959 4358 1022 4396 ex
1068 4340 1325 4395 ebrietate
1349 4351 1429 4395 est
1451 4342 1723 4394 damnum.
1772 4341 1869 4396 Sui
1893 4349 2059 4395 autem

473 4438 641 4508 [actus
686 4450 908 4504 compos,
952 4431 1140 4502 inquit.
1170 4430 1303 4498 Quid
1333 4440 1435 4494 est,
1480 4430 1578 4486 Sui
1605 4434 1769 4503 [actus
1813 4432 2061 4501 compos?

479 4527 534 4582 Id
549 4525 688 4596 quod
708 4538 803 4579 nos
819 4525 1028 4578 discere
1051 4523 1286 4577 Solemus
1300 4521 1366 4576 de
1383 4522 1613 4589 furiosis,
1632 4523 1674 4577 si
1693 4522 1903 4593 quando
1915 4523 1981 4576 ad
1998 4538 2058 4578 se

476 4616 696 4672 redeant
724 4631 738 4667 :
774 4614 867 4669 Hic
895 4628 924 4667 a
952 4613 1195 4668 dtemone
1222 4622 1499 4683 correptus
1519 4614 1600 4667 sui
1623 4627 1843 4683 compos
1866 4613 2053 4678 factus,

475 4720 530 4763 et
555 4707 624 4761 ab
664 4705 804 4760 illius
835 4703 1113 4776 tyrannide
1144 4703 1395 4759 liberatus
1437 4714 1520 4759 est
1551 4721 1564 4757 :
1598 4704 1647 4759 id
1689 4705 1788 4759 sibi
1818 4705 1932 4758 vult
1958 4705 2058 4761 hoc

472 4796 594 4856 loco
635 4798 928 4868 Scriptura.
980 4796 1116 4853 Vere
1162 4797 1303 4852 enim
1350 4797 1579 4852 ebrietas
1622 4797 1951 4852 voluntarius
1974 4807 2057 4854 est

475 4892 708 4955 dtemon,
734 4901 784 4944 et
808 4891 1019 4961 gravius
1045 4906 1201 4960 quam
1227 4891 1435 4945 da-mon
1463 4900 1694 4945 mentem
1716 4890 2050 4957 ubtenebrat,

472 4994 525 5039 et
553 4992 765 5052 captum
814 4982 957 5036 omni
1005 4962 1371 5037 benevolentia
1419 4982 1678 5037 destituit.
1729 4983 1882 5052 Saepe
1911 4984 2052 5039 enim

475 5075 858 5130 d:etnoniacutn
881 5075 1119 5130 videntes
1145 5074 1504 5129 misericordia
1534 5090 1826 5142 movemur,
1851 5086 1903 5130 et
1927 5092 2055 5132 con-

471 5168 737 5233 dolemus,
786 5183 1134 5238 magnamque
1180 5181 1303 5236 erga
1350 5167 1495 5222 illutn
1529 5168 2051 5239 commiseratiouem

476 5257 840 5325 declaramus;
888 5270 1072 5313 contra
1112 5269 1289 5312 autem
1316 5257 1536 5312 facimus
1566 5260 1705 5313 circa
1731 5260 1946 5315 ebrios:
1974 5261 2053 5314 in-

467 5334 930 5418 dignatnureuim,
960 5365 1096 5418 ωερε
1115 5348 1180 5404 fet
1194 5349 1352 5413 imus,
1377 5348 1652 5404 innutm-ra
1677 5350 2028 5418 impreeamur

470 5435 645 5504 Quare
674 5450 727 5494 et
750 5456 851 5509 qua
882 5440 949 5496 de
973 5441 1169 5495 causa?
1195 5441 1326 5506 Quia
1358 5441 1443 5495 ille
1465 5442 1551 5511 qui
1577 5456 1608 5495 a
1647 5441 1784 5495 malo
1808 5441 2050 5501 daemone

471 5530 718 5599 agitatur,
751 5530 1134 5587 involuntarius
1179 5543 1433 5602 operatur
1458 5546 1519 5586 ea
1547 5548 1664 5602 qua:
1691 5541 1960 5604 operatur,
1987 5550 2050 5591 ac

476 5619 602 5679 licet
641 5624 959 5692 recalcitret,
1006 5624 1127 5680 licet
1171 5633 1381 5696 rumpat
1424 5633 1646 5694 vestem,
1692 5635 1747 5682 et
1795 5625 2044 5683 obscmna

1256 216 1316 274 S.
1355 215 1634 273 JOANNIS
1669 215 2138 273 CHRYSOSTOMI
2176 217 2493 276 ARCfllEP.
2531 219 3065 279 CONSTANTINOP.

3665 231 3776 290 963

2183 331 2445 401 quaepiam
2494 332 2760 401 loquatur,
2810 335 2965 390 venia
3008 335 3199 408 dignus
3239 347 3531 396 censetur:
3582 353 3637 397 at
3680 347 3775 415 qui

2181 421 2360 476 ebrius
2400 430 2505 489 est,
2550 423 2803 493 quidquid
2846 426 3055 491 fecerit,
3101 441 3206 482 non
3236 439 3318 483 est
3344 430 3494 485 venia
3532 431 3725 503 dignus
3755 454 3774 491 :

2179 511 2274 566 sed
2317 520 2372 567 et
2416 513 2568 568 valde
2613 514 2854 570 incusant
2897 516 3043 571 illum
3072 518 3376 584 familiares,
3404 523 3583 589 amici,
3610 537 3667 580 et
3692 527 3778 579 vi-

2179 603 2307 669 ciui,
2336 614 2389 660 et
2419 606 2470 660 in
2497 621 2704 662 summa
2733 622 2953 672 omnes;
2998 611 3119 679 quia
3150 621 3353 680 sponte.
3385 623 3439 668 et
3468 615 3780 673 Voluntaria

2182 692 2233 747 in
2277 693 2414 750 hanc
2466 696 2757 765 nequitiam
2805 699 3033 763 transiit,
3078 709 3133 754 et
3177 702 3451 758 ebrietatis
3502 709 3778 777 tyrannidi

2178 782 2411 852 seipsum
2441 784 2662 842 dedidit.
2694 789 2756 841 Et
2778 787 2891 842 haec
2913 789 3033 844 dico
3057 805 3161 844 non
3190 803 3246 845 ut
3286 792 3486 862 justum
3511 797 3779 852 incusem:

2178 876 2343 930 multa
2387 879 2531 932 enim
2578 889 2732 934 erant
2775 892 2993 950 propter
3020 898 3138 952 qtae
3167 884 3239 939 illi
3272 888 3422 940 venia
3451 888 3779 955 debebatur,

2177 976 2233 1020 et
2275 982 2396 1021 cum
2444 969 2646 1037 primis,
2677 971 2818 1041 quod
2868 987 2973 1026 non
3008 972 3060 1027 in
3091 974 3142 1027 id
3174 976 3283 1029 vitii
3314 986 3495 1045 postea
3525 980 3781 1049 relapsus

2178 1066 2280 1120 est,
2324 1057 2372 1113 id
2399 1059 2540 1128 quod
2582 1062 2868 1115 maximum
2896 1062 3055 1118 fuerit
3084 1064 3337 1121 indicium
3362 1084 3485 1122 eum
3514 1086 3577 1123 ex
3611 1070 3784 1139 igno-

2177 1150 2368 1211 rantia,
2416 1164 2519 1204 non
2568 1166 2634 1205 ex
2681 1152 2993 1221 negligentia
3039 1156 3186 1223 prius
3216 1157 3527 1226 deliquisse.
3560 1160 3690 1213 Nam
3721 1162 3777 1215 si

2178 1235 2279 1291 hoc
2301 1236 2482 1293 fuisset
2515 1241 2869 1310 negligentiae,
2898 1245 3176 1313 oportebat
3204 1262 3324 1300 eum
3353 1250 3546 1303 iterum
3575 1250 3775 1305 eodem

2178 1327 2367 1381 morbo
2398 1329 2558 1398 capi:
2588 1330 2638 1384 id
2683 1332 2822 1400 quod
2871 1348 2975 1387 non
3018 1337 3219 1391 evenit.
3261 1337 3390 1392 Nam
3436 1341 3480 1393 si
3508 1340 3688 1394 denuo
3717 1343 3773 1396 id

2175 1418 2479 1488 accidisset,
2531 1421 2801 1493 Scriptura
2846 1426 3027 1495 utique
3074 1442 3177 1481 non
3208 1429 3540 1497 obticuisset,
3572 1436 3667 1487 sed
3694 1437 3773 1488 si-

2173 1508 2480 1578 gniﬁcasset
2508 1511 2680 1566 nobis.
2709 1513 2857 1569 Unus
2880 1516 3022 1569 enim
3046 1530 3236 1587 scopus
3257 1527 3313 1572 et
3342 1522 3603 1576 terminus
3620 1523 3773 1579 Scri-

2176 1608 2343 1669 pturte
2390 1601 2584 1656 divina:
2622 1613 2724 1665 est,
2755 1620 2821 1659 ne
2849 1605 2975 1675 quid
3017 1606 3277 1663 factorum
3308 1611 3642 1679 intermittat,
3673 1616 3769 1670 sed

2177 1693 2454 1748 veritatem
2502 1709 2601 1750 nos
2638 1696 2844 1752 doceat.
2877 1698 3060 1768 Neque
3087 1700 3229 1755 enim
3275 1715 3496 1772 propter
3514 1706 3767 1761 invidiam

2168 1782 2438 1854 justorum
2494 1786 2716 1842 virtutes
2772 1791 3028 1858 praeterit,
3060 1806 3232 1861 neque
3273 1802 3491 1863 propter
3539 1797 3768 1865 gratiam

2175 1883 2391 1945 peccata
2418 1875 2698 1932 adumbrat
2726 1896 2741 1934 :
2768 1878 2864 1935 sed
2903 1882 3079 1935 omnia
3114 1882 3169 1937 in
3198 1883 3431 1937 medium
3465 1885 3617 1940 nobis
3641 1902 3769 1955 pro-

2173 1967 2340 2036 ponit,
2370 1977 2427 2022 ut
2447 1970 2682 2039 regulam
2708 1979 2762 2026 et
2798 1970 3094 2028 doctrinam
3123 1975 3407 2045 quamdam
3448 1976 3762 2047 habeamus,

2172 2066 2226 2114 et
2267 2066 2326 2113 ut
2375 2059 2421 2113 si
2449 2061 2662 2130 quando
2689 2063 2850 2117 etiam
2882 2079 2980 2119 nos
3008 2080 3103 2134 per
3125 2067 3428 2123 socordiam
3457 2071 3510 2125 in
3536 2070 3665 2140 quid
3688 2074 3767 2126 vi-

2172 2149 2230 2204 tii
2284 2149 2652 2220 incideriutus,
2701 2154 2969 2211 cautiores
3017 2157 3185 2211 simus
3231 2168 3436 2227 postea,
3482 2175 3550 2216 ne
3585 2161 3767 2217 denuo

2171 2239 2487 2298 incidamus.
2518 2242 2699 2314 Neque
2723 2247 2865 2302 enim
2892 2255 2999 2302 tam
3020 2264 3186 2318 grave
3207 2259 3290 2305 est
3318 2267 3562 2321 peccare,
3597 2269 3759 2324 quam

2171 2324 2225 2380 in
2270 2329 2502 2397 peccatis
2549 2344 2914 2398 perseverare.
2964 2333 3146 2405 Itaque
3185 2349 3291 2390 non
3319 2337 3535 2393 attende
3578 2340 3755 2396 solum

2170 2418 2312 2488 quod
2344 2418 2633 2476 inebriatus
2673 2422 2743 2477 sit
2781 2423 2990 2493 justus,
3028 2424 3122 2480 sed
3152 2426 3293 2496 quod
3323 2439 3508 2497 postea
3536 2445 3639 2485 non
3662 2431 3764 2487 ite-

2168 2522 2286 2562 rum
2318 2507 2421 2564 boe
2447 2509 2496 2564 ei
2538 2511 2813 2568 acciderit.
2863 2513 2997 2568 Illud
3040 2530 3166 2570 vero
3194 2518 3518 2588 considera,
3547 2535 3640 2576 eos
3669 2522 3762 2592 qui

2172 2598 2224 2653 in
2271 2600 2504 2657 tabernis
2536 2603 2751 2658 vinariis
2787 2598 3024 2674 qu0tidie
3050 2606 3437 2664 censumuntur
3459 2653 3476 2677 ,
3506 2621 3562 2667 et
3592 2614 3765 2669 ferme

2168 2687 2413 2757 dixerim,
2428 2692 2663 2761 quotidie
2681 2697 2979 2750 moriuntur
3002 2714 3015 2750 :
3034 2699 3241 2754 etiamsi
3267 2700 3483 2769 quando
3507 2703 3588 2758 sui
3611 2718 3764 2759 cotu-

2170 2788 2320 2847 potes
2361 2779 2558 2835 fuerint
2601 2781 2762 2847 facti,
2797 2801 2968 2855 neque
2989 2788 3065 2842 sic
3110 2789 3210 2842 sibi
3251 2802 3438 2846 cavent
3471 2793 3540 2847 ab
3565 2794 3758 2850 eodem

2170 2869 2406 2937 periculo
2424 2909 2441 2936 ,
2470 2872 2563 2926 sed
2592 2875 2742 2942 quasi
2778 2875 2843 2928 ad
2875 2893 3011 2946 opus
3040 2879 3307 2948 quoddam
3336 2891 3612 2938 strenuum
3641 2886 3762 2941 red-

2166 2968 2314 3015 eunt.
2362 2960 2579 3033 Insuper
2634 2973 2691 3018 et
2737 2965 2836 3020 hoc
2890 2969 3009 3037 quis
3044 2969 3168 3038 jure
3206 2973 3493 3042 cogitabit,
3550 2976 3755 3044 justum

2169 3048 2337 3115 illum,
2384 3054 2483 3106 etsi
2525 3054 2665 3122 quo]
2698 3070 2801 3109 non
2843 3068 3093 3127 expertus
3133 3070 3296 3126 esset,
3330 3078 3428 3118 nec
3467 3066 3627 3120 sciret
3650 3083 3760 3137 qua

2168 3152 2419 3195 mensura
2455 3152 2601 3196 esset
2622 3144 2872 3200 utendum
2893 3189 2909 3213 ,
2941 3148 3230 3205 inebriatus
3248 3151 3350 3218 sit;
3381 3162 3613 3219 attamen
3637 3172 3759 3214 cum

2163 3227 2343 3298 justus
2371 3241 2532 3297 esset,
2582 3243 2636 3289 et
2676 3236 2855 3291 multis
2881 3237 3033 3294 bonis
3076 3241 3296 3310 polleret
3336 3247 3605 3314 operibus,
3638 3263 3760 3317 pec-

2165 3330 2364 3387 catum,
2420 3325 2559 3394 quod
2609 3341 2734 3381 casu
2771 3332 2969 3397 evenit,
3028 3332 3277 3403 obtegere
3331 3338 3612 3404 potuisse:
3660 3356 3759 3396 nos

2165 3419 2341 3465 autem
2383 3428 2502 3468 cum
2536 3415 2913 3475 abinnumeris
2960 3422 3078 3477 aliis
3131 3424 3501 3482 affectionibus
3539 3430 3644 3485 infe
3673 3440 3757 3487 te-

2165 3524 2305 3578 mur,
2346 3522 2400 3567 et
2443 3511 2541 3568 hoc
2581 3513 2860 3582 addamus,
2892 3526 2947 3571 ut
2976 3527 3027 3571 et
3056 3518 3124 3571 ab
3157 3520 3414 3577 ebrietate
3442 3524 3753 3595 submerga-

2167 3617 2304 3665 mur,
2356 3603 2480 3673 quid
2525 3606 2836 3660 excusabit?
2868 3608 2949 3662 vel
2986 3609 3126 3678 quis,
3158 3609 3262 3673 dic.
3292 3626 3411 3679 oro,
3445 3630 3541 3668 nos
3567 3616 3754 3685 digna-

2165 3692 2305 3748 bitur
2328 3696 2500 3773 venia,
2525 3712 2659 3767 quos
2687 3699 2828 3753 nulla
2857 3702 3183 3769 experientia
3212 3703 3334 3758 facit
3355 3708 3755 3777 castigatior-es'

2164 3781 2437 3855 Evigilavit
2476 3797 2642 3841 autem
2689 3787 2822 3854 Noe,
2869 3789 3059 3861 inquit,
3087 3809 3118 3844 a
3145 3793 3280 3857 vino,
3312 3805 3361 3848 et
3384 3801 3612 3867 cognovit
3636 3816 3751 3868 qua:

2165 3876 2279 3945 fecit
2298 3875 2395 3930 sibi
2412 3878 2554 3946 ﬁlius
2572 3895 2692 3934 suus
2706 3880 2906 3950 junior.
2924 3882 3073 3938 Unde
3092 3888 3371 3954 cognovit?
3387 3887 3546 3945 Forte
3565 3891 3751 3948 fratres

2163 3967 2615 4038 significaverunt,
2661 3987 2766 4027 non
2798 3985 2854 4028 ιιι
2895 3972 3110 4030 fratrem
3140 3991 3474 4045 accusarent,
3507 3984 3600 4038 sed
3637 4001 3747 4039 rem

2165 4069 2221 4113 ut
2251 4061 2384 4116 facta
2409 4070 2524 4117 erat
2551 4063 2824 4132 docentes,
2873 4075 2930 4119 ut
2956 4069 3277 4124 conveniens
3304 4071 3394 4126 ille
3418 4090 3518 4128 suo
3548 4077 3748 4132 vulneri

2163 4152 2458 4207 remedium
2507 4154 2790 4224 acciperet.
2836 4155 2906 4211 Et
2952 4161 3200 4230 cognovit,
3246 4163 3435 4233 inquit,
3481 4166 3595 4221 Noe
3611 4185 3748 4235 qure-

2162 4257 2374 4313 cumque
2413 4245 2599 4312 fecerat
2643 4247 2741 4301 sibi
2767 4247 2907 4315 ﬁlius
2931 4265 3052 4303 suus
3068 4250 3266 4320 jnnior.
3298 4252 3435 4319 Qttid
3461 4266 3562 4322 est,
3592 4257 3745 4324 Quie-

2162 4352 2369 4405 cumque
2395 4338 2622 4407 fecerat?
2653 4339 2893 4409 Magnam
2923 4351 2977 4396 et
3014 4342 3400 4399 intolerabilem
3429 4362 3539 4401 rem
3566 4350 3746 4406 dicere

2167 4428 2297 4481 vult.
2329 4428 2705 4484 Animadverte
2729 4430 2870 4484 enim
2901 4432 3166 4500 quomodo
3190 4434 3332 4488 intus
3362 4436 3415 4490 in
3447 4436 3605 4491 domo
3632 4439 3746 4495 visa

2162 4518 2328 4587 patris
2359 4519 2703 4588 turpitudine,
2731 4536 2852 4576 cum
2895 4522 3165 4578 debuisset
3202 4526 3473 4596 obtegere,
3501 4544 3747 4599 egressus

2161 4610 2442 4678 evolgavit,
2471 4619 2523 4664 et
2550 4612 2680 4666 risui
2709 4621 2867 4682 atque
2889 4613 3285 4671 subsannationi
3316 4626 3542 4688 patrem,
3577 4636 3748 4691 quau-

2162 4707 2271 4753 tutn
2303 4700 2354 4753 in
2381 4699 2496 4768 ipso
2523 4712 2657 4767 erat,
2688 4703 2959 4773 exposuit,
2990 4703 3284 4776 fratresque
3313 4722 3487 4776 praue
3511 4726 3621 4765 sua:
3646 4727 3746 4766 vo-

2161 4789 2374 4845 luntatis
2400 4792 2572 4847 socios
2601 4806 2719 4848 esse
2742 4794 2939 4848 voluit:
2960 4811 3078 4850 cum
3101 4799 3442 4865 oportuisset,
3461 4801 3503 4854 si
3525 4802 3746 4856 omnino

2160 4882 2496 4939 mintiatnrns
2538 4895 2672 4951 erat,
2716 4884 2834 4940 illos
2868 4887 3003 4941 intra
3053 4872 3270 4943 domum
3316 4905 3531 4956 vocare,
3582 4903 3636 4948 et
3662 4895 3744 4948 sic

2161 4970 2452 5027 nuditatem
2479 4974 2630 5028 effari
2662 4993 2676 5025 :
2704 4975 2798 5030 sed
2829 4977 2941 5045 ipse
2973 4977 3113 5033 foras
3138 4979 3294 5047 exiit,
3325 4981 3617 5038 nuditatem
3644 4985 3745 5051 de:

2157 5059 2398 5128 claravit,
2445 5064 2595 5134 quasi
2631 5066 2789 5120 etiam
2838 5066 2937 5122 alia
2976 5068 3189 5125 adesset
3237 5071 3387 5125 turba
3442 5073 3741 5141 botuiuum,

2156 5167 2290 5222 quos
2313 5155 2471 5209 etiam
2498 5154 2733 5210 facturus
2753 5155 2894 5213 esset
2924 5170 3156 5227 paterme
3179 5161 3515 5230 turpitudinis
3536 5171 3699 5217 testes
3724 5181 3743 5219 :

2158 5257 2375 5315 promer
2417 5249 2516 5303 hoc
2561 5248 2747 5319 inquit,
2784 5250 2911 5318 Qum
2935 5255 3151 5321 fecerat;
3181 5253 3230 5307 id
3260 5264 3361 5320 est,
3393 5256 3743 5310 contumelio-

2156 5352 2247 5391 sus
2273 5337 2408 5407 patri
2432 5338 2545 5403 fuit,
2576 5340 2771 5394 oblitus
2798 5349 2880 5394 est
2908 5341 3125 5396 honoris
3153 5358 3308 5413 quem
3333 5344 3526 5398 debent
3549 5359 3743 5410 paron.

2157 5428 2295 5482 tibus
2324 5428 2436 5492 filii,
2482 5430 2712 5499 prodidit
2751 5441 2984 5500 peccata,
3020 5432 3209 5487 fratri-3
3232 5433 3393 5487 voluit
3421 5434 3656 5498 allicere,
3682 5446 3743 5491 et

2155 5519 2328 5575 socios
2354 5522 2527 5576 facere
2549 5537 2659 5576 sure
2680 5524 3034 5577 eontumelize.
3063 5524 3188 5590 Qum
3203 5525 3388 5594 fecerat
3408 5524 3518 5589 sibi,
3545 5525 3738 5594 inquit,

2156 5610 2293 5679 [ilius
2338 5628 2459 5667 suus
2497 5612 2684 5679 iunior.
2715 5615 2870 5684 Atqui
2904 5630 3006 5669 non
3034 5613 3120 5669 hic
3145 5624 3259 5670 erat
3292 5617 3505 5685 juniur;
3537 5630 3738 5673 secun-
