4102 6204
289 293 394 351 267

285 403 548 459 ἀπόνοιαν
579 415 603 442 ο
631 402 887 474 ἦλειψας·
924 406 1018 459 καὶ
1064 407 1126 461 οὐ
1176 406 1339 462 τοῦτο
1390 409 1571 478 μόνον,
1603 408 1716 462 ἀλλ’
1740 407 1822 460 ὅτι
1855 405 1951 458 καὶ

287 490 727 560 βλασφημεῖσθαι
772 491 865 544 τὸν
893 492 1028 547 Θεὸν
1059 495 1498 566 παρεσκεύασας.
1530 494 1701 548 Τοῦτο
1729 494 1786 547 δέ
1823 494 1954 562 δσην

287 576 538 648 προξενεῖ
553 577 650 648 τὴν
683 577 902 632 κόλασιν
926 582 1037 644 τοῖς
1068 581 1170 653 τὴν
1192 583 1372 636 αἰτίαν
1402 581 1757 653 παρέχουσιν,
1779 578 1955 644 οὐδεὶς

285 664 490 732 ἀγνοεῖ.
511 662 775 734 Φύγωμεν
799 667 1002 732 τοίνυν,
1024 669 1344 740 παρακαλῶ,
1375 669 1470 724 τοῦ
1503 669 1632 740 Χάμ
1657 669 1747 722 τὸν
1769 667 1953 738 ζῆλον,

289 750 658 824 μιμησώμεθα
688 752 744 806 δέ
795 753 903 832 τῶν
942 755 1298 827 εὐγνωμόνων
1348 757 1553 812 τούτων
1605 756 1811 812 παίδων
1854 755 1954 826 τὴν

287 838 442 903 αίδῶ,
472 840 541 910 ἢν
567 840 696 912 περὶ
745 841 844 912 τὴν
896 841 1174 913 γύμνωσιν
1201 842 1296 897 τοῦ
1327 845 1531 916 πατρὸς
1573 844 1949 907 ἐπεδείξαντο·

286 928 380 982 καὶ
402 927 545 980 οὕτω
570 927 640 982 τά
673 927 778 981 τῶν
825 928 1070 998 ἀδελφῶν
1125 931 1505 1002 συσκιάζωμεν
1556 934 1950 1004 ἁμαρτήματα,

283 1013 383 1084 οὐχ
412 1013 499 1068 ἵνα
527 1015 607 1077 είς
640 1013 909 1086 ρᾳθυμίαν
935 1017 1133 1080 αὐτοὺς
1151 1018 1657 1091 παιδοτριϐήσωμεν
1675 1060 1690 1084 ,
1721 1018 1834 1072 ἀλλ’
1863 1020 1951 1074 ἴνα

281 1099 455 1171 ταύτῃ
492 1101 724 1170 μάλιστα
767 1102 988 1156 πλείονα
1044 1105 1226 1168 αὐτοῖς
1270 1106 1522 1178 ἀφορμὴν
1581 1106 1950 1179 παράσχωμεν

282 1187 377 1241 τοῦ
404 1187 613 1258 ταχέως
630 1188 726 1259 τῆς
758 1189 936 1260 λύμης
973 1191 1186 1262 ἐκείνης
1231 1193 1631 1265 ἀπαλλαγῆναι,
1696 1193 1784 1249 καὶ
1814 1194 1951 1265 πρὸς

281 1275 374 1328 τὸν
412 1275 510 1346 τῆς
539 1276 740 1346 ἀρετῆς
772 1277 970 1347 δρόμον
1005 1279 1337 1333 ἐπανελθεῖν.
1379 1281 1590 1353 Ὠσπερ
1631 1280 1740 1353 7&9
1779 1281 1838 1334 τὸ
1873 1281 1948 1352 μὴ

283 1361 510 1425 πολλοὺς
533 1361 676 1433 ἔχειν
722 1363 1006 1434 μάρτυρας
1039 1364 1148 1418 τῶν
1199 1366 1414 1420 οἰκείων
1461 1365 1948 1438 πλημμελημάτων

281 1448 655 1520 εὐκολωτέραν
693 1451 1092 1515 κατασκευάζει
1133 1450 1211 1522 τῷ
1256 1453 1480 1523 νήφοντι
1525 1453 1623 1524 τὴν
1653 1455 1946 1508 ἐπάνοδον·

279 1533 473 1596 οὕτως,
527 1535 746 1588 ἐπειδάν
779 1535 1159 1608 ἀπερυθριάτῃ
1206 1537 1373 1607 ψυχὴ,
1409 1539 1503 1592 καὶ
1536 1539 1618 1610 ἴδῃ
1649 1539 1732 1592 ὅτι
1758 1541 1947 1596 οὐδένα

279 1621 469 1691 λέληθε
493 1620 562 1673 τά
587 1622 796 1692 πονηρά
821 1622 1283 1694 διαπραττομένη,
1317 1625 1415 1677 οὐκ
1441 1625 1677 1685 εὐκόλως
1705 1628 1946 1699 ἀποστῆ-

277 1723 364 1759 ναι
391 1707 661 1775 ἀνέχεται,
689 1706 824 1760 ἀλλά
854 1707 1106 1779 καθάπερ
1134 1711 1215 1772 είς
1243 1710 1374 1780 ὓλην
1402 1711 1522 1764 τινά
1547 1712 1640 1764 καὶ
1661 1711 1821 1778 βυθὸν
1849 1716 1946 1785 ἐμ-

277 1792 540 1856 πεσοῦσα,
573 1793 668 1846 καὶ
689 1793 793 1846 ὑπὸ
830 1795 1040 1864 μυρίων
1091 1796 1348 1866 κυμάτων
1379 1796 1528 1850 κάτω
1562 1799 1942 1870 παρελκομένη

275 1879 546 1942 δυσκόλως
596 1879 885 1933 ἀνανεῦσαι
915 1880 1224 1952 δυνήσεται,
1267 1883 1346 1946 είς
1395 1883 1701 1952 ἀπόγνωσιν
1759 1885 1943 1940 λοιπὸν

277 1964 593 2035 ἐμπεσοῦσα
618 1965 866 2036 καὶπρὸς
895 1969 993 2038 τὴν
1023 1967 1279 2021 ἐπάνοδον
1307 1969 1746 2040 ἀπαγορεύουσα.

339 2058 408 2105 ε’.
430 2051 528 2104 Διά
551 2051 733 2115 τοῦτο,
759 2053 1084 2124 παρακαλῶ,
1121 2056 1256 2124 μήτε
1282 2056 1720 2126 ἐκπομπεύωμεν
1747 2057 1816 2110 τά
1837 2058 1945 2111 τῶν

277 2139 504 2209 πλησίον
535 2139 843 2209 σφάλματα,
875 2139 970 2191 κοιλ⁸
996 2139 1214 2192 ἐπειδᾶν
1243 2141 1372 2211 παρ’
1411 2140 1612 2212 ἐτέρων
1633 2142 1805 2195 ταῦτα
1837 2145 1944 2212 μά-

275 2224 478 2294 θωμεν,
502 2225 580 2295 μὴ
615 2223 962 2295 ἐπειγώμεθα
991 2223 1132 2277 ὥστε
1165 2227 1264 2296 τὴν
1293 2225 1574 2296 γύμνωσιν
1609 2227 1768 2280 ἰδεῖν·
1811 2228 1945 2282 ἀλλά

275 2310 527 2380 καθάπερ
555 2303 699 2364 οὑτοι
729 2311 777 2364 οἱ
808 2310 1149 2382 εὐγνώμονες
1203 2313 1410 2376 παῖδες,
1447 2313 1941 2386 συγκαλύπτωμεν,

274 2399 679 2471 συσκιάζωμεν,
712 2403 777 2470 τῇ
814 2401 1167 2472 παραινέσει,
1198 2403 1316 2465 ταῖς
1346 2402 1675 2472 συμϐουλαῖς
1707 2421 1946 2458 καταπε-

271 2488 558 2538 πτωκυῖαν
586 2485 684 2556 τὴν
722 2484 898 2556 ψυχὴν
930 2485 1193 2554 ἀνορθοῦν
1245 2487 1655 2559 σπουδάζωμεν,
1686 2489 1785 2558 τῆς
1825 2488 1945 2556 φιλ-

269 2571 590 2644 ανθρωπίας
617 2572 711 2624 τοῦ
741 2571 876 2624 Θεοῦ
910 2572 968 2624 τὸ
1009 2572 1239 2641 μέγεθος
1268 2572 1610 2637 διδάσκοντες
1629 2613 1642 2638 ,
1673 2576 1771 2646 τῆς
1803 2576 1945 2645 ἀγα-

245 2717 248 2720 ,
271 2658 498 2729 θότητος
517 2657 681 2711 αὐτοῦ
705 2659 804 2728 τὴν
834 2658 1160 2730 ὑπερϐολὴν,
1191 2660 1289 2730 τῆς
1309 2660 1708 2732 εὐσπλαγχνίας
1730 2663 1790 2716 τὸ
1811 2663 1946 2733 ἀμε-

270 2763 422 2817 τρον,
449 2747 535 2800 ἴνα
567 2746 834 2816 μείζονος,
855 2747 998 2817 ἢπερ
1031 2742 1197 2814 οὑτοι,
1251 2747 1500 2816 εὐλογίας
1547 2749 1944 2822 ἀπολαύσωμεν

269 2833 428 2907 παρὰ
450 2833 544 2886 τοῦ
578 2833 684 2886 τῶν
711 2833 848 2886 ὅλων
877 2832 1031 2898 Θεοῦ,
1067 2834 1160 2887 τοῦ
1203 2833 1526 2905 βουλομένου
1565 2837 1802 2904 Πάντας
1841 2839 1945 2892 ἀν-

267 2922 544 2990 θρώπους
566 2919 851 2988 σωθῆναι,
896 2922 993 2974 καὶ
1039 2923 1126 2987 είς
1152 2922 1481 2990 ἐπίγνωσιν
1510 2923 1796 2991 ἀληθείας
1846 2925 1944 2978 ἐλ-

266 3010 420 3075 θεῖν,
450 3008 544 3062 τοῦ
575 3009 648 3079 μὴ
679 3008 997 3079 βουλομένου
1028 3009 1136 3064 Τὸν
1157 3009 1415 3063 θάνατον
1436 3009 1541 3064 τοῦ
1570 3011 1940 3080 ἁμαρτωλοῦ,

264 3097 352 3164 ὡς
384 3096 448 3150 τὸ
470 3096 827 3164 ἐπιστρέψαι
856 3097 954 3150 καὶ
977 3095 1084 3164 ζῇν
1107 3098 1313 3150 αὐτόν.
1337 3096 1446 3150 Καὶ
1475 3095 1588 3165 τὴν
1611 3098 1941 3167 γύμνωσιν,

265 3184 427 3256 φησὶ,
460 3183 567 3238 τοῦ
593 3183 816 3251 πατρὸς
841 3182 1040 3237 αὐτῶν
1065 3185 1176 3237 οὐκ
1204 3179 1386 3237 εἶδον.
1419 3184 1560 3254 Ὀρα
1595 3185 1712 3247 πῶς
1737 3185 1942 3241 ἄνωθεν

263 3273 364 3327 καὶ
381 3270 438 3335 ἐξ
461 3270 634 3342 ἀρχῆς
663 3271 834 3324 ταῦτα
864 3270 1014 3341 ἐντῷ
1050 3271 1200 3340 νόμῳ
1237 3270 1314 3341 τῷ
1358 3270 1591 3342 γραπτῷ
1633 3272 1771 3342 πρὸς
1797 3272 1943 3326 διδα-

266 3359 502 3414 σκαλίαν
525 3358 617 3412 τοῦ
640 3358 790 3430 [28η
814 3359 922 3411 τῶν
938 3357 1239 3430 ἀνθρώπων
1265 3357 1456 3426 γένους
1476 3358 1940 3429 νενομοθετημένα

266 3445 634 3517 προλαϐόντες
661 3445 768 3498 ἀπό
793 3445 886 3496 τοῦ
923 3447 979 3498 ἐν
1006 3449 1073 3513 τῇ
1097 3445 1256 3511 φύσει
1280 3444 1534 3513 κειμένου
1579 3444 1744 3513 νόμου
1771 3445 1940 3516 ἐπλή-

272 3548 422 3603 ρουν,
440 3530 534 3583 καὶ
561 3532 694 3598 ὅπερ
712 3531 740 3581 6
767 3530 928 3598 νόμος
954 3529 1108 3596 ἔλεγε
1130 3541 1144 3556 ⁸
1173 3529 1316 3595 Τίμα
1330 3529 1436 3582 τὸν
1455 3527 1678 3594 πατέρα
1701 3545 1818 3582 σου
1841 3531 1939 3584 καὶ

267 3619 388 3684 τὴν
401 3615 628 3686 μητέρα
648 3629 782 3677 σευ,
807 3615 906 3667 ἵνα
935 3610 1002 3668 εὗ
1025 3629 1124 3667 σοι
1155 3613 1392 3683 γένηται
1417 3629 1436 3676 ;
1462 3613 1576 3674 καὶ,
1604 3613 1667 3666 '0
1693 3618 1942 3669 κακολο-

268 3705 394 3777 τῶν
425 3702 649 3768 πατέρα
675 3701 712 3768 ἣ
739 3702 985 3769 μητέρα,
1018 3700 1249 3768 θανάτῳ
1271 3699 1630 3754 τελευτάτω·
1655 3699 1812 3754 τοῦτο
1840 3703 1940 3774 ἤδη

266 3794 360 3848 διά
386 3793 494 3846 τῶν
520 3792 694 3861 ἔργων
715 3789 1041 3860 ἐπληροῦτο.
1075 3785 1230 3853 Εἶδες
1251 3789 1368 3853 πῶς
1397 3787 1744 3860 προλαϐοῦσα
1772 3792 1805 3863 ή
1838 3791 1942 3860 φύ-

270 3896 359 3943 σις
385 3877 660 3948 ἀρκοῦσαν
681 3872 794 3948 εἶχε
818 3875 1167 3930 διδασκαλίαν
1187 3892 1203 3942 ;

355 3965 652 4033 Ἐξένηψε
681 3963 770 4028 δὲ,
798 3963 950 4033 φησὶ,
985 3962 1114 4016 Νῶε
1141 3961 1256 4017 ἀπὸ
1284 3962 1391 4017 τοῦ
1417 3965 1608 4028 οἴνου,
1661 3963 1761 4018 καί
1790 3964 1944 4034 ἔγνω

263 4055 389 4108 ὅσα
415 4053 705 4120 ἐποίησεν
731 4050 890 4115 αὐτῷ
915 4052 949 4104 δ
969 4049 1098 4115 υίὸς
1126 4049 1315 4104 αὐτοῦ
1345 4052 1379 4104 ὁ
1415 4051 1718 4119 νεώτερος.
1783 4051 1939 4116 Ἐξέ-

263 4140 430 4205 rugis
457 4135 546 4200 δὲ,
570 4135 752 4205 φησίν.
796 4133 1163 4186 Ἀκουέτωσαν
1191 4134 1239 4186 οἱ
1273 4134 1330 4185 ἐν
1355 4136 1468 4198 τοῖς
1491 4135 1813 4205 συμποσίοις
1833 4135 1942 4205 διη.

269 4216 596 4289 μερεύοντες
623 4215 716 4269 τοῦ
747 4213 958 4268 ὀλίσθου
983 4215 1043 4268 τὸ
1070 4213 1318 4284 μέγεθος,
1353 4217 1444 4270 καὶ
1493 4214 1815 4288 φυγέτωσαν
1840 4217 1941 4287 τὴν

267 4301 335 4354 ἐκ
363 4299 463 4370 τῆς
517 4297 686 4369 μέθης
731 4297 929 4370 λύμην.
970 4297 1266 4366 Ἐξένηψε
1313 4296 1400 4359 δὲ,
1442 4297 1627 4368 φησίν.
1679 4297 1744 4349 Τί
1769 4299 1939 4362 ἐστιν,

279 4388 648 4454 Ἐξένηψεν;
681 4387 858 4455 Ὅπερ
884 4387 1016 4456 ἡμῖν
1049 4383 1169 4447 ἔθος
1196 4382 1454 4454 περὶτῶν
1501 4385 1822 4456 μεμηνότων
1849 4385 1937 4439 λέ-

266 4467 409 4539 γειν,
438 4470 657 4522 ἐπειδάν
681 4470 739 4522 ἐν
770 4469 1024 4522 ἐκστάσει
1053 4467 1337 4536 γένωνται,
1362 4467 1444 4520 ὅτι
1462 4469 1490 4520 6
1515 4468 1661 4522 δεῖνα
1681 4467 1939 4540 ἐξένηψεν

265 4554 378 4611 ἀπὸ
425 4554 520 4607 τοῦ
549 4553 821 4622 δαίμονος,
855 4551 950 4604 καὶ
991 4549 1278 4620 ἀπηλλάγη
1313 4549 1412 4620 τῆς
1444 4550 1654 4604 ἐκείνου
1685 4552 1937 4622 τυραννί-

263 4639 382 4700 δος·
417 4635 578 4688 τοῦτο
601 4638 693 4688 και
727 4633 961 4687 ἐνταῦθα
989 4631 1240 4703 ἔφησενή
1281 4631 1490 4702 Γραφή.
1540 4631 1780 4702 ’Δληθῶς
1829 4633 1940 4705 7&9

266 4721 300 4787 ἡ
358 4714 498 4786 μέθη
558 4714 878 4784 αὐθαίρετός
935 4714 1053 4766 ἐστι
1111 4711 1359 4782 δαίμων,
1425 4711 1520 4764 καὶ
1558 4711 1940 4783 χαλεπώτερον

269 4797 479 4849 ἐκείνου
511 4797 691 4846 σκοτοῖ
722 4796 812 4847 τὸν
832 4795 1113 4864 λογισμὸν,
1139 4793 1234 4846 καὶ
1265 4792 1451 4862 πάσης
1482 4793 1938 4864 εὑγνωμοσύνηςδ

267 4879 562 4948 ἀποστερεῖ
597 4877 687 4930 τὸν
726 4878 940 4932 ἀλόντα.
980 4878 1084 4930 Τὸν
1125 4876 1224 4948 μὲν
1261 4875 1373 4946 7&9
1408 4875 1769 4946 δαιμονιῶντα
1807 4877 1936 4930 πολε

269 4961 422 5022 λάκις
448 4959 679 5032 ὁρῶντες
702 4961 795 5014 καὶ
828 4959 1106 5029 ἐλεοῦμεν,
1141 4959 1234 5011 καὶ
1267 4955 1655 5024 συναλγοῦμεν,
1691 4957 1785 5009 καὶ
1808 4957 1937 5010 πολ-

269 5041 366 5112 λὴν
396 5043 522 5112 περὶ
551 5042 711 5094 αὐτὸν
758 5043 855 5112 τὴν
889 5042 1232 5112 συμπάθειαν
1267 5039 1704 5108 ἐπιδεικνύμεθα·
1741 5041 1831 5093 ἐπὶ
1881 5041 1938 5094 δὲ

268 5123 360 5174 τοῦ
415 5123 649 5192 μεθύσου
687 5123 746 5176 τὺ
793 5125 1032 5176 ἐναντίον
1085 5120 1448 5194 ἐργαζόμεθα·
1503 5121 1932 5192 ἀγανακτοῦμεν,

267 5203 704 5275 δυσχεραίνομεν,
759 5207 927 5276 μυρία
947 5206 1299 5278 ἐπαρώμεθα.
1338 5203 1492 5266 Τίνος
1523 5204 1705 5257 ἕνεκεν
1728 5205 1822 5259 καὶ
1849 5205 1936 5258 διά

267 5287 319 5341 τί
334 5303 347 5353 ;
385 5289 507 5342 ὐτι
530 5290 734 5352 ἐκεῖνος
770 5289 868 5359 μὲν
899 5290 1006 5342 ὑπὸ
1027 5290 1118 5343 τοῦ
1143 5287 1381 5360 πονηροῦ
1401 5299 1424 5325 ε
1446 5287 1694 5358 δαίμονος
1719 5287 1926 5341 ἐλαυνόο

327 5422 344 5446 ⁸
389 5424 616 5498 ’Λπρνοια
643 5424 979 5498 ιιιεειιιὶοηιρι
1012 5426 1275 5498 amomum.
1313 5422 1932 5498 νιιιεοείβιιὶίξοοιζέριιά

267 5484 661 5546 Chrysoslomum
695 5493 860 5534 autem
890 5487 1089 5534 ἀπόνοια
1136 5495 1188 5534 ιιι
1230 5484 1490 5548 plurimum
1527 5491 1600 5531 est
1624 5484 1929 5545 arrogantia,

268 5549 511 5605 superbia.
543 5547 645 5595 Hoc
668 5554 833 5594 autem
867 5549 973 5595 loco
993 5545 1266 5596 socordiam
1295 5543 1417 5595 satis
1441 5551 1776 5605 coagmentet
1811 5545 1928 5594 red-

268 5549 511 5608 superbm.
543 5549 645 5595 Hoc
668 5554 833 5594 autem
867 5549 973 5595 loco
993 5549 1266 5596 socordiam
1295 5549 1417 5595 satis
1441 5551 1776 5605 coagmentet

269 5607 556 5674 dichyyetus
577 5610 842 5674 ἤπιοι-νιος.
865 5668 878 5674 _
947 5668 957 5674 _
1228 5667 1240 5674 _
1260 5669 1299 5674 __
1499 5673 1504 5674 ί
1623 5670 1633 5674 Α
1778 5663 1790 5674 '

328 5667 734 5737 ξΕὐγνωμοσύγη,
757 5673 809 5715 ιιι
823 5668 1092 5737 ,ριιιιιὶιιιιιιιι
1116 5667 1241 5729 apud
1252 5669 1420 5730 Chrys.
1435 5673 1511 5718 est
1523 5670 1689 5737 gratus
1707 5667 1916 5737 ηῃῂηιιε,

269 5729 346 5799 τοι
357 5729 420 5812 ag
431 5727 639 5812 ῥησιξςιῃι
647 5727 1921 5812 Impudarooilefm‘s:11911111anusqueqipmﬂoo‘i‘lﬂgn

271 5787 516 5853 sigulliFat.
545 5792 633 5840 Hic
643 5798 806 5839 autem
821 5787 979 5848 recte:
991 5794 1044 5836 ιιι
1057 5791 1265 5848 videtur,
1277 5787 1592 5842 benivolentia
1605 5789 1728 5839 verti
1741 5793 1919 5850 potest.

331 5852 354 5882 ⁸
389 5853 616 5913 Quinque
637 5865 751 5900 mss.
773 5852 992 5913 δαίμονος
1020 5850 1363 5912 ἐνοχλούμενος.

673 5931 944 5993 ΡΑτιιοι..
992 5928 1108 5990 Gn.
1164 5929 1316 5990 LIII.

1397 293 1464 350 IN
1495 293 1650 377 CAP.
1688 289 1760 348 IX
1791 285 2034 344 GENES.
2072 284 2304 346 HOMIL.
2343 288 2536 348 XXIX.

3615 291 3721 347 εδει

2058 419 2238 474 μενος,
2268 405 2416 459 άκων
2448 403 2837 477 διαπράττεται
2874 405 3018 476 άπερ
3051 403 3118 459 ἂν
3162 403 3557 475 διαπράξηται*
3613 406 3719 461 κᾶν

2049 483 2299 557 λακτίσῃ,
2351 487 2456 540 κᾶν
2504 484 2772 557 διαρῤήξῃ
2840 483 3178 554 χιτωνίσκον,
3231 483 3334 537 κᾶν
3362 485 3565 555 αἰσχρά
3597 501 3722 538 τινα

2049 562 2368 633 φθέγξηται,
2403 564 2729 636 συγγνώμης
2758 563 3022 629 ἀξιοῦται·
3059 564 3088 616 ό
3114 563 3170 616 δὲ
3203 562 3438 633 μεθύων,
3468 563 3558 616 καὶ
3583 564 3717 636 ὅπερ

2049 642 2115 696 ἂν
2137 644 2490 714 ἐπιδείξηται,
2522 645 2621 698 οὐκ
2647 643 2713 698 ἂν
2739 643 2890 697 ἔσται
2919 640 3246 714 συγγνώμης
3274 642 3441 707 ἄξιος,
3466 644 3602 698 ἀλλά
3624 642 3720 696 καὶ

2047 723 2298 791 οἰκείους,
2326 726 2418 778 καὶ
2447 723 2652 793 φίλους,
2681 725 2775 777 καὶ
2805 722 3069 791 γείτονας,
3087 721 3180 774 καὶ
3209 722 3416 786 πάντας
3447 722 3558 792 ἔχει
3591 740 3721 792 σφο-

2045 803 2207 876 δροὺς
2228 805 2582 876 κατηγόρους.
2618 805 2803 876 ἐπειδὴ
2842 803 3050 857 οἴκοθεν
3081 802 3191 856 ἀπὸ
3227 803 3598 873 προαιρέσεως
3620 803 3718 874 τὴν

2046 884 2246 938 κακίαν
2287 885 2632 955 μετελήλυθε,
2665 885 2760 938 καὶ
2785 885 2851 954 τῇ
2902 881 3176 952 τυραννίδι
3205 881 3304 951 τῆς
3333 881 3502 951 μέθης
3525 882 3719 936 ἐαυτὸν

2046 962 2279 1027 ἐξέδωκε
2303 962 2352 1017 ἀ.
2378 965 2487 1016 Καὶ
2513 963 2686 1017 ταῦτα
2712 962 2872 1031 λέγω,
2923 963 3020 1030 οὐχ
3054 961 3142 1012 ἵνα
3172 960 3264 1012 τοῦ
3296 960 3505 1014 δικαίου
3551 977 3719 1030 κατη-

2045 1041 2288 1112 γορήσω·
2330 1042 2496 1096 πολλὰ
2520 1042 2627 1114 7&9
2659 1038 2726 1114 ἦν
2759 1041 2828 1094 τά
2881 1040 2980 1111 τὴν
3019 1037 3346 1109 συγγνώμην
3375 1037 3522 1107 αὑτῷ
3575 1056 3720 1110 παρ-

2047 1119 2259 1190 έχοντα·
2313 1121 2404 1174 καὶ
2436 1123 2572 1192 μετά
2605 1122 2714 1174 τῶν
2743 1120 2915 1173 ἄλλων
2967 1119 3220 1172 ἁπάντων
3267 1117 3328 1170 τὸ
3360 1117 3556 1188 μηκέτι
3606 1121 3720 1181 τοῖς

2045 1200 2225 1262 αὑτοῖς
2259 1205 2594 1270 περιπεσεῖν,
2625 1202 2760 1271 ὅπερ
2793 1198 3046 1269 μέγιστον
3079 1197 3144 1250 ἂν
3176 1197 3262 1266 εἴη
3283 1196 3481 1265 δεῖγμα
3504 1197 3719 1250 καὶτοῦ

2046 1277 2310 1348 προτέρου
2337 1280 2758 1351 ἁμαρτήματος,
2789 1279 2871 1331 ὅτι
2902 1276 2961 1342 ἐξ
3013 1276 3256 1344 ἀγνοίας,
3295 1275 3408 1328 ἀλλ’
3468 1275 3566 1344 οὐχ
3613 1275 3720 1329 ὑπὸ

2048 1358 2319 1432 ῥᾳθυμίας
2348 1359 2503 1414 τοῦτο
2533 1361 2844 1431 ὑπέμεινεν.
2884 1358 2948 1410 Et
2980 1355 3088 1426 7&9
3118 1356 3224 1409 ἀπὸ
3260 1354 3530 1426 ῥᾳθυμίας
3561 1355 3721 1409 τοῦτο

2045 1437 2356 1507 ὑπέμεινεν,
2385 1439 2550 1509 ἐχρῆν
2573 1438 2680 1508 ἄρα
2709 1438 2804 1491 καὶ
2831 1435 2992 1490 πάλιν
3023 1434 3182 1487 αὑτὸν
3199 1433 3398 1488 ἁλῶναι
3425 1434 3503 1504 τῷ
3533 1435 3716 1488 πάθει·

2043 1514 2160 1568 ἀλλ’
2197 1516 2376 1570 οὐκέτι
2406 1516 2563 1570 τοῦτο
2607 1515 2892 1568 πέπονθεν.
2920 1514 2983 1568 ΕΞ
3015 1513 3125 1582 7&9
3163 1514 3258 1565 καὶ
3287 1512 3448 1566 πάλιν
3484 1513 3544 1565 τὸ
3589 1513 3721 1566 αὐτὸ

2045 1593 2354 1663 ὑπέμεινεν,
2385 1595 2484 1649 οὐκ
2512 1595 2579 1648 ἂν
2603 1595 2637 1666 ἡ
2660 1595 2850 1664 Γραφὴ
2875 1590 3313 1666 παρεσιώπησξν,
3343 1590 3458 1644 ἀλλ’
3487 1592 3720 1662 ἐγνώρι-

2045 1689 2137 1726 σεν
2155 1659 2234 1726 ’ἃν
2259 1676 2412 1744 ἡμῖν.
2453 1668 2547 1737 Εἷς
2575 1659 2683 1744 γάρ
2705 1659 2824 1725 ἐστι
2839 1659 3055 1733 ⁷σκοπὸς
3077 1669 3170 1722 καὶ
3186 1659 3273 1731 εἷς
3302 1669 3426 1739 ὅρος
3454 1670 3551 1738 τῆς
3569 1659 3720 1732 θείας

2041 1750 2289 1822 Γραφῆς,
2316 1751 2376 1804 τὸ
2402 1752 2567 1822 μηδὲν
2593 1751 2923 1822 παραλιπεῖν
2943 1749 3050 1801 τῶν
3065 1748 3384 1816 γεγονότων,
3414 1747 3548 1802 ἀλλά
3581 1749 3721 1818 μετά

2041 1828 2299 1898 ἀληθείας
2326 1831 2474 1900 ἡμᾶς
2505 1829 2798 1883 διδάσκειν.
2831 1826 2968 1881 Οὑτε
2997 1825 3106 1896 γὰρ
3132 1826 3311 1896 φθόνῳ
3338 1827 3446 1880 τινὶ
3468 1827 3567 1890 τὰς
3591 1829 3720 1898 ἀρε-

2039 1905 2138 1970 τάς
2190 1907 2300 1960 τῶν
2331 1906 2552 1961 δικαίων
2610 1907 2966 1978 παρατρέχει,
3024 1904 3149 1957 οὐτε
3209 1906 3392 1974 χάριτι
3458 1906 3621 1960 πάλιν
3650 1907 3721 1961 τὰ

2040 1985 2414 2058 ἁμαρτήματα
2467 1987 2772 2049 συσκιάζει,
2815 1984 2930 2038 ἀλλ’
2984 1982 3202 2036 ἅπαντα
3244 1984 3324 2044 είς
3380 1983 3544 2053 μέσον
3583 1987 3719 2054 ἡμῖν

2041 2066 2380 2136 προτίθησιν,
2417 2065 2482 2117 ἵν’
2517 2062 2885 2133 ὑπογραμμὸν
2925 2077 3051 2114 τινα
3084 2061 3177 2113 καὶ
3205 2060 3556 2114 διδασκαλίαν
3585 2063 3716 2134 ἔχω-

2043 2159 2162 2211 μεν,
2189 2145 2284 2197 καὶ
2333 2144 2554 2196 ἐπειδάν
2579 2145 2672 2196 καὶ
2715 2143 2878 2212 ἡμεῖς
2909 2140 2998 2194 διὰ
3032 2139 3303 2211 ῥαθυμίαν
3347 2139 3566 2212 άλῶμέν
3609 2141 3718 2196 τινὶ

2041 2221 2364 2292 πταίσματι,
2424 2221 2852 2292 ἀσφαλιζώμεθα
2888 2219 2962 2291 μὴ
3008 2219 3170 2272 πάλιν
3213 2219 3290 2289 τῷ
3317 2220 3465 2291 αὐτῷ
3491 2239 3719 2293 περιπε-

2043 2301 2173 2352 σεῖν.
2209 2301 2284 2354 Οὐ
2311 2301 2418 2372 γάρ
2443 2300 2584 2354 οὑτω
2615 2300 2675 2353 τὸ
2704 2300 2968 2370 ἁμαρτεῖν
2993 2297 3245 2367 χαλεπὸν,
3271 2298 3346 2361 ὼς
3375 2299 3436 2352 τὸ
3466 2301 3719 2372 ἁμαρτή-

2044 2395 2175 2449 ματι
2198 2378 2494 2447 ἐπιμένειν.
2519 2378 2610 2448 Μὴ
2639 2379 2816 2430 τοίνυν
2836 2377 2994 2430 τοῦτο
3017 2377 3131 2447 ἴδῃς
3158 2377 3238 2430 ὅτι
3264 2376 3538 2448 ἐμεθύσθη
3582 2379 3612 2430 6
3635 2379 3718 2432 δί-

2041 2473 2214 2521 καιος,
2244 2457 2359 2510 ἀλλ’
2389 2458 2467 2510 ὅτι
2491 2456 2591 2509 οὐκ
2641 2455 2719 2510 ἔτι
2746 2456 2902 2509 τοῦτο
2936 2455 3220 2508 πέπονθεν.
3261 2455 3400 2509 Ἀλλ’
3429 2457 3598 2510 ἐννόει
3626 2475 3717 2528 μοι

2039 2535 2164 2599 τοὺς
2184 2535 2307 2589 καθ’
2336 2537 2572 2606 ἑκάστην
2599 2536 2811 2608 ἡμέραν
2851 2537 2908 2589 ἐν
2933 2538 3051 2598 ταῖς
3091 2534 3456 2602 οἰνοφλυγίαις
3484 2537 3718 2590 καταδα-

2041 2616 2416 2686 πανωμένους,
2447 2616 2540 2670 καὶ
2571 2615 2720 2687 [288]
2755 2618 2839 2684 ἐφ’
2871 2616 3108 2685 ἑκάστης
3145 2616 3328 2686 σχεδὸν
3352 2617 3526 2670 εἰπεῖν
3577 2615 3714 2668 ἀπο-

2041 2695 2391 2765 θνήσκοντας·
2419 2695 2513 2748 καὶ
2529 2695 2748 2748 ἐπειδάν
2774 2697 2854 2758 είς
2879 2694 3129 2766 αἴσθησιν
3152 2693 3397 2757 ἔλθωσιν,
3425 2696 3546 2749 οὐδὲ
3573 2695 3718 2748 οὑτω

2040 2776 2336 2844 φεύγοντας
2367 2775 2468 2846 τὴν
2520 2774 2729 2828 ἐκεῖθεν
2780 2774 2978 2844 λύμην,
3033 2772 3148 2826 ἀλλ’
3187 2773 3263 2837 ὡς
3291 2774 3451 2844 ἔργον
3477 2791 3530 2826 τι
3558 2774 3718 2828 τοῦτο

2039 2865 2134 2919 καὶ
2162 2865 2412 2937 ἀνδρείαν
2449 2864 2899 2937 μεταδιώκοντας.
2951 2861 3117 2915 Πάλιν
3166 2861 3224 2914 δὲ
3257 2862 3480 2915 κάκεῖνο
3513 2861 3580 2915 ἀν
3631 2877 3717 2924 τις

2039 2947 2360 3018 ἐννοήσειεν,
2403 2949 2483 3002 ὅτι
2508 2949 2714 3010 δίκαιος
2753 2939 2926 3009 οὗτος,
2956 2945 3005 2996 εί
3031 2944 3125 2997 καὶ
3155 2943 3260 2996 ὑπὸ
3310 2943 3568 3015 ἀπειρίας
3622 2943 3715 2998 καὶ

2037 3029 2130 3083 τοῦ
2159 3031 2233 3102 μὴ
2262 3031 2456 3085 εἰδέναι
2479 3031 2547 3085 τά
2569 3030 2742 3100 μέτρα
2766 3030 2865 3097 τῆς
2889 3025 3242 3096 μεταλήψεως
3258 3024 3397 3078 πιὼν
3417 3024 3715 3096 ἐμεθύσθη,

2037 3111 2151 3166 ἀλλ’
2183 3113 2333 3182 ὅμως
2389 3113 2595 3175 δίκαιος
2631 3110 2707 3164 ὢν
2755 3111 2852 3164 καὶ
2905 3108 3074 3163 πολλά
3109 3108 3249 3179 ἔχων
3283 3107 3714 3178 κατορθώματα,

2040 3194 2350 3257 συσκιάζειν
2373 3194 2600 3264 ἠδύνατο
2625 3193 2685 3246 τὸ
2719 3191 2932 3262 συμϐὰν
2960 3191 3288 3262 ἁμάρτημα·
3317 3191 3477 3262 ἡμεῖς
3503 3190 3560 3244 δὲ
3587 3192 3716 3244 ὅταν

2038 3276 2131 3330 καλ⁵
2161 3278 2250 3345 ὑφ’
2273 3278 2473 3348 ἐτέρων
2503 3276 2708 3347 μυρίων
2732 3269 2882 3345 ὦμεν
2911 3273 3354 3346 πολιορκούμενοι
3382 3271 3591 3334 παθῶν,
3621 3275 3717 3328 καὶ

2041 3359 2157 3431 μετ’
2192 3360 2414 3413 ἐκείνων
2447 3361 2542 3412 καὶ
2573 3359 2678 3411 ὑπὸ
2703 3359 2801 3428 τῆς
2825 3358 2995 3428 μέθης
3047 3357 3276 3420 ἑαυτοὺς
3296 3355 3718 3420 καταϐαπτίζω-

2042 3457 2163 3510 μεν,
2194 3441 2352 3493 ποίαν
2382 3440 2575 3509 ἕξομεν
2603 3439 2974 3510 παραμυθίαν,
2994 3439 3115 3491 εἰπέ
3164 3454 3291 3508 μοι;
3338 3439 3423 3501 τίς
3451 3437 3509 3489 δέ
3566 3438 3716 3508 ἡμᾶς

2039 3521 2259 3586 ἀξιώσει
2290 3519 2614 3590 συγγνώμης
2658 3522 2779 3574 οὐδέ
2812 3520 2918 3574 ὑπὸ
2944 3521 3044 3590 τῆς
3065 3521 3263 3591 πείρας
3302 3520 3472 3587 αὐτῆς
3499 3536 3713 3592 σωφρο-

2039 3602 2378 3672 νιζομένουςς
2417 3601 2708 3670 Ἐεένηψε
2740 3601 2826 3666 δὲ,
2858 3602 3011 3673 φησὶ,
3041 3601 3170 3656 Νῶε
3205 3600 3324 3655 ἀπὸ
3373 3601 3478 3656 τοῦ
3519 3601 3712 3667 οἴνου,

2039 3685 2138 3739 καὶ
2153 3686 2304 3754 ἔγνω
2317 3683 2434 3738 ὅσα
2455 3684 2744 3751 ἐποίησεν
2767 3682 2926 3749 αὐτῷ
2942 3685 2975 3738 ό
2999 3683 3130 3750 υἱὸς
3145 3683 3331 3738 αὐτοῦ
3347 3685 3380 3737 ό
3405 3682 3710 3752 νεώτερος.

2039 3766 2209 3820 Πόθεν
2235 3765 2401 3835 ἔγνω;
2435 3767 2594 3831 Ἴσως
2624 3767 2674 3818 οί
2706 3766 2924 3837 ἀδελφοὶ
2953 3764 3406 3837 ἐγνώρισαν,οὑχὶ
3439 3765 3533 3819 τὸν
3559 3766 3713 3819 ἀδελ-

2039 3850 2139 3921 φὺν
2167 3849 2440 3904 διαϐαλεῖν
2479 3848 2809 3919 βουλόμενοι,
2846 3847 2983 3902 άλλά
3013 3847 3075 3902 τὸ
3109 3849 3340 3919 πρᾶγμα
3389 3847 3466 3912 ώς
3498 3847 3713 3916 ἐγένετο

2037 3931 2398 3995 διδάσκοντες,
2429 3931 2514 3984 ῖνα
2541 3931 2872 4002 κατάλληλον
2913 3933 3121 3994 ἐκεῖνος
3167 3931 3245 4001 τῷ
3284 3931 3558 4002 τραύματι
3610 3930 3712 4000 τὴν

2040 4015 2288 4088 βοήθειαν
2313 4013 2549 4083 δέξηται.
2585 4015 2693 4069 Καὶ
2717 4016 2889 4084 ἔγνω,
2923 4014 3076 4086 φησὶ,
3120 4014 3248 4069 Νῶε
3278 4013 3394 4068 ὅσα
3424 4015 3714 4081 ἐποίησεν

2033 4097 2198 4162 αὐτῷ
2227 4099 2262 4151 ὁ
2293 4097 2424 4162 υἱός
2449 4097 2636 4152 αὑτοῦ
2667 4100 2701 4152 ό
2724 4096 3098 4166 νεώτερος-,Τί
3127 4099 3295 4160 ἐστιν,
3322 4098 3478 4151 Ὅσα
3508 4098 3711 4164 ἐποίη-

2036 4193 2179 4242 σεν;
2219 4181 2363 4234 Ἀντὶ
2384 4179 2501 4246 τοῦ,
2546 4181 2689 4252 μέγα
2721 4181 2814 4235 καλ⁸
2844 4180 3138 4251 ἀφόρητον.
3187 4179 3472 4250 Ἐννόησον
3498 4179 3606 4249 7&9
3627 4181 3711 4233 ὅτι

2036 4264 2144 4317 ἔσω
2166 4265 2224 4317 ἐν
2252 4267 2317 4336 τῇ
2345 4265 2492 4336 οἰκία
2520 4265 2852 4336 θεασάμενος
2875 4265 2973 4334 τὴν
2995 4265 3400 4335 ἀσχημοσύνην,
3426 4264 3545 4318 δέον
3580 4281 3711 4333 συγ-

2037 4344 2293 4414 καλύψαι,
2325 4350 2354 4401 ό
2384 4347 2440 4400 δὲ
2461 4346 2692 4414 ἐξελθὼν
2713 4347 3109 4417 ἐξεπόμπευσε,
3155 4346 3250 4399 καὶ
3280 4347 3361 4410 εις
3417 4345 3708 4416 κωμῳδίαν

2037 4431 2130 4482 καὶ
2155 4432 2234 4494 είς
2261 4430 2551 4500 χλευασίαν
2582 4430 2674 4484 τὸν
2705 4430 2916 4502 πατέρα
2932 4470 2948 4494 ,
2977 4431 3102 4483 ὅσον
3127 4429 3186 4484 τὸ
3208 4427 3388 4500 ἐαυτῷ
3407 4422 3560 4500 ἧκον,
3591 4427 3708 4480 ἐνέ-

2036 4511 2186 4578 ϐαλε,
2223 4514 2317 4567 καὶ
2345 4513 2595 4568 ἐϐούλετο
2647 4514 2743 4566 καὶ
2769 4515 2894 4576 τούς
2923 4512 3185 4582 ἀδελφοὺς
3210 4513 3498 4576 κοινωνοὺς
3523 4511 3709 4564 λαϐεῖν

2035 4596 2134 4665 τῆς
2161 4596 2438 4666 μοχθηρᾶς
2467 4596 2857 4667 προαιρέσεως·
2885 4597 2978 4650 καὶ
2999 4598 3115 4651 δέον
3142 4595 3404 4667 μέλλοντα
3423 4594 3704 4662 ἀπαγγέλ-

2035 4677 2147 4730 λειν
2167 4678 2270 4732 κᾶν
2298 4678 2406 4732 ἔσω
2456 4678 2546 4731 ἐπὶ
2573 4679 2672 4748 τῆς
2691 4678 2868 4742 οίκίας
2915 4679 3111 4741 αὐτοὺς
3137 4678 3385 4738 καλέσαι,
3416 4676 3511 4730 καὶ
3533 4675 3708 4737 οὑτως

2037 4761 2271 4827 ἐξειπεῖν
2319 4762 2419 4829 τὴν
2466 4760 2764 4830 γύμνωσιν,
2799 4763 2828 4814 ό
2863 4760 2918 4813 δὲ
2945 4759 3167 4830 ἐξῆλθεν
3218 4759 3342 4825 ἔξω,
3375 4757 3554 4822 ἐξεῖπε
3607 4757 3706 4828 τὴν

2036 4844 2334 4914 γύμνωσιν·
2369 4843 2444 4905 ώς
2478 4844 2526 4896 εἱ
2559 4843 2651 4896 καὶ
2682 4843 2882 4912 πλῆθος
2928 4844 3132 4912 ἐτέρων
3182 4842 3381 4912 παρῆν,
3421 4839 3705 4901 κάκείνους

2037 4927 2321 4995 μάρτυρας
2354 4923 2419 4977 ἂν
2455 4925 2746 4995 ἐποιήσατο
2793 4925 2888 4994 τῆς
2931 4923 3314 4995 ἀσχημοσύνης
3355 4923 3448 4975 τοῦ
3477 4921 3700 4990 πατρός.

2035 5007 2132 5059 Διά
2161 5007 2316 5059 τοῦτό
2343 5023 2526 5076 φησιν,
2552 5008 2707 5060 Ὅσα
2733 5007 3001 5074 ἐποίησε·
3032 5008 3297 5072 τουτέστι,
3323 5005 3421 5077 τὴν
3446 5005 3601 5074 ὕϐριν
3623 5006 3702 5068 είς

2034 5087 2127 5139 τὸν
2157 5088 2368 5160 πατέρα
2397 5087 2726 5155 ἐπεδείξατο,
2777 5089 3066 5143 ἐπελάθετο
3112 5090 3210 5160 τῆς
3233 5088 3587 5158 ὀφειλομένης
3616 5103 3702 5139 τι-

2037 5169 2145 5239 μῆς
2174 5171 2321 5239 παρά
2354 5169 2460 5223 τῶν
2499 5171 2703 5224 παίδων
2753 5171 2995 5240 γίνεσθαι
3025 5173 3103 5235 είς
3128 5174 3254 5235 τοὺς
3281 5171 3698 5240 γεγεννηκότας.

2033 5252 2402 5336 ἐξεπόμπευσε
2429 5254 2496 5307 τά
2532 5254 2923 5324 ἁμαρτήματα,
2975 5255 3100 5336 τοὺς
3127 5254 3388 5322 ἀδελφοὺς
3437 5252 3702 5336 ἠθέλησεν

2035 5334 2340 5407 ὑποσῦραι,
2395 5338 2488 5391 καὶ
2538 5339 2826 5400 κοινωνοὺς
2883 5334 3084 5391 λαϐεῖν’
3115 5338 3213 5407 τῆς
3263 5336 3494 5408 ὕϐρεως.
3543 5335 3700 5388 Ὅσα

2031 5418 2508 5484 ἐποίησεναύτῷ,
2540 5421 2724 5491 φησὶν,
2764 5423 2796 5473 ὀ
2825 5421 2954 5486 υίὸς
2988 5420 3176 5474 αὑτοῦ
3199 5423 3233 5474 ό
3257 5419 3557 5486 νεώτερος.
3591 5418 3701 5470 Καὶ

2036 5499 2143 5571 μὴν
2179 5501 2272 5570 οὐχ
2323 5494 2476 5564 οὗτος
2521 5497 2644 5572 ἦνό
2671 5501 2948 5573 νεώτερος·
3004 5502 3252 5574 δεύτερος
3309 5501 3418 5572 7&9
3439 5497 3542 5570 ἦν,
3604 5497 3698 5551 καὶ

2033 5583 2294 5652 πρότερος
2324 5583 2416 5636 τοῦ
2456 5584 2653 5652 Ἰάτρεθο
2679 5584 2794 5637 ἀλλ’
2820 5587 2868 5637 εί
2919 5587 3013 5640 καὶ
3042 5585 3140 5657 τὴν
3171 5584 3383 5656 ἡλικίαν
3415 5578 3483 5656 ἦν
3511 5580 3698 5651 πρότε-

2095 5721 2124 5762 d
2158 5723 2254 5787 $0;
2293 5737 2430 5787 mgs._
2452 5726 2562 5784 post
2593 5724 2816 5778 ἐξέδωκεν
2847 5725 2952 5774 haec
2980 5725 3195 5776 addunt:
3224 5723 3540 5787 éEévmpeby
3561 5721 3674 5787 φησὶ

2032 5787 2140 5848 Νῶε
2161 5784 2256 5832 ἀπὸ
2280 5784 2369 5848 τοῦ
2387 5781 2534 5848 οἶνον,
2553 5787 2632 5832 καὶ
2657 5788 2775 5848 ἔγνω
2815 5788 2907 5834 ὅσα
2927 5788 3148 5844 ἐποίησεν
3169 5787 3298 5848 αὑτῷ
3323 5781 3349 5834 6
3367 5781 3468 5839 υἱὸς
3489 5781 3636 5832 αὑτοῦ

2033 5847 2260 5909 νεώτερος
2291 5843 2568 5908 καὶταῦτα,
2597 5843 2699 5896 εωζ
2727 5846 2879 5897 Savil.
2907 5855 2958 5899 et
2995 5843 3077 5898 alii
3102 5843 3282 5898 meliué
3305 5854 3362 5897 ul.
3383 5848 3434 5896 in
3456 5848 3620 5894 textu.

3215 5929 3288 5990 ιτ
