4102 6204
394 288 502 345 269

402 421 495 477 ρος
523 401 749 462 ἐκείνου,
780 401 914 456 ἀλλά
938 404 1006 475 τῇ
1034 402 1227 477 γνώμῃ
1258 402 1538 474 νεώτερος,
1578 402 1669 455 καὶ
1698 403 1730 471 ή
1768 396 2064 469 προπέτεια

398 491 563 545 αὐτὸν
587 489 856 554 ἐξέϐαλεν.
895 490 1110 562 Ἐπειδὴ
1138 490 1249 562 γὰρ
1279 492 1381 545 οὐκ
1420 489 1669 544 ἐϐούλετο
1698 488 1827 542 εἰσω
1847 487 1955 540 τῶν
1984 487 2064 539 οἰ-

401 576 563 630 κείων
589 576 731 648 δρων
760 578 1225 647 μεῖναι,άπὼλεσε
1247 579 1349 650 τὴν
1374 577 1527 649 παρὰ
1555 577 1653 647 τῆς
1683 575 1895 645 φύσεως
1917 573 2066 644 αὐτῷ

400 662 690 733 δεδομένην
716 665 900 736 τιμήν·
925 664 1020 719 καὶ
1039 665 1229 737 ὥσπερ
1259 659 1433 729 οὗτος,
1469 666 1605 734 ὅπερ
1646 658 1790 734 εἶχεν
1819 662 1928 716 ἀπὸ
1967 663 2066 733 τῆς

402 748 638 816 φύσεως,
668 751 947 822 προύδωκε
972 756 1040 823 τῇ
1066 752 1337 824 μοχθηρίᾳ
1353 751 1455 821 τῆς
1488 749 1876 822 προαιρέσεως,
1895 748 2066 814 οὕτως

384 837 433 887 οδ
474 835 672 904 Ἰάφεθ,
711 839 848 908 ὅπερ
877 838 978 892 οὐκ
1021 834 1167 910 εἶχεν
1192 838 1306 893 ἀπὸ
1330 839 1427 910 τῆς
1457 837 1691 908 φύσεως,
1716 834 1874 891 τοῦτο
1898 852 2066 907 προσ-

402 919 594 976 έλαϐεν
620 923 728 977 ἀπὸ
750 924 851 995 τῆς
876 924 1062 993 ὑγιοῦς
1100 924 1347 996 γνώμης.

475 1014 551 1072 ς’.
572 1004 725 1073 Εῐδες
753 1011 1030 1075 ταῖύςούδέν
1060 1012 1245 1076 ἁπλῶς
1264 1012 1383 1066 οὐδὲ
1406 1013 1482 1076 ὡς
1513 1011 1701 1084 ἔτυχέν
1716 996 1862 1066 ἐστῖν
1888 1011 2067 1082 εὑρεῖν

406 1090 657 1162 κείμενον
681 1095 740 1148 ἐν
758 1097 826 1165 τῇ
861 1094 979 1167 θεία
1004 1096 1228 1167 Γραφῇ
1264 1095 1422 1148 Ὅσα
1439 1094 1729 1162 ἐποίησεν
1755 1094 1934 1160 αὐτῷ,
1966 1112 2069 1166 φη·-

408 1179 512 1246 σὶν,
538 1180 717 1247 όιυὶὐς
752 1182 940 1236 αὑτοῦ
967 1185 1001 1235 ὁ
1027 1183 1331 1251 νεώτερος.
1347 1178 1660 1236 Καὶεῖπεν’
1691 1181 2069 1254 Ἐπικατάραο

405 1282 509 1332 τος
533 1266 777 1321 Χαναὰν
808 1269 968 1335 παῖς,
1000 1270 1233 1337 οἰκέτης
1260 1270 1432 1324 ἔσται
1483 1268 1608 1335 τοῖς
1658 1269 1940 1339 ἀδελφοῖς
1966 1272 2070 1324 a6-

406 1353 535 1408 τοῦ.
586 1355 716 1410 ’1δού
755 1357 1073 1428 ἐφθάσαμεν
1115 1359 1195 1421 εἰς
1221 1357 1282 1411 τὸ
1307 1356 1526 1428 ζήτημα
1550 1357 1612 1410 τδ
1670 1357 1942 1427 πανταχοῦ
1971 1375 2072 1411 πε-

396 1435 785 1515 ’ριφερόμενον.
809 1446 1025 1501 Πολλῶν
1055 1447 1161 1518 γάρ
1186 1447 1331 1501 ἐστιν
1368 1448 1597 1501 ἀκοῦσαι
1623 1447 1909 1517 λεγόντων·
1931 1448 2073 1513 τίνος

409 1528 617 1592 ἕνεκεν,
669 1531 764 1585 τοῦ
798 1532 1003 1603 πατρὸς
1055 1534 1453 1605 ἡμαρτηκότος,
1508 1536 1601 1590 καὶ
1649 1537 1748 1607 τὴν
1794 1536 2073 1608 γύμνωσιν

410 1614 842 1684 ἐξαγγείλαντος,
878 1621 908 1673 6
944 1620 1071 1683 παῖς
1122 1621 1221 1690 τὴν
1249 1622 1492 1693 κατάραν
1521 1622 1772 1693 δέχεται;
1827 1623 1936 1687 Διδ,
1966 1641 2072 1677 πα-

410 1703 657 1772 ρακαλῶ,
692 1706 832 1774 μετά
848 1707 1127 1776 ἀκριϐείας
1151 1710 1437 1775 ἀκούσατε,
1468 1709 1563 1763 καὶ
1591 1709 1808 1781 δέχεσθε
1831 1711 1929 1781 τὴν
1955 1711 2075 1763 τού-

411 1804 505 1839 του
535 1782 706 1843 λύσιν.
750 1791 963 1845 Ἐκεῖνα
1000 1792 1110 1864 γὰρ
1140 1795 1369 1865 ἐροῦμεν
1405 1796 1546 1865 άπερ
1573 1795 1639 1849 ἂν
1667 1797 1702 1867 ὴ
1757 1796 1877 1851 θεία
1918 1796 2076 1868 χάρις

411 1878 668 1947 παρασχῇ
696 1876 898 1949 διάτὴν
924 1880 1192 1950 ὑμετέραν
1235 1882 1518 1950 ὠφέλειαν.
1559 1881 1705 1954 [289]
1737 1883 1845 1937 Καὶ
1887 1881 2075 1939 εἶπενο

426 1962 891 2031 Ἐπικατάρατος
943 1967 1186 2021 Χαναὰν
1235 1968 1395 2034 παῖς,
1439 1969 1675 2036 οἰκέτης
1728 1969 1898 2024 ἔσται
1954 1970 2078 2037 τοῖς

412 2045 696 2117 ἀδελφοῖς
732 2052 951 2106 αὑτοῦ.
1006 2052 1118 2125 Οὐχ
1167 2054 1352 2120 ἀπλῶς
1401 2056 1520 2108 οὐδέ
1575 2056 1696 2127 είκῆ
1753 2056 1849 2110 τοῦ
1892 2056 2079 2121 παιδὸς

413 2135 837 2205 ἐμνημόνευσεν,
865 2137 1001 2193 ἀλλά
1025 2140 1112 2195 διά
1138 2158 1260 2196 τινα
1272 2143 1430 2211 λόγον
1462 2144 2078 2214 ἐγκεκρυμμένονλὼυ⁸

394 2221 636 2292 ’λόμενος
668 2225 779 2297 γὰρ
811 2226 943 2298 ὁμοῦ
988 2229 1082 2282 καὶ
1133 2228 1477 2300 καθάψασθαι
1506 2231 1668 2285 αὐτοῦ
1695 2233 1782 2285 διὰ
1807 2232 1869 2285 τὸ
1895 2232 2078 2303 πλημ-

418 2309 672 2379 μεληθέν,
726 2314 818 2367 καὶ
843 2313 941 2386 τὴν
987 2315 1161 2386 ῦϐριν,
1188 2318 1254 2387 ὴν
1305 2319 1383 2383 εἰς
1415 2318 1573 2371 αὐτὸν
1627 2317 1955 2384 ἐπεδείξατο,
1988 2320 2079 2374 καὶ

418 2398 553 2467 μήτε
587 2401 652 2470 τῇ
689 2401 839 2472 παρὰ
862 2402 957 2454 τοῦ
1004 2402 1140 2456 Θεοῦ
1167 2404 1265 2475 ἤδη
1296 2405 1639 2478 γεγενημένῃ
1665 2406 1883 2477 εὐλογίᾳ
1908 2406 2080 2477 λυμή’

414 2484 624 2539 νασθαι·
655 2489 969 2559 Εὺλόγησε
994 2490 1102 2563 γὰρ
1124 2529 1140 2555 ,
1167 2493 1330 2563 φησὶν
1353 2534 1366 2554 .
1392 2496 1425 2547 ό
1454 2492 1597 2559 Θεὸς
1622 2493 1729 2547 τὸν
1742 2493 1869 2548 Νῶε
1898 2495 2081 2562 ἡνίκα

413 2573 673 2643 ἐξῆλθεν
697 2578 764 2630 ἐκ
794 2577 905 2646 τῆς
941 2580 1211 2645 κιϐωτοῦ,
1244 2580 1339 2634 καί
1368 2580 1511 2645 τοὺς
1526 2582 1701 2647 υἱοὺς
1721 2582 1924 2637 αὑτοῦ.
1965 2584 2080 2637 Ἵνα

394 2658 507 2716 ,οὖν
533 2663 607 2735 μὴ
634 2664 762 2735 δοκῇ
796 2666 889 2718 τὸν
922 2665 1070 2731 ἅπαξ
1123 2668 1227 2721 ὑπὸ
1259 2667 1352 2721 τοῦ
1393 2668 1528 2722 Θεοῦ
1575 2669 1673 2740 τῆς
1701 2669 1945 2737 εὐλογίας
1985 2687 2081 2723 τυ·

419 2751 581 2818 χόντα
638 2753 1071 2823 καταράσασθαι,
1124 2756 1329 2809 ἐκεῖνον
1365 2756 1465 2826 μὲν
1513 2756 1651 2819 τέως
1683 2757 1774 2810 τὸν
1826 2757 2083 2828 ὑϐρικότα

416 2838 629 2909 ἀφίησι,
668 2840 747 2910 τῷ
773 2841 830 2893 δέ
859 2842 960 2913 υίῷ
1003 2843 1103 2914 τὴν
1127 2842 1373 2914 κατάραν
1396 2844 1611 2912 ἐπάγει.
1640 2844 1766 2908 Ναὶ,
1801 2845 1939 2898 ἀλλά
1987 2846 2082 2898 καὶ

414 2924 574 2978 τοῦτο
604 2930 723 2996 μὲν,
753 2928 908 2999 φησὶ,
924 2928 1195 2984 δείκνυσιν
1226 2930 1309 2983 ὅτι
1349 2930 1438 2983 διὰ
1458 2931 1618 2985 τοῦτο
1638 2932 1697 2983 οὐ
1736 2932 2083 3002 κατηράσατο

418 3011 511 3066 τὸν
538 3014 685 3084 Χάμ,
718 3015 903 3086 ἐπειδὴ
928 3016 1028 3086 τῆς
1059 3016 1209 3086 παρά
1236 3017 1330 3071 τοῦ
1341 3017 1475 3071 Θεοῦ
1501 3018 1748 3087 εὐλογίας
1777 3018 2078 3089 ἀπήλαυσε’

420 3100 562 3164 τίνος
599 3101 654 3153 δέ
678 3101 863 3155 ἐνεκεν
878 3103 1084 3155 ἐκείνου
1119 3104 1451 3175 ἁμαρτόντος
1475 3100 1629 3168 οὗτος
1657 3104 1811 3176 δίκην
1846 3106 2079 3174 δίδωσινς

420 3187 553 3241 Οὐδὲ
570 3188 726 3241 τοῦτο
752 3189 936 3253 ἁπλῶς
959 3191 1185 3259 γίνεται.
1202 3193 1312 3245 Kal
1324 3191 1430 3263 γὰρ
1440 3194 1540 3246 οὐκ
1551 3193 1766 3247 ἔλαττον
1779 3192 1874 3247 τοῦ
1898 3194 2084 3259 παιδὸς

420 3277 448 3328 6
470 3274 598 3345 Χάμ
623 3274 722 3345 τὴν
752 3277 974 3332 κόλασιν
1006 3279 1270 3350 ὑπέμενε,
1307 3280 1401 3334 καὶ
1453 3282 1552 3352 τῆς
1572 3281 1840 3353 τιμωρίας
1864 3282 1966 3353 τὴν
1994 3283 2080 3336 at.

424 3363 611 3435 σθησιν
639 3364 1116 3436 ἐλάμϐανεν.”1στε
1148 3367 1406 3438 γάρ,ῐστε
1438 3369 1555 3434 πῶς
1584 3369 1841 3435 πολλάκις
1856 3370 2084 3441 ηὔξαντο

420 3455 653 3527 πατέρες
686 3457 824 3530 ὑπὲρ
856 3457 1061 3510 παίδων
1082 3458 1353 3531 τιμωρίαν
1379 3457 1655 3529 ὑποσχεῖν,
1690 3459 1783 3513 καὶ
1814 3461 1962 3525 ὅπως
1988 3460 2085 3532 βα-

420 3544 645 3617 ρύτερον
675 3546 856 3609 αὐτοῖς
887 3547 1032 3599 ἐστιν
1056 3546 1136 3607 εἰς
1157 3544 1428 3610 κολάσεως
1455 3544 1627 3615 λόγον,
1659 3547 1719 3600 τδ
1744 3547 1869 3612 τούς
1891 3547 2084 3613 παῖδας

420 3632 551 3705 δρᾷν
582 3631 1041 3702 τιμωρουμένους,
1094 3630 1375 3702 ἢέαυτούς
1414 3630 1741 3697 ὑπευθύνους
1773 3634 2079 3703 γεγονότας.

433 3718 681 3788 Ἐγένετο
706 3719 884 3772 τοίνυν
932 3718 1108 3783 τοῦτο,
1142 3719 1227 3772 ἵνα
1256 3718 1349 3772 καὶ
1381 3712 1533 3782 οὗτος
1587 3717 1675 3772 διὰ
1706 3719 1803 3791 τὴν
1848 3721 2085 3793 φυσικὴν

424 3804 802 3874 φιλοστοργίαν
850 3805 1069 3858 πλείονα
1094 3804 1192 3875 τὴν
1220 3803 1410 3875 ὀδύνην
1459 3805 1748 3876 ὑπομείνῃ,
1784 3808 1878 3860 καὶ
1919 3808 1953 3878 ή
1990 3807 2085 3862 τοῦ

421 3894 556 3947 Θεοῦ
574 3893 789 3961 εὐλογία
827 3894 1081 3965 ἀκέραιος
1107 3892 1376 3966 διαμείνῃ,
1423 3892 1515 3947 καὶ
1546 3894 1575 3946 6
1596 3894 1695 3965 τὴν
1721 3894 1962 3966 κατάραν
2000 3896 2087 3950 δε-

397 3981 654 4053 -ξάμενος
689 3983 816 4045 παῖς
844 3981 1058 4035 οἰκείων
1085 3979 1494 4051 ἁμαρτημάτων
1528 3979 1651 4052 τίνι-ι
1681 3980 1852 4046 δίκας.
1880 3984 1945 4037 El
1977 3985 2084 4057 γὰρ

400 4072 519 4124 .xal
542 4068 633 4124 διὰ
663 4068 723 4121 τὸ
743 4070 1046 4140 ἁμάρτημα
1077 4067 1170 4122 τοῦ
1202 4068 1406 4140 πατρὸς
1435 4066 1529 4123 νῦν
1553 4069 1650 4141 τὴν
1688 4071 1931 4143 κατάραν
1957 4072 2086 4144 λαμ-

402 4158 596 4222 ·ϐάνει,
630 4158 743 4212 ἀλλ’
770 4158 918 4227 ὅμως
946 4156 1091 4219 είκδς
1117 4151 1185 4226 ἦν
1217 4156 1284 4209 δι’
1309 4158 1485 4210 οἰκεῖα
1530 4156 1974 4230 πλημμελήματα
2014 4160 2088 4214 διμ-

422 4247 566 4300 ὂὸναι
590 4246 764 4316 δίκην.
790 4246 867 4297 Οὐ
893 4244 1002 4314 γάρ
1031 4244 1118 4297 διὰ
1146 4244 1209 4296 τδ
1242 4244 1545 4314 ἁμάρτημα
1573 4244 1668 4299 τοῦ
1698 4248 1903 4317 πατρὸς
1928 4247 2087 4317 μόνον

402 4335 522 4401 ’τὴν
549 4332 794 4401 κατάραν
823 4331 1058 4396 ἐδέξατο.
1085 4330 1200 4382 ἀλλ’
1229 4330 1262 4399 ἢ
1291 4329 1399 4398 ἄρα
1427 4331 1513 4384 ἵνα
1544 4331 1639 4385 καὶ
1669 4332 1736 4384 δι’
1767 4333 1931 4387 αὐτοῦ
1952 4336 2088 4388 ἐκεῖ·

424 4433 513 4479 νος
545 4415 765 4487 μείζονα
792 4415 869 4485 δῷ
895 4413 995 4485 τὴν
1029 4414 1317 4484 τιμωρίαν.
1354 4415 1476 4468 Ὀτι
1522 4415 1632 4486 γὰρ
1678 4416 1801 4470 οὐτε
1852 4420 2088 4491 πατέρες

425 4503 568 4575 ὐπέρ
609 4501 839 4563 τέκνων.
867 4500 992 4555 οὐτε
1018 4500 1182 4556 τέκνα
1215 4500 1357 4573 ὑπὲρ
1384 4502 1637 4574 πατέριον
1653 4502 1809 4575 δίκην
1832 4505 2085 4576 διδόασιν,

425 4591 537 4645 ἀλλ’
570 4591 798 4653 ἕκαστος
829 4589 970 4660 ὑπὲρ
995 4580 1071 4641 ὧν
1085 4588 1471 4660 ἐπλημμέλησε
1492 4589 1590 4653 τὰς
1617 4590 1846 4656 εὐθύνας
1873 4594 2084 4665 ὑπέχει,

424 4678 694 4752 πολλαχοῦ
719 4680 865 4732 ἐστιν
895 4679 1075 4750 εὑρεῖν
1099 4678 1249 4749 παρά
1276 4676 1384 4732 τῶν
1412 4678 1707 4749 προφητῶν
1765 4680 1921 4733 τοῦτο
1944 4683 2088 4754 εἰρη-

427 4772 606 4843 μένονο
629 4770 817 4841 ὥσπερ
844 4770 972 4823 ὅταν
1005 4767 1223 4836 λέγωσι·
1260 4767 1370 4822 Τοῦ
1397 4769 1692 4838 φαγόντος
1719 4767 1827 4822 τὸν
1851 4769 2088 4839 ὄμφακα

424 4861 479 4915 vl
524 4860 765 4925 ὀδόντες
801 4856 1231 4929 αίμωδιάσουσι
1278 4856 1336 4888 ⁸·
1372 4857 1487 4912 καί·
1527 4858 1600 4913 Ἠ
1630 4858 1800 4929 ψυχὴ
1838 4861 1877 4928 ἦ
1907 4863 2088 4931 ἁμαρ-

423 4948 635 5012 τοῦσα,
688 4946 841 5016 αὐτὴ
867 4946 963 5001 καί
990 4942 1390 5001 ἀποθανεῖται·
1440 4946 1533 5000 καὶ
1562 4946 1743 5014 πάλιν,
1781 4950 1901 5002 οὐκ
1942 4949 2089 5004 ἁπο-

423 5035 743 5093 οανοῦνται
779 5033 1029 5102 πατέρες
1051 5035 1205 5101 ὑπὲρ
1231 5032 1489 5097 τέκνων,
1544 5033 1683 5089 οὔτε
1728 5034 1907 5089 τέκνα
1935 5034 2089 5106 ὑπὲρ

424 5123 709 5192 πατέρων.
730 5122 935 5195 Μηδείς
961 5121 1138 5175 τοίνυν
1168 5121 1321 5192 ὑμῶν
1343 5164 1359 5187 ,
1394 5122 1714 5191 παρακαλῶ,
1747 5123 1956 5192 ἀγνοῶν
1986 5124 2087 5195 τῆς

425 5210 573 5273 θείας
605 5208 828 5280 Γραφῆς
880 5208 973 5261 τὸν
1000 5205 1220 5271 σκοπὸν,
1241 5205 1490 5277 τολμάτω
1522 5208 1830 5279 μέμφεσθαι
1857 5213 1968 5274 τοῖς
1992 5212 2085 5281 ἐγ-

424 5296 846 5367 γεγραμμένοις,
871 5295 985 5350 άλλ⁹
1008 5292 1307 5364 εὐγνώμονι
1333 5294 1542 5366 διανοίᾳ
1567 5294 1806 5365 δεχέσθω
1835 5296 1905 5350 τὰ
1934 5296 2089 5367 λεγό-

427 5399 586 5453 μενα,
619 5383 712 5436 καὶ
731 5382 1055 5453 θαυμαζέτω
1078 5383 1175 5453 τῆς
1205 5380 1355 5446 θείας
1406 5380 1627 5450 Γραφῆς
1652 5379 1749 5451 τὴν
1779 5381 2085 5450 ἀκρίϐειαν,

425 5470 517 5523 καὶ
541 5468 836 5537 λογιζέσθω
865 5469 987 5523 ὅσον
1018 5467 1279 5539 νάμαρτία
1313 5465 1502 5520 κακόν.
1544 5466 1674 5521 ’1δού
1695 5466 1802 5539 γὰρ
1824 5468 1914 5522 τὸν
1936 5470 2088 5526 ἀδελ-

426 5558 523 5627 φὺν
550 5556 641 5612 τὸν
669 5558 778 5612 τῶν
825 5557 1002 5611 αὐτῶν
1052 5557 1257 5610 ὠδίνων
1304 5555 1727 5626 κοινωνήσαντα,
1781 5556 1874 5610 τὸν
1895 5558 1959 5612 ἐκ
1988 5560 2088 5629 τῆς

486 5666 511 5693 ⁸⁸
543 5665 678 5713 Unus
697 5665 991 5727 ὁμοδιάσιρσι
1001 5663 1151 5727 ζῐίεξξε
1172 5676 1259 5727 νοτ
1285 5663 1539 5727 admodum
1560 5662 1711 5727 vatial
1731 5663 1866 5727 apud
1881 5666 2089 5727 scripto-

421 5737 508 5772 rm
531 5723 907 5774 ecclesiéslicos.
921 5724 975 5774 In
1000 5723 1208 5785 Synopsi
1231 5725 1553 5773 Athanasiana
1576 5723 1813 5785 legitur}.
1830 5723 2082 5833 "3.167:

421 5788 469 5833 οἰ
501 5786 694 5833 πατέρες
718 5787 886 5833 ἐοαγον
905 5787 1115 5833 bacam.
1140 5785 1220 5831 καὶ
1253 5786 1437 5833 ὀδόντες
1476 5788 1572 5833 τῶν
1600 5786 1776 5833 τέκνων
1797 5786 1874 5833 ὠιι
1932 5787 2082 5833 iac-av.

421 5788 469 5833 οἰ
501 5786 694 5847 πατέρες
718 5787 886 5846 ἔφαγον
905 5787 1116 5847 όμφακα,
1134 5785 1220 5847 Δκαὶ
1253 5786 1445 5847 ὀδόντες
1476 5788 1572 5833 τῶν
1592 5786 1776 5847 τέκνων
1797 5785 2086 5847 ὠμοδίασαν.

426 5845 904 5967 ἓιὲἶῖιξέῗὲἓὶρίρω
931 5845 1082 5908 (κὶίιι,
1097 5845 1149 5907 2)
1173 5858 1261 5907 pro
1281 5846 1570 5909 έγομφίασαν
1587 5845 1770 5911 legitur
1788 5845 2087 5910 ᾑμωδίασαν,

1170 290 1226 346 S.
1266 286 1549 343 JOANNIS
1573 274 2059 340 CIIRYSOSTOMI
2088 273 2405 337 A’RCIIIEP.
2439 281 2984 344 CONSTANTINOP.

3714 288 3860 345 ατο

2173 394 2345 466 αὐτῆς
2376 397 2566 468 νηδύος
2583 398 2885 465 ἐξελθόντα,
2913 402 3102 456 τοῦτον
3126 400 3511 456 ἐπεισελθοῦσα
3540 402 3574 474 ἠ
3599 403 3859 473 ἁμαρτία

2171 481 2354 538 δοῦλον
2386 486 2695 555 εἰργάσατο,
2712 489 2807 542 καὶ
2833 490 2931 560 τὴν
2957 489 3266 561 ἐλευθερίαν
3284 490 3611 561 ἀφελομένη,
3638 492 3720 555 είς
3746 494 3865 561 τὴν

2174 571 2450 644 ὑποταγὴν
2475 575 2668 645 ήγαγε·
2701 577 2796 630 καὶ
2821 577 2930 647 γάρ
2964 577 3212 632 ἐντεῦθεν
3242 578 3309 632 τὰ
3351 579 3448 650 τῆς
3477 578 3729 644 δουλείας
3758 582 3866 651 ἀρ-

2173 662 2274 733 χὴν
2305 664 2579 735 ἐλάμϐανε
2629 666 2832 720 λοιπόν.
2864 667 3000 721 Οὐδὲ
3035 668 3146 739 γάρ
3172 663 3242 739 ἦν
3272 666 3378 739 πρὸ
3408 667 3600 722 τούτου
3645 672 3685 740 ἠ
3721 669 3866 739 βλα-

2173 751 2297 804 κεία
2314 751 2474 821 αῦτη,
2507 752 2687 807 καὶτὸ
2716 753 2858 808 οῦτω
2899 754 3345 827 διαθρύπτεσθαι,
3375 755 3470 809 καὶ
3502 754 3707 827 ἐτέρων
3736 756 3865 809 δεῖ-

2176 836 2298 891 σθαι
2324 838 2431 892 τῶν
2447 839 2895 911 διακονουμένων,
2936 842 3051 895 ἀλλ’
3082 842 3312 906 ἕκαστος
3337 840 3500 906 αὐτὸς
3522 842 3703 913 ἐαυτῷ
3738 843 3871 913 διη-

2172 927 2401 989 κονεῖτο,
2452 927 2545 980 καὶ
2575 928 2742 1001 πολῇ
2765 923 2833 999 ἦν
2861 929 2896 1000 ἡ
2918 929 3199 1000 ὁμοτιμία,
3223 930 3317 982 καὶ
3365 930 3516 983 πᾶσα
3561 930 3869 1001 ἀνωμαλία

2174 1009 2416 1069 ἐκποδὼν
2452 1010 2540 1085 ἦν.
2582 1016 2796 1087 Ἐπειδὴ
2818 1016 2874 1070 δέ
2914 1015 3162 1088 εἰσῆλθεν
3185 1019 3219 1087 ὴ
3248 1017 3511 1087 ἁμαρτία,
3539 1016 3871 1088 ἐλυμήνατο

2173 1099 2277 1169 τὴν
2316 1100 2646 1173 ἐλευθερίαν,
2701 1103 2795 1156 καὶ
2822 1102 3090 1175 διέφθειρε
3116 1101 3214 1172 τὴν
3258 1102 3364 1157 ἀπὸ
3396 1103 3494 1174 τῆς
3531 1103 3871 1172 φύσεωςδε.

2174 1190 2404 1261 δομένην
2430 1191 2584 1258 ἀξίαν
2626 1192 2678 1255 δ.
2713 1195 2810 1248 καὶ
2865 1194 2967 1265 τὴν
2996 1193 3238 1249 δουλείαν
3273 1192 3423 1266 [290]
3453 1194 3866 1263 ἐπεισήγαγεν,

2178 1279 2266 1332 ἵνα
2289 1279 2543 1352 διηνεκὴς
2634 1280 2951 1344 διδάσκαλος
3000 1282 3093 1333 καί⁵
3120 1280 3369 1334 νουθεσία
3394 1280 3471 1350 τῷ
3515 1279 3623 1333 τῶν
3644 1280 3868 1350 ἀνθρώ-

2178 1384 2295 1420 πων
2324 1367 2491 1436 γένει,
2513 1368 2653 1422 ὥστε
2680 1367 2900 1438 φεύγειν
2931 1367 3141 1440 μὲντῆς
3169 1366 3442 1440 ἁμαρτίας
3460 1367 3558 1438 τὴν
3581 1367 3865 1430 δουλεία-ν,

2179 1453 2315 1524 πρὸς
2346 1454 2401 1507 δὲ
2432 1455 2529 1525 τὴν
2559 1455 2868 1526 ἐλευθερίαν
2891 1455 2990 1525 τῆς
3032 1456 3236 1526 ἀρετῆς
3264 1454 3561 1508 ἐπανιέναι.
3593 1454 3719 1507 ὀτι
3741 1457 3870 1525 γὰρ

2179 1544 2208 1594 6
2238 1541 2422 1606 δοῦλος
2439 1542 2538 1594 καὶ
2561 1541 2589 1592 ό
2613 1541 2878 1615 δεσπότης
2900 1543 3120 1614 διηνεκῆ
3153 1542 3335 1612 ἔχουσι
3361 1541 3461 1613 τὴν
3484 1540 3735 1594 ἐντεῦθεν
3769 1545 3869 1609 ἐγ.

2181 1629 2469 1699 γινομένην
2518 1630 2803 1699 ὠφέλειαν,
2837 1631 2884 1683 εί
2916 1630 3205 1701 βούλοιντο,
3250 1629 3641 1692 ἐννοείτωσαν,
3677 1631 3708 1681 6
3751 1630 3870 1698 μὲν

2179 1719 2383 1784 δοῦλος,
2414 1721 2495 1773 ὅτι
2520 1720 2607 1774 διά
2634 1720 2791 1774 τοῦτο
2815 1721 3002 1792 εἴληφε
3037 1721 3136 1789 τὴν
3161 1720 3423 1783 δουλείαν,
3459 1719 3645 1789 ἐπειδὴ
3666 1718 3698 1769 ό
3721 1720 3866 1787 Kay.

2183 1808 2260 1871 είς
2280 1806 2546 1879 τοσαύτην
2572 1809 2899 1880 προπέτειαν
2926 1807 3197 1873 ἐξώκειλε’
3233 1807 3327 1861 καὶ
3358 1808 3386 1860 6
3404 1806 3666 1877 δεσπότης
3687 1807 3868 1860 πάλιν

2182 1894 2493 1963 λογιζέσθω,
2545 1895 2626 1949 ὅτι
2657 1897 2755 1966 οὐχ
2799 1895 3063 1966 ἑτέρωθεν
3108 1897 3142 1966 ή
3173 1893 3419 1965 ὐποταγὴ
3447 1894 3634 1962 γέγονε
3692 1896 3793 1947 καὶ
3824 1898 3864 1962 ἡ

2182 1981 2413 2046 δουλεία,
2444 1980 2558 2034 ἀλλ’
2582 1982 2614 2053 ἢ
2640 1982 2749 2035 ἀπὸ
2770 1981 2863 2035 τοῦ
2896 1981 3167 2053 μοχθηρὰν
3221 1982 3426 2034 ἐκεῖνον
3479 1981 3863 2046 ἐπιδείξασθαι

2184 2066 2429 2138 γνώμην,
2460 2068 2554 2121 καὶ
2588 2069 2685 2138 τῆς
2712 2068 2978 2138 ἰσοτιμίας
2996 2068 3106 2121 τῶν
3122 2067 3365 2136 ἀδελφῶν
3386 2069 3664 2122 ἐκπεσεῖν.

2254 2155 2317 2220 ζ’.
2349 2155 2485 2208 Ἀλλ’
2501 2155 2597 2209 ἐάν
2611 2157 2889 2227 νήφωμεν,
2908 2154 3080 2209 ταῦτα
3097 2155 3163 2208 τὰ
3175 2156 3261 2209 διὰ
3274 2155 3574 2226 τάἀμαρτή
3584 2173 3733 2227 ματα
3744 2157 3859 2209 τῶν

2184 2247 2467 2319 προγόνων
2486 2245 2594 2299 τῶν
2622 2247 2904 2318 ἡμετέρων
2929 2245 3297 2317 είσενεχθέντα
3327 2248 3407 2307 εἰς
3432 2251 3523 2301 τον
3566 2246 3684 2315 βίον
3701 2249 3857 2301 οὐδὲν

2187 2335 2334 2404 ἡμᾶς
2363 2334 2704 2405 λυμήνασθαι
2726 2334 2968 2408 δύναται,
3023 2335 3183 2405 μέχρι
3230 2333 3339 2387 τῶν
3381 2334 3661 2404 ὀνομάτων
3696 2337 3858 2405 μόνον

2188 2421 2467 2492 ἱστάμενα.
2513 2422 2664 2475 Ἐπεὶ
2721 2422 2814 2475 καὶ
2838 2423 2871 2474 6
2903 2422 3320 2492 πρωτόπλαστος
3359 2422 3446 2475 διὰ
3475 2422 3574 2493 τὴν
3602 2424 3856 2494 παράϐα-

2190 2526 2273 2562 σιν
2302 2507 2393 2561 τοῦ
2422 2508 2654 2563 θανάτου
2697 2507 2758 2562 τδ
2782 2508 3051 2579 ἐπιτίμιον
3077 2509 3355 2579 εἰσήγαγε,
3372 2509 3466 2563 καὶ
3486 2508 3547 2561 τὺ
3569 2510 3628 2561 ἐν
3656 2508 3856 2572 λύπαις

2188 2597 2280 2649 καὶ
2311 2595 2528 2666 μόχθοις
2556 2595 2654 2666 τὴν
2681 2596 2825 2667 ζωὴν
2854 2596 3353 2650 καταδαπανᾶσθαιο
3405 2595 3499 2650 καλ⁵
3525 2589 3725 2658 οῦτοςθ
3757 2597 3857 2666 τὴν

2185 2683 2448 2736 δουλείαν·
2521 2683 2656 2737 ἀλλὰ
2705 2682 3146 2753 παραγενόμενος
3196 2684 3228 2736 6
3281 2682 3558 2752 Δεσπότης
3616 2683 3860 2755 Χριστὸς

2187 2768 2359 2822 ταῦτα
2385 2770 2563 2823 πάντα
2594 2770 2755 2841 μέχρι
2804 2770 2912 2823 τῶν
2955 2770 3233 2840 ὀνομάτων
3261 2769 3438 2823 αὐτῶν
3474 2770 3694 2838 ἀφῆκεν
3718 2767 3859 2823 εἶναι

2191 2856 2371 2927 μόνον,
2402 2856 2494 2910 ἐάν
2522 2856 2856 2928 βουλώμεθα,
2890 2855 3025 2910 Οῦτε
3059 2855 3168 2928 γάρ
3186 2858 3214 2910 6
3241 2856 3467 2919 θάνατος
3495 2856 3727 2919 θάνατός
3743 2860 3863 2915 ἐστι

2188 2943 2392 3007 λοιπὸν,
2424 2942 2558 2998 ἀλλά
2581 2944 2751 3015 ὄνομα
2779 2944 2938 3014 μόνον
2966 2944 3077 3014 ἔχει
3125 2944 3374 2998 θανάτου·
3410 2943 3608 3015 μᾶλλον
3652 2944 3713 2996 δὲ
3764 2947 3863 2998 καὶ

2189 3032 2319 3084 αὐτὸ
2350 3030 2411 3084 τὸ
2439 3031 2608 3102 ὄνομα
2639 3031 2911 3103 ἀφῃρέθη.
2941 3031 3137 3085 Οὐκέτι
3162 3031 3270 3102 γὰρ
3287 3031 3409 3085 οὐδέ
3439 3031 3665 3085 θάνατον
3695 3032 3859 3083 αὐτὸν

2190 3119 2685 3189 προσαγορεύομεν,
2714 3118 2851 3171 ἀλλά
2878 3118 3130 3189 κοίμησιν
3170 3120 3261 3173 καὶ
3311 3117 3497 3172 ῦπνον.
3528 3118 3619 3171 Διδ
3642 3119 3740 3171 καὶ
3763 3118 3860 3170 αὐ-

2188 3206 2278 3268 τὸς
2309 3208 2338 3259 6
2362 3205 2594 3277 Χριστὸς
2623 3205 2795 3274 ἔλεγε.
2838 3205 3096 3273 Λάζαρος
3122 3208 3157 3259 ὁ
3177 3207 3355 3273 φίλος
3380 3204 3547 3275 ἡμῶν
3580 3206 3857 3274 κεκοᾲιηο

2190 3312 2303 3350 ται·
2338 3296 2478 3349 καὶὸ
2509 3295 2717 3360 Παῦλος
2767 3297 2994 3368 γράφων
3030 3296 3501 3360 Θεσσαλονικεῦσι,
3532 3298 3686 3369 φησί·
3724 3298 3858 3365 Περὶ

2189 3383 2258 3437 δὲ
2285 3382 2402 3437 τῶν
2430 3383 2870 3453 κεκοιμημένων
2906 3386 2977 3438 οὐ
3035 3384 3186 3439 θέλω
3208 3383 3368 3452 ὑμᾶς
3396 3384 3855 3454 ᾶγνοεῖν,ἁδε.ὶ-

2190 3471 2309 3539 5:01.
2347 3471 2452 3525 Kal
2482 3470 2742 3541 ὴδουλεία
2794 3471 2955 3525 πάλιν
2980 3471 3181 3542 ὁμοίως
3224 3471 3395 3541 δνομά
3433 3473 3599 3524 ἐστιν·
3649 3473 3856 3535 ἐκεῖνος

2190 3559 2297 3632 γάρ
2326 3558 2439 3613 ἐστι
2458 3559 2682 3624 δοῦλοςὸ
2712 3559 2807 3631 τὴν
2831 3561 3102 3632 ἁμαρτίαν
3130 3559 3513 3630 ἐργαζόμενος.
3540 3559 3643 3613 Kal
3664 3563 3747 3614 ὅτι
3765 3562 3857 3613 καὶ

2189 3646 2393 3718 ταύτην
2421 3646 2623 3713 ἐξεῖλεν
2670 3648 2700 3701 6
2747 3645 2978 3719 Χριστὸς
3032 3646 3498 3719 παραγενόμενος,
3540 3648 3636 3701 καὶ
3664 3649 3855 3719 μέχρις

2192 3734 2453 3805 ὀνόματος
2483 3734 2652 3805 αὐτὴν
2684 3734 2897 3804 ἀφῆκεν
2924 3729 3085 3798 εἶναι,
3113 3734 3312 3805 μᾶλλον
3348 3735 3406 3788 δὲ
3441 3734 3534 3788 καὶ
3562 3735 3661 3806 τὴν
3688 3752 3856 3807 προσο

2191 3820 2419 3892 ηγορίαν
2448 3821 2618 3892 αὐτὴν
2658 3820 2957 3892 ἐξήλειψεν,
3004 3821 3167 3875 ἄκουε
3212 3821 3306 3874 τοῦ
3338 3821 3553 3876 Παύλου
3583 3822 3857 3891 λέγοντος·

2190 3912 2261 3962 Ol
2289 3908 2358 3962 δὲ
2384 3908 2637 3975 πιστοὺς
2671 3909 2914 3977 ἔχοντες
2941 3908 3238 3975 δεσπότας
3264 3909 3351 3979 μὴ
3385 3912 3860 3981 καταφρονείτω-

2188 4012 2333 4061 σαν,
2368 3995 2455 4049 ὅτι
2504 3994 2755 4066 ἀδελφοί
2799 3999 2975 4057 εἰσιν.
3036 3995 3199 4070 Ὁρᾷς
3245 3997 3363 4061 πῶς
3404 3997 3797 4052 ἐπεισελθοῦσα
3827 4002 3860 4070 ὴ

2193 4081 2382 4153 ἀρετὴ,
2413 4083 2492 4145 εἰς
2520 4081 2619 4152 τὴν
2652 4082 2751 4151 τῆς
2775 4083 3131 4154 ἀδελφότητος
3171 4085 3493 4153 συγγένειαν
3521 4085 3696 4155 ἤγαγε
3732 4087 3862 4149 τοὺς

2194 4169 2458 4242 πρότερον
2470 4166 2548 4239 τῷ
2566 4168 2788 4240 ὀνόματι
2808 4169 2912 4240 τῆς
2936 4170 3180 4235 δουλείας
3201 4169 3535 4233 ὑπευθύνους
3552 4171 3734 4233 ὄντας.
3749 4174 3861 4226 Καὶ

2184 4255 2381 4321 ἔσται,
2406 4255 2559 4326 φησὶ,
2590 4258 2830 4309 Χαναὰν
2849 4256 3011 4324 παῖς,
3038 4257 3269 4326 οἰκέτης
3300 4257 3424 4323 τοῖς
3449 4258 3735 4326 ἀδελφοῖς
3751 4262 3861 4315 αὐ-

2192 4342 2317 4397 τοῦ.
2349 4344 2461 4396 Οὐκ
2489 4342 2724 4413 ἐχρήσω,
2756 4342 2939 4414 φησὶν,
2969 4344 3049 4407 είς
3076 4344 3194 4398 δέον
3229 4346 3296 4415 τῇ
3322 4340 3600 4415 τιμῇ,οὐδέ
3621 4345 3863 4416 ὴνεγκας

2191 4438 2289 4511 τὴν
2313 4439 2616 4509 εὐπραγίαν
2645 4439 2744 4509 τὴν
2760 4438 2869 4492 ἀπὸ
2881 4438 2981 4510 τῆς
3010 4440 3298 4511 ἰσοτιμίας·
3329 4440 3414 4495 διὰ
3450 4440 3607 4495 τοῦτο
3625 4444 3698 4513 τῇ
3729 4443 3861 4496 ὑπο-

2182 4538 2331 4608 ταγῇ
2361 4535 2789 4607 σωφρονισθῆναι
2815 4552 2874 4588 σε
2893 4535 3352 4608 βούλομαι.Τοῦτο
3365 4538 3462 4593 καὶ
3489 4537 3547 4607 ἐξ
3571 4538 3750 4609 ἀρχῆς
3767 4541 3863 4593 ἐπὶ

2193 4634 2292 4704 τῆς
2326 4630 2582 4701 γυναικδς
2636 4632 2879 4700 γέγονεν.
2926 4632 3141 4705 Ἐπειδὴ
3178 4635 3288 4706 γὰρ
3314 4634 3575 4706 ὁμότιμος
3598 4633 3681 4704 τῷ
3708 4635 3865 4705 ἀνδρὶ

2193 4727 2481 4799 γενομένη,
2511 4727 2572 4780 οὐ
2608 4726 2787 4792 καλῶς
2817 4729 3091 4799 ἐχρήσατο
3132 4732 3199 4801 τῇ
3247 4728 3508 4804 δεδομένῃ
3546 4732 3709 4801 τιμῇ,
3774 4730 3862 4784 διὰ

2193 4826 2349 4880 τοῦτο
2372 4821 2620 4895 ἀφῃρέθη
2650 4824 2748 4893 τὴν
2777 4823 3044 4891 ἐξουσίαν,
3072 4826 3166 4879 καὶ
3201 4824 3426 4896 ὴκουσε·
3458 4823 3614 4894 Πρὸς
3628 4827 3740 4880 τὸν
3758 4826 3849 4880 ἇν-

2191 4922 2303 4989 δρα
2322 4933 2439 4974 σου
2463 4920 2502 4988 ὴ
2523 4919 2875 4990 ἀποστροφή
2900 4933 3038 4985 σου,
3068 4920 3167 4974 καί
3184 4922 3366 4988 αὑτός
3391 4935 3508 4976 σου
3535 4923 3865 4991 κυριεύσει.

2205 5014 2423 5087 Ἐπειδὴ
2451 5015 2552 5069 οὐκ
2589 5011 2772 5080 οἶσθα,
2814 5016 2982 5086 φησὶ,
3013 5017 3197 5079 καλῶς
3223 5017 3526 5089 κεχρῆσθαι
3578 5020 3646 5089 τῇ
3696 5019 3863 5091 ἀρχῇ.

2196 5111 2335 5181 μάθε
2360 5110 2541 5176 καλῶς
2562 5110 2844 5184 ἄρχεσθαι,
2860 5111 2895 5182 ἢ
2925 5111 3109 5176 κακῶς
3122 5112 3329 5183 ἄρχειν.
3352 5113 3452 5167 Διά
3479 5130 3562 5167 τοι
3593 5112 3756 5167 τοῦτο
3771 5115 3864 5167 καὶ

2193 5201 2348 5273 οὗτος
2376 5207 2471 5264 νῦν
2500 5206 2881 5279 σωφρονισμοῦ
2915 5208 3101 5263 ἐνεκεν
3121 5208 3338 5281 δέχεται
3364 5211 3425 5264 τὸ
3450 5209 3749 5281 ἐπιτίμιον,
3770 5213 3864 5265 καὶ

2192 5310 2281 5365 διά
2327 5309 2424 5365 τοῦ
2475 5310 2663 5374 παιδὸς
2705 5309 2866 5373 αὐτὸς
2909 5309 3009 5381 τὴν
3058 5310 3277 5364 κόλασιν
3307 5309 3589 5381 ὑπομένει,
3618 5310 3711 5365 ῖνα
3758 5310 3865 5380 μά-

2193 5407 2313 5480 θῃς,
2337 5407 2420 5461 ὅτι
2465 5406 2568 5461 κᾶν
2600 5405 2866 5477 γηραλέος
2913 5405 3103 5459 λοιπδν
3133 5400 3221 5478 ἦν,
3265 5405 3383 5460 ἀλλ’
3428 5406 3463 5476 ὴ
3499 5404 3741 5477 τιμωρία
3782 5407 3869 5471 εἰς

2190 5504 2284 5558 τὸν
2306 5503 2420 5558 υίδν
2439 5502 2770 5574 διαϐήσεται·
2802 5501 2939 5574 ὅπερ
2964 5500 3167 5573 πικρὰν
3192 5501 3286 5556 καὶ
3320 5500 3583 5573 ὀδυνηρὰν
3596 5501 3869 5572 αὐτῷτὴν

2193 5602 2338 5675 ζωὴν
2359 5601 2653 5675 εἰργάσατο
2686 5600 2972 5668 ἐννοοῦντι,
3004 5601 3085 5654 ὃτι
3128 5601 3224 5655 καὶ
3272 5599 3411 5671 μετά
3440 5600 3539 5671 τὴν
3577 5599 3745 5654 αὐτοῦ
3768 5617 3871 5655 τε·

2188 5697 2387 5768 λευτὴν
2416 5697 2447 5751 6
2475 5700 2603 5762 παῖς
2637 5695 2840 5768 ἤμελλε
2871 5698 3027 5762 δίκας
3067 5695 3232 5753 τίνειν
3265 5698 3408 5768 ὑπὲρ
3432 5697 3541 5752 τῶν
3572 5695 3727 5767 αὐτῷ
3758 5714 3872 5751 πει

2253 5853 2283 5893 δ
2309 5856 2527 5915 Quatuor
2545 5866 2659 5902 mss.
2683 5854 2912 5907 ἐξουσίαν.
2934 5858 2988 5902 et
3007 5853 3080 5926 sic
3100 5851 3506 5965 ίθςέἓίηἰρςρτεε.

2260 5920 2285 5951 ε
2309 5916 2380 5966 lu
2406 5917 2559 5965 codex
2583 5928 2709 5965 unus
2735 5916 2860 5977 apud
2887 5916 3135 5966 Savlllum.
3184 5930 3195 5947 ο
3239 5922 3295 5964 ιιι
3315 5930 3457 5962 ουτω.
