4116 6196
272 346 378 404 263

271 461 373 515 dus
398 458 539 514 enim
569 466 705 524 erat,
736 466 792 513 et
821 455 994 526 maior
1022 461 1148 508 natu
1176 467 1335 522 quam
1360 451 1588 521 Japheth
1617 469 1630 506 :
1657 459 1710 505 at
1739 449 1863 504 licet

275 561 432 606 :etate
458 551 549 605 illo
576 551 720 621 prior
742 557 877 609 erat.
909 548 1183 602 voluntate
1205 556 1380 600 tamen
1403 545 1592 608 minor,
1617 553 1671 598 et
1699 551 1864 596 teme-

274 643 405 697 ritas
431 643 578 697 illum
607 641 819 711 deiecit.
852 639 984 694 Nam
1015 639 1136 708 quia
1164 638 1337 692 noluit
1361 637 1498 691 intra
1519 648 1642 690 suos
1668 633 1862 687 limites

277 746 514 797 insuere,
565 730 743 785 amisit
786 728 1045 783 honorem
1076 727 1176 782 sibi
1221 740 1250 778 a
1279 732 1464 780 natura
1491 724 1739 779 traditum
1764 738 1779 775 ι
1808 729 1862 774 et

275 823 410 877 sicut
443 822 533 876 ille
576 821 627 876 id
673 818 815 890 quod
847 829 1036 873 natura
1083 817 1287 883 habuit,
1316 815 1547 885 nequitia
1575 811 1860 869 voluntatis

274 913 472 978 amisit,
505 912 577 968 ita
601 910 828 981 Japheth
849 908 991 981 quod
1019 918 1205 964 natura
1235 922 1340 963 non
1365 906 1563 972 habuit,
1592 905 1856 959 saniorem

274 1002 345 1057 ob
371 1012 601 1058 mentem
629 1001 852 1071 accepit.

347 1093 401 1147 6.
443 1091 548 1146 Cur
587 1093 724 1160 ﬁlius
752 1091 1049 1145 ntaledictus
1076 1089 1140 1142 sit
1163 1089 1224 1142 ob
1250 1088 1406 1158 patris
1439 1095 1712 1158 peccatum.
1749 1083 1856 1136 Ρα-

275 1192 374 1235 tres
402 1199 492 1253 pro
519 1183 686 1237 liberis
713 1183 881 1250 puniri
901 1189 1096 1251 optant.
1115 1208 1183 1219 —
1212 1178 1398 1233 Vidisti
1421 1177 1690 1247 quomodo
1708 1174 1838 1227 nihil

277 1283 479 1329 temere
503 1282 556 1329 et
579 1272 793 1327 fortuito
823 1273 873 1326 in
903 1272 1081 1326 divina
1097 1270 1369 1339 Scriptum
1391 1266 1694 1336 reperitur?
1729 1265 1858 1331 Qun!

274 1364 463 1426 fecerat
492 1364 616 1426 sibi,
650 1363 848 1434 inquit,
878 1363 1016 1432 filius
1049 1377 1172 1416 suus
1219 1360 1406 1426 iunior.
1439 1358 1530 1414 25.
1568 1357 1632 1410 Et
1683 1356 1810 1409 dixit
1837 1370 1856 1408 :

277 1453 577 1509 Maledictus
622 1455 868 1509 Chanaan
911 1455 1069 1523 filius,
1098 1469 1270 1508 servus
1308 1453 1402 1506 erit
1444 1451 1685 1521 fratribus
1731 1449 1853 1503 suis.

275 1547 414 1600 Ecce
437 1547 777 1617 pervenimus
797 1546 862 1600 ad
884 1546 1231 1615 qumstiouem
1260 1543 1400 1596 illam
1420 1541 1612 1609 ubique
1635 1550 1851 1593 mOtam.

274 1637 464 1691 Multos
488 1638 628 1690 enim
659 1637 904 1692 audimus
931 1635 1170 1691 dicentes
1209 1655 1221 1690 :
1254 1634 1429 1702 Quare
1457 1647 1577 1684 cum
1605 1644 1856 1700 peccave-

270 1726 339 1779 rit
363 1736 534 1795 pater,
563 1735 615 1780 et
644 1727 939 1796 prodiderit
964 1726 1281 1790 nuditatem,
1338 1723 1484 1778 ﬁlius
1511 1721 1852 1775 maledictum

268 1816 526 1886 suscipit?
549 1817 805 1884 Obsecro,
834 1816 1092 1872 attendite
1121 1817 1424 1887 diligenter,
1455 1822 1510 1869 et
1537 1813 1854 1867 solutionem

269 1908 509 1976 accipite.
540 1907 630 1962 Illa
653 1908 792 1962 enim
817 1907 1078 1967 dicemus.
1098 1922 1216 1977 qua:
1233 1903 1652 1974 suppeditaverit
1679 1901 1854 1956 divina

268 2001 434 2066 gratia
463 2009 677 2069 propter
705 2009 934 2069 vestram
969 2000 1271 2054 utilitatem.
1319 1997 1384 2050 Et
1423 1997 1552 2050 dixit
1582 2011 1600 2048 :
1637 1994 1856 2048 Maledi-

269 2098 378 2140 ctus
401 2067 646 2142 Chanaan
673 2089 826 2157 filius,
851 2067 1019 2143 seruus
1044 2088 1134 2142 erit
1160 2087 1404 2158 fratribus
1420 2087 1543 2141 suis.
1576 2084 1693 2140 Non
1721 2084 1850 2137 sim-

272 2177 500 2245 pliciter,
527 2193 697 2248 neque
715 2180 765 2232 in
793 2194 984 2233 vanum
1003 2178 1440 2234 commemoravit
1460 2177 1648 2240 lilium,
1673 2174 1766 2230 scd
1785 2175 1854 2228 ob

273 2269 525 2325 latentem
549 2272 828 2326 rationem.
859 2271 1081 2326 Volebat
1110 2271 1252 2326 enim
1271 2271 1430 2324 simul
1457 2279 1510 2325 et
1534 2269 1708 2340 ipsum
1735 2282 1854 2323 cor-

270 2360 444 2428 ripere
472 2370 690 2431 propter
708 2373 1000 2431 peccatum,
1034 2371 1087 2417 et
1111 2362 1488 2417 contumeliam
1512 2377 1614 2431 qua
1635 2375 1695 2416 se
1718 2359 1851 2414 all‘e-

267 2459 447 2503 ccrat:
480 2460 533 2504 et
574 2452 731 2505 simul
777 2452 988 2507 nolebat
1036 2452 1356 2507 labefactare
1404 2451 1851 2517 benedictionem,

267 2558 384 2609 qua:
407 2543 480 2596 illi
508 2543 710 2612 pridem
737 2559 766 2598 a
793 2545 900 2612 Deo
933 2543 1069 2600 facta
1112 2544 1285 2600 fuerat
1320 2560 1335 2598 :
1363 2543 1627 2599 Benedixit
1670 2544 1811 2599 enim
1837 2583 1851 2607 ,

270 2634 458 2702 inquit,
493 2634 628 2690 Deus
677 2635 790 2692 Noe
813 2639 1016 2707 quando
1037 2638 1185 2691 exivit
1209 2654 1273 2691 ea:
1297 2654 1437 2703 arca,
1463 2647 1510 2692 et
1539 2637 1674 2706 ﬁlios
1714 2635 1854 2689 illius

273 2725 422 2794 (Gen.
447 2727 502 2782 9.
534 2728 556 2782 l
591 2730 629 2796 ).
666 2728 735 2784 Ut
775 2729 932 2798 igitur
975 2746 1043 2786 ne
1067 2730 1310 2786 videatur
1349 2729 1667 2786 maledicere
1695 2744 1852 2798 quem

270 2817 410 2872 Deus
437 2820 606 2874 semel
644 2821 1006 2887 benedixerat,
1048 2803 1326 2892 pra-.terito'
1346 2822 1436 2877 illo
1460 2823 1551 2892 qui
1584 2837 1643 2878 se
1669 2830 1854 2878 contu-

267 2911 422 2965 melia
454 2909 724 2973 affecerat.
757 2913 865 2968 lllio
891 2914 1231 2970 maledictum
1277 2915 1472 2969 intulit.
1505 2915 1656 2981 Esto,
1699 2914 1852 2968 dixe-

266 3003 375 3067 ris,
432 3003 534 3059 hoc
585 3005 800 3074 quidem
854 3005 1088 3060 ostendit
1131 3015 1410 3076 propterea
1467 3006 1632 3061 Cham
1686 3005 1851 3059 male-

264 3095 465 3151 dictum
485 3111 590 3151 non
611 3097 795 3164 fuisse,
813 3097 932 3168 quia
962 3098 1109 3168 prius
1131 3111 1161 3151 a
1183 3097 1290 3152 Deo
1308 3096 1730 3152 benedictionem
1760 3110 1854 3150 ac-

266 3198 482 3258 ceperat
521 3206 534 3243 :
566 3205 732 3260 quare
757 3201 935 3245 autem
961 3205 1083 3245 cum
1113 3190 1204 3244 ille
1235 3190 1554 3259 peccaverit,
1603 3188 1688 3242 hic
1736 3203 1852 3258 pte-

266 3294 388 3334 nam
415 3280 548 3335 luit?
572 3280 755 3351 Neque
782 3284 883 3336 hoc
903 3281 1105 3352 absque
1135 3261 1339 3335 ratione
1360 3280 1555 3334 factum
1587 3288 1691 3334 est.
1721 3279 1854 3333 Nam

266 3380 417 3440 pater
461 3386 564 3426 non
611 3373 872 3427 minorem
907 3385 1116 3441 paanam
1151 3372 1350 3436 habuit,
1381 3386 1542 3441 quam
1595 3371 1732 3425 illius
1758 3412 1771 3436 ,
1802 3381 1856 3424 et

266 3463 557 3516 cruciatum
586 3464 772 3517 sensit.
818 3463 978 3518 Scitis
1005 3462 1170 3526 enim,
1201 3462 1352 3515 scitis
1389 3460 1659 3530 quomodo
1684 3475 1854 3528 sa‘pe-

267 3567 493 3606 numero
532 3563 708 3622 patres
749 3553 946 3622 precati
989 3560 1116 3606 sunt
1153 3561 1210 3606 ut
1266 3551 1499 3605 filiorum
1550 3566 1734 3620 pinnas
1759 3551 1856 3618 ipsi

270 3643 512 3706 ferrent;
544 3652 597 3697 et
637 3643 852 3712 gravius
903 3642 1004 3696 illis
1050 3657 1171 3697 esse
1201 3641 1382 3696 videre
1433 3641 1568 3696 filios
1596 3641 1856 3710 supplicio

268 3734 432 3802 allici,
457 3750 614 3805 quam
645 3737 687 3789 si
720 3735 817 3804 ipsi
847 3735 911 3789 iis
938 3734 1113 3790 forent
1132 3734 1369 3789 obnoxii.
1401 3734 1621 3788 Factum
1649 3735 1856 3788 esthoc

271 3827 454 3896 igitur,
485 3838 541 3880 ut
571 3826 660 3882 ille
689 3826 760 3881 ob
785 3826 1084 3881 naturalem
1127 3825 1179 3880 in
1215 3826 1380 3880 lilium
1405 3841 1665 3889 amorem,
1692 3824 1857 3895 maio-

270 3934 388 3974 rem
435 3920 661 3974 sentiret
687 3919 950 3984 doloretn,
995 3928 1050 3974 et
1081 3917 1381 3974 benedictio
1410 3919 1502 3972 Dei
1551 3927 1860 3973 servaretur

270 4014 546 4077 inviolata,
572 4023 626 4068 et
651 4013 788 4067 filius
809 4021 1023 4082 accepta
1056 4011 1449 4074 maledictione,
1480 4026 1698 4066 suorum
1727 4025 1853 4081 pro-

271 4106 510 4174 pt'iut‘ttltl
537 4120 722 4174 paruas
751 4114 1086 4175 peccatorum
1117 4105 1307 4159 lueret.
1337 4104 1467 4158 Nam
1497 4106 1616 4159 licet
1644 4113 1860 4172 prepter

272 4199 438 4268 patris
463 4207 737 4267 peccatum
765 4211 902 4250 nunc
935 4196 1290 4251 tnaledictioni
1318 4195 1388 4250 sit
1411 4196 1696 4260 obnoxius,
1725 4203 1861 4248 atta-

271 4307 397 4346 men
427 4291 714 4346 verisimile
743 4299 846 4355 est,
879 4306 1002 4345 eum
1047 4291 1208 4346 etiam
1255 4299 1475 4358 preptcr
1520 4303 1614 4341 sua
1662 4288 1856 4341 delicta

275 4383 487 4439 dedisse
531 4398 762 4454 poenam.
810 4381 924 4436 Non
953 4382 1094 4436 enim
1121 4381 1294 4436 solum
1323 4388 1544 4450 propter
1587 4389 1860 4448 peceatum

275 4473 442 4544 patris
488 4473 914 4529 maledictionem
953 4472 1176 4541 accepit,
1208 4469 1304 4525 sed
1351 4469 1592 4524 fortassis
1617 4471 1778 4524 etiam
1808 4479 1863 4522 ut

275 4580 377 4634 per
407 4564 576 4634 ipsum
601 4564 689 4620 ille
716 4565 970 4633 majorem
993 4577 1204 4634 pinnam
1235 4561 1514 4631 penderet.
1551 4561 1681 4615 Nam
1718 4560 1859 4631 quod

277 4670 450 4726 neque
470 4665 643 4727 patres
668 4671 765 4726 pro
789 4655 930 4720 filiis,
960 4668 1130 4724 neque
1155 4652 1246 4707 lilii
1273 4668 1366 4722 pro
1387 4653 1621 4723 patribus
1652 4667 1860 4722 pinnam

276 4746 446 4812 luant,
490 4746 581 4801 sed
623 4747 986 4816 unusquisque
1028 4759 1124 4815 pro
1152 4745 1264 4798 suis
1306 4744 1536 4814 peccatis
1585 4760 1756 4813 ptena:
1794 4744 1865 4798 sit

286 4837 579 4903 obnoxius,
605 4838 789 4892 multis
815 4837 866 4890 in
899 4837 1030 4890 locis
1054 4851 1080 4890 a
1108 4834 1380 4906 prophetis
1409 4836 1606 4890 dictum
1662 4833 1862 4888 inveni-

277 4944 418 4990 mus.
449 4938 506 4986 ut
533 4945 652 4984 cum
674 4930 856 4984 dicunt
888 4946 903 4985 :
928 4928 1242 4984 Camedemis
1282 4945 1404 4984 uvas
1424 4929 1649 4994 acerbas,
1689 4928 1863 4981 dentes

277 5021 632 5088 obstupescunt
662 5019 791 5090 (Jer.
822 5020 910 5074 5i.
934 5020 1066 5089 29);
1117 5029 1190 5086 ct,
1218 5021 1399 5073 Anima
1428 5035 1538 5090 qua:
1567 5020 1860 5088 peccaverit,

276 5114 392 5183 ipsa
443 5123 490 5168 et
535 5113 776 5166 morietur
813 5109 1022 5181 (Ezech.
1054 5113 1139 5168 18.
1188 5112 1325 5182 20);
1367 5121 1422 5167 et
1471 5114 1660 5167 iterum
1699 5130 1711 5165 :
1745 5110 1864 5165 Non

281 5207 560 5260 morientur
601 5214 767 5274 patres
807 5222 898 5275 pro
941 5207 1060 5275 ﬁliis
1086 5247 1102 5272 ,
1155 5222 1312 5276 neque
1358 5204 1453 5272 ﬁlii
1507 5220 1598 5272 pro
1641 5204 1865 5273 patribus

279 5297 458 5368 (Deut.
490 5295 580 5350 24.
606 5295 673 5350 16
694 5293 734 5366 ).
758 5294 945 5351 Nullus
990 5297 1148 5367 igitur
1178 5307 1438 5360 vestrum,
1467 5311 1670 5363 qnzeso,
1714 5297 1864 5366 quasi

279 5389 534 5461 ignorans
553 5387 746 5442 divina:
771 5388 1062 5459 Scriptura:
1089 5403 1331 5460 scepum,
1358 5389 1553 5442 audeat
1579 5390 1693 5443 haec
1735 5389 1869 5443 seri-

283 5493 372 5552 pta
412 5481 828 5551 reprehendere,
874 5481 967 5538 sed
1014 5492 1169 5553 grato
1220 5483 1403 5537 animo
1453 5498 1572 5552 qua:
1617 5482 1870 5538 dicuntur

282 5575 528 5644 accipiat,
558 5575 957 5648 admireturque
982 5576 1178 5630 divina:
1208 5575 1499 5648 Scriptura:
1527 5577 1712 5631 miram
1742 5575 1867 5630 dilio

283 5669 536 5738 gentiam,
572 5676 627 5724 et
649 5669 923 5740 expendat
951 5678 1206 5738 quantum
1232 5669 1426 5724 malum
1459 5669 1528 5725 sit
1567 5679 1862 5740 peccatum.

287 5758 421 5818 Ecce
466 5761 609 5819 enim
653 5759 874 5819 fratrem
936 5758 1125 5816 eadem
1185 5770 1362 5817 uatum
1419 5776 1679 5834 puerpera
1708 5805 1723 5836 ,
1775 5776 1866 5820 co-

1376 337 1439 392 lN
1478 336 1630 393 CAP.
1674 335 1764 392 ιχ.
1805 331 2049 392 GENES.
2092 333 2319 391 HOMIL.
2358 335 2550 392 XIIX.

3444 339 3549 395 270

1974 449 2096 505 dem
2131 464 2402 520 egressum
2457 459 2627 518 utero,
2680 452 3074 522 subingressum
3119 463 3390 523 peccatum
3443 471 3554 512 ser-

1972 555 2093 595 vum
2127 541 2278 607 fecit,
2306 550 2362 596 et
2386 540 2561 596 ablata
2588 541 2854 608 libertate,
2886 545 2940 598 in
2967 544 3349 614 subiectionem
3402 545 3546 601 illum

1969 631 2175 687 induxit
2203 650 2216 687 :
2250 633 2388 688 unde
2415 641 2595 703 postea
2623 635 2853 688 servitus
2873 636 3096 703 sumpsit
3115 636 3399 706 originem.
3428 635 3533 691 Ne-

1967 737 2070 792 que
2097 724 2239 779 euim
2266 735 2421 781 antea
2468 725 2712 780 solebant
2743 725 2813 780 ita
2853 726 3086 781 molliter
3105 741 3282 796 agere,
3309 727 3545 783 deliciari

1966 824 2019 866 et
2061 813 2283 868 aliorum
2321 815 2627 871 ministeriis
2675 815 2932 888 indigere.
2968 816 3074 872 Sed
3096 818 3327 888 sibiipsis
3349 819 3546 888 quiquo

1968 904 2361 971 ministrabant,
2394 916 2610 976 eratque
2638 922 2736 978 par
2779 908 3016 962 omnium
3070 907 3258 971 honor,
3288 919 3342 963 et
3369 910 3544 963 ablata

1965 1012 1996 1050 e
2021 998 2198 1052 medio
2218 1006 2333 1053 erat
2350 1000 2523 1054 omnis
2549 1000 2878 1071 ina'qnalitas
2899 1017 2912 1067 ;
2937 1000 3026 1055 ubi
3063 1010 3240 1055 autem
3271 1009 3544 1069 peccatum

1967 1087 2202 1152 intravit,
2242 1089 2538 1144 libertatem
2569 1091 2815 1160 perdidit,
2849 1099 2904 1145 et
2950 1090 3256 1160 dignitatem
3287 1105 3316 1144 a
3349 1099 3540 1145 natura

1964 1177 2140 1232 datam
2169 1179 2524 1246 labefactavit,
2549 1183 2969 1253 servitutemque
2992 1181 3306 1248 introduxit,
3331 1191 3389 1236 ut
3414 1196 3544 1237 cou-

1965 1269 2106 1323 tintta
2134 1271 2203 1325 sit
2227 1271 2468 1327 doctrina
2507 1282 2559 1326 et
2588 1272 2878 1328 admonitio
2926 1273 3170 1326 humanm
3213 1283 3435 1337 natum,
3489 1284 3542 1327 ut

1965 1359 2226 1432 fugiamus
2251 1364 2561 1418 servitutem
2586 1365 2809 1434 peccati,
2843 1374 2895 1420 et
2919 1364 2985 1419 ad
3014 1364 3222 1418 virtutis
3247 1364 3542 1420 libertatem

1962 1453 2264 1509 redeamus.
2293 1456 2442 1520 Quod
2477 1459 2616 1511 enim
2643 1473 2834 1514 servus
2859 1467 2912 1513 et
2937 1459 3186 1514 dominus
3227 1458 3350 1513 hinc
3375 1459 3545 1514 conti-

1963 1559 2142 1609 nuam,
2173 1547 2216 1600 si
2238 1547 2421 1612 velint,
2455 1547 2681 1604 habeant
2717 1551 2998 1604 utilitatem
3021 1591 3038 1618 ,
3070 1550 3322 1621 cogitent.
3356 1565 3545 1606 servus

1961 1635 2171 1703 quidem
2195 1636 2312 1691 ideo
2333 1637 2384 1691 in
2410 1639 2717 1694 servitutem
2744 1654 2802 1695 se
2831 1640 3124 1705 redactum,
3153 1641 3274 1710 quia
3294 1640 3460 1696 Chatn
3491 1642 3542 1695 iu

1963 1733 2157 1781 tantam
2190 1739 2503 1796 pervenerat
2536 1732 2883 1786 temeritatem
2919 1749 2930 1784 :
2963 1741 3018 1788 et
3041 1732 3288 1788 dominus
3332 1745 3543 1802 quoque

1960 1818 2173 1887 cogitet,
2199 1834 2302 1874 non
2336 1820 2552 1878 aliunde
2587 1822 2970 1892 subiectionem
2997 1833 3052 1879 et
3077 1825 3391 1879 servitutem
3419 1837 3532 1880 cm-

1960 1907 2120 1978 pisse,
2150 1925 2308 1981 quam
2339 1913 2480 1983 quod
2507 1914 2593 1970 ille
2624 1929 2932 1984 perversam
2964 1915 3266 1971 exhibuerit
3296 1916 3538 1969 volunta-

1962 2011 2089 2067 tem,
2121 2012 2176 2058 et
2199 2019 2229 2058 a
2261 2006 2371 2075 pari
2400 2006 2622 2061 fratrum
2656 2007 2912 2077 dignitate
2941 2007 3224 2063 exciderit.

2030 2094 2062 2148 7
2119 2094 2332 2161 Verum,
2365 2097 2408 2150 si
2439 2096 2604 2151 sobrii
2638 2111 2824 2151 sumus
2861 2107 2916 2151 et
2945 2098 3251 2166 prudentes,
3285 2096 3416 2151 nihil
3447 2109 3544 2152 nos

1961 2183 2231 2240 offendent
2261 2187 2373 2241 hare
2395 2196 2611 2258 propter
2643 2197 2856 2258 peccata
2910 2197 3191 2259 parentum
3232 2198 3538 2244 nostrorum

1961 2277 2257 2333 introducta
2285 2278 2338 2334 in
2368 2279 2503 2335 hanc
2530 2281 2713 2346 vitam,
2739 2297 2858 2336 cum
2892 2295 2978 2336 res
3008 2282 3059 2336 in
3082 2280 3389 2336 nominibus
3413 2281 3542 2335 solis

1959 2380 2222 2425 versetur.
2247 2370 2378 2438 Qnia
2401 2381 2455 2426 et
2483 2373 2684 2441 primus
2708 2387 2897 2442 parens
2923 2382 3141 2442 propter
3167 2373 3544 2442 transgressio-

1962 2475 2080 2514 nem
2105 2463 2291 2515 mortis
2311 2477 2520 2531 poenam
2544 2463 2809 2532 vitamque
2829 2464 2879 2516 in
2910 2463 3178 2518 laboribus
3199 2463 3544 2518 maeroribus-

1959 2568 2064 2623 que
2092 2555 2512 2609 consumendam
2562 2555 2758 2619 intulit,
2790 2564 2844 2611 et
2865 2555 2950 2609 hic
2977 2555 3285 2609 servitutem
3320 2569 3541 2609 :verum

1959 2646 2336 2714 superveniens
2378 2645 2632 2700 Dominus
2670 2646 2913 2701 Christus
2939 2645 3051 2700 haec
3078 2646 3254 2700 omnia
3281 2659 3401 2700 esse
3425 2659 3544 2714 per-

1961 2738 2103 2791 misit
2121 2737 2186 2791 ad
2203 2738 2415 2792 nomina
2429 2753 2595 2808 usque
2617 2747 2842 2801 tantum,
2863 2737 2905 2792 si
2922 2737 3165 2792 volumus
3204 2736 3386 2808 Neque
3399 2737 3540 2791 enim

1958 2843 2122 2894 mors,
2158 2843 2298 2882 mors
2321 2830 2454 2883 ultra
2478 2829 2687 2895 est,scd
2721 2844 2912 2884 nomen
2931 2837 3134 2882 tantum
3155 2827 3311 2882 habet
3336 2826 3540 2890 mortis,

1962 2920 2068 2972 into
2102 2927 2154 2974 et
2182 2920 2353 2988 ipsum
2386 2934 2578 2974 nomen
2610 2919 2874 2972 sublatum
2906 2927 3008 2973 est.
3041 2918 3170 2972 Nam
3202 2933 3372 2986 neque
3400 2931 3544 2971 inor-

1963 3018 2067 3063 tem
2099 3009 2265 3078 ipsam
2308 3010 2445 3063 ultra
2474 3009 2718 3072 dicimus,
2763 3007 2856 3062 sed
2897 3022 3144 3077 soporem
3195 3019 3245 3062 et
3276 3021 3543 3060 somnum.

1960 3100 2189 3155 Proinde
2216 3109 2270 3154 et
2315 3101 2558 3155 Christus
2606 3101 2719 3170 ipse
2763 3100 2976 3154 dicebat
3017 3115 3029 3152 :
3083 3098 3311 3152 Lazarus
3353 3099 3546 3152 amicus

1961 3203 2128 3247 noster
2156 3194 2340 3247 dormit
2364 3192 2538 3262 (Joan.
2581 3194 2664 3247 ll.
2692 3193 2752 3246 ll
2784 3192 2802 3262 )
2837 3210 2849 3246 :
2892 3202 2946 3246 et
2972 3190 3168 3246 Paulus
3199 3190 3544 3245 Thessaloni-

1961 3283 2208 3338 censibus
2251 3284 2490 3338 scribens
2516 3325 2530 3349 ,
2578 3284 2748 3352 inquit
2789 3301 2802 3336 :
2852 3280 2929 3335 De
2970 3281 3328 3336 dormientibus
3381 3289 3546 3334 autem

1961 3377 2078 3430 nolo
2109 3391 2192 3429 vos
2220 3377 2475 3447 ignorare,
2502 3377 2685 3444 fratres
2725 3376 2817 3445 (l.
2852 3375 3025 3429 Thess.
3063 3375 3116 3429 4.
3141 3372 3259 3443 12).
3289 3373 3355 3427 Ει
3381 3373 3546 3428 servi-

1964 3476 2047 3521 tus
2075 3482 2285 3537 quoque
2311 3466 2555 3520 similiter
2581 3481 2772 3519 nomen
2799 3473 2881 3520 est
2907 3481 2921 3517 :
2953 3464 3044 3518 ille
3067 3463 3208 3516 enim
3231 3471 3312 3517 est
3337 3478 3543 3524 servus,

1962 3559 2049 3628 qui
2081 3567 2354 3627 peceatum
2376 3564 2645 3626 operatur.
2681 3555 2747 3609 Et
2769 3555 2908 3624 quod
2950 3557 3109 3608 etiam
3143 3554 3279 3608 hanc
3304 3553 3544 3608 abstule-

1964 3648 2031 3701 tit
2059 3647 2289 3702 adventu
2319 3661 2418 3702 suo
2444 3646 2704 3708 Christus,
2738 3659 2838 3700 nec
2863 3645 2960 3700 nisi
2981 3660 3175 3698 nomen
3205 3658 3325 3698 esse
3350 3643 3546 3712 permi-

1964 3740 2112 3803 serit,
2142 3739 2249 3794 imo
2278 3749 2333 3794 ct
2361 3739 2674 3794 vocabulum
2703 3739 2873 3809 ipsum
2913 3737 3201 3804 deleverit,
3245 3735 3367 3791 audi
3412 3735 3547 3790 Pan-

1965 3831 2074 3885 lum
2107 3831 2373 3886 dicentem
2408 3849 2422 3884 :
2455 3831 2556 3895 Qui
2575 3842 2740 3884 autem
2763 3831 2936 3897 fideles
2961 3831 3143 3884 habent
3169 3829 3422 3891 dominos.
3446 3842 3547 3880 non

1963 3931 2282 3976 contemnant
2302 3939 2405 3984 eos,
2427 3923 2544 3990 quia
2565 3922 2748 3992 fratres
2768 3932 2885 3976 sunt
2907 3922 2991 3992 (l.
3017 3920 3152 3975 Tini.
3184 3921 3237 3976 6.
3267 3921 3303 3975 2
3322 3921 3362 3991 ).
3386 3920 3548 3975 Vides

1965 4011 2231 4079 quomodo
2260 4012 2347 4066 ubi
2379 4013 2548 4066 virtus
2589 4013 2943 4076 subintravit,
2969 4025 3065 4066 eos
3109 4011 3160 4066 in
3204 4011 3550 4066 fraternitatis

1965 4117 2159 4157 nomen
2187 4103 2545 4173 congregavit,
2569 4103 2658 4173 qui
2683 4103 2832 4173 prius
2848 4103 3118 4158 servitutis
3147 4105 3363 4158 nomine
3392 4113 3549 4157 erant

1966 4195 2185 4249 obnoxii
2205 4196 2229 4248 ’ξ
2253 4193 2322 4248 Et
2341 4195 2455 4262 erit,
2485 4194 2673 4264 inquit,
2721 4194 2967 4249 Chanaan
2998 4195 3135 4263 ﬁlius
3164 4211 3334 4248 servus
3370 4195 3546 4265 fratri-

1968 4288 2056 4341 bus
2078 4288 2202 4341 suis.
2227 4285 2437 4342 Abusus
2463 4301 2544 4350 es,
2573 4287 2760 4356 inquit,
2792 4285 3012 4352 honore,
3052 4301 3156 4340 non
3188 4286 3325 4341 bene
3355 4295 3408 4340 te
3431 4299 3549 4354 ges-

1967 4378 2102 4443 sisti,
2131 4393 2250 4433 cum
2276 4393 2369 4446 par
2396 4393 2542 4433 esses
2572 4377 2863 4448 dignitate;
2911 4386 3192 4448 propterea
3219 4376 3552 4446 subiectione

1968 4470 2240 4525 emendari
2287 4479 2340 4525 te
2380 4469 2522 4525 volo.
2555 4469 2667 4524 Hoc
2711 4469 2780 4525 ab
2811 4470 2962 4524 initio
2989 4481 3043 4524 et
3073 4468 3283 4524 mulieri
3310 4469 3551 4538 contigit.

1966 4564 2228 4630 Quoniam
2259 4565 2401 4618 enim
2451 4579 2546 4633 par
2590 4571 2705 4617 erat
2757 4562 2871 4617 viro
2921 4562 3200 4632 dignitate,
3242 4571 3297 4616 et
3351 4562 3554 4616 honore

1966 4655 2129 4710 abusa
2161 4664 2260 4720 est,
2295 4665 2572 4723 pmptcrea
2613 4655 2783 4708 ablata
2837 4663 2920 4708 est
2963 4655 3032 4708 ab
3072 4655 3156 4707 illa
3199 4662 3458 4722 potestas,
3501 4659 3555 4705 ct

1968 4747 2167 4802 audivit
2201 4765 2214 4800 :
2260 4748 2339 4800 Ad
2397 4748 2560 4800 virum
2597 4757 2738 4800 tuum
2776 4747 3034 4800 conversio
3069 4756 3186 4807 tua;
3233 4753 3278 4796 et
3331 4744 3440 4812 ipse
3481 4748 3554 4794 tut

1969 4838 2311 4891 dontinabitur
2349 4836 2500 4906 (Gen.
2545 4838 2597 4890 5.
2662 4836 2786 4906 l6).
2836 4836 2968 4902 Quia
3022 4833 3311 4900 nescivisti,
3363 4833 3550 4902 inquit,

1971 4930 2194 4999 imperio
2223 4939 2369 4984 recte
2395 4929 2488 4992 uti,
2523 4927 2672 4982 disce
2701 4927 2875 4996 potius
2896 4936 3042 4981 recte
3070 4926 3292 4994 imperio
3335 4922 3552 4994 subjici,

1969 5036 2127 5092 quam
2181 5020 2318 5074 male
2365 5021 2648 5090 imperare.
2697 5016 2926 5072 Proinde
2967 5017 3126 5072 etiam
3184 5015 3270 5071 hic
3307 5030 3448 5071 nunc
3488 5014 3554 5069 ad

1969 5113 2396 5169 emendationem
2442 5125 2651 5181 poenam
2704 5110 2916 5180 accipit,
2971 5118 3022 5164 et
3072 5124 3170 5181 per
3219 5108 3385 5163 lilium
3445 5108 3558 5177 ipse

1970 5207 2276 5262 cruciatur:
2307 5215 2364 5261 ut
2400 5205 2594 5271 discas,
2633 5204 2733 5260 etsi
2791 5219 2956 5260 senex
3011 5212 3136 5258 tunc
3182 5214 3321 5258 esset
3356 5243 3372 5266 ,
3422 5210 3557 5256 atta-

1971 5315 2113 5360 men,
2159 5298 2282 5368 quia
2319 5311 2474 5368 paana
2515 5297 2566 5352 in
2617 5296 2781 5351 lilium
2821 5295 3048 5358 transiit,
3099 5295 3148 5347 id
3189 5294 3285 5363 ipsi
3336 5291 3556 5347 luctuo-

1973 5407 2086 5447 sam
2108 5399 2163 5446 et
2191 5391 2464 5446 insuavem
2487 5389 2649 5443 vitam
2681 5387 2892 5453 fecisse,
2941 5385 3194 5457 cogitanti
3224 5385 3384 5439 etiam
3440 5395 3559 5453 post

1973 5497 2125 5537 suam
2170 5490 2397 5537 mortem
2452 5480 2617 5534 lilium
2671 5493 2884 5550 panum
2929 5477 3180 5532 luiturum
3233 5489 3374 5530 esse.
3424 5472 3558 5530 Nam

1973 5575 2112 5646 quod
2142 5574 2280 5629 Illius
2317 5589 2412 5644 per
2439 5587 2498 5628 se
2541 5573 2734 5639 malus,
2773 5581 2827 5626 ct
2871 5584 3059 5626 omnes
3094 5569 3181 5640 qui
3221 5569 3409 5624 abillo
3450 5566 3559 5622 nati

1976 5666 2171 5722 fuerint
2198 5664 2604 5729 abominabiles,
2631 5673 2684 5720 ct
2713 5664 2778 5719 ad
2807 5663 3003 5719 malum
3028 5676 3292 5733 propenso
3315 5659 3556 5716 declina-

1976 5761 2100 5832 rint,
2129 5757 2251 5815 audi
2277 5757 2606 5828 Scripturam
2642 5756 2907 5817 dicentem
2948 5771 3042 5828 per
3065 5755 3284 5812 modum
3326 5750 3552 5839 maledi-
