  <div class='ocr_page' id='page_1' title='image "/cluster/home/n/w/nwhite01/storage/ocr_20150623/53/hvd.32044054086673/269.png"; bbox 0 0 4116 6196; ppageno 0'>
   <div class='ocr_carea' id='block_1_1' title="bbox 515 308 614 364">
    <p class='ocr_par' dir='ltr' id='par_1_1' title="bbox 515 308 614 364">
     <span class='ocr_line' id='line_1_1' title="bbox 515 308 614 364; baseline 0.02 -2"><span class='ocrx_word' id='word_1_1' title='bbox 515 308 614 364; x_wconf 66' lang='grc'><strong>271</strong></span> 
     </span>
    </p>
   </div>
   <div class='ocr_carea' id='block_1_2' title="bbox 515 410 2092 484">
    <p class='ocr_par' dir='ltr' id='par_1_2' title="bbox 515 410 2092 484">
     <span class='ocr_line' id='line_1_2' title="bbox 515 410 2092 484; baseline -0.003 -16"><span class='ocrx_word' id='word_1_2' title='bbox 515 417 617 468; x_wconf 89' lang='lat' dir='ltr'><strong>cti:</strong></span> <span class='ocrx_word' id='word_1_3' title='bbox 639 413 790 467; x_wconf 74' lang='lat' dir='ltr'><strong>Pater</strong></span> <span class='ocrx_word' id='word_1_4' title='bbox 801 421 917 466; x_wconf 85' lang='lat' dir='ltr'><strong>tuus</strong></span> <span class='ocrx_word' id='word_1_5' title='bbox 939 410 1344 477; x_wconf 75' lang='lat' dir='ltr'><strong>Amorrhteus,et</strong></span> <span class='ocrx_word' id='word_1_6' title='bbox 1365 422 1523 466; x_wconf 77' lang='lat' dir='ltr'><strong>mater</strong></span> <span class='ocrx_word' id='word_1_7' title='bbox 1535 421 1624 466; x_wconf 90' lang='lat' dir='ltr'><strong>tuo</strong></span> <span class='ocrx_word' id='word_1_8' title='bbox 1639 411 1858 466; x_wconf 73' lang='lat' dir='ltr'><strong>Chettwa</strong></span> <span class='ocrx_word' id='word_1_9' title='bbox 1881 411 2092 484; x_wconf 67' lang='grc' dir='ltr'><strong>(δια-ὴ.</strong></span> 
     </span>
    </p>
   </div>
   <div class='ocr_carea' id='block_1_3' title="bbox 521 503 2094 570">
    <p class='ocr_par' dir='ltr' id='par_1_3' title="bbox 521 503 2094 570">
     <span class='ocr_line' id='line_1_3' title="bbox 521 503 2094 570; baseline -0.006 -7"><span class='ocrx_word' id='word_1_10' title='bbox 521 508 670 563; x_wconf 64' lang='grc' dir='ltr'><strong>16ίὸ</strong></span> <span class='ocrx_word' id='word_1_11' title='bbox 690 505 830 570; x_wconf 65' lang='grc' dir='ltr'><strong>).ρΕι</strong></span> <span class='ocrx_word' id='word_1_12' title='bbox 856 504 993 559; x_wconf 85' lang='lat' dir='ltr'><strong>alius</strong></span> <span class='ocrx_word' id='word_1_13' title='bbox 1021 505 1408 560; x_wconf 87' lang='lat' dir='ltr'><strong>contumeliose</strong></span> <span class='ocrx_word' id='word_1_14' title='bbox 1433 506 1583 570; x_wconf 83' lang='lat' dir='ltr'><strong>dicit,</strong></span> <span class='ocrx_word' id='word_1_15' title='bbox 1607 505 1799 560; x_wconf 81' lang='lat' dir='ltr'><strong>Semen</strong></span> <span class='ocrx_word' id='word_1_16' title='bbox 1823 503 2094 566; x_wconf 80' lang='lat' dir='ltr'><strong>Chanaan,</strong></span> 
     </span>
    </p>
   </div>
   <div class='ocr_carea' id='block_1_4' title="bbox 515 592 2095 666">
    <p class='ocr_par' dir='ltr' id='par_1_4' title="bbox 515 592 2095 666">
     <span class='ocr_line' id='line_1_4' title="bbox 515 592 2095 666; baseline -0.001 -16"><span class='ocrx_word' id='word_1_17' title='bbox 515 607 566 650; x_wconf 88' lang='lat' dir='ltr'><strong>et</strong></span> <span class='ocrx_word' id='word_1_18' title='bbox 613 613 718 650; x_wconf 74' lang='lat' dir='ltr'><strong>non</strong></span> <span class='ocrx_word' id='word_1_19' title='bbox 756 597 909 650; x_wconf 84' lang='lat' dir='ltr'><strong>Juda</strong></span> <span class='ocrx_word' id='word_1_20' title='bbox 953 595 1116 665; x_wconf 89' lang='lat' dir='ltr'><strong>(Dan.</strong></span> <span class='ocrx_word' id='word_1_21' title='bbox 1169 597 1256 650; x_wconf 78' lang='grc'><strong>15.</strong></span> <span class='ocrx_word' id='word_1_22' title='bbox 1289 592 1418 664; x_wconf 83' lang='grc'><strong>56).</strong></span> <span class='ocrx_word' id='word_1_23' title='bbox 1453 597 1618 651; x_wconf 87' lang='lat' dir='ltr'><strong>Porro</strong></span> <span class='ocrx_word' id='word_1_24' title='bbox 1643 610 1822 666; x_wconf 69' lang='lat' dir='ltr'><strong>operte</strong></span> <span class='ocrx_word' id='word_1_25' title='bbox 1868 597 2095 665; x_wconf 87' lang='lat' dir='ltr'><strong>pretium</strong></span> 
     </span>
    </p>
   </div>
   <div class='ocr_carea' id='block_1_5' title="bbox 517 686 2095 758">
    <p class='ocr_par' dir='ltr' id='par_1_5' title="bbox 517 686 2095 758">
     <span class='ocr_line' id='line_1_5' title="bbox 517 686 2095 758; baseline 0.001 -18"><span class='ocrx_word' id='word_1_26' title='bbox 517 686 679 742; x_wconf 87' lang='lat' dir='ltr'><strong>fuerit</strong></span> <span class='ocrx_word' id='word_1_27' title='bbox 704 687 886 741; x_wconf 87' lang='lat' dir='ltr'><strong>audire</strong></span> <span class='ocrx_word' id='word_1_28' title='bbox 912 702 1059 742; x_wconf 90' lang='lat' dir='ltr'><strong>nunc</strong></span> <span class='ocrx_word' id='word_1_29' title='bbox 1085 696 1202 757; x_wconf 88' lang='lat' dir='ltr'><strong>post</strong></span> <span class='ocrx_word' id='word_1_30' title='bbox 1231 702 1467 758; x_wconf 60' lang='lat' dir='ltr'><strong>poenam,</strong></span> <span class='ocrx_word' id='word_1_31' title='bbox 1489 703 1649 758; x_wconf 90' lang='lat' dir='ltr'><strong>quam</strong></span> <span class='ocrx_word' id='word_1_32' title='bbox 1671 688 1878 758; x_wconf 88' lang='lat' dir='ltr'><strong>accepit</strong></span> <span class='ocrx_word' id='word_1_33' title='bbox 1921 688 1966 741; x_wconf 90' lang='lat' dir='ltr'><strong>is</strong></span> <span class='ocrx_word' id='word_1_34' title='bbox 2007 687 2095 756; x_wconf 86' lang='lat' dir='ltr'><strong>qui</strong></span> 
     </span>
    </p>
   </div>
   <div class='ocr_carea' id='block_1_6' title="bbox 516 774 2094 847">
    <p class='ocr_par' dir='ltr' id='par_1_6' title="bbox 516 774 2094 847">
     <span class='ocr_line' id='line_1_6' title="bbox 516 774 2094 847; baseline 0.001 -19"><span class='ocrx_word' id='word_1_35' title='bbox 516 774 1132 846; x_wconf 80' lang='lat' dir='ltr'><strong>nuditatem-evulgavit,</strong></span> <span class='ocrx_word' id='word_1_36' title='bbox 1187 792 1308 846; x_wconf 77' lang='lat' dir='ltr'><strong>qua:</strong></span> <span class='ocrx_word' id='word_1_37' title='bbox 1359 776 1576 847; x_wconf 73' lang='lat' dir='ltr'><strong>prmmia</strong></span> <span class='ocrx_word' id='word_1_38' title='bbox 1619 777 1889 847; x_wconf 88' lang='lat' dir='ltr'><strong>assequuti</strong></span> <span class='ocrx_word' id='word_1_39' title='bbox 1921 777 2025 830; x_wconf 87' lang='lat' dir='ltr'><strong>sint</strong></span> <span class='ocrx_word' id='word_1_40' title='bbox 2060 777 2094 830; x_wconf 91' lang='lat' dir='ltr'><strong>ii</strong></span> 
     </span>
    </p>
   </div>
   <div class='ocr_carea' id='block_1_7' title="bbox 515 868 2096 940">
    <p class='ocr_par' dir='ltr' id='par_1_7' title="bbox 515 868 2096 940">
     <span class='ocr_line' id='line_1_7' title="bbox 515 868 2096 940; baseline 0.003 -22"><span class='ocrx_word' id='word_1_41' title='bbox 515 868 838 936; x_wconf 73' lang='lat' dir='ltr'><strong>quitantam</strong></span> <span class='ocrx_word' id='word_1_42' title='bbox 876 868 1226 924; x_wconf 91' lang='lat' dir='ltr'><strong>reverentiam</strong></span> <span class='ocrx_word' id='word_1_43' title='bbox 1268 877 1326 924; x_wconf 90' lang='lat' dir='ltr'><strong>et</strong></span> <span class='ocrx_word' id='word_1_44' title='bbox 1354 869 1610 940; x_wconf 80' lang='lat' dir='ltr'><strong>honorem</strong></span> <span class='ocrx_word' id='word_1_45' title='bbox 1655 870 1789 940; x_wconf 87' lang='lat' dir='ltr'><strong>patri</strong></span> <span class='ocrx_word' id='word_1_46' title='bbox 1837 869 2096 924; x_wconf 78' lang='lat' dir='ltr'><strong>exhibue-</strong></span> 
     </span>
    </p>
   </div>
   <div class='ocr_carea' id='block_1_8' title="bbox 519 959 2098 1031">
    <p class='ocr_par' dir='ltr' id='par_1_8' title="bbox 519 959 2098 1031">
     <span class='ocr_line' id='line_1_8' title="bbox 519 959 2098 1031; baseline -0.001 -15"><span class='ocrx_word' id='word_1_47' title='bbox 519 970 665 1021; x_wconf 89' lang='lat' dir='ltr'><strong>runt.</strong></span> <span class='ocrx_word' id='word_1_48' title='bbox 685 959 883 1016; x_wconf 39' lang='lat' dir='ltr'><strong>sese:</strong></span> <span class='ocrx_word' id='word_1_49' title='bbox 911 961 1061 1026; x_wconf 70' lang='lat' dir='ltr'><strong>dixit,</strong></span> <span class='ocrx_word' id='word_1_50' title='bbox 1105 960 1297 1031; x_wconf 90' lang='lat' dir='ltr'><strong>inquit,</strong></span> <span class='ocrx_word' id='word_1_51' title='bbox 1329 961 1636 1016; x_wconf 76' lang='lat' dir='ltr'><strong>Benedictus</strong></span> <span class='ocrx_word' id='word_1_52' title='bbox 1671 960 1916 1016; x_wconf 82' lang='lat' dir='ltr'><strong>Dominus</strong></span> <span class='ocrx_word' id='word_1_53' title='bbox 1964 959 2098 1014; x_wconf 83' lang='lat' dir='ltr'><strong>Deus</strong></span> 
     </span>
    </p>
   </div>
   <div class='ocr_carea' id='block_1_9' title="bbox 518 1052 2100 1122">
    <p class='ocr_par' dir='ltr' id='par_1_9' title="bbox 518 1052 2100 1122">
     <span class='ocr_line' id='line_1_9' title="bbox 518 1052 2100 1122; baseline -0.001 -13"><span class='ocrx_word' id='word_1_54' title='bbox 518 1054 664 1120; x_wconf 72' lang='lat' dir='ltr'><strong>Sam,</strong></span> <span class='ocrx_word' id='word_1_55' title='bbox 682 1066 728 1110; x_wconf 86' lang='lat' dir='ltr'><strong>et</strong></span> <span class='ocrx_word' id='word_1_56' title='bbox 744 1055 838 1108; x_wconf 75' lang='lat' dir='ltr'><strong>erit</strong></span> <span class='ocrx_word' id='word_1_57' title='bbox 857 1053 1104 1108; x_wconf 78' lang='lat' dir='ltr'><strong><em>Chanaan</em></strong></span> <span class='ocrx_word' id='word_1_58' title='bbox 1123 1070 1296 1108; x_wconf 77' lang='lat' dir='ltr'><strong>seruus</strong></span> <span class='ocrx_word' id='word_1_59' title='bbox 1306 1053 1473 1109; x_wconf 73' lang='lat' dir='ltr'><strong>illius.</strong></span> <span class='ocrx_word' id='word_1_60' title='bbox 1498 1055 1630 1119; x_wconf 82' lang='lat' dir='ltr'><strong>lioc,</strong></span> <span class='ocrx_word' id='word_1_61' title='bbox 1651 1053 1785 1108; x_wconf 86' lang='lat' dir='ltr'><strong>forte</strong></span> <span class='ocrx_word' id='word_1_62' title='bbox 1803 1053 1923 1122; x_wconf 88' lang='lat' dir='ltr'><strong>quis</strong></span> <span class='ocrx_word' id='word_1_63' title='bbox 1947 1052 2100 1107; x_wconf 80' lang='lat' dir='ltr'><strong>dixe-</strong></span> 
     </span>
    </p>
   </div>
   <div class='ocr_carea' id='block_1_10' title="bbox 518 1145 2096 1216">
    <p class='ocr_par' dir='ltr' id='par_1_10' title="bbox 518 1145 2096 1216">
     <span class='ocr_line' id='line_1_10' title="bbox 518 1145 2096 1216; baseline -0.003 -13"><span class='ocrx_word' id='word_1_64' title='bbox 518 1151 609 1216; x_wconf 88' lang='lat' dir='ltr'><strong>rit,</strong></span> <span class='ocrx_word' id='word_1_65' title='bbox 637 1165 744 1204; x_wconf 88' lang='lat' dir='ltr'><strong>non</strong></span> <span class='ocrx_word' id='word_1_66' title='bbox 769 1159 852 1204; x_wconf 90' lang='lat' dir='ltr'><strong>est</strong></span> <span class='ocrx_word' id='word_1_67' title='bbox 881 1149 1198 1204; x_wconf 79' lang='lat' dir='ltr'><strong>benedicere</strong></span> <span class='ocrx_word' id='word_1_68' title='bbox 1221 1148 1367 1204; x_wconf 89' lang='lat' dir='ltr'><strong>Sem.</strong></span> <span class='ocrx_word' id='word_1_69' title='bbox 1418 1149 1528 1202; x_wconf 91' lang='lat' dir='ltr'><strong>lmo</strong></span> <span class='ocrx_word' id='word_1_70' title='bbox 1551 1147 1706 1202; x_wconf 82' lang='lat' dir='ltr'><strong>valde</strong></span> <span class='ocrx_word' id='word_1_71' title='bbox 1737 1146 2004 1201; x_wconf 68' lang='lat' dir='ltr'><strong>benedixut</strong></span> <span class='ocrx_word' id='word_1_72' title='bbox 2030 1145 2096 1199; x_wconf 89' lang='lat' dir='ltr'><strong>il-</strong></span> 
     </span>
    </p>
   </div>
   <div class='ocr_carea' id='block_1_11' title="bbox 516 1238 2097 1308">
    <p class='ocr_par' dir='ltr' id='par_1_11' title="bbox 516 1238 2097 1308">
     <span class='ocr_line' id='line_1_11' title="bbox 516 1238 2097 1308; baseline -0.003 -12"><span class='ocrx_word' id='word_1_73' title='bbox 516 1241 650 1296; x_wconf 91' lang='lat' dir='ltr'><strong>lum.</strong></span> <span class='ocrx_word' id='word_1_74' title='bbox 678 1240 902 1307; x_wconf 84' lang='lat' dir='ltr'><strong>Quando</strong></span> <span class='ocrx_word' id='word_1_75' title='bbox 925 1241 1068 1296; x_wconf 71' lang='lat' dir='ltr'><strong>enim</strong></span> <span class='ocrx_word' id='word_1_76' title='bbox 1103 1239 1599 1295; x_wconf 76' lang='lat' dir='ltr'><strong>Bcuszbenedicitur</strong></span> <span class='ocrx_word' id='word_1_77' title='bbox 1631 1280 1647 1306; x_wconf 94' lang='lat'><strong>,</strong></span> <span class='ocrx_word' id='word_1_78' title='bbox 1674 1248 1730 1294; x_wconf 91' lang='lat' dir='ltr'><strong>et</strong></span> <span class='ocrx_word' id='word_1_79' title='bbox 1755 1247 1984 1308; x_wconf 84' lang='lat' dir='ltr'><strong>aguntur</strong></span> <span class='ocrx_word' id='word_1_80' title='bbox 2023 1238 2097 1292; x_wconf 85' lang='lat' dir='ltr'><strong>illi</strong></span> 
     </span>
    </p>
   </div>
   <div class='ocr_carea' id='block_1_12' title="bbox 518 1327 2099 1398">
    <p class='ocr_par' dir='ltr' id='par_1_12' title="bbox 518 1327 2099 1398">
     <span class='ocr_line' id='line_1_12' title="bbox 518 1327 2099 1398; baseline 0 -16"><span class='ocrx_word' id='word_1_81' title='bbox 518 1331 704 1398; x_wconf 76' lang='lat' dir='ltr'><strong>gratia:</strong></span> <span class='ocrx_word' id='word_1_82' title='bbox 722 1330 802 1383; x_wconf 85' lang='lat' dir='ltr'><strong>ab.</strong></span> <span class='ocrx_word' id='word_1_83' title='bbox 821 1328 1146 1393; x_wconf 84' lang='lat' dir='ltr'><strong>hominibus.</strong></span> <span class='ocrx_word' id='word_1_84' title='bbox 1179 1338 1303 1384; x_wconf 85' lang='lat' dir='ltr'><strong>tunc</strong></span> <span class='ocrx_word' id='word_1_85' title='bbox 1328 1328 1546 1384; x_wconf 83' lang='lat' dir='ltr'><strong>uberior</strong></span> <span class='ocrx_word' id='word_1_86' title='bbox 1587 1328 1655 1382; x_wconf 89' lang='lat' dir='ltr'><strong>ab</strong></span> <span class='ocrx_word' id='word_1_87' title='bbox 1683 1327 1776 1383; x_wconf 90' lang='lat' dir='ltr'><strong>illo</strong></span> <span class='ocrx_word' id='word_1_88' title='bbox 1803 1327 1942 1382; x_wconf 78' lang='lat' dir='ltr'><strong>solet</strong></span> <span class='ocrx_word' id='word_1_89' title='bbox 1985 1327 2099 1382; x_wconf 70' lang='lat' dir='ltr'><strong>istis</strong></span> 
     </span>
    </p>
   </div>
   <div class='ocr_carea' id='block_1_13' title="bbox 517 1419 2101 1491">
    <p class='ocr_par' dir='ltr' id='par_1_13' title="bbox 517 1419 2101 1491">
     <span class='ocr_line' id='line_1_13' title="bbox 517 1419 2101 1491; baseline -0.001 -17"><span class='ocrx_word' id='word_1_90' title='bbox 517 1419 822 1475; x_wconf 84' lang='lat' dir='ltr'><strong>benedictio</strong></span> <span class='ocrx_word' id='word_1_91' title='bbox 845 1421 980 1484; x_wconf 86' lang='lat' dir='ltr'><strong>dari,</strong></span> <span class='ocrx_word' id='word_1_92' title='bbox 1012 1430 1231 1490; x_wconf 82' lang='lat' dir='ltr'><strong>propter</strong></span> <span class='ocrx_word' id='word_1_93' title='bbox 1252 1435 1386 1491; x_wconf 86' lang='lat' dir='ltr'><strong>quos</strong></span> <span class='ocrx_word' id='word_1_94' title='bbox 1399 1420 1521 1490; x_wconf 83' lang='lat' dir='ltr'><strong>ipse</strong></span> <span class='ocrx_word' id='word_1_95' title='bbox 1545 1419 1896 1474; x_wconf 79' lang='lat' dir='ltr'><strong>benedicitur.</strong></span> <span class='ocrx_word' id='word_1_96' title='bbox 1921 1419 2101 1488; x_wconf 86' lang='lat' dir='ltr'><strong>Itaque</strong></span> 
     </span>
    </p>
   </div>
   <div class='ocr_carea' id='block_1_14' title="bbox 518 1509 2099 1582">
    <p class='ocr_par' dir='ltr' id='par_1_14' title="bbox 518 1509 2099 1582">
     <span class='ocr_line' id='line_1_14' title="bbox 518 1509 2099 1582; baseline -0.001 -17"><span class='ocrx_word' id='word_1_97' title='bbox 518 1511 844 1566; x_wconf 77' lang='lat' dir='ltr'><strong>benedicens</strong></span> <span class='ocrx_word' id='word_1_98' title='bbox 891 1513 1059 1567; x_wconf 88' lang='lat' dir='ltr'><strong>Deum</strong></span> <span class='ocrx_word' id='word_1_99' title='bbox 1079 1513 1379 1569; x_wconf 74' lang='lat' dir='ltr'><strong>debitorem</strong></span> <span class='ocrx_word' id='word_1_100' title='bbox 1411 1512 1583 1582; x_wconf 87' lang='lat' dir='ltr'><strong>ipsum</strong></span> <span class='ocrx_word' id='word_1_101' title='bbox 1612 1510 1734 1565; x_wconf 89' lang='lat' dir='ltr'><strong>fecit</strong></span> <span class='ocrx_word' id='word_1_102' title='bbox 1758 1509 1975 1579; x_wconf 83' lang='lat' dir='ltr'><strong>majoris</strong></span> <span class='ocrx_word' id='word_1_103' title='bbox 2003 1509 2099 1564; x_wconf 88' lang='lat' dir='ltr'><strong>he-</strong></span> 
     </span>
    </p>
   </div>
   <div class='ocr_carea' id='block_1_15' title="bbox 520 1600 2094 1673">
    <p class='ocr_par' dir='ltr' id='par_1_15' title="bbox 520 1600 2094 1673">
     <span class='ocr_line' id='line_1_15' title="bbox 520 1600 2094 1673; baseline -0.001 -17"><span class='ocrx_word' id='word_1_104' title='bbox 520 1601 860 1668; x_wconf 86' lang='lat' dir='ltr'><strong>nedictionis,</strong></span> <span class='ocrx_word' id='word_1_105' title='bbox 891 1611 1181 1673; x_wconf 72' lang='lat' dir='ltr'><strong>auctorque</strong></span> <span class='ocrx_word' id='word_1_106' title='bbox 1198 1601 1442 1658; x_wconf 62' lang='lat' dir='ltr'><strong>fuit—Sem</strong></span> <span class='ocrx_word' id='word_1_107' title='bbox 1465 1601 1682 1670; x_wconf 80' lang='lat' dir='ltr'><strong>majoris</strong></span> <span class='ocrx_word' id='word_1_108' title='bbox 1708 1600 2094 1664; x_wconf 89' lang='lat' dir='ltr'><strong>retributionis,</strong></span> 
     </span>
    </p>
   </div>
   <div class='ocr_carea' id='block_1_16' title="bbox 519 1690 2100 1763">
    <p class='ocr_par' dir='ltr' id='par_1_16' title="bbox 519 1690 2100 1763">
     <span class='ocr_line' id='line_1_16' title="bbox 519 1690 2100 1763; baseline 0 -19"><span class='ocrx_word' id='word_1_109' title='bbox 519 1706 678 1758; x_wconf 80' lang='lat' dir='ltr'><strong>quam</strong></span> <span class='ocrx_word' id='word_1_110' title='bbox 704 1692 748 1745; x_wconf 88' lang='lat' dir='ltr'><strong>si</strong></span> <span class='ocrx_word' id='word_1_111' title='bbox 789 1707 910 1747; x_wconf 82' lang='lat' dir='ltr'><strong>eum</strong></span> <span class='ocrx_word' id='word_1_112' title='bbox 947 1693 1058 1763; x_wconf 76' lang='lat' dir='ltr'><strong>ipse</strong></span> <span class='ocrx_word' id='word_1_113' title='bbox 1099 1708 1192 1762; x_wconf 89' lang='lat' dir='ltr'><strong>per</strong></span> <span class='ocrx_word' id='word_1_114' title='bbox 1233 1708 1292 1748; x_wconf 89' lang='lat' dir='ltr'><strong>se</strong></span> <span class='ocrx_word' id='word_1_115' title='bbox 1340 1691 1729 1748; x_wconf 81' lang='lat' dir='ltr'><strong>benedixissct.</strong></span> <span class='ocrx_word' id='word_1_116' title='bbox 1763 1690 1910 1746; x_wconf 81' lang='lat' dir='ltr'><strong>Sicut</strong></span> <span class='ocrx_word' id='word_1_117' title='bbox 1958 1691 2100 1745; x_wconf 82' lang='lat' dir='ltr'><strong>enim</strong></span> 
     </span>
    </p>
   </div>
   <div class='ocr_carea' id='block_1_17' title="bbox 521 1781 2100 1852">
    <p class='ocr_par' dir='ltr' id='par_1_17' title="bbox 521 1781 2100 1852">
     <span class='ocr_line' id='line_1_17' title="bbox 521 1781 2100 1852; baseline 0.001 -18"><span class='ocrx_word' id='word_1_118' title='bbox 521 1781 736 1851; x_wconf 84' lang='lat' dir='ltr'><strong>quando</strong></span> <span class='ocrx_word' id='word_1_119' title='bbox 790 1783 1120 1838; x_wconf 80' lang='lat' dir='ltr'><strong>benedicitur</strong></span> <span class='ocrx_word' id='word_1_120' title='bbox 1169 1791 1384 1852; x_wconf 83' lang='lat' dir='ltr'><strong>propter</strong></span> <span class='ocrx_word' id='word_1_121' title='bbox 1425 1797 1543 1848; x_wconf 88' lang='lat' dir='ltr'><strong>nos,</strong></span> <span class='ocrx_word' id='word_1_122' title='bbox 1595 1782 1818 1836; x_wconf 89' lang='lat' dir='ltr'><strong>multum</strong></span> <span class='ocrx_word' id='word_1_123' title='bbox 1864 1781 1914 1835; x_wconf 91' lang='lat' dir='ltr'><strong>id</strong></span> <span class='ocrx_word' id='word_1_124' title='bbox 1947 1781 2100 1836; x_wconf 89' lang='lat' dir='ltr'><strong>nobis</strong></span> 
     </span>
    </p>
   </div>
   <div class='ocr_carea' id='block_1_18' title="bbox 519 1871 2102 1942">
    <p class='ocr_par' dir='ltr' id='par_1_18' title="bbox 519 1871 2102 1942">
     <span class='ocr_line' id='line_1_18' title="bbox 519 1871 2102 1942; baseline -0.001 -17"><span class='ocrx_word' id='word_1_125' title='bbox 519 1871 768 1927; x_wconf 88' lang='lat' dir='ltr'><strong>conciliat</strong></span> <span class='ocrx_word' id='word_1_126' title='bbox 809 1872 1046 1927; x_wconf 88' lang='lat' dir='ltr'><strong>favoris:</strong></span> <span class='ocrx_word' id='word_1_127' title='bbox 1092 1873 1161 1928; x_wconf 87' lang='lat' dir='ltr'><strong>ita</strong></span> <span class='ocrx_word' id='word_1_128' title='bbox 1202 1881 1256 1928; x_wconf 91' lang='lat' dir='ltr'><strong>et</strong></span> <span class='ocrx_word' id='word_1_129' title='bbox 1297 1880 1482 1927; x_wconf 87' lang='lat' dir='ltr'><strong>contra</strong></span> <span class='ocrx_word' id='word_1_130' title='bbox 1513 1872 1725 1942; x_wconf 85' lang='lat' dir='ltr'><strong>quando</strong></span> <span class='ocrx_word' id='word_1_131' title='bbox 1771 1880 1985 1942; x_wconf 84' lang='lat' dir='ltr'><strong>preptcr</strong></span> <span class='ocrx_word' id='word_1_132' title='bbox 2006 1884 2102 1925; x_wconf 88' lang='lat' dir='ltr'><strong>nos</strong></span> 
     </span>
    </p>
   </div>
   <div class='ocr_carea' id='block_1_19' title="bbox 525 1963 2104 2035">
    <p class='ocr_par' dir='ltr' id='par_1_19' title="bbox 525 1963 2104 2035">
     <span class='ocr_line' id='line_1_19' title="bbox 525 1963 2104 2035; baseline -0.001 -17"><span class='ocrx_word' id='word_1_133' title='bbox 525 1965 614 2020; x_wconf 86' lang='lat' dir='ltr'><strong>alii</strong></span> <span class='ocrx_word' id='word_1_134' title='bbox 652 1965 798 2019; x_wconf 89' lang='lat' dir='ltr'><strong>illum</strong></span> <span class='ocrx_word' id='word_1_135' title='bbox 828 1965 1223 2035; x_wconf 86' lang='lat' dir='ltr'><strong>blasphemaut,</strong></span> <span class='ocrx_word' id='word_1_136' title='bbox 1251 1965 1422 2034; x_wconf 81' lang='lat' dir='ltr'><strong>major</strong></span> <span class='ocrx_word' id='word_1_137' title='bbox 1442 1965 1565 2019; x_wconf 90' lang='lat' dir='ltr'><strong>hinc</strong></span> <span class='ocrx_word' id='word_1_138' title='bbox 1605 1973 1786 2018; x_wconf 90' lang='lat' dir='ltr'><strong>nostra</strong></span> <span class='ocrx_word' id='word_1_139' title='bbox 1833 1963 2104 2018; x_wconf 84' lang='lat' dir='ltr'><strong>ﬁtconde-</strong></span> 
     </span>
    </p>
   </div>
   <div class='ocr_carea' id='block_1_20' title="bbox 521 2053 2100 2125">
    <p class='ocr_par' dir='ltr' id='par_1_20' title="bbox 521 2053 2100 2125">
     <span class='ocr_line' id='line_1_20' title="bbox 521 2053 2100 2125; baseline 0 -18"><span class='ocrx_word' id='word_1_140' title='bbox 521 2057 744 2121; x_wconf 88' lang='lat' dir='ltr'><strong>mnatio,</strong></span> <span class='ocrx_word' id='word_1_141' title='bbox 777 2055 868 2125; x_wconf 88' lang='lat' dir='ltr'><strong>qui</strong></span> <span class='ocrx_word' id='word_1_142' title='bbox 894 2070 1108 2110; x_wconf 82' lang='lat' dir='ltr'><strong>causam</strong></span> <span class='ocrx_word' id='word_1_143' title='bbox 1135 2055 1397 2110; x_wconf 87' lang='lat' dir='ltr'><strong>dedimus.</strong></span> <span class='ocrx_word' id='word_1_144' title='bbox 1421 2055 1702 2122; x_wconf 78' lang='lat' dir='ltr'><strong>Quocirca,</strong></span> <span class='ocrx_word' id='word_1_145' title='bbox 1732 2055 1976 2120; x_wconf 88' lang='lat' dir='ltr'><strong>obsecro,</strong></span> <span class='ocrx_word' id='word_1_146' title='bbox 2004 2053 2100 2108; x_wconf 82' lang='lat' dir='ltr'><strong>de-</strong></span> 
     </span>
    </p>
   </div>
   <div class='ocr_carea' id='block_1_21' title="bbox 520 2145 2101 2216">
    <p class='ocr_par' dir='ltr' id='par_1_21' title="bbox 520 2145 2101 2216">
     <span class='ocr_line' id='line_1_21' title="bbox 520 2145 2101 2216; baseline -0.001 -17"><span class='ocrx_word' id='word_1_147' title='bbox 520 2160 641 2200; x_wconf 90' lang='lat' dir='ltr'><strong>mus</strong></span> <span class='ocrx_word' id='word_1_148' title='bbox 667 2160 905 2216; x_wconf 86' lang='lat' dir='ltr'><strong>cperam,</strong></span> <span class='ocrx_word' id='word_1_149' title='bbox 937 2156 994 2202; x_wconf 92' lang='lat' dir='ltr'><strong>ut</strong></span> <span class='ocrx_word' id='word_1_150' title='bbox 1019 2146 1090 2201; x_wconf 88' lang='lat' dir='ltr'><strong>ita</strong></span> <span class='ocrx_word' id='word_1_151' title='bbox 1116 2147 1360 2201; x_wconf 76' lang='lat' dir='ltr'><strong>viVamus</strong></span> <span class='ocrx_word' id='word_1_152' title='bbox 1380 2187 1396 2212; x_wconf 95' lang='lat'><strong>,</strong></span> <span class='ocrx_word' id='word_1_153' title='bbox 1427 2156 1482 2200; x_wconf 89' lang='lat' dir='ltr'><strong>et</strong></span> <span class='ocrx_word' id='word_1_154' title='bbox 1509 2154 1667 2200; x_wconf 73' lang='lat' dir='ltr'><strong>tantrc</strong></span> <span class='ocrx_word' id='word_1_155' title='bbox 1690 2145 1900 2199; x_wconf 88' lang='lat' dir='ltr'><strong>virtutis</strong></span> <span class='ocrx_word' id='word_1_156' title='bbox 1927 2145 2101 2214; x_wconf 80' lang='lat' dir='ltr'><strong>speci-</strong></span> 
     </span>
    </p>
   </div>
   <div class='ocr_carea' id='block_1_22' title="bbox 520 2235 2104 2306">
    <p class='ocr_par' dir='ltr' id='par_1_22' title="bbox 520 2235 2104 2306">
     <span class='ocr_line' id='line_1_22' title="bbox 520 2235 2104 2306; baseline -0.002 -16"><span class='ocrx_word' id='word_1_157' title='bbox 520 2251 644 2292; x_wconf 88' lang='lat' dir='ltr'><strong>men</strong></span> <span class='ocrx_word' id='word_1_158' title='bbox 665 2237 1032 2302; x_wconf 73' lang='lat' dir='ltr'><strong>eshibeamus,</strong></span> <span class='ocrx_word' id='word_1_159' title='bbox 1065 2247 1123 2292; x_wconf 90' lang='lat' dir='ltr'><strong>ut</strong></span> <span class='ocrx_word' id='word_1_160' title='bbox 1141 2252 1349 2304; x_wconf 88' lang='lat' dir='ltr'><strong>omnes,</strong></span> <span class='ocrx_word' id='word_1_161' title='bbox 1381 2237 1468 2306; x_wconf 92' lang='lat' dir='ltr'><strong>qui</strong></span> <span class='ocrx_word' id='word_1_162' title='bbox 1492 2251 1589 2291; x_wconf 91' lang='lat' dir='ltr'><strong>nos</strong></span> <span class='ocrx_word' id='word_1_163' title='bbox 1614 2235 1857 2300; x_wconf 89' lang='lat' dir='ltr'><strong>viderint,</strong></span> <span class='ocrx_word' id='word_1_164' title='bbox 1886 2235 2104 2289; x_wconf 80' lang='lat' dir='ltr'><strong>benedi-</strong></span> 
     </span>
    </p>
   </div>
   <div class='ocr_carea' id='block_1_23' title="bbox 521 2324 2104 2396">
    <p class='ocr_par' dir='ltr' id='par_1_23' title="bbox 521 2324 2104 2396">
     <span class='ocr_line' id='line_1_23' title="bbox 521 2324 2104 2396; baseline -0.005 -12"><span class='ocrx_word' id='word_1_165' title='bbox 521 2328 728 2384; x_wconf 79' lang='lat' dir='ltr'><strong>Ctiones</strong></span> <span class='ocrx_word' id='word_1_166' title='bbox 756 2328 927 2382; x_wconf 87' lang='lat' dir='ltr'><strong>laudis</strong></span> <span class='ocrx_word' id='word_1_167' title='bbox 960 2328 1187 2383; x_wconf 82' lang='lat' dir='ltr'><strong>oﬂ&#39;crant</strong></span> <span class='ocrx_word' id='word_1_168' title='bbox 1215 2328 1442 2382; x_wconf 91' lang='lat' dir='ltr'><strong>Domino</strong></span> <span class='ocrx_word' id='word_1_169' title='bbox 1475 2328 1602 2381; x_wconf 91' lang='lat' dir='ltr'><strong>Deo.</strong></span> <span class='ocrx_word' id='word_1_170' title='bbox 1635 2325 1764 2380; x_wconf 86' lang='lat' dir='ltr'><strong>Nam</strong></span> <span class='ocrx_word' id='word_1_171' title='bbox 1789 2326 1911 2396; x_wconf 87' lang='lat' dir='ltr'><strong>quia</strong></span> <span class='ocrx_word' id='word_1_172' title='bbox 1935 2324 2104 2378; x_wconf 90' lang='lat' dir='ltr'><strong>bonus</strong></span> 
     </span>
    </p>
   </div>
   <div class='ocr_carea' id='block_1_24' title="bbox 524 2413 2102 2491">
    <p class='ocr_par' dir='ltr' id='par_1_24' title="bbox 524 2413 2102 2491">
     <span class='ocr_line' id='line_1_24' title="bbox 524 2413 2102 2491; baseline -0.004 -17"><span class='ocrx_word' id='word_1_173' title='bbox 524 2429 580 2476; x_wconf 88' lang='lat' dir='ltr'><strong>et</strong></span> <span class='ocrx_word' id='word_1_174' title='bbox 600 2420 859 2491; x_wconf 85' lang='lat' dir='ltr'><strong>benignus</strong></span> <span class='ocrx_word' id='word_1_175' title='bbox 880 2429 980 2486; x_wconf 89' lang='lat' dir='ltr'><strong>est,</strong></span> <span class='ocrx_word' id='word_1_176' title='bbox 1014 2436 1107 2490; x_wconf 90' lang='lat' dir='ltr'><strong>per</strong></span> <span class='ocrx_word' id='word_1_177' title='bbox 1133 2435 1231 2475; x_wconf 91' lang='lat' dir='ltr'><strong>nos</strong></span> <span class='ocrx_word' id='word_1_178' title='bbox 1257 2420 1366 2475; x_wconf 86' lang='lat' dir='ltr'><strong>vult</strong></span> <span class='ocrx_word' id='word_1_179' title='bbox 1391 2419 1553 2490; x_wconf 81' lang='lat' dir='ltr'><strong>gloria</strong></span> <span class='ocrx_word' id='word_1_180' title='bbox 1583 2417 1722 2472; x_wconf 79' lang='lat' dir='ltr'><strong>allici</strong></span> <span class='ocrx_word' id='word_1_181' title='bbox 1775 2432 1789 2470; x_wconf 88' lang='lat'><strong>:</strong></span> <span class='ocrx_word' id='word_1_182' title='bbox 1831 2432 1935 2470; x_wconf 90' lang='lat' dir='ltr'><strong>non</strong></span> <span class='ocrx_word' id='word_1_183' title='bbox 1961 2413 2102 2485; x_wconf 90' lang='lat' dir='ltr'><strong>quod</strong></span> 
     </span>
    </p>
   </div>
   <div class='ocr_carea' id='block_1_25' title="bbox 523 2505 2102 2582">
    <p class='ocr_par' dir='ltr' id='par_1_25' title="bbox 523 2505 2102 2582">
     <span class='ocr_line' id='line_1_25' title="bbox 523 2505 2102 2582; baseline -0.005 -16"><span class='ocrx_word' id='word_1_184' title='bbox 523 2512 623 2582; x_wconf 86' lang='lat' dir='ltr'><strong>ipsi</strong></span> <span class='ocrx_word' id='word_1_185' title='bbox 650 2512 846 2582; x_wconf 89' lang='lat' dir='ltr'><strong>aliquid</strong></span> <span class='ocrx_word' id='word_1_186' title='bbox 870 2511 938 2566; x_wconf 90' lang='lat' dir='ltr'><strong>ad</strong></span> <span class='ocrx_word' id='word_1_187' title='bbox 967 2525 1116 2566; x_wconf 91' lang='lat' dir='ltr'><strong>suam</strong></span> <span class='ocrx_word' id='word_1_188' title='bbox 1161 2511 1384 2582; x_wconf 75' lang='lat' dir='ltr'><strong>gloriam</strong></span> <span class='ocrx_word' id='word_1_189' title='bbox 1427 2509 1683 2567; x_wconf 84' lang='lat' dir='ltr'><strong>accedat;</strong></span> <span class='ocrx_word' id='word_1_190' title='bbox 1731 2506 1926 2562; x_wconf 90' lang='lat' dir='ltr'><strong>nullius</strong></span> <span class='ocrx_word' id='word_1_191' title='bbox 1960 2505 2102 2560; x_wconf 85' lang='lat' dir='ltr'><strong>enim</strong></span> 
     </span>
    </p>
   </div>
   <div class='ocr_carea' id='block_1_26' title="bbox 524 2598 2106 2674">
    <p class='ocr_par' dir='ltr' id='par_1_26' title="bbox 524 2598 2106 2674">
     <span class='ocr_line' id='line_1_26' title="bbox 524 2598 2106 2674; baseline -0.006 -15"><span class='ocrx_word' id='word_1_192' title='bbox 524 2604 734 2674; x_wconf 83' lang='lat' dir='ltr'><strong>indigus</strong></span> <span class='ocrx_word' id='word_1_193' title='bbox 761 2614 877 2666; x_wconf 86' lang='lat' dir='ltr'><strong>cst;</strong></span> <span class='ocrx_word' id='word_1_194' title='bbox 925 2603 1018 2658; x_wconf 85' lang='lat' dir='ltr'><strong>sed</strong></span> <span class='ocrx_word' id='word_1_195' title='bbox 1068 2612 1126 2657; x_wconf 91' lang='lat' dir='ltr'><strong>ut</strong></span> <span class='ocrx_word' id='word_1_196' title='bbox 1154 2603 1463 2657; x_wconf 81' lang='lat' dir='ltr'><strong>occasiones</strong></span> <span class='ocrx_word' id='word_1_197' title='bbox 1507 2600 1606 2671; x_wconf 87' lang='lat' dir='ltr'><strong>ipsi</strong></span> <span class='ocrx_word' id='word_1_198' title='bbox 1637 2598 1991 2670; x_wconf 64' lang='lat' dir='ltr'><strong>praebeamus,</strong></span> <span class='ocrx_word' id='word_1_199' title='bbox 2047 2605 2106 2650; x_wconf 89' lang='lat' dir='ltr'><strong>ut</strong></span> 
     </span>
    </p>
   </div>
   <div class='ocr_carea' id='block_1_27' title="bbox 522 2685 2105 2766">
    <p class='ocr_par' dir='ltr' id='par_1_27' title="bbox 522 2685 2105 2766">
     <span class='ocr_line' id='line_1_27' title="bbox 522 2685 2105 2766; baseline -0.006 -18"><span class='ocrx_word' id='word_1_200' title='bbox 522 2695 838 2766; x_wconf 63' lang='lat' dir='ltr'><strong>maioriaios</strong></span> <span class='ocrx_word' id='word_1_201' title='bbox 861 2693 1230 2749; x_wconf 76' lang='lat' dir='ltr'><strong>benevolentia</strong></span> <span class='ocrx_word' id='word_1_202' title='bbox 1275 2699 1643 2762; x_wconf 78' lang='lat' dir='ltr'><strong>prosequatur.</strong></span> <span class='ocrx_word' id='word_1_203' title='bbox 1672 2688 1970 2743; x_wconf 77' lang='lat' dir='ltr'><strong>Benedictus</strong></span> <span class='ocrx_word' id='word_1_204' title='bbox 1999 2685 2105 2739; x_wconf 73' lang='lat' dir='ltr'><strong>Do~</strong></span> 
     </span>
    </p>
   </div>
   <div class='ocr_carea' id='block_1_28' title="bbox 524 2779 2106 2852">
    <p class='ocr_par' dir='ltr' id='par_1_28' title="bbox 524 2779 2106 2852">
     <span class='ocr_line' id='line_1_28' title="bbox 524 2779 2106 2852; baseline -0.008 -10"><span class='ocrx_word' id='word_1_205' title='bbox 524 2789 690 2842; x_wconf 84' lang='lat' dir='ltr'><strong>minus</strong></span> <span class='ocrx_word' id='word_1_206' title='bbox 729 2787 870 2852; x_wconf 78' lang='lat' dir='ltr'><strong>Scin,</strong></span> <span class='ocrx_word' id='word_1_207' title='bbox 897 2797 944 2840; x_wconf 87' lang='lat' dir='ltr'><strong>et</strong></span> <span class='ocrx_word' id='word_1_208' title='bbox 988 2787 1078 2841; x_wconf 83' lang='lat' dir='ltr'><strong>crit</strong></span> <span class='ocrx_word' id='word_1_209' title='bbox 1103 2785 1544 2840; x_wconf 73' lang='lat' dir='ltr'><strong>Chanaanservus</strong></span> <span class='ocrx_word' id='word_1_210' title='bbox 1576 2781 1756 2836; x_wconf 61' lang='lat' dir='ltr'><strong>illius.</strong></span> <span class='ocrx_word' id='word_1_211' title='bbox 1788 2779 1946 2834; x_wconf 86' lang='lat' dir='ltr'><strong>Vides</strong></span> <span class='ocrx_word' id='word_1_212' title='bbox 1969 2791 2106 2848; x_wconf 88' lang='lat' dir='ltr'><strong>quo-</strong></span> 
     </span>
    </p>
   </div>
   <div class='ocr_carea' id='block_1_29' title="bbox 525 2869 2106 2949">
    <p class='ocr_par' dir='ltr' id='par_1_29' title="bbox 525 2869 2106 2949">
     <span class='ocr_line' id='line_1_29' title="bbox 525 2869 2106 2949; baseline -0.008 -14"><span class='ocrx_word' id='word_1_213' title='bbox 525 2880 688 2935; x_wconf 88' lang='lat' dir='ltr'><strong>modo</strong></span> <span class='ocrx_word' id='word_1_214' title='bbox 719 2889 990 2949; x_wconf 87' lang='lat' dir='ltr'><strong>paternam</strong></span> <span class='ocrx_word' id='word_1_215' title='bbox 1012 2892 1229 2948; x_wconf 61' lang='lat' dir='ltr'><strong>poenam</strong></span> <span class='ocrx_word' id='word_1_216' title='bbox 1256 2876 1476 2946; x_wconf 78' lang='lat' dir='ltr'><strong>profert,</strong></span> <span class='ocrx_word' id='word_1_217' title='bbox 1505 2889 1623 2944; x_wconf 66' lang='lat' dir='ltr'><strong>qum</strong></span> <span class='ocrx_word' id='word_1_218' title='bbox 1653 2883 1831 2928; x_wconf 86' lang='lat' dir='ltr'><strong>tamen</strong></span> <span class='ocrx_word' id='word_1_219' title='bbox 1857 2869 2106 2924; x_wconf 82' lang='lat' dir='ltr'><strong>emenda-</strong></span> 
     </span>
    </p>
   </div>
   <div class='ocr_carea' id='block_1_30' title="bbox 527 2963 2108 3040">
    <p class='ocr_par' dir='ltr' id='par_1_30' title="bbox 527 2963 2108 3040">
     <span class='ocr_line' id='line_1_30' title="bbox 527 2963 2108 3040; baseline -0.006 -15"><span class='ocrx_word' id='word_1_220' title='bbox 527 2972 606 3026; x_wconf 92' lang='lat' dir='ltr'><strong>tio</strong></span> <span class='ocrx_word' id='word_1_221' title='bbox 648 2971 824 3040; x_wconf 87' lang='lat' dir='ltr'><strong>potius</strong></span> <span class='ocrx_word' id='word_1_222' title='bbox 861 2979 1004 3035; x_wconf 86' lang='lat' dir='ltr'><strong>crat,</strong></span> <span class='ocrx_word' id='word_1_223' title='bbox 1046 2983 1205 3038; x_wconf 90' lang='lat' dir='ltr'><strong>quam</strong></span> <span class='ocrx_word' id='word_1_224' title='bbox 1265 2967 1464 3037; x_wconf 65' lang='lat' dir='ltr'><strong>poena?</strong></span> <span class='ocrx_word' id='word_1_225' title='bbox 1501 2965 1657 3019; x_wconf 83' lang='lat' dir='ltr'><strong>Pater</strong></span> <span class='ocrx_word' id='word_1_226' title='bbox 1696 2963 1838 3018; x_wconf 90' lang='lat' dir='ltr'><strong>enim</strong></span> <span class='ocrx_word' id='word_1_227' title='bbox 1881 2971 2016 3027; x_wconf 89' lang='lat' dir='ltr'><strong>erat,</strong></span> <span class='ocrx_word' id='word_1_228' title='bbox 2053 2969 2108 3016; x_wconf 92' lang='lat' dir='ltr'><strong>et</strong></span> 
     </span>
    </p>
   </div>
   <div class='ocr_carea' id='block_1_31' title="bbox 525 3053 2109 3128">
    <p class='ocr_par' dir='ltr' id='par_1_31' title="bbox 525 3053 2109 3128">
     <span class='ocr_line' id='line_1_31' title="bbox 525 3053 2109 3128; baseline -0.005 -13"><span class='ocrx_word' id='word_1_229' title='bbox 525 3061 924 3115; x_wconf 79' lang='lat' dir='ltr'><strong>amantissimus</strong></span> <span class='ocrx_word' id='word_1_230' title='bbox 975 3068 1145 3128; x_wconf 83' lang='lat' dir='ltr'><strong>pater,</strong></span> <span class='ocrx_word' id='word_1_231' title='bbox 1199 3071 1369 3126; x_wconf 89' lang='lat' dir='ltr'><strong>neque</strong></span> <span class='ocrx_word' id='word_1_232' title='bbox 1411 3055 1607 3125; x_wconf 81' lang='lat' dir='ltr'><strong>justam</strong></span> <span class='ocrx_word' id='word_1_233' title='bbox 1657 3068 1868 3124; x_wconf 71' lang='lat' dir='ltr'><strong>pmnam</strong></span> <span class='ocrx_word' id='word_1_234' title='bbox 1900 3053 2109 3108; x_wconf 75' lang='lat' dir='ltr'><strong>volebat</strong></span> 
     </span>
    </p>
   </div>
   <div class='ocr_carea' id='block_1_32' title="bbox 529 3147 2104 3216">
    <p class='ocr_par' dir='ltr' id='par_1_32' title="bbox 529 3147 2104 3216">
     <span class='ocr_line' id='line_1_32' title="bbox 529 3147 2104 3216; baseline -0.007 -8"><span class='ocrx_word' id='word_1_235' title='bbox 529 3153 803 3216; x_wconf 88' lang='lat' dir='ltr'><strong>inducere,</strong></span> <span class='ocrx_word' id='word_1_236' title='bbox 831 3152 924 3207; x_wconf 88' lang='lat' dir='ltr'><strong>sed</strong></span> <span class='ocrx_word' id='word_1_237' title='bbox 952 3151 1024 3206; x_wconf 88' lang='lat' dir='ltr'><strong>ita</strong></span> <span class='ocrx_word' id='word_1_238' title='bbox 1069 3159 1126 3204; x_wconf 94' lang='lat' dir='ltr'><strong>ut</strong></span> <span class='ocrx_word' id='word_1_239' title='bbox 1151 3149 1456 3204; x_wconf 88' lang='lat' dir='ltr'><strong>ulteriorem</strong></span> <span class='ocrx_word' id='word_1_240' title='bbox 1488 3147 1744 3202; x_wconf 85' lang='lat' dir='ltr'><strong>malitiam</strong></span> <span class='ocrx_word' id='word_1_241' title='bbox 1773 3147 2104 3216; x_wconf 86' lang='lat' dir='ltr'><strong>reprimeret.</strong></span> 
     </span>
    </p>
   </div>
   <div class='ocr_carea' id='block_1_33' title="bbox 529 3236 2108 3310">
    <p class='ocr_par' dir='ltr' id='par_1_33' title="bbox 529 3236 2108 3310">
     <span class='ocr_line' id='line_1_33' title="bbox 529 3236 2108 3310; baseline -0.004 -12"><span class='ocrx_word' id='word_1_242' title='bbox 529 3243 800 3310; x_wconf 86' lang='lat' dir='ltr'><strong>ldeo,ait,</strong></span> <span class='ocrx_word' id='word_1_243' title='bbox 830 3243 904 3297; x_wconf 90' lang='lat' dir='ltr'><strong>ad</strong></span> <span class='ocrx_word' id='word_1_244' title='bbox 947 3240 1256 3297; x_wconf 75' lang='lat' dir='ltr'><strong>servitutem</strong></span> <span class='ocrx_word' id='word_1_245' title='bbox 1285 3249 1338 3295; x_wconf 88' lang='lat' dir='ltr'><strong>te</strong></span> <span class='ocrx_word' id='word_1_246' title='bbox 1379 3237 1700 3304; x_wconf 86' lang='lat' dir='ltr'><strong>condemno,</strong></span> <span class='ocrx_word' id='word_1_247' title='bbox 1744 3245 1803 3290; x_wconf 90' lang='lat' dir='ltr'><strong>ut</strong></span> <span class='ocrx_word' id='word_1_248' title='bbox 1843 3236 2108 3306; x_wconf 77' lang='lat' dir='ltr'><strong>jugera-et</strong></span> 
     </span>
    </p>
   </div>
   <div class='ocr_carea' id='block_1_34' title="bbox 527 3327 2104 3392">
    <p class='ocr_par' dir='ltr' id='par_1_34' title="bbox 527 3327 2104 3392">
     <span class='ocr_line' id='line_1_34' title="bbox 527 3327 2104 3392; baseline -0.007 0"><span class='ocrx_word' id='word_1_249' title='bbox 527 3335 869 3392; x_wconf 87' lang='lat' dir='ltr'><strong>indelebilem</strong></span> <span class='ocrx_word' id='word_1_250' title='bbox 906 3334 1106 3391; x_wconf 83' lang='lat' dir='ltr'><strong>habeas</strong></span> <span class='ocrx_word' id='word_1_251' title='bbox 1152 3333 1274 3387; x_wconf 82' lang='lat' dir='ltr'><strong>facti</strong></span> <span class='ocrx_word' id='word_1_252' title='bbox 1313 3330 1646 3386; x_wconf 80' lang='lat' dir='ltr'><strong>memoriam.</strong></span> <span class='ocrx_word' id='word_1_253' title='bbox 1689 3329 1890 3384; x_wconf 82' lang='lat' dir='ltr'><strong>-Postea</strong></span> <span class='ocrx_word' id='word_1_254' title='bbox 1919 3327 2048 3382; x_wconf 86' lang='lat' dir='ltr'><strong>dicit</strong></span> <span class='ocrx_word' id='word_1_255' title='bbox 2089 3342 2104 3381; x_wconf 93' lang='lat'>:</span> 
     </span>
    </p>
   </div>
   <div class='ocr_carea' id='block_1_35' title="bbox 525 3418 2109 3491">
    <p class='ocr_par' dir='ltr' id='par_1_35' title="bbox 525 3418 2109 3491">
     <span class='ocr_line' id='line_1_35' title="bbox 525 3418 2109 3491; baseline -0.007 -9"><span class='ocrx_word' id='word_1_256' title='bbox 525 3427 619 3482; x_wconf 75' lang='grc'><strong>27.</strong></span> <span class='ocrx_word' id='word_1_257' title='bbox 665 3424 854 3479; x_wconf 83' lang='lat' dir='ltr'><strong>Dilatet</strong></span> <span class='ocrx_word' id='word_1_258' title='bbox 880 3424 1016 3479; x_wconf 82' lang='lat' dir='ltr'><strong>Deus</strong></span> <span class='ocrx_word' id='word_1_259' title='bbox 1041 3423 1287 3491; x_wconf 81' lang='lat' dir='ltr'><strong>Japheth,</strong></span> <span class='ocrx_word' id='word_1_260' title='bbox 1335 3432 1384 3476; x_wconf 86' lang='lat' dir='ltr'><strong>et</strong></span> <span class='ocrx_word' id='word_1_261' title='bbox 1429 3422 1612 3475; x_wconf 78' lang='lat' dir='ltr'><strong>habitet</strong></span> <span class='ocrx_word' id='word_1_262' title='bbox 1665 3421 1726 3473; x_wconf 82' lang='lat' dir='ltr'><strong>in</strong></span> <span class='ocrx_word' id='word_1_263' title='bbox 1773 3418 2109 3473; x_wconf 84' lang='lat' dir='ltr'><strong>tabernaculis</strong></span> 
     </span>
    </p>
   </div>
   <div class='ocr_carea' id='block_1_36' title="bbox 529 3511 2111 3586">
    <p class='ocr_par' dir='ltr' id='par_1_36' title="bbox 529 3511 2111 3586">
     <span class='ocr_line' id='line_1_36' title="bbox 529 3511 2111 3586; baseline -0.006 -14"><span class='ocrx_word' id='word_1_264' title='bbox 529 3516 670 3582; x_wconf 79' lang='lat' dir='ltr'><strong>Sent,</strong></span> <span class='ocrx_word' id='word_1_265' title='bbox 701 3515 863 3586; x_wconf 73' lang='lat' dir='ltr'><strong>etﬁat</strong></span> <span class='ocrx_word' id='word_1_266' title='bbox 883 3513 1128 3571; x_wconf 82' lang='lat' dir='ltr'><strong>Chanaan</strong></span> <span class='ocrx_word' id='word_1_267' title='bbox 1149 3513 1499 3568; x_wconf 76' lang='lat' dir='ltr'><strong>unus-illius.</strong></span> <span class='ocrx_word' id='word_1_268' title='bbox 1535 3512 1738 3567; x_wconf 80' lang='lat' dir='ltr'><strong>lterum</strong></span> <span class='ocrx_word' id='word_1_269' title='bbox 1761 3511 1874 3565; x_wconf 76' lang='lat' dir='ltr'><strong>lucc</strong></span> <span class='ocrx_word' id='word_1_270' title='bbox 1901 3523 2111 3580; x_wconf 87' lang='lat' dir='ltr'><strong>quoque</strong></span> 
     </span>
    </p>
   </div>
   <div class='ocr_carea' id='block_1_37' title="bbox 525 3602 2110 3672">
    <p class='ocr_par' dir='ltr' id='par_1_37' title="bbox 525 3602 2110 3672">
     <span class='ocr_line' id='line_1_37' title="bbox 525 3602 2110 3672; baseline -0.004 -10"><span class='ocrx_word' id='word_1_271' title='bbox 525 3607 760 3663; x_wconf 80' lang='lat' dir='ltr'><strong>maxima</strong></span> <span class='ocrx_word' id='word_1_272' title='bbox 789 3605 1089 3662; x_wconf 86' lang='lat' dir='ltr'><strong>benedictio</strong></span> <span class='ocrx_word' id='word_1_273' title='bbox 1129 3614 1234 3669; x_wconf 91' lang='lat' dir='ltr'><strong>est,</strong></span> <span class='ocrx_word' id='word_1_274' title='bbox 1262 3603 1396 3660; x_wconf 89' lang='lat' dir='ltr'><strong>forte</strong></span> <span class='ocrx_word' id='word_1_275' title='bbox 1439 3604 1692 3660; x_wconf 86' lang='lat' dir='ltr'><strong>latentem</strong></span> <span class='ocrx_word' id='word_1_276' title='bbox 1729 3603 1964 3672; x_wconf 84' lang='lat' dir='ltr'><strong>aliquem</strong></span> <span class='ocrx_word' id='word_1_277' title='bbox 2012 3602 2110 3655; x_wconf 79' lang='lat' dir='ltr'><strong>ha-</strong></span> 
     </span>
    </p>
   </div>
   <div class='ocr_carea' id='block_1_38' title="bbox 527 3692 2109 3766">
    <p class='ocr_par' dir='ltr' id='par_1_38' title="bbox 527 3692 2109 3766">
     <span class='ocr_line' id='line_1_38' title="bbox 527 3692 2109 3766; baseline -0.004 -12"><span class='ocrx_word' id='word_1_278' title='bbox 527 3699 663 3754; x_wconf 83' lang='lat' dir='ltr'><strong>hens</strong></span> <span class='ocrx_word' id='word_1_279' title='bbox 710 3695 1038 3753; x_wconf 86' lang='lat' dir='ltr'><strong>thesaurum.</strong></span> <span class='ocrx_word' id='word_1_280' title='bbox 1074 3695 1282 3760; x_wconf 85' lang='lat' dir='ltr'><strong>Dilatet,</strong></span> <span class='ocrx_word' id='word_1_281' title='bbox 1323 3696 1510 3766; x_wconf 87' lang='lat' dir='ltr'><strong>inquit,</strong></span> <span class='ocrx_word' id='word_1_282' title='bbox 1543 3695 1675 3748; x_wconf 79' lang='lat' dir='ltr'><strong>Deus</strong></span> <span class='ocrx_word' id='word_1_283' title='bbox 1719 3693 1962 3764; x_wconf 82' lang='lat' dir='ltr'><strong>Japheth.</strong></span> <span class='ocrx_word' id='word_1_284' title='bbox 1994 3692 2109 3748; x_wconf 86' lang='lat' dir='ltr'><strong>Non</strong></span> 
     </span>
    </p>
   </div>
   <div class='ocr_carea' id='block_1_39' title="bbox 529 3781 2111 3860">
    <p class='ocr_par' dir='ltr' id='par_1_39' title="bbox 529 3781 2111 3860">
     <span class='ocr_line' id='line_1_39' title="bbox 529 3781 2111 3860; baseline -0.003 -15"><span class='ocrx_word' id='word_1_285' title='bbox 529 3790 801 3845; x_wconf 76' lang='lat' dir='ltr'><strong>aberrabit</strong></span> <span class='ocrx_word' id='word_1_286' title='bbox 823 3790 966 3860; x_wconf 87' lang='lat' dir='ltr'><strong>quis,</strong></span> <span class='ocrx_word' id='word_1_287' title='bbox 994 3788 1038 3843; x_wconf 88' lang='lat' dir='ltr'><strong>si</strong></span> <span class='ocrx_word' id='word_1_288' title='bbox 1070 3789 1263 3844; x_wconf 83' lang='lat' dir='ltr'><strong>dixerit</strong></span> <span class='ocrx_word' id='word_1_289' title='bbox 1301 3786 1696 3842; x_wconf 85' lang='lat' dir='ltr'><strong>benedictiones</strong></span> <span class='ocrx_word' id='word_1_290' title='bbox 1721 3785 1849 3855; x_wconf 86' lang='lat' dir='ltr'><strong>justi</strong></span> <span class='ocrx_word' id='word_1_291' title='bbox 1880 3781 2111 3855; x_wconf 86' lang='lat' dir='ltr'><strong>prophe-</strong></span> 
     </span>
    </p>
   </div>
   <div class='ocr_carea' id='block_1_40' title="bbox 533 3876 2112 3949">
    <p class='ocr_par' dir='ltr' id='par_1_40' title="bbox 533 3876 2112 3949">
     <span class='ocr_line' id='line_1_40' title="bbox 533 3876 2112 3949; baseline -0.003 -14"><span class='ocrx_word' id='word_1_292' title='bbox 533 3881 636 3935; x_wconf 89' lang='lat' dir='ltr'><strong>tias</strong></span> <span class='ocrx_word' id='word_1_293' title='bbox 662 3894 802 3934; x_wconf 88' lang='lat' dir='ltr'><strong>esse.</strong></span> <span class='ocrx_word' id='word_1_294' title='bbox 833 3879 965 3935; x_wconf 76' lang='lat' dir='ltr'><strong>Nam</strong></span> <span class='ocrx_word' id='word_1_295' title='bbox 995 3879 1040 3934; x_wconf 89' lang='lat' dir='ltr'><strong>si</strong></span> <span class='ocrx_word' id='word_1_296' title='bbox 1071 3887 1222 3949; x_wconf 89' lang='lat' dir='ltr'><strong>pater</strong></span> <span class='ocrx_word' id='word_1_297' title='bbox 1250 3877 1365 3934; x_wconf 85' lang='lat' dir='ltr'><strong>Noe</strong></span> <span class='ocrx_word' id='word_1_298' title='bbox 1409 3891 1514 3932; x_wconf 91' lang='lat' dir='ltr'><strong>non</strong></span> <span class='ocrx_word' id='word_1_299' title='bbox 1550 3876 1897 3946; x_wconf 89' lang='lat' dir='ltr'><strong>simpliciter,</strong></span> <span class='ocrx_word' id='word_1_300' title='bbox 1938 3889 2112 3945; x_wconf 85' lang='lat' dir='ltr'><strong>neque</strong></span> 
     </span>
    </p>
   </div>
   <div class='ocr_carea' id='block_1_41' title="bbox 531 3966 2112 4034">
    <p class='ocr_par' dir='ltr' id='par_1_41' title="bbox 531 3966 2112 4034">
     <span class='ocr_line' id='line_1_41' title="bbox 531 3966 2112 4034; baseline -0.003 -10"><span class='ocrx_word' id='word_1_301' title='bbox 531 3972 725 4026; x_wconf 81' lang='lat' dir='ltr'><strong>frustra</strong></span> <span class='ocrx_word' id='word_1_302' title='bbox 751 3968 1280 4026; x_wconf 80' lang='lat' dir='ltr'><strong>vocabulumindidit</strong></span> <span class='ocrx_word' id='word_1_303' title='bbox 1304 3967 1440 4034; x_wconf 83' lang='lat' dir='ltr'><strong>Noe,</strong></span> <span class='ocrx_word' id='word_1_304' title='bbox 1467 3967 1562 4023; x_wconf 88' lang='lat' dir='ltr'><strong>sed</strong></span> <span class='ocrx_word' id='word_1_305' title='bbox 1583 3966 1898 4022; x_wconf 84' lang='lat' dir='ltr'><strong>vaticinatus</strong></span> <span class='ocrx_word' id='word_1_306' title='bbox 1917 3972 2000 4020; x_wconf 88' lang='lat' dir='ltr'><strong>est</strong></span> <span class='ocrx_word' id='word_1_307' title='bbox 2017 3979 2112 4033; x_wconf 91' lang='lat' dir='ltr'><strong>per</strong></span> 
     </span>
    </p>
   </div>
   <div class='ocr_carea' id='block_1_42' title="bbox 532 4055 2112 4129">
    <p class='ocr_par' dir='ltr' id='par_1_42' title="bbox 532 4055 2112 4129">
     <span class='ocr_line' id='line_1_42' title="bbox 532 4055 2112 4129; baseline -0.005 -9"><span class='ocrx_word' id='word_1_308' title='bbox 532 4080 727 4120; x_wconf 81' lang='lat' dir='ltr'><strong>nomen</strong></span> <span class='ocrx_word' id='word_1_309' title='bbox 745 4063 985 4119; x_wconf 75' lang='lat' dir='ltr'><strong>futurum</strong></span> <span class='ocrx_word' id='word_1_310' title='bbox 1012 4063 1287 4118; x_wconf 89' lang='lat' dir='ltr'><strong>diliuvium</strong></span> <span class='ocrx_word' id='word_1_311' title='bbox 1324 4077 1340 4116; x_wconf 88' lang='lat'><strong>:</strong></span> <span class='ocrx_word' id='word_1_312' title='bbox 1391 4061 1557 4116; x_wconf 90' lang='lat' dir='ltr'><strong>multo</strong></span> <span class='ocrx_word' id='word_1_313' title='bbox 1605 4059 1772 4129; x_wconf 88' lang='lat' dir='ltr'><strong>magis</strong></span> <span class='ocrx_word' id='word_1_314' title='bbox 1795 4057 1973 4128; x_wconf 87' lang='lat' dir='ltr'><strong>justus</strong></span> <span class='ocrx_word' id='word_1_315' title='bbox 2021 4055 2112 4112; x_wconf 88' lang='lat' dir='ltr'><strong>ille</strong></span> 
     </span>
    </p>
   </div>
   <div class='ocr_carea' id='block_1_43' title="bbox 533 4147 2110 4226">
    <p class='ocr_par' dir='ltr' id='par_1_43' title="bbox 533 4147 2110 4226">
     <span class='ocr_line' id='line_1_43' title="bbox 533 4147 2110 4226; baseline -0.006 -14"><span class='ocrx_word' id='word_1_316' title='bbox 533 4172 639 4212; x_wconf 83' lang='lat' dir='ltr'><strong>non</strong></span> <span class='ocrx_word' id='word_1_317' title='bbox 660 4156 994 4226; x_wconf 82' lang='lat' dir='ltr'><strong>simpliciter,</strong></span> <span class='ocrx_word' id='word_1_318' title='bbox 1009 4169 1202 4225; x_wconf 77' lang='lat' dir='ltr'><strong>.neque</strong></span> <span class='ocrx_word' id='word_1_319' title='bbox 1228 4154 1422 4208; x_wconf 80' lang='lat' dir='ltr'><strong>frustra</strong></span> <span class='ocrx_word' id='word_1_320' title='bbox 1446 4150 1843 4208; x_wconf 87' lang='lat' dir='ltr'><strong>benedictiones</strong></span> <span class='ocrx_word' id='word_1_321' title='bbox 1870 4147 2110 4219; x_wconf 89' lang='lat' dir='ltr'><strong>protulit.</strong></span> 
     </span>
    </p>
   </div>
   <div class='ocr_carea' id='block_1_44' title="bbox 531 4242 2114 4318">
    <p class='ocr_par' dir='ltr' id='par_1_44' title="bbox 531 4242 2114 4318">
     <span class='ocr_line' id='line_1_44' title="bbox 531 4242 2114 4318; baseline -0.006 -14"><span class='ocrx_word' id='word_1_322' title='bbox 531 4249 732 4318; x_wconf 85' lang='lat' dir='ltr'><strong>Opinor</strong></span> <span class='ocrx_word' id='word_1_323' title='bbox 747 4248 892 4303; x_wconf 88' lang='lat' dir='ltr'><strong>enim</strong></span> <span class='ocrx_word' id='word_1_324' title='bbox 915 4262 1044 4301; x_wconf 87' lang='lat' dir='ltr'><strong>eum</strong></span> <span class='ocrx_word' id='word_1_325' title='bbox 1074 4245 1172 4302; x_wconf 87' lang='lat' dir='ltr'><strong>hos</strong></span> <span class='ocrx_word' id='word_1_326' title='bbox 1189 4247 1321 4300; x_wconf 87' lang='lat' dir='ltr'><strong>duos</strong></span> <span class='ocrx_word' id='word_1_327' title='bbox 1350 4244 1732 4309; x_wconf 84' lang='lat' dir='ltr'><strong>benedicendo,</strong></span> <span class='ocrx_word' id='word_1_328' title='bbox 1763 4242 1988 4297; x_wconf 89' lang='lat' dir='ltr'><strong>duorum</strong></span> <span class='ocrx_word' id='word_1_329' title='bbox 2014 4257 2114 4312; x_wconf 89' lang='lat' dir='ltr'><strong>po-</strong></span> 
     </span>
    </p>
   </div>
   <div class='ocr_carea' id='block_1_45' title="bbox 541 4334 2110 4412">
    <p class='ocr_par' dir='ltr' id='par_1_45' title="bbox 541 4334 2110 4412">
     <span class='ocr_line' id='line_1_45' title="bbox 541 4334 2110 4412; baseline -0.004 -18"><span class='ocrx_word' id='word_1_330' title='bbox 541 4340 792 4412; x_wconf 89' lang='lat' dir='ltr'><strong>pulorum</strong></span> <span class='ocrx_word' id='word_1_331' title='bbox 821 4339 1153 4394; x_wconf 86' lang='lat' dir='ltr'><strong>vocationem</strong></span> <span class='ocrx_word' id='word_1_332' title='bbox 1183 4336 1480 4406; x_wconf 83' lang='lat' dir='ltr'><strong>significare</strong></span> <span class='ocrx_word' id='word_1_333' title='bbox 1501 4335 1732 4390; x_wconf 83' lang='lat' dir='ltr'><strong>voluisse</strong></span> <span class='ocrx_word' id='word_1_334' title='bbox 1759 4351 1774 4390; x_wconf 87' lang='lat'><strong><em>:</em></strong></span> <span class='ocrx_word' id='word_1_335' title='bbox 1800 4343 1970 4404; x_wconf 66' lang='lat' dir='ltr'><strong>etper</strong></span> <span class='ocrx_word' id='word_1_336' title='bbox 1989 4334 2110 4389; x_wconf 84' lang='lat' dir='ltr'><strong>Sent</strong></span> 
     </span>
    </p>
   </div>
   <div class='ocr_carea' id='block_1_46' title="bbox 533 4423 2111 4500">
    <p class='ocr_par' dir='ltr' id='par_1_46' title="bbox 533 4423 2111 4500">
     <span class='ocr_line' id='line_1_46' title="bbox 533 4423 2111 4500; baseline -0.004 -17"><span class='ocrx_word' id='word_1_337' title='bbox 533 4428 749 4500; x_wconf 85' lang='lat' dir='ltr'><strong>quidem</strong></span> <span class='ocrx_word' id='word_1_338' title='bbox 775 4427 1022 4486; x_wconf 73' lang='lat' dir='ltr'><strong>Judmos:</strong></span> <span class='ocrx_word' id='word_1_339' title='bbox 1051 4443 1116 4483; x_wconf 84' lang='lat' dir='ltr'><strong>ex</strong></span> <span class='ocrx_word' id='word_1_340' title='bbox 1139 4427 1229 4481; x_wconf 91' lang='lat' dir='ltr'><strong>illo</strong></span> <span class='ocrx_word' id='word_1_341' title='bbox 1256 4427 1397 4481; x_wconf 89' lang='lat' dir='ltr'><strong>enim</strong></span> <span class='ocrx_word' id='word_1_342' title='bbox 1423 4437 1476 4481; x_wconf 90' lang='lat' dir='ltr'><strong>et</strong></span> <span class='ocrx_word' id='word_1_343' title='bbox 1497 4424 1786 4489; x_wconf 82' lang='lat' dir='ltr'><strong>Abraham,</strong></span> <span class='ocrx_word' id='word_1_344' title='bbox 1811 4433 1867 4480; x_wconf 89' lang='lat' dir='ltr'><strong>et</strong></span> <span class='ocrx_word' id='word_1_345' title='bbox 1896 4423 2111 4480; x_wconf 71' lang='lat' dir='ltr'><strong>Judtco-</strong></span> 
     </span>
    </p>
   </div>
   <div class='ocr_carea' id='block_1_47' title="bbox 536 4515 2110 4592">
    <p class='ocr_par' dir='ltr' id='par_1_47' title="bbox 536 4515 2110 4592">
     <span class='ocr_line' id='line_1_47' title="bbox 536 4515 2110 4592; baseline -0.005 -16"><span class='ocrx_word' id='word_1_346' title='bbox 536 4536 655 4576; x_wconf 89' lang='lat' dir='ltr'><strong>rum</strong></span> <span class='ocrx_word' id='word_1_347' title='bbox 701 4534 871 4592; x_wconf 82' lang='lat' dir='ltr'><strong>genus</strong></span> <span class='ocrx_word' id='word_1_348' title='bbox 900 4517 1304 4589; x_wconf 83' lang='lat' dir='ltr'><strong>multiplicatum</strong></span> <span class='ocrx_word' id='word_1_349' title='bbox 1345 4526 1429 4572; x_wconf 86' lang='lat' dir='ltr'><strong>est</strong></span> <span class='ocrx_word' id='word_1_350' title='bbox 1457 4538 1471 4574; x_wconf 91' lang='lat'><strong>:</strong></span> <span class='ocrx_word' id='word_1_351' title='bbox 1495 4532 1590 4588; x_wconf 89' lang='lat' dir='ltr'><strong>per</strong></span> <span class='ocrx_word' id='word_1_352' title='bbox 1631 4515 1861 4587; x_wconf 81' lang='lat' dir='ltr'><strong>Japheth</strong></span> <span class='ocrx_word' id='word_1_353' title='bbox 1907 4525 2110 4582; x_wconf 88' lang='lat' dir='ltr'><strong>autem,</strong></span> 
     </span>
    </p>
   </div>
   <div class='ocr_carea' id='block_1_48' title="bbox 533 4607 2113 4686">
    <p class='ocr_par' dir='ltr' id='par_1_48' title="bbox 533 4607 2113 4686">
     <span class='ocr_line' id='line_1_48' title="bbox 533 4607 2113 4686; baseline -0.004 -16"><span class='ocrx_word' id='word_1_354' title='bbox 533 4615 771 4686; x_wconf 89' lang='lat' dir='ltr'><strong>gentium</strong></span> <span class='ocrx_word' id='word_1_355' title='bbox 797 4613 1149 4668; x_wconf 86' lang='lat' dir='ltr'><strong>vocationem.</strong></span> <span class='ocrx_word' id='word_1_356' title='bbox 1177 4611 1218 4666; x_wconf 69' lang='grc'><strong>³1</strong></span> <span class='ocrx_word' id='word_1_357' title='bbox 1225 4611 1311 4666; x_wconf 89' lang='lat' dir='ltr'><strong>ide</strong></span> <span class='ocrx_word' id='word_1_358' title='bbox 1338 4621 1514 4665; x_wconf 86' lang='lat' dir='ltr'><strong>autem</strong></span> <span class='ocrx_word' id='word_1_359' title='bbox 1544 4609 1967 4666; x_wconf 86' lang='lat' dir='ltr'><strong>benedictionem</strong></span> <span class='ocrx_word' id='word_1_360' title='bbox 1998 4607 2113 4664; x_wconf 77' lang='lat' dir='ltr'><strong>hace</strong></span> 
     </span>
    </p>
   </div>
   <div class='ocr_carea' id='block_1_49' title="bbox 539 4699 2114 4778">
    <p class='ocr_par' dir='ltr' id='par_1_49' title="bbox 539 4699 2114 4778">
     <span class='ocr_line' id='line_1_49' title="bbox 539 4699 2114 4778; baseline -0.004 -17"><span class='ocrx_word' id='word_1_361' title='bbox 539 4704 895 4778; x_wconf 73' lang='lat' dir='ltr'><strong>prtenuntiare</strong></span> <span class='ocrx_word' id='word_1_362' title='bbox 929 4702 1165 4761; x_wconf 73' lang='lat' dir='ltr'><strong>:Dilatet</strong></span> <span class='ocrx_word' id='word_1_363' title='bbox 1205 4704 1370 4767; x_wconf 88' lang='lat' dir='ltr'><strong>enim,</strong></span> <span class='ocrx_word' id='word_1_364' title='bbox 1411 4703 1598 4773; x_wconf 90' lang='lat' dir='ltr'><strong>inquit,</strong></span> <span class='ocrx_word' id='word_1_365' title='bbox 1631 4699 2031 4768; x_wconf 76' lang='lat' dir='ltr'><strong>Deuslapheth,</strong></span> <span class='ocrx_word' id='word_1_366' title='bbox 2067 4709 2114 4754; x_wconf 84' lang='lat' dir='ltr'><strong>et</strong></span> 
     </span>
    </p>
   </div>
   <div class='ocr_carea' id='block_1_50' title="bbox 536 4793 2113 4864">
    <p class='ocr_par' dir='ltr' id='par_1_50' title="bbox 536 4793 2113 4864">
     <span class='ocr_line' id='line_1_50' title="bbox 536 4793 2113 4864; baseline -0.003 -13"><span class='ocrx_word' id='word_1_367' title='bbox 536 4799 724 4853; x_wconf 78' lang='lat' dir='ltr'><strong>habitet</strong></span> <span class='ocrx_word' id='word_1_368' title='bbox 767 4797 821 4852; x_wconf 87' lang='lat' dir='ltr'><strong>in</strong></span> <span class='ocrx_word' id='word_1_369' title='bbox 863 4797 1198 4852; x_wconf 76' lang='lat' dir='ltr'><strong>tabernaculis</strong></span> <span class='ocrx_word' id='word_1_370' title='bbox 1248 4796 1388 4852; x_wconf 75' lang='lat' dir='ltr'><strong>Sent.</strong></span> <span class='ocrx_word' id='word_1_371' title='bbox 1431 4795 1541 4849; x_wconf 81' lang='lat' dir='ltr'><strong>lloc</strong></span> <span class='ocrx_word' id='word_1_372' title='bbox 1584 4793 1636 4848; x_wconf 89' lang='lat' dir='ltr'><strong>in</strong></span> <span class='ocrx_word' id='word_1_373' title='bbox 1657 4794 1912 4864; x_wconf 77' lang='lat' dir='ltr'><strong>gentibus</strong></span> <span class='ocrx_word' id='word_1_374' title='bbox 1945 4794 2113 4848; x_wconf 88' lang='lat' dir='ltr'><strong>adim-</strong></span> 
     </span>
    </p>
   </div>
   <div class='ocr_carea' id='block_1_51' title="bbox 537 4883 2114 4958">
    <p class='ocr_par' dir='ltr' id='par_1_51' title="bbox 537 4883 2114 4958">
     <span class='ocr_line' id='line_1_51' title="bbox 537 4883 2114 4958; baseline -0.003 -14"><span class='ocrx_word' id='word_1_375' title='bbox 537 4890 737 4958; x_wconf 85' lang='lat' dir='ltr'><strong>pletum</strong></span> <span class='ocrx_word' id='word_1_376' title='bbox 783 4888 1045 4943; x_wconf 80' lang='lat' dir='ltr'><strong>videmus.</strong></span> <span class='ocrx_word' id='word_1_377' title='bbox 1083 4887 1226 4943; x_wconf 76' lang='lat' dir='ltr'><strong>Cum</strong></span> <span class='ocrx_word' id='word_1_378' title='bbox 1275 4887 1404 4941; x_wconf 88' lang='lat' dir='ltr'><strong>dicit</strong></span> <span class='ocrx_word' id='word_1_379' title='bbox 1447 4885 1611 4948; x_wconf 88' lang='lat' dir='ltr'><strong>enim,</strong></span> <span class='ocrx_word' id='word_1_380' title='bbox 1649 4883 1879 4949; x_wconf 85' lang='lat' dir='ltr'><strong>Dilatet,</strong></span> <span class='ocrx_word' id='word_1_381' title='bbox 1924 4898 2114 4940; x_wconf 87' lang='lat' dir='ltr'><strong>omnes</strong></span> 
     </span>
    </p>
   </div>
   <div class='ocr_carea' id='block_1_52' title="bbox 537 4974 2113 5051">
    <p class='ocr_par' dir='ltr' id='par_1_52' title="bbox 537 4974 2113 5051">
     <span class='ocr_line' id='line_1_52' title="bbox 537 4974 2113 5051; baseline -0.004 -16"><span class='ocrx_word' id='word_1_382' title='bbox 537 4989 724 5051; x_wconf 80' lang='lat' dir='ltr'><strong>gentes</strong></span> <span class='ocrx_word' id='word_1_383' title='bbox 745 4978 1125 5042; x_wconf 86' lang='lat' dir='ltr'><strong>subindicavit;</strong></span> <span class='ocrx_word' id='word_1_384' title='bbox 1147 4978 1241 5034; x_wconf 89' lang='lat' dir='ltr'><strong>sed</strong></span> <span class='ocrx_word' id='word_1_385' title='bbox 1273 4977 1524 5044; x_wconf 77' lang='lat' dir='ltr'><strong>dicendo,</strong></span> <span class='ocrx_word' id='word_1_386' title='bbox 1562 4974 1766 5031; x_wconf 78' lang='lat' dir='ltr'><strong>Habitet</strong></span> <span class='ocrx_word' id='word_1_387' title='bbox 1792 4976 1844 5030; x_wconf 90' lang='lat' dir='ltr'><strong>in</strong></span> <span class='ocrx_word' id='word_1_388' title='bbox 1873 4974 2113 5030; x_wconf 84' lang='lat' dir='ltr'><strong>taberna-</strong></span> 
     </span>
    </p>
   </div>
   <div class='ocr_carea' id='block_1_53' title="bbox 532 5065 2116 5144">
    <p class='ocr_par' dir='ltr' id='par_1_53' title="bbox 532 5065 2116 5144">
     <span class='ocr_line' id='line_1_53' title="bbox 532 5065 2116 5144; baseline -0.008 -13"><span class='ocrx_word' id='word_1_389' title='bbox 532 5076 666 5130; x_wconf 79' lang='lat' dir='ltr'><strong>culis</strong></span> <span class='ocrx_word' id='word_1_390' title='bbox 681 5072 824 5144; x_wconf 85' lang='lat' dir='ltr'><strong>Sem,</strong></span> <span class='ocrx_word' id='word_1_391' title='bbox 845 5079 1078 5136; x_wconf 72' lang='lat' dir='ltr'><strong>siniﬁcat</strong></span> <span class='ocrx_word' id='word_1_392' title='bbox 1103 5081 1288 5141; x_wconf 80' lang='lat' dir='ltr'><strong>gentes</strong></span> <span class='ocrx_word' id='word_1_393' title='bbox 1317 5068 1416 5124; x_wconf 83' lang='lat' dir='ltr'><strong>frui</strong></span> <span class='ocrx_word' id='word_1_394' title='bbox 1438 5069 1664 5138; x_wconf 65' lang='lat' dir='ltr'><strong>cepisse</strong></span> <span class='ocrx_word' id='word_1_395' title='bbox 1688 5069 1752 5123; x_wconf 89' lang='lat' dir='ltr'><strong>iis</strong></span> <span class='ocrx_word' id='word_1_396' title='bbox 1777 5082 1894 5137; x_wconf 81' lang='lat' dir='ltr'><strong>quae</strong></span> <span class='ocrx_word' id='word_1_397' title='bbox 1919 5065 2116 5122; x_wconf 72' lang='lat' dir='ltr'><strong>Judmis</strong></span> 
     </span>
    </p>
   </div>
   <div class='ocr_carea' id='block_1_54' title="bbox 537 5160 2113 5230">
    <p class='ocr_par' dir='ltr' id='par_1_54' title="bbox 537 5160 2113 5230">
     <span class='ocr_line' id='line_1_54' title="bbox 537 5160 2113 5230; baseline -0.002 -14"><span class='ocrx_word' id='word_1_398' title='bbox 537 5171 718 5230; x_wconf 90' lang='lat' dir='ltr'><strong>parata</strong></span> <span class='ocrx_word' id='word_1_399' title='bbox 745 5171 799 5216; x_wconf 90' lang='lat' dir='ltr'><strong>et</strong></span> <span class='ocrx_word' id='word_1_400' title='bbox 817 5162 1068 5216; x_wconf 88' lang='lat' dir='ltr'><strong>adornata</strong></span> <span class='ocrx_word' id='word_1_401' title='bbox 1089 5171 1260 5216; x_wconf 87' lang='lat' dir='ltr'><strong>erant.</strong></span> <span class='ocrx_word' id='word_1_402' title='bbox 1290 5161 1352 5215; x_wconf 88' lang='lat' dir='ltr'><strong>Et</strong></span> <span class='ocrx_word' id='word_1_403' title='bbox 1388 5163 1483 5216; x_wconf 88' lang='lat' dir='ltr'><strong>erit</strong></span> <span class='ocrx_word' id='word_1_404' title='bbox 1516 5160 1759 5218; x_wconf 83' lang='lat' dir='ltr'><strong>Chanaan</strong></span> <span class='ocrx_word' id='word_1_405' title='bbox 1785 5175 1955 5214; x_wconf 71' lang='lat' dir='ltr'><strong>senius</strong></span> <span class='ocrx_word' id='word_1_406' title='bbox 1983 5160 2113 5230; x_wconf 81' lang='lat' dir='ltr'><strong>ejus.</strong></span> 
     </span>
    </p>
   </div>
   <div class='ocr_carea' id='block_1_55' title="bbox 607 5250 2117 5321">
    <p class='ocr_par' dir='ltr' id='par_1_55' title="bbox 607 5250 2117 5321">
     <span class='ocr_line' id='line_1_55' title="bbox 607 5250 2117 5321; baseline -0.001 -15"><span class='ocrx_word' id='word_1_407' title='bbox 607 5253 660 5306; x_wconf 88' lang='lat'><strong>8.</strong></span> <span class='ocrx_word' id='word_1_408' title='bbox 709 5250 928 5305; x_wconf 86' lang='lat' dir='ltr'><strong>Vidistis</strong></span> <span class='ocrx_word' id='word_1_409' title='bbox 971 5251 1180 5320; x_wconf 87' lang='lat' dir='ltr'><strong>qualem</strong></span> <span class='ocrx_word' id='word_1_410' title='bbox 1225 5261 1281 5306; x_wconf 88' lang='lat' dir='ltr'><strong>et</strong></span> <span class='ocrx_word' id='word_1_411' title='bbox 1330 5252 1364 5306; x_wconf 91' lang='lat' dir='ltr'><strong>ii</strong></span> <span class='ocrx_word' id='word_1_412' title='bbox 1412 5252 1547 5321; x_wconf 81' lang='lat' dir='ltr'><strong>grati</strong></span> <span class='ocrx_word' id='word_1_413' title='bbox 1594 5251 1754 5306; x_wconf 90' lang='lat' dir='ltr'><strong>animi</strong></span> <span class='ocrx_word' id='word_1_414' title='bbox 1798 5259 2117 5319; x_wconf 81' lang='lat' dir='ltr'><strong>acceperunt</strong></span> 
     </span>
    </p>
   </div>
   <div class='ocr_carea' id='block_1_56' title="bbox 541 5341 2116 5414">
    <p class='ocr_par' dir='ltr' id='par_1_56' title="bbox 541 5341 2116 5414">
     <span class='ocr_line' id='line_1_56' title="bbox 541 5341 2116 5414; baseline -0.002 -15"><span class='ocrx_word' id='word_1_415' title='bbox 541 5343 864 5407; x_wconf 84' lang='lat' dir='ltr'><strong>mercedem,</strong></span> <span class='ocrx_word' id='word_1_416' title='bbox 894 5352 950 5397; x_wconf 90' lang='lat' dir='ltr'><strong>et</strong></span> <span class='ocrx_word' id='word_1_417' title='bbox 975 5352 1170 5414; x_wconf 85' lang='lat' dir='ltr'><strong>quanta</strong></span> <span class='ocrx_word' id='word_1_418' title='bbox 1192 5341 1282 5396; x_wconf 90' lang='lat' dir='ltr'><strong>ille</strong></span> <span class='ocrx_word' id='word_1_419' title='bbox 1313 5351 1529 5412; x_wconf 87' lang='lat' dir='ltr'><strong>prepter</strong></span> <span class='ocrx_word' id='word_1_420' title='bbox 1554 5342 1904 5397; x_wconf 86' lang='lat' dir='ltr'><strong>temeritatem</strong></span> <span class='ocrx_word' id='word_1_421' title='bbox 1931 5351 1986 5398; x_wconf 88' lang='lat' dir='ltr'><strong>et</strong></span> <span class='ocrx_word' id='word_1_422' title='bbox 2014 5343 2116 5397; x_wconf 86' lang='lat' dir='ltr'><strong>im-</strong></span> 
     </span>
    </p>
   </div>
   <div class='ocr_carea' id='block_1_57' title="bbox 531 5431 2118 5504">
    <p class='ocr_par' dir='ltr' id='par_1_57' title="bbox 531 5431 2118 5504">
     <span class='ocr_line' id='line_1_57' title="bbox 531 5431 2118 5504; baseline 0.001 -17"><span class='ocrx_word' id='word_1_423' title='bbox 531 5433 876 5503; x_wconf 83' lang='lat' dir='ltr'><strong>.prudentiam</strong></span> <span class='ocrx_word' id='word_1_424' title='bbox 922 5432 1208 5503; x_wconf 86' lang='lat' dir='ltr'><strong>ignominia</strong></span> <span class='ocrx_word' id='word_1_425' title='bbox 1233 5433 1456 5488; x_wconf 83' lang='lat' dir='ltr'><strong>alfectus</strong></span> <span class='ocrx_word' id='word_1_426' title='bbox 1474 5432 1592 5488; x_wconf 78' lang='lat' dir='ltr'><strong>est?</strong></span> <span class='ocrx_word' id='word_1_427' title='bbox 1621 5432 1740 5487; x_wconf 88' lang='lat' dir='ltr'><strong>Sint</strong></span> <span class='ocrx_word' id='word_1_428' title='bbox 1784 5431 1899 5488; x_wconf 61' lang='lat' dir='ltr'><strong>hac</strong></span> <span class='ocrx_word' id='word_1_429' title='bbox 1929 5448 2118 5504; x_wconf 80' lang='lat' dir='ltr'><strong>perpe-</strong></span> 
     </span>
    </p>
   </div>
   <div class='ocr_carea' id='block_1_58' title="bbox 533 5522 2120 5593">
    <p class='ocr_par' dir='ltr' id='par_1_58' title="bbox 533 5522 2120 5593">
     <span class='ocr_line' id='line_1_58' title="bbox 533 5522 2120 5593; baseline 0.003 -16"><span class='ocrx_word' id='word_1_430' title='bbox 533 5530 640 5577; x_wconf 78' lang='lat' dir='ltr'><strong>ztuo</strong></span> <span class='ocrx_word' id='word_1_431' title='bbox 667 5522 722 5576; x_wconf 88' lang='lat' dir='ltr'><strong>in</strong></span> <span class='ocrx_word' id='word_1_432' title='bbox 749 5531 928 5578; x_wconf 88' lang='lat' dir='ltr'><strong>nostra</strong></span> <span class='ocrx_word' id='word_1_433' title='bbox 958 5530 1136 5578; x_wconf 89' lang='lat' dir='ltr'><strong>mente</strong></span> <span class='ocrx_word' id='word_1_434' title='bbox 1159 5523 1376 5593; x_wconf 87' lang='lat' dir='ltr'><strong>scripta,</strong></span> <span class='ocrx_word' id='word_1_435' title='bbox 1417 5531 1476 5578; x_wconf 89' lang='lat' dir='ltr'><strong>ut</strong></span> <span class='ocrx_word' id='word_1_436' title='bbox 1538 5523 1730 5580; x_wconf 87' lang='lat' dir='ltr'><strong>horum</strong></span> <span class='ocrx_word' id='word_1_437' title='bbox 1779 5525 2120 5580; x_wconf 65' lang='lat' dir='ltr'><strong>mmulatores</strong></span> 
     </span>
    </p>
   </div>
   <div class='ocr_carea' id='block_1_59' title="bbox 525 5613 2114 5686">
    <p class='ocr_par' dir='ltr' id='par_1_59' title="bbox 525 5613 2114 5686">
     <span class='ocr_line' id='line_1_59' title="bbox 525 5613 2114 5686; baseline 0.003 -20"><span class='ocrx_word' id='word_1_438' title='bbox 525 5622 598 5666; x_wconf 79' lang='lat' dir='ltr'><strong>.et</strong></span> <span class='ocrx_word' id='word_1_439' title='bbox 621 5613 915 5670; x_wconf 81' lang='lat' dir='ltr'><strong>imitatores</strong></span> <span class='ocrx_word' id='word_1_440' title='bbox 939 5614 1050 5669; x_wconf 82' lang='lat' dir='ltr'><strong>fieri</strong></span> <span class='ocrx_word' id='word_1_441' title='bbox 1081 5617 1346 5683; x_wconf 83' lang='lat' dir='ltr'><strong>possimus</strong></span> <span class='ocrx_word' id='word_1_442' title='bbox 1380 5634 1394 5671; x_wconf 90' lang='lat'><strong>:</strong></span> <span class='ocrx_word' id='word_1_443' title='bbox 1422 5615 1579 5686; x_wconf 90' lang='lat' dir='ltr'><strong>hujus</strong></span> <span class='ocrx_word' id='word_1_444' title='bbox 1604 5624 1781 5672; x_wconf 86' lang='lat' dir='ltr'><strong>autem</strong></span> <span class='ocrx_word' id='word_1_445' title='bbox 1812 5615 2114 5686; x_wconf 83' lang='lat' dir='ltr'><strong>improbam</strong></span> 
     </span>
    </p>
   </div>
   <div class='ocr_carea' id='block_1_60' title="bbox 533 5703 2113 5778">
    <p class='ocr_par' dir='ltr' id='par_1_60' title="bbox 533 5703 2113 5778">
     <span class='ocr_line' id='line_1_60' title="bbox 533 5703 2113 5778; baseline 0.006 -25"><span class='ocrx_word' id='word_1_446' title='bbox 533 5708 778 5756; x_wconf 64' lang='lat' dir='ltr'><strong>tuentem</strong></span> <span class='ocrx_word' id='word_1_447' title='bbox 801 5741 818 5767; x_wconf 92' lang='lat'><strong>,</strong></span> <span class='ocrx_word' id='word_1_448' title='bbox 845 5711 905 5759; x_wconf 89' lang='lat' dir='ltr'><strong>et</strong></span> <span class='ocrx_word' id='word_1_449' title='bbox 931 5704 1197 5774; x_wconf 84' lang='lat' dir='ltr'><strong>ingentem</strong></span> <span class='ocrx_word' id='word_1_450' title='bbox 1223 5705 1564 5776; x_wconf 85' lang='lat' dir='ltr'><strong>petulantiam</strong></span> <span class='ocrx_word' id='word_1_451' title='bbox 1597 5703 1878 5778; x_wconf 84' lang='lat' dir='ltr'><strong>fugiamus.</strong></span> <span class='ocrx_word' id='word_1_452' title='bbox 1923 5706 2014 5764; x_wconf 74' lang='lat'><strong>28.</strong></span> <span class='ocrx_word' id='word_1_453' title='bbox 2047 5705 2113 5762; x_wconf 87' lang='lat' dir='ltr'><strong>Et</strong></span> 
     </span>
    </p>
   </div>
   <div class='ocr_carea' id='block_1_61' title="bbox 1231 283 3028 361">
    <p class='ocr_par' dir='ltr' id='par_1_61' title="bbox 1231 283 3028 361">
     <span class='ocr_line' id='line_1_61' title="bbox 1231 283 3028 361; baseline 0.001 -4"><span class='ocrx_word' id='word_1_454' title='bbox 1231 303 1290 358; x_wconf 89' lang='lat' dir='ltr'><strong>s.</strong></span> <span class='ocrx_word' id='word_1_455' title='bbox 1315 302 1594 360; x_wconf 82' lang='lat' dir='ltr'><strong>JOANNIS</strong></span> <span class='ocrx_word' id='word_1_456' title='bbox 1630 301 2099 361; x_wconf 62' lang='lat' dir='ltr'><strong>cnnvsosrosu</strong></span> <span class='ocrx_word' id='word_1_457' title='bbox 2141 283 2462 359; x_wconf 69' lang='lat' dir='ltr'><strong>meumr.</strong></span> <span class='ocrx_word' id='word_1_458' title='bbox 2502 300 3028 360; x_wconf 82' lang='lat' dir='ltr'><strong>CONS‘I‘ANTINOP.</strong></span> 
     </span>
    </p>
   </div>
   <div class='ocr_carea' id='block_1_62' title="bbox 3674 299 3786 354">
    <p class='ocr_par' dir='ltr' id='par_1_62' title="bbox 3674 299 3786 354">
     <span class='ocr_line' id='line_1_62' title="bbox 3674 299 3786 354; baseline 0 0"><span class='ocrx_word' id='word_1_459' title='bbox 3674 299 3786 354; x_wconf 67' lang='lat'><strong>272</strong></span> 
     </span>
    </p>
   </div>
   <div class='ocr_carea' id='block_1_63' title="bbox 2209 411 3773 482">
    <p class='ocr_par' dir='ltr' id='par_1_63' title="bbox 2209 411 3773 482">
     <span class='ocr_line' id='line_1_63' title="bbox 2209 411 3773 482; baseline 0.001 -18"><span class='ocrx_word' id='word_1_460' title='bbox 2209 413 2351 476; x_wconf 70' lang='lat' dir='ltr'><strong>vixit,</strong></span> <span class='ocrx_word' id='word_1_461' title='bbox 2387 412 2571 482; x_wconf 89' lang='lat' dir='ltr'><strong>inquit,</strong></span> <span class='ocrx_word' id='word_1_462' title='bbox 2605 411 2717 466; x_wconf 86' lang='lat' dir='ltr'><strong>Noe</strong></span> <span class='ocrx_word' id='word_1_463' title='bbox 2750 422 2860 482; x_wconf 87' lang='lat' dir='ltr'><strong>post</strong></span> <span class='ocrx_word' id='word_1_464' title='bbox 2898 411 3139 466; x_wconf 75' lang='lat' dir='ltr'><strong>diluvium</strong></span> <span class='ocrx_word' id='word_1_465' title='bbox 3166 426 3328 466; x_wconf 70' lang='lat' dir='ltr'><strong>armos</strong></span> <span class='ocrx_word' id='word_1_466' title='bbox 3353 419 3601 465; x_wconf 76' lang='lat' dir='ltr'><strong>trecentos</strong></span> <span class='ocrx_word' id='word_1_467' title='bbox 3617 416 3773 482; x_wconf 80' lang='lat' dir='ltr'><strong>quin-</strong></span> 
     </span>
    </p>
   </div>
   <div class='ocr_carea' id='block_1_64' title="bbox 2203 501 3782 574">
    <p class='ocr_par' dir='ltr' id='par_1_64' title="bbox 2203 501 3782 574">
     <span class='ocr_line' id='line_1_64' title="bbox 2203 501 3782 574; baseline 0.001 -20"><span class='ocrx_word' id='word_1_468' title='bbox 2203 505 2483 572; x_wconf 79' lang='lat' dir='ltr'><strong>quaginta;</strong></span> <span class='ocrx_word' id='word_1_469' title='bbox 2507 503 2596 558; x_wconf 71' lang='grc'><strong>29.</strong></span> <span class='ocrx_word' id='word_1_470' title='bbox 2619 514 2670 561; x_wconf 74' lang='lat' dir='ltr'><strong>et,</strong></span> <span class='ocrx_word' id='word_1_471' title='bbox 2688 507 2890 574; x_wconf 81' lang='lat' dir='ltr'><strong>fuerunt</strong></span> <span class='ocrx_word' id='word_1_472' title='bbox 2915 519 3090 556; x_wconf 89' lang='lat' dir='ltr'><strong>onmes</strong></span> <span class='ocrx_word' id='word_1_473' title='bbox 3105 502 3215 556; x_wconf 82' lang='lat' dir='ltr'><strong>dies</strong></span> <span class='ocrx_word' id='word_1_474' title='bbox 3248 501 3362 556; x_wconf 84' lang='lat' dir='ltr'><strong>Noe</strong></span> <span class='ocrx_word' id='word_1_475' title='bbox 3376 503 3615 571; x_wconf 82' lang='lat' dir='ltr'><strong>nongenti</strong></span> <span class='ocrx_word' id='word_1_476' title='bbox 3635 505 3782 572; x_wconf 76' lang='lat' dir='ltr'><strong>quin~</strong></span> 
     </span>
    </p>
   </div>
   <div class='ocr_carea' id='block_1_65' title="bbox 2202 592 3788 664">
    <p class='ocr_par' dir='ltr' id='par_1_65' title="bbox 2202 592 3788 664">
     <span class='ocr_line' id='line_1_65' title="bbox 2202 592 3788 664; baseline 0 -18"><span class='ocrx_word' id='word_1_477' title='bbox 2202 595 2440 664; x_wconf 76' lang='lat' dir='ltr'><strong>quaginta</strong></span> <span class='ocrx_word' id='word_1_478' title='bbox 2466 595 2612 658; x_wconf 86' lang='lat' dir='ltr'><strong>anni,</strong></span> <span class='ocrx_word' id='word_1_479' title='bbox 2636 605 2680 648; x_wconf 83' lang='lat' dir='ltr'><strong>et</strong></span> <span class='ocrx_word' id='word_1_480' title='bbox 2701 605 2944 648; x_wconf 76' lang='lat' dir='ltr'><strong>-mortuus</strong></span> <span class='ocrx_word' id='word_1_481' title='bbox 2973 605 3066 648; x_wconf 84' lang='lat' dir='ltr'><strong>est.</strong></span> <span class='ocrx_word' id='word_1_482' title='bbox 3113 593 3190 648; x_wconf 83' lang='lat' dir='ltr'><strong>Ne</strong></span> <span class='ocrx_word' id='word_1_483' title='bbox 3213 592 3336 648; x_wconf 78' lang='lat' dir='ltr'><strong>.hoc</strong></span> <span class='ocrx_word' id='word_1_484' title='bbox 3378 604 3531 664; x_wconf 88' lang='lat' dir='ltr'><strong>putes</strong></span> <span class='ocrx_word' id='word_1_485' title='bbox 3582 593 3788 659; x_wconf 87' lang='lat' dir='ltr'><strong>absque</strong></span> 
     </span>
    </p>
   </div>
   <div class='ocr_carea' id='block_1_66' title="bbox 2211 683 3784 754">
    <p class='ocr_par' dir='ltr' id='par_1_66' title="bbox 2211 683 3784 754">
     <span class='ocr_line' id='line_1_66' title="bbox 2211 683 3784 754; baseline 0.002 -19"><span class='ocrx_word' id='word_1_486' title='bbox 2211 698 2374 736; x_wconf 82' lang='lat' dir='ltr'><strong>causa</strong></span> <span class='ocrx_word' id='word_1_487' title='bbox 2406 685 2709 754; x_wconf 79' lang='lat' dir='ltr'><strong>assignasse</strong></span> <span class='ocrx_word' id='word_1_488' title='bbox 2747 684 3095 754; x_wconf 84' lang='lat' dir='ltr'><strong>Scripturam,</strong></span> <span class='ocrx_word' id='word_1_489' title='bbox 3126 683 3220 738; x_wconf 82' lang='lat' dir='ltr'><strong>sed</strong></span> <span class='ocrx_word' id='word_1_490' title='bbox 3247 684 3366 738; x_wconf 87' lang='lat' dir='ltr'><strong>vide</strong></span> <span class='ocrx_word' id='word_1_491' title='bbox 3410 696 3462 739; x_wconf 89' lang='lat' dir='ltr'><strong>et</strong></span> <span class='ocrx_word' id='word_1_492' title='bbox 3513 683 3614 738; x_wconf 88' lang='lat' dir='ltr'><strong>hoc</strong></span> <span class='ocrx_word' id='word_1_493' title='bbox 3666 683 3784 738; x_wconf 80' lang='lat' dir='ltr'><strong>loco</strong></span> 
     </span>
    </p>
   </div>
   <div class='ocr_carea' id='block_1_67' title="bbox 2198 771 3784 841">
    <p class='ocr_par' dir='ltr' id='par_1_67' title="bbox 2198 771 3784 841">
     <span class='ocr_line' id='line_1_67' title="bbox 2198 771 3784 841; baseline 0.003 -17"><span class='ocrx_word' id='word_1_494' title='bbox 2198 771 2326 841; x_wconf 90' lang='lat' dir='ltr'><strong>justi</strong></span> <span class='ocrx_word' id='word_1_495' title='bbox 2348 773 2750 828; x_wconf 85' lang='lat' dir='ltr'><strong>continentiam.</strong></span> <span class='ocrx_word' id='word_1_496' title='bbox 2781 773 2917 840; x_wconf 85' lang='lat' dir='ltr'><strong>Quia</strong></span> <span class='ocrx_word' id='word_1_497' title='bbox 2942 789 3062 828; x_wconf 80' lang='lat' dir='ltr'><strong>eum</strong></span> <span class='ocrx_word' id='word_1_498' title='bbox 3090 781 3230 827; x_wconf 88' lang='lat' dir='ltr'><strong>tanta</strong></span> <span class='ocrx_word' id='word_1_499' title='bbox 3253 773 3512 827; x_wconf 87' lang='lat' dir='ltr'><strong>frueretur</strong></span> <span class='ocrx_word' id='word_1_500' title='bbox 3541 773 3784 832; x_wconf 84' lang='lat' dir='ltr'><strong>ubertate</strong></span> 
     </span>
    </p>
   </div>
   <div class='ocr_carea' id='block_1_68' title="bbox 2203 865 3781 934">
    <p class='ocr_par' dir='ltr' id='par_1_68' title="bbox 2203 865 3781 934">
     <span class='ocr_line' id='line_1_68' title="bbox 2203 865 3781 934; baseline 0.001 -18"><span class='ocrx_word' id='word_1_501' title='bbox 2203 871 2260 916; x_wconf 92' lang='lat' dir='ltr'><strong>et</strong></span> <span class='ocrx_word' id='word_1_502' title='bbox 2325 866 2715 932; x_wconf 83' lang='lat' dir='ltr'><strong>prosperitate,</strong></span> <span class='ocrx_word' id='word_1_503' title='bbox 2779 865 3247 934; x_wconf 65' lang='lat' dir='ltr'><strong>supervivcrttque</strong></span> <span class='ocrx_word' id='word_1_504' title='bbox 3308 873 3454 918; x_wconf 87' lang='lat' dir='ltr'><strong>tanto</strong></span> <span class='ocrx_word' id='word_1_505' title='bbox 3521 880 3781 918; x_wconf 87' lang='lat' dir='ltr'><strong>annorqu</strong></span> 
     </span>
    </p>
   </div>
   <div class='ocr_carea' id='block_1_69' title="bbox 2203 954 3787 1023">
    <p class='ocr_par' dir='ltr' id='par_1_69' title="bbox 2203 954 3787 1023">
     <span class='ocr_line' id='line_1_69' title="bbox 2203 954 3787 1023; baseline 0.003 -18"><span class='ocrx_word' id='word_1_506' title='bbox 2203 967 2428 1006; x_wconf 91' lang='lat' dir='ltr'><strong>numero</strong></span> <span class='ocrx_word' id='word_1_507' title='bbox 2453 963 2571 1022; x_wconf 91' lang='lat' dir='ltr'><strong>post</strong></span> <span class='ocrx_word' id='word_1_508' title='bbox 2611 969 2885 1023; x_wconf 85' lang='lat' dir='ltr'><strong>egressum</strong></span> <span class='ocrx_word' id='word_1_509' title='bbox 2927 954 2997 1008; x_wconf 88' lang='lat' dir='ltr'><strong>ab</strong></span> <span class='ocrx_word' id='word_1_510' title='bbox 3030 969 3178 1019; x_wconf 90' lang='lat' dir='ltr'><strong>arca,</strong></span> <span class='ocrx_word' id='word_1_511' title='bbox 3211 954 3382 1008; x_wconf 88' lang='lat' dir='ltr'><strong>noluit</strong></span> <span class='ocrx_word' id='word_1_512' title='bbox 3424 954 3563 1009; x_wconf 88' lang='lat' dir='ltr'><strong>ultra</strong></span> <span class='ocrx_word' id='word_1_513' title='bbox 3612 955 3787 1009; x_wconf 84' lang='lat' dir='ltr'><strong>indul-</strong></span> 
     </span>
    </p>
   </div>
   <div class='ocr_carea' id='block_1_70' title="bbox 2203 1045 3783 1115">
    <p class='ocr_par' dir='ltr' id='par_1_70' title="bbox 2203 1045 3783 1115">
     <span class='ocr_line' id='line_1_70' title="bbox 2203 1045 3783 1115; baseline 0.001 -17"><span class='ocrx_word' id='word_1_514' title='bbox 2203 1058 2328 1114; x_wconf 89' lang='lat' dir='ltr'><strong>gere</strong></span> <span class='ocrx_word' id='word_1_515' title='bbox 2354 1045 2640 1099; x_wconf 88' lang='lat' dir='ltr'><strong>liberorum</strong></span> <span class='ocrx_word' id='word_1_516' title='bbox 2672 1045 3050 1115; x_wconf 87' lang='lat' dir='ltr'><strong>procreationi.</strong></span> <span class='ocrx_word' id='word_1_517' title='bbox 3091 1045 3206 1100; x_wconf 83' lang='lat' dir='ltr'><strong>Non</strong></span> <span class='ocrx_word' id='word_1_518' title='bbox 3236 1047 3378 1100; x_wconf 90' lang='lat' dir='ltr'><strong>cnim</strong></span> <span class='ocrx_word' id='word_1_519' title='bbox 3397 1057 3783 1101; x_wconf 87' lang='lat' dir='ltr'><strong>counnemorat</strong></span> 
     </span>
    </p>
   </div>
   <div class='ocr_carea' id='block_1_71' title="bbox 2205 1135 3787 1207">
    <p class='ocr_par' dir='ltr' id='par_1_71' title="bbox 2205 1135 3787 1207">
     <span class='ocr_line' id='line_1_71' title="bbox 2205 1135 3787 1207; baseline 0.003 -19"><span class='ocrx_word' id='word_1_520' title='bbox 2205 1135 2476 1203; x_wconf 86' lang='lat' dir='ltr'><strong>Scriptura</strong></span> <span class='ocrx_word' id='word_1_521' title='bbox 2521 1136 2668 1191; x_wconf 88' lang='lat' dir='ltr'><strong>illum</strong></span> <span class='ocrx_word' id='word_1_522' title='bbox 2695 1137 2828 1192; x_wconf 89' lang='lat' dir='ltr'><strong>alios</strong></span> <span class='ocrx_word' id='word_1_523' title='bbox 2849 1146 3040 1207; x_wconf 61' lang='lat' dir='ltr'><strong>prseter</strong></span> <span class='ocrx_word' id='word_1_524' title='bbox 3059 1145 3168 1192; x_wconf 86' lang='lat' dir='ltr'><strong>tres</strong></span> <span class='ocrx_word' id='word_1_525' title='bbox 3207 1137 3338 1192; x_wconf 88' lang='lat' dir='ltr'><strong>istos</strong></span> <span class='ocrx_word' id='word_1_526' title='bbox 3380 1136 3628 1192; x_wconf 88' lang='lat' dir='ltr'><strong>habuisse</strong></span> <span class='ocrx_word' id='word_1_527' title='bbox 3650 1138 3787 1192; x_wconf 83' lang='lat' dir='ltr'><strong>libe-</strong></span> 
     </span>
    </p>
   </div>
   <div class='ocr_carea' id='block_1_72' title="bbox 2203 1227 3785 1298">
    <p class='ocr_par' dir='ltr' id='par_1_72' title="bbox 2203 1227 3785 1298">
     <span class='ocr_line' id='line_1_72' title="bbox 2203 1227 3785 1298; baseline 0 -16"><span class='ocrx_word' id='word_1_528' title='bbox 2203 1243 2312 1282; x_wconf 90' lang='lat' dir='ltr'><strong>ros.</strong></span> <span class='ocrx_word' id='word_1_529' title='bbox 2335 1228 2432 1283; x_wconf 91' lang='lat' dir='ltr'><strong>llic</strong></span> <span class='ocrx_word' id='word_1_530' title='bbox 2444 1229 2632 1284; x_wconf 89' lang='lat' dir='ltr'><strong>iterum</strong></span> <span class='ocrx_word' id='word_1_531' title='bbox 2649 1231 2818 1298; x_wconf 87' lang='lat' dir='ltr'><strong>cogita</strong></span> <span class='ocrx_word' id='word_1_532' title='bbox 2830 1244 3071 1298; x_wconf 86' lang='lat' dir='ltr'><strong>magnam</strong></span> <span class='ocrx_word' id='word_1_533' title='bbox 3091 1228 3417 1283; x_wconf 87' lang='lat' dir='ltr'><strong>salacitatem</strong></span> <span class='ocrx_word' id='word_1_534' title='bbox 3437 1227 3643 1290; x_wconf 68' lang='lat' dir='ltr'><strong>(Iliami,</strong></span> <span class='ocrx_word' id='word_1_535' title='bbox 3659 1231 3785 1297; x_wconf 81' lang='lat' dir='ltr'><strong>quia</strong></span> 
     </span>
    </p>
   </div>
   <div class='ocr_carea' id='block_1_73' title="bbox 2206 1320 3787 1390">
    <p class='ocr_par' dir='ltr' id='par_1_73' title="bbox 2206 1320 3787 1390">
     <span class='ocr_line' id='line_1_73' title="bbox 2206 1320 3787 1390; baseline 0.001 -17"><span class='ocrx_word' id='word_1_536' title='bbox 2206 1335 2379 1390; x_wconf 88' lang='lat' dir='ltr'><strong>neque</strong></span> <span class='ocrx_word' id='word_1_537' title='bbox 2409 1329 2613 1390; x_wconf 90' lang='lat' dir='ltr'><strong>patrem</strong></span> <span class='ocrx_word' id='word_1_538' title='bbox 2650 1320 2837 1376; x_wconf 87' lang='lat' dir='ltr'><strong>videns</strong></span> <span class='ocrx_word' id='word_1_539' title='bbox 2863 1329 3022 1375; x_wconf 73' lang='lat' dir='ltr'><strong>tanta:</strong></span> <span class='ocrx_word' id='word_1_540' title='bbox 3042 1320 3381 1375; x_wconf 85' lang='lat' dir='ltr'><strong>continentia:</strong></span> <span class='ocrx_word' id='word_1_541' title='bbox 3402 1361 3419 1386; x_wconf 94' lang='lat'><strong>,</strong></span> <span class='ocrx_word' id='word_1_542' title='bbox 3448 1320 3646 1374; x_wconf 87' lang='lat' dir='ltr'><strong>castior</strong></span> <span class='ocrx_word' id='word_1_543' title='bbox 3670 1322 3787 1389; x_wconf 87' lang='lat' dir='ltr'><strong>ipse</strong></span> 
     </span>
    </p>
   </div>
   <div class='ocr_carea' id='block_1_74' title="bbox 2205 1411 3780 1483">
    <p class='ocr_par' dir='ltr' id='par_1_74' title="bbox 2205 1411 3780 1483">
     <span class='ocr_line' id='line_1_74' title="bbox 2205 1411 3780 1483; baseline -0.001 -17"><span class='ocrx_word' id='word_1_544' title='bbox 2205 1411 2374 1467; x_wconf 82' lang='lat' dir='ltr'><strong>factus</strong></span> <span class='ocrx_word' id='word_1_545' title='bbox 2390 1422 2491 1480; x_wconf 89' lang='lat' dir='ltr'><strong>est,</strong></span> <span class='ocrx_word' id='word_1_546' title='bbox 2506 1413 2598 1468; x_wconf 91' lang='lat' dir='ltr'><strong>sed</strong></span> <span class='ocrx_word' id='word_1_547' title='bbox 2616 1413 2794 1468; x_wconf 89' lang='lat' dir='ltr'><strong>omnia</strong></span> <span class='ocrx_word' id='word_1_548' title='bbox 2821 1413 3035 1468; x_wconf 90' lang='lat' dir='ltr'><strong>diverso</strong></span> <span class='ocrx_word' id='word_1_549' title='bbox 3056 1412 3215 1468; x_wconf 91' lang='lat' dir='ltr'><strong>modo</strong></span> <span class='ocrx_word' id='word_1_550' title='bbox 3232 1427 3390 1483; x_wconf 88' lang='lat' dir='ltr'><strong>quam</strong></span> <span class='ocrx_word' id='word_1_551' title='bbox 3406 1424 3555 1481; x_wconf 80' lang='lat' dir='ltr'><strong>pater</strong></span> <span class='ocrx_word' id='word_1_552' title='bbox 3569 1413 3780 1482; x_wconf 79' lang='lat' dir='ltr'><strong>agebat.</strong></span> 
     </span>
    </p>
   </div>
   <div class='ocr_carea' id='block_1_75' title="bbox 2206 1501 3786 1574">
    <p class='ocr_par' dir='ltr' id='par_1_75' title="bbox 2206 1501 3786 1574">
     <span class='ocr_line' id='line_1_75' title="bbox 2206 1501 3786 1574; baseline 0.001 -18"><span class='ocrx_word' id='word_1_553' title='bbox 2206 1501 2435 1557; x_wconf 83' lang='lat' dir='ltr'><strong>Proinde</strong></span> <span class='ocrx_word' id='word_1_554' title='bbox 2458 1503 2649 1558; x_wconf 89' lang='lat' dir='ltr'><strong>merito</strong></span> <span class='ocrx_word' id='word_1_555' title='bbox 2673 1518 2832 1558; x_wconf 90' lang='lat' dir='ltr'><strong>omne</strong></span> <span class='ocrx_word' id='word_1_556' title='bbox 2857 1503 3024 1573; x_wconf 88' lang='lat' dir='ltr'><strong>ipsius</strong></span> <span class='ocrx_word' id='word_1_557' title='bbox 3043 1518 3214 1574; x_wconf 86' lang='lat' dir='ltr'><strong>genus</strong></span> <span class='ocrx_word' id='word_1_558' title='bbox 3242 1504 3296 1557; x_wconf 91' lang='lat' dir='ltr'><strong>in</strong></span> <span class='ocrx_word' id='word_1_559' title='bbox 3319 1503 3629 1558; x_wconf 89' lang='lat' dir='ltr'><strong>servitutem</strong></span> <span class='ocrx_word' id='word_1_560' title='bbox 3648 1518 3786 1557; x_wconf 82' lang='lat' dir='ltr'><strong>eon-</strong></span> 
     </span>
    </p>
   </div>
   <div class='ocr_carea' id='block_1_76' title="bbox 2205 1594 3789 1666">
    <p class='ocr_par' dir='ltr' id='par_1_76' title="bbox 2205 1594 3789 1666">
     <span class='ocr_line' id='line_1_76' title="bbox 2205 1594 3789 1666; baseline -0.001 -15"><span class='ocrx_word' id='word_1_561' title='bbox 2205 1595 2510 1651; x_wconf 89' lang='lat' dir='ltr'><strong>demnatum</strong></span> <span class='ocrx_word' id='word_1_562' title='bbox 2540 1605 2641 1663; x_wconf 89' lang='lat' dir='ltr'><strong>est,</strong></span> <span class='ocrx_word' id='word_1_563' title='bbox 2667 1605 2724 1651; x_wconf 92' lang='lat' dir='ltr'><strong>ut</strong></span> <span class='ocrx_word' id='word_1_564' title='bbox 2753 1597 3008 1666; x_wconf 78' lang='lat' dir='ltr'><strong>improba:</strong></span> <span class='ocrx_word' id='word_1_565' title='bbox 3048 1595 3336 1650; x_wconf 81' lang='lat' dir='ltr'><strong>voluntatis</strong></span> <span class='ocrx_word' id='word_1_566' title='bbox 3365 1594 3571 1650; x_wconf 83' lang='lat' dir='ltr'><strong>frenum</strong></span> <span class='ocrx_word' id='word_1_567' title='bbox 3615 1594 3789 1650; x_wconf 73' lang='lat' dir='ltr'><strong>habe-</strong></span> 
     </span>
    </p>
   </div>
   <div class='ocr_carea' id='block_1_77' title="bbox 2207 1688 3779 1760">
    <p class='ocr_par' dir='ltr' id='par_1_77' title="bbox 2207 1688 3779 1760">
     <span class='ocr_line' id='line_1_77' title="bbox 2207 1688 3779 1760; baseline 0.001 -17"><span class='ocrx_word' id='word_1_568' title='bbox 2207 1698 2309 1743; x_wconf 85' lang='lat' dir='ltr'><strong>ret.</strong></span> <span class='ocrx_word' id='word_1_569' title='bbox 2340 1688 2540 1744; x_wconf 85' lang='lat' dir='ltr'><strong>Deinde</strong></span> <span class='ocrx_word' id='word_1_570' title='bbox 2561 1688 2646 1745; x_wconf 90' lang='lat' dir='ltr'><strong>hic</strong></span> <span class='ocrx_word' id='word_1_571' title='bbox 2672 1699 2850 1743; x_wconf 89' lang='lat' dir='ltr'><strong>narrat</strong></span> <span class='ocrx_word' id='word_1_572' title='bbox 2877 1689 3151 1760; x_wconf 86' lang='lat' dir='ltr'><strong>Scriptura</strong></span> <span class='ocrx_word' id='word_1_573' title='bbox 3179 1703 3274 1744; x_wconf 89' lang='lat' dir='ltr'><strong>eos</strong></span> <span class='ocrx_word' id='word_1_574' title='bbox 3302 1690 3486 1758; x_wconf 79' lang='lat' dir='ltr'><strong>qui-cx</strong></span> <span class='ocrx_word' id='word_1_575' title='bbox 3515 1689 3638 1744; x_wconf 81' lang='lat' dir='ltr'><strong>ﬁliis</strong></span> <span class='ocrx_word' id='word_1_576' title='bbox 3663 1690 3779 1745; x_wconf 85' lang='lat' dir='ltr'><strong>nati</strong></span> 
     </span>
    </p>
   </div>
   <div class='ocr_carea' id='block_1_78' title="bbox 2206 1781 3788 1852">
    <p class='ocr_par' dir='ltr' id='par_1_78' title="bbox 2206 1781 3788 1852">
     <span class='ocr_line' id='line_1_78' title="bbox 2206 1781 3788 1852; baseline 0.001 -18"><span class='ocrx_word' id='word_1_577' title='bbox 2206 1791 2350 1846; x_wconf 88' lang='lat' dir='ltr'><strong>sunt,</strong></span> <span class='ocrx_word' id='word_1_578' title='bbox 2379 1789 2432 1835; x_wconf 90' lang='lat' dir='ltr'><strong>ct</strong></span> <span class='ocrx_word' id='word_1_579' title='bbox 2458 1781 2627 1850; x_wconf 79' lang='lat' dir='ltr'><strong>inquit</strong></span> <span class='ocrx_word' id='word_1_580' title='bbox 2653 1799 2667 1836; x_wconf 91' lang='lat'><strong>:</strong></span> <span class='ocrx_word' id='word_1_581' title='bbox 2693 1781 2854 1836; x_wconf 82' lang='lat' dir='ltr'><strong>Chant</strong></span> <span class='ocrx_word' id='word_1_582' title='bbox 2879 1791 3048 1834; x_wconf 90' lang='lat' dir='ltr'><strong>autem</strong></span> <span class='ocrx_word' id='word_1_583' title='bbox 3065 1783 3241 1850; x_wconf 74' lang='lat' dir='ltr'><strong>genuit</strong></span> <span class='ocrx_word' id='word_1_584' title='bbox 3275 1781 3411 1836; x_wconf 83' lang='lat' dir='ltr'><strong>Chus</strong></span> <span class='ocrx_word' id='word_1_585' title='bbox 3431 1799 3449 1847; x_wconf 87' lang='lat'><strong><em>;</em></strong></span> <span class='ocrx_word' id='word_1_586' title='bbox 3473 1789 3528 1836; x_wconf 81' lang='lat' dir='ltr'><strong>et</strong></span> <span class='ocrx_word' id='word_1_587' title='bbox 3570 1797 3788 1852; x_wconf 85' lang='lat' dir='ltr'><strong>rursus,</strong></span> 
     </span>
    </p>
   </div>
   <div class='ocr_carea' id='block_1_79' title="bbox 2207 1870 3785 1942">
    <p class='ocr_par' dir='ltr' id='par_1_79' title="bbox 2207 1870 3785 1942">
     <span class='ocr_line' id='line_1_79' title="bbox 2207 1870 3785 1942; baseline 0.001 -17"><span class='ocrx_word' id='word_1_588' title='bbox 2207 1870 2342 1925; x_wconf 86' lang='lat' dir='ltr'><strong>Chus</strong></span> <span class='ocrx_word' id='word_1_589' title='bbox 2364 1873 2531 1940; x_wconf 82' lang='lat' dir='ltr'><strong>genuit</strong></span> <span class='ocrx_word' id='word_1_590' title='bbox 2554 1870 2803 1936; x_wconf 71' lang='lat' dir='ltr'><strong>Nemrod,</strong></span> <span class='ocrx_word' id='word_1_591' title='bbox 2821 1871 2909 1942; x_wconf 83' lang='lat' dir='ltr'><strong>qui</strong></span> <span class='ocrx_word' id='word_1_592' title='bbox 2933 1872 3080 1942; x_wconf 64' lang='lat' dir='ltr'><strong>capit</strong></span> <span class='ocrx_word' id='word_1_593' title='bbox 3097 1888 3204 1926; x_wconf 88' lang='lat' dir='ltr'><strong>esse</strong></span> <span class='ocrx_word' id='word_1_594' title='bbox 3223 1872 3368 1942; x_wconf 78' lang='lat' dir='ltr'><strong>gigas</strong></span> <span class='ocrx_word' id='word_1_595' title='bbox 3384 1888 3543 1941; x_wconf 75' lang='lat' dir='ltr'><strong>super</strong></span> <span class='ocrx_word' id='word_1_596' title='bbox 3568 1881 3785 1926; x_wconf 70' lang='lat' dir='ltr'><strong>tenam.</strong></span> 
     </span>
    </p>
   </div>
   <div class='ocr_carea' id='block_1_80' title="bbox 2208 1960 3788 2034">
    <p class='ocr_par' dir='ltr' id='par_1_80' title="bbox 2208 1960 3788 2034">
     <span class='ocr_line' id='line_1_80' title="bbox 2208 1960 3788 2034; baseline 0.002 -21"><span class='ocrx_word' id='word_1_597' title='bbox 2208 1960 2310 2014; x_wconf 83' lang='lat' dir='ltr'><strong>Hic</strong></span> <span class='ocrx_word' id='word_1_598' title='bbox 2339 1963 2437 2032; x_wconf 77' lang='lat' dir='ltr'><strong>fuit</strong></span> <span class='ocrx_word' id='word_1_599' title='bbox 2463 1963 2608 2032; x_wconf 84' lang='lat' dir='ltr'><strong>gigas</strong></span> <span class='ocrx_word' id='word_1_600' title='bbox 2644 1973 2854 2017; x_wconf 80' lang='lat' dir='ltr'><strong>venator</strong></span> <span class='ocrx_word' id='word_1_601' title='bbox 2887 1979 3057 2016; x_wconf 86' lang='lat' dir='ltr'><strong>coram</strong></span> <span class='ocrx_word' id='word_1_602' title='bbox 3078 1961 3315 2016; x_wconf 28' lang='lat' dir='ltr'><strong>“Domino</strong></span> <span class='ocrx_word' id='word_1_603' title='bbox 3342 1962 3491 2034; x_wconf 87' lang='lat' dir='ltr'><strong>(Cap.</strong></span> <span class='ocrx_word' id='word_1_604' title='bbox 3525 1963 3611 2017; x_wconf 62' lang='grc' dir='ltr'><strong>ιο.</strong></span> <span class='ocrx_word' id='word_1_605' title='bbox 3648 1963 3680 2016; x_wconf 83' lang='grc'>6</span> <span class='ocrx_word' id='word_1_606' title='bbox 3727 1963 3788 2016; x_wconf 83' lang='grc'><strong>8.</strong></span> 
     </span>
    </p>
   </div>
   <div class='ocr_carea' id='block_1_81' title="bbox 2207 2053 3789 2124">
    <p class='ocr_par' dir='ltr' id='par_1_81' title="bbox 2207 2053 3789 2124">
     <span class='ocr_line' id='line_1_81' title="bbox 2207 2053 3789 2124; baseline 0 -16"><span class='ocrx_word' id='word_1_607' title='bbox 2207 2054 2300 2124; x_wconf 82' lang='grc'><strong>9).</strong></span> <span class='ocrx_word' id='word_1_608' title='bbox 2343 2054 2571 2121; x_wconf 85' lang='lat' dir='ltr'><strong>Quidam</strong></span> <span class='ocrx_word' id='word_1_609' title='bbox 2625 2055 2808 2109; x_wconf 90' lang='lat' dir='ltr'><strong>dicunt</strong></span> <span class='ocrx_word' id='word_1_610' title='bbox 2834 2053 2956 2120; x_wconf 63' lang='lat' dir='ltr'><strong>:hic,</strong></span> <span class='ocrx_word' id='word_1_611' title='bbox 2998 2053 3180 2109; x_wconf 83' lang='lat' dir='ltr'><strong>Coram</strong></span> <span class='ocrx_word' id='word_1_612' title='bbox 3225 2053 3462 2119; x_wconf 85' lang='lat' dir='ltr'><strong>Domino,</strong></span> <span class='ocrx_word' id='word_1_613' title='bbox 3500 2053 3789 2108; x_wconf 77' lang='lat' dir='ltr'><strong>idem-esse</strong></span> 
     </span>
    </p>
   </div>
   <div class='ocr_carea' id='block_1_82' title="bbox 2206 2146 3787 2218">
    <p class='ocr_par' dir='ltr' id='par_1_82' title="bbox 2206 2146 3787 2218">
     <span class='ocr_line' id='line_1_82' title="bbox 2206 2146 3787 2218; baseline 0.002 -20"><span class='ocrx_word' id='word_1_614' title='bbox 2206 2147 2346 2218; x_wconf 88' lang='lat' dir='ltr'><strong>quod</strong></span> <span class='ocrx_word' id='word_1_615' title='bbox 2372 2157 2555 2203; x_wconf 88' lang='lat' dir='ltr'><strong>contra</strong></span> <span class='ocrx_word' id='word_1_616' title='bbox 2585 2148 2749 2203; x_wconf 82' lang='lat' dir='ltr'><strong>Deum</strong></span> <span class='ocrx_word' id='word_1_617' title='bbox 2780 2165 2796 2204; x_wconf 88' lang='lat'>:</span> <span class='ocrx_word' id='word_1_618' title='bbox 2825 2164 2924 2218; x_wconf 82' lang='lat' dir='ltr'><strong>ego</strong></span> <span class='ocrx_word' id='word_1_619' title='bbox 2952 2157 3132 2202; x_wconf 88' lang='lat' dir='ltr'><strong>autem</strong></span> <span class='ocrx_word' id='word_1_620' title='bbox 3162 2162 3266 2202; x_wconf 91' lang='lat' dir='ltr'><strong>non</strong></span> <span class='ocrx_word' id='word_1_621' title='bbox 3306 2156 3435 2217; x_wconf 90' lang='lat' dir='ltr'><strong>puto</strong></span> <span class='ocrx_word' id='word_1_622' title='bbox 3457 2146 3787 2217; x_wconf 86' lang='lat' dir='ltr'><strong>Scripturam</strong></span> 
     </span>
    </p>
   </div>
   <div class='ocr_carea' id='block_1_83' title="bbox 2209 2239 3785 2310">
    <p class='ocr_par' dir='ltr' id='par_1_83' title="bbox 2209 2239 3785 2310">
     <span class='ocr_line' id='line_1_83' title="bbox 2209 2239 3785 2310; baseline -0.001 -16"><span class='ocrx_word' id='word_1_623' title='bbox 2209 2239 2309 2295; x_wconf 92' lang='lat' dir='ltr'><strong>hoc</strong></span> <span class='ocrx_word' id='word_1_624' title='bbox 2331 2241 2618 2306; x_wconf 88' lang='lat' dir='ltr'><strong>insinuare,</strong></span> <span class='ocrx_word' id='word_1_625' title='bbox 2650 2241 2742 2297; x_wconf 89' lang='lat' dir='ltr'><strong>sed</strong></span> <span class='ocrx_word' id='word_1_626' title='bbox 2774 2242 2943 2310; x_wconf 82' lang='lat' dir='ltr'><strong>ipsum</strong></span> <span class='ocrx_word' id='word_1_627' title='bbox 2972 2240 3159 2295; x_wconf 89' lang='lat' dir='ltr'><strong>fortem</strong></span> <span class='ocrx_word' id='word_1_628' title='bbox 3190 2239 3785 2310; x_wconf 87' lang='lat' dir='ltr'><strong>robustumque-fuisse.</strong></span> 
     </span>
    </p>
   </div>
   <div class='ocr_carea' id='block_1_84' title="bbox 2207 2328 3789 2400">
    <p class='ocr_par' dir='ltr' id='par_1_84' title="bbox 2207 2328 3789 2400">
     <span class='ocr_line' id='line_1_84' title="bbox 2207 2328 3789 2400; baseline -0.001 -16"><span class='ocrx_word' id='word_1_629' title='bbox 2207 2332 2357 2400; x_wconf 90' lang='lat' dir='ltr'><strong>Quod</strong></span> <span class='ocrx_word' id='word_1_630' title='bbox 2383 2342 2559 2387; x_wconf 87' lang='lat' dir='ltr'><strong>autem</strong></span> <span class='ocrx_word' id='word_1_631' title='bbox 2581 2332 2728 2399; x_wconf 87' lang='lat' dir='ltr'><strong>dicit,</strong></span> <span class='ocrx_word' id='word_1_632' title='bbox 2759 2331 2941 2386; x_wconf 87' lang='lat' dir='ltr'><strong>Coram</strong></span> <span class='ocrx_word' id='word_1_633' title='bbox 2963 2331 3180 2385; x_wconf 84' lang='lat' dir='ltr'><strong>Domino</strong></span> <span class='ocrx_word' id='word_1_634' title='bbox 3196 2330 3331 2396; x_wconf 83' lang='lat' dir='ltr'><strong>Deo,</strong></span> <span class='ocrx_word' id='word_1_635' title='bbox 3362 2331 3464 2384; x_wconf 91' lang='lat' dir='ltr'><strong>hoc</strong></span> <span class='ocrx_word' id='word_1_636' title='bbox 3489 2340 3590 2389; x_wconf 86' lang='lat' dir='ltr'><strong>est.</strong></span> <span class='ocrx_word' id='word_1_637' title='bbox 3615 2328 3683 2382; x_wconf 88' lang='lat' dir='ltr'><strong>ab</strong></span> <span class='ocrx_word' id='word_1_638' title='bbox 3721 2342 3789 2383; x_wconf 85' lang='lat' dir='ltr'><strong>eo</strong></span> 
     </span>
    </p>
   </div>
   <div class='ocr_carea' id='block_1_85' title="bbox 2209 2420 3791 2494">
    <p class='ocr_par' dir='ltr' id='par_1_85' title="bbox 2209 2420 3791 2494">
     <span class='ocr_line' id='line_1_85' title="bbox 2209 2420 3791 2494; baseline -0.004 -15"><span class='ocrx_word' id='word_1_639' title='bbox 2209 2426 2550 2488; x_wconf 74' lang='lat' dir='ltr'><strong>consumtus,</strong></span> <span class='ocrx_word' id='word_1_640' title='bbox 2609 2438 2675 2479; x_wconf 91' lang='lat' dir='ltr'><strong>co</strong></span> <span class='ocrx_word' id='word_1_641' title='bbox 2721 2423 2861 2494; x_wconf 88' lang='lat' dir='ltr'><strong>quod</strong></span> <span class='ocrx_word' id='word_1_642' title='bbox 2918 2430 3198 2493; x_wconf 84' lang='lat' dir='ltr'><strong>acceperat</strong></span> <span class='ocrx_word' id='word_1_643' title='bbox 3246 2420 3668 2476; x_wconf 88' lang='lat' dir='ltr'><strong>benedictionem</strong></span> <span class='ocrx_word' id='word_1_644' title='bbox 3720 2420 3791 2472; x_wconf 84' lang='lat' dir='ltr'><strong>ab</strong></span> 
     </span>
    </p>
   </div>
   <div class='ocr_carea' id='block_1_86' title="bbox 2211 2511 3790 2585">
    <p class='ocr_par' dir='ltr' id='par_1_86' title="bbox 2211 2511 3790 2585">
     <span class='ocr_line' id='line_1_86' title="bbox 2211 2511 3790 2585; baseline -0.001 -17"><span class='ocrx_word' id='word_1_645' title='bbox 2211 2515 2345 2570; x_wconf 85' lang='lat' dir='ltr'><strong>illo:</strong></span> <span class='ocrx_word' id='word_1_646' title='bbox 2379 2515 2460 2570; x_wconf 74' lang='lat' dir='ltr'><strong>vel</strong></span> <span class='ocrx_word' id='word_1_647' title='bbox 2491 2514 2630 2585; x_wconf 89' lang='lat' dir='ltr'><strong>quod</strong></span> <span class='ocrx_word' id='word_1_648' title='bbox 2659 2515 2798 2569; x_wconf 91' lang='lat' dir='ltr'><strong>Deus</strong></span> <span class='ocrx_word' id='word_1_649' title='bbox 2827 2529 2923 2584; x_wconf 86' lang='lat' dir='ltr'><strong>per</strong></span> <span class='ocrx_word' id='word_1_650' title='bbox 2967 2514 3109 2569; x_wconf 91' lang='lat' dir='ltr'><strong>hunc</strong></span> <span class='ocrx_word' id='word_1_651' title='bbox 3152 2521 3295 2569; x_wconf 88' lang='lat' dir='ltr'><strong>esset</strong></span> <span class='ocrx_word' id='word_1_652' title='bbox 3346 2513 3399 2568; x_wconf 89' lang='lat' dir='ltr'><strong>in</strong></span> <span class='ocrx_word' id='word_1_653' title='bbox 3439 2511 3790 2567; x_wconf 76' lang='lat' dir='ltr'><strong>admiratione</strong></span> 
     </span>
    </p>
   </div>
   <div class='ocr_carea' id='block_1_87' title="bbox 2210 2605 3788 2675">
    <p class='ocr_par' dir='ltr' id='par_1_87' title="bbox 2210 2605 3788 2675">
     <span class='ocr_line' id='line_1_87' title="bbox 2210 2605 3788 2675; baseline -0.003 -15"><span class='ocrx_word' id='word_1_654' title='bbox 2210 2605 2506 2672; x_wconf 84' lang='lat' dir='ltr'><strong>habendus,</strong></span> <span class='ocrx_word' id='word_1_655' title='bbox 2537 2605 2677 2675; x_wconf 86' lang='lat' dir='ltr'><strong>quod</strong></span> <span class='ocrx_word' id='word_1_656' title='bbox 2719 2605 2875 2660; x_wconf 84' lang='lat' dir='ltr'><strong>talem</strong></span> <span class='ocrx_word' id='word_1_657' title='bbox 2902 2605 3266 2675; x_wconf 80' lang='lat' dir='ltr'><strong>produxisset,</strong></span> <span class='ocrx_word' id='word_1_658' title='bbox 3304 2613 3359 2659; x_wconf 88' lang='lat' dir='ltr'><strong>et</strong></span> <span class='ocrx_word' id='word_1_659' title='bbox 3386 2617 3545 2674; x_wconf 89' lang='lat' dir='ltr'><strong>super</strong></span> <span class='ocrx_word' id='word_1_660' title='bbox 3571 2611 3788 2657; x_wconf 75' lang='lat' dir='ltr'><strong>terram</strong></span> 
     </span>
    </p>
   </div>
   <div class='ocr_carea' id='block_1_88' title="bbox 2211 2694 3787 2766">
    <p class='ocr_par' dir='ltr' id='par_1_88' title="bbox 2211 2694 3787 2766">
     <span class='ocr_line' id='line_1_88' title="bbox 2211 2694 3787 2766; baseline -0.003 -15"><span class='ocrx_word' id='word_1_661' title='bbox 2211 2704 2579 2752; x_wconf 65' lang='lat' dir='ltr'><strong>monstrasset.</strong></span> <span class='ocrx_word' id='word_1_662' title='bbox 2613 2696 2718 2752; x_wconf 91' lang='lat' dir='ltr'><strong>Sed</strong></span> <span class='ocrx_word' id='word_1_663' title='bbox 2749 2696 2835 2752; x_wconf 88' lang='lat' dir='ltr'><strong>hic</strong></span> <span class='ocrx_word' id='word_1_664' title='bbox 2855 2697 3323 2766; x_wconf 82' lang='lat' dir='ltr'><strong>iterumproavum</strong></span> <span class='ocrx_word' id='word_1_665' title='bbox 3351 2694 3787 2761; x_wconf 81' lang='lat' dir='ltr'><strong>suumimitatus,</strong></span> 
     </span>
    </p>
   </div>
   <div class='ocr_carea' id='block_1_89' title="bbox 2209 2787 3791 2858">
    <p class='ocr_par' dir='ltr' id='par_1_89' title="bbox 2209 2787 3791 2858">
     <span class='ocr_line' id='line_1_89' title="bbox 2209 2787 3791 2858; baseline -0.002 -16"><span class='ocrx_word' id='word_1_666' title='bbox 2209 2797 2263 2842; x_wconf 91' lang='lat' dir='ltr'><strong>et</strong></span> <span class='ocrx_word' id='word_1_667' title='bbox 2287 2787 2484 2842; x_wconf 88' lang='lat' dir='ltr'><strong>abusus</strong></span> <span class='ocrx_word' id='word_1_668' title='bbox 2512 2799 2713 2843; x_wconf 65' lang='lat' dir='ltr'><strong>natura:</strong></span> <span class='ocrx_word' id='word_1_669' title='bbox 2759 2787 3330 2858; x_wconf 66' lang='lat' dir='ltr'><strong>prtcrogativis,alium</strong></span> <span class='ocrx_word' id='word_1_670' title='bbox 3350 2787 3630 2842; x_wconf 83' lang='lat' dir='ltr'><strong>servitutis</strong></span> <span class='ocrx_word' id='word_1_671' title='bbox 3674 2798 3791 2840; x_wconf 88' lang='lat' dir='ltr'><strong>mo-</strong></span> 
     </span>
    </p>
   </div>
   <div class='ocr_carea' id='block_1_90' title="bbox 2207 2875 3786 2949">
    <p class='ocr_par' dir='ltr' id='par_1_90' title="bbox 2207 2875 3786 2949">
     <span class='ocr_line' id='line_1_90' title="bbox 2207 2875 3786 2949; baseline -0.001 -17"><span class='ocrx_word' id='word_1_672' title='bbox 2207 2879 2332 2933; x_wconf 87' lang='lat' dir='ltr'><strong>dum</strong></span> <span class='ocrx_word' id='word_1_673' title='bbox 2371 2879 2679 2943; x_wconf 76' lang='lat' dir='ltr'><strong>adinvenit.,</strong></span> <span class='ocrx_word' id='word_1_674' title='bbox 2710 2887 2868 2949; x_wconf 86' lang='lat' dir='ltr'><strong>atque</strong></span> <span class='ocrx_word' id='word_1_675' title='bbox 2899 2879 3630 2948; x_wconf 78' lang='lat' dir='ltr'><strong>.principatumregnumque</strong></span> <span class='ocrx_word' id='word_1_676' title='bbox 3656 2875 3786 2930; x_wconf 84' lang='lat' dir='ltr'><strong>affe-</strong></span> 
     </span>
    </p>
   </div>
   <div class='ocr_carea' id='block_1_91' title="bbox 2209 2967 3788 3040">
    <p class='ocr_par' dir='ltr' id='par_1_91' title="bbox 2209 2967 3788 3040">
     <span class='ocr_line' id='line_1_91' title="bbox 2209 2967 3788 3040; baseline -0.002 -16"><span class='ocrx_word' id='word_1_677' title='bbox 2209 2969 2388 3024; x_wconf 89' lang='lat' dir='ltr'><strong>ctavit.</strong></span> <span class='ocrx_word' id='word_1_678' title='bbox 2422 2969 2533 3024; x_wconf 77' lang='lat' dir='ltr'><strong>ltcx</strong></span> <span class='ocrx_word' id='word_1_679' title='bbox 2587 2971 2726 3024; x_wconf 89' lang='lat' dir='ltr'><strong>enim</strong></span> <span class='ocrx_word' id='word_1_680' title='bbox 2772 2969 3264 3040; x_wconf 11' lang='lat' dir='ltr'><strong>numquamtfuerit,</strong></span> <span class='ocrx_word' id='word_1_681' title='bbox 3296 2970 3338 3023; x_wconf 91' lang='lat' dir='ltr'><strong>si</strong></span> <span class='ocrx_word' id='word_1_682' title='bbox 3383 2983 3486 3023; x_wconf 91' lang='lat' dir='ltr'><strong>non</strong></span> <span class='ocrx_word' id='word_1_683' title='bbox 3520 2968 3629 3022; x_wconf 89' lang='lat' dir='ltr'><strong>siut</strong></span> <span class='ocrx_word' id='word_1_684' title='bbox 3658 2967 3788 3022; x_wconf 84' lang='lat' dir='ltr'><strong>sub-</strong></span> 
     </span>
    </p>
   </div>
   <div class='ocr_carea' id='block_1_92' title="bbox 2211 3060 3789 3116">
    <p class='ocr_par' dir='ltr' id='par_1_92' title="bbox 2211 3060 3789 3116">
     <span class='ocr_line' id='line_1_92' title="bbox 2211 3060 3789 3116; baseline -0.003 -1"><span class='ocrx_word' id='word_1_685' title='bbox 2211 3060 2306 3115; x_wconf 89' lang='lat' dir='ltr'><strong>diti</strong></span> <span class='ocrx_word' id='word_1_686' title='bbox 2337 3078 2351 3114; x_wconf 91' lang='lat'>:</span> <span class='ocrx_word' id='word_1_687' title='bbox 2381 3071 2504 3115; x_wconf 91' lang='lat' dir='ltr'><strong>tunc</strong></span> <span class='ocrx_word' id='word_1_688' title='bbox 2523 3070 2700 3115; x_wconf 90' lang='lat' dir='ltr'><strong>autem</strong></span> <span class='ocrx_word' id='word_1_689' title='bbox 2723 3076 2848 3116; x_wconf 82' lang='lat' dir='ltr'><strong>vere</strong></span> <span class='ocrx_word' id='word_1_690' title='bbox 2877 3060 3085 3116; x_wconf 89' lang='lat' dir='ltr'><strong>videtur</strong></span> <span class='ocrx_word' id='word_1_691' title='bbox 3119 3076 3241 3116; x_wconf 85' lang='lat' dir='ltr'><strong>esse</strong></span> <span class='ocrx_word' id='word_1_692' title='bbox 3267 3060 3484 3115; x_wconf 81' lang='lat' dir='ltr'><strong>libertas</strong></span> <span class='ocrx_word' id='word_1_693' title='bbox 3513 3076 3528 3113; x_wconf 87' lang='lat'>:</span> <span class='ocrx_word' id='word_1_694' title='bbox 3560 3060 3789 3113; x_wconf 85' lang='lat' dir='ltr'><strong>servitus</strong></span> 
     </span>
    </p>
   </div>
   <div class='ocr_carea' id='block_1_93' title="bbox 2213 3150 3786 3221">
    <p class='ocr_par' dir='ltr' id='par_1_93' title="bbox 2213 3150 3786 3221">
     <span class='ocr_line' id='line_1_93' title="bbox 2213 3150 3786 3221; baseline -0.003 -14"><span class='ocrx_word' id='word_1_695' title='bbox 2213 3166 2372 3220; x_wconf 88' lang='lat' dir='ltr'><strong>porro</strong></span> <span class='ocrx_word' id='word_1_696' title='bbox 2393 3151 2710 3221; x_wconf 86' lang='lat' dir='ltr'><strong>gravissima</strong></span> <span class='ocrx_word' id='word_1_697' title='bbox 2743 3160 2826 3207; x_wconf 88' lang='lat' dir='ltr'><strong>est</strong></span> <span class='ocrx_word' id='word_1_698' title='bbox 2867 3153 2920 3207; x_wconf 83' lang='lat' dir='ltr'><strong>in</strong></span> <span class='ocrx_word' id='word_1_699' title='bbox 2943 3152 3131 3207; x_wconf 88' lang='lat' dir='ltr'><strong>ordine</strong></span> <span class='ocrx_word' id='word_1_700' title='bbox 3159 3152 3456 3216; x_wconf 63' lang='lat' dir='ltr'><strong>iiber-tatis,</strong></span> <span class='ocrx_word' id='word_1_701' title='bbox 3489 3150 3786 3220; x_wconf 62' lang='lat' dir='ltr'><strong>praisertim</strong></span> 
     </span>
    </p>
   </div>
   <div class='ocr_carea' id='block_1_94' title="bbox 2212 3241 3788 3314">
    <p class='ocr_par' dir='ltr' id='par_1_94' title="bbox 2212 3241 3788 3314">
     <span class='ocr_line' id='line_1_94' title="bbox 2212 3241 3788 3314; baseline -0.003 -14"><span class='ocrx_word' id='word_1_702' title='bbox 2212 3246 2256 3300; x_wconf 90' lang='lat' dir='ltr'><strong>si</strong></span> <span class='ocrx_word' id='word_1_703' title='bbox 2286 3245 2468 3300; x_wconf 87' lang='lat' dir='ltr'><strong>liberis</strong></span> <span class='ocrx_word' id='word_1_704' title='bbox 2509 3245 2821 3314; x_wconf 88' lang='lat' dir='ltr'><strong>imperetur.</strong></span> <span class='ocrx_word' id='word_1_705' title='bbox 2851 3247 2928 3301; x_wconf 84' lang='lat' dir='ltr'><strong>Ae</strong></span> <span class='ocrx_word' id='word_1_706' title='bbox 2955 3244 3075 3300; x_wconf 89' lang='lat' dir='ltr'><strong>vide</strong></span> <span class='ocrx_word' id='word_1_707' title='bbox 3101 3253 3295 3314; x_wconf 87' lang='lat' dir='ltr'><strong>quanta</strong></span> <span class='ocrx_word' id='word_1_708' title='bbox 3337 3242 3496 3296; x_wconf 82' lang='lat' dir='ltr'><strong>faciat</strong></span> <span class='ocrx_word' id='word_1_709' title='bbox 3527 3241 3788 3296; x_wconf 87' lang='lat' dir='ltr'><strong>ambitio:</strong></span> 
     </span>
    </p>
   </div>
   <div class='ocr_carea' id='block_1_95' title="bbox 2213 3332 3792 3406">
    <p class='ocr_par' dir='ltr' id='par_1_95' title="bbox 2213 3332 3792 3406">
     <span class='ocr_line' id='line_1_95' title="bbox 2213 3332 3792 3406; baseline -0.003 -16"><span class='ocrx_word' id='word_1_710' title='bbox 2213 3335 2332 3390; x_wconf 89' lang='lat' dir='ltr'><strong>vide</strong></span> <span class='ocrx_word' id='word_1_711' title='bbox 2370 3337 2612 3406; x_wconf 89' lang='lat' dir='ltr'><strong>corporis</strong></span> <span class='ocrx_word' id='word_1_712' title='bbox 2659 3336 2820 3391; x_wconf 89' lang='lat' dir='ltr'><strong>robur</strong></span> <span class='ocrx_word' id='word_1_713' title='bbox 2849 3352 2953 3392; x_wconf 90' lang='lat' dir='ltr'><strong>non</strong></span> <span class='ocrx_word' id='word_1_714' title='bbox 3007 3349 3229 3390; x_wconf 88' lang='lat' dir='ltr'><strong>manens</strong></span> <span class='ocrx_word' id='word_1_715' title='bbox 3257 3337 3394 3388; x_wconf 85' lang='lat' dir='ltr'><strong>intra</strong></span> <span class='ocrx_word' id='word_1_716' title='bbox 3419 3347 3548 3388; x_wconf 85' lang='lat' dir='ltr'><strong>suos</strong></span> <span class='ocrx_word' id='word_1_717' title='bbox 3575 3332 3792 3398; x_wconf 80' lang='lat' dir='ltr'><strong>limites,</strong></span> 
     </span>
    </p>
   </div>
   <div class='ocr_carea' id='block_1_96' title="bbox 2213 3427 3792 3498">
    <p class='ocr_par' dir='ltr' id='par_1_96' title="bbox 2213 3427 3792 3498">
     <span class='ocr_line' id='line_1_96' title="bbox 2213 3427 3792 3498; baseline -0.003 -16"><span class='ocrx_word' id='word_1_718' title='bbox 2213 3428 2308 3483; x_wconf 88' lang='lat' dir='ltr'><strong>sed</strong></span> <span class='ocrx_word' id='word_1_719' title='bbox 2349 3427 2497 3498; x_wconf 86' lang='lat' dir='ltr'><strong>plura</strong></span> <span class='ocrx_word' id='word_1_720' title='bbox 2524 3436 2782 3498; x_wconf 80' lang='lat' dir='ltr'><strong>expetens</strong></span> <span class='ocrx_word' id='word_1_721' title='bbox 2803 3469 2819 3494; x_wconf 93' lang='lat'><strong>,</strong></span> <span class='ocrx_word' id='word_1_722' title='bbox 2861 3437 2915 3484; x_wconf 90' lang='lat' dir='ltr'><strong>et</strong></span> <span class='ocrx_word' id='word_1_723' title='bbox 2943 3427 3141 3498; x_wconf 56' lang='lat' dir='ltr'><strong>gloria:</strong></span> <span class='ocrx_word' id='word_1_724' title='bbox 3166 3435 3504 3497; x_wconf 87' lang='lat' dir='ltr'><strong>appetentem</strong></span> <span class='ocrx_word' id='word_1_725' title='bbox 3527 3434 3792 3480; x_wconf 85' lang='lat' dir='ltr'><strong>naturam.</strong></span> 
     </span>
    </p>
   </div>
   <div class='ocr_carea' id='block_1_97' title="bbox 2213 3515 3797 3588">
    <p class='ocr_par' dir='ltr' id='par_1_97' title="bbox 2213 3515 3797 3588">
     <span class='ocr_line' id='line_1_97' title="bbox 2213 3515 3797 3588; baseline -0.003 -13"><span class='ocrx_word' id='word_1_726' title='bbox 2213 3519 2329 3575; x_wconf 84' lang='lat' dir='ltr'><strong>Non</strong></span> <span class='ocrx_word' id='word_1_727' title='bbox 2356 3521 2498 3576; x_wconf 88' lang='lat' dir='ltr'><strong>enim</strong></span> <span class='ocrx_word' id='word_1_728' title='bbox 2526 3529 2590 3575; x_wconf 46' lang='lat' dir='ltr'><strong>ut»</strong></span> <span class='ocrx_word' id='word_1_729' title='bbox 2608 3519 2920 3575; x_wconf 82' lang='lat' dir='ltr'><strong>defenderet</strong></span> <span class='ocrx_word' id='word_1_730' title='bbox 2944 3519 3063 3574; x_wconf 88' lang='lat' dir='ltr'><strong>illos</strong></span> <span class='ocrx_word' id='word_1_731' title='bbox 3092 3560 3108 3586; x_wconf 91' lang='lat'><strong>,</strong></span> <span class='ocrx_word' id='word_1_732' title='bbox 3157 3518 3453 3588; x_wconf 85' lang='lat' dir='ltr'><strong>imperabat</strong></span> <span class='ocrx_word' id='word_1_733' title='bbox 3477 3534 3492 3584; x_wconf 92' lang='lat'><strong>;</strong></span> <span class='ocrx_word' id='word_1_734' title='bbox 3519 3516 3615 3572; x_wconf 86' lang='lat' dir='ltr'><strong>sed</strong></span> <span class='ocrx_word' id='word_1_735' title='bbox 3639 3524 3695 3572; x_wconf 87' lang='lat' dir='ltr'><strong>et</strong></span> <span class='ocrx_word' id='word_1_736' title='bbox 3717 3515 3797 3570; x_wconf 87' lang='lat' dir='ltr'><strong>ci-</strong></span> 
     </span>
    </p>
   </div>
   <div class='ocr_carea' id='block_1_98' title="bbox 2215 3606 3798 3677">
    <p class='ocr_par' dir='ltr' id='par_1_98' title="bbox 2215 3606 3798 3677">
     <span class='ocr_line' id='line_1_98' title="bbox 2215 3606 3798 3677; baseline -0.004 -11"><span class='ocrx_word' id='word_1_737' title='bbox 2215 3612 2407 3667; x_wconf 90' lang='lat' dir='ltr'><strong>vitates</strong></span> <span class='ocrx_word' id='word_1_738' title='bbox 2451 3610 2750 3666; x_wconf 74' lang='lat' dir='ltr'><strong>mdiﬁcabat</strong></span> <span class='ocrx_word' id='word_1_739' title='bbox 2790 3621 2848 3666; x_wconf 91' lang='lat' dir='ltr'><strong>ut</strong></span> <span class='ocrx_word' id='word_1_740' title='bbox 2883 3609 3123 3665; x_wconf 85' lang='lat' dir='ltr'><strong>hostibus</strong></span> <span class='ocrx_word' id='word_1_741' title='bbox 3155 3609 3474 3677; x_wconf 83' lang='lat' dir='ltr'><strong>imperaret.</strong></span> <span class='ocrx_word' id='word_1_742' title='bbox 3530 3609 3620 3663; x_wconf 83' lang='lat' dir='ltr'><strong>il.</strong></span> <span class='ocrx_word' id='word_1_743' title='bbox 3665 3606 3798 3660; x_wconf 79' lang='lat' dir='ltr'><strong>Inde</strong></span> 
     </span>
    </p>
   </div>
   <div class='ocr_carea' id='block_1_99' title="bbox 2214 3696 3798 3772">
    <p class='ocr_par' dir='ltr' id='par_1_99' title="bbox 2214 3696 3798 3772">
     <span class='ocr_line' id='line_1_99' title="bbox 2214 3696 3798 3772; baseline -0.004 -16"><span class='ocrx_word' id='word_1_744' title='bbox 2214 3703 2368 3768; x_wconf 87' lang='lat' dir='ltr'><strong>enim,</strong></span> <span class='ocrx_word' id='word_1_745' title='bbox 2415 3703 2602 3772; x_wconf 89' lang='lat' dir='ltr'><strong>inquit,</strong></span> <span class='ocrx_word' id='word_1_746' title='bbox 2645 3717 2707 3756; x_wconf 69' lang='lat' dir='ltr'><strong>ex</strong></span> <span class='ocrx_word' id='word_1_747' title='bbox 2744 3710 2878 3755; x_wconf 83' lang='lat' dir='ltr'><strong>terra</strong></span> <span class='ocrx_word' id='word_1_748' title='bbox 2909 3701 3001 3755; x_wconf 79' lang='lat' dir='ltr'><strong>illa</strong></span> <span class='ocrx_word' id='word_1_749' title='bbox 3035 3700 3184 3754; x_wconf 68' lang='lat' dir='ltr'><strong>exivit</strong></span> <span class='ocrx_word' id='word_1_750' title='bbox 3224 3698 3405 3763; x_wconf 80' lang='lat' dir='ltr'><strong>Assur,</strong></span> <span class='ocrx_word' id='word_1_751' title='bbox 3454 3706 3500 3752; x_wconf 83' lang='lat' dir='ltr'><strong>et</strong></span> <span class='ocrx_word' id='word_1_752' title='bbox 3527 3696 3798 3765; x_wconf 71' lang='lat' dir='ltr'><strong>a&#39;diﬁmuit</strong></span> 
     </span>
    </p>
   </div>
   <div class='ocr_carea' id='block_1_100' title="bbox 2219 3791 3798 3863">
    <p class='ocr_par' dir='ltr' id='par_1_100' title="bbox 2219 3791 3798 3863">
     <span class='ocr_line' id='line_1_100' title="bbox 2219 3791 3798 3863; baseline -0.002 -16"><span class='ocrx_word' id='word_1_753' title='bbox 2219 3794 2462 3848; x_wconf 73' lang='lat' dir='ltr'><strong>Niniven.</strong></span> <span class='ocrx_word' id='word_1_754' title='bbox 2494 3794 2872 3849; x_wconf 84' lang='lat' dir='ltr'><strong>Animadverte</strong></span> <span class='ocrx_word' id='word_1_755' title='bbox 2892 3793 2978 3848; x_wconf 91' lang='lat' dir='ltr'><strong>hic</strong></span> <span class='ocrx_word' id='word_1_756' title='bbox 3005 3807 3216 3863; x_wconf 89' lang='lat' dir='ltr'><strong>quoque</strong></span> <span class='ocrx_word' id='word_1_757' title='bbox 3245 3791 3387 3847; x_wconf 78' lang='lat' dir='ltr'><strong>nihil</strong></span> <span class='ocrx_word' id='word_1_758' title='bbox 3415 3791 3606 3845; x_wconf 64' lang='lat' dir='ltr'><strong>ledere</strong></span> <span class='ocrx_word' id='word_1_759' title='bbox 3636 3800 3798 3844; x_wconf 81' lang='lat' dir='ltr'><strong>natu-</strong></span> 
     </span>
    </p>
   </div>
   <div class='ocr_carea' id='block_1_101' title="bbox 2214 3880 3801 3954">
    <p class='ocr_par' dir='ltr' id='par_1_101' title="bbox 2214 3880 3801 3954">
     <span class='ocr_line' id='line_1_101' title="bbox 2214 3880 3801 3954; baseline -0.003 -15"><span class='ocrx_word' id='word_1_760' title='bbox 2214 3899 2326 3939; x_wconf 88' lang='lat' dir='ltr'><strong>ram</strong></span> <span class='ocrx_word' id='word_1_761' title='bbox 2375 3894 2614 3940; x_wconf 69' lang='lat' dir='ltr'><strong>nostram</strong></span> <span class='ocrx_word' id='word_1_762' title='bbox 2643 3885 3055 3954; x_wconf 82' lang='lat' dir='ltr'><strong>.progenitormn</strong></span> <span class='ocrx_word' id='word_1_763' title='bbox 3106 3883 3381 3938; x_wconf 88' lang='lat' dir='ltr'><strong>malitiam.</strong></span> <span class='ocrx_word' id='word_1_764' title='bbox 3413 3882 3478 3936; x_wconf 78' lang='lat' dir='ltr'><strong>ili</strong></span> <span class='ocrx_word' id='word_1_765' title='bbox 3505 3882 3674 3947; x_wconf 85' lang='lat' dir='ltr'><strong>enim,</strong></span> <span class='ocrx_word' id='word_1_766' title='bbox 3697 3880 3801 3934; x_wconf 84' lang='lat' dir='ltr'><strong>Ni-</strong></span> 
     </span>
    </p>
   </div>
   <div class='ocr_carea' id='block_1_102' title="bbox 2217 3973 3808 4044">
    <p class='ocr_par' dir='ltr' id='par_1_102' title="bbox 2217 3973 3808 4044">
     <span class='ocr_line' id='line_1_102' title="bbox 2217 3973 3808 4044; baseline -0.005 -12"><span class='ocrx_word' id='word_1_767' title='bbox 2217 3977 2413 4033; x_wconf 86' lang='lat' dir='ltr'><strong>nivitas</strong></span> <span class='ocrx_word' id='word_1_768' title='bbox 2441 3977 2591 4043; x_wconf 84' lang='lat' dir='ltr'><strong>dico,</strong></span> <span class='ocrx_word' id='word_1_769' title='bbox 2620 3976 3037 4032; x_wconf 89' lang='lat' dir='ltr'><strong>misericordiam</strong></span> <span class='ocrx_word' id='word_1_770' title='bbox 3071 3976 3162 4030; x_wconf 86' lang='lat' dir='ltr'><strong>Dei</strong></span> <span class='ocrx_word' id='word_1_771' title='bbox 3207 3974 3513 4044; x_wconf 77' lang='lat' dir='ltr'><strong>pamitentia</strong></span> <span class='ocrx_word' id='word_1_772' title='bbox 3542 3973 3642 4027; x_wconf 85' lang='lat' dir='ltr'><strong>sibi</strong></span> <span class='ocrx_word' id='word_1_773' title='bbox 3668 3987 3808 4025; x_wconf 77' lang='lat' dir='ltr'><strong>con-</strong></span> 
     </span>
    </p>
   </div>
   <div class='ocr_carea' id='block_1_103' title="bbox 2217 4064 3808 4134">
    <p class='ocr_par' dir='ltr' id='par_1_103' title="bbox 2217 4064 3808 4134">
     <span class='ocr_line' id='line_1_103' title="bbox 2217 4064 3808 4134; baseline -0.004 -11"><span class='ocrx_word' id='word_1_774' title='bbox 2217 4069 2482 4133; x_wconf 89' lang='lat' dir='ltr'><strong>ciliarunt,</strong></span> <span class='ocrx_word' id='word_1_775' title='bbox 2505 4077 2750 4123; x_wconf 83' lang='lat' dir='ltr'><strong>revocata</strong></span> <span class='ocrx_word' id='word_1_776' title='bbox 2778 4067 2920 4122; x_wconf 81' lang='lat' dir='ltr'><strong>illius</strong></span> <span class='ocrx_word' id='word_1_777' title='bbox 2947 4067 3216 4122; x_wconf 83' lang='lat' dir='ltr'><strong>sententia</strong></span> <span class='ocrx_word' id='word_1_778' title='bbox 3265 4082 3279 4118; x_wconf 89' lang='lat'><strong>:</strong></span> <span class='ocrx_word' id='word_1_779' title='bbox 3305 4064 3380 4130; x_wconf 90' lang='lat' dir='ltr'><strong>hi,</strong></span> <span class='ocrx_word' id='word_1_780' title='bbox 3411 4065 3648 4134; x_wconf 84' lang='lat' dir='ltr'><strong>inquam,</strong></span> <span class='ocrx_word' id='word_1_781' title='bbox 3675 4078 3808 4132; x_wconf 87' lang='lat' dir='ltr'><strong>pro-</strong></span> 
     </span>
    </p>
   </div>
   <div class='ocr_carea' id='block_1_104' title="bbox 2215 4153 3806 4232">
    <p class='ocr_par' dir='ltr' id='par_1_104' title="bbox 2215 4153 3806 4232">
     <span class='ocr_line' id='line_1_104' title="bbox 2215 4153 3806 4232; baseline -0.006 -16"><span class='ocrx_word' id='word_1_782' title='bbox 2215 4161 2509 4232; x_wconf 87' lang='lat' dir='ltr'><strong>genitorem</strong></span> <span class='ocrx_word' id='word_1_783' title='bbox 2530 4160 2828 4215; x_wconf 89' lang='lat' dir='ltr'><strong>habuerunt</strong></span> <span class='ocrx_word' id='word_1_784' title='bbox 2855 4157 3021 4214; x_wconf 83' lang='lat' dir='ltr'><strong>Cham</strong></span> <span class='ocrx_word' id='word_1_785' title='bbox 3048 4156 3385 4228; x_wconf 77' lang='lat' dir='ltr'><strong>parricidam,</strong></span> <span class='ocrx_word' id='word_1_786' title='bbox 3407 4154 3602 4211; x_wconf 88' lang='lat' dir='ltr'><strong>deinde</strong></span> <span class='ocrx_word' id='word_1_787' title='bbox 3633 4153 3806 4208; x_wconf 81' lang='lat' dir='ltr'><strong>Nem-</strong></span> 
     </span>
    </p>
   </div>
   <div class='ocr_carea' id='block_1_105' title="bbox 2218 4254 3810 4324">
    <p class='ocr_par' dir='ltr' id='par_1_105' title="bbox 2218 4254 3810 4324">
     <span class='ocr_line' id='line_1_105' title="bbox 2218 4254 3810 4324; baseline -0.004 -16"><span class='ocrx_word' id='word_1_788' title='bbox 2218 4254 2313 4309; x_wconf 91' lang='lat' dir='ltr'><strong>rod</strong></span> <span class='ocrx_word' id='word_1_789' title='bbox 2337 4254 2607 4310; x_wconf 86' lang='lat' dir='ltr'><strong>hominem</strong></span> <span class='ocrx_word' id='word_1_790' title='bbox 2639 4262 2919 4324; x_wconf 72' lang='lat' dir='ltr'><strong>tyrannum</strong></span> <span class='ocrx_word' id='word_1_791' title='bbox 2954 4260 3009 4307; x_wconf 90' lang='lat' dir='ltr'><strong>et</strong></span> <span class='ocrx_word' id='word_1_792' title='bbox 3045 4258 3402 4320; x_wconf 74' lang='lat' dir='ltr'><strong>arrogantem,</strong></span> <span class='ocrx_word' id='word_1_793' title='bbox 3421 4263 3491 4302; x_wconf 80' lang='lat' dir='ltr'><strong>ex</strong></span> <span class='ocrx_word' id='word_1_794' title='bbox 3517 4263 3626 4316; x_wconf 86' lang='lat' dir='ltr'><strong>quo</strong></span> <span class='ocrx_word' id='word_1_795' title='bbox 3647 4256 3810 4302; x_wconf 79' lang='lat' dir='ltr'><strong>ortus</strong></span> 
     </span>
    </p>
   </div>
   <div class='ocr_carea' id='block_1_106' title="bbox 2218 4338 3811 4418">
    <p class='ocr_par' dir='ltr' id='par_1_106' title="bbox 2218 4338 3811 4418">
     <span class='ocr_line' id='line_1_106' title="bbox 2218 4338 3811 4418; baseline -0.006 -16"><span class='ocrx_word' id='word_1_796' title='bbox 2218 4348 2389 4402; x_wconf 85' lang='lat' dir='ltr'><strong>Assur</strong></span> <span class='ocrx_word' id='word_1_797' title='bbox 2415 4345 2508 4418; x_wconf 82' lang='grc' dir='ltr'><strong>(α).</strong></span> <span class='ocrx_word' id='word_1_798' title='bbox 2544 4345 2799 4400; x_wconf 90' lang='lat' dir='ltr'><strong>Dicuntur</strong></span> <span class='ocrx_word' id='word_1_799' title='bbox 2844 4352 3023 4398; x_wconf 87' lang='lat' dir='ltr'><strong>autem</strong></span> <span class='ocrx_word' id='word_1_800' title='bbox 3054 4341 3191 4398; x_wconf 90' lang='lat' dir='ltr'><strong>forte</strong></span> <span class='ocrx_word' id='word_1_801' title='bbox 3245 4341 3410 4396; x_wconf 84' lang='lat' dir='ltr'><strong>ctalii</strong></span> <span class='ocrx_word' id='word_1_802' title='bbox 3457 4338 3618 4392; x_wconf 88' lang='lat' dir='ltr'><strong>fuisse</strong></span> <span class='ocrx_word' id='word_1_803' title='bbox 3661 4339 3811 4392; x_wconf 86' lang='lat' dir='ltr'><strong>inter</strong></span> 
     </span>
    </p>
   </div>
   <div class='ocr_carea' id='block_1_107' title="bbox 2219 4434 3810 4501">
    <p class='ocr_par' dir='ltr' id='par_1_107' title="bbox 2219 4434 3810 4501">
     <span class='ocr_line' id='line_1_107' title="bbox 2219 4434 3810 4501; baseline -0.006 -7"><span class='ocrx_word' id='word_1_804' title='bbox 2219 4439 2339 4499; x_wconf 80' lang='lat' dir='ltr'><strong>illos</strong></span> <span class='ocrx_word' id='word_1_805' title='bbox 2366 4440 2555 4494; x_wconf 87' lang='lat' dir='ltr'><strong>molles</strong></span> <span class='ocrx_word' id='word_1_806' title='bbox 2606 4448 2660 4494; x_wconf 90' lang='lat' dir='ltr'><strong>ct</strong></span> <span class='ocrx_word' id='word_1_807' title='bbox 2686 4437 2927 4501; x_wconf 84' lang='lat' dir='ltr'><strong>delicati,</strong></span> <span class='ocrx_word' id='word_1_808' title='bbox 2957 4445 3011 4492; x_wconf 93' lang='lat' dir='ltr'><strong>et</strong></span> <span class='ocrx_word' id='word_1_809' title='bbox 3033 4434 3350 4492; x_wconf 87' lang='lat' dir='ltr'><strong>dissolutam</strong></span> <span class='ocrx_word' id='word_1_810' title='bbox 3395 4447 3458 4486; x_wconf 87' lang='lat' dir='ltr'><strong>ac</strong></span> <span class='ocrx_word' id='word_1_811' title='bbox 3487 4442 3810 4501; x_wconf 80' lang='lat' dir='ltr'><strong>corruptam</strong></span> 
     </span>
    </p>
   </div>
   <div class='ocr_carea' id='block_1_108' title="bbox 2218 4523 3812 4605">
    <p class='ocr_par' dir='ltr' id='par_1_108' title="bbox 2218 4523 3812 4605">
     <span class='ocr_line' id='line_1_108' title="bbox 2218 4523 3812 4605; baseline -0.009 -16"><span class='ocrx_word' id='word_1_812' title='bbox 2218 4543 2436 4605; x_wconf 85' lang='lat' dir='ltr'><strong>agentes</strong></span> <span class='ocrx_word' id='word_1_813' title='bbox 2459 4533 2619 4587; x_wconf 89' lang='lat' dir='ltr'><strong>vitam</strong></span> <span class='ocrx_word' id='word_1_814' title='bbox 2636 4572 2651 4596; x_wconf 94' lang='lat'><strong>,</strong></span> <span class='ocrx_word' id='word_1_815' title='bbox 2675 4530 2937 4594; x_wconf 86' lang='lat' dir='ltr'><strong>ebrietati,</strong></span> <span class='ocrx_word' id='word_1_816' title='bbox 2963 4537 3018 4584; x_wconf 87' lang='lat' dir='ltr'><strong>et</strong></span> <span class='ocrx_word' id='word_1_817' title='bbox 3036 4528 3186 4592; x_wconf 88' lang='lat' dir='ltr'><strong>risui,</strong></span> <span class='ocrx_word' id='word_1_818' title='bbox 3204 4537 3258 4582; x_wconf 89' lang='lat' dir='ltr'><strong>et</strong></span> <span class='ocrx_word' id='word_1_819' title='bbox 3273 4523 3812 4589; x_wconf 84' lang='lat' dir='ltr'><strong>subsannationihus,</strong></span> 
     </span>
    </p>
   </div>
   <div class='ocr_carea' id='block_1_109' title="bbox 2212 4615 3814 4691">
    <p class='ocr_par' dir='ltr' id='par_1_109' title="bbox 2212 4615 3814 4691">
     <span class='ocr_line' id='line_1_109' title="bbox 2212 4615 3814 4691; baseline -0.007 -9"><span class='ocrx_word' id='word_1_820' title='bbox 2212 4637 2274 4682; x_wconf 87' lang='lat' dir='ltr'><strong>et</strong></span> <span class='ocrx_word' id='word_1_821' title='bbox 2298 4626 2602 4682; x_wconf 87' lang='lat' dir='ltr'><strong>scommatis</strong></span> <span class='ocrx_word' id='word_1_822' title='bbox 2627 4623 2814 4680; x_wconf 89' lang='lat' dir='ltr'><strong>dediti.</strong></span> <span class='ocrx_word' id='word_1_823' title='bbox 2842 4621 2948 4678; x_wconf 83' lang='lat' dir='ltr'><strong>Sed</strong></span> <span class='ocrx_word' id='word_1_824' title='bbox 2975 4622 3098 4691; x_wconf 90' lang='lat' dir='ltr'><strong>quia</strong></span> <span class='ocrx_word' id='word_1_825' title='bbox 3127 4621 3390 4674; x_wconf 86' lang='lat' dir='ltr'><strong>sinceram</strong></span> <span class='ocrx_word' id='word_1_826' title='bbox 3429 4632 3540 4687; x_wconf 81' lang='lat' dir='ltr'><strong>pra:</strong></span> <span class='ocrx_word' id='word_1_827' title='bbox 3566 4631 3631 4672; x_wconf 88' lang='lat' dir='ltr'><strong>se</strong></span> <span class='ocrx_word' id='word_1_828' title='bbox 3660 4615 3814 4671; x_wconf 75' lang='lat' dir='ltr'><strong>terre</strong></span> 
     </span>
    </p>
   </div>
   <div class='ocr_carea' id='block_1_110' title="bbox 2219 4711 3814 4788">
    <p class='ocr_par' dir='ltr' id='par_1_110' title="bbox 2219 4711 3814 4788">
     <span class='ocr_line' id='line_1_110' title="bbox 2219 4711 3814 4788; baseline -0.009 -13"><span class='ocrx_word' id='word_1_829' title='bbox 2219 4719 2435 4775; x_wconf 87' lang='lat' dir='ltr'><strong>voluere</strong></span> <span class='ocrx_word' id='word_1_830' title='bbox 2461 4717 2850 4788; x_wconf 61' lang='lat' dir='ltr'><strong>paenitentiam,</strong></span> <span class='ocrx_word' id='word_1_831' title='bbox 2881 4714 3012 4769; x_wconf 90' lang='lat' dir='ltr'><strong>nihil</strong></span> <span class='ocrx_word' id='word_1_832' title='bbox 3041 4713 3168 4783; x_wconf 90' lang='lat' dir='ltr'><strong>ipsis</strong></span> <span class='ocrx_word' id='word_1_833' title='bbox 3198 4711 3369 4766; x_wconf 86' lang='lat' dir='ltr'><strong>obfuit</strong></span> <span class='ocrx_word' id='word_1_834' title='bbox 3394 4714 3814 4779; x_wconf 76' lang='lat' dir='ltr'><strong>progenitor-um</strong></span> 
     </span>
    </p>
   </div>
   <div class='ocr_carea' id='block_1_111' title="bbox 2220 4799 3818 4874">
    <p class='ocr_par' dir='ltr' id='par_1_111' title="bbox 2220 4799 3818 4874">
     <span class='ocr_line' id='line_1_111' title="bbox 2220 4799 3818 4874; baseline -0.008 -10"><span class='ocrx_word' id='word_1_835' title='bbox 2220 4807 2460 4874; x_wconf 84' lang='lat' dir='ltr'><strong>malitia,</strong></span> <span class='ocrx_word' id='word_1_836' title='bbox 2511 4807 2605 4862; x_wconf 90' lang='lat' dir='ltr'><strong>sed</strong></span> <span class='ocrx_word' id='word_1_837' title='bbox 2655 4815 2858 4860; x_wconf 89' lang='lat' dir='ltr'><strong>tantum</strong></span> <span class='ocrx_word' id='word_1_838' title='bbox 2906 4804 3006 4859; x_wconf 85' lang='lat' dir='ltr'><strong>sibi</strong></span> <span class='ocrx_word' id='word_1_839' title='bbox 3051 4803 3279 4859; x_wconf 71' lang='lat' dir='ltr'><strong>cmiestis</strong></span> <span class='ocrx_word' id='word_1_840' title='bbox 3312 4800 3511 4856; x_wconf 86' lang='lat' dir='ltr'><strong>favoris</strong></span> <span class='ocrx_word' id='word_1_841' title='bbox 3549 4799 3818 4854; x_wconf 79' lang='lat' dir='ltr'><strong>concilia-</strong></span> 
     </span>
    </p>
   </div>
   <div class='ocr_carea' id='block_1_112' title="bbox 2281 4911 3816 4985">
    <p class='ocr_par' dir='ltr' id='par_1_112' title="bbox 2281 4911 3816 4985">
     <span class='ocr_line' id='line_1_112' title="bbox 2281 4911 3816 4985; baseline -0.007 -15"><span class='ocrx_word' id='word_1_842' title='bbox 2281 4921 2357 4985; x_wconf 85' lang='lat' dir='ltr'><strong>(a)</strong></span> <span class='ocrx_word' id='word_1_843' title='bbox 2390 4920 2445 4969; x_wconf 86' lang='lat' dir='ltr'><strong>In</strong></span> <span class='ocrx_word' id='word_1_844' title='bbox 2473 4932 2633 4983; x_wconf 73' lang='lat' dir='ltr'><strong>grzeco</strong></span> <span class='ocrx_word' id='word_1_845' title='bbox 2656 4920 2835 4981; x_wconf 69' lang='lat' dir='ltr'><strong>legitur</strong></span> <span class='ocrx_word' id='word_1_846' title='bbox 2854 4958 2867 4976; x_wconf 80' lang='grc'>,</span> <span class='ocrx_word' id='word_1_847' title='bbox 2891 4931 3034 4982; x_wconf 63' lang='lat' dir='ltr'><strong>imm</strong></span> <span class='ocrx_word' id='word_1_848' title='bbox 3057 4931 3233 4980; x_wconf 60' lang='grc' dir='ltr'><strong>ισχηιάςα</strong></span> <span class='ocrx_word' id='word_1_849' title='bbox 3255 4929 3321 4985; x_wconf 40' lang='grc' dir='ltr'><strong>τὸν.</strong></span> <span class='ocrx_word' id='word_1_850' title='bbox 3341 4918 3501 4976; x_wconf 65' lang='grc' dir='ltr'><strong>Ᾱσσσῠρ.</strong></span> <span class='ocrx_word' id='word_1_851' title='bbox 3526 4912 3693 4962; x_wconf 83' lang='lat' dir='ltr'><strong>Vetus</strong></span> <span class='ocrx_word' id='word_1_852' title='bbox 3722 4911 3816 4985; x_wconf 64' lang='lat' dir='ltr'><strong>in.</strong></span> 
     </span>
    </p>
   </div>
   <div class='ocr_carea' id='block_1_113' title="bbox 2221 4980 3820 5045">
    <p class='ocr_par' dir='ltr' id='par_1_113' title="bbox 2221 4980 3820 5045">
     <span class='ocr_line' id='line_1_113' title="bbox 2221 4980 3820 5045; baseline -0.005 -13"><span class='ocrx_word' id='word_1_853' title='bbox 2221 4980 2432 5045; x_wconf 79' lang='lat' dir='ltr'><strong>terpres,</strong></span> <span class='ocrx_word' id='word_1_854' title='bbox 2457 4980 2672 5043; x_wconf 68' lang='lat' dir='ltr'><strong>nepotem</strong></span> <span class='ocrx_word' id='word_1_855' title='bbox 2692 4995 2875 5045; x_wconf 85' lang='lat' dir='ltr'><strong>quoque</strong></span> <span class='ocrx_word' id='word_1_856' title='bbox 2901 4980 3076 5045; x_wconf 55' lang='lat' dir='ltr'><strong>.ftssnr;</strong></span> <span class='ocrx_word' id='word_1_857' title='bbox 3097 4993 3184 5027; x_wconf 86' lang='lat' dir='ltr'><strong>nos</strong></span> <span class='ocrx_word' id='word_1_858' title='bbox 3203 4980 3449 5045; x_wconf 66' lang='lat' dir='ltr'><strong>verumns,</strong></span> <span class='ocrx_word' id='word_1_859' title='bbox 3471 4988 3535 5025; x_wconf 65' lang='lat' dir='ltr'><strong>ex</strong></span> <span class='ocrx_word' id='word_1_860' title='bbox 3551 4987 3654 5045; x_wconf 73' lang='lat' dir='ltr'><strong>quo</strong></span> <span class='ocrx_word' id='word_1_861' title='bbox 3674 4981 3820 5024; x_wconf 73' lang='lat' dir='ltr'><strong>artus</strong></span> 
     </span>
    </p>
   </div>
   <div class='ocr_carea' id='block_1_114' title="bbox 2221 5039 3820 5106">
    <p class='ocr_par' dir='ltr' id='par_1_114' title="bbox 2221 5039 3820 5106">
     <span class='ocr_line' id='line_1_114' title="bbox 2221 5039 3820 5106; baseline -0.007 -13"><span class='ocrx_word' id='word_1_862' title='bbox 2221 5039 2384 5095; x_wconf 68' lang='lat' dir='ltr'><strong>Assur.</strong></span> <span class='ocrx_word' id='word_1_863' title='bbox 2410 5039 2559 5093; x_wconf 82' lang='lat' dir='ltr'><strong>Assur</strong></span> <span class='ocrx_word' id='word_1_864' title='bbox 2584 5039 2712 5106; x_wconf 79' lang='lat' dir='ltr'><strong>ergo</strong></span> <span class='ocrx_word' id='word_1_865' title='bbox 2724 5039 2860 5106; x_wconf 80' lang='lat' dir='ltr'><strong>puiat</strong></span> <span class='ocrx_word' id='word_1_866' title='bbox 2878 5042 3240 5106; x_wconf 72' lang='lat' dir='ltr'><strong>t&#39;ilu-ysostomus</strong></span> <span class='ocrx_word' id='word_1_867' title='bbox 3265 5052 3326 5086; x_wconf 82' lang='lat' dir='ltr'><strong>ex</strong></span> <span class='ocrx_word' id='word_1_868' title='bbox 3371 5039 3625 5106; x_wconf 78' lang='lat' dir='ltr'><strong>Nemrodo</strong></span> <span class='ocrx_word' id='word_1_869' title='bbox 3647 5045 3820 5084; x_wconf 63' lang='lat' dir='ltr'><strong>«tum</strong></span> 
     </span>
    </p>
   </div>
   <div class='ocr_carea' id='block_1_115' title="bbox 2222 5102 3820 5168">
    <p class='ocr_par' dir='ltr' id='par_1_115' title="bbox 2222 5102 3820 5168">
     <span class='ocr_line' id='line_1_115' title="bbox 2222 5102 3820 5168; baseline -0.006 -14"><span class='ocrx_word' id='word_1_870' title='bbox 2222 5119 2355 5164; x_wconf 87' lang='lat' dir='ltr'><strong>esse,</strong></span> <span class='ocrx_word' id='word_1_871' title='bbox 2374 5114 2537 5168; x_wconf 85' lang='lat' dir='ltr'><strong>contra</strong></span> <span class='ocrx_word' id='word_1_872' title='bbox 2560 5102 2702 5166; x_wconf 63' lang='lat' dir='ltr'><strong>qua&#39;m</strong></span> <span class='ocrx_word' id='word_1_873' title='bbox 2723 5102 2903 5168; x_wconf 77' lang='lat' dir='ltr'><strong>legitur</strong></span> <span class='ocrx_word' id='word_1_874' title='bbox 2933 5102 2981 5151; x_wconf 80' lang='lat' dir='ltr'><strong>in</strong></span> <span class='ocrx_word' id='word_1_875' title='bbox 3006 5102 3178 5151; x_wconf 83' lang='lat' dir='ltr'><strong>eodem</strong></span> <span class='ocrx_word' id='word_1_876' title='bbox 3205 5113 3329 5148; x_wconf 90' lang='lat' dir='ltr'><strong>nono</strong></span> <span class='ocrx_word' id='word_1_877' title='bbox 3352 5107 3510 5159; x_wconf 76' lang='lat' dir='ltr'><strong>capite</strong></span> <span class='ocrx_word' id='word_1_878' title='bbox 3527 5105 3820 5168; x_wconf 59' lang='grc' dir='ltr'><strong>βρωθερςε»</strong></span> 
     </span>
    </p>
   </div>
   <div class='ocr_carea' id='block_1_116' title="bbox 2216 5158 3822 5222">
    <p class='ocr_par' dir='ltr' id='par_1_116' title="bbox 2216 5158 3822 5222">
     <span class='ocr_line' id='line_1_116' title="bbox 2216 5158 3822 5222; baseline -0.007 -6"><span class='ocrx_word' id='word_1_879' title='bbox 2216 5168 2304 5216; x_wconf 81' lang='lat' dir='ltr'><strong>ubi</strong></span> <span class='ocrx_word' id='word_1_880' title='bbox 2328 5158 2479 5216; x_wconf 77' lang='lat' dir='ltr'><strong>Assur</strong></span> <span class='ocrx_word' id='word_1_881' title='bbox 2498 5158 2623 5215; x_wconf 80' lang='lat' dir='ltr'><strong>filius</strong></span> <span class='ocrx_word' id='word_1_882' title='bbox 2643 5158 2980 5215; x_wconf 51' lang='lat' dir='ltr'><strong>Semivtlicitur.</strong></span> <span class='ocrx_word' id='word_1_883' title='bbox 3005 5171 3153 5212; x_wconf 72' lang='lat' dir='ltr'><strong>locus</strong></span> <span class='ocrx_word' id='word_1_884' title='bbox 3173 5169 3336 5210; x_wconf 85' lang='lat' dir='ltr'><strong>autem</strong></span> <span class='ocrx_word' id='word_1_885' title='bbox 3358 5158 3504 5222; x_wconf 86' lang='lat' dir='ltr'><strong>quem</strong></span> <span class='ocrx_word' id='word_1_886' title='bbox 3527 5158 3611 5207; x_wconf 90' lang='lat' dir='ltr'><strong>hic</strong></span> <span class='ocrx_word' id='word_1_887' title='bbox 3635 5159 3822 5219; x_wconf 58' lang='lat' dir='ltr'><strong>expia.</strong></span> 
     </span>
    </p>
   </div>
   <div class='ocr_carea' id='block_1_117' title="bbox 2222 5223 3820 5290">
    <p class='ocr_par' dir='ltr' id='par_1_117' title="bbox 2222 5223 3820 5290">
     <span class='ocr_line' id='line_1_117' title="bbox 2222 5223 3820 5290; baseline -0.008 -13"><span class='ocrx_word' id='word_1_888' title='bbox 2222 5234 2306 5277; x_wconf 86' lang='lat' dir='ltr'><strong>nat</strong></span> <span class='ocrx_word' id='word_1_889' title='bbox 2327 5229 2705 5290; x_wconf 74' lang='lat' dir='ltr'><strong>Chrysostomus,</strong></span> <span class='ocrx_word' id='word_1_890' title='bbox 2731 5239 2936 5290; x_wconf 85' lang='lat' dir='ltr'><strong>nempe:</strong></span> <span class='ocrx_word' id='word_1_891' title='bbox 2958 5235 3030 5290; x_wconf 75' lang='lat' dir='ltr'><strong>De</strong></span> <span class='ocrx_word' id='word_1_892' title='bbox 3042 5233 3172 5275; x_wconf 89' lang='lat' dir='ltr'><strong>terra</strong></span> <span class='ocrx_word' id='word_1_893' title='bbox 3195 5223 3280 5290; x_wconf 70' lang='lat' dir='ltr'><strong>ilia</strong></span> <span class='ocrx_word' id='word_1_894' title='bbox 3301 5233 3518 5290; x_wconf 76' lang='lat' dir='ltr'><strong>egressus</strong></span> <span class='ocrx_word' id='word_1_895' title='bbox 3540 5225 3617 5290; x_wconf 59' lang='lat' dir='ltr'><strong>es!</strong></span> <span class='ocrx_word' id='word_1_896' title='bbox 3643 5231 3820 5290; x_wconf 46' lang='lat' dir='ltr'><strong>nim,</strong></span> 
     </span>
    </p>
   </div>
   <div class='ocr_carea' id='block_1_118' title="bbox 2223 5279 3820 5350">
    <p class='ocr_par' dir='ltr' id='par_1_118' title="bbox 2223 5279 3820 5350">
     <span class='ocr_line' id='line_1_118' title="bbox 2223 5279 3820 5350; baseline -0.008 -11"><span class='ocrx_word' id='word_1_897' title='bbox 2223 5291 2359 5339; x_wconf 80' lang='lat' dir='ltr'><strong>varie</strong></span> <span class='ocrx_word' id='word_1_898' title='bbox 2383 5279 2654 5350; x_wconf 66' lang='lat' dir='ltr'><strong>eiplicatur</strong></span> <span class='ocrx_word' id='word_1_899' title='bbox 2677 5279 2738 5337; x_wconf 79' lang='lat' dir='ltr'><strong>ab</strong></span> <span class='ocrx_word' id='word_1_900' title='bbox 2761 5279 3141 5350; x_wconf 73' lang='lat' dir='ltr'><strong>interpretibus;</strong></span> <span class='ocrx_word' id='word_1_901' title='bbox 3167 5285 3244 5334; x_wconf 89' lang='lat' dir='ltr'><strong>alii</strong></span> <span class='ocrx_word' id='word_1_902' title='bbox 3280 5279 3450 5350; x_wconf 69' lang='lat' dir='ltr'><strong>putant.</strong></span> <span class='ocrx_word' id='word_1_903' title='bbox 3471 5281 3548 5329; x_wconf 87' lang='lat' dir='ltr'><strong>hic</strong></span> <span class='ocrx_word' id='word_1_904' title='bbox 3569 5279 3641 5350; x_wconf 84' lang='lat' dir='ltr'><strong>de</strong></span> <span class='ocrx_word' id='word_1_905' title='bbox 3663 5287 3820 5328; x_wconf 63' lang='lat' dir='ltr'><strong>Kcm-</strong></span> 
     </span>
    </p>
   </div>
   <div class='ocr_carea' id='block_1_119' title="bbox 2229 5345 3824 5412">
    <p class='ocr_par' dir='ltr' id='par_1_119' title="bbox 2229 5345 3824 5412">
     <span class='ocr_line' id='line_1_119' title="bbox 2229 5345 3824 5412; baseline -0.006 -16"><span class='ocrx_word' id='word_1_906' title='bbox 2229 5352 2352 5400; x_wconf 88' lang='lat' dir='ltr'><strong>rodo</strong></span> <span class='ocrx_word' id='word_1_907' title='bbox 2373 5345 2480 5412; x_wconf 23' lang='lat' dir='ltr'><strong>agit.</strong></span> <span class='ocrx_word' id='word_1_908' title='bbox 2517 5349 2708 5412; x_wconf 86' lang='lat' dir='ltr'><strong>dicique</strong></span> <span class='ocrx_word' id='word_1_909' title='bbox 2733 5345 3177 5412; x_wconf 65' lang='lat' dir='ltr'><strong>ijsuru&#39;profectmn</strong></span> <span class='ocrx_word' id='word_1_910' title='bbox 3203 5359 3316 5395; x_wconf 88' lang='lat' dir='ltr'><strong>esse</strong></span> <span class='ocrx_word' id='word_1_911' title='bbox 3337 5345 3560 5412; x_wconf 70' lang='lat' dir='ltr'><strong>deter-ra</strong></span> <span class='ocrx_word' id='word_1_912' title='bbox 3591 5349 3824 5412; x_wconf 50' lang='lat' dir='ltr'><strong>seiungi:</strong></span> 
     </span>
    </p>
   </div>
   <div class='ocr_carea' id='block_1_120' title="bbox 2222 5401 3824 5472">
    <p class='ocr_par' dir='ltr' id='par_1_120' title="bbox 2222 5401 3824 5472">
     <span class='ocr_line' id='line_1_120' title="bbox 2222 5401 3824 5472; baseline -0.006 -11"><span class='ocrx_word' id='word_1_913' title='bbox 2222 5413 2374 5461; x_wconf 82' lang='lat' dir='ltr'><strong>Assur</strong></span> <span class='ocrx_word' id='word_1_914' title='bbox 2385 5401 2477 5469; x_wconf 57' lang='lat' dir='ltr'><strong>,&quot;td&#39;</strong></span> <span class='ocrx_word' id='word_1_915' title='bbox 2497 5415 2574 5459; x_wconf 87' lang='lat' dir='ltr'><strong>est.</strong></span> <span class='ocrx_word' id='word_1_916' title='bbox 2597 5401 2644 5459; x_wconf 80' lang='lat' dir='ltr'><strong>iii</strong></span> <span class='ocrx_word' id='word_1_917' title='bbox 2667 5401 3006 5472; x_wconf 12' lang='lat' dir='ltr'><strong>Ass&#39;yviam,iet</strong></span> <span class='ocrx_word' id='word_1_918' title='bbox 3029 5407 3290 5472; x_wconf 64' lang='lat' dir='ltr'><strong>militio-isse</strong></span> <span class='ocrx_word' id='word_1_919' title='bbox 3314 5406 3544 5472; x_wconf 55' lang='grc' dir='ltr'><strong>Διςίιιίνειη,</strong></span> <span class='ocrx_word' id='word_1_920' title='bbox 3577 5409 3675 5451; x_wconf 80' lang='lat' dir='ltr'><strong>etc.</strong></span> <span class='ocrx_word' id='word_1_921' title='bbox 3694 5401 3824 5472; x_wconf 43' lang='lat' dir='ltr'><strong>ﬁlii</strong></span> 
     </span>
    </p>
   </div>
   <div class='ocr_carea' id='block_1_121' title="bbox 2221 5466 3825 5522">
    <p class='ocr_par' dir='ltr' id='par_1_121' title="bbox 2221 5466 3825 5522">
     <span class='ocr_line' id='line_1_121' title="bbox 2221 5466 3825 5522; baseline -0.007 0"><span class='ocrx_word' id='word_1_922' title='bbox 2221 5466 2396 5522; x_wconf 73' lang='lat' dir='ltr'><strong>dicunt</strong></span> <span class='ocrx_word' id='word_1_923' title='bbox 2410 5473 2485 5521; x_wconf 90' lang='lat' dir='ltr'><strong>his</strong></span> <span class='ocrx_word' id='word_1_924' title='bbox 2507 5472 2700 5520; x_wconf 87' lang='lat' dir='ltr'><strong>indicari</strong></span> <span class='ocrx_word' id='word_1_925' title='bbox 2725 5466 2874 5520; x_wconf 74' lang='lat' dir='ltr'><strong>Assur</strong></span> <span class='ocrx_word' id='word_1_926' title='bbox 2896 5466 3042 5518; x_wconf 74' lang='lat' dir='ltr'><strong>filium</strong></span> <span class='ocrx_word' id='word_1_927' title='bbox 3064 5476 3173 5517; x_wconf 88' lang='lat' dir='ltr'><strong>Sem</strong></span> <span class='ocrx_word' id='word_1_928' title='bbox 3199 5468 3408 5516; x_wconf 76' lang='lat' dir='ltr'><strong>exivisse</strong></span> <span class='ocrx_word' id='word_1_929' title='bbox 3435 5466 3500 5513; x_wconf 89' lang='lat' dir='ltr'><strong>de</strong></span> <span class='ocrx_word' id='word_1_930' title='bbox 3531 5471 3668 5512; x_wconf 83' lang='lat' dir='ltr'><strong>terra</strong></span> <span class='ocrx_word' id='word_1_931' title='bbox 3689 5470 3825 5512; x_wconf 76' lang='lat' dir='ltr'><strong>Sen-</strong></span> 
     </span>
    </p>
   </div>
   <div class='ocr_carea' id='block_1_122' title="bbox 2224 5525 3823 5590">
    <p class='ocr_par' dir='ltr' id='par_1_122' title="bbox 2224 5525 3823 5590">
     <span class='ocr_line' id='line_1_122' title="bbox 2224 5525 3823 5590; baseline -0.004 -9"><span class='ocrx_word' id='word_1_932' title='bbox 2224 5546 2368 5590; x_wconf 85' lang='lat' dir='ltr'><strong>naar,</strong></span> <span class='ocrx_word' id='word_1_933' title='bbox 2391 5540 2444 5582; x_wconf 90' lang='lat' dir='ltr'><strong>et</strong></span> <span class='ocrx_word' id='word_1_934' title='bbox 2477 5533 2738 5582; x_wconf 80' lang='lat' dir='ltr'><strong>:edilicasse</strong></span> <span class='ocrx_word' id='word_1_935' title='bbox 2770 5533 2984 5587; x_wconf 63' lang='lat' dir='ltr'><strong>Niniven,</strong></span> <span class='ocrx_word' id='word_1_936' title='bbox 3006 5538 3122 5589; x_wconf 90' lang='lat' dir='ltr'><strong>etc.,</strong></span> <span class='ocrx_word' id='word_1_937' title='bbox 3143 5529 3219 5578; x_wconf 92' lang='lat' dir='ltr'><strong>cui</strong></span> <span class='ocrx_word' id='word_1_938' title='bbox 3252 5525 3662 5590; x_wconf 77' lang='lat' dir='ltr'><strong>Opinioni__favent</strong></span> <span class='ocrx_word' id='word_1_939' title='bbox 3695 5530 3823 5590; x_wconf 62' lang='lat' dir='ltr'><strong>uix</strong></span> 
     </span>
    </p>
   </div>
   <div class='ocr_carea' id='block_1_123' title="bbox 2224 5585 3826 5702">
    <p class='ocr_par' dir='ltr' id='par_1_123' title="bbox 2224 5585 3826 5702">
     <span class='ocr_line' id='line_1_123' title="bbox 2224 5585 3826 5702; baseline -0.006 -59"><span class='ocrx_word' id='word_1_940' title='bbox 2224 5585 2559 5701; x_wconf 52' lang='lat' dir='ltr'><strong>Iuwr&#39;jiretes,</strong></span> <span class='ocrx_word' id='word_1_941' title='bbox 2596 5591 2727 5641; x_wconf 85' lang='lat' dir='ltr'><strong>favet</strong></span> <span class='ocrx_word' id='word_1_942' title='bbox 2760 5592 2905 5640; x_wconf 82' lang='lat' dir='ltr'><strong>etiam</strong></span> <span class='ocrx_word' id='word_1_943' title='bbox 2927 5585 3151 5702; x_wconf 53' lang='lat' dir='ltr'><strong>vuiﬁau.</strong></span> <span class='ocrx_word' id='word_1_944' title='bbox 3177 5585 3298 5638; x_wconf 78' lang='lat' dir='ltr'><strong>Huic</strong></span> <span class='ocrx_word' id='word_1_945' title='bbox 3317 5599 3437 5650; x_wconf 87' lang='lat' dir='ltr'><strong>ergo</strong></span> <span class='ocrx_word' id='word_1_946' title='bbox 3460 5585 3701 5656; x_wconf 74' lang='lat' dir='ltr'><strong>libentius</strong></span> <span class='ocrx_word' id='word_1_947' title='bbox 3728 5588 3826 5633; x_wconf 72' lang='lat' dir='ltr'><strong>ad-</strong></span> 
     </span>
     <span class='ocr_line' id='line_1_124' title="bbox 2224 5648 3826 5702; baseline -0.004 0"><span class='ocrx_word' id='word_1_948' title='bbox 2224 5656 2351 5702; x_wconf 83' lang='lat' dir='ltr'><strong>stinu</strong></span> <span class='ocrx_word' id='word_1_949' title='bbox 2371 5667 2425 5702; x_wconf 92' lang='lat' dir='ltr'><strong>or</strong></span> <span class='ocrx_word' id='word_1_950' title='bbox 2443 5652 2608 5702; x_wconf 86' lang='lat' dir='ltr'><strong>multis</strong></span> <span class='ocrx_word' id='word_1_951' title='bbox 2620 5654 2684 5701; x_wconf 89' lang='lat' dir='ltr'><strong>de</strong></span> <span class='ocrx_word' id='word_1_952' title='bbox 2697 5656 2872 5702; x_wconf 85' lang='lat' dir='ltr'><strong>causis.</strong></span> <span class='ocrx_word' id='word_1_953' title='bbox 2883 5665 3004 5702; x_wconf 79' lang='lat' dir='ltr'><strong>quas</strong></span> <span class='ocrx_word' id='word_1_954' title='bbox 3061 5654 3105 5701; x_wconf 89' lang='lat' dir='ltr'><strong>ie</strong></span> <span class='ocrx_word' id='word_1_955' title='bbox 3119 5661 3387 5700; x_wconf 85' lang='lat' dir='ltr'><strong>recensere</strong></span> <span class='ocrx_word' id='word_1_956' title='bbox 3411 5648 3646 5702; x_wconf 76' lang='lat' dir='ltr'><strong>longioris</strong></span> <span class='ocrx_word' id='word_1_957' title='bbox 3667 5656 3826 5696; x_wconf 69' lang='lat' dir='ltr'><strong>esset</strong></span> 
     </span>
    </p>
   </div>
   <div class='ocr_carea' id='block_1_124' title="bbox 2223 5648 3832 5716">
    <p class='ocr_par' dir='ltr' id='par_1_124' title="bbox 2223 5648 3832 5716">
     <span class='ocr_line' id='line_1_125' title="bbox 2223 5648 3832 5716; baseline -0.006 -13"><span class='ocrx_word' id='word_1_958' title='bbox 2223 5648 2425 5716; x_wconf 81' lang='lat' dir='ltr'><strong>stipulor</strong></span> <span class='ocrx_word' id='word_1_959' title='bbox 2443 5648 2608 5702; x_wconf 77' lang='lat' dir='ltr'><strong>multis</strong></span> <span class='ocrx_word' id='word_1_960' title='bbox 2620 5654 2684 5701; x_wconf 89' lang='lat' dir='ltr'><strong>de</strong></span> <span class='ocrx_word' id='word_1_961' title='bbox 2697 5656 2872 5711; x_wconf 85' lang='lat' dir='ltr'><strong>causis,</strong></span> <span class='ocrx_word' id='word_1_962' title='bbox 2883 5665 3004 5716; x_wconf 89' lang='lat' dir='ltr'><strong>quas</strong></span> <span class='ocrx_word' id='word_1_963' title='bbox 3027 5648 3105 5702; x_wconf 89' lang='lat' dir='ltr'><strong>hic</strong></span> <span class='ocrx_word' id='word_1_964' title='bbox 3119 5648 3392 5700; x_wconf 84' lang='lat' dir='ltr'><strong>recensere</strong></span> <span class='ocrx_word' id='word_1_965' title='bbox 3402 5648 3646 5716; x_wconf 71' lang='lat' dir='ltr'><strong>longioris</strong></span> <span class='ocrx_word' id='word_1_966' title='bbox 3667 5656 3832 5716; x_wconf 50' lang='lat' dir='ltr'><strong>esset</strong></span> 
     </span>
    </p>
   </div>
   <div class='ocr_carea' id='block_1_125' title="bbox 2227 5711 3834 5778">
    <p class='ocr_par' dir='ltr' id='par_1_125' title="bbox 2227 5711 3834 5778">
     <span class='ocr_line' id='line_1_126' title="bbox 2227 5711 3834 5778; baseline -0.003 -14"><span class='ocrx_word' id='word_1_967' title='bbox 2227 5711 2746 5778; x_wconf 68' lang='lat' dir='ltr'><strong>cperazzquamobrem</strong></span> <span class='ocrx_word' id='word_1_968' title='bbox 2761 5727 2846 5768; x_wconf 79' lang='lat' dir='ltr'><strong>res</strong></span> <span class='ocrx_word' id='word_1_969' title='bbox 2858 5711 2988 5767; x_wconf 80' lang='lat' dir='ltr'><strong>aliud</strong></span> <span class='ocrx_word' id='word_1_970' title='bbox 3009 5727 3060 5767; x_wconf 87' lang='lat' dir='ltr'><strong>ut</strong></span> <span class='ocrx_word' id='word_1_971' title='bbox 3081 5721 3273 5777; x_wconf 83' lang='lat' dir='ltr'><strong>tempus</strong></span> <span class='ocrx_word' id='word_1_972' title='bbox 3293 5711 3566 5763; x_wconf 86' lang='lat' dir='ltr'><strong>remittatur</strong></span> <span class='ocrx_word' id='word_1_973' title='bbox 3589 5712 3834 5770; x_wconf 76' lang='lat' dir='ltr'><strong>oportet.</strong></span> 
     </span>
    </p>
   </div>
  </div>
