4102 6204
221 349 319 406 271

221 466 576 538 πραγμένων.
626 468 749 522 ’Ότι
810 467 918 542 γάρ
965 469 1060 524 καὶ
1101 471 1132 524 ό
1176 472 1304 536 παῖς
1348 471 1558 526 οἴκοθεν
1610 471 1880 543 μοχθηρὸς

220 553 456 625 ὑπῆρχε,
489 557 584 610 καὶ
615 557 664 609 οἱ
711 555 770 622 ἐξ
801 557 1009 612 ἐκείνου
1059 558 1258 621 πάντες
1313 557 1591 629 βδελυκτοὶ
1625 558 1878 627 γεγόνασι

219 642 359 712 πρὸς
397 643 594 696 κακίαν
618 644 1024 711 ἀποκλίναντες,
1048 645 1213 699 ἀκουε
1249 649 1347 717 τῆς
1372 646 1592 718 Γραφῆς
1617 645 1878 716 λεγούσης

219 729 279 783 ἐν
299 729 448 797 τάξει
474 731 748 802 κατάρας·
778 733 840 786 '0
871 733 1066 802 πατήρ
1101 749 1217 788 σου
1245 733 1762 805 [291]Ἁμοῤῥαῖος,
1786 733 1886 787 καὶ

218 816 260 884 ἡ
294 816 494 886 μήτηρ
517 834 634 874 σου
659 821 926 874 Χετταία.
950 821 1059 874 Καὶ
1075 821 1236 874 πάλιν
1259 821 1445 893 ἐτερός
1460 839 1542 885 τις
1567 821 1885 891 ἐνυὸρίζων,

217 905 461 974 Σπέρμα
485 907 726 960 Χαναὰν
749 907 844 961 καὶ
873 909 984 962 οὐκ
1030 909 1232 962 Ἰούδα.
1269 908 1430 962 Ἀλλά
1459 908 1567 979 γὰρ
1595 907 1744 972 ἀξιον
1776 907 1888 961 λοι-

247 992 324 1046 .δν
370 992 600 1048 ἀκοῦσαι
657 994 796 1065 μετά
841 995 941 1066 τὴν
978 995 1314 1066 ἐπιτίμησιν,
1365 997 1432 1067 ἢν
1473 995 1690 1062 ἐδέξατο
1731 997 1887 1065 ό-τὴν

219 1081 500 1152 γύμνωσιν
553 1082 646 1136 τοῦ
692 1083 897 1155 πατρὸς
959 1084 1378 1156 ἐκπομπεύσας,
1425 1084 1589 1138 τίνων·
1611 1083 1886 1150 ἀξιοῦνται

217 1169 328 1222 τῶν
352 1169 594 1240 ἀμοιύῶν
623 1170 669 1222 οί
703 1169 802 1242 τὴν
842 1171 1111 1241 τοσαύτην
1157 1171 1290 1225 αἰδῶ
1327 1171 1419 1225 καὶ
1437 1171 1537 1243 τὴν
1561 1172 1725 1243 τιμὴν
1753 1173 1887 1226 ἀπο-

218 1256 505 1326 νείμαντες
533 1256 612 1327 τῷ
639 1257 824 1328 πατρί.
849 1258 956 1312 Καὶ
983 1255 1134 1323 εἷπε,
1163 1259 1350 1328 φησὶν,
1381 1258 1726 1328 Εὐλογητὸς
1754 1260 1885 1313 Κύ-

213 1359 346 1412 ριος
375 1346 410 1398 ὁ
443 1345 588 1412 Θεὸς
614 1345 721 1400 τοῦ
738 1345 889 1416 Σήμ,
923 1347 1218 1402 καὶ’ἐσται
1250 1347 1492 1401 Χαναὰν
1507 1348 1647 1414 παῖς
1674 1347 1881 1402 αὐτοῦ.

218 1429 408 1496 Τοῦτο,
433 1432 563 1496 ἴσως
591 1433 768 1497 άν-τις
800 1434 964 1497 εἴποι,
999 1435 1101 1490 οὐκ
1151 1434 1266 1489 ἐστι
1290 1436 1381 1488 τὸν
1411 1436 1531 1506 Σὴμ
1571 1435 1880 1504 εὐλογῆσαι.

217 1516 330 1570 Καὶ
361 1518 565 1590 σφόδρα
611 1519 710 1591 μὲν
759 1521 1053 1592 εὐλόγησεν
1101 1522 1286 1579 αὐτόν.
1333 1523 1500 1577 Ὅταν
1528 1522 1637 1594 γάρ
1681 1523 1710 1576 ὁ
1751 1522 1884 1587 Θεὸς

217 1602 623 1675 εὐχαριστεϊται
651 1608 758 1660 καῖ
789 1607 1088 1676 εὐλογεῖται
1134 1610 1234 1663 διὰ·
1253 1608 1362 1663 τῶν
1405 1609 1726 1679 ἀνθρώταυν,
1759 1609 1882 1662 τότε

214 1689 606 1763 δαψιλεστέραν
635 1692 734 1762 τὴν
775 1697 905 1765 παρ’
931 1695 1124 1749 ἐαυτοῦ
1158 1697 1408 1765 εὐλογίαν
1440 1697 1597 1750 εἴωθε
1625 1699 1883 1768 χορηγεῖν

215 1777 467 1843 ἐκείνοις,
500 1778 568 1832 δι’
587 1779 681 1845 οὒς
709 1781 871 1846 αὐτὸς
892 1782 1212 1852 εὐλογεῖται.
1241 1784 1556 1852 Εὐλογήσας
1591 1784 1768 1837 τοίνυν
1791 1783 1881 1838 τὸν

213 1863 370 1928 Θεὸν,
401 1865 683 1938 ὀφειλέτην
721 1868 883 1923 αὐτὸν
904 1869 1208 1940 κατέστησε
1243 1870 1485 1941 μείζονος
1507 1869 1756 1939 εὐλογίας
1786 1869 1882 1923 καὶ

214 1949 388 2014 αἴτιος
412 1952 600 2022 γέγονε
623 1953 700 2025 τῷ
723 1955 846 2026 Σήμ
874 1956 1116 2021 πλείονος
1144 1958 1398 2029 ἀμοιϐῆς,
1422 1954 1490 2029 ἧς
1513 1957 1673 2021 αὐτὸς
1698 1959 1880 2021 αὐτὸν,

215 2038 266 2089 εί
286 2037 352 2090 δι’
386 2039 577 2092 ἐαυτοῦ
597 2041 952 2112 δἐὐλόγησεν.
981 2045 1192 2113 Ὥσπερ
1221 2044 1327 2116 γὰρ
1359 2046 1487 2098 ὅταν
1509 2043 1880 2114 εὐλογῆται·δι’

216 2125 389 2195 ἡμᾶς,
419 2126 622 2197 πολλῆς
656 2130 804 2199 ἡμᾶς
833 2129 975 2196 ἀξιοῖ
1007 2133 1104 2200 τῆς
1133 2132 1262 2200 παρ’
1294 2130 1458 2184 αὐτοῦ
1487 2132 1715 2198 εὐνοίας,
1739 2131 1881 2186 οὕτω

215 2210 378 2264 πάλιν
407 2212 624 2267 ἐπειδάν
647 2214 713 2268 δι’
741 2216 889 2286 ἡμᾶς
904 2216 1080 2288 ἕτεροι
1103 2216 1264 2270 αὐτὸν
1294 2217 1652 2288 βλασφημῷσι
1683 2218 1881 2289 μείζων

215 2297 465 2352 ἐντεῦθεν
517 2301 650 2371 ἡμῖν
681 2301 717 2372 ἦ
765 2302 1092 2373 κατάκρισις
1138 2302 1346 2372 γίνεται
1399 2307 1510 2368 τοῖς
1559 2305 1658 2376 τὴν
1704 2305 1880 2360 αἰτίαν

216 2386 632 2457 παρεχομένοις.
693 2388 1091 2460 Σπουδάζωμεν
1124 2390 1324 2454 τοίνυν,
1368 2391 1687 2468 παρακαλῶ,
1740 2391 1881 2446 οὕτω

218 2469 368 2540 βιοῦν
388 2474 480 2526 καὶ
510 2473 777 2547 τοσαύτην
806 2477 1209 2532 ἐπιδείκνυσθαι
1234 2479 1331 2550 τῆς
1350 2471 1555 2551 ἀρετῆς
1577 2480 1675 2551 τὴν
1699 2480 1882 2533 ἐπίτα-

218 2573 328 2624 σιν,
351 2559 426 2623 ὡς
455 2561 583 2625 τοὺς
603 2563 682 2626 είς
711 2564 856 2634 ἡμᾶς
889 2564 1133 2635 ὁρῶντας
1164 2566 1412 2635 εὐλογίας
1441 2551 1642 2637 ὕμνους
1678 2567 1878 2636 ἀναφέ-

220 2660 334 2714 ρειν
364 2645 441 2716 τῷ
468 2649 711 2722 Δεσπότῃ
736 2649 873 2721 Θεῷ.
907 2652 1163 2706 Βούλεται
1197 2653 1305 2725 γὰρ
1331 2655 1533 2723 ἀγαθὸς
1567 2653 1642 2708 ῶν
1673 2654 1764 2709 καὶ
1794 2673 1880 2724 φι-

215 2731 536 2805 λάνθρωπος
566 2736 884 2803 δοξάζεσθαι
913 2738 981 2792 δι’
1009 2741 1189 2811 ἡμῶν,
1234 2743 1333 2796 οὐκ
1387 2743 1572 2813 ἐπειδὴ
1622 2743 1780 2806 αὐτός
1827 2761 1880 2797 τι

216 2819 621 2892 προσλαμϐάνει
648 2827 727 2888 είς
752 2826 849 2896 τὴν
874 2828 1082 2882 οἰκείαν
1107 2829 1284 2897 δόξαν·
1312 2831 1563 2902 ἀνενδεὴς
1578 2831 1685 2904 γάρ
1708 2833 1876 2884 ἐστιν·

213 2910 330 2964 ἀλλ’
361 2912 447 2966 ἵνα
477 2913 730 2986 ἀφορμὰς
767 2918 1304 2992 αὐτῷ’παράσχωμεν
1325 2922 1418 2976 τοῦ
1464 2923 1707 2988 πλείονος
1732 2926 1879 2996 ἡμᾶς

212 2998 400 3065 ἀξιοῦν
426 3001 524 3072 τῆς
555 3004 880 3075 παρ”αὐτοῦ
918 3007 1153 3071 εὐνοίας.·
1191 3011 1533 3078 Εὐλογητὸς
1587 3013 1802 3078 Κύριος
1845 3015 1878 3066 δ

215 3087 359 3154 Θεὸς
390 3088 495 3144 τοῦ
543 3090 697 3161 Σὴμ,
735 3093 834 3146 καὶ
875 3095 1047 3150 ἔσται
1083 3096 1324 3150 Χαναὰν
1355 3097 1494 3163 παῖς
1523 3094 1697 3166 αὐτῷ.
1717 3099 1877 3170 Ὁρᾷς

213 3174 332 3238 πῶς
367 3177 640 3250 πατρικὴν
661 3179 1027 3236 ἐπιδείκνυται
1047 3181 1146 3254 τὴν
1177 3184 1464 3255 τιμωρίαν,
1499 3188 1877 3258 σωφρονισμὸν

211 3258 599 3335 οὖσαν-μᾶλλον
625 3265 991 3339 ἤτιμωρίανς
1038 3271 1225 3342 Πατὴρ
1259 3273 1368 3343 γὰρ
1397 3269 1487 3344 ἦν,
1535 3275 1631 3328 καὶ
1693 3275 1877 3347 πατὴρ

213 3349 691 3424 φιλύστοργος,καὶ
718 3355 899 3427 οὐτὴν
920 3357 1078 3434 ἀξίαν
1106 3359 1356 3413 ἐϐούλετο
1384 3360 1538 3431 δίκην
1557 3362 1875 3432 ἐπαγαγεῖν,

211 3435 328 3490 ἀλλ’
360 3437 499 3492 ὥστε
519 3440 620 3511 τὴν
646 3443 722 3505 είς
757 3443 825 3495 τὸ¹
841 3445 1030 3514 πρόσω
1058 3446 1256 3499 κακίαν
1289 3447 1540 3516 ἐγκόψαι.
1578 3450 1674 3503 Διά
1698 3449 1874 3515 τοῦτο,

212 3524 368 3595 φησὶ,
391 3525 604 3597 δουλείᾳ
637 3544 697 3580 σε
721 3529 1089 3596 καταδικάζω,
1127 3531 1214 3584 ἵνα
1240 3532 1464 3603 διηνεκῆ
1490 3535 1582 3587 καὶ
1603 3535 1878 3600 ἀνεξάλει-

213 3629 344 3666 πτον
374 3613 504 3684 ἔχῃς
527 3615 626 3688 τὴν
655 3616 980 3688 ὑπόμνησιν.
1007 3613 1142 3672 Εἶτά
1168 3635 1321 3690 φησι·
1349 3622 1652 3676 [Mame
1673 3627 1706 3677 ό
1735 3625 1878 3692 Θεὸς

213 3699 295 3765 τῷ
337 3700 542 3769 Ὶάφεθ,
575 3702 675 3756 καί
703 3704 1110 3772 κατοικησάτω
1145 3707 1217 3759 ἐν
1244 3707 1367 3773 τοῖς
1393 3709 1743 3779 σκηνώμασι
1771 3714 1878 3766 τοῦ

212 3786 366 3874 Σὴμ,
423 3789 522 3843 καὶ
575 3789 878 3859 γενηθήτω
935 3795 1177 3848 Χαναὰν
1212 3795 1355 3860 παῖς
1381 3797 1592 3854 αὑτοῦ.
1630 3801 1876 3874 Μεγίστη

213 3873 378 3928 πάλιν
428 3874 566 3947 αῦτη
597 3878 632 3947 ἡ
679 3878 917 3947 εὐλογία,
947 3881 1090 3951 τάχα
1123 3883 1244 3935 τινὰ
1279 3885 1652 3956 κεκρυμμένον
1681 3873 1879 3958 ἔχουσα

215 3961 506 4034 θησαυρόν.
538 3965 843 4018 Πλατύναι
895 3965 1025 4036 γὰρ,
1075 3969 1259 4039 φησὶν,
1290 3973 1324 4023 ὀ
1366 3971 1510 4038 Θεὸς
1549 3973 1630 4038 τῷ
1656 3975 1873 4044 Ἰάειρεῶ

215 4050 329 4103 Οὐκ
355 4051 420 4104 ἄν
447 4067 530 4114 τις
549 4052 784 4124 ἀμάρτοι
814 4053 982 4109 είπῶν
999 4057 1331 4127 προφητείαν
1351 4053 1492 4113 εἶναι
1518 4061 1882 4131 τὰςεύλογίας,

209 4136 306 4191 τοῦ
330 4137 558 4194 δικαίου.
575 4138 638 4192 El
649 4140 757 4212 γὰρ
771 4143 798 4195 ό
817 4141 996 4214 πατὴρ
1010 4143 1174 4196 αὐτοῦ
1191 4144 1290 4216 οὐχ
1305 4146 1489 4212 ἀπλῶς
1500 4149 1618 4202 οὐδέ
1634 4149 1756 4221 είκῆ
1768 4150 1873 4221 1'}wa

209 4226 581 4298 προσηγορίαν
605 4227 755 4298 αὐτῷ
792 4229 1082 4300 ἐπέθηκεν,
1113 4232 1250 4286 ἀλλὰ
1287 4237 1642 4306 προφητεύων
1671 4237 1758 4293 διὰ
1780 4240 1886 4292 τοῦ.

207 4312 470 4384 ὀνόματος
497 4315 563 4396 τδ
584 4315 775 4387 μέλλον
805 4316 1024 4372 ἔσεσθαι
1057 4319 1364 4374 κλυδώνιον·
1401 4322 1579 4394 πολλῷ
1620 4325 1820 4396 μᾶλλον
1845 4330 1876 4382 ό

207 4401 415 4466 δίκαιος
460 4395 617 4468 0610;
656 4405 760 4458 οὐκ
807 4405 874 4459 ἂν
908 4405 1094 4470 άπλῶς
1141 4408 1262 4461 οὐδὲ
1288 4409 1466 4478 μάτην
1498 4412 1594 4473 τάς
1623 4395 1874 4484 εὐλογίας

209 4485 522 4557 ἐποιήσατο.
564 4489 663 4542 Διὰ
686 4489 794 4560 γὰρ
815 4489 928 4544 τῶν
963 4491 1226 4559 εὐλογιῶν
1252 4493 1476 4557 τούτων,
1507 4495 1598 4550 τοῦ
1627 4497 1746 4568 Σὴμ
1779 4501 1874 4555 καὶ

207 4572 300 4626 τοῦ
343 4573 540 4644 Ἰάφεθ,
567 4576 677 4629 τῶν
704 4577 796 4630 δύο
829 4577 974 4631 λαῶν
1008 4579 1334 4634 αἰνίττεσθαι
1370 4582 1532 4636 αὐτὸν
1575 4579 1726 4655 οἴμαι
1773 4586 1872 4657 τὴν

208 4659 418 4731 κλῆσιν·
446 4663 541 4714 καὶ
569 4662 663 4716 διὰ⁴
695 4663 795 4734 μὲν
828 4664 918 4717 τοῦ
957 4664 1095 4735 Σὴμ,
1122 4667 1248 4731 τοὺς
1301 4668 1608 4734 Ἰουδαίους·
1639 4671 1695 4738 ἐξ
1725 4673 1870 4726 ἐκεί-

205 4763 297 4800 νου
329 4746 437 4817 γὰρ
469 4749 503 4800 δ’
547 4750 890 4820 πατριάρχης
946 4752 1214 4823 Ἀδραάμ,
1254 4754 1349 4808 καὶ
1369 4755 1428 4808 τὸ
1460 4755 1566 4808 τῶν
1607 4758 1871 4814 Ἰουδαίων

207 4832 497 4886 ἐπιδέδωκε
519 4834 691 4902 γένος·
720 4837 809 4890 διὰ
845 4839 901 4892 δέ
930 4839 1022 4892 τοῦ
1051 4840 1250 4910 Ἰάφεθ,
1279 4841 1378 4913 τὴν
1407 4843 1514 4895 τῶν
1540 4843 1708 4898 ἐθνῶν
1741 4845 1871 4917 κλῆ-

209 4935 309 4973 σιν.
349 4921 492 4992 Ὅρα
519 4920 627 4992 γὰρ
651 4925 745 4977 καὶ
786 4925 989 4996 ταύτην
1032 4929 1129 5000 τὴν
1162 4931 1411 4998 εὖλογίαν
1451 4930 1609 4984 τοῦτο
1657 4949 1870 5003 προμη-

208 5006 458 5062 νύουσαν.
490 5011 794 5065 Πλατὺναι
819 5013 945 5084 γὰρ,
974 5017 1157 5086 φησὶν,
1185 5020 1218 5070 ὀ
1249 5017 1392 5083 Θεὸς
1408 5019 1487 5084 τῷ
1521 5018 1737 5088 Ἰάφεθ,
1769 5019 1869 5074 καὶ

208 5095 619 5163 κατοικησὰτω
647 5097 716 5150 ἐν
743 5099 866 5166 τοῖς
890 5102 1246 5172 σκηνώμασι
1271 5105 1378 5158 τοῦ
1404 5105 1550 5174 Σήμ.
1581 5105 1751 5159 Τοῦτο
1777 5107 1870 5160 ἐπὶ

207 5180 315 5233 τῶν
346 5179 513 5234 ἐθνῶν
541 5184 618 5246 είς
640 5183 799 5255 ἔργον
821 5188 1116 5260 ἐκϐεϐηκὸς
1142 5189 1376 5260 δρῶμεν.
1401 5191 1500 5244 Διά
1520 5193 1619 5262 μὲν
1649 5193 1762 5265 γὰρ.
1775 5193 1868 5247 τοῦ
1947 5233 1950 5237 ~

208 5268 256 5320 τί
266 5267 401 5332 πεῖν,
424 5269 748 5332 [Matth-at,
765 5271 974 5344 τάἐθνη
986 5275 1160 5329 πάντα
1175 5276 1414 5348 ᾐνίξατο·
1431 5277 1521 5332 διὰ
1536 5279 1596 5334 δὲ
1609 5279 1702 5334 τοῦ
1716 5280 1867 5355 [292]

209 5357 399 5441 είπεῖν,
434 5358 856 5425 Κατοικησὰτω
902 5361 973 5415 ἐν
1017 5364 1142 5429 τοῖς
1171 5366 1531 5437 σκηνώμασι
1580 5370 1686 5424 τοῦ
1716 5370 1864 5441 Σὴμ,

206 5440 286 5494 δτι
308 5441 415 5496 τῶν
438 5444 556 5507 τοῖς
585 5445 857 5511 Ἰουδαίοις
879 5449 1338 5518 εὐτρεπισθέντων
1385 5456 1480 5508 καὶ
1518 5457 1743 5522 ἐκείνοις
1765 5440 1870 5512 πα-

210 5530 684 5616 ρασκευασθέντων
712 5533 780 5588 τά
803 5534 930 5605 ἔθνη
951 5537 1048 5606 τὴν
1085 5540 1379 5596 ἀπόλαυσιν
1400 5543 1673 5614 ἐσχε.Καί
1691 5563 1866 5616 γενη-

208 5615 360 5686 θήτω
395 5619 635 5674 Χαναὰν
665 5622 805 5688 παῖς
829 5624 1036 5680 αὐτοῦ.

277 5704 342 5774 η’.
369 5703 520 5772 Εἶδες
549 5710 666 5774 οἵας
693 5710 884 5767 ἔλαϐον
911 5713 1006 5766 καὶ
1033 5705 1174 5768 οὗτοι
1200 5716 1299 5786 τῆς
1329 5720 1735 5795 εὐγνωμοσύνης
1771 5725 1864 5790 τὰς

271 5894 296 5924 ⁸
324 5896 530 5948 ΞακίΜη
550 5911 702 5957 marg.
731 5904 852 5962 conj.
878 5900 934 5961 ἧς
956 5901 995 5949 εί
1017 5900 1155 5958 αὐτὸς
1174 5901 1313 5951 αὐτὸν
1335 5905 1392 5952 δι’
1414 5905 1598 5955 ἑαυτοῦ.

1355 353 1424 410 IN
1457 354 1609 412 CAP.
1645 353 1716 409 IX
1755 351 2000 412 GENES.
2042 353 2272 413 HOMIL.
2313 352 2507 412 XXIX.

3549 347 3658 402 272

1987 472 2242 542 ἀμοιϐάς,
2282 470 2580 540 καὶ-πόσην
2609 453 2813 533 ἐκεῖνος
2850 467 2938 524 διὰ
2963 467 3062 540 τῆς
3107 465 3435 540 προπετείας
3455 464 3650 520 ἐαυτοῦ

1993 560 2351 613 κατεσκέδασε
2368 558 2466 626 τὴν
2494 557 2739 628 ἀτιμίαν.
2783 555 2968 610 Ταῦτα
3001 555 3265 626 διηνεκῶς
3291 554 3502 625 ἔχωμεν
3534 554 3656 606 ἐπιτ

1991 646 2444 719 γεγραμμένα-τῇ
2462 643 2670 716 διανοίᾳ
2698 646 2764 715 τῇ
2786 645 3053 714 ἡμετέρᾳ,
3096 643 3185 698 ἵνα
3210 643 3318 696 τῶν
3351 641 3449 711 μὲν
3485 656 3656 710 μιμησ-

1988 735 2079 788 ταὶ
2103 735 2196 788 καὶ
2234 734 2471 805 ζηλωταὶ
2519 732 2769 802 γενέσθαι
2810 731 3145 803 δυνηθῶμεν,
3175 731 3269 784 τοῦ
3293 730 3350 784 δέ
3393 729 3656 800 φύγωμεν

1987 821 2050 874 τὸ
2084 822 2356 893 μοχθηρὸν
2379 824 2477 892 τῆς
2495 819 2738 892 γνώμης,
2767 819 2862 873 καὶ
2885 819 2982 889 τῆς
3004 817 3337 889 προπετείας
3360 815 3460 888 τὴν
3493 817 3656 888 ὑπερ-

1988 909 2172 981 ϐολήν.
2193 909 2316 963 ⁴Καὶ
2339 909 2535 976 ἔζησε,
2575 909 2729 980 φησὶ,
2756 906 2884 962 Νῶε
2905 905 3056 977 μετὰ
3086 905 3195 959 τὸν
3219 904 3655 974 κατακλυσμὸν

1987 999 2092 1067 ἐτη
2123 1000 2431 1068 τριακόσια
2474 997 2868 1064 πεντήκοντα·
2923 997 3020 1050 καί
3053 993 3333 1064 ἐγένοντο
3361 994 3551 1050 πᾶσαι
3594 999 3654 1050 αι

1988 1087 2198 1156 ἡμέραι
2221 1085 2347 1140 Νῶε
2376 1086 2703 1140 ἐννακόσια
2716 1084 3094 1153 πεντήκοντα
3106 1083 3231 1151 ἐτη,
3247 1082 3346 1137 καί
3369 1082 3649 1137 ἀπέθανε.

1987 1171 2080 1243 Μὴ
2116 1172 2344 1243 νομίσῃς
2384 1172 2441 1226 δέ
2472 1170 2631 1226 τοῦτο
2675 1171 2861 1236 ἁπλῶς
2907 1169 3323 1240 ἐκσημήνασθαι
3369 1168 3469 1240 τὴν
3502 1167 3652 1222 θείαν

1986 1260 2231 1330 Γραφὴν,
2263 1260 2379 1314 ἀλλ’
2404 1261 2506 1331 ὅρα
2533 1259 2630 1313 καὶ
2676 1257 2925 1313 ἐντεῦθεν
2963 1256 3060 1311 τοῦ
3100 1256 3308 1312 δικαίου
3327 1256 3428 1328 τὴν
3457 1256 3653 1327 ἐγκρά-

1985 1364 2136 1401 τειαν
2166 1349 2248 1400 ὅτι
2284 1345 2406 1400 οὔτε
2436 1347 2619 1410 ἀδείας
2655 1345 2749 1400 καὶ
2781 1344 3015 1408 ἀνέσεως
3044 1343 3375 1408 ἀπολαύσας,
3397 1343 3494 1398 καὶ
3527 1360 3650 1397 τοσ-

1986 1434 2142 1488 οῦτον
2167 1435 2400 1506 ἀριθμὸν
2431 1433 2566 1489 ἐτῶν
2594 1434 2879 1506 ἐπιζήσας,
2916 1433 3056 1505 μετά
3084 1433 3183 1504 τὴν
3215 1433 3324 1487 ἀπὺ
3357 1433 3456 1503 τῆς
3487 1431 3653 1486 κιϐω-

1985 1520 2080 1574 τοῦ
2127 1521 2337 1588 ἔξοδον,
2392 1519 2740 1583 παιδοποιίας
2791 1521 3050 1590 ἠνέσχετο
3097 1518 3302 1573 λοιπόν.
3352 1518 3494 1572 υύδέ·
3543 1518 3655 1591 γάρ

1986 1608 2390 1680 ἐμνημόνευσεν
2438 1608 2472 1678 ἠ
2506 1606 2831 1676 Γραφὴ,-ὃτι
2859 1605 3228 1678 ἐτέρουςιέσχε-
3265 1604 3485 1670 παῖδας,
3515 1605 3657 1675 πλὴν

1983 1694 2189 1748 τούτων
2239 1694 2349 1748 τῶν
2387 1693 2576 1767 τριῶιη
2615 1693 2895 1748 Ἐντεῦθεν
2938 1693 3098 1748 πάλιν
3145 1692 3482 1762 λογίζου-τοῦ
3505 1692 3654 1762 ιΧάμ

1984 1783 2084 1852 τὴν
2112 1781 2313 1853 πολλὴν
2341 1781 2544 1853 ταύτην
2576 1780 2890 1844 ἀκολασίαν,
2917 1781 2999 1834 ὅτι
3018 1779 3142 1834 οὐτε
3161 1780 3252 1834 τὸν
3285 1779 3495 1850 πατέρα
3513 1779 3658 1851 ὀρῶν

1981 1869 2252 1940 τοσαύτην
2277 1868 2716 1940 ἐπιδεικνύμενον
2741 1868 3067 1940 ἐγκράτειαν
3102 1868 3517 1940 ἐσωφρονίζετο,
3539 1867 3656 1920 ἀλλ’

1982 1957 2077 2011 ἀπ’
2109 1957 2354 2020 ἐναντίας
2401 1956 2478 2027 τῷ
2509 1955 2860 2027 γεγεννηκότι
2896 1955 3112 2010 ἅπαντα
3143 1955 3514 2027 διεπράττετο.
3564 1953 3683 2006 Διὸ·

1983 2043 2326 2106 καὶέίκότως
2357 2043 2500 2095 ἅπαν
2525 2042 2587 2094 τδ
2617 2041 2677 2106 ἐξ
2701 2040 2874 2094 αὐτοῦ
2905 2041 3060 2109 γένος
3090 2044 3156 2112 τῇ
3189 2041 3403 2112 δουλεία
3439 2040 3655 2094 κατεδιὶ

1983 2128 2201 2193 κάζετο,
2224 2128 2311 2182 ἴνα
2333 2127 2548 2198 χαλινὸν
2575 2126 2670 2198 ἔχῃ
2693 2127 2790 2198 τῆς
2812 2126 3095 2198 μοχθηρᾶς
3115 2127 3504 2199 προαιρέσεως.
3523 2123 3656 2182 Εἶτα

1983 2215 2230 2269 ἐντεῦθεν
2247 2215 2583 2286 διηγουμένη
2615 2217 2648 2285 ἡ
2684 2215 2802 2268 θεία
2837 2214 3026 2287 Γραφὴ
3050 2216 3178 2279 τοὺς
3201 2215 3265 2269 ἐκ
3306 2215 3412 2270 τῶν
3445 2217 3653 2270 παίδων

1980 2301 2291 2371 τεχθέντας,
2312 2303 2465 2374 φησί·
2485 2302 2612 2372 Χὰμ
2639 2302 2705 2355 δὲ
2725 2301 3016 2372 ἐγέννησε
3041 2302 3147 2356 τὸν
3173 2304 3344 2370 Χούς·
3365 2304 3458 2356 καὶ
3471 2303 3652 2357 πάλιν·

1981 2387 2137 2455 Χοὺς
2164 2387 2231 2441 δὲ
2245 2389 2536 2458 ἐγέννησε
2560 2389 2668 2443 τὸν
2709 2387 2959 2459 Νεόρώδ.
3027 2385 3216 2458 Οὗτος
3242 2390 3464 2460 ἤρξατο
3500 2386 3652 2446 εἶναι

1981 2476 2150 2546 γίγας
2177 2476 2273 2528 ἐπὶ
2303 2475 2413 2544 τῆς
2461 2477 2591 2546 γῆς.
2635 2472 2825 2544 Οὗτος
2869 2473 2948 2548 ἦν
2975 2477 3156 2548 γίγας
3183 2478 3446 2548 κυνηγὸς
3474 2479 3651 2533 ἐναν-

1981 2564 2112 2616 τίον
2142 2565 2384 2632 Kvplov.
2429 2564 2540 2619 Καί
2589 2581 2736 2629 τινες
2787 2565 2885 2638 μέν
2928 2583 3060 2636 φασι
3097 2565 3159 2619 τὸ
3191 2566 3502 2621 Ἐναντίον
3540 2569 3655 2620 Κυ-

1972 2659 2132 2728 ρίου,
2183 2661 2303 2713 ἀντὶ
2360 2660 2453 2715 τοῦ
2507 2660 2914 2732 ἐναντιούμενος
2957 2661 3036 2733 τῷ
3090 2660 3232 2733 Θεῷ·
3292 2661 3402 2730 ἐγὼ
3454 2661 3509 2715 δέ
3555 2661 3653 2731 οὐχ

1980 2754 2220 2825 ἠγοῦμαι
2271 2754 2428 2808 τοῦτο
2495 2756 2823 2810 αἰνίττεσθαι
2866 2757 2966 2828 τὴν
3023 2756 3174 2810 θείαν
3237 2755 3482 2828 Γραφὴν,
3534 2756 3651 2809 ἀλλ’

1979 2849 2060 2902 ὅτι
2084 2851 2298 2920 ίσχυρός
2314 2869 2396 2914 τις
2415 2846 2480 2922 ἦν
2509 2851 2603 2905 καὶ
2636 2852 2904 2923 ἀνδρεῖος.
2929 2851 3003 2905 Τὸ
3023 2851 3079 2904 δὲ
3107 2851 3396 2907 ἀπέναντι
3433 2851 3654 2920 Κυρίου

1979 2945 2086 2999 τοῦ
2124 2944 2295 3010 Θεοῦ,
2325 2946 2446 3000 ἀντὶ
2491 2947 2609 3012 106,
2641 2947 2733 3000 ὐπ’
2781 2946 2946 3000 αὐτοῦ
2997 2947 3322 3018 παραχθεὶς,
3370 2945 3661 3000 ὑπἀὐτοῦ

1979 3039 2268 3110 δεξάμενος
2321 3039 2414 3094 106
2457 3040 2591 3094 Θεοῦ
2651 3041 2750 3111 τὴν
2801 3041 3049 3110 εὐλογίαν
3087 3041 3137 3106 ι),
3169 3041 3322 3112 ἥ’ὄτι
3354 3040 3588 3112 ἤμελλεν
3624 3043 3656 3095 δ

1979 3135 2111 3198 Θεὸς
2131 3135 2200 3188 δι’
2221 3135 2385 3190 αὐτοῦ
2416 3135 2811 3207 θαυμάζεσθαι,
2836 3137 2911 3201 ὼς
2929 3135 3170 3190 τοιοῦτον
3192 3133 3529 3208 παραγαγὼν
3559 3137 3653 3189 καὶ

1978 3231 2156 3298 δείξας
2194 3232 2303 3286 ἐπὶ·
2326 3233 2424 3303 τῆς
2458 3234 2580 3304 γῆς.
2620 3233 2779 3286 Ἀλλά
2822 3233 2916 3288 καὶ
2947 3226 3100 3297 0610;
3126 3233 3289 3288 πάλιν
3321 3232 3655 3304 μιμούμενος

1977 3328 2067 3382 τὸν
2095 3329 2378 3402 πρόγονον,
2415 3330 2509 3382 καὶ
2539 3329 2638 3380 οὐκ
2665 3330 2744 3392 είς
2768 3328 2885 3383 δέον
2919 3329 3258 3401 χρησάμενος
3288 3329 3402 3391 τοῖς
3427 3327 3525 3397 τῆς
3554 3325 3654 3395 φύ-

1981 3442 2118 3488 σεως
2143 3425 2577 3496 προτερήμασιν,
2613 3425 2798 3495 ἕτερον
2820 3425 3060 3488 δουλείας
3089 3424 3284 3494 ἐφεῦρε
3315 3422 3533 3493 τρόπον,
3559 3420 3652 3474 καὶ

1977 3520 2160 3590 ἄρχων
2189 3520 2282 3572 καὶ
2309 3518 2559 3588 βασιλεὺς
2586 3518 2835 3587 γενέσθαι
2869 3520 3213 3591 ἐπεχείρησε.
3248 3517 3510 3580 Βασιλεὺς
3539 3516 3651 3587 γάρ

1977 3616 2078 3668 οὐκ
2114 3615 2181 3669 ἂν
2213 3613 2424 3682 γένοιτό
2453 3631 2583 3666 ποτε
2609 3613 2682 3685 μὴ
2713 3614 2880 3667 ὄντων
2908 3615 3016 3668 τῶν
3044 3614 3382 3686 ἀρχομένων.
3410 3612 3557 3683 Λύτη
3594 3612 3652 3666 δέ

1977 3711 2124 3765 δοκεῖ
2138 3712 2249 3782 ’μὲν
2274 3710 2472 3782 μᾶλλον
2497 3709 2777 3780 ἐλευθερία
2806 3707 2942 3764 εἶναι
2966 3726 2978 3739 ·
3013 3710 3226 3765 δουλεία
3253 3710 3310 3764 δέ
3338 3710 3460 3763 ’ἐστι
3495 3707 3654 3780 χαλε·-

1977 3808 2200 3877 πωτάτη
2239 3807 2297 3860 ἐν
2340 3805 2648 3878 ἐλευθερίας
2689 3805 2862 3874 τάξει,
2904 3806 3022 3878 ὅσῳ»
3059 3806 3154 3860 καῖ
3198 3805 3306 3860 τῶν
3351 3805 3652 3876 ἐλευθέρων

1978 3905 2191 3975 κρατεῖ.
2228 3902 2337 3955 Καὶ
2357 3902 2460 3972 ὅρα
2483 3902 2582 3973 τὴν
2611 3901 2941 3968 πλεονεξίαν,
2973 3903 3072 3956 ὅσα
3101 3903 3264 3955 ποιεῖ·
3301 3902 3403 3972 δρα
3425 3898 3518 3954 τοῦ
3546 3899 3652 3953 σώ-

1979 4015 2147 4070 ματος
2170 3996 2266 4069 τὴν
2290 3998 2442 4068 ίσχῦν
2469 3997 2530 4050 οὐ
2565 3999 2833 4068 μένουσαν
2857 3999 2950 4053 ἐπὶ
2978 3997 3086 4051 τῶν
3107 3998 3320 4051 οἰκείων
3340 3998 3503 4069 ὅρων,
3532 3995 3647 4049 ἀλλ’

1974 4095 2061 4148 ἀεὶ
2085 4092 2178 4147 τοῦ
2218 4093 2457 4156 πλείονος
2480 4093 2790 4164 ἐφιεμένην,
2819 4094 3028 4165 καὶτῆς
3056 4093 3214 4164 δόξης
3237 4093 3571 4164 ὀρεγομένην
3595 4103 3642 4146 ι’.

1975 4189 2051 4243 Οὐ
2075 4188 2182 4260 γὰρ
2203 4189 2278 4252 ὥς
2303 4188 2694 4258 προϊστάμενος
2717 4187 2915 4255 αὐτῶν,
2939 4190 3257 4255 ύπέταττεν,
3282 4188 3416 4242 ἀλλά
3436 4189 3529 4242 καὶ
3553 4188 3650 4242 πό-

1973 4285 2086 4347 λεις
2111 4283 2397 4356 ᾠκοδόμει,
2436 4284 2522 4337 ἵνα
2552 4283 2692 4356 ἄρχῃ
2731 4285 2840 4337 τῶν
2879 4284 3174 4356 πολεμίων.
3227 4283 3487 4339 Ἐκεῖθεν
3514 4283 3647 4354 γὰρ,

1974 4379 2160 4450 φησὶν,
2200 4378 2268 4431 ἐκ
2315 4377 2426 4446 τῆς
2470 4376 2580 4446 γῆς
2609 4379 2848 4447 ἐκείνης
2885 4379 3144 4448 ἐξῆλθεν
3175 4383 3208 4434 ό
3243 4379 3520 4447 Ἀσσοὺρ,
3550 4375 3649 4433 και

1971 4472 2319 4542 ᾠκοδόμησε
2340 4471 2456 4540 τὴν
2478 4473 2703 4530 Νινευι.
2733 4474 2930 4528 Σκόπει
2962 4491 3050 4546 μοι
3071 4474 3231 4528 πάλιν
3253 4472 3505 4536 ἐνταῦθα,
3531 4472 3672 4537 πῶς.-

1972 4569 2120 4622 οὐδὲν
2154 4568 2471 4640 λυμαίνεται
2503 4568 2602 4640 τὴν
2636 4571 2910 4642 ἡμετέραν
2939 4570 3153 4642 φύσινῆ
3188 4570 3355 4625 κακία
3378 4569 3487 4622 τῶν
3516 4585 3650 4640 προ-

1971 4664 2162 4734 γόνων.
2195 4657 2352 4718 Οὗτοι
2369 4665 2476 4735 γὰρ
2496 4665 2546 4717 οἱ
2570 4664 2864 4730 Νινευῖται,
2892 4667 2942 4718 οί
2962 4666 3060 4736 τὴν
3082 4665 3174 4718 τοῦ
3198 4663 3333 4718 Θεοῦ
3354 4662 3651 4735 φιλανθρων

1973 4761 2102 4814 πίαν
2123 4757 2271 4831 [295]
2288 4759 2376 4813 διὰ
2390 4760 2488 4830 τῆς
2509 4760 2798 4830 μετανοίας
2814 4761 3266 4832 ἐπισπασάμενοι,
3289 4759 3500 4830 καὶτὴν
3521 4759 3651 4815 ἀπόὲ

1972 4874 2134 4927 φασιν
2153 4855 2243 4911 τοῦ
2265 4855 2533 4908 Δεσπότου
2563 4855 3046 4926 ἀνακαλεσάμενοι,
3081 4851 3225 4910 οὗτοι
3263 4856 3360 4926 μὲν
3385 4855 3660 4928 πρότερον⁴

1971 4951 2128 5021 ἔσχον
2155 4949 2476 5022 προπάτορα
2505 4949 2597 5003 τὸν
2633 4948 2784 5020 Χάμ,
2819 4949 2909 5003 τὸν
2939 4949 3270 5022 πατραλοίαν
3299 4952 3525 5004 ἐκεῖνον·
3551 4949 3647 5004 ἐπι

1972 5063 2088 5099 ειτα
2118 5045 2207 5098 τὸν
2239 5044 2483 5116 Νεόρὼδ,
2507 5046 2792 5117 ἄνθρωπον
2818 5045 3078 5117 τύραννον
3105 5048 3199 5101 καὶ
3228 5046 3458 5117 αὐθάδη,
3483 5046 3644 5114 ἐγγο⁴

1971 5159 2060 5196 νον
2113 5140 2383 5212 ἐσχηκότα
2425 5140 2515 5197 τὸν
2549 5143 2798 5214 ’Λσσούρ.
2822 5142 3084 5212 Λέγονται
3109 5142 3164 5196 δέ
3195 5143 3324 5205 ἴσως
3350 5141 3442 5195 καὶ
3467 5140 3642 5213 ἕτεροι

1970 5237 2294 5309 γεγενῆσθαι
2322 5239 2380 5290 ἐν
2403 5238 2586 5302 αὐτοῖς
2613 5237 2809 5308 βλᾶκες
2829 5239 2922 5293 καὶ
2943 5237 3413 5312 διατεθρυμμένοι,
3433 5236 3527 5290 καὶ
3550 5237 3654 5290 10w

1971 5335 2138 5406 ὑγρὸν
2172 5334 2266 5389 καὶ
2299 5334 2617 5408 διαρῤέοντα
2639 5335 2839 5400 ζῶντες
2862 5336 2993 5406 βίον,
3029 5337 3166 5408 μέθῃ
3200 5337 3290 5389 καὶ
3321 5334 3514 5403 γέλωτι
3545 5333 3641 5387 καὶ

1970 5431 2177 5504 κώμοις
2207 5432 2298 5486 καὶ
2326 5432 2635 5503 χλευασίαις
2664 5432 2887 5494 ἐαυτοὺς
2907 5431 3282 5495 ἐκδεδωκότεςε
3311 5429 3425 5484 ἀλλ’
3455 5427 3651 5500 ἐπειδὴ·

1967 5528 2344 5599 ἠϐουλήθησαν
2371 5527 2571 5598 ἀκριεῆ
2600 5526 2695 5596 τὴν
2736 5525 3024 5596 μετάνοιαν
3056 5525 3446 5590 ἐπιδείξασθαι.
3485 5523 3637 5577 οὐδὲν

1967 5623 2164 5686 αὐτοὺς
2197 5623 2497 5693 ἐλυμήνατο
2518 5621 2625 5674 τῶν
2648 5621 2925 5692 προγόνων
2945 5623 2977 5692 ἡ
3004 5622 3188 5688 κακία,
3213 5621 3349 5676 ἀλλά
3370 5617 3636 5691 τοσαύτην

2032 5782 2059 5850 If
2085 5785 2206 5850 [res
2232 5797 2344 5830 mss.
2372 5783 2745 5850 τήνανοιλογίαν.
2773 5784 3006 5850 agquqita
3031 5781 3153 5841 legit
3179 5784 3440 5850 inlAerpg-os;

1967 5849 2051 5957 in:
2075 5847 2293 5902 Qualuor
2321 5859 2434 5895 mss.
2463 5841 2743 5906 ὀρεγομένην
2767 5841 2850 5901 τήν
2877 5843 3027 5908 φύσιν,
3067 5850 3213 5906 alque
3237 5841 3319 5894 ila'
3342 5841 3466 5906 legit
3492 5841 3632 5888 vetus

2043 5919 2230 5969 crprcs.
