4102 6204
460 332 569 391 273

466 442 829 517 ἐφελκύσαντο
846 445 946 518 τὴν
970 442 1174 500 ἀνωθεν
1193 445 1388 516 ῥοπὴν.
1407 443 1483 507 ὡς
1505 442 1665 515 μέχρι
1683 436 1781 493 τοῦ
1801 437 1894 495 νῦν
1914 432 2134 509 ᾄδεσθαι

467 542 646 595 αὐτῶν
674 541 735 595 τὸ
760 541 858 612 τῆς
895 538 1182 612 μετανοίας
1216 539 1567 612 κατόρθωμα.

532 629 766 693 Τούτους
790 629 971 682 τοίνυν
1008 628 1102 682 καὶ
1137 628 1299 699 ἡμεῖς
1329 623 1719 699 μιμησὼμεθα,
1753 622 1849 675 καὶ
1880 617 2138 689 μαθόντες

467 723 539 789 ὥς
581 723 704 779 οὔτε
751 726 920 780 κακία
963 727 1243 797 προγόνων
1269 725 1417 796 ἡμᾶς
1443 721 1783 795 λυμαίνεται,
1824 717 1920 771 ἐὰν
1947 716 2139 786 νήφειν

466 821 805 894 βουλώμεθα,
832 823 955 877 οὔτε
981 823 1150 895 ἀρετὴ
1171 821 1455 895 προγόνων
1487 818 1762 890 ὠφελῆσαι
1787 815 1935 887 ἡμᾶς
1963 831 2018 867 τι
2044 812 2138 865 δύο

469 937 648 980 ναται,
683 919 780 973 ἐὰν
818 918 1169 993 ρᾳθυμῶμεν,
1205 916 1406 991 πολλὴν
1443 913 1678 986 σπουδὴν
1717 910 2001 983 ποιώμεθα
2043 909 2139 978 τῆς

463 1015 671 1086 ἀρετῆς
693 1015 1036 1087 ἀντέχεσθαι,
1057 1017 1152 1071 καὶ
1174 1013 1490 1085 εὐγνώμονα
1519 1011 1835 1083 προαίρεσιν
1863 1002 2142 1070 ἐπιδειξώ-

469 1106 632 1175 μεθα,
683 1108 769 1164 ἵνα
808 1110 908 1181 τῆς
943 1109 1115 1181 αὐτῆς
1150 1108 1400 1178 εὐλογίας
1438 1104 1518 1179 τῷ
1557 1104 1675 1175 Σὴμ
1708 1102 1803 1157 καὶ
1839 1098 1917 1171 τῷ
1960 1096 2139 1168 ’Ῐάφεθ

468 1201 882 1276 ἀπολαύσωμεν,
922 1203 1016 1259 καὶ
1044 1204 1145 1274 τῆς
1173 1203 1417 1274 κατάρας
1460 1199 1557 1255 καὶ
1598 1198 1697 1267 τῆς
1720 1194 1980 1259 δουλείας,
2007 1193 2076 1265 ἢν
2112 1191 2141 1245 δ

468 1296 686 1351 Χαναὰν
725 1297 960 1365 ἐδέξατο,
991 1297 1462 1371 ἐλευθερωθῶμεν,
1485 1295 1579 1350 καὶ
1608 1293 1682 1366 μὴ
1710 1290 1992 1363 γενώμεθα
2019 1286 2140 1343 δοῦο

469 1396 550 1449 λοι
565 1394 667 1466 τῆς
686 1396 980 1468 ἁμαρτίας,
997 1397 1132 1453 ἀλλά
1151 1396 1250 1469 τὴν
1264 1395 1437 1469 ἀληθῆ
1457 1392 1771 1464 ἐλευθερίαν
1787 1388 2141 1461 κτησάμεναι

467 1489 578 1543 τῶν
599 1492 929 1564 ἀπορρήτων
955 1493 1179 1548 ἐκείνων
1206 1492 1427 1563 ἀγαθῶν
1449 1489 1812 1561 ἐπιτύχωμεν,
1839 1485 2021 1558 χάριτι
2046 1483 2141 1537 καὶ

466 1585 848 1661 φιλανθρωπίᾳ
884 1589 980 1643 τοῦ
1017 1590 1223 1662 Κυρίου
1255 1589 1411 1661 ἡμῶν
1442 1587 1618 1659 Ἰησοῦ
1644 1582 1904 1656 Χριστοῦ,
1940 1576 2060 1654 μεθ’
2079 1573 2141 1636 οῦ

467 1681 547 1753 τῷ
581 1685 779 1754 Πατρὶ,
802 1684 918 1756 ἀμα
944 1685 1023 1756 τῷ
1052 1686 1196 1755 ἀγίω
1220 1684 1518 1755 Πνεύματι,
1546 1683 1693 1750 δόξα,
1729 1682 1951 1754 κράτος,
1984 1677 2140 1750 τιμὴ.

473 1779 570 1837 νῦν
600 1781 691 1835 καὶ
712 1782 819 1847 ἀεὶ,
841 1782 935 1837 καὶ
964 1784 1044 1847 είς
1072 1784 1198 1848 τοὺς
1222 1783 1422 1846 αἰῶνας
1443 1781 1551 1835 τῶν
1576 1778 1806 1836 αἰώνων.
1839 1777 2032 1849 Ἀμήν.

1136 1886 1374 1941 ΟΜΙΛΙΑ
1408 1884 1491 1941 A'.

469 2005 579 2061 Καὶ
612 2001 692 2077 ἦν
720 2006 889 2065 πᾶσα
916 2008 956 2076 ή
983 2005 1060 2078 τῆ
1088 2006 1293 2077 χεῖλος
1321 2006 1410 2073 ἓν,
1447 2005 1545 2060 καί
1575 2003 1745 2075 φωνὴ
1780 2003 1890 2074 μία
1930 1999 2140 2058 πᾶσιν.

539 2115 610 2167 α’.
630 2110 763 2167 Ἰδοὺ
786 2111 923 2184 πρὸς
936 2112 999 2166 τὸ
1013 2111 1165 2175 τέλος
1186 2089 1500 2182 ἐφθάσαμεν
1513 2108 1698 2164 λοιπὸν
1713 2108 1815 2179 τῆς
1832 2106 1992 2177 ἁγίας
2005 2105 2142 2160 Τεσ-

470 2222 537 2258 σα
546 2207 831 2279 ρακοστῆς,
853 2206 949 2262 καὶ
976 2207 1078 2278 τῆς
1098 2207 1349 2279 νηστείας
1375 2207 1706 2281 διηνύσαμεν
1724 2205 1817 2261 τὸν
1834 2203 2021 2269 πλοῦν,
2045 2201 2144 2258 καὶ

470 2301 608 2373 πρὸς
647 2301 740 2357 τὸν
778 2302 972 2372 λιμένα
998 2303 1182 2358 λοιπὸν
1215 2305 1282 2376 τῇ
1317 2302 1412 2357 τοῦ
1437 2303 1574 2358 Θεοῦ
1603 2302 1785 2375 χάριτι
1807 2301 2143 2374 κατηντὴσα⁶

471 2412 593 2463 μεν.
635 2394 795 2449 Ἀλλά
848 2395 923 2468 μὴ
978 2394 1066 2451 διὰ
1109 2395 1267 2451 τοῦτο
1311 2396 1740 2468 ρᾳθυμὴσωμεν,
1788 2394 1927 2450 ἀλλά
1968 2391 2140 2465 ταύτῃ

473 2493 674 2563 μᾶλλον
701 2493 883 2566 πολλῷ
918 2492 1141 2548 πλείονα
1188 2492 1288 2563 τὴν
1316 2492 1552 2565 σπουδὴν
1587 2493 1683 2547 καὶ
1716 2490 1815 2563 τὴν
1838 2490 2143 2564 ἀγρυπνίαν

470 2589 884 2662 ἐπιδειξάψεθα.
931 2590 1084 2645 Ἐπεὶ
1120 2589 1216 2643 καὶ
1253 2589 1304 2642 οί
1334 2588 1684 2660 κυϐερνῆται,
1713 2585 1931 2641 ἐπειδὰν
1973 2585 2143 2659 μυρία

470 2687 747 2752 διαϐάντες
783 2686 1019 2757 πελάγη,
1061 2683 1509 2758 πεπληρωμένων
1559 2684 1744 2748 αὐτοῖς
1790 2683 1900 2738 τῶν
1935 2682 2139 2750 ίστίων,

471 2784 564 2839 καὶ
590 2785 698 2840 τῶν
723 2783 959 2856 φορτίων
981 2785 1063 2848 είς
1084 2782 1217 2854 ῦψος
1237 2781 1591 2852 ἐγκειμένων,
1616 2781 1698 2845 είς
1709 2780 1802 2834 τὸν
1817 2779 2011 2852 λιμένα
2030 2780 2144 2834 εἰσ-

471 2879 608 2933 ιέναι
644 2878 901 2948 μέλλωσι,
940 2877 1062 2931 τότε
1093 2876 1332 2949 μάλιστα
1361 2874 1529 2928 πολὺν
1572 2873 1662 2927 τὸν
1702 2874 1887 2943 ἀγῶνα
1918 2874 2013 2928 καὶ
2042 2872 2143 2945 τὴν
2181 2901 2191 2910 -

471 2974 729 3045 φροντίδα
768 2972 975 3044 έχουσι,
1008 2975 1189 3045 μήπου
1219 2970 1466 3040 σκοπέλῳ
1494 2970 1601 3023 τινί
1638 2969 1672 3040 ἡ
1700 2969 1872 3040 πέτρᾳ
1897 2968 2142 3041 προσρά-

472 3068 567 3135 ξαν
590 3071 696 3124 τινὶ
722 3070 783 3123 τὸ
806 3068 990 3123 πλοῖον
1018 3069 1274 3139 ἀνόνητον
1301 3067 1486 3131 αὐτοῖς
1508 3066 1599 3120 τὸν
1626 3065 1963 3138 προλαϐόντα
1984 3065 2142 3121 πόνον

471 3164 723 3233 γενέσθαι
772 3163 1186 3237 παρασκευάσῃ.
1225 3162 1381 3217 Οὕτω
1412 3163 1506 3217 καὶ
1536 3164 1585 3216 οί
1614 3161 1834 3234 δρομεῖς
1873 3162 2137 3217 ποιοῦσιν’

471 3263 601 3316 ὅταν
649 3259 786 3331 πρὸς
826 3258 885 3312 τὸ
912 3258 1063 3323 τέλος
1087 3258 1192 3315 τῶν
1224 3258 1451 3312 σταδίων
1482 3257 1749 3329 φθάσωσι,
1788 3256 1909 3311 τότε
1945 3257 2142 3328 μᾶλλον

471 3356 832 3430 εὐτονώτερον
871 3355 961 3410 τδν
1000 3355 1200 3429 δρόμον
1226 3354 1643 3415 ἐπιδείκνυνται.
1670 3354 1808 3409 ὥστε
1834 3353 1928 3408 τοῦ
1956 3354 2143 3421 τέλους

470 3453 765 3525 ἐπιτυχεῖν,
798 3452 890 3507 καὶ
918 3451 1028 3506 τῶν
1062 3450 1329 3522 βραϐείων
1351 3449 1666 3517 ἀξιωθῆναι.
1697 3450 1806 3503 Καὶ
1827 3449 2055 3523 ἀθληταὶ
2085 3450 2141 3504 δὲ

474 3548 611 3620 μετά
645 3547 816 3620 μυρία
858 3547 1207 3619 παλαίσματα
1239 3545 1334 3600 καὶ
1367 3546 1465 3610 τὰς
1505 3545 1682 3613 νίκας,
1726 3544 1854 3599 ὅταν
1885 3544 1982 3618 τὴν
2017 3547 2144 3618 περὶ

472 3643 565 3698 τοῦ
598 3642 864 3714 στεφάνου
903 3641 1174 3698 παλαίωσι
1211 3640 1408 3714 πάλην,
1439 3639 1655 3695 πλείονα
1682 3639 1774 3695 τδν
1806 3640 1992 3710 ἀγῶνα
2020 3643 2142 3695 ἐπι-

472 3740 795 3804 δείκνυνται,
829 3738 917 3795 ἵνα
958 3738 1049 3794 τὸν
1081 3736 1345 3807 στέφανον
1378 3735 1631 3800 λαϐόντες
1659 3735 1831 3800 οὕτως
1864 3734 2142 3801 ἐξέλθωσι.

473 3834 737 3908 Καθάπερ
762 3829 854 3890 οὖν
888 3834 1218 3906 κυϐερνῆται
1256 3833 1349 3887 καὶ
1376 3832 1595 3903 δρομεῖς
1620 3831 1715 3885 καὶ
1739 3831 1990 3904 ἀθληταὶ,
2024 3833 2144 3886 τότε

476 3936 677 4006 μᾶλλον
703 3930 906 3987 τούτων
935 3930 1165 3995 ἕκαστος
1191 3929 1290 4003 τὴν
1322 3928 1556 3999 σπουδὴν
1593 3926 1744 4000 περι]
1773 3928 2031 3982 ἐπιτείνει
2051 3930 2146 3983 καὶ

471 4033 570 4103 τὴν
601 4030 927 4104 ἀγρυπνίαν,
958 4028 1088 4083 ὅταν
1129 4026 1266 4101 πρὸς
1295 4023 1375 4097 τῷ
1410 4023 1551 4078 τέλει
1597 4023 1878 4101 γένωνταιο
1907 4022 1999 4077 τὸν
2042 4025 2141 4079 αὐ⁴

471 4130 561 4185 τὸν
597 4129 663 4200 δὴ
694 4128 894 4200 τρόπον
922 4126 1017 4181 καὶ
1036 4126 1185 4197 ἡμᾶς
1213 4122 1503 4196 προσήκει,
1531 4120 1719 4193 ἐπειδὴ
1739 4122 1819 4187 εἰς
1843 4121 1942 4191 τὴν
1973 4122 2146 4193 μεγά-

472 4224 570 4292 λην
592 4223 796 4293 ταύτην
819 4219 1089 4291 ἑϐδομάδα
1110 4217 1429 4288 ἐφθάσαμεν
1450 4219 1518 4288 τῇ
1544 4215 1639 4270 τοῦ
1664 4215 1798 4269 Θεοῦ
1821 4216 2022 4288 χάριτι,
2050 4217 2144 4274 νῦν

476 4305 708 4376 μάλιστα
734 4302 828 4358 καὶ
864 4305 960 4374 τῆς
994 4301 1246 4372 νηστείας
1268 4300 1360 4353 τὸν
1392 4300 1590 4371 δρόμον
1616 4299 1901 4363 ἐπιτεῖναι,
1928 4300 2021 4353 καὶ
2047 4300 2145 4364 τάς

474 4402 637 4472 εὐχὰς
676 4398 1042 4469 εὐτονωτέρας
1087 4396 1378 4459 ποιεῖσθαι,
1425 4396 1521 4451 καλ⁸
1565 4395 1765 4466 πολλὴν
1808 4395 1902 4449 καλ⁸
1936 4396 2142 4468 ἀκριϐῆ

472 4498 573 4567 τὴν
616 4494 1002 4568 ἐξομολόγησιν
1043 4495 1153 4548 τῶν
1192 4492 1592 4566 ἡμαρτημένων
1628 4491 2017 4560 ἐπιδείξασθαι,
2050 4494 2144 4549 καὶ

475 4595 572 4664 τὴν
603 4593 729 4665 περὶ
752 4591 849 4657 τὰς
869 4590 1077 4662 ἀγαθάς
1108 4589 1334 4662 πράξεις
1351 4587 1629 4661 ἐργασίαν,
1655 4588 2024 4661 ἐλεημοσύνην
2052 4588 2143 4643 δα-

472 4689 626 4760 ψιλῆ,
651 4688 972 4754 ἐπιείκειαν,
1002 4687 1306 4759 πραότητα,
1341 4685 1439 4757 τὴν
1469 4685 1635 4757 ἀλλην
1666 4684 1885 4741 ἃπασαν
1921 4684 2141 4758 ἀρετὴν,

474 4787 562 4837 ἴνα
623 4785 760 4856 μετά
811 4783 1016 4838 τούτων
1066 4782 1176 4838 τῶν
1229 4781 1665 4855 κατορθωμάτων
1702 4782 1783 4847 είς
1813 4781 1911 4853 τὴν
1949 4783 2143 4853 κυρίαν

476 4878 781 4945 φθάσαντες
812 4879 1026 4951 ἡμέραν
1054 4892 1079 4920 ⁸
1116 4878 1214 4950 τῆς
1243 4878 1392 4951 παρά
1416 4876 1510 4931 τοῦ
1536 4878 1806 4932 Δεσπότω
1836 4875 2144 4947 φιλοτιμίας

472 4971 887 5047 ἀπολαύσωμεν.
921 4975 1181 5047 Μεγάλην
1217 4975 1275 5029 δὲ
1300 4971 1571 5045 καλοῦμεν
1602 4973 1700 5045 τὴν
1729 4972 2018 5044 ἑϐδομάδα,
2041 4972 2144 5025 οὑκ

472 5072 659 5144 ἐπειδὴ
681 5071 841 5127 πλέον
864 5072 976 5144 ἔχει
994 5072 1055 5127 τὸ
1087 5072 1259 5145 μῆκος
1287 5070 1396 5125 τῶν
1418 5069 1597 5142 ὡρῶνθ
1625 5070 1719 5124 καὶ
1746 5069 1855 5142 γάρ
1879 5069 2017 5122 εἰσιν
2036 5068 2146 5122 ’ἐτε-

475 5189 567 5248 ραι
603 5170 782 5243 πολλῷ
813 5169 1032 5242 μείζους
1072 5168 1222 5240 ὥρας
1268 5168 1506 5239 ἔχουσαιο
1538 5167 1659 5221 ούδέ
1701 5164 1887 5236 ἐπειδὴ
1927 5163 2143 5229 πλείους

469 5268 687 5339 ἡμέρας
734 5267 865 5342 ἔχει·
912 5266 1008 5321 καὶ
1044 5265 1154 5337 γὰρ
1184 5266 1213 5319 6
1242 5263 1404 5326 αύτδς
1444 5260 1678 5333 ἀριθμὸς
1722 5259 2014 5333 καὶταύτῃ
2050 5260 2144 5314 καὶ

469 5365 591 5429 ταῖς
622 5364 811 5428 ἀλλαις
850 5362 1079 5433 πάσαις.
1113 5359 1269 5424 Τίνος
1307 5353 1404 5413 οὗν
1434 5357 1620 5412 ἐνεκεν
1665 5355 1908 5428 μεγάλην
1938 5354 2142 5426 ταύτην

472 5460 779 5529 καλοῦμενς
836 5455 1055 5529 Ἐπειδὴ
1107 5454 1318 5527 μεγάλα
1360 5453 1479 5507 τινὰ
1540 5452 1635 5506 καὶ
1680 5450 1967 5523 ἀπόρρητα
2011 5466 2141 5519 τυγ-

474 5557 625 5626 χάνει
648 5554 720 5608 τά
742 5553 1061 5624 ὑπάρξαντα
1081 5553 1215 5625 ἡμῖν
1234 5553 1293 5605 ἐν
1310 5551 1448 5621 αὐτῇ
1479 5548 1681 5618 ἀγαθά.
1728 5548 1817 5603 Ἐν
1844 5546 1954 5619 γάρ
1971 5545 2143 5619 ταύτῃ

476 5652 506 5704 ὁ
542 5651 751 5720 χρόνιος
792 5646 958 5719 ἐλύθη
1000 5647 1275 5718 πόλεμος,
1316 5645 1548 5708 θάνατος
1610 5642 1865 5713 ἐσϐέσθη,
1925 5640 2142 5713 κατάρα

543 5802 567 5830 ⁸
595 5799 712 5862 Dies
737 5798 822 5849 illa
842 5801 980 5862 κυρία
1001 5801 1133 5862 dj_em
1166 5796 1418 5862 Ρξεειιοιῇε
1450 5798 1708 5862 δίκηὶῇςξῃ,
1731 5802 1787 5846 ut
1809 5808 1957 5861 supra
1996 5798 2142 5849 etiam

483 5861 880 5919 animadvertere
904 5855 996 5912 τοι.
1024 5860 1081 5911 γ.
1106 5858 1245 5922 praef.
1271 5859 1389 5911 loml
1407 5855 1551 5920 hujus
1568 5857 1596 5919 ς
1616 5855 1698 5908 Vl.

1273 331 1331 387 S.
1369 324 1655 390 JOANNIS
1690 315 2139 381 CHRYSOSTOS

2241 307 2548 371 \BCIIIEP.
2584 300 3131 367 CONS'I'ANTINOP.

3804 278 3907 335 ενι

2241 425 2502 499 ἀνῃρέθη,
2533 422 2628 477 τοῦ
2661 417 2911 476 διαϐόλου
2958 418 2994 487 ἡ
3020 411 3272 499 τυραννὶς
3318 400 3704 499 κατελύθη..τά

2240 485 2403 562 αὐτοῦ
2436 485 2736 580 διηρπάγη,
2769 500 2908 555 Θεοῦ
2930 485 3243 564 καταλλαγὴ
3266 492 3403 564 πρὸς
3447 485 3913 580 ἀνθρώπους-’γέ-

2239 612 2416 665 γονεν,
2432 573 2661 665 οὐρανὸς
2688 573 2919 662 βάσιμος
2945 587 3192 656 γέγονεν,
3211 581 3487 654 ἀνθρωττοι
3513 579 3635 665 τοῖς
3657 573 3914 644 ἀγγέλοις

2239 664 2629 753 συνεμίγησαν,
2659 677 2729 733 τά
2746 674 3010 730 διεστῶτα
3047 669 3318 741 συνήφθη,
3349 671 3379 723 ὁ
3424 664 3690 753 φραγμδς
3718 676 3917 753 περιη-

2239 751 2392 840 ρέθη,
2425 768 2486 821 τὸ
2512 766 2760 837 κλεῖθρον
2795 759 3059 834 ἀνῃρέθη,
3093 761 3123 813 6
3142 759 3241 829 τῆς
3270 755 3494 826 εἰρήνης
3525 752 3666 840 Θεδς
3695 751 3915 840 εἰρηνο-

2238 836 2431 927 ποίησε
2460 854 2530 909 τά
2560 836 2680 909 ἀνω
2707 849 2806 906 καὶ
2845 847 2917 903 τά
2963 847 3055 901 ἐπὶ
3096 845 3196 915 τῆς
3224 842 3350 913 γῆς.
3407 841 3508 900 Διά
3542 839 3712 927 τοῦτο
3737 836 3915 927 τοίνυν

2240 924 2486 1012 μεγάλην
2503 940 2601 1011 τὴν
2624 935 2889 1008 ἑϐδομάδα
2932 931 3226 1003 καλοῦμεν,
3250 929 3440 1001 ἐπειδὴ
3473 925 3744 981 τοσοῦτον
3791 924 3917 995 21f;-

2239 1026 2332 1090 θος
2359 1026 2576 1098 δωρεῶν
2607 1025 2739 1096 ἡμῖν
2780 1022 2840 1077 ἐν
2875 1019 3012 1093 αὐτῇ
3058 1018 3381 1091 κεχάρισται
3413 1015 3445 1068 6
3470 1012 3789 1082 Δεσπότης.
3824 1012 3917 1065 Διά

2236 1113 2396 1169 τοῦτο
2416 1112 2600 1167 πολλοὶ
2614 1113 2712 1166 καὶ
2728 1110 2826 1182 τὴν
2840 1106 3094 1180 νηστείαν
3118 1104 3469 1167 ἐπιτείνουσι,
3487 1102 3582 1156 καὶ
3597 1099 3916 1170 ἀγρυπνίας

2240 1199 2337 1257 καὶ
2368 1198 2693 1270 παννυχίδας
2729 1195 2902 1269 ίεράς,
2946 1194 3041 1248 καὶ
3067 1191 3436 1265 ἐλεημοσύνας
3480 1188 3915 1251 ἐπιδείκνυνται,

2238 1288 2545 1352 δεικνύντες
2597 1288 2665 1341 δι’
2708 1280 2783 1341 ὧν
2835 1283 3133 1356 πράττουσι
3177 1280 3275 1354 τὴν
3306 1280 3491 1351 τιμὴν,
3538 1279 3608 1349 ἡν
3643 1278 3784 1349 περὶ
3824 1276 3915 1347 τὴν

2241 1375 2510 1447 ἑϐδομάδα
2533 1373 2766 1446 ἔχουσιν.
2806 1373 2869 1427 Εἰ
2897 1373 3007 1442 γάρ
3035 1371 3064 1423 ὁ
3083 1368 3359 1439 Δεσπότης
3405 1366 3655 1423 τοσαῦτα
3680 1367 3745 1419 ἐν
3784 1365 3913 1435 αὐτῇ

2240 1464 2371 1534 ἡμῖν
2391 1461 2571 1532 ἀγαθά
2597 1461 2929 1533 ἐδωρήσατο,
2979 1457 3098 1521 πῶς
3132 1456 3255 1526 οὐχὶ
3292 1455 3386 1509 καὶ
3419 1455 3568 1524 ἡμᾶς
3620 1454 3913 1524 προσήκει,

2239 1546 2305 1602 δι’
2327 1540 2401 1603 ὧν
2429 1546 2724 1619 δυνάμεθα,
2748 1547 2846 1617 τὴν
2877 1544 3013 1599 αἰδῶ
3040 1544 3134 1597 καὶ
3150 1541 3247 1612 τὴν
3272 1541 3437 1613 τιμὴν
3465 1539 3911 1605 ἐπιδείκνυσθαι;

2311 1636 2420 1690 Καὶ
2441 1634 2548 1706 γὰρ
2573 1633 2667 1687 καὶ
2692 1634 2740 1687 οἱ
2769 1631 3027 1703 βασιλεῖς,
3045 1630 3112 1684 δι’
3137 1621 3214 1684 ὧν
3244 1627 3461 1683 ποιοῦσι
3492 1627 3590 1681 καὶ
3615 1627 3805 1691 αὐτοὶ,
3830 1626 3916 1695 δη-

2240 1721 2422 1777 λοῦσιν
2450 1722 2573 1776 ὃσον
2607 1719 2789 1792 έχουσι
2816 1719 2878 1774 τὸ
2905 1718 3090 1790 θαῦμα
3128 1716 3333 1771 τούτων
3360 1715 3467 1769 τῶν
3507 1715 3733 1769 σεπ-τῶν
3785 1715 3913 1786 ἡμε-

2245 1807 2374 1892 ρῶν,
2403 1805 2754 1870 κελεύσαντες
2779 1804 3084 1877 ἐκεχειρίαν
3105 1803 3358 1892 ἅπαντας
3375 1802 3519 1892 ἔχειν
3546 1802 3681 1892 τοὺς
3715 1800 3792 1853 τὰ
3823 1816 3913 1854 πο-

2241 1887 2421 1950 λιτικά
2450 1892 2869 1965 οίκονομοῦντας
2921 1891 3243 1964 πράγματα,
3278 1891 3374 1946 καὶ
3408 1887 3519 1944 τῶν
3543 1888 3915 1958 δικαστηρίων

2241 1981 2339 2046 τάς
2360 1981 2528 2054 θύρας
2550 1978 2878 2045 ἀποκλείειν,
2916 1979 3011 2034 καὶ
3044 1979 3151 2033 πᾶν
3175 1975 3314 2042 εἶδος
3338 1978 3519 2049 μάχης
3553 1976 3654 2032 καὶ
3686 1976 3916 2045 φιλονει-

2240 2068 2367 2133 κίας
2392 2066 2731 2133 ἐλαύνεσθαι,
2760 2065 2848 2120 ἵνα
2887 2065 3026 2138 μετά
3050 2064 3251 2136 πολλῆς
3282 2063 3514 2135 ἡσυχίας
3545 2062 3647 2117 καὶ
3674 2064 3914 2132 γαλήνης

2242 2156 2336 2228 ἐξῇ
2357 2155 2494 2229 πρὸς
2518 2155 2616 2228 τὴν
2640 2153 2750 2209 τῶν
2782 2152 3173 2224 πνευματικῶν
3197 2151 3537 2225 κατόρθωσιν
3568 2148 3913 2221 ἐπείγεσθαι.

2240 2243 2351 2301 Καὶ
2369 2244 2430 2298 ού
2462 2242 2617 2298 τοῦτο
2654 2243 2835 2314 μόνον,
2860 2241 2996 2296 ἀλλά
3024 2240 3119 2296 καὶ
3149 2240 3344 2312 ἐτέραν
3367 2238 3685 2310 φιλοτιμίαν
3717 2240 3906 2293 ἐπιδεῐο

2240 2347 2463 2387 κνυνται
2484 2346 2498 2360 ’
2536 2330 2661 2395 τοὺς
2680 2328 2742 2382 τὸ
2774 2328 3149 2401 δεσμωτήριον
3168 2326 3451 2392 οἰκοῦντας
3476 2326 3677 2396 ἀφιᾶσι
3693 2327 3809 2380 τῶν
3834 2327 3913 2381 65-

2243 2418 2418 2488 σμῶν,
2454 2419 2549 2473 καὶ
2601 2417 2744 2471 κατά
2798 2415 3030 2486 δύναμιν
3088 2414 3436 2487 ἀνθρωπίνην
3483 2413 3791 2486 μιμοῦνται
3828 2415 3915 2467 τὸν

2240 2504 2450 2558 ἑαυτῶν
2473 2503 2767 2575 Δεσπότην.
2788 2501 3057 2575 Καθάπερ
3084 2503 3193 2574 γὰρ
3220 2501 3403 2567 αὐτὸς,
3437 2501 3574 2572 φησὶ
3604 2501 3661 2565 δ,
3695 2498 3797 2555 τοῦ
3820 2519 3916 2572 1a-

2240 2590 2404 2647 λεποῦ
2432 2591 2807 2664 δεσμωτηρίου
2830 2590 2939 2646 τῶν
2969 2590 3384 2663 ἁμαρτημάτων
3402 2590 3554 2661 ἡμᾶς
3582 2588 3802 2661 ἀνίησι,
3827 2590 3918 2642 καὶ

2236 2678 2347 2735 τῶν
2377 2678 2586 2751 μυρίων
2609 2677 2834 2748 ἀγαθῶν
2857 2678 3086 2755 παρέχει
3127 2677 3226 2750 τὴν
3257 2676 3577 2741 ἀπόλαυσιν,
3630 2675 3731 2730 τὸν
3757 2676 3921 2731 αὑτὸν

2238 2763 2303 2836 δὴ
2332 2764 2533 2836 τρόπον
2568 2764 2664 2820 καὶ
2687 2766 2858 2836 ἡμᾶς,
2885 2765 3040 2836 φησι,
3076 2764 3349 2835 προσήκει
3376 2757 3458 2828 οἷς
3485 2763 3777 2834 δυνάμεθα
3829 2780 3919 2834 μι-

2243 2850 2420 2922 μητάς
2450 2850 2703 2919 γενέσθαι
2727 2851 2827 2922 τῆς
2844 2850 2938 2907 τοῦ
2964 2852 3234 2907 Δεσπότου
3265 2851 3708 2926 φιλανθρωπίας.
3750 2852 3919 2904 Ἴδετε

2242 2937 2360 3003 πῶς
2394 2938 2484 2994 διά
2509 2938 2728 2994 πάντων
2756 2939 2986 3004 ἕκαστος
3023 2938 3180 3010 ἡμῶν
3214 2938 3459 2994 δείκνυσι
3505 2938 3607 3010 τὴν
3656 2938 3803 2993 αίδῶ
3831 2939 3919 2992 καὶ

2238 3025 2338 3097 τὴν
2367 3026 2551 3099 τιμὴν,
2573 3027 2641 3099 ἡν
2660 3028 2786 3099 περὶ
2814 3027 2912 3091 τὰς
2942 3027 3154 3099 ἡμέρας
3178 3026 3374 3098 ἔχομεν
3394 3028 3491 3091 τάς
3510 3026 3616 3081 τῶν
3640 3028 3918 3081 τοσούτων

2238 3112 2460 3182 ἀγαθῶν
2481 3113 2773 3186 προξένους
2799 3116 2931 3186 ἡμῖν
2959 3114 3366 3186 γεγενημένας;
3400 3114 3499 3170 Διά
3523 3113 3687 3170 τοῦτο
3734 3130 3917 3184 παρα·

2240 3199 2411 3267 καλῶ,
2434 3198 2530 3254 νῦν
2558 3199 2847 3271 μᾶλλον,εί
2878 3201 2972 3255 καί
3010 3218 3141 3255 ποτε
3180 3200 3393 3265 ἄλλοτε,
3434 3200 3612 3256 πάντα
3656 3200 3916 3271 λογισμὸν

2242 3285 2494 3357 βιωτικὸν
2524 3286 2899 3359 ἀπωσάμενοι,
2929 3288 3025 3342 καὶ
3061 3287 3123 3341 τὸ
3150 3286 3251 3357 τῆς
3269 3286 3506 3352 διανοίας
3548 3287 3714 3358 ὄμμα
3745 3287 3915 3342 καθα-

2241 3375 2337 3447 ρὸν
2387 3375 2481 3430 καὶ
2507 3374 2656 3450 [295]
2696 3375 3121 3448 διεγηγερμένον
3170 3375 3408 3446 ἔχοντες,
3463 3374 3640 3445 οὕτως
3681 3375 3910 3431 ἐνταῦθα

2242 3461 2697 3534 παραγενώμεθα,
2715 3464 2811 3517 καλ⁸
2828 3463 3019 3535 μηδεὶς
3044 3462 3228 3520 εἰσιὼν
3248 3464 3328 3531 είς
3355 3462 3452 3538 τὴν
3472 3466 3777 3539 ἐκκλησίαν
3801 3467 3918 3538 βιω-

2240 3549 2397 3614 τικάς
2421 3549 2762 3622 ἑπισυρέσθω
2796 3553 3108 3624 φροντίδας,
3140 3553 3229 3611 ἵνα
3256 3553 3412 3619 ἀξίαν
3440 3554 3549 3610 τῶν
3588 3554 3770 3608 πόνων
3822 3555 3916 3627 τὴν

2243 3638 2478 3711 ἀμοιϐὴν
2502 3638 2707 3704 λαϐὼν,
2740 3639 2914 3705 οὕτως
2943 3640 3131 3697 οἴκαδε
3157 3642 3450 3715 ἐπανέλθῃ.
3471 3643 3611 3715 Φέρε
3635 3637 3737 3698 οὖν
3759 3643 3919 3697 πάλιν

2242 3724 2338 3797 τὴν
2368 3725 2571 3799 συνήθη
2591 3726 2866 3799 τράπεζαν
2889 3728 3018 3798 ὑμῖν
3047 3729 3405 3802 παραθῶμεν,
3419 3730 3515 3785 καὶ
3536 3733 3604 3786 ἐκ
3618 3731 3731 3785 τῶν
3752 3732 3919 3802 πμὶσο

2240 3827 2408 3880 φατον
2453 3812 2909 3883 ἀναγνωσθέντων
2966 3816 3116 3889 παρά
3162 3815 3257 3873 τοῦ
3306 3816 3578 3886 μακαρίου
3634 3818 3920 3882 Μωῦσέως

2242 3898 2584 3972 ἐστιάσωμεν
2625 3900 2779 3973 ύμῶν
2805 3902 2903 3975 τὴν
2950 3901 3191 3974 ἀγάπην,
3239 3903 3379 3959 αύτά
3423 3904 3495 3959 τά
3527 3903 3922 3976 ἀνεγνωσμένα

2240 3987 2320 4050 είς
2355 3987 2519 4059 μέσον
2550 3989 2679 4059 ὑμῖν
2711 3988 3025 4060 προθέντες,
3053 3988 3360 4054 δεικνύντες
3380 3990 3479 4062 τῆς
3508 3990 3661 4054 θείας
3693 3992 3923 4063 Γραφῆς

2241 4073 2339 4144 τὴν
2372 4073 2679 4147 ἀκρίϐειαν.
2729 4075 2946 4148 Ἐπειδὴ
2970 4076 3080 4148 γάρ
3120 4076 3273 4141 τέλος
3304 4077 3541 4147 ἐπέθηκε
3572 4081 3639 4149 τῇ
3662 4077 3925 4149 διηγήσει

2241 4164 2308 4233 τῇ
2330 4163 2471 4218 κατά
2498 4164 2589 4219 τὸν
2610 4164 2754 4230 Νῶε,
2794 4165 2859 4219 ἐκ
2888 4165 2983 4219 τοῦ
3008 4165 3127 4238 Σὴμ
3157 4165 3344 4220 λοιπὸν
3371 4167 3576 4240 ἤρξατο
3604 4168 3710 4238 τῆς
3730 4186 3921 4237 γενεα-

2241 4249 2447 4318 λογίας,
2484 4251 2577 4305 καί
2605 4268 2758 4323 φησι,
2787 4251 2896 4306 Καὶ
2919 4250 2999 4318 τῷ
3020 4253 3151 4322 Σὴμ
3172 4252 3593 4324 ἐγεννήθησαν
3613 4256 3718 4309 καί
3758 4256 3924 4320 αὑτῷ

2241 4337 2416 4405 πατρί
2454 4336 2694 4392 πάντων
2730 4335 2849 4392 τῶν
2886 4337 3035 4394 υἱῶν
3063 4339 3260 4405 Ἔϐερ,
3306 4339 3546 4411 ἀδελφῷ
3584 4340 3788 4410 ’Ῑάφεθ
3818 4342 3925 4397 τοῦ

2236 4423 2505 4492 μείζονος
2526 4424 2683 4480 υιοῦ.
2713 4421 2845 4479 Εἶτα
2861 4425 2951 4481 τὸν
2980 4426 3281 4498 κατάλογον
3302 4428 3411 4482 τῶν
3438 4428 3725 4501 ὀνομάτων
3755 4446 3927 4500 ποιηρ

2243 4510 2472 4581 σάμενός
2508 4527 2663 4582 φησι,
2701 4512 2810 4567 Καὶ
2833 4511 2915 4578 τῷ
2947 4512 3117 4582 Ἔϐερ
3177 4513 3597 4586 ἐγεννήθησαν
3617 4513 3735 4571 δύο
3756 4517 3886 4571 vlo!
3907 4532 3924 4549 ·

2242 4598 2429 4668 ὄνομα
2463 4597 2543 4664 τῷ
2570 4599 2661 4653 ἐνὶ
2692 4599 2915 4666 Φαλὲκ,
2944 4599 3035 4655 ὅτι
3063 4602 3134 4656 ἐν
3152 4601 3282 4669 ταῖς
3302 4603 3546 4673 ἡμέραις
3582 4604 3778 4659 αὑτοῦ
3807 4604 3930 4659 διε-

2236 4685 2489 4755 μερίσθη
2518 4686 2556 4753 ἡ
2589 4685 2687 4756 γῆ.
2719 4687 2917 4741 Σκόπει
2947 4686 3064 4753 πῶς
3096 4690 3163 4760 τῇ
3203 4689 3550 4761 προσηγορίᾳ
3572 4688 3670 4744 τοῦ
3700 4690 3928 4762 τεχθέν-

2235 4790 2330 4837 τος
2356 4771 2646 4826 ἐναπέθετο
2666 4771 2758 4825 τοῦ
2790 4772 3076 4843 μέλλοντος
3125 4773 3342 4829 ἔσεσθαι
3374 4775 3493 4847 μετ’
3517 4775 3580 4829 ού
3630 4776 3773 4830 πολὺ
3825 4794 3931 4848 ση-

2244 4857 2396 4928 μείου
2421 4857 2519 4929 τὴν
2543 4858 2868 4929 πρόγνωσιν,
2901 4859 2967 4913 ἵν’
2989 4861 3114 4914 ὅταν
3151 4859 3268 4931 ἴδῃς
3286 4861 3367 4925 είς
3400 4861 3560 4933 ἔργον
3586 4861 3649 4916 τὸ
3684 4866 3930 4936 πρᾶγμα

2240 4946 2477 5013 ἐξελθὸν,
2503 4945 2699 5018 μηκέτι
2732 4946 2980 5020 ξενισθῇς
3012 4947 3154 5019 ὀρῶν
3182 4948 3388 5003 ἀνωθεν
3423 4948 3584 5003 τοῦτο
3623 4951 3726 5024 τὴν
3750 4969 3929 5023 προσ.

2238 5032 2468 5104 ηγορίαν
2495 5031 2588 5087 τοῦ
2609 5032 2796 5096 παιδὸς
2823 5032 3264 5104 προμηνύουσαν.
3292 5034 3448 5091 Μετά
3466 5034 3577 5107 γὰρ
3602 5036 3663 5090 τὸ
3692 5040 3930 5108 ποιησα-

2242 5119 2368 5176 σθαι
2401 5120 2507 5175 τῶν
2528 5121 2655 5191 ἐξῆς
2683 5120 3095 5193 γεγεννημένων
3140 5122 3205 5176 ἐκ
3227 5122 3432 5179 τούτων
3462 5124 3555 5178 τὸν
3586 5126 3931 5195 κατάλογον,

2241 5208 2433 5279 φησίνο
2465 5209 2573 5264 Καὶ
2607 5205 2687 5280 ἦν
2722 5208 2890 5264 πᾶσα
2920 5209 2960 5278 ἠ
2995 5208 3072 5279 τῆ
3100 5209 3303 5278 χεῖλος
3339 5210 3430 5275 ἐν,
3468 5211 3566 5266 καί
3594 5212 3772 5283 φωνὴ
3808 5215 3933 5284 μία

2240 5296 2462 5372 qui“?
2492 5297 2552 5351 οὐ
2597 5297 2727 5372 περὶ
2754 5297 2855 5372 τῆς
2884 5300 2989 5372 γῆς
3020 5297 3276 5372 λέγρυρριρ
3323 5298 3459 5372 ἀλλὰ
3492 5300 3626 5372 περὶ
3666 5301 3768 5355 τοῦ
3807 5303 3936 5356 τῶν

2238 5365 2543 5439 ἀνθρώπων
2568 5365 2781 5435 γένους,
2813 5365 2918 5420 ἶνα
2947 5365 3105 5440 ἡμᾶς
3123 5368 3307 5439 διδάξῃ
3349 5369 3433 5423 δτι
3478 5365 3613 5441 μίαν
3656 5371 3935 5440 γλῶσσαν

2239 5452 2481 5523 ἀπασαὴ
2508 5452 2619 5506 τῶν
2650 5452 2951 5524 ἀνθρώπων
3007 5450 3122 5523 εἶχε
3161 5453 3343 5524 φύσις.
3400 5456 3511 5510 Καὶ
3549 5451 3631 5526 ἦν
3662 5455 3847 5512 πᾶσα
3887 5460 3931 5528 ἠ

2237 5538 2336 5610 γῆ,
2357 5541 2508 5610 φησὶ,
2549 5538 2750 5608 χεῖλος
2773 5538 2863 5602 ἓν,
2897 5539 2996 5594 καὶ
3024 5540 3192 5609 φωνὴ
3221 5541 3331 5611 μία
3362 5540 3536 5597 πᾶσι.
3560 5541 3777 5610 Χεῒλος
3821 5544 3934 5612 ἓν,

2238 5627 2336 5698 τὴν
2355 5626 2544 5680 λαλιάν
2573 5642 2726 5697 φησι,
2757 5626 2851 5679 καὶ
2886 5628 3071 5698 φωνὴν
3103 5628 3264 5682 πάλιν
3285 5628 3346 5682 τὸ
3375 5629 3527 5694 αὐτὸ,
3559 5630 3648 5684 ἵνα
3666 5630 3805 5703 εἴπῃ
3836 5633 3940 5687 ὅτι

2240 5714 2513 5785 ὁμόφωνοι
2539 5714 2633 5767 καὶ
2658 5714 2994 5784 ὁμόγλωσσοι
3023 5715 3220 5780 πάντες
3242 5711 3400 5786 ἦσαν.
3428 5719 3536 5773 Καὶ
3554 5718 3634 5774 ὅτι
3660 5721 3794 5793 περὶ
3827 5720 3942 5780 λα-

2305 5858 2334 5899 b
2372 5857 2474 5911 Vox
2500 5858 2596 5922 hic,
2623 5865 2677 5913 ut
2699 5874 2830 5925 sape
2852 5860 2988 5926 alias,
3014 5873 3388 5925 supervacanea.
