4116 6196
356 314 467 373 275
1347 317 1418 375 IN
1451 319 1599 378 CAP.
1644 320 1689 377 Χ
1729 319 1816 378 ΕΤ
1855 319 1945 376 Xl.
1986 336 1990 366 ‹

2094 319 2212 378 Slus
2273 318 2499 377 11οΜΙΙ..
2541 319 2711 376 XXX.

367 440 514 498 runt,
546 439 604 486 ut
641 445 812 503 usque
843 445 985 488 nunc
1010 428 1318 487 celebretur
1343 431 1596 501 praeclara
1621 447 1807 490 eorum
1833 447 1946 502 pce-

371 524 621 579 nitentia.

445 613 658 668 Moralir
681 611 1054 666 exliortatio.-—
1073 609 1303 667 Proinde
1326 610 1444 665 illos
1463 619 1515 666 et
1545 627 1642 665 nos
1667 612 1952 676 imitemur,

371 713 422 759 et
450 722 568 760 cum
597 705 831 761 sciamus
857 718 1029 774 neque
1057 712 1334 772 parentant
1363 703 1648 773 nequitiam
1678 718 1775 760 nos
1797 702 1958 758 laede-

369 813 452 858 re,
483 795 528 850 si
558 795 885 854 voluerimus
912 793 1248 863 resipiscere,
1283 809 1455 864 neque
1485 803 1761 862 parentum
1791 791 1960 846 virtu-

374 898 481 943 tem
507 888 660 942 nobis
683 887 957 958 prodesse.
985 886 1029 940 si
1063 884 1320 940 fuerimus
1339 885 1688 955 negligentes,
1711 899 1960 954 magnum

373 981 443 1034 sit
462 979 613 1033 nobis
629 977 864 1033 studium
882 976 1114 1040 virtutis,
1138 983 1192 1030 ct
1211 984 1418 1046 gratam
1433 974 1761 1029 voluntatem
1778 981 1964 1028 osten-

375 1071 600 1135 damus,
632 1078 688 1124 ut
711 1067 954 1123 eamdem
983 1082 1144 1140 quam
1169 1065 1295 1121 Sem
1321 1078 1369 1120 et
1402 1064 1629 1135 Japheth
1667 1079 1965 1134 consequa-

3535 320 3598 374 27
3611 325 3638 376 5

2066 431 2204 486 Dens
2232 432 2534 487 hominibus
2559 431 2926 488 reconciliatus
2951 438 3052 496 est,
3079 429 3266 486 carlum
3314 432 3642 500 penetrabile

2062 520 2256 575 factum
2283 530 2384 583 est,
2417 521 2660 575 homines
2687 536 2806 575 cum
2829 523 3033 592 angelis
3055 525 3327 578 commixti
3355 531 3498 587 sunt,
3524 541 3642 592 qua:

2063 610 2328 665 distabant
2351 612 2630 681 conj-uncta
2652 621 2794 674 sunt,
2812 627 2974 680 sepes-
2987 613 3211 678 sublata,
3233 624 3440 683 septum
3467 631 3616 669 remo
3631 646 3646 656 η

2067 709 2208 769 tum,
2233 703 2373 758 Deus
2398 705 2540 772 pacis
2563 705 2780 773 pacifica
2820 703 2944 760 fecit
2967 705 3166 773 omnia,
3191 721 3310 776 qua:
3337 708 3389 761 in
3422 707 3570 760 cadis
3595 717 3650 762 et

2067 809 2185 862 qnzu
2213 794 2265 848 in
2295 795 2471 849 terris.
2495 795 2606 850 llac
2625 797 2799 865 itaque
2818 796 2884 852 de
2910 811 3066 851 causa
3094 812 3336 867 magnam
3359 799 3650 854 hebdoma-

2069 885 2190 938 dam
2221 901 2490 952 vocamus,
2515 888 2636 956 quia
2664 897 2862 942 tantam
2897 888 3048 943 nobis
3070 887 3332 943 donorum
3355 890 3650 944 multitudi‘

2070 991 2193 1030 nem
2223 977 2274 1030 in
2313 977 2397 1030 illa
2437 977 2654 1046 largitus
2678 988 2760 1032 est
2791 978 3064 1032 Dominus.
3097 978 3162 1032 Et
3188 979 3384 1032 idcirco
3410 981 3559 1034 multi
3586 991 3642 1034 et

2067 1065 2326 1134 jejunium
2358 1067 2657 1134 intendunt,
2682 1080 2736 1123 et
2765 1067 2989 1138 vigilias,
3029 1079 3084 1123 et
3111 1068 3538 1138 pernoctationes
3563 1083 3652 1122 sa-

379 1178 499 1218 mur
527 1162 953 1218 benedictionem
987 1177 1003 1215 :
1043 1167 1100 1216 et
1142 1167 1258 1214 uta
1301 1157 1673 1215 maledictione
1701 1166 1755 1212 et
1795 1156 1966 1212 servi-

381 1263 514 1319 tute,
545 1269 702 1324 quam
727 1252 980 1308 Chanaan
1019 1250 1260 1321 accepit,
1289 1249 1600 1316 liberemur,
1626 1257 1682 1305 et
1707 1264 1775 1304 ne
1801 1247 1970 1304 simus

381 1345 528 1400 servi
557 1343 779 1416 peccati,
802 1342 898 1399 scd
921 1357 1100 1398 veram
1126 1340 1460 1412 possidentes
1486 1340 1807 1406 libertatem,
1831 1337 1968 1394 incf-

385 1435 563 1492 fahilia
591 1434 726 1490 bona
752 1433 1134 1504 adipiscamr,
1176 1431 1348 1502 gratia
1372 1438 1428 1486 et
1451 1429 1817 1485 misericordia
1861 1428 1971 1482 Do-

392 1526 521 1580 mini
549 1525 717 1580 nostri
742 1523 868 1580 .lesu
891 1522 1116 1588 Christi,
1139 1534 1386 1592 cumquo
1408 1519 1568 1584 Patri,
1591 1519 1751 1574 simul
1776 1527 1830 1574 et
1851 1517 1974 1588 Spi-

389 1616 725 1672 ritni~sancto
747 1613 815 1671 sit
839 1613 1028 1685 gloria,
1052 1612 1356 1684 imperium,
1379 1610 1577 1680 honor,
1596 1624 1739 1666 nunc
1757 1618 1810 1668 et
1833 1624 1974 1674 sem-

387 1720 502 1776 per,
534 1715 588 1762 et
614 1706 666 1760 in
691 1705 1006 1761 saeculorum
1031 1704 1247 1758 sarcula.
1279 1702 1474 1758 Amen.

940 1834 1218 1891 HOMILIA
1257 1832 1440 1889 XXX.

430 1950 495 2006 Et
522 1961 628 2007 erat
648 1950 812 2006 omnis
836 1959 969 2005 terra
990 1948 1178 2002 labium
1200 1964 1378 2014 unum,
1401 1956 1448 2002 et
1469 1962 1566 2002 vox
1591 1963 1692 2001 una
1712 1945 1941 2000 omnibus

995 2038 1146 2109 (Gen.
1179 2040 1240 2095 ll
1299 2038 1374 2112 l).

470 2176 520 2229 l.
554 2176 593 2228 Α
634 2173 934 2245 negligentia
959 2158 1215 2228 auditores
1233 2173 1430 2227 auertit.
1472 2171 1732 2244 Confessio
1752 2180 1984 2242 peccato-

398 2283 533 2319 rum.
561 2265 719 2319 (forte
740 2265 958 2338 majores
977 2264 1053 2318 uel
1072 2264 1289 2318 minores
1313 2279 1406 2334 pro
1427 2263 1743 2332 longitudine
1763 2261 1983 2318 dierum.

400 2357 503 2410 Cur
536 2372 720 2427 magna
751 2356 946 2408 dicatur
981 2354 1088 2409 Ita‘t:
1126 2353 1460 2408 hebdomade.
1489 2383 1558 2393 —
1585 2352 1727 2410 Ecce
1768 2351 1982 2410 tandem

398 2450 463 2506 ad
513 2449 670 2504 linem
715 2460 916 2505 saneta:
951 2446 1384 2519 Quadragesima:
1420 2446 1684 2512 venimus,
1712 2454 1765 2500 et
1796 2443 1982 2514 jejunii

398 2543 784 2612 navigationem
815 2541 1133 2610 perfecimus
1157 2581 1172 2606 ,
1204 2539 1640 2610 appulimusque,
1671 2537 1763 2593 Dei
1788 2537 1988 2608 gratia,

401 2631 456 2687 in
488 2640 717 2702 portum.
751 2630 1090 2686 Verum-non
1135 2627 1259 2685 ideo
1305 2629 1630 2700 negligentes
1660 2628 1848 2693 simus,
1888 2627 1984 2682 sed

405 2725 504 2779 hac
529 2723 596 2778 de
624 2737 780 2778 causa
828 2721 1018 2776 iterum
1049 2721 1220 2790 majus
1258 2720 1488 2776 studium
1510 2761 1525 2786 ,
1568 2719 1824 2789 majorem
1862 2717 1988 2773 dili-

402 2817 634 2886 gentiam
655 2855 669 2878 ,
700 2815 1061 2884 majoromque
1100 2812 1423 2883 vigilantiam
1457 2812 1826 2868 exhibeamnst
1853 2809 1988 2868 Nam

405 2916 460 2961 ct
484 2906 716 2960 nauclcri
739 2920 859 2959 cum
884 2919 976 2975 per
1004 2905 1167 2958 multa
1195 2905 1358 2959 maria
1383 2903 1707 2968 transierint,
1735 2914 1790 2958 et
1817 2901 1991 2970 plenis

405 2999 568 3062 velis,
595 2996 904 3065 eductisque
931 2996 1198 3052 mercibus
1225 2994 1327 3068 (ιι)
1357 2995 1410 3054 in
1456 3005 1666 3065 portum
1701 2992 1988 3064 ingressuri

406 3088 636 3156 fuerint,
667 3097 775 3144 tum
806 3087 1091 3141 maximam
1135 3101 1318 3142 curam
1353 3094 1408 3141 et
1452 3083 1861 3140 sollicitudinem
1893 3097 1989 3152 ge-

405 3187 549 3244 rnnt,
579 3195 645 3232 ne
672 3178 724 3232 in
754 3175 1029 3248 secpulum
1057 3177 1144 3233 vel
1172 3177 1225 3232 in
1253 3184 1457 3246 petram
1484 3174 1767 3246 quamdam
1796 3173 1990 3244 impin-

404 3277 552 3339 gant,
579 3285 696 3338 qua:
722 3282 910 3323 omnes
935 3268 1140 3338 priores
1165 3267 1379 3323 labores
1406 3263 1882 3335 simuldisperdat.
1915 3263 1989 3318 Ita

406 3374 617 3428 quoque
659 3359 857 3413 faciunt
880 3373 1128 3414 cursores
1161 3376 1174 3412 :
1203 3373 1323 3412 cum
1347 3356 1491 3413 enim
1514 3355 1581 3412 ad
1607 3356 1764 3411 linem
1788 3353 1991 3410 stadio-

409 3465 527 3504 rum
552 3450 864 3519 perveninnt
883 3489 899 3514 ,
928 3447 1380 3504 vehementiorem
1410 3455 1624 3502 servant
1664 3462 1907 3514 cursum,
1938 3454 1994 3500 ut

411 3550 607 3593 metam
632 3541 915 3608 attingant,
938 3547 993 3595 et
1017 3539 1232 3608 praemia
1260 3546 1585 3592 mereantur.
1608 3538 1834 3591 Athletae
1864 3551 1997 3608 quo-

410 3646 519 3700 que
545 3639 664 3700 post
695 3629 916 3698 plurima
943 3628 1228 3685 certamina
1260 3637 1314 3684 et
1333 3627 1600 3694 victorias,
1630 3643 1751 3684 eum
1780 3643 1875 3697 pro
1900 3642 1996 3682 co-

412 3737 547 3776 mna
576 3722 886 3776 certandum
917 3731 1036 3785 est,
1082 3720 1270 3790 majori
1297 3719 1416 3775 nisu
1446 3720 1624 3774 omnia
1665 3719 1895 3786 faciunt,
1939 3729 1998 3776 ut

414 3823 631 3882 accepta
661 3827 860 3868 corona
897 3813 1110 3867 abeant.
1155 3813 1337 3882 Itaque
1372 3811 1818 3882 quemadmodum
1861 3828 1996 3867 nau-

414 3904 568 3970 oleri,
595 3912 648 3958 et
674 3918 950 3970 cursores,
979 3913 1035 3959 et
1059 3902 1306 3968 athletae,
1337 3903 1426 3957 ubi
1454 3902 1520 3957 ad
1553 3902 1712 3957 linem
1754 3903 2012 3970 veniunt,

417 3994 586 4062 magis
609 3994 886 4049 enituntur
921 4004 976 4049 et
1011 3993 1228 4064 vigilant
1261 4010 1277 4047 :
1313 3993 1500 4048 eodem
1529 3995 1687 4050 modo
1716 4003 1770 4049 et
1791 4009 1886 4049 nos
1915 3994 1998 4049 fa-

415 4085 619 4138 ciamus
644 4092 893 4153 oportet,
919 4084 1040 4154 quia
1085 4084 1138 4139 in
1177 4100 1420 4154 magnam
1450 4083 1586 4139 hanc
1611 4083 1998 4140 hebdomadam

419 4176 511 4229 Dei
545 4177 712 4244 gratia
742 4178 1110 4245 pervenimus,
1143 4191 1283 4231 nunc
1325 4177 1556 4232 maxime
1578 4178 1765 4248 jejunii
1812 4192 2012 4234 cursus-

417 4267 791 4333 mtendendus,
820 4276 874 4323 et
894 4268 1241 4324 ferventiores
1262 4267 1542 4322 fundanda:
1571 4283 1779 4337 preces,
1807 4268 2004 4324 facien-

416 4360 590 4431 daque
608 4359 838 4430 diligens
856 4369 907 4415 et
931 4375 1059 4430 pura
1087 4368 1423 4428 peccatorum
1443 4357 1729 4423 confessio,
1755 4369 1809 4414 et
1835 4359 1887 4414 in
1910 4361 2008 4415 bo-

420 4451 500 4504 nis
527 4450 779 4520 operibus
802 4448 1054 4504 sedulitas
1089 4447 1406 4514 exhibenda,
1438 4448 1774 4520 eleetnosyna
1821 4448 1962 4518 larga
1983 4490 2000 4517 ,

419 4542 678 4612 aquitas,
709 4539 1092 4605 mansuetudo,
1136 4539 1360 4610 alimqne
1403 4541 1628 4595 virtutes
1661 4557 1674 4593 :
1718 4549 1774 4595 nt
1813 4541 2020 4596 talibus.

420 4632 592 4686 ornati
612 4631 915 4696 virtutibus,
945 4629 1030 4685 ubi
1062 4630 1113 4683 in
1139 4628 1280 4684 diem
1311 4629 1636 4685 Dominicam
1665 4630 1883 4686 Pascha:
1907 4645 2005 4686 ve-

422 4723 676 4784 nerimus,
709 4721 920 4776 Domini
950 4720 1263 4776 liberalitate
1284 4720 1539 4777 fruamur.
1563 4722 1801 4794 Magnam
1823 4735 2004 4779 autem

422 4827 673 4866 vocamus
703 4810 1114 4878 hebdomadam,
1143 4827 1246 4866 non
1275 4811 1416 4880 quod
1443 4812 1711 4882 longiores
1734 4814 1786 4867 in
1807 4828 1868 4868 ea
1899 4814 2007 4867 sint

425 4903 569 4957 Imm:
598 4920 611 4956 :
645 4912 770 4957 sunt
797 4903 938 4957 enim
969 4902 1088 4956 alite
1111 4917 1230 4972 qua
1268 4902 1434 4956 multo
1465 4902 1693 4972 majores
1720 4902 1878 4957 horas
1906 4903 2002 4956 ha-

423 4994 583 5058 bent;
616 5009 787 5062 neque
811 4991 953 5062 quod
984 4993 1161 5061 plures
1187 4992 1303 5048 dies
1332 4992 1525 5047 habeat
1553 5009 1566 5045 :
1595 5002 1676 5046 est
1697 4992 1837 5045 enim
1867 4993 2006 5048 idem

425 5099 679 5137 mnncrns
717 5084 767 5136 in
799 5083 898 5138 hac
937 5084 1158 5154 aliisque
1195 5081 1464 5137 omnibus.
1509 5082 1684 5150 Quare
1707 5097 1837 5153 ergo
1866 5084 2006 5139 illam

424 5187 677 5228 vocamus
698 5176 979 5243 magnam?
999 5174 1132 5243 Quia
1155 5175 1208 5228 in
1233 5174 1318 5227 illa
1338 5189 1526 5242 magna
1543 5173 1784 5243 quaedam
1803 5183 1856 5230 et
1878 5174 2012 5232 inef-

427 5267 604 5320 fabilia
636 5265 771 5319 bona
812 5266 1150 5336 contigerunt
1176 5264 1350 5320 nobis.
1391 5262 1448 5317 In
1478 5263 1565 5317 illa
1601 5264 1744 5320 enim
1781 5264 2010 5320 solutum

425 5368 510 5410 est
538 5356 731 5411 bellum
775 5355 1036 5410 diutinum
1055 5397 1072 5424 ,
1097 5356 1357 5411 exstincta
1397 5369 1566 5423 mors,
1594 5355 1898 5410 maledictio
1927 5356 2008 5411 in-

426 5458 708 5518 terempta,
733 5447 931 5502 diaboli
953 5449 1189 5519 tyrannis
1206 5447 1482 5516 dissoluta,
1506 5462 1629 5504 vasa
1647 5447 1762 5517 ejus
1787 5446 2009 5518 direpta;

489 5580 562 5641 (η)
582 5581 662 5629 Itis
677 5583 832 5631 tonuit
852 5581 1235 5645 dirimamus,
1255 5595 1348 5633 suo
1369 5589 1593 5645 tempore
1616 5581 1665 5632 in
1685 5592 1821 5629 more
1846 5579 2014 5645 fuisst'.

427 5650 480 5691 ut
505 5657 564 5690 ex
595 5645 824 5700 natibus,
860 5643 1083 5694 confecto
1116 5647 1434 5705 navigationis
1463 5643 1634 5701 cursu,
1671 5649 1931 5705 antequam
1968 5643 2014 5690 iu

429 5713 619 5764 ι-υτιυιιι
641 5707 927 5763 intraretur,
949 5718 1101 5755 onera
1126 5713 1178 5756 et
1200 5709 1401 5759 sarcina:
1427 5707 1770 5764 educerentur,
1793 5711 1843 5754 et
1867 5705 1915 5753 in
1941 5717 2014 5752 su-

427 5779 597 5828 premo
615 5769 834 5819 tabulato
855 5775 1175 5830 mitterentur.

2071 1171 2221 1221 cras,
2268 1167 2323 1213 et
2363 1159 2758 1230 eleemosyoas,
2790 1159 2910 1214 hinc
2944 1158 3254 1214 exhibentes
3293 1173 3450 1224 eum,
3487 1173 3646 1228 quem

2075 1249 2423 1305 hehdomada:
2453 1250 2576 1306 huic
2603 1259 2878 1320 prazstant,
2908 1250 3187 1311 honorent.
3217 1251 3347 1307 Nam
3389 1251 3436 1307 si
3473 1251 3658 1307 Domid

2075 1358 2175 1398 nus
2205 1343 2328 1398 talia
2346 1344 2488 1400 bona
2521 1345 2573 1400 in
2613 1346 2700 1400 illa
2733 1346 2887 1401 nobis
2914 1345 3152 1415 donavit,
3179 1348 3448 1418 quomodo
3471 1364 3577 1402 non
3603 1356 3659 1403 et

2079 1449 2176 1489 nos
2187 1434 2470 1503 dehenms,
2485 1447 2748 1507 quantum
2775 1453 3080 1509 possumus,
3108 1442 3460 1496 reverentiam
3481 1451 3535 1496 et
3559 1441 3657 1498 ho-

2079 1541 2262 1582 norem
2289 1528 2611 1583 ostendere?

2149 1614 2412 1674 Iustitium
2435 1618 2678 1672 indictum
2710 1619 3024 1674 hebdomade
3051 1630 3250 1675 sancta.
3279 1651 3350 1662 -—
3375 1621 3660 1675 Enimvero

2082 1705 2436 1776 Imperatores
2457 1708 2556 1777 ipsi
2575 1710 2738 1778 gestis
2767 1709 2878 1765 suis
2903 1710 3176 1765 declarant
3196 1725 3358 1780 quam
3377 1711 3630 1766 venerahi
3643 1739 3662 1751 ο

2082 1798 2157 1852 les
2183 1797 2303 1852 illos
2328 1798 2443 1854 dies
2483 1800 2744 1864 habeant,
2772 1800 3086 1857 mandaotes
3117 1810 3174 1856 ut
3193 1802 3440 1858 omnibus
3459 1802 3566 1857 sint
3587 1803 3662 1856 in-

2082 1888 2252 1946 ducite
2272 1901 2326 1946 et
2351 1890 2496 1946 feria!
2527 1893 2589 1946 iis
2615 1893 2703 1962 qui
2725 1893 2970 1950 civilibus
2995 1894 3287 1965 funguntur
3311 1896 3554 1965 negotiis,
3584 1906 3665 1949 nt-

2083 1994 2188 2048 que
2215 1980 2530 2036 claudantur
2556 1981 2698 2038 fores
2719 1983 3038 2052 jndiciorum
3058 2025 3074 2051 ,
3103 1993 3158 2039 et
3182 1985 3522 2041 eliminentnr
3549 2000 3666 2039 om-

2085 2086 2180 2126 nes
2209 2072 2378 2127 litium
2405 2083 2460 2128 et
2486 2074 2886 2128 contentionum
2917 2080 3143 2144 species,
3170 2091 3278 2147 quo
3305 2093 3492 2147 magna
3517 2087 3666 2132 tran-

2085 2161 2345 2230 quillitate
2359 2176 2421 2216 ac
2437 2163 2616 2232 quiete
2631 2165 2785 2219 liceat
2802 2164 2868 2219 ad
2879 2165 3170 2236 spiritualia
3188 2176 3330 2222 recte
3348 2168 3664 2236 perficienda

2087 2251 2355 2307 festinare.
2385 2253 2451 2309 Et
2474 2267 2580 2308 non
2600 2253 2702 2310 hoc
2719 2255 2910 2322 solum,
2934 2255 3026 2311 sed
3043 2264 3097 2311 et
3115 2257 3274 2312 aliam
3289 2258 3668 2314 liberalitatem

2087 2342 2376 2399 ostendunt
2404 2360 2419 2398 :
2442 2358 2536 2400 eos
2559 2346 2702 2400 enim
2728 2346 2818 2416 qui
2843 2347 2896 2401 in
2923 2346 3225 2402 carceribus
3249 2357 3395 2414 sunt,
3427 2363 3457 2402 a
3487 2351 3670 2403 vincu-

2089 2434 2154 2490 lis
2176 2436 2424 2503 solvunt,
2461 2446 2514 2493 et
2550 2452 2646 2508 pro
2677 2438 2904 2494 humana
2933 2439 3178 2496 facultate
3207 2440 3487 2496 Dominum
3515 2455 3669 2495 suum

2090 2527 2386 2584 imitantur.
2421 2529 2570 2584 Sicut
2606 2530 2748 2585 enim
2787 2530 2900 2602 ipse
2941 2544 2973 2583 a
3021 2531 3168 2601 gravi
3201 2545 3298 2586 nos
3333 2540 3670 2602 peccatorum

2089 2633 2304 2675 carcere
2359 2620 2576 2687 liberat,
2628 2629 2683 2676 et
2728 2621 3024 2678 innumeris
3067 2622 3220 2677 bonis
3247 2621 3452 2678 afficit:
3484 2623 3672 2679 eodem

2092 2710 2253 2768 modo
2279 2719 2333 2767 et
2360 2711 2514 2767 nobis
2543 2726 2639 2782 pro
2670 2711 2808 2767 virili
2832 2715 3133 2772 iaciendum
3153 2723 3254 2777 est,
3278 2725 3333 2768 ut
3362 2714 3528 2769 simus
3555 2714 3674 2768 imi-

2094 2810 2290 2859 tatores
2319 2802 2696 2858 misericordiae
2731 2804 2940 2860 Domini
2965 2805 3056 2861 Dei
3083 2806 3272 2861 nostri.
3303 2805 3520 2861 Vidistis
3541 2820 3674 2875 quo-

2092 2892 2254 2948 modo
2276 2893 2470 2964 singuli
2496 2893 2548 2948 in
2573 2893 2819 2950 omnibus
2833 2895 3104 2965 specimen
3130 2896 3352 2950 edamus
3373 2895 3489 2966 ejus
3509 2895 3674 2951 hono-

2094 2984 2168 3040 ris
2191 3000 2255 3041 ac
2277 2986 2608 3050 reverentite,
2637 3002 2793 3055 quam
2822 2986 3134 3042 exhibemus
3161 2986 3351 3042 diebus
3371 2987 3436 3042 iis
3462 2987 3552 3057 qni
3579 3001 3678 3042 nov-

2097 3075 2180 3132 bis
2207 3085 2285 3132 tot
2328 3076 2587 3132 bonorum
2625 3091 2801 3132 causa:
2843 3079 3005 3132 sunt?
3033 3077 3270 3134 Proinde
3292 3094 3422 3150 rogo
3458 3093 3606 3134 nunc
3633 3079 3678 3134 si

2096 3183 2349 3238 umquam
2373 3168 2528 3235 alias,
2555 3177 2610 3223 nt
2637 3168 2864 3238 repulsis
2887 3170 3230 3226 mularibus
3250 3170 3678 3241 cogitationibus,

2097 3270 2145 3314 et
2176 3269 2356 3314 mente
2387 3269 2606 3329 purgata
2634 3274 2696 3316 ac
2735 3259 2878 3331 vigili
2906 3259 3012 3316 huc
3047 3261 3448 3317 conveniamus.
3495 3260 3681 3316 Nullus

2096 3351 2375 3408 ecclesiam
2421 3351 2692 3420 ingressus
2718 3351 3002 3407 sa‘culares
3027 3367 3184 3410 curas
3207 3368 3388 3407 secum
3418 3352 3597 3421 ducat,
3625 3363 3688 3410 ne

2096 3444 2255 3510 digna
2283 3442 2520 3497 laborum
2547 3441 2793 3497 mercede
2826 3451 3059 3511 recepta,
3092 3444 3278 3497 iterum
3306 3443 3521 3497 domum
3554 3458 3681 3513 pro-

2102 3535 2266 3590 ficisci
2288 3534 2462 3590 liceat.
2493 3535 2605 3603 Age
2632 3535 2787 3604 igitur
2815 3544 3126 3588 consuetam
3150 3535 3296 3589 vobis
3321 3550 3558 3589 mensam
3587 3537 3682 3590 ite-

2102 3645 2218 3684 rum
2247 3642 2637 3698 proponamus,
2681 3636 2737 3682 et
2775 3626 2842 3682 de
2871 3626 2935 3680 iis
2964 3643 3080 3696 quze
3109 3627 3244 3682 lecta
3274 3636 3396 3682 sunt
3434 3644 3496 3682 ex
3527 3629 3684 3684 beato

2105 3723 2268 3786 Mosa,
2299 3721 2505 3777 caritati
2529 3729 2717 3776 vestrm
2742 3719 3041 3774 convivium
3066 3735 3331 3790 paremus,
3357 3719 3541 3774 eadem
3571 3720 3684 3790 ipsa

2104 3818 2157 3871 in
2179 3814 2410 3871 medium
2439 3811 2765 3868 adducentes
2785 3819 2839 3867 et
2858 3810 3151 3866 indicantes
3177 3810 3375 3866 divina:
3397 3812 3685 3882 Scriptum

2104 3906 2451 3977 diligentiam.
2489 3903 2622 3960 Nam
2661 3913 2936 3973 postquam
2979 3901 3217 3958 historia:
3261 3901 3330 3957 de
3377 3900 3530 3957 beato
3577 3901 3709 3960 Noe-

2107 3998 2266 4052 linem
2315 3995 2586 4066 imposuit,
2639 3993 3002 4063 genealogiam
3047 4001 3440 4061 consequenter
3487 4007 3519 4046 a
3562 3991 3687 4047 Sem

2107 4089 2400 4153 exorditur,
2427 4099 2481 4143 et
2506 4087 2635 4142 dicit
2662 4104 2675 4140 :
2703 4086 2792 4142 2t.
2824 4084 2974 4157 (Gen.
2999 4085 3089 4155 t0)
3107 4083 3173 4138 Et
3203 4085 3324 4139 Seni
3349 4085 3457 4138 nati
3480 4095 3616 4151 sunt,
3644 4097 3690 4139 et

2108 4183 2207 4252 ipsi
2233 4181 2366 4250 patri
2391 4179 2618 4234 omnium
2647 4178 2874 4245 ﬁliorum
2901 4174 3087 4241 "alter,
3118 4177 3267 4247 fratri
3304 4175 3530 4245 Japhetli
3576 4191 3689 4228 nia-

2100 4275 2233 4345 juris
2261 4273 2377 4342 ﬁlii.
2427 4270 2625 4327 Deinde
2649 4268 2893 4325 confecto
2913 4269 3184 4324 nominent
3203 4268 3446 4338 catalogo
3465 4267 3574 4321 ait:
3599 4267 3689 4321 25.

2111 4368 2178 4422 Et
2201 4367 2362 4422 [leber
2379 4366 2486 4420 nati
2506 4375 2622 4420 sunt
2649 4364 2750 4418 duo
2779 4363 2894 4432 ﬁlii,
2919 4379 3099 4417 nomen
3135 4362 3222 4415 uni
3247 4360 3440 4416 Phalec
3462 4376 3481 4416 :
3500 4360 3617 4430 quia
3642 4361 3696 4414 in

2109 4460 2284 4514 diebus
2322 4459 2459 4514 illius
2487 4456 2648 4511 divisa
2682 4465 2754 4510 ut
2803 4464 2962 4509 terra.
3002 4452 3294 4508 Considera
3321 4451 3590 4522 quomodo
3617 4451 3694 4504 si-

2109 4553 2199 4624 gni
2229 4553 2304 4623 (τι)
2332 4566 2436 4605 ιιοιι
2471 4549 2642 4605 multo
2668 4555 2788 4617 post
2822 4545 2981 4601 futuri
3017 4543 3407 4615 praascientiam
3434 4541 3694 4596 vocabulo

2112 4646 2220 4700 nati
2250 4645 2392 4713 pueri
2421 4640 2630 4706 indidit,
2656 4650 2711 4694 ut
2743 4654 2864 4694 cum
2891 4637 3086 4692 videris
3113 4651 3224 4690 rem
3249 4649 3414 4704 opere
3436 4632 3698 4705 adimple-

2112 4746 2243 4802 tam,
2275 4749 2381 4790 non
2408 4733 2541 4787 ultra
2566 4729 3004 4795 mireris,_videns
3027 4728 3282 4784 divinihts
3303 4726 3576 4798 hocpneri
3598 4742 3697 4780 no-

2112 4830 2256 4883 mine
2295 4825 2626 4898 praedietum.
2673 4821 2804 4876 Nam
2853 4827 3130 4892 postquam
3173 4819 3470 4888 cauilogum
3509 4832 3695 4872 eorum

2113 4920 2258 4984 fecit,
2287 4917 2377 4987 qni
2407 4923 2591 4984 postea
2632 4914 2738 4968 nati
2780 4921 2925 4976 sunt,
2954 4913 3168 4981 inquit:
3203 4911 3256 4966 t.
3297 4909 3448 4981 (Cap.
3494 4908 3584 4976 ll)
3631 4905 3699 4960 Et

2112 5018 2221 5066 erat
2259 5007 2423 5064 omnis
2448 5016 2581 5062 terra
2610 5003 2797 5058 labium
2842 5019 2997 5056 unum
3018 5044 3033 5069 ,
3060 5013 3106 5060 et
3147 5017 3244 5057 vos
3280 5017 3382 5057 una
3423 4999 3654 5056 omnibus
3683 5015 3694 5047 :

2117 5117 2222 5156 non
2269 5098 2338 5154 de
2387 5106 2525 5152 terra
2568 5095 2813 5164 loquens,
2843 5093 2936 5150 sed
2982 5093 3050 5148 de
3081 5093 3354 5148 hominum
3396 5105 3612 5161 genere,
3647 5100 3705 5144 ut

2118 5206 2215 5246 nos
2262 5189 2452 5243 doceat
2482 5201 2640 5240 unam
2671 5184 2901 5255 linguam
2927 5184 3072 5238 omni
3101 5183 3372 5238 hominum
3408 5182 3572 5236 fuisse
3602 5194 3701 5234 na-

2119 5293 2269 5336 tnrze.
2298 5277 2362 5332 Et
2382 5287 2489 5331 erat
2517 5277 2678 5330 omnis
2703 5286 2835 5330 terra
2862 5275 3050 5331 fabium
3077 5291 3250 5338 unum,
3278 5283 3322 5328 et
3349 5289 3445 5328 eoa:
3470 5287 3570 5325 una
3591 5287 3702 5326 om-

2119 5376 2282 5430 nibus.
2315 5374 2522 5428 Lubiam
2560 5388 2737 5438 unum,
2764 5385 3063 5426 sermonem
3089 5368 3236 5432 dicit,
3265 5376 3320 5422 et
3344 5366 3571 5437 idipsum
3604 5366 3699 5419 ite-

2122 5485 2237 5523 rum
2268 5483 2361 5538 per
2396 5481 2578 5522 vocem
2622 5463 2854 5529 indicat,
2882 5463 3187 5532 significans
3224 5475 3414 5516 omnes
3455 5473 3580 5514 usos
3607 5471 3697 5511 ca-

2122 5563 2243 5618 dein
2273 5575 2401 5616 voce
2428 5567 2484 5615 et
2522 5558 2715 5628 lingua.
2749 5556 2814 5610 Et
2836 5555 2978 5626 quod
3015 5555 3084 5611 de
3125 5554 3332 5625 loquela
3361 5552 3591 5615 dicatur,
3632 5547 3700 5603 Et

2182 5700 2255 5760 (τι)
2289 5707 2355 5750 Dc
2391 5702 2530 5763 signo
2581 5712 2669 5749 seu
2709 5696 2936 5748 miraculo
2981 5695 3229 5747 divisionis
3294 5691 3566 5754 linguarum
3626 5684 3711 5734 l0—.

2123 5772 2302 5827 qutttu'.
