4102 6204
413 289 521 347 επ.

410 421 530 468 erat
570 405 732 464 omnis
769 413 902 460 terra
945 402 1135 458 labium
1175 419 1366 469 unum,
1398 400 1521 457 audi
1549 400 1875 470 Scriptorum
1903 399 2008 454 alio

423 499 545 553 loco
579 497 840 552 dicentem
870 513 884 550 :
943 494 1195 550 Venenum
1232 493 1468 564 aspidem
1507 489 1598 547 sub
1647 490 1793 546 labiis
1837 505 2011 544 eorum

421 592 444 659 ί
476 588 623 646 Psal.
659 588 783 645 l39.
811 589 846 645 4
867 588 909 659 ).
943 587 1018 643 Ita
1043 587 1184 643 solet
1209 585 1482 656 Scriptura
1510 584 1766 639 labiorum
1795 582 2011 637 nomine
2061 603 2066 607 η

421 682 691 752 loquelam
720 681 1011 752 appellare.
1041 679 1097 734 2.
1125 678 1191 734 Et
1207 682 1397 750 factum
1423 687 1495 732 est
1520 693 1634 731 eum
1661 683 1910 730 moverent
1935 673 2011 726 illi

418 775 485 828 ab
513 771 738 840 Oriente,
769 772 1064 826 invenerunt
1082 785 1320 840 campum
1337 769 1550 823 interra
1571 766 1826 832 Sennaar,
1853 773 1898 819 et
1919 763 2012 816 Ita.

420 864 701 920 bitaoerunt
729 864 858 919 illic.

493 955 549 1008 ε.
591 953 832 1009 lluntana
851 962 1039 1009 natura
1061 968 1260 1024 majora
1283 967 1481 1022 semper
1503 949 1714 1022 appetit.
1751 946 1808 1002 Μ
1812 947 2013 1003 emoriar

422 1056 628 1100 (sternte
668 1045 939 1115 cupiditas.
971 1073 1044 1087 -
1073 1043 1208 1100 Vide
1243 1041 1511 1114 quomodo
1550 1040 1778 1096 humana
1825 1047 2011 1094 natura

424 1151 532 1192 non
565 1145 738 1206 potest
761 1135 1056 1192 subsistere
1087 1134 1226 1190 intra
1250 1147 1378 1189 suos
1405 1132 1624 1199 limites,
1654 1130 1748 1187 sed
1784 1129 2011 1200 amplius

423 1227 830 1296 concupiscens,
863 1227 1069 1297 majora
1096 1241 1256 1296 supra
1285 1239 1346 1281 se
1363 1225 1586 1296 appetit.
1615 1225 1788 1294 Atque
1812 1222 1913 1278 hoe
1930 1231 2015 1277 est

423 1317 568 1388 quod
607 1317 897 1374 humanum
942 1332 1111 1389 genus
1138 1317 1468 1389 potissimum
1513 1315 1708 1386 perdit,
1753 1316 1876 1386 quia
1906 1329 2012 1370 non

423 1409 540 1464 vult
569 1418 776 1465 natum
811 1423 926 1466 suae
966 1423 1272 1465 mensuram
1313 1421 1641 1479 agnoscere,
1669 1407 1765 1464 sed
1802 1421 2014 1476 semper

425 1501 632 1572 majora
675 1501 907 1572 appetit,
955 1509 1012 1557 et
1039 1515 1159 1572 qua:
1185 1515 1345 1572 supra
1371 1515 1523 1556 suam
1548 1507 1676 1558 sunt
1701 1498 2012 1569 dignitatem

425 1592 568 1649 votis
606 1593 856 1663 concipit.
899 1591 1034 1648 Hinc
1071 1601 1128 1648 et
1155 1592 1249 1664 qui
1299 1591 1564 1646 mundana
1590 1591 1920 1661 suspiciunt,
1968 1589 2015 1645 si

363 1742 367 1745 ,
425 1683 643 1754 quando
666 1684 834 1740 multo
850 1683 1237 1740 abundaverint
1263 1699 1416 1751 auro,
1442 1691 1497 1738 et
1523 1690 1766 1753 potentes
1795 1680 2012 1747 fuerim,

427 1776 582 1846 quasi
603 1775 754 1834 obliti
779 1791 889 1832 sua:
909 1785 1135 1842 natum,
1166 1777 1221 1831 in
1242 1783 1441 1830 tantum
1461 1789 1520 1830 se
1546 1773 1812 1844 fastigium
1833 1772 2016 1829 ell'erri

429 1867 650 1934 volunt,
695 1867 868 1924 donec
915 1867 968 1922 in
1015 1865 1335 1937 profundum
1365 1866 1538 1936 ipsum
1568 1863 1901 1935 dcjiciantur.
1948 1862 2015 1920 Et

428 1957 536 2015 hoc
581 1958 823 2015 videmus
866 1958 1102 2030 quotidie
1142 1958 1485 2028 contingere,
1511 1957 1753 2028 quamvis
1792 1970 1890 2012 nec
1916 1954 2017 2011 hac

429 2049 636 2107 ratione
683 2049 1075 2106 emendatiores
1111 2046 1342 2105 evadant
1385 2047 1476 2103 alii
1503 2065 1517 2102 :
1545 2046 1639 2103 sed
1668 2047 1767 2103 etsi
1797 2045 1861 2101 ad
1894 2061 2017 2116 par-

429 2157 556 2198 vum
577 2149 788 2211 tempus
809 2140 1192 2211 reprimuntur,
1209 2139 1384 2194 subito
1402 2147 1577 2194 tamen
1593 2137 1829 2193 omnium
1844 2136 2016 2202 obliti,

431 2234 625 2291 iterum
649 2231 892 2288 eamdem
922 2231 1176 2287 incedunt
1199 2230 1370 2297 viam,
1399 2238 1454 2286 et
1478 2229 1532 2285 in
1557 2227 1744 2284 eadem
1771 2226 2018 2298 praecipi-

432 2324 504 2379 tia
529 2321 840 2379 deferuntur
887 2337 903 2375 :
955 2319 1006 2377 id
1049 2320 1191 2392 quod
1229 2329 1284 2376 et
1309 2335 1451 2376 nunc
1487 2319 1672 2376 videre
1715 2319 1840 2374 licet
1880 2318 2018 2389 apud

431 2415 565 2470 istos
593 2412 812 2470 factum.
842 2411 909 2467 Et
930 2415 1122 2484 factum
1149 2420 1223 2466 est
1251 2427 1365 2465 eum
1386 2419 1635 2466 moverent
1654 2410 1732 2465 illi
1753 2409 1817 2464 ab
1839 2407 2020 2464 Orieno

431 2517 504 2573 te,
530 2506 823 2561 invenerunt
850 2521 1087 2576 campum
1113 2504 1166 2559 in
1185 2513 1320 2558 terra
1335 2504 1590 2570 Sennaar,
1610 2513 1659 2559 et
1677 2502 2021 2556 habitaverunt

432 2599 562 2654 illic.
591 2597 721 2654 Vide
745 2597 1012 2668 quomodo
1039 2596 1292 2668 paulatim
1319 2596 1476 2652 docet
1498 2611 1594 2652 nos
1626 2594 1870 2650 instabile
1901 2594 2020 2649 illo-

433 2704 553 2745 rum
584 2687 936 2759 prapositum.
962 2687 1222 2757 Quoniam
1243 2687 1511 2751 viderunt,
1536 2687 1722 2758 inquit,
1750 2700 2019 2756 campum,

433 2782 766 2853 migrantes,
797 2791 851 2837 et
879 2781 1068 2838 relicto
1103 2780 1268 2852 priori
1293 2780 1448 2848 loco,
1477 2779 1585 2835 illic
1629 2780 2020 2836 habitaverunt.

433 2875 642 2932 Deinde
664 2874 828 2930 dicit:
860 2875 914 2930 5.
950 2873 1092 2928 Dixit
1116 2873 1456 2943 unusquisque
1482 2873 1713 2939 proximo
1741 2889 1834 2926 suo
1867 2886 1885 2926 :
1923 2870 2022 2924 Ve-

435 2969 559 3033 nite,
588 2968 918 3036 conﬁdamus
940 2968 1138 3031 lateres,
1169 2975 1216 3022 et
1241 2981 1512 3035 coquantur
1539 2981 1623 3019 eos
1651 2965 1774 3035 igni.
1807 2963 1874 3017 Et
1900 2963 2023 3033 facti

435 3067 554 3115 sunt
582 3057 686 3112 illis
709 3057 890 3112 lateres
914 3058 968 3112 in
993 3055 1238 3126 lapidem,
1261 3065 1308 3110 et
1330 3055 1551 3110 bitumen
1575 3064 1680 3109 erat
1709 3054 1811 3109 illis
1836 3053 2022 3108 lutum.

438 3152 496 3206 4.
527 3147 594 3202 Et
619 3147 857 3202 dixerunt
884 3165 899 3202 :
938 3146 1147 3214 Venite,
1175 3147 1482 3216 azdificemus
1510 3146 1652 3200 nobis
1675 3146 1921 3200 civitatem
1940 3186 1954 3209 ,
1979 3153 2025 3198 et

437 3240 641 3304 turrim,
681 3239 828 3310 cujus
852 3248 1008 3309 caput
1033 3238 1126 3292 erit
1152 3254 1308 3308 usque
1341 3238 1394 3292 in
1431 3238 1647 3305 ca’lum,
1687 3247 1734 3292 et
1779 3237 2026 3309 faciamus

438 3332 583 3387 nobis
621 3332 746 3402 ipsis
775 3348 989 3397 nomen,
1022 3333 1316 3402 priusquam
1353 3332 1704 3403 disperguntur
1745 3347 1895 3401 super
1918 3346 2028 3385 om-

439 3441 554 3480 nem
578 3434 782 3480 terram.
816 3424 948 3481 Vide
975 3425 1243 3496 quomodo
1269 3425 1559 3480 abutuntur
1576 3423 1844 3479 communi
1872 3438 2022 3490 voce,

439 3526 495 3573 et
513 3518 780 3590 quomodo
805 3534 997 3574 vanum
1022 3519 1142 3575 vita:
1168 3519 1496 3590 pr0positum
1518 3518 1585 3573 sit
1607 3518 1891 3573 multorum
1915 3530 2028 3571 ma-

441 3612 616 3668 lorum
650 3613 882 3669 occasio.
920 3611 1114 3680 Venite,
1148 3613 1336 3683 inquit,
1370 3612 1616 3682 faciamus
1644 3612 1840 3676 lateres,
1869 3621 1916 3666 et
1941 3627 2027 3665 co-

441 3719 654 3770 quamns
679 3720 762 3758 eos
787 3703 913 3774 igni.
945 3703 1010 3758 Et
1037 3704 1160 3774 facti
1183 3713 1302 3758 sunt
1334 3702 1437 3757 illis
1471 3702 1649 3757 lateres
1677 3703 1730 3756 in
1771 3701 2024 3772 lapidem,

441 3806 489 3851 et
529 3795 747 3850 bitumen
786 3797 839 3850 in
883 3812 1098 3851 coemtm.
1147 3796 1280 3852 Vide
1307 3807 1501 3865 quanta
1532 3797 1816 3851 securitate
1846 3796 2028 3851 volunt

441 3888 732 3954 aediﬁcare,
772 3887 1073 3944 nescientes
1104 3887 1230 3942 illud
1247 3921 1262 3947 ,
1287 3887 1403 3942 Nisi
1429 3886 1680 3942 Dominus
1706 3887 2029 3956 tedi/icaverit

443 3978 668 4042 domum,
695 3978 752 4032 in
769 3995 953 4033 vanum
969 3978 1320 4033 laboraverunt
1337 3980 1424 4048 qui
1441 3977 1696 4047 adi/icon!
1717 3993 1827 4032 eam
1851 3976 2026 4049 (Psal.

444 4071 572 4126 1‘26.
605 4071 679 4143 l).
713 4071 778 4126 Et
804 4072 1128 4142 adi/iremus,
1155 4071 1417 4143 inquiunt,
1447 4071 1588 4127 nobis
1609 4073 1856 4126 civitatem
1875 4087 1894 4126 :
1922 4087 2029 4126 non

443 4165 576 4227 Deo.
608 4164 702 4220 sed
735 4163 898 4220 Nobis
925 4165 1069 4234 ipsis.
1099 4163 1252 4228 Vide,
1284 4177 1402 4229 oro,
1432 4179 1590 4234 quant
1628 4164 1849 4218 invaluit
1875 4162 2030 4216 mali-

444 4257 516 4310 tia
542 4273 556 4310 :
588 4255 844 4310 habentes
867 4253 1043 4309 adhuc
1062 4262 1331 4309 recentem
1355 4254 1666 4308 memoriam
1691 4253 1956 4323 generalis
1978 4252 2030 4307 in

443 4349 648 4403 diluvio
676 4349 948 4407 interitus,
1001 4346 1052 4400 in
1085 4355 1284 4400 tantam
1321 4346 1618 4402 inciderunt
1654 4347 1932 4402 insaniam.
1964 4345 2034 4401 Et

445 4441 778 4507 wdiﬁcemus,
808 4437 997 4507 inquit,
1023 4437 1162 4493 nobis
1190 4438 1456 4504 civitatem,
1481 4448 1527 4492 et
1559 4439 1756 4504 turrim,
1783 4440 1928 4509 cujus
1948 4456 2034 4493 ca-

446 4540 538 4600 put
558 4531 651 4584 erit
671 4546 825 4598 usque
852 4530 905 4584 in
925 4530 1123 4584 caelum.
1147 4528 1371 4584 Nomine
1389 4529 1505 4584 οωιί
1533 4543 1793 4584 summam
1822 4530 2032 4584 illorum

449 4622 724 4678 audaciam
771 4621 1043 4693 Scriptura
1073 4621 1250 4676 divina
1280 4621 1535 4676 declarat.
1569 4619 1632 4674 Et
1655 4622 1924 4692 faciamus,
1955 4623 2035 4678 in-

447 4717 596 4785 quit,
637 4715 907 4786 nobisipsis
949 4731 1149 4770 nomen.
1194 4713 1411 4770 Vidistis
1466 4715 1698 4770 radicem
1743 4716 1900 4770 mali?
1932 4715 2032 4782 Ut,

449 4811 643 4883 inquit,
673 4818 982 4882 perpetuam
1009 4809 1322 4865 memoriam
1344 4823 1755 4879 consequamur,
1785 4818 1842 4864 ut
1867 4810 2036 4864 nostri

450 4911 710 4974 perpetuo
759 4915 1027 4958 memores
1072 4901 1179 4956 sint
1221 4901 1419 4971 posteri
1451 4917 1469 4958 :
1502 4901 1606 4957 tale
1653 4901 1756 4956 erit
1795 4911 2035 4956 nostrum

450 5009 619 5065 opus,
649 5003 709 5050 ut
752 5008 1041 5064 numquam
1067 4993 1320 5050 oblivioni
1351 4992 1608 5048 tradatur.
1657 4992 1722 5046 Et
1749 4991 1851 5046 hoc
1881 4991 2039 5046 facia-

451 5101 572 5142 mus
603 5086 910 5157 Priusquam
942 5086 1289 5156 dispergamur
1307 5101 1458 5156 super
1481 5086 1661 5156 faciem
1686 5085 1848 5138 onmis
1870 5094 2034 5138 terrae.

454 5177 673 5245 Adhuc,
707 5177 876 5249 inquit
897 5219 912 5244 ,
939 5178 1242 5248 congregati
1271 5177 1412 5247 quod
1433 5176 1587 5232 nobis
1613 5177 1784 5232 visum
1809 5187 1891 5232 est
1917 5176 2040 5231 elu-

451 5272 654 5326 ciamus
674 5310 690 5336 ,
722 5279 782 5324 ut
812 5269 1041 5340 posteris
1068 5279 1383 5340 perpetuum
1423 5285 1616 5325 nomen
1655 5269 2033 5339 relinquamus.

455 5366 594 5420 Sunt
622 5363 770 5418 multi
798 5364 960 5419 etiam
987 5362 1146 5419 hodie
1173 5361 1261 5434 qui
1291 5362 1410 5418 illos
1441 5361 1733 5425 imitantur,
1763 5369 1819 5415 et
1848 5361 2040 5418 talibus

455 5456 706 5526 operibus
724 5455 985 5511 celebrari
1008 5455 1211 5520 volunt,
1239 5453 1327 5522 qui
1357 5451 1666 5523 splendidas
1690 5449 1881 5506 domus
1906 5453 2038 5508 :edi-
2077 5479 2085 5484 -

459 5545 642 5614 licant,
665 5554 720 5602 et
747 5545 976 5614 lavacra,
1003 5554 1058 5602 et
1082 5546 1316 5615 porticus
1337 5585 1352 5610 ,
1395 5552 1450 5600 et
1478 5543 1871 5599 deambulacra.
1898 5545 2041 5611 Quo-

460 5653 576 5693 rum
603 5638 648 5694 si
667 5637 896 5708 aliquem
920 5637 1221 5708 rogaveris,
1253 5650 1418 5707 quare
1439 5635 1509 5690 ita
1547 5634 1748 5692 laboret
1770 5643 1826 5692 ct
1849 5635 2038 5706 fatige-

460 5737 568 5797 tur,
620 5738 903 5802 tantosque
959 5730 1301 5802 pecuniarum
1351 5737 1592 5803 sumptus
1631 5729 1806 5799 iaciat,
1839 5745 2039 5804 eosque

1095 286 1152 344 S.
1191 283 1470 342 JOANNIS
1496 279 1970 342 CHRYSOSTOMI
2007 278 2326 340 ARCIIIEP.
2365 231 2898 344 CONSTAN’I'INOi’.

3589 287 3704 347 276

2119 401 2335 458 inutiles
2363 419 2378 458 :
2407 403 2539 459 nihil
2579 404 2722 460 aliud
2751 405 2955 474 audies,
2982 419 3141 476 quam
3166 403 3282 461 haec
3308 404 3492 473 verba,
3515 416 3572 461 ut
3605 406 3711 461 im-

2117 494 2359 550 mortalis
2381 506 2627 552 servetur
2651 498 2927 565 memoria,
2953 507 3010 554 et
3027 497 3237 554 dicatur
3263 498 3404 553 illius
3421 513 3544 554 esse
3565 497 3712 554 hanc

2117 587 2354 654 domum,
2381 589 2522 646 illius
2551 588 2692 645 hunc
2715 605 2922 661 agrum.
2953 591 3022 645 At
3046 589 3149 646 hoc
3171 605 3278 646 non
3302 600 3386 648 est
3411 592 3626 648 laudem
3652 605 3713 647 et

2118 679 2464 745 memoriam,
2491 681 2585 736 sed
2617 681 2820 736 crimen
2862 681 2963 737 sibi
3000 697 3213 753 parare.
3253 681 3386 738 Nam
3425 685 3608 739 statim
3639 683 3711 739 ad

2119 767 2236 824 hrec
2261 769 2649 842 subjungentur
2674 771 3019 841 plurimarum
3042 774 3484 828 contumeliarum
3512 775 3704 839 verba;

2118 873 2311 929 nempe
2331 859 2490 930 hujus
2509 869 2592 917 est
2608 861 2776 927 avari,
2813 860 2971 931 hujus
2998 863 3226 934 rapacis,
3253 862 3408 934 hujus
3428 865 3712 920 viduarum

2117 962 2173 1010 et
2199 953 2558 1024 orphanorum
2589 955 2908 1026 spoliatoris.
2938 955 3104 1028 Igitur
3127 957 3229 1014 hoc
3257 973 3362 1012 non
3387 966 3470 1016 est
3494 973 3713 1014 memo-

2118 1044 2249 1100 riam
2264 1045 2498 1116 assequi,
2522 1047 2618 1102 sed
2644 1047 2914 1117 perpetuis
2939 1047 3098 1119 objiei
3120 1047 3450 1115 criminibus,
3467 1058 3525 1105 et
3543 1051 3714 1106 etiam

2117 1143 2240 1205 post
2266 1145 2491 1192 mortem
2522 1137 2788 1206 infamari,
2810 1153 2875 1195 ac
2893 1147 3254 1209 spectatorum
3273 1140 3480 1213 linguas
3505 1157 3704 1199 acuere

2120 1227 2172 1280 in
2200 1225 2582 1297 blasphemiam
2603 1269 2618 1294 ,
2646 1237 2702 1284 et
2727 1229 3121 1285 accusationem
3156 1229 3275 1301 ejus
3302 1232 3391 1302 qui
3418 1232 3503 1287 illa
3534 1234 3713 1304 possi—

2118 1316 2230 1373 det.
2260 1318 2412 1387 Quod
2455 1319 2501 1376 si
2531 1320 2750 1375 omnino
2777 1329 3032 1376 mternam
3061 1323 3374 1378 memoriam
3403 1338 3570 1389 amas,
3604 1339 3713 1395 ego

2120 1409 2212 1464 tibi
2244 1411 2382 1464 viam
2411 1410 2742 1475 monstrabo,
2763 1425 2864 1481 qua
2887 1412 3089 1483 poteris
3107 1427 3324 1483 semper
3344 1413 3625 1480 celebrari,
3655 1423 3715 1470 et

2118 1513 2240 1569 quas
2262 1498 2408 1555 dabit
2431 1499 2525 1556 tibi
2552 1499 2798 1556 ﬁduciam
2825 1501 2879 1557 in
2900 1502 3080 1558 futuro
3105 1503 3325 1558 steculo.
3346 1502 3586 1571 Quonam
3614 1519 3713 1574 pa-

2121 1601 2209 1647 cto
2231 1591 2389 1664 igitur
2415 1593 2617 1663 poteris
2642 1601 2698 1649 et
2722 1594 3150 1659 commemorari,
3177 1602 3234 1650 et
3253 1594 3511 1650 celebrari
3531 1595 3715 1664 quoti-

2119 1684 2229 1753 die,
2254 1684 2620 1756 encomiisque'
2635 1684 2790 1742 evehi
2811 1687 2970 1742 etiam
2996 1695 3116 1757 post
3141 1686 3281 1743 hanc
3308 1687 3510 1742 vitam?
3530 1687 3585 1743 Si
3611 1687 3715 1744 has

2120 1776 2372 1848 pecunias
2397 1777 2449 1832 in
2479 1792 2668 1834 manus
2697 1778 2916 1848 inopum
2946 1779 3245 1850 dispenses,
3277 1779 3481 1836 relictis
3519 1780 3715 1850 lapidi-

2121 1869 2241 1935 bus,
2264 1870 2468 1942 magnis
2491 1870 2753 1939 tedillciis,
2787 1872 2947 1938 villis,
2967 1882 3020 1929 et
3045 1871 3270 1928 balneis.
3299 1873 3426 1928 llaec
3449 1873 3714 1929 memoria

2121 1963 2432 2018 innumeros
2457 1963 2549 2018 tibi
2575 1963 2857 2020 thesauros
2879 1965 3149 2029 conciliat,
3177 1964 3294 2020 haec
3313 1967 3567 2021 memoria
3592 1982 3718 2021 sar-

2120 2053 2294 2108 cinam
2324 2063 2662 2124 peccatorum
2692 2054 2922 2120 alleviat,
2954 2057 3067 2111 hinc
3092 2056 3310 2110 multam
3339 2055 3431 2111 tibi
3462 2053 3716 2112 ﬁduciam

2120 2146 2260 2217 apud
2307 2147 2586 2202 Dominum
2633 2147 2901 2204 conciliat.
2945 2146 3151 2220 Cogita,
3201 2149 3461 2212 obsecro,
3492 2157 3548 2204 et
3594 2149 3719 2205 ἤεισα

2123 2240 2284 2296 verba
2311 2255 2432 2310 quae
2471 2239 2661 2311 singuli
2705 2239 2897 2296 dicturi
2935 2249 3094 2306 sttnt,
3125 2249 3376 2296 vocantes
3403 2241 3716 2296 misericor-

2123 2332 2266 2400 dem,
2285 2333 2591 2404 benignum,
2614 2341 2969 2400 mansuetum,
2987 2347 3226 2402 suavem,
3254 2343 3360 2387 tam
3382 2333 3582 2404 largum
3601 2333 3719 2387 dis-

2123 2432 2483 2496 pensatorem.
2513 2423 2764 2494 Dispersit
2807 2424 2974 2492 enim,
3004 2423 3192 2493 inquit,
3227 2423 3364 2478 dedit
3385 2425 3718 2494 pauperibus;

2115 2515 2317 2587 justitia
2345 2517 2452 2586 ejus
2477 2525 2645 2572 manet
2682 2517 2736 2570 in
2764 2517 3005 2571 saeculum
3034 2515 3204 2588 (l’sal.
3239 2516 3362 2571 lll.
3391 2514 3472 2586 9}.
3515 2515 3718 2586 Hujus-

2125 2604 2268 2660 modi
2289 2607 2429 2660 enim
2458 2615 2582 2662 sunt
2633 2607 2974 2676 pecuniarum
3014 2607 3243 2672 divitize;
3297 2605 3558 2678 dispersa:
3596 2621 3719 2661 ma-

2126 2705 2285 2760 nent;
2332 2697 2376 2751 si
2422 2697 2750 2753 retineantur
2775 2705 2830 2752 et
2857 2696 3262 2763 concludantur,
3301 2699 3462 2753 etiam
3505 2713 3565 2752 sc
3593 2713 3723 2752 sero

2125 2795 2340 2841 vantcm
2367 2801 2548 2842 secum
2593 2787 2842 2858 perdunt.
2891 2787 3141 2858 Dispersit
3169 2788 3332 2854 enim,
3363 2788 3554 2858 inquit,
3579 2786 3720 2842 dedit

2127 2880 2451 2951 pauperibus.
2474 2879 2578 2936 Sed
2605 2879 2725 2935 audi
2745 2895 2866 2951 qua:
2884 2889 3176 2950 sequuntur
3203 2896 3218 2933 :
3247 2879 3456 2934 Iustitia
3480 2881 3587 2950 ejus
3606 2897 3719 2932 ma-

2128 2983 2208 3027 net
2221 2973 2272 3026 in
2285 2971 2545 3028 steculum.
2566 2971 2684 3028 Uno
2697 2971 2785 3027 die
2800 2971 3010 3026 divitias
3029 2971 3298 3042 dispersit,
3318 2971 3584 3041 etjustitia
3598 2970 3718 3040 ejus

2128 3075 2310 3120 manet
2345 3064 2398 3120 in
2433 3063 2722 3131 saeculum,
2763 3072 2818 3120 et
2847 3063 3157 3120 memoriam
3189 3062 3312 3118 facit
3338 3062 3714 3118 immortalem.

2203 3157 2257 3212 3.
2292 3154 2554 3211 Memoria:
2578 3156 2656 3210 sui
2679 3155 3020 3226 relinquenda:
3047 3155 3176 3209 ratio
3205 3157 3418 3225 optima.
3435 3185 3506 3194 —
3526 3154 3717 3210 Vidisti

2129 3249 2465 3316 memoriam,
2488 3262 2608 3319 qua:
2635 3261 2694 3304 se
2709 3248 2761 3302 in
2780 3263 2940 3303 omne
2959 3247 3212 3302 sarculum
3233 3248 3514 3302 extendit?
3539 3245 3718 3301 vidisti

2129 3339 2442 3394 memoriam
2469 3337 2673 3408 magnis
2695 3346 2750 3394 et
2775 3337 3131 3393 inell‘abilibus
3160 3337 3372 3407 plenam
3397 3337 3589 3392 bonis?
3615 3336 3718 3392 Ta-

2130 3429 2270 3486 libus
2290 3429 2528 3485 tcdiliciis
2545 3429 2710 3485 nostri
2729 3432 3041 3484 memoriam
3069 3428 3375 3500 relinquere
3387 3429 3718 3484 studeamus.

2132 3525 2265 3581 Nam
2288 3523 2551 3595 lapidibus
2575 3523 2888 3588 tedilicasse,
2911 3537 3018 3577 non
3044 3522 3213 3576 solum
3233 3521 3362 3576 nihil
3387 3521 3541 3576 nobis
3560 3520 3720 3591 prod-

2131 3630 2252 3672 esse
2300 3615 2532 3686 poterit,
2578 3613 2676 3670 sed
2702 3628 2802 3669 nos
2839 3613 3095 3669 continuo
3123 3622 3393 3683 tamquam
3439 3614 3719 3678 columna,

2136 3708 2280 3763 clara
2312 3722 2442 3762 voce
2473 3705 2769 3760 infamabit.
2803 3705 2868 3759 Et
2894 3719 2991 3760 nos
3031 3704 3153 3760 hinc
3179 3704 3390 3760 abimus
3417 3703 3722 3760 deterentes

2133 3806 2346 3870 peccata
2377 3797 2499 3852 inde
2526 3805 2696 3867 parta,
2719 3805 2773 3851 et
2794 3795 3016 3850 aedilicia
3045 3796 3131 3851 hic
3158 3795 3513 3866 relinquimus
3542 3811 3556 3849 :
3591 3794 3720 3864 quin

2134 3905 2234 3945 nec
2279 3887 2523 3959 frigidam
2576 3887 2720 3942 illam
2769 3896 2824 3942 et
2879 3887 3119 3941 inutilem
3169 3886 3483 3942 memoriam
3532 3900 3723 3940 conse-

2133 3979 2370 4050 quimur,
2398 3977 2492 4033 sed
2521 3976 2700 4047 potius
2749 3975 2958 4046 probris
3000 3976 3368 4046 deturpamur,
3421 3989 3724 4044 nomenque

2134 4073 2312 4129 statim
2343 4070 2534 4126 transit
2564 4068 2630 4123 ad
2656 4069 2904 4123 alterum.
2933 4067 3143 4124 Etenim
3175 4068 3252 4122 sic
3281 4083 3339 4122 se
3374 4082 3461 4123 res
3487 4066 3684 4122 habent
3703 4107 3721 4130 ,

2135 4173 2196 4219 ut
2221 4163 2290 4218 ab
2329 4163 2432 4218 hoc
2468 4161 2536 4217 ad
2558 4161 2727 4216 alium
2779 4168 3087 4226 transeant,
3119 4169 3174 4215 et
3210 4159 3395 4216 abillo
3434 4159 3627 4214 iterum
3667 4159 3723 4214 in

2137 4257 2319 4311 alium.
2367 4255 2435 4309 Et
2485 4253 2644 4310 hodie
2690 4251 2905 4322 quidem
2957 4252 3148 4306 domus
3196 4251 3474 4307 dicebatur
3528 4250 3722 4320 hujus,

2138 4361 2258 4402 cras
2324 4345 2462 4400 illius
2494 4386 2510 4412 ,
2564 4342 2858 4414 postridie,
2914 4342 3122 4398 dicetur
3176 4342 3418 4398 alterius.
3504 4327 3725 4396 interim

2137 4447 2327 4510 Sponte
2376 4452 2474 4491 nos
2522 4436 2666 4506 ipsos
2715 4434 3044 4504 decipimus,
3105 4444 3354 4504 putantes
3400 4448 3500 4489 nos
3545 4432 3726 4487 domi-

2138 4533 2284 4588 nium
2314 4529 2578 4601 quoddam
2611 4527 2918 4598 possidere,
2943 4528 3244 4582 nescientes
3288 4542 3384 4581 nos
3409 4525 3580 4580 solum
3627 4540 3728 4580 usu

2141 4622 2319 4695 potiri,
2344 4630 2398 4676 et
2420 4619 2662 4684 velimus,
2689 4618 2940 4684 nolimus,
2959 4617 3077 4672 aliis
3104 4617 3220 4673 hmc
3237 4617 3535 4673 concedere
3562 4634 3576 4670 :
3603 4632 3730 4670 nam

2140 4716 2283 4788 quod
2310 4714 2500 4785 quibus
2543 4713 2809 4774 nolumus,
2842 4710 2893 4764 id
2929 4710 3037 4780 jam
3069 4721 3354 4782 prattereo.
3383 4706 3616 4764 Omnino
3645 4719 3731 4763 ta-

2143 4825 2288 4873 men,
2321 4807 2366 4862 si
2397 4805 2708 4862 memoriam
2740 4802 3100 4872 concupiscis,
3131 4812 3186 4858 et
3214 4803 3371 4873 lmjus
3401 4802 3494 4856 tibi
3523 4811 3731 4856 tantum

2144 4904 2376 4959 studium
2420 4909 2502 4956 est
2532 4918 2546 4956 :
2574 4898 2696 4954 audi
2739 4898 3011 4968 quomodo
3052 4895 3224 4950 viduae
3270 4907 3538 4949 memores
3578 4902 3736 4947 erant

2143 4995 2422 5062 Tabithm,
2473 5001 2529 5049 et
2568 4990 2840 5062 quomodo
2879 4988 3296 5046 circumstabant
3329 4987 3548 5042 Petrum
3592 4984 3730 5040 llen-

2145 5099 2260 5154 tes,
2299 5097 2354 5144 et
2408 5086 2835 5142 demonstrantes
2884 5084 3089 5139 tunicas
3126 5091 3182 5138 et
3225 5090 3436 5145 vestes,
3476 5095 3608 5151 quas
3652 5080 3732 5133 la-

2143 5180 2319 5237 clebat
2356 5179 2461 5235 illis
2503 5179 2730 5242 Dorcas,
2769 5193 2889 5234 cum
2932 5175 3106 5230 adhuc
3144 5183 3452 5245 superesset
3506 5175 3642 5243 (Act.
3677 5173 3734 5230 9.

2145 5271 2358 5344 39-41).
2402 5271 2590 5326 Vidisti
2625 5271 2816 5326 domus
2852 5269 3113 5324 animatas
3151 5282 3337 5323 vocem
3394 5266 3734 5333 emittentes,

2144 5375 2199 5422 et
2250 5374 2412 5420 tantze
2466 5364 2713 5430 virtutis,
2763 5373 2822 5417 ut
2866 5377 2898 5416 a
2937 5369 3110 5416 morte
3159 5359 3226 5414 ad
3272 5360 3433 5414 vitam
3479 5373 3733 5414 revocare

2143 5457 2378 5527 queant?
2405 5456 2535 5511 Nam
2567 5464 2843 5526 postquam
2869 5453 3340 5509 circumsteterunt
3371 5451 3610 5514 Petrum,
3642 5465 3724 5504 ca-

2147 5548 2282 5603 lidas
2336 5547 2600 5618 lacrymas
2647 5544 3067 5615 profundentes,
3113 5543 3400 5613 cibumque
3441 5551 3498 5599 et
3539 5541 3736 5613 quibus

2146 5655 2281 5709 opus
2303 5639 2568 5694 habebant
2585 5645 2912 5706 qumrentes,
2948 5635 3138 5692 Petrus
3159 5634 3348 5702 ejectis
3369 5633 3643 5698 omnibus,
3675 5641 3732 5687 et

2150 5731 2337 5804 positis
2373 5729 2599 5802 genibus
2619 5727 2827 5797 oravit;
2869 5736 3070 5786 etcum
3100 5727 3387 5786 excitasset
3415 5726 3594 5794 illam,
3630 5738 3723 5780 vo-
