4116 6196
32 1088 103 1127 11

32 1274 105 1313 :3

68 1370 105 1405 Δ

74 1462 103 1497 ’.Ι

32 1554 103 1589 .3

32 5008 41 5029 ρ

32 5100 43 5133 r

32 5188 41 5225 ι

32 5278 45 5319 Ι

31 5370 43 5409 Ι

32 5474 37 5505 r

32 5552 37 5585 I

326 222 437 280 επ
1455 220 1525 281 IN
1558 224 1712 282 CAP.
1745 221 1817 280 XI
1850 218 1994 281 (BEN?

2095 261 2097 273 .
2134 217 2370 281 nom.
2399 221 2570 283 xxx.
3192 174 3207 181 ’
3653 224 3760 282 2m

326 337 450 403 λιᾶς
479 338 696 412 εἴρηται
723 341 806 407 τὸ,
836 340 946 396 Kal
984 335 1066 412 ἦν
1088 336 1263 399 πᾶσα
1300 339 1341 408 ἠ
1374 339 1451 410 γῆ
1482 339 1685 410 χεῖλος
1708 339 1799 405 ἓν,
1829 337 1994 394 ἄκουε

322 421 426 493 τῆς
457 425 678 497 Γραφῆς
704 426 938 499 ἀλλαχοῦ
963 426 1234 500 λεγούσης
1255 443 1269 456 ο
1311 425 1427 493 Ἶὸς
1463 426 1739 482 ἀσπίδων
1775 424 1894 480 ὑπὸ
1923 422 1998 478 τὰ

326 510 500 580 χείλη
520 511 737 570 αὐτῶν.
767 513 956 579 Οὕτως
979 511 1121 569 οἶδεν
1145 516 1180 586 ή
1213 512 1253 566 Γ
1256 512 1403 585 ραφὴ
1420 511 1498 583 τῷ
1520 512 1615 567 τοῦ
1642 511 1852 583 χείλους
1875 510 1995 564 δνό-

329 613 458 667 ματι
485 598 582 670 τήν
601 599 792 655 λαλιάν
810 600 1257 672 προσαγορεύειν.
1298 598 1405 654 Kal
1433 597 1670 669 ἐγένετο
1701 599 1771 653 ἐν
1790 596 1871 665 τῷ
1906 616 1998 653 κι-

323 681 513 752 νῆσαι
539 686 763 753 αὐτοὺς
796 687 918 742 ἀπὸ
952 684 1290 751 ἀνατολῶν,
1338 679 1522 754 εὖρον
1552 685 1762 740 πεδίον
1797 686 1869 740 ὲν
1920 684 1999 756 τῇ

325 771 617 842 Σεηαάρ,
644 774 743 828 καί
767 773 1127 842 κατῴκησαν
1146 772 1293 829 ἐκεῖ.

400 858 619 933 β’.”ορα
645 861 815 934 πῶςή
843 861 1157 933 ἀνθρωπίνη
1181 859 1346 930 φύσις
1373 859 1473 914 οὐκ
1487 858 1999 930 ἀνέχεταιῐστασθαι

324 945 422 998 ἐπὶ
466 946 577 1000 τιῖνν
616 947 832 1002 οἰκείων
863 949 1027 1019 ὅρων,
1061 946 1177 1003 ἀλλ’
1209 948 1298 1002 ἀεὶ
1325 946 1423 1001 τοῦ
1464 946 1707 1012 πλείονος
1737 947 1999 1019 ἐφιεμένη

324 1030 578 1102 ὀρέγεται
613 1033 723 1088 τῶν
783 1032 1062 1105 μειζόνων.
1106 1032 1219 1087 Kal
1260 1032 1417 1087 τοῦτό
1472 1033 1619 1087 ἐστιν
1674 1031 1704 1086 δ
1760 1034 1998 1105 μάλιστα

326 1116 590 1173 ἀπόλλυσι
643 1118 706 1173 τὸ
740 1118 1082 1190 ἀνθρώπινον
1124 1118 1303 1189 γένος,
1340 1118 1402 1173 τὸ
1434 1117 1516 1190 μή
1566 1117 1853 1189 βούλεσθαι
1898 1120 1999 1190 τῆς

327 1204 536 1269 οἰκείας
574 1205 789 1276 φύσεως
829 1205 1216 1276 ἐπιγινώσκειν
1245 1203 1315 1260 τά
1366 1205 1567 1278 μέτρα,
1620 1205 1731 1261 ἀλλ’
1763 1206 1851 1261 ἀεὶ
1887 1206 1999 1260 τῶν

333 1290 595 1359 μειζόνων
622 1291 889 1361 ἐφίεσθαι,
902 1293 997 1347 καὶ
1024 1294 1095 1347 τά
1122 1292 1263 1364 ὑπὲρ
1295 1293 1396 1365 τὴν
1428 1292 1590 1358 ἀξίαν
1611 1292 1999 1361 φαντάζεσθαι.

343 1375 624 1431 Ἐντεῦθεν
661 1379 755 1433 καὶ
782 1379 833 1434 οί
862 1379 991 1451 περὶ
1027 1378 1095 1433 τά
1126 1379 1222 1434 τοῦ
1256 1379 1467 1451 κόσμου
1498 1378 1827 1449 ἐπτοημένοι
1864 1379 2000 1451 πρά-

330 1478 538 1532 γματα,
567 1463 785 1523 ἐπειδάν
821 1466 987 1522 πολὺν
1013 1465 1443 1539 περιϐάλλωνται
1468 1466 1700 1520 πλοῦτον
1723 1465 1819 1519 καὶ
1840 1467 2001 1520 δυνα-

331 1549 552 1620 στείαν,
601 1553 791 1626 ῶσπερ
846 1552 1327 1625 ἐπιλανθανόμενοι
1362 1552 1465 1624 τῆς
1508 1553 1715 1616 οἰκείας
1762 1553 1998 1623 φύσεως,

332 1642 498 1716 μέχρι
526 1640 783 1697 τοσούτω
813 1641 895 1705 είς
926 1639 1058 1711 ὕψος
1101 1639 1425 1713 ἐπαίρεσθαι
1457 1639 1736 1710 βούλονται
1755 1677 1771 1703 ,
1805 1641 1999 1711 μέχρις

327 1730 397 1785 ἀν
423 1732 503 1796 είς
535 1729 699 1786 αύτδν
723 1729 817 1783 τὸν
849 1727 1101 1800 πυθμένα
1144 1726 1535 1799 κατενεχθῶσι.
1576 1728 1688 1782 Kal
1713 1727 1873 1783 τοῦτο
1900 1729 1999 1783 ῑδοι

327 1832 415 1881 τις
442 1816 511 1871 ἀν
536 1815 620 1886 ἐφ’
649 1814 886 1887 ἐκάστης
914 1814 1212 1886 συμϐαῖνον
1246 1813 1481 1886 ἡμέρας.
1521 1814 1618 1870 καὶ
1657 1815 1781 1869 ούδέ
1824 1815 1996 1891 ταύτῃ

329 1904 457 1969 τοὺς
511 1904 729 1968 λοιποὺς
779 1904 1302 1975 σωφρονιζομένους,
1349 1902 1486 1959 ἀλλά
1515 1905 1648 1976 πρὸς
1692 1905 1868 1978 βραχὺ
1895 1907 1998 1978 μὲν

334 1990 809 2063 συστελλομένους,
843 1991 1038 2063 ἀθρόον
1063 1992 1121 2046 δέ
1149 1992 1365 2047 πάντων
1414 1989 1583 2063 λήθην
1618 1996 1994 2066 ποιουμένους,

333 2079 429 2134 καὶ
451 2078 613 2133 πάλιν
639 2078 739 2150 τήν
756 2078 929 2151 αὑτὴν
972 2078 1201 2144 ἐκείνοις
1245 2076 1559 2150 βαδίζοντας
1604 2080 1742 2145 ὁδὸν,
1777 2082 1872 2136 καὶ
1914 2086 1998 2151 είς

331 2164 504 2220 αύτδν
530 2164 621 2219 τδν
647 2165 889 2237 κρημνὸν
927 2166 1334 2237 καταγομένους
1354 2185 1369 2200 ο
1414 2167 1549 2239 ὅπερ
1578 2169 1672 2223 καὶ
1702 2169 1796 2224 νῦν
1849 2170 1997 2228 ἐστιν

335 2250 465 2304 ίδείν
493 2249 585 2303 ἐπὶ
616 2247 822 2303 τούτων
851 2250 1091 2319 γεγονός.
1122 2252 1229 2305 Kal
1256 2253 1492 2322 ἐγένετο
1519 2254 1590 2308 ὲν
1624 2253 1704 2320 τῷ
1750 2253 1997 2323 κινῆσαι

328 2338 550 2405 αὐτοὺς
569 2338 686 2394 ἀπὸ
708 2337 1039 2405 ἀνατολῶν,
1070 2336 1255 2410 εὗρον
1279 2343 1490 2399 πεδίον
1512 2346 1583 2399 ἐν
1610 2343 1687 2414 τῇ
1709 2342 1993 2413 ian-a219,

328 2424 432 2479 καί
458 2423 818 2494 κατῴκησαν
836 2425 979 2481 ἐκεῖ.
1013 2426 1156 2498 Ὅρα
1179 2428 1298 2494 πῶς
1328 2431 1471 2486 κατά
1515 2431 1709 2503 μικρὸν
1739 2432 1885 2502 ήμᾶς
1920 2430 1997 2485 δι-

325 2511 519 2568 δάσκει
542 2517 639 2585 τῆς
686 2513 912 2585 γνώμης
953 2514 1136 2570 αὐτῶν
1184 2516 1245 2571 τὸ
1273 2517 1522 2574 ἄστατον.
1571 2518 1790 2591 Ἐπειδὴ
1834 2515 1993 2587 εἶδον,

330 2600 489 2670 φησι,
517 2598 667 2672 [296]
688 2599 749 2653 τὸ
765 2600 966 2668 πεδίον,
994 2604 1427 2673 μεταναστάντες
1475 2607 1568 2659 καὶ
1607 2606 1997 2670 καταλιπόντες

328 2687 430 2758 τὴν
466 2686 738 2759 προτέραν
777 2687 1011 2760 οἴκησιν,
1047 2689 1165 2743 ἐκεῖ
1202 2691 1550 2762 κατῴκησαν.
1613 2689 1744 2749 Εῐτά
1798 2709 1995 2765 φησιν·

328 2769 518 2828 Εἶπεν
569 2772 825 2841 ἕκαστος
863 2773 944 2841 τῷ
990 2776 1258 2843 πλησίον
1298 2779 1515 2834 αὑτοῦ·
1574 2780 1774 2847 Δεῦτε,
1820 2783 1997 2835 πλιν-

329 2861 638 2930 θεύσωμεγ
685 2862 1001 2930 πλίνθους,
1056 2863 1157 2917 καί
1202 2865 1557 2937 ὀπτήσωμεν
1604 2870 1791 2935 αὐτὰς
1828 2868 1991 2938 πυρί.

330 2947 441 3002 Kal
472 2947 706 3018 ἐγένετο
733 2949 935 3015 αὐτοῖς
969 2949 1008 3017 ἠ
1034 2950 1286 3017 πλίνθος
1305 2954 1393 3019 είς
1417 2953 1613 3019 λίθον,
1644 2954 1741 3007 καί
1767 2954 1996 3024 ἄσφαλ-

330 3050 435 3100 τος
469 3030 549 3105 ἦν
576 3034 779 3102 αὐτοῖς
804 3037 840 3090 ὁ
870 3036 1084 3104 πηλός.
1114 3038 1225 3092 Kal
1248 3034 1455 3093 εἷπον·
1496 3040 1694 3102 Δεῦτε.
1721 3042 1817 3094 καὶ
1836 3043 1994 3095 οίκο-

328 3121 685 3194 δομήσωμεν
703 3123 940 3191 ἑαυτοῖς
972 3125 1177 3192 πόλιν,
1209 3126 1309 3182 καὶ
1351 3129 1602 3200 πύργον,
1641 3125 1714 3185 οὗ
1743 3129 1914 3183 ἔσται
1956 3130 1994 3197 ή

328 3210 562 3281 κεφαλή
596 3211 708 3278 ἕως
738 3211 842 3267 τοῦ
895 3213 1188 3281 ούρανοῦο
1232 3216 1333 3270 καὶ
1378 3217 1726 3287 ποιήσωμεν
1761 3215 1997 3284 ἑαυτοῖς

328 3295 518 3367 ὄνομα
563 3296 678 3366 πρὸ
724 3296 830 3351 τοῦ
859 3296 1265 3368 διασπαρῆναι
1305 3301 1467 3371 ἡμᾶς
1509 3303 1607 3356 ἐπὶ
1657 3304 1862 3373 πάσης
1885 3306 1997 3374 τῆς

326 3381 460 3454 τῆς.
491 3384 633 3453 Ὅρα
663 3384 781 3447 πῶς
807 3383 908 3436 ούκ
931 3386 1010 3447 εἰς
1028 3385 1146 3439 δέον
1172 3387 1469 3458 ἐκέχρηντο
1486 3392 1553 3459 τῇ
1573 3390 1876 3463 όμοφωνίᾳ,
1904 3395 1998 3447 καὶ⁵

324 3471 412 3524 δτι
439 3470 476 3539 ή
504 3469 708 3540 ματαία
730 3469 825 3524 τοῦ
864 3469 981 3540 βίου
1010 3471 1202 3526 τούτου
1236 3472 1402 3545 βουλὴ
1435 3473 1645 3543 γίνεται
1668 3477 1778 3529 τῶν
1811 3477 1998 3532 κακῶν

326 3556 610 3621 ὑπόθεσις.
663 3558 861 3623 Δεῦτε,
917 3559 1052 3630 φησι
1074 3597 1091 3624 ,
1140 3558 1484 3629 ποιήσωμεν
1531 3563 1823 3630 πλίνθους
1840 3604 1855 3629 ,
1896 3565 1999 3620 καί

327 3642 690 3713 ὀπτήσωμεν
713 3645 900 3712 αὐτὰς
922 3646 1086 3713 πυρί.
1121 3644 1236 3699 Kal
1261 3645 1499 3716 ἐγένετο
1522 3648 1726 3715 αὐτοῖς
1754 3651 1791 3718 ἠ
1824 3652 2009 3704 mur--

327 3727 436 3791 θος
464 3726 553 3791 είς
588 3725 763 3780 λίθον
786 3764 804 3791 ,
856 3727 955 3781 καί
995 3725 1308 3797 ἄσφαλτος
1352 3725 1434 3799 ἦν
1467 3730 1673 3798 αὐτοῖς
1701 3735 1735 3786 ό
1776 3734 1992 3800 πηλός.

327 3810 532 3864 Σκόπει
556 3809 728 3881 πόσην
747 3812 1047 3881 ἀσφάλειαν
1081 3813 1364 3884 ἐπινοῆσαι
1413 3815 1690 3885 βούλονται
1712 3819 1776 3888 τῇ
1802 3819 1999 3873 οἰκοδο-

330 3901 409 3969 μῇ
432 3935 449 3963 ,
483 3898 584 3953 οὐκ
626 3898 826 3964 ειδότες
871 3900 954 3954 δτι
982 3940 1000 3967 ,
1044 3899 1185 3954 Ἐὰν
1219 3899 1307 3970 μὴ
1355 3903 1572 3971 Κύριος
1623 3904 1993 3977 οίκοδομήσῃ

324 3985 517 4052 οἷκον,
537 3986 624 4052 είς
638 3985 839 4056 μάτην
866 3986 1203 4042 ἐκοπίασαν
1223 3990 1277 4042 οί
1300 3989 1756 4061 οἰκοδομοῦντες
1782 3995 1991 4050 αὐτόν.

323 4071 437 4126 Kal
475 4070 979 4141 οίκοδομήσωμεν,
1029 4075 1216 4146 φησὶν,
1261 4075 1498 4143 ἑαυτοῖς
1546 4079 1748 4149 πόλιν,
1777 4078 1874 4149 οὐχ
1910 4081 1993 4134 ὅτι

321 4158 465 4230 Θεῷ,
505 4158 620 4212 ἀλλ’
651 4159 937 4226 Ἑαυτοῖς.
971 4160 1114 4231 Ὅρα
1142 4162 1282 4233 πόση
1303 4161 1400 4232 τῆς
1430 4163 1627 4226 κακίας
1651 4166 1686 4235 ή
1722 4164 1990 4229 ἐπίτασιςο

325 4248 548 4302 ἔναυλον
585 4247 798 4319 ἔχοντες
825 4248 925 4320 τὴν
958 4251 1177 4322 μνήμην
1198 4253 1297 4321 τῆς
1332 4252 1708 4322 πανωλεθρίας
1752 4253 1989 4327 ἐκείνης,

324 4336 421 4389 ἐπὶ
445 4336 713 4409 τοσαύτην
744 4338 942 4407 μανίαν
981 4338 1294 4404 ἐξώκειλαν.
1332 4338 1443 4394 Kal
1483 4340 1990 4412 οίκοδομήσωμεν,

326 4424 514 4494 φησὶν,
549 4422 786 4491 ἑαυτοῖς
812 4426 993 4477 πόλιν
1013 4424 1111 4479 καί
1129 4427 1379 4495 πύργον,
1404 4421 1476 4482 οὗ
1498 4426 1669 4481 ἔσται
1691 4430 1729 4498 ἠ
1752 4431 1988 4501 κεφαλὴ

324 4509 436 4577 ἓως
467 4509 573 4564 τοῦ
594 4510 875 4579 οὐρανοῦ.
895 4510 985 4582 Τῷ
1001 4511 1223 4582 ὀνόματι
1245 4512 1337 4565 τοῦ
1358 4513 1585 4585 ούρανοῦ
1606 4517 1638 4586 ή
1663 4515 1781 4571 θεία
1802 4518 1991 4591 Γραφὴ

322 4599 424 4668 τῆς
474 4596 681 4669 τόλμης
730 4598 913 4652 αὐτῶν
974 4596 1073 4669 τὴν
1111 4598 1408 4672 ύπερόολὴ-
1449 4603 1581 4673 ἡμῖν
1635 4607 1987 4678 παραστῆσαι

322 4683 613 4756 ἐΰουλήθη.
666 4683 776 4739 Kal
835 4684 1198 4756 ποιήσωμεν,
1251 4688 1415 4757 φησιν
1436 4728 1453 4755 ,
1508 4688 1745 4757 ἑαυτοῖς
1778 4693 1988 4763 ὄνομα.

323 4768 479 4838 εἶδες
497 4773 598 4846 τὴν
635 4773 792 4844 ῥίζαν
820 4775 919 4846 τῆς
954 4775 1187 4841 κακίας;
1215 4776 1354 4843 Ἵνα,
1379 4778 1532 4850 φησὶ,
1563 4782 1785 4851 μνήμης
1810 4782 1989 4853 διηνε-

324 4861 456 4925 κοῦς
482 4861 901 4933 ἀπολαύσωμεν,
930 4862 1018 4917 ἴνα
1045 4866 1126 4928 είς
1156 4864 1219 4919 τὸ
1246 4865 1493 4937 διηνεκὲς
1524 4866 1738 4938 ἔχωμεν
1772 4887 1989 4940 μνημο-

322 4947 592 5003 νεύεσθαι.
616 4947 852 5018 Τοιαύτη
877 4949 1033 5020 ήμῶν
1067 4950 1220 5005 ἐσται
1271 4952 1307 5022 ή
1338 4952 1537 5023 πρᾶξις
1564 4954 1657 5007 καὶ
1707 4954 1770 5007 τὺ
1807 4954 1987 5027 ἔργον,

319 5034 398 5101 ῶς
425 5036 694 5108 μηδέποτε
710 5036 852 5111 λήθῃ
879 5040 1370 5112 παραπεμφθῆναι.
1398 5042 1513 5096 Καὶ
1540 5042 1699 5097 τοῦτο
1746 5047 1990 5116 ποιήσω-

324 5140 429 5194 μεν
451 5122 572 5193 Πρὸ
598 5123 706 5179 τοῦ
731 5123 1135 5195 διασπαρῆναι
1160 5127 1258 5181 ἐπι
1280 5127 1605 5196 προσώπου
1635 5130 1842 5199 πάσης
1878 5131 1991 5201 τῆς

321 5201 458 5273 τῆς.
503 5202 592 5267 Ὦς
615 5202 717 5267 ἐτι,
739 5203 896 5275 φησὶ,
924 5204 1067 5259 κατά
1094 5204 1288 5260 ταύτόν
1318 5207 1506 5277 ἐσμεν,
1531 5207 1614 5272 είς
1649 5207 1811 5279 ἐργον
1849 5211 1990 5280 ἀγά.

323 5299 512 5354 γωμεν
543 5282 605 5337 τὸ
632 5283 791 5352 δόξαν
816 5286 971 5356 ἡμῖν,
1003 5285 1090 5340 ἴνα
1122 5285 1463 5342 ἀδιάλειπτον
1508 5288 1730 5359 μνήμην
1766 5290 1989 5346 καταλί-

324 5378 518 5434 ταυμεν
567 5363 689 5427 ταῖς
739 5363 820 5428 είς
867 5362 932 5417 τὸ
958 5362 1087 5435 ἐξῆς
1123 5364 1358 5432 γενεαῖς.
1401 5363 1522 5418 Εἰσὶ
1558 5363 1742 5419 πολλοὶ
1770 5368 1865 5423 καὶ
1894 5367 1990 5424 νῦν

319 5440 541 5507 τούτους
572 5440 920 5514 μιμούμενοι,
960 5442 1055 5497 καὶ
1092 5442 1201 5497 ἀπὸ
1223 5442 1478 5498 τοιούτων
1507 5443 1757 5516 πράξεων
1780 5464 1991 5519 μνημοο

322 5519 573 5575 νεύεσθαι
622 5520 937 5593 βουλόμενοι
970 5561 987 5588 ,
1024 5520 1077 5573 οί
1126 5520 1227 5584 τάς
1275 5519 1535 5592 λαμπράς
1583 5522 1991 5595 οἰκοδομοῦντες

320 5598 519 5665 οίκίας,
549 5599 646 5654 καὶ
680 5600 751 5656 τά
778 5600 1002 5671 λουτρά,
1022 5598 1118 5653 καὶ
1144 5598 1242 5662 τάς
1270 5600 1452 5665 στοάς,
1474 5599 1570 5655 καὶ
1603 5602 1729 5666 τοὺς
1756 5605 1991 5674 περιπάο

323 5695 466 5743 τους.
510 5678 639 5735 Ἐὰν
663 5680 774 5752 γάρ
795 5680 892 5734 xal
918 5679 1123 5733 τούτοιν
1147 5678 1377 5734 ἐκαστσν
1405 5681 1689 5755 ἐρωτήσῃς
1711 5683 1854 5750 τίνος
1873 5686 1990 5740 ἓνε-

328 5772 423 5814 κεν
457 5759 607 5813 πονεῖ
629 5759 725 5815 καὶ
742 5756 1195 5837 ταλαιωρεζται,
1219 5757 1600 5839 καὶίτοσαύτην
1619 5761 1989 5848 ⁸ἐπιδείκνυται

2094 337 2395 408 χρημάτων
2417 336 2665 410 δαπάνην
2691 338 2771 403 είς
2796 338 2949 393 οὐδὲν
2976 338 3113 404 δέον,
3137 337 3290 395 ούδέν
3315 338 3504 411 ἓτερον
3524 340 3759 413 ἀκούσῃ,

2096 417 2131 489 ἢ
2163 419 2338 476 ταῦτα
2366 420 2435 475 τὰ
2454 422 2695 492 ῥήματα,
2740 420 2881 476 ὥστε
2901 421 3001 493 τὴν
3028 423 3248 493 μνήμην
3279 423 3540 493 διηνεκῶς
3588 421 3758 486 σώζε-

2098 505 2242 571 σθαι,
2271 507 2367 560 καὶ
2397 506 2615 562 ἀκούειν
2640 509 2723 562 ὃτι
2745 506 2840 562 τοῦ
2872 508 3041 572 δεῖνος
3071 511 3108 580 ή
3134 509 3303 578 οίκία,
3336 509 3428 563 καὶ
3468 509 3563 562 τοῦ
3590 510 3761 573 δεῖνος

2097 595 2127 648 ό
2158 596 2346 668 ἀγρός.
2390 596 2549 651 Ἀλλά
2591 596 2753 651 τοῦτο
2771 597 2871 652 οὐκ
2896 597 3012 651 ἐστι
3045 600 3262 669 μνήμης
3293 597 3595 663 ἀξιοῦσθαι,
3625 599 3761 653 ἀλλά

2101 681 2301 752 μᾶλλον
2355 684 2709 755 κατηγορίας.
2766 683 2982 750 Εὐθέως
3021 686 3129 756 γάρ
3175 688 3288 748 τοῖς
3317 685 3495 753 λόγοις
3554 685 3761 750 τούτοις

2097 768 2478 841 ἐπεισέρχεται
2500 771 2596 825 καὶ
2626 771 2696 828 τὰ
2727 771 2936 843 μυρίων
2977 771 3320 843 κατηγοριῶν
3344 773 3470 838 ἀξια
3505 775 3757 845 ῥήματα·

2097 853 2190 908 τοῦ
2222 855 2393 921 δεῖνος
2422 856 2515 912 τοῦ
2540 857 2884 923 πλεονέκτου,
2904 858 2996 913 τοῦ
3033 858 3299 930 ἅρπαγος,
3330 858 3423 912 τοῦ
3462 862 3634 931 χήρας
3664 860 3761 915 καὶ

2098 940 2366 1011 ὀρφανοὺς
2391 943 2795 1015 γυμνῶσαντος.
2848 946 2964 1001 Οὐκ
2986 945 3101 1000 ἐστι
3145 945 3326 999 τοίνυν
3349 945 3507 1000 τοῦτο
3540 948 3759 1019 μνήμης

2098 1027 2415 1094 ἀπολαύειν,
2445 1029 2580 1085 ἀλλά
2610 1032 2965 1104 κατηγορίαις
3004 1031 3273 1103 διηνεκέσι
3312 1030 3620 1101 βάλλεσθαι,
3664 1032 3761 1085 καὶ

2102 1114 2241 1185 μετά
2295 1114 2524 1172 θάνατον
2564 1117 2990 1190 στηλιτεύεσθαι,
3046 1119 3140 1173 καὶ
3195 1117 3295 1182 τὰς
3352 1116 3462 1172 τῶν
3508 1117 3760 1190 δρώντων

2101 1199 2345 1269 γλώττας
2406 1204 2610 1275 ἀκονᾷν
2665 1206 2745 1269 είς
2782 1204 3127 1276 βλασφημίαν
3159 1206 3255 1261 καὶ
3286 1204 3619 1276 κατηγορίαν
3662 1206 3760 1260 τοῦ

2099 1286 2271 1341 ταῦτα
2294 1290 2655 1360 κτησαμένου.
2681 1292 2745 1347 El
2777 1292 2836 1346 δέ
2866 1290 3002 1354 δλως
3029 1295 3249 1364 μνήμης
3278 1291 3409 1363 ἐρᾷς
3458 1291 3756 1362 διηνεκοῦς,

2097 1371 2211 1441 ἐγώ
2242 1390 2324 1429 σοι
2357 1376 2620 1443 ὑποδείξω
2639 1378 2776 1443 ὁδὸν,
2804 1378 2872 1433 δι’
2897 1372 2966 1450 ἧς
2984 1379 3188 1450 δυνήσῃ
3213 1379 3308 1433 καὶ
3329 1378 3759 1451 μνημονεύεσθαι

2096 1456 2186 1513 διὰ
2214 1460 2435 1527 παντὸς,
2475 1462 2569 1516 καὶ
2604 1462 2722 1533 μετ’
2768 1464 3042 1536 εὐφημίας
3072 1463 3273 1535 πολλῆς
3318 1464 3414 1519 καὶ
3446 1463 3645 1535 πολλήν
3676 1481 3760 1518 σοι

2096 1544 2198 1618 τήν
2242 1549 2558 1621 παρρησίαν
2589 1549 2650 1603 ἐν
2682 1550 2763 1621 τῷ
2812 1551 3060 1621 μέλλοντι
3095 1550 3270 1623 καιρῷ
3316 1550 3590 1622 παρέξεις.
3633 1551 3758 1615 Πῶς

2096 1626 2191 1685 οὖν
2229 1631 2432 1706 δυνήσῃ
2481 1635 2576 1690 καὶ⁵
2614 1636 3047 1708 μνημονεύεσθαι
3097 1637 3218 1692 καθ’
3254 1638 3489 1708 ἐκάστην
3523 1638 3756 1709 ἡμέραν,

2097 1718 2327 1783 καὶτοῖς
2366 1720 2660 1792 ἐγκωμίοις
2707 1721 2997 1792 βάλλεσθαι
3044 1725 3139 1779 καὶ
3187 1724 3326 1797 μετά
3359 1723 3456 1796 τὴν
3479 1724 3578 1795 τῆς
3611 1724 3759 1797 ζωῆς

2099 1807 2430 1876 μετάστασιν
2452 1826 2468 1875 ;
2489 1808 2555 1864 El
2581 1812 2737 1867 ταυτὶ
2759 1812 2831 1867 τά
2855 1814 3112 1887 χρήματα
3135 1814 3215 1880 είς
3240 1814 3340 1877 τάς
3369 1816 3478 1869 τῶν
3509 1817 3758 1886 πενήτων

2094 1894 2377 1971 διανείμῃς
2426 1900 2636 1971 χεῖρας,
2672 1899 2832 1969 ἀφεὶς
2867 1902 2991 1966 τοὺς
3023 1901 3202 1967 λίθους
3234 1904 3328 1957 καὶ
3372 1903 3472 1966 τάς
3510 1904 3756 1975 μεγάλας

2094 1982 2398 2054 οίκοδομάς,
2424 1987 2661 2051 καὶτοὺς
2684 1985 2832 2059 [297]
2848 1988 3065 2060 ἀγροὺς,
3097 1989 3188 2043 καὶ
3215 1988 3285 2042 τά
3306 1989 3581 2059 βαλανεῖα.
3606 1988 3755 2059 Δῦτη

2096 2069 2129 2141 ή
2165 2072 2352 2143 μνήμη
2375 2072 2659 2138 ἀθάνατος,
2686 2073 2824 2146 αῦτη
2854 2077 2887 2147 ή
2912 2076 3100 2147 μνήμη
3131 2075 3336 2148 μυρίων
3358 2094 3439 2129 σοι
3469 2076 3757 2149 θησαυριῖιν

2094 2158 2353 2230 πρόξενος
2375 2160 2604 2230 γίνεται,
2634 2159 2774 2232 αὕτη
2806 2163 2840 2232 ἡ
2866 2163 3055 2236 μνήμη
3074 2162 3168 2216 τοῦ
3198 2163 3419 2234 φορτίου
3448 2162 3556 2216 τῶν
3585 2165 3760 2236 ἀμαρ⁴

2093 2247 2353 2317 τημάτων
2385 2246 2737 2316 κουφίζουσα,
2781 2247 2982 2321 πολλήν
3022 2266 3104 2303 σοι
3150 2249 3246 2320 τὴν
3279 2250 3591 2324 παρρησίαν
3624 2269 3759 2324 προ-

2096 2332 2238 2398 ξενεῖ
2258 2332 2412 2404 παρά
2443 2332 2520 2404 τῷ
2550 2333 2819 2407 Δεσπότῃ.
2858 2334 3139 2406 Ἐννόησον
3160 2337 3268 2406 γάρ
3297 2354 3387 2407 μοι
3416 2336 3507 2392 καὶ
3529 2338 3665 2393 αὐτὰ
3690 2339 3760 2393 τά

2096 2422 2336 2491 ῥήματα,
2368 2421 2508 2494 ἅπερ
2541 2421 2772 2486 ἕκαστος
2806 2421 2988 2493 μέλλει
3020 2423 3223 2492 λέγειν,
3249 2424 3340 2479 τὸν
3367 2425 3634 2497 ἐλεήμονα
3666 2428 3760 2481 καὶ

2095 2508 2497 2580 φιλάνθρωπον,
2526 2507 2619 2561 τὶν
2646 2508 2887 2580 ἐπιεικῆ,
2916 2509 3009 2563 τὸν
3057 2510 3309 2583 χρηστὸν,
3341 2512 3433 2566 τὸν
3461 2512 3600 2584 μετά
3631 2514 3761 2567 πολ-

2094 2594 2191 2665 λῆς
2216 2594 2494 2665 δαψιλείας
2539 2594 2908 2664 διανείμαντα.
2968 2597 3331 2666 Ἐσκόρπισε
3363 2600 3472 2670 γὰρ
3492 2637 3511 2665 ,
3553 2600 3717 2673 φησὶν
3740 2641 3756 2665 ,

2093 2682 2279 2737 ἔδωκε
2306 2682 2430 2750 τοῖς
2454 2682 2741 2751 πένησιν·
2779 2683 2818 2751 ἠ
2847 2682 3200 2754 δικαιοσύνη
3242 2686 3430 2741 αὐτοῦ
3465 2686 3632 2756 μένει
3669 2691 3759 2755 είς

2094 2770 2202 2825 τὸν
2230 2769 2436 2825 αἰῶνα.
2494 2770 2746 2825 Τοιοῦτον
2771 2771 2881 2844 7&9
2911 2773 2942 2827 ό
2987 2772 3096 2826 τῶν
3141 2773 3440 2844 χρημάτων
3484 2774 3716 2839 πλοῦτος
3738 2791 3756 2809 ο

2097 2857 2522 2928 σκορπιζόμενος
2548 2857 2748 2928 μᾶλλον
2785 2859 3123 2930 παραμένειο
3162 2860 3511 2930 συνεχόμενος
3554 2861 3613 2915 δέ
3663 2862 3759 2916 καὶ

2094 2943 2241 2999 ένδον
2269 2943 2686 3014 ἀποκλειόμενος
2714 2944 2810 2998 καὶ
2833 2946 2958 3008 τοὺς
2986 2945 3312 3016 κατέχοντας
3343 2947 3755 3005 συναπόλλυσιν.

2106 3032 2463 3101 Ἐσκόρπισε
2496 3032 2628 3103 γάρ,
2665 3032 2851 3104 φησὶν,
2892 3032 3077 3087 ἔδωκε
3118 3033 3241 3099 τοῖς
3283 3033 3562 3103 πένησιν.
3618 3035 3759 3091 Ἀλλ’

2095 3117 2258 3172 ἄκουε
2279 3119 2372 3172 καὶ
2402 3119 2511 3173 τῶν
2537 3119 2663 3189 ἐξῆς
2684 3134 2698 3149 ο
2741 3119 2812 3174 Ἠ
2832 3118 3191 3188 δικαιοσύνη
3236 3122 3426 3177 αὐτοῦ
3464 3121 3634 3193 μένει
3671 3126 3759 3190 είς

2095 3204 2203 3260 τὸν
2226 3203 2431 3261 αἰῶνα.
2478 3206 2568 3260 Ἐν
2603 3209 2703 3279 μιᾷ
2735 3206 3028 3279 ήμέρᾳτὺν
3059 3207 3284 3265 πλοῦτον
3326 3210 3639 3283 ἐσκόρπισε,
3665 3213 3759 3266 καὶ

2096 3295 2131 3365 ή
2157 3294 2465 3365 δικαιοσύνη
2492 3295 2657 3348 αὑτοῦ
2699 3296 2779 3358 είς
2810 3294 2987 3350 πάντα
3027 3295 3120 3351 τὸν
3163 3295 3334 3351 αἰῶνα
3363 3297 3629 3369 διαμένει,
3665 3302 3759 3355 καὶ

2093 3382 2193 3452 τὴν
2225 3382 2441 3450 μνήμην
2456 3379 2718 3433 ἀθάνατον
2744 3378 3053 3451 ἐργάζεται.

2165 3472 2214 3534 γ’
2221 3508 2236 3521 .
2260 3462 2413 3530 Εἶδες
2428 3468 2649 3538 μνήμην
2664 3466 2825 3522 παντὶ
2835 3466 2912 3537 τῷ
2924 3466 3078 3521 αἰῶνι
3090 3470 3602 3542 παρεκτεινομένην;
3620 3468 3758 3538 εἶδες

2098 3555 2321 3626 μνήμην
2345 3554 2594 3625 μεγάλων
2626 3555 2719 3608 καὶ
2738 3554 3064 3627 ἀπορρήτων
3090 3557 3366 3628 γέμουσαν
3380 3559 3633 3627 ἀγαθῶν;
3658 3562 3758 3616 Διά

2094 3640 2346 3694 τοιούτων
2382 3639 2678 3710 οἰκοδομῶν
2724 3640 3155 3712 μνημονεύεσθαι
3219 3644 3628 3715 σπουδάζωμεν.
3688 3648 3756 3700 Al

2094 3728 2203 3801 γὰρ
2227 3727 2316 3782 διά
2350 3727 2458 3782 τῶν
2501 3728 2661 3782 λίθων
2690 3729 2751 3782 ού
2785 3728 2946 3799 μόνον
2985 3730 3131 3801 ήμᾶς
3162 3730 3311 3785 ούδέν
3362 3730 3638 3804 ὠφελῆσαι
3664 3733 3757 3787 δύ-

2094 3832 2302 3880 νανται,
2336 3815 2472 3869 ἀλλά
2499 3814 2593 3868 καὶ
2623 3814 2745 3870 ἀντὶ
2792 3816 2992 3887 στήλης
3022 3815 3303 3886 διηνεκοῦς
3331 3818 3487 3891 ήμῶν
3527 3819 3757 3894 λαμπρᾷ

2093 3904 2160 3973 τῇ
2190 3904 2341 3974 φωνῇ
2365 3900 2691 3955 καταϐοῶσι.
2724 3901 2831 3955 Καὶ
2856 3901 2923 3955 τά
2947 3901 3048 3973 μὶν
3073 3904 3136 3957 ἐκ
3161 3902 3364 3957 τούτων
3383 3906 3755 3978 ἁμαρτήματα

2094 3990 2248 4043 αὐτοὶ⁸
2280 3988 2494 4059 ἔχοντες
2550 3988 2775 4059 ἄπιμεν,
2816 3988 2956 4042 αύτά
2995 3989 3051 4043 δέ
3075 3989 3462 4056 καταλιπόντες
3497 3992 3753 4061 ἐνταῦθα,

2092 4076 2213 4131 ούδέ
2244 4075 2345 4146 τῆς
2370 4074 2585 4148 ψυχρᾶς
2612 4074 2826 4147 ἐκείνης
2852 4076 2947 4129 καὶ
2982 4077 3236 4148 ἀνονήτου
3260 4078 3391 4149 παρ’
3420 4077 3598 4132 αὐτῶν
3625 4082 3755 4153 μνή-

2095 4180 2203 4235 μης
2227 4161 2522 4233 ἀξιούμεθα
2540 4178 2555 4194 ο
2585 4162 2721 4216 ἀλλά
2753 4165 2872 4228 ταῖς
2896 4161 2998 4234 μὲν
3023 4164 3388 4236 κατηγορίαις
3424 4164 3751 4237 βαλλόμεθα,

2092 4252 2127 4322 ή
2145 4251 2203 4305 δέ
2230 4248 2571 4322 προσηγορία
2600 4249 2919 4321 μεθίσταται
2941 4249 3145 4316 εὐθέως
3164 4252 3244 4315 είς
3271 4250 3478 4324 ἐτερον.
3508 4254 3620 4307 Καὶ
3645 4254 3755 4327 γάρ

2090 4338 2263 4403 οὕτως
2291 4338 2436 4409 ἔχει’
2469 4337 2577 4392 ἀπὸ
2603 4338 2792 4393 τούτου
2819 4339 2897 4403 είς
2918 4337 3105 4411 ἕτερον
3136 4338 3469 4409 μεταϐαίνει,
3520 4341 3612 4394 καὶ.
3656 4343 3753 4395 ἀπ’

2090 4425 2301 4480 ἐκείνου
2326 4427 2406 4489 εις
2434 4425 2592 4481 ἀλλον
2616 4426 2800 4481 πάλιν.
2851 4426 2963 4480 Καὶ
3013 4428 3254 4499 σήμερον
3280 4427 3380 4498 μὲν
3411 4429 3446 4500 ή
3469 4428 3613 4483 οίκία
3635 4428 3756 4483 ἐλέο

2090 4528 2219 4582 γετο
2240 4514 2333 4568 τοῦ
2360 4514 2549 4580 δεῖνος,
2578 4513 2768 4585 αὔριον
2788 4514 2845 4568 δέ
2872 4512 2968 4567 τοῦ
2986 4513 3176 4580 δεῖνος,
3207 4514 3301 4569 καὶ
3334 4516 3597 4586 μετά,τήν
3624 4517 3753 4586 ἐξῆς

2091 4599 2252 4654 πάλιν
2293 4598 2504 4670 ἐτέρου.
2533 4600 2642 4653 Καὶ
2669 4599 2964 4670 ἀπατῶμεν
2996 4600 3213 4663 ἑκόντες
3240 4600 3485 4667 ἑαυτοὺς,
3519 4600 3757 4671 νομίζον-

2088 4703 2179 4751 τες
2203 4685 2521 4740 δεσποτείαν
2562 4686 2685 4739 τινὰ
2709 4685 3029 4756 κεκτῆσθαι,
3084 4685 3185 4739 ούκ
3234 4685 3434 4750 Ilua;
3470 4687 3552 4740 ὅτι
3591 4687 3753 4757 μόνον

2088 4776 2190 4845 τῆς
2216 4774 2463 4844 χρήσεως
2490 4770 2855 4840 ἀπολαύομεν,
2886 4771 2981 4824 καὶ
3012 4770 3228 4834 ἐκόντες
3253 4770 3348 4824 καὶ
3384 4772 3606 4836 ἄκοντες
3636 4773 3753 4827 ἐτέ-

2093 4875 2207 4929 ροις
2229 4858 2432 4912 τούτων
2455 4855 2918 4928 παραχωροῦμενθ
2951 4857 3037 4912 δτι
3068 4856 3177 4929 γὰρ
3227 4858 3322 4913 καὶ
3347 4852 3430 4923 οἷς
3475 4857 3539 4912 ού
3566 4858 3751 4930 βουλό·-

2091 4944 2252 5018 μεθα,
2284 4946 2442 5000 τοῦτο
2467 4944 2607 5007 τέως
2635 4944 2896 5016 παρίημι.
2928 4944 3106 5009 Ὅλως
3126 4945 3184 5000 δέ
3229 4948 3279 5000 εί
3305 4946 3527 5018 μνήμης
3557 4945 3752 5000 ἐπιθυ-

2092 5036 2235 5104 μεῖς,
2274 5033 2370 5087 καὶ
2390 5031 2547 5087 τοῦτό
2573 5047 2655 5085 σοι
2677 5030 3160 5103 περισπούδαστον,
3177 5032 3341 5088 ἄκουε
3372 5031 3490 5097 πῶς
3514 5033 3571 5085 al
3584 5032 3752 5105 χῆραι

2091 5119 2396 5193 ἐμέμνηντο
2425 5122 2523 5193 τῆς
2551 5119 2812 5185 Ταδιθάς,
2833 5119 2928 5174 καὶ
2954 5119 3072 5184 πῶς
3106 5119 3198 5174 τὸν
3228 5120 3432 5191 Πέτρον
3464 5120 3753 5193 περιεστή-

2090 5226 2280 5265 κεισαν
2305 5209 2587 5264 κλαίουσαι
2613 5208 2707 5262 καὶ
2754 5205 3195 5279 ἐπιδεικνύμεναι
3222 5205 3455 5277 χιτῶνας
3486 5206 3583 5261 καὶ
3634 5206 3753 5278 ίμά-

2088 5313 2201 5360 τια,
2223 5297 2325 5352 ὅσα
2349 5295 2522 5351 ἐποίει
2553 5293 2671 5367 μετ’
2691 5293 2871 5351 αὐτῶν
2897 5290 3034 5349 οὖσα
3060 5294 3094 5364 ή
3119 5292 3349 5364 Δορκάς.
3403 5288 3557 5357 Εἶδες
3606 5292 3753 5348 olm-

2088 5375 2256 5448 δομάς
2282 5373 2557 5448 ἐμψύχους
2590 5374 2774 5445 φωνάς
2815 5373 3067 5443 ἀφιείσας
3089 5411 3107 5438 ,
3144 5374 3239 5427 καὶ
3287 5370 3557 5441 τοσαύτην
3598 5371 3753 5442 ῑσχῦν

2089 5455 2339 5528 ἐχούσας,
2378 5454 2455 5518 ὡς
2483 5454 2578 5507 καὶ
2630 5452 2741 5507 ἀπὸ
2776 5450 3009 5507 θανάτου
3052 5453 3133 5517 είς
3172 5451 3319 5523 ζωὴν
3349 5451 3749 5520 ἐπαναγαγεινς

2102 5533 2461 5603 Ἐπειδήᾲγάρ
2489 5531 2852 5603 περιέστησαν
2882 5529 2974 5585 τὸν
3000 5530 3245 5603 Πέτρον.
3303 5529 3399 5603 καὶ
3424 5531 3493 5603 τά
3540 5529 3754 5603 δάκρυα

2102 5534 2323 5655 Ἑπειδίὶ
2350 5534 2461 5603 γάρ
2489 5534 2852 5602 περιέστησαν
2882 5534 2974 5585 τὸν
3020 5534 3245 5601 Πέτρον.
3303 5534 3399 5584 καὶ
3424 5534 3493 5584 τά
3540 5534 3754 5610 δάκρυα

2093 5602 2273 5674 θερμὰ
2329 5600 2538 5672 ξέχεαν,
2569 5599 2666 5672 την
2694 5599 2901 5672 τροφὴν
2930 5600 3025 5656 καὶ
3057 5600 3156 5673 τὴν
3181 5600 3443 5671 χορηγίαν
3462 5598 3754 5671 ἐπιζητου-

2096 5701 2207 5749 σαι,
2238 5680 2483 5737 ἐκὸαλὼν
2513 5679 2745 5743 πάντας,
2777 5678 2963 5751 φησιν,
2992 5681 3023 5734 ό
3050 5679 3275 5751 Πέτρος,
3310 5678 3424 5739 θεὶς
3452 5678 3521 5732 τά
3551 5677 3754 5744 γόνατα

2097 5759 2463 5832 προσηύξατο,
2495 5759 2590 5816 καὶ
2609 5757 2919 5830 ἀναστήσας
2940 5758 3007 5815 αὐ
3018 5757 3111 5828 τὴν
3131 5755 3376 5828 ἐφώνησε
3404 5755 3529 5822 τοὺς
3566 5752 3757 5824 ἁγίαις
