  <div class='ocr_page' id='page_1' title='image "/cluster/home/n/w/nwhite01/storage/ocr_20150623/53/hvd.32044054086673/275.png"; bbox 0 0 4102 6204; ppageno 0'>
   <div class='ocr_carea' id='block_1_1' title="bbox 385 278 489 335">
    <p class='ocr_par' dir='ltr' id='par_1_1' title="bbox 385 278 489 335">
     <span class='ocr_line' id='line_1_1' title="bbox 385 278 489 335; baseline -0.019 0"><span class='ocrx_word' id='word_1_1' title='bbox 385 278 489 335; x_wconf 69' lang='grc'><strong>277</strong></span> 
     </span>
    </p>
   </div>
   <div class='ocr_carea' id='block_1_2' title="bbox 383 385 2054 462">
    <p class='ocr_par' dir='ltr' id='par_1_2' title="bbox 383 385 2054 462">
     <span class='ocr_line' id='line_1_2' title="bbox 383 385 2054 462; baseline -0.005 -14"><span class='ocrx_word' id='word_1_2' title='bbox 383 393 482 448; x_wconf 80' lang='lat' dir='ltr'><strong><em>zeal</em></strong></span> <span class='ocrx_word' id='word_1_3' title='bbox 510 389 609 456; x_wconf 85' lang='grc' dir='ltr'><strong>τάς</strong></span> <span class='ocrx_word' id='word_1_4' title='bbox 643 391 837 462; x_wconf 77' lang='grc' dir='ltr'><strong>χήρας,</strong></span> <span class='ocrx_word' id='word_1_5' title='bbox 860 386 955 442; x_wconf 82' lang='grc' dir='ltr'><strong>καὶ</strong></span> <span class='ocrx_word' id='word_1_6' title='bbox 981 386 1325 459; x_wconf 77' lang='grc' dir='ltr'><strong>παρέστησεν</strong></span> <span class='ocrx_word' id='word_1_7' title='bbox 1345 388 1517 459; x_wconf 82' lang='grc' dir='ltr'><strong>αὐτὴν</strong></span> <span class='ocrx_word' id='word_1_8' title='bbox 1538 387 1741 452; x_wconf 76' lang='grc' dir='ltr'><strong>ζῶσαν.</strong></span> <span class='ocrx_word' id='word_1_9' title='bbox 1778 388 1842 441; x_wconf 83' lang='grc' dir='ltr'><strong>Εἰ</strong></span> <span class='ocrx_word' id='word_1_10' title='bbox 1875 385 2054 457; x_wconf 79' lang='grc' dir='ltr'>βούλει</span> 
     </span>
    </p>
   </div>
   <div class='ocr_carea' id='block_1_3' title="bbox 386 474 2052 552">
    <p class='ocr_par' dir='ltr' id='par_1_3' title="bbox 386 474 2052 552">
     <span class='ocr_line' id='line_1_3' title="bbox 386 474 2052 552; baseline -0.003 -18"><span class='ocrx_word' id='word_1_11' title='bbox 386 476 840 552; x_wconf 85' lang='grc' dir='ltr'><strong>μνημονεύεσθαι,</strong></span> <span class='ocrx_word' id='word_1_12' title='bbox 880 476 976 531; x_wconf 79' lang='grc' dir='ltr'><strong>καὶ</strong></span> <span class='ocrx_word' id='word_1_13' title='bbox 1001 477 1050 529; x_wconf 90' lang='grc' dir='ltr'><strong>εἰ</strong></span> <span class='ocrx_word' id='word_1_14' title='bbox 1078 475 1235 547; x_wconf 79' lang='grc' dir='ltr'><strong>δόξης</strong></span> <span class='ocrx_word' id='word_1_15' title='bbox 1260 476 1496 549; x_wconf 82' lang='grc' dir='ltr'><strong>ἀληθοῦς</strong></span> <span class='ocrx_word' id='word_1_16' title='bbox 1535 478 1688 549; x_wconf 79' lang='grc' dir='ltr'><strong>ἐρᾷς,</strong></span> <span class='ocrx_word' id='word_1_17' title='bbox 1726 474 1930 545; x_wconf 84' lang='grc' dir='ltr'><strong>ταύτην</strong></span> <span class='ocrx_word' id='word_1_18' title='bbox 1961 476 2052 546; x_wconf 87' lang='grc' dir='ltr'><strong>μί·-</strong></span> 
     </span>
    </p>
   </div>
   <div class='ocr_carea' id='block_1_4' title="bbox 388 561 2052 639">
    <p class='ocr_par' dir='ltr' id='par_1_4' title="bbox 388 561 2052 639">
     <span class='ocr_line' id='line_1_4' title="bbox 388 561 2052 639; baseline -0.003 -19"><span class='ocrx_word' id='word_1_19' title='bbox 388 584 577 639; x_wconf 89' lang='grc' dir='ltr'><strong>μησαι,</strong></span> <span class='ocrx_word' id='word_1_20' title='bbox 618 565 711 619; x_wconf 88' lang='lat' dir='ltr'><strong><em>zeal</em></strong></span> <span class='ocrx_word' id='word_1_21' title='bbox 753 562 1006 628; x_wconf 74' lang='grc' dir='ltr'><strong>τοιαύτας</strong></span> <span class='ocrx_word' id='word_1_22' title='bbox 1041 563 1331 634; x_wconf 79' lang='grc' dir='ltr'><strong>οἰκοδομὰς</strong></span> <span class='ocrx_word' id='word_1_23' title='bbox 1380 562 1637 634; x_wconf 76' lang='grc' dir='ltr'><strong>ἐργάζου,</strong></span> <span class='ocrx_word' id='word_1_24' title='bbox 1671 562 1746 635; x_wconf 86' lang='grc' dir='ltr'><strong>μὴ</strong></span> <span class='ocrx_word' id='word_1_25' title='bbox 1782 562 1912 633; x_wconf 72' lang='grc' dir='ltr'><strong>περὶ</strong></span> <span class='ocrx_word' id='word_1_26' title='bbox 1951 561 2052 633; x_wconf 84' lang='grc' dir='ltr'><strong>τὴν</strong></span> 
     </span>
    </p>
   </div>
   <div class='ocr_carea' id='block_1_5' title="bbox 384 650 2051 724">
    <p class='ocr_par' dir='ltr' id='par_1_5' title="bbox 384 650 2051 724">
     <span class='ocr_line' id='line_1_5' title="bbox 384 650 2051 724; baseline -0.005 -14"><span class='ocrx_word' id='word_1_27' title='bbox 384 654 589 724; x_wconf 84' lang='grc' dir='ltr'><strong>ἀψυχον</strong></span> <span class='ocrx_word' id='word_1_28' title='bbox 612 651 745 723; x_wconf 78' lang='grc' dir='ltr'><strong>ὓλην</strong></span> <span class='ocrx_word' id='word_1_29' title='bbox 776 650 1323 722; x_wconf 83' lang='grc' dir='ltr'><strong>καταδαπανώμενος,</strong></span> <span class='ocrx_word' id='word_1_30' title='bbox 1362 650 1500 706; x_wconf 87' lang='grc' dir='ltr'><strong>ἀλλά</strong></span> <span class='ocrx_word' id='word_1_31' title='bbox 1531 650 1660 722; x_wconf 84' lang='grc' dir='ltr'><strong>περί</strong></span> <span class='ocrx_word' id='word_1_32' title='bbox 1700 650 1827 714; x_wconf 77' lang='grc' dir='ltr'><strong>τοὺς</strong></span> <span class='ocrx_word' id='word_1_33' title='bbox 1852 650 2051 719; x_wconf 81' lang='grc' dir='ltr'><strong>ὁμογε-</strong></span> 
     </span>
    </p>
   </div>
   <div class='ocr_carea' id='block_1_6' title="bbox 382 737 2051 812">
    <p class='ocr_par' dir='ltr' id='par_1_6' title="bbox 382 737 2051 812">
     <span class='ocr_line' id='line_1_6' title="bbox 382 737 2051 812; baseline -0.003 -17"><span class='ocrx_word' id='word_1_34' title='bbox 382 743 495 805; x_wconf 90' lang='grc' dir='ltr'><strong>νεῖς</strong></span> <span class='ocrx_word' id='word_1_35' title='bbox 540 740 740 811; x_wconf 78' lang='grc' dir='ltr'><strong>πολλὴν</strong></span> <span class='ocrx_word' id='word_1_36' title='bbox 790 739 891 812; x_wconf 85' lang='grc' dir='ltr'><strong>τήν</strong></span> <span class='ocrx_word' id='word_1_37' title='bbox 938 738 1248 810; x_wconf 79' lang='grc' dir='ltr'><strong>φιλοτιμίαν</strong></span> <span class='ocrx_word' id='word_1_38' title='bbox 1300 738 1757 811; x_wconf 77' lang='grc' dir='ltr'><strong>ἐπιδεικνύμενος.</strong></span> <span class='ocrx_word' id='word_1_39' title='bbox 1818 737 1966 807; x_wconf 73' lang='grc' dir='ltr'><strong>Αΰτη</strong></span> <span class='ocrx_word' id='word_1_40' title='bbox 2015 737 2051 808; x_wconf 81' lang='grc' dir='ltr'><strong>ἡ</strong></span> 
     </span>
    </p>
   </div>
   <div class='ocr_carea' id='block_1_7' title="bbox 387 823 2053 902">
    <p class='ocr_par' dir='ltr' id='par_1_7' title="bbox 387 823 2053 902">
     <span class='ocr_line' id='line_1_7' title="bbox 387 823 2053 902; baseline -0.002 -19"><span class='ocrx_word' id='word_1_41' title='bbox 387 830 574 902; x_wconf 85' lang='grc' dir='ltr'><strong>μνήμη</strong></span> <span class='ocrx_word' id='word_1_42' title='bbox 600 826 857 899; x_wconf 76' lang='grc' dir='ltr'><strong>ἐπαινετή</strong></span> <span class='ocrx_word' id='word_1_43' title='bbox 882 827 977 880; x_wconf 82' lang='lat' dir='ltr'><strong><em>zeal</em></strong></span> <span class='ocrx_word' id='word_1_44' title='bbox 997 825 1132 880; x_wconf 80' lang='grc' dir='ltr'><strong>πολὺ</strong></span> <span class='ocrx_word' id='word_1_45' title='bbox 1158 825 1220 880; x_wconf 86' lang='grc' dir='ltr'><strong>τὸ</strong></span> <span class='ocrx_word' id='word_1_46' title='bbox 1253 825 1441 896; x_wconf 82' lang='grc' dir='ltr'><strong>κέρδος</strong></span> <span class='ocrx_word' id='word_1_47' title='bbox 1467 825 1726 897; x_wconf 89' lang='grc' dir='ltr'><strong>φέρουσα.</strong></span> <span class='ocrx_word' id='word_1_48' title='bbox 1754 824 1917 878; x_wconf 82' lang='grc' dir='ltr'><strong>’Ἀλλά</strong></span> <span class='ocrx_word' id='word_1_49' title='bbox 1947 823 2053 879; x_wconf 83' lang='grc' dir='ltr'><strong>πά-</strong></span> 
     </span>
    </p>
   </div>
   <div class='ocr_carea' id='block_1_8' title="bbox 380 911 2061 986">
    <p class='ocr_par' dir='ltr' id='par_1_8' title="bbox 380 911 2061 986">
     <span class='ocr_line' id='line_1_8' title="bbox 380 911 2061 986; baseline -0.003 -17"><span class='ocrx_word' id='word_1_50' title='bbox 380 917 465 972; x_wconf 85' lang='grc' dir='ltr'><strong>λιν</strong></span> <span class='ocrx_word' id='word_1_51' title='bbox 496 916 590 971; x_wconf 77' lang='grc' dir='ltr'><strong>ἐπὶ</strong></span> <span class='ocrx_word' id='word_1_52' title='bbox 625 915 688 970; x_wconf 82' lang='grc' dir='ltr'><strong>τδ</strong></span> <span class='ocrx_word' id='word_1_53' title='bbox 716 914 1080 986; x_wconf 76' lang='grc' dir='ltr'><strong>προκείμενον</strong></span> <span class='ocrx_word' id='word_1_54' title='bbox 1125 913 1530 985; x_wconf 71' lang='grc' dir='ltr'><strong>ἐπανέλθωμεν,</strong></span> <span class='ocrx_word' id='word_1_55' title='bbox 1576 914 1670 968; x_wconf 75' lang='grc' dir='ltr'><strong>καὶ</strong></span> <span class='ocrx_word' id='word_1_56' title='bbox 1720 913 1918 984; x_wconf 74' lang='grc' dir='ltr'><strong>ἴδωμεν</strong></span> <span class='ocrx_word' id='word_1_57' title='bbox 1941 911 2061 967; x_wconf 79' lang='grc' dir='ltr'><strong>τῶν</strong></span> 
     </span>
    </p>
   </div>
   <div class='ocr_carea' id='block_1_9' title="bbox 379 1000 2050 1077">
    <p class='ocr_par' dir='ltr' id='par_1_9' title="bbox 379 1000 2050 1077">
     <span class='ocr_line' id='line_1_9' title="bbox 379 1000 2050 1077; baseline -0.002 -19"><span class='ocrx_word' id='word_1_58' title='bbox 379 1005 502 1058; x_wconf 86' lang='grc' dir='ltr'><strong>τότε</strong></span> <span class='ocrx_word' id='word_1_59' title='bbox 522 1002 732 1077; x_wconf 90' lang='grc' dir='ltr'><strong>ἀνδρῶν</strong></span> <span class='ocrx_word' id='word_1_60' title='bbox 772 1002 871 1075; x_wconf 80' lang='grc' dir='ltr'><strong>τὴν</strong></span> <span class='ocrx_word' id='word_1_61' title='bbox 891 1001 1117 1073; x_wconf 75' lang='grc' dir='ltr'><strong>τόλμαν.</strong></span> <span class='ocrx_word' id='word_1_62' title='bbox 1141 1000 1223 1054; x_wconf 87' lang='grc' dir='ltr'><strong>Τά</strong></span> <span class='ocrx_word' id='word_1_63' title='bbox 1252 1000 1360 1073; x_wconf 92' lang='grc' dir='ltr'><strong>γάρ</strong></span> <span class='ocrx_word' id='word_1_64' title='bbox 1392 1000 1616 1055; x_wconf 77' lang='grc' dir='ltr'><strong>ἐκείνων</strong></span> <span class='ocrx_word' id='word_1_65' title='bbox 1646 1000 1790 1072; x_wconf 86' lang='grc' dir='ltr'><strong>πάθη</strong></span> <span class='ocrx_word' id='word_1_66' title='bbox 1816 1002 1971 1072; x_wconf 91' lang='grc' dir='ltr'><strong>ἡμῖν,</strong></span> <span class='ocrx_word' id='word_1_67' title='bbox 2000 1001 2050 1054; x_wconf 74' lang='grc' dir='ltr'><strong>εἰ</strong></span> 
     </span>
    </p>
   </div>
   <div class='ocr_carea' id='block_1_10' title="bbox 384 1087 2050 1163">
    <p class='ocr_par' dir='ltr' id='par_1_10' title="bbox 384 1087 2050 1163">
     <span class='ocr_line' id='line_1_10' title="bbox 384 1087 2050 1163; baseline -0.002 -19"><span class='ocrx_word' id='word_1_68' title='bbox 384 1090 711 1163; x_wconf 84' lang='grc' dir='ltr'><strong>βουλοίμεθα</strong></span> <span class='ocrx_word' id='word_1_69' title='bbox 730 1090 940 1161; x_wconf 82' lang='grc' dir='ltr'><strong>νήφειν,</strong></span> <span class='ocrx_word' id='word_1_70' title='bbox 973 1088 1350 1159; x_wconf 80' lang='grc' dir='ltr'><strong>σωφρονισμδς</strong></span> <span class='ocrx_word' id='word_1_71' title='bbox 1398 1089 1709 1160; x_wconf 85' lang='grc' dir='ltr'><strong>γενήσεται.</strong></span> <span class='ocrx_word' id='word_1_72' title='bbox 1752 1087 1863 1142; x_wconf 83' lang='grc' dir='ltr'><strong>Καί</strong></span> <span class='ocrx_word' id='word_1_73' title='bbox 1892 1088 2050 1142; x_wconf 76' lang='grc' dir='ltr'><strong>οἰκο-</strong></span> 
     </span>
    </p>
   </div>
   <div class='ocr_carea' id='block_1_11' title="bbox 380 1170 2051 1248">
    <p class='ocr_par' dir='ltr' id='par_1_11' title="bbox 380 1170 2051 1248">
     <span class='ocr_line' id='line_1_11' title="bbox 380 1170 2051 1248; baseline -0.001 -15"><span class='ocrx_word' id='word_1_74' title='bbox 380 1177 736 1248; x_wconf 81' lang='grc' dir='ltr'><strong>δομήσωμεν</strong></span> <span class='ocrx_word' id='word_1_75' title='bbox 753 1174 1006 1242; x_wconf 78' lang='grc' dir='ltr'><strong>ἑαυτοῖς,</strong></span> <span class='ocrx_word' id='word_1_76' title='bbox 1020 1175 1174 1246; x_wconf 76' lang='grc' dir='ltr'><strong>φησὶ,</strong></span> <span class='ocrx_word' id='word_1_77' title='bbox 1191 1176 1391 1238; x_wconf 82' lang='grc' dir='ltr'><strong>πόλιν,</strong></span> <span class='ocrx_word' id='word_1_78' title='bbox 1404 1174 1507 1229; x_wconf 79' lang='grc' dir='ltr'><strong>καί</strong></span> <span class='ocrx_word' id='word_1_79' title='bbox 1525 1176 1772 1244; x_wconf 80' lang='grc' dir='ltr'><strong>πύργον,</strong></span> <span class='ocrx_word' id='word_1_80' title='bbox 1793 1170 1865 1231; x_wconf 82' lang='grc' dir='ltr'><strong>οὗ</strong></span> <span class='ocrx_word' id='word_1_81' title='bbox 1879 1177 2051 1231; x_wconf 73' lang='grc' dir='ltr'><strong>ἔσται</strong></span> 
     </span>
    </p>
   </div>
   <div class='ocr_carea' id='block_1_12' title="bbox 379 1254 2051 1334">
    <p class='ocr_par' dir='ltr' id='par_1_12' title="bbox 379 1254 2051 1334">
     <span class='ocr_line' id='line_1_12' title="bbox 379 1254 2051 1334; baseline -0.001 -16"><span class='ocrx_word' id='word_1_82' title='bbox 379 1265 420 1332; x_wconf 73' lang='grc' dir='ltr'><strong>ἡ</strong></span> <span class='ocrx_word' id='word_1_83' title='bbox 443 1262 673 1334; x_wconf 70' lang='grc' dir='ltr'><strong>κεφαλὴ</strong></span> <span class='ocrx_word' id='word_1_84' title='bbox 700 1254 945 1329; x_wconf 74' lang='grc' dir='ltr'><strong>ἕωςτοῦ</strong></span> <span class='ocrx_word' id='word_1_85' title='bbox 992 1259 1273 1331; x_wconf 81' lang='grc' dir='ltr'><strong>οὐρανοῦ,</strong></span> <span class='ocrx_word' id='word_1_86' title='bbox 1314 1261 1413 1317; x_wconf 80' lang='grc' dir='ltr'><strong>καὶ</strong></span> <span class='ocrx_word' id='word_1_87' title='bbox 1450 1261 1794 1332; x_wconf 81' lang='grc' dir='ltr'><strong>ποιήσωμεν</strong></span> <span class='ocrx_word' id='word_1_88' title='bbox 1815 1262 2051 1331; x_wconf 74' lang='grc' dir='ltr'><strong>ἑαυτοῖς</strong></span> 
     </span>
    </p>
   </div>
   <div class='ocr_carea' id='block_1_13' title="bbox 380 1347 2052 1426">
    <p class='ocr_par' dir='ltr' id='par_1_13' title="bbox 380 1347 2052 1426">
     <span class='ocr_line' id='line_1_13' title="bbox 380 1347 2052 1426; baseline -0.002 -19"><span class='ocrx_word' id='word_1_89' title='bbox 380 1351 536 1426; x_wconf 72' lang='lat'><strong>[298]</strong></span> <span class='ocrx_word' id='word_1_90' title='bbox 566 1350 752 1422; x_wconf 80' lang='grc' dir='ltr'><strong>ὄνομα</strong></span> <span class='ocrx_word' id='word_1_91' title='bbox 770 1352 885 1418; x_wconf 78' lang='grc' dir='ltr'><strong>πρὸ</strong></span> <span class='ocrx_word' id='word_1_92' title='bbox 914 1351 1023 1405; x_wconf 89' lang='grc' dir='ltr'><strong>τοῦ</strong></span> <span class='ocrx_word' id='word_1_93' title='bbox 1051 1347 1453 1419; x_wconf 81' lang='grc' dir='ltr'><strong>διασπαρῆναι</strong></span> <span class='ocrx_word' id='word_1_94' title='bbox 1468 1349 1566 1402; x_wconf 76' lang='grc' dir='ltr'><strong>ἐπὶ</strong></span> <span class='ocrx_word' id='word_1_95' title='bbox 1592 1347 1702 1417; x_wconf 84' lang='grc' dir='ltr'><strong>τῆς</strong></span> <span class='ocrx_word' id='word_1_96' title='bbox 1719 1347 1847 1418; x_wconf 76' lang='grc' dir='ltr'><strong>γῆς.</strong></span> <span class='ocrx_word' id='word_1_97' title='bbox 1886 1349 2052 1422; x_wconf 76' lang='grc' dir='ltr'><strong>Ὁρᾷς</strong></span> 
     </span>
    </p>
   </div>
   <div class='ocr_carea' id='block_1_14' title="bbox 382 1435 2050 1510">
    <p class='ocr_par' dir='ltr' id='par_1_14' title="bbox 382 1435 2050 1510">
     <span class='ocr_line' id='line_1_14' title="bbox 382 1435 2050 1510; baseline -0.002 -16"><span class='ocrx_word' id='word_1_98' title='bbox 382 1438 500 1504; x_wconf 85' lang='grc' dir='ltr'><strong>πῶς</strong></span> <span class='ocrx_word' id='word_1_99' title='bbox 531 1438 804 1510; x_wconf 89' lang='grc' dir='ltr'><strong>πανταχοῦ</strong></span> <span class='ocrx_word' id='word_1_100' title='bbox 828 1438 928 1509; x_wconf 88' lang='grc' dir='ltr'><strong>τῆς</strong></span> <span class='ocrx_word' id='word_1_101' title='bbox 957 1436 1164 1492; x_wconf 77' lang='grc' dir='ltr'><strong>ἑαυτῶν</strong></span> <span class='ocrx_word' id='word_1_102' title='bbox 1192 1435 1417 1510; x_wconf 80' lang='grc' dir='ltr'><strong>γνώμης</strong></span> <span class='ocrx_word' id='word_1_103' title='bbox 1450 1436 1548 1509; x_wconf 77' lang='grc' dir='ltr'><strong>τὴν</strong></span> <span class='ocrx_word' id='word_1_104' title='bbox 1577 1436 1875 1508; x_wconf 67' lang='grc' dir='ltr'><strong>διαφθορὰν</strong></span> <span class='ocrx_word' id='word_1_105' title='bbox 1927 1438 2050 1491; x_wconf 83' lang='grc' dir='ltr'><strong>ἐπι-</strong></span> 
     </span>
    </p>
   </div>
   <div class='ocr_carea' id='block_1_15' title="bbox 380 1524 2050 1595">
    <p class='ocr_par' dir='ltr' id='par_1_15' title="bbox 380 1524 2050 1595">
     <span class='ocr_line' id='line_1_15' title="bbox 380 1524 2050 1595; baseline -0.002 -14"><span class='ocrx_word' id='word_1_106' title='bbox 380 1527 680 1581; x_wconf 78' lang='grc' dir='ltr'><strong>δεικνύουσι</strong></span> <span class='ocrx_word' id='word_1_107' title='bbox 728 1539 778 1580; x_wconf 74' lang='grc' dir='ltr'><strong>α.</strong></span> <span class='ocrx_word' id='word_1_108' title='bbox 837 1525 949 1579; x_wconf 81' lang='lat' dir='ltr'><strong>Kal</strong></span> <span class='ocrx_word' id='word_1_109' title='bbox 986 1524 1477 1594; x_wconf 82' lang='grc' dir='ltr'><strong>οἰκοδομήσωμεν</strong></span> <span class='ocrx_word' id='word_1_110' title='bbox 1498 1562 1513 1588; x_wconf 89' lang='grc'><strong>,</strong></span> <span class='ocrx_word' id='word_1_111' title='bbox 1576 1524 1761 1595; x_wconf 72' lang='grc' dir='ltr'><strong>φησῖν,</strong></span> <span class='ocrx_word' id='word_1_112' title='bbox 1815 1525 2050 1592; x_wconf 70' lang='grc' dir='ltr'><strong>ἑαυτοῖς</strong></span> 
     </span>
    </p>
   </div>
   <div class='ocr_carea' id='block_1_16' title="bbox 381 1610 2054 1681">
    <p class='ocr_par' dir='ltr' id='par_1_16' title="bbox 381 1610 2054 1681">
     <span class='ocr_line' id='line_1_16' title="bbox 381 1610 2054 1681; baseline -0.002 -12"><span class='ocrx_word' id='word_1_113' title='bbox 381 1616 592 1669; x_wconf 69' lang='grc' dir='ltr'><strong>πόλιν-⁸</strong></span> <span class='ocrx_word' id='word_1_114' title='bbox 625 1614 719 1668; x_wconf 76' lang='grc' dir='ltr'><strong>καὶ</strong></span> <span class='ocrx_word' id='word_1_115' title='bbox 746 1612 940 1668; x_wconf 77' lang='grc' dir='ltr'><strong>πάλινο</strong></span> <span class='ocrx_word' id='word_1_116' title='bbox 995 1612 1347 1681; x_wconf 75' lang='grc' dir='ltr'><strong>Ποιήσωμεν</strong></span> <span class='ocrx_word' id='word_1_117' title='bbox 1373 1610 1609 1678; x_wconf 75' lang='grc' dir='ltr'><strong>ἑαυτοῖς</strong></span> <span class='ocrx_word' id='word_1_118' title='bbox 1654 1611 1860 1681; x_wconf 72' lang='grc' dir='ltr'><strong>ὄνομα.</strong></span> <span class='ocrx_word' id='word_1_119' title='bbox 1906 1612 2054 1666; x_wconf 66' lang='grc' dir='ltr'><strong>Ἀλλ’</strong></span> 
     </span>
    </p>
   </div>
   <div class='ocr_carea' id='block_1_17' title="bbox 380 1697 2049 1776">
    <p class='ocr_par' dir='ltr' id='par_1_17' title="bbox 380 1697 2049 1776">
     <span class='ocr_line' id='line_1_17' title="bbox 380 1697 2049 1776; baseline -0.002 -19"><span class='ocrx_word' id='word_1_120' title='bbox 380 1705 485 1776; x_wconf 82' lang='grc' dir='ltr'><strong>δρα</strong></span> <span class='ocrx_word' id='word_1_121' title='bbox 525 1703 621 1757; x_wconf 82' lang='grc' dir='ltr'><strong>καὶ</strong></span> <span class='ocrx_word' id='word_1_122' title='bbox 675 1700 814 1773; x_wconf 87' lang='grc' dir='ltr'><strong>μετά</strong></span> <span class='ocrx_word' id='word_1_123' title='bbox 859 1700 1130 1771; x_wconf 83' lang='grc' dir='ltr'><strong>τοσαύτην</strong></span> <span class='ocrx_word' id='word_1_124' title='bbox 1164 1698 1541 1771; x_wconf 89' lang='grc' dir='ltr'><strong>πανωλεθρίαν</strong></span> <span class='ocrx_word' id='word_1_125' title='bbox 1588 1698 1750 1753; x_wconf 89' lang='grc' dir='ltr'><strong>πάλιν</strong></span> <span class='ocrx_word' id='word_1_126' title='bbox 1802 1697 1918 1763; x_wconf 91' lang='grc' dir='ltr'><strong>πῶς</strong></span> <span class='ocrx_word' id='word_1_127' title='bbox 1947 1699 2049 1754; x_wconf 83' lang='grc' dir='ltr'><strong>οὐκ</strong></span> 
     </span>
    </p>
   </div>
   <div class='ocr_carea' id='block_1_18' title="bbox 380 1781 2051 1860">
    <p class='ocr_par' dir='ltr' id='par_1_18' title="bbox 380 1781 2051 1860">
     <span class='ocr_line' id='line_1_18' title="bbox 380 1781 2051 1860; baseline -0.002 -16"><span class='ocrx_word' id='word_1_128' title='bbox 380 1790 624 1845; x_wconf 80' lang='grc' dir='ltr'><strong>ἐλάττοσι</strong></span> <span class='ocrx_word' id='word_1_129' title='bbox 648 1790 837 1852; x_wconf 78' lang='grc' dir='ltr'><strong>κακοῖς</strong></span> <span class='ocrx_word' id='word_1_130' title='bbox 861 1786 1214 1860; x_wconf 65' lang='grc' dir='ltr'><strong>ἐπιχειροῦσι.</strong></span> <span class='ocrx_word' id='word_1_131' title='bbox 1238 1787 1305 1839; x_wconf 88' lang='grc' dir='ltr'><strong>Τί</strong></span> <span class='ocrx_word' id='word_1_132' title='bbox 1328 1781 1423 1840; x_wconf 75' lang='grc' dir='ltr'><strong>οὖν</strong></span> <span class='ocrx_word' id='word_1_133' title='bbox 1447 1787 1534 1841; x_wconf 79' lang='grc' dir='ltr'><strong>ἶνα</strong></span> <span class='ocrx_word' id='word_1_134' title='bbox 1562 1787 1854 1858; x_wconf 88' lang='grc' dir='ltr'><strong>γενὴσηται</strong></span> <span class='ocrx_word' id='word_1_135' title='bbox 1876 1805 1892 1854; x_wconf 90' lang='lat'><strong>;</strong></span> <span class='ocrx_word' id='word_1_136' title='bbox 1931 1787 2051 1853; x_wconf 85' lang='grc' dir='ltr'><strong>πῶς</strong></span> 
     </span>
    </p>
   </div>
   <div class='ocr_carea' id='block_1_19' title="bbox 381 1871 2048 1947">
    <p class='ocr_par' dir='ltr' id='par_1_19' title="bbox 381 1871 2048 1947">
     <span class='ocr_line' id='line_1_19' title="bbox 381 1871 2048 1947; baseline -0.004 -15"><span class='ocrx_word' id='word_1_137' title='bbox 381 1877 470 1931; x_wconf 76' lang='grc' dir='ltr'><strong>ἵνα</strong></span> <span class='ocrx_word' id='word_1_138' title='bbox 501 1874 925 1946; x_wconf 87' lang='grc' dir='ltr'><strong>ἀναχαιτισθῶσι</strong></span> <span class='ocrx_word' id='word_1_139' title='bbox 948 1873 1047 1945; x_wconf 90' lang='grc' dir='ltr'><strong>τῆς</strong></span> <span class='ocrx_word' id='word_1_140' title='bbox 1070 1874 1296 1945; x_wconf 83' lang='grc' dir='ltr'><strong>μανίας;</strong></span> <span class='ocrx_word' id='word_1_141' title='bbox 1338 1871 1634 1944; x_wconf 80' lang='grc' dir='ltr'><strong>’Υπέσχετο</strong></span> <span class='ocrx_word' id='word_1_142' title='bbox 1670 1873 1865 1944; x_wconf 81' lang='grc' dir='ltr'><strong>μηκέτι</strong></span> <span class='ocrx_word' id='word_1_143' title='bbox 1899 1876 2048 1947; x_wconf 78' lang='grc' dir='ltr'><strong>ποιήο</strong></span> 
     </span>
    </p>
   </div>
   <div class='ocr_carea' id='block_1_20' title="bbox 382 1961 2047 2043">
    <p class='ocr_par' dir='ltr' id='par_1_20' title="bbox 382 1961 2047 2043">
     <span class='ocr_line' id='line_1_20' title="bbox 382 1961 2047 2043; baseline -0.004 -23"><span class='ocrx_word' id='word_1_144' title='bbox 382 1983 498 2019; x_wconf 86' lang='grc' dir='ltr'><strong>σειν</strong></span> <span class='ocrx_word' id='word_1_145' title='bbox 529 1962 912 2034; x_wconf 80' lang='grc' dir='ltr'><strong>κατακλυσμὸν</strong></span> <span class='ocrx_word' id='word_1_146' title='bbox 939 1961 1038 2033; x_wconf 79' lang='grc' dir='ltr'><strong>τὴν</strong></span> <span class='ocrx_word' id='word_1_147' title='bbox 1066 1961 1274 2015; x_wconf 75' lang='grc' dir='ltr'><strong>οἰκείαν</strong></span> <span class='ocrx_word' id='word_1_148' title='bbox 1314 1961 1727 2031; x_wconf 83' lang='grc' dir='ltr'><strong>φιλανθρωπίαν</strong></span> <span class='ocrx_word' id='word_1_149' title='bbox 1777 1961 2047 2043; x_wconf 62' lang='grc' dir='ltr'><strong>μιμούμε-</strong></span> 
     </span>
    </p>
   </div>
   <div class='ocr_carea' id='block_1_21' title="bbox 380 2044 2048 2123">
    <p class='ocr_par' dir='ltr' id='par_1_21' title="bbox 380 2044 2048 2123">
     <span class='ocr_line' id='line_1_21' title="bbox 380 2044 2048 2123; baseline 0 -18"><span class='ocrx_word' id='word_1_150' title='bbox 380 2070 470 2118; x_wconf 91' lang='grc' dir='ltr'><strong>νος</strong></span> <span class='ocrx_word' id='word_1_151' title='bbox 489 2070 504 2084; x_wconf 76' lang='grc' dir='ltr'><strong><em>ο</em></strong></span> <span class='ocrx_word' id='word_1_152' title='bbox 530 2044 676 2106; x_wconf 72' lang='grc' dir='ltr'><strong>οὗτοι</strong></span> <span class='ocrx_word' id='word_1_153' title='bbox 704 2051 761 2105; x_wconf 85' lang='grc' dir='ltr'><strong>δέ</strong></span> <span class='ocrx_word' id='word_1_154' title='bbox 789 2050 909 2107; x_wconf 84' lang='grc' dir='ltr'><strong>οὐδέ</strong></span> <span class='ocrx_word' id='word_1_155' title='bbox 933 2051 1054 2113; x_wconf 82' lang='grc' dir='ltr'><strong>ταῖς</strong></span> <span class='ocrx_word' id='word_1_156' title='bbox 1078 2048 1365 2119; x_wconf 83' lang='grc' dir='ltr'><strong>τιμωρίαις</strong></span> <span class='ocrx_word' id='word_1_157' title='bbox 1398 2047 1899 2123; x_wconf 72' lang='grc' dir='ltr'><strong>ἐσωφρονίσθησαν,</strong></span> <span class='ocrx_word' id='word_1_158' title='bbox 1922 2049 2048 2105; x_wconf 74' lang='grc' dir='ltr'><strong>οὔτε</strong></span> 
     </span>
    </p>
   </div>
   <div class='ocr_carea' id='block_1_22' title="bbox 379 2136 1421 2210">
    <p class='ocr_par' dir='ltr' id='par_1_22' title="bbox 379 2136 1421 2210">
     <span class='ocr_line' id='line_1_22' title="bbox 379 2136 1421 2210; baseline -0.007 -14"><span class='ocrx_word' id='word_1_159' title='bbox 379 2142 499 2204; x_wconf 84' lang='grc' dir='ltr'><strong>ταῖς</strong></span> <span class='ocrx_word' id='word_1_160' title='bbox 518 2138 860 2210; x_wconf 79' lang='grc' dir='ltr'><strong>εὐεργεσίαις</strong></span> <span class='ocrx_word' id='word_1_161' title='bbox 888 2136 1130 2208; x_wconf 85' lang='grc' dir='ltr'><strong>βελτίους</strong></span> <span class='ocrx_word' id='word_1_162' title='bbox 1156 2136 1421 2206; x_wconf 83' lang='grc' dir='ltr'><strong>ἐγένοντο.</strong></span> 
     </span>
    </p>
   </div>
   <div class='ocr_carea' id='block_1_23' title="bbox 449 2222 2047 2297">
    <p class='ocr_par' dir='ltr' id='par_1_23' title="bbox 449 2222 2047 2297">
     <span class='ocr_line' id='line_1_23' title="bbox 449 2222 2047 2297; baseline -0.002 -17"><span class='ocrx_word' id='word_1_163' title='bbox 449 2226 543 2280; x_wconf 85' lang='grc' dir='ltr'><strong>Διδ</strong></span> <span class='ocrx_word' id='word_1_164' title='bbox 570 2227 734 2281; x_wconf 86' lang='grc' dir='ltr'><strong>ἀκουε</strong></span> <span class='ocrx_word' id='word_1_165' title='bbox 755 2224 865 2278; x_wconf 89' lang='grc' dir='ltr'><strong>τῶν</strong></span> <span class='ocrx_word' id='word_1_166' title='bbox 889 2222 1035 2295; x_wconf 76' lang='grc' dir='ltr'><strong>ἑξῆς,</strong></span> <span class='ocrx_word' id='word_1_167' title='bbox 1067 2223 1155 2276; x_wconf 80' lang='grc' dir='ltr'><strong>ἵνα</strong></span> <span class='ocrx_word' id='word_1_168' title='bbox 1188 2222 1366 2297; x_wconf 89' lang='grc' dir='ltr'><strong>μάθῃς</strong></span> <span class='ocrx_word' id='word_1_169' title='bbox 1393 2225 1493 2293; x_wconf 81' lang='grc' dir='ltr'><strong>τῆς</strong></span> <span class='ocrx_word' id='word_1_170' title='bbox 1521 2222 1727 2292; x_wconf 85' lang='grc' dir='ltr'><strong>ἀφάτου</strong></span> <span class='ocrx_word' id='word_1_171' title='bbox 1748 2222 2047 2295; x_wconf 77' lang='grc' dir='ltr'><strong>φιλανθρω-</strong></span> 
     </span>
    </p>
   </div>
   <div class='ocr_carea' id='block_1_24' title="bbox 383 2308 2046 2381">
    <p class='ocr_par' dir='ltr' id='par_1_24' title="bbox 383 2308 2046 2381">
     <span class='ocr_line' id='line_1_24' title="bbox 383 2308 2046 2381; baseline -0.004 -12"><span class='ocrx_word' id='word_1_172' title='bbox 383 2313 513 2376; x_wconf 88' lang='grc' dir='ltr'><strong>πίας</strong></span> <span class='ocrx_word' id='word_1_173' title='bbox 536 2311 631 2366; x_wconf 84' lang='grc' dir='ltr'>τοῦ</span> <span class='ocrx_word' id='word_1_174' title='bbox 661 2310 794 2365; x_wconf 83' lang='grc' dir='ltr'><strong>Θεοῦ</strong></span> <span class='ocrx_word' id='word_1_175' title='bbox 823 2310 883 2366; x_wconf 87' lang='grc' dir='ltr'><strong>τδ</strong></span> <span class='ocrx_word' id='word_1_176' title='bbox 911 2308 1159 2381; x_wconf 87' lang='grc' dir='ltr'><strong>μέγεθος.</strong></span> <span class='ocrx_word' id='word_1_177' title='bbox 1190 2309 1296 2363; x_wconf 80' lang='lat' dir='ltr'><strong>Kal</strong></span> <span class='ocrx_word' id='word_1_178' title='bbox 1332 2308 1571 2377; x_wconf 81' lang='grc' dir='ltr'><strong>κατέϐη,</strong></span> <span class='ocrx_word' id='word_1_179' title='bbox 1624 2310 1759 2380; x_wconf 81' lang='grc' dir='ltr'><strong>φησί</strong></span> <span class='ocrx_word' id='word_1_180' title='bbox 1778 2348 1793 2379; x_wconf 78' lang='grc'><strong>,</strong></span> <span class='ocrx_word' id='word_1_181' title='bbox 1831 2310 2046 2378; x_wconf 83' lang='grc' dir='ltr'><strong>Κύριος</strong></span> 
     </span>
    </p>
   </div>
   <div class='ocr_carea' id='block_1_25' title="bbox 382 2395 2053 2467">
    <p class='ocr_par' dir='ltr' id='par_1_25' title="bbox 382 2395 2053 2467">
     <span class='ocr_line' id='line_1_25' title="bbox 382 2395 2053 2467; baseline -0.003 -11"><span class='ocrx_word' id='word_1_182' title='bbox 382 2403 416 2456; x_wconf 85' lang='grc' dir='ltr'><em>ὀ</em></span> <span class='ocrx_word' id='word_1_183' title='bbox 439 2399 583 2467; x_wconf 85' lang='grc' dir='ltr'><strong>Θεὸς</strong></span> <span class='ocrx_word' id='word_1_184' title='bbox 605 2397 753 2454; x_wconf 71' lang='grc' dir='ltr'><strong>ἰδεῖν</strong></span> <span class='ocrx_word' id='word_1_185' title='bbox 772 2397 887 2465; x_wconf 81' lang='grc' dir='ltr'><strong>τὴν</strong></span> <span class='ocrx_word' id='word_1_186' title='bbox 925 2397 1127 2460; x_wconf 80' lang='grc' dir='ltr'><strong>πόλιν,</strong></span> <span class='ocrx_word' id='word_1_187' title='bbox 1164 2395 1262 2450; x_wconf 84' lang='grc' dir='ltr'><strong>καί</strong></span> <span class='ocrx_word' id='word_1_188' title='bbox 1296 2395 1405 2449; x_wconf 92' lang='grc' dir='ltr'><strong>τὸν</strong></span> <span class='ocrx_word' id='word_1_189' title='bbox 1435 2396 1685 2465; x_wconf 76' lang='grc' dir='ltr'><strong>πύργον,</strong></span> <span class='ocrx_word' id='word_1_190' title='bbox 1728 2396 1803 2451; x_wconf 80' lang='grc' dir='ltr'><strong>ὃν</strong></span> <span class='ocrx_word' id='word_1_191' title='bbox 1834 2396 2053 2462; x_wconf 72' lang='grc' dir='ltr'><strong>ᾠκοδόο</strong></span> 
     </span>
    </p>
   </div>
   <div class='ocr_carea' id='block_1_26' title="bbox 376 2483 2049 2558">
    <p class='ocr_par' dir='ltr' id='par_1_26' title="bbox 376 2483 2049 2558">
     <span class='ocr_line' id='line_1_26' title="bbox 376 2483 2049 2558; baseline -0.003 -15"><span class='ocrx_word' id='word_1_192' title='bbox 376 2505 535 2558; x_wconf 82' lang='grc' dir='ltr'><strong>μουν</strong></span> <span class='ocrx_word' id='word_1_193' title='bbox 552 2489 604 2541; x_wconf 91' lang='grc' dir='ltr'><strong>οί</strong></span> <span class='ocrx_word' id='word_1_194' title='bbox 623 2485 739 2542; x_wconf 88' lang='grc' dir='ltr'><strong>υίοί</strong></span> <span class='ocrx_word' id='word_1_195' title='bbox 767 2484 886 2541; x_wconf 86' lang='grc' dir='ltr'><strong>τῶν</strong></span> <span class='ocrx_word' id='word_1_196' title='bbox 909 2484 1254 2553; x_wconf 76' lang='grc' dir='ltr'><strong>ἀνθρώπων.</strong></span> <span class='ocrx_word' id='word_1_197' title='bbox 1291 2484 1433 2551; x_wconf 89' lang='grc' dir='ltr'><strong>Ὅρα</strong></span> <span class='ocrx_word' id='word_1_198' title='bbox 1470 2483 1587 2546; x_wconf 87' lang='grc' dir='ltr'><strong>πῶς</strong></span> <span class='ocrx_word' id='word_1_199' title='bbox 1628 2483 1983 2556; x_wconf 82' lang='grc' dir='ltr'><strong>ἀνθρωπίνως</strong></span> <span class='ocrx_word' id='word_1_200' title='bbox 2009 2486 2049 2557; x_wconf 81' lang='grc' dir='ltr'><strong>ἡ</strong></span> 
     </span>
    </p>
   </div>
   <div class='ocr_carea' id='block_1_27' title="bbox 381 2569 2044 2646">
    <p class='ocr_par' dir='ltr' id='par_1_27' title="bbox 381 2569 2044 2646">
     <span class='ocr_line' id='line_1_27' title="bbox 381 2569 2044 2646; baseline -0.003 -18"><span class='ocrx_word' id='word_1_201' title='bbox 381 2574 573 2646; x_wconf 81' lang='grc' dir='ltr'><strong>Γραφὴ</strong></span> <span class='ocrx_word' id='word_1_202' title='bbox 607 2571 934 2642; x_wconf 80' lang='grc' dir='ltr'><strong>διαλέγεται.</strong></span> <span class='ocrx_word' id='word_1_203' title='bbox 962 2570 1074 2627; x_wconf 89' lang='lat' dir='ltr'><strong>Kal</strong></span> <span class='ocrx_word' id='word_1_204' title='bbox 1094 2569 1330 2638; x_wconf 83' lang='grc' dir='ltr'><strong>κατέϐη,</strong></span> <span class='ocrx_word' id='word_1_205' title='bbox 1365 2569 1520 2638; x_wconf 81' lang='grc' dir='ltr'><strong>φησὶ,</strong></span> <span class='ocrx_word' id='word_1_206' title='bbox 1542 2569 1757 2637; x_wconf 82' lang='grc' dir='ltr'><strong>Κύριος</strong></span> <span class='ocrx_word' id='word_1_207' title='bbox 1787 2573 1820 2624; x_wconf 85' lang='lat' dir='ltr'>d</span> <span class='ocrx_word' id='word_1_208' title='bbox 1864 2571 2044 2636; x_wconf 82' lang='grc' dir='ltr'><strong>Θεός·</strong></span> 
     </span>
    </p>
   </div>
   <div class='ocr_carea' id='block_1_28' title="bbox 376 2656 2047 2733">
    <p class='ocr_par' dir='ltr' id='par_1_28' title="bbox 376 2656 2047 2733">
     <span class='ocr_line' id='line_1_28' title="bbox 376 2656 2047 2733; baseline -0.004 -15"><span class='ocrx_word' id='word_1_209' title='bbox 376 2663 476 2733; x_wconf 78' lang='grc' dir='ltr'><strong>οὐχ</strong></span> <span class='ocrx_word' id='word_1_210' title='bbox 506 2661 593 2716; x_wconf 81' lang='grc' dir='ltr'><strong>ἵνα</strong></span> <span class='ocrx_word' id='word_1_211' title='bbox 622 2659 976 2733; x_wconf 79' lang='grc' dir='ltr'><strong>ἀνθρωπίνως</strong></span> <span class='ocrx_word' id='word_1_212' title='bbox 1004 2659 1307 2730; x_wconf 87' lang='grc' dir='ltr'><strong>νοήσωμεν,</strong></span> <span class='ocrx_word' id='word_1_213' title='bbox 1332 2657 1445 2711; x_wconf 82' lang='grc' dir='ltr'><strong>ἀλλ’</strong></span> <span class='ocrx_word' id='word_1_214' title='bbox 1473 2657 1562 2709; x_wconf 78' lang='grc' dir='ltr'><strong>ἵνα</strong></span> <span class='ocrx_word' id='word_1_215' title='bbox 1588 2656 1675 2711; x_wconf 88' lang='grc' dir='ltr'><strong>διά</strong></span> <span class='ocrx_word' id='word_1_216' title='bbox 1698 2657 1888 2711; x_wconf 87' lang='grc' dir='ltr'><strong>τούτου</strong></span> <span class='ocrx_word' id='word_1_217' title='bbox 1919 2674 2047 2712; x_wconf 83' lang='grc' dir='ltr'><strong>παι-</strong></span> 
     </span>
    </p>
   </div>
   <div class='ocr_carea' id='block_1_29' title="bbox 374 2743 2048 2819">
    <p class='ocr_par' dir='ltr' id='par_1_29' title="bbox 374 2743 2048 2819">
     <span class='ocr_line' id='line_1_29' title="bbox 374 2743 2048 2819; baseline -0.003 -14"><span class='ocrx_word' id='word_1_218' title='bbox 374 2749 657 2819; x_wconf 83' lang='grc' dir='ltr'><strong>δευώμεθα</strong></span> <span class='ocrx_word' id='word_1_219' title='bbox 692 2746 956 2817; x_wconf 86' lang='grc' dir='ltr'><strong>μηδέποτε</strong></span> <span class='ocrx_word' id='word_1_220' title='bbox 987 2744 1455 2814; x_wconf 78' lang='grc' dir='ltr'><strong>καταψηφίζεσθαι</strong></span> <span class='ocrx_word' id='word_1_221' title='bbox 1479 2743 1663 2809; x_wconf 87' lang='grc' dir='ltr'><strong>ἀπλῶς</strong></span> <span class='ocrx_word' id='word_1_222' title='bbox 1676 2744 1784 2798; x_wconf 88' lang='grc' dir='ltr'><strong>τῶν</strong></span> <span class='ocrx_word' id='word_1_223' title='bbox 1803 2746 2048 2816; x_wconf 79' lang='grc' dir='ltr'><strong>ἀδελφῶν</strong></span> 
     </span>
    </p>
   </div>
   <div class='ocr_carea' id='block_1_30' title="bbox 376 2831 2044 2908">
    <p class='ocr_par' dir='ltr' id='par_1_30' title="bbox 376 2831 2044 2908">
     <span class='ocr_line' id='line_1_30' title="bbox 376 2831 2044 2908; baseline -0.003 -17"><span class='ocrx_word' id='word_1_224' title='bbox 376 2837 488 2891; x_wconf 90' lang='grc' dir='ltr'><strong>τῶν</strong></span> <span class='ocrx_word' id='word_1_225' title='bbox 533 2834 838 2908; x_wconf 81' lang='grc' dir='ltr'><strong>ἡμετέρων,</strong></span> <span class='ocrx_word' id='word_1_226' title='bbox 896 2834 1035 2904; x_wconf 88' lang='grc' dir='ltr'><strong>μήτε</strong></span> <span class='ocrx_word' id='word_1_227' title='bbox 1092 2832 1151 2898; x_wconf 75' lang='grc' dir='ltr'><strong>ἐξ</strong></span> <span class='ocrx_word' id='word_1_228' title='bbox 1180 2831 1350 2901; x_wconf 82' lang='grc' dir='ltr'><strong>ἀκοῆς</strong></span> <span class='ocrx_word' id='word_1_229' title='bbox 1377 2831 1792 2898; x_wconf 71' lang='grc' dir='ltr'><strong>καταδικάζειν,</strong></span> <span class='ocrx_word' id='word_1_230' title='bbox 1842 2832 1937 2886; x_wconf 80' lang='grc' dir='ltr'><strong>ἐὰν</strong></span> <span class='ocrx_word' id='word_1_231' title='bbox 1968 2832 2044 2905; x_wconf 79' lang='grc' dir='ltr'><strong>μὴ</strong></span> 
     </span>
    </p>
   </div>
   <div class='ocr_carea' id='block_1_31' title="bbox 377 2918 2045 2996">
    <p class='ocr_par' dir='ltr' id='par_1_31' title="bbox 377 2918 2045 2996">
     <span class='ocr_line' id='line_1_31' title="bbox 377 2918 2045 2996; baseline -0.001 -19"><span class='ocrx_word' id='word_1_232' title='bbox 377 2925 642 2996; x_wconf 86' lang='grc' dir='ltr'><strong>πρότερον</strong></span> <span class='ocrx_word' id='word_1_233' title='bbox 688 2920 887 2992; x_wconf 80' lang='grc' dir='ltr'><strong>πολλὴν</strong></span> <span class='ocrx_word' id='word_1_234' title='bbox 943 2918 1219 2989; x_wconf 82' lang='grc' dir='ltr'><strong>δεξώμεθα</strong></span> <span class='ocrx_word' id='word_1_235' title='bbox 1252 2919 1351 2990; x_wconf 82' lang='grc' dir='ltr'><strong>τήν</strong></span> <span class='ocrx_word' id='word_1_236' title='bbox 1410 2919 1801 2991; x_wconf 85' lang='grc' dir='ltr'><strong>πληροφορίαν.</strong></span> <span class='ocrx_word' id='word_1_237' title='bbox 1860 2920 2045 2975; x_wconf 84' lang='grc' dir='ltr'><strong>Πάντα</strong></span> 
     </span>
    </p>
   </div>
   <div class='ocr_carea' id='block_1_32' title="bbox 377 3005 2043 3083">
    <p class='ocr_par' dir='ltr' id='par_1_32' title="bbox 377 3005 2043 3083">
     <span class='ocr_line' id='line_1_32' title="bbox 377 3005 2043 3083; baseline -0.002 -20"><span class='ocrx_word' id='word_1_238' title='bbox 377 3011 487 3083; x_wconf 85' lang='grc' dir='ltr'><strong>γὰρ</strong></span> <span class='ocrx_word' id='word_1_239' title='bbox 504 3008 572 3064; x_wconf 86' lang='grc' dir='ltr'><strong>τά</strong></span> <span class='ocrx_word' id='word_1_240' title='bbox 600 3008 749 3080; x_wconf 82' lang='grc' dir='ltr'><strong>παρὰ</strong></span> <span class='ocrx_word' id='word_1_241' title='bbox 774 3006 872 3062; x_wconf 78' lang='grc' dir='ltr'><strong>τοῦ</strong></span> <span class='ocrx_word' id='word_1_242' title='bbox 898 3005 1033 3060; x_wconf 81' lang='grc' dir='ltr'><strong>Θεοῦ</strong></span> <span class='ocrx_word' id='word_1_243' title='bbox 1066 3006 1157 3060; x_wconf 86' lang='grc' dir='ltr'><strong>διὰ</strong></span> <span class='ocrx_word' id='word_1_244' title='bbox 1196 3007 1354 3060; x_wconf 81' lang='grc' dir='ltr'><strong>τοῦτο</strong></span> <span class='ocrx_word' id='word_1_245' title='bbox 1381 3007 1608 3075; x_wconf 89' lang='grc' dir='ltr'><strong>γίνεται,</strong></span> <span class='ocrx_word' id='word_1_246' title='bbox 1664 3006 1756 3059; x_wconf 90' lang='lat' dir='ltr'><strong><em>zeal</em></strong></span> <span class='ocrx_word' id='word_1_247' title='bbox 1807 3006 2043 3081; x_wconf 84' lang='grc' dir='ltr'><strong>τοσαύτῃ</strong></span> 
     </span>
    </p>
   </div>
   <div class='ocr_carea' id='block_1_33' title="bbox 376 3092 2043 3168">
    <p class='ocr_par' dir='ltr' id='par_1_33' title="bbox 376 3092 2043 3168">
     <span class='ocr_line' id='line_1_33' title="bbox 376 3092 2043 3168; baseline 0.007 -28"><span class='ocrx_word' id='word_1_248' title='bbox 376 3097 644 3168; x_wconf 77' lang='grc' dir='ltr'><strong>κέχρηται</strong></span> <span class='ocrx_word' id='word_1_249' title='bbox 676 3096 745 3166; x_wconf 76' lang='grc' dir='ltr'><strong>τῇ</strong></span> <span class='ocrx_word' id='word_1_250' title='bbox 775 3093 1178 3162; x_wconf 88' lang='grc' dir='ltr'><strong>συγκαταϐἀσει</strong></span> <span class='ocrx_word' id='word_1_251' title='bbox 1231 3093 1367 3163; x_wconf 78' lang='grc' dir='ltr'><strong>πρὸς</strong></span> <span class='ocrx_word' id='word_1_252' title='bbox 1415 3092 1762 3148; x_wconf 77' lang='grc' dir='ltr'><strong>διδασκαλίαν</strong></span> <span class='ocrx_word' id='word_1_253' title='bbox 1796 3096 1897 3165; x_wconf 86' lang='grc' dir='ltr'><strong>τῆς</strong></span> <span class='ocrx_word' id='word_1_254' title='bbox 1932 3096 2043 3151; x_wconf 90' lang='grc' dir='ltr'><strong>τῶν</strong></span> 
     </span>
    </p>
   </div>
   <div class='ocr_carea' id='block_1_34' title="bbox 376 3179 2044 3255">
    <p class='ocr_par' dir='ltr' id='par_1_34' title="bbox 376 3179 2044 3255">
     <span class='ocr_line' id='line_1_34' title="bbox 376 3179 2044 3255; baseline -0.001 -17"><span class='ocrx_word' id='word_1_255' title='bbox 376 3184 678 3255; x_wconf 86' lang='grc' dir='ltr'><strong>ἀνθρώπων</strong></span> <span class='ocrx_word' id='word_1_256' title='bbox 709 3180 943 3251; x_wconf 89' lang='grc' dir='ltr'><strong>φύσεως.</strong></span> <span class='ocrx_word' id='word_1_257' title='bbox 993 3179 1106 3233; x_wconf 92' lang='lat' dir='ltr'><strong>Kal</strong></span> <span class='ocrx_word' id='word_1_258' title='bbox 1134 3182 1369 3247; x_wconf 82' lang='grc' dir='ltr'><strong>κατέϐη,</strong></span> <span class='ocrx_word' id='word_1_259' title='bbox 1401 3181 1553 3252; x_wconf 77' lang='grc' dir='ltr'><strong>φησὶ,</strong></span> <span class='ocrx_word' id='word_1_260' title='bbox 1594 3181 1806 3249; x_wconf 84' lang='grc' dir='ltr'><strong>Κύριος</strong></span> <span class='ocrx_word' id='word_1_261' title='bbox 1833 3185 1868 3236; x_wconf 84' lang='grc' dir='ltr'><em>ό</em></span> <span class='ocrx_word' id='word_1_262' title='bbox 1898 3182 2044 3251; x_wconf 82' lang='grc' dir='ltr'><strong>Θεὸς</strong></span> 
     </span>
    </p>
   </div>
   <div class='ocr_carea' id='block_1_35' title="bbox 377 3266 2042 3340">
    <p class='ocr_par' dir='ltr' id='par_1_35' title="bbox 377 3266 2042 3340">
     <span class='ocr_line' id='line_1_35' title="bbox 377 3266 2042 3340; baseline 0 -13"><span class='ocrx_word' id='word_1_263' title='bbox 377 3270 529 3328; x_wconf 77' lang='grc' dir='ltr'><strong>ίδεῖν</strong></span> <span class='ocrx_word' id='word_1_264' title='bbox 545 3269 662 3338; x_wconf 78' lang='grc' dir='ltr'><strong>τὴν</strong></span> <span class='ocrx_word' id='word_1_265' title='bbox 688 3269 872 3323; x_wconf 82' lang='grc' dir='ltr'><strong>,πόλιν</strong></span> <span class='ocrx_word' id='word_1_266' title='bbox 900 3266 999 3321; x_wconf 81' lang='grc' dir='ltr'><strong>καί</strong></span> <span class='ocrx_word' id='word_1_267' title='bbox 1030 3268 1136 3321; x_wconf 88' lang='grc' dir='ltr'><strong>τὸν</strong></span> <span class='ocrx_word' id='word_1_268' title='bbox 1176 3269 1427 3337; x_wconf 78' lang='grc' dir='ltr'><strong>πύργον.</strong></span> <span class='ocrx_word' id='word_1_269' title='bbox 1471 3269 1613 3340; x_wconf 86' lang='grc' dir='ltr'><strong>Ὅρα</strong></span> <span class='ocrx_word' id='word_1_270' title='bbox 1641 3269 1802 3323; x_wconf 83' lang='grc' dir='ltr'><strong>αύτδν</strong></span> <span class='ocrx_word' id='word_1_271' title='bbox 1840 3271 1940 3325; x_wconf 83' lang='grc' dir='ltr'><strong>οὐκ</strong></span> <span class='ocrx_word' id='word_1_272' title='bbox 1975 3272 2042 3327; x_wconf 88' lang='grc' dir='ltr'><strong>ἐκ</strong></span> 
     </span>
    </p>
   </div>
   <div class='ocr_carea' id='block_1_36' title="bbox 374 3353 2038 3430">
    <p class='ocr_par' dir='ltr' id='par_1_36' title="bbox 374 3353 2038 3430">
     <span class='ocr_line' id='line_1_36' title="bbox 374 3353 2038 3430; baseline -0.002 -17"><span class='ocrx_word' id='word_1_273' title='bbox 374 3358 678 3430; x_wconf 79' lang='grc' dir='ltr'><strong>προοιμίων</strong></span> <span class='ocrx_word' id='word_1_274' title='bbox 708 3353 1100 3410; x_wconf 83' lang='grc' dir='ltr'><strong>ἀναστέλλοντα</strong></span> <span class='ocrx_word' id='word_1_275' title='bbox 1127 3353 1305 3409; x_wconf 83' lang='grc' dir='ltr'><strong>αὐτῶν</strong></span> <span class='ocrx_word' id='word_1_276' title='bbox 1330 3353 1429 3425; x_wconf 78' lang='grc' dir='ltr'><strong>τήν</strong></span> <span class='ocrx_word' id='word_1_277' title='bbox 1461 3353 1676 3425; x_wconf 90' lang='grc' dir='ltr'><strong>μανίαν,</strong></span> <span class='ocrx_word' id='word_1_278' title='bbox 1709 3355 1844 3410; x_wconf 89' lang='grc' dir='ltr'><strong>ἀλλά</strong></span> <span class='ocrx_word' id='word_1_279' title='bbox 1870 3356 2038 3429; x_wconf 79' lang='grc' dir='ltr'><strong>πολλῇ</strong></span> 
     </span>
    </p>
   </div>
   <div class='ocr_carea' id='block_1_37' title="bbox 372 3442 2039 3517">
    <p class='ocr_par' dir='ltr' id='par_1_37' title="bbox 372 3442 2039 3517">
     <span class='ocr_line' id='line_1_37' title="bbox 372 3442 2039 3517; baseline 0.001 -19"><span class='ocrx_word' id='word_1_280' title='bbox 372 3449 439 3517; x_wconf 80' lang='grc' dir='ltr'><strong>τῇ</strong></span> <span class='ocrx_word' id='word_1_281' title='bbox 472 3442 827 3517; x_wconf 71' lang='grc' dir='ltr'><strong>μακροθυμίᾳ</strong></span> <span class='ocrx_word' id='word_1_282' title='bbox 860 3442 1218 3515; x_wconf 69' lang='grc' dir='ltr'><strong>κεχρημένον,</strong></span> <span class='ocrx_word' id='word_1_283' title='bbox 1251 3442 1346 3495; x_wconf 75' lang='grc' dir='ltr'><strong>καὶ</strong></span> <span class='ocrx_word' id='word_1_284' title='bbox 1376 3442 1714 3514; x_wconf 88' lang='grc' dir='ltr'><strong>ἀναμένοντα</strong></span> <span class='ocrx_word' id='word_1_285' title='bbox 1748 3445 1828 3508; x_wconf 89' lang='grc' dir='ltr'><strong>εἰς</strong></span> <span class='ocrx_word' id='word_1_286' title='bbox 1878 3444 2039 3515; x_wconf 75' lang='grc' dir='ltr'><strong>ἔργον</strong></span> 
     </span>
    </p>
   </div>
   <div class='ocr_carea' id='block_1_38' title="bbox 371 3529 2039 3601">
    <p class='ocr_par' dir='ltr' id='par_1_38' title="bbox 371 3529 2039 3601">
     <span class='ocr_line' id='line_1_38' title="bbox 371 3529 2039 3601; baseline -0.002 -12"><span class='ocrx_word' id='word_1_287' title='bbox 371 3534 570 3597; x_wconf 78' lang='grc' dir='ltr'><strong>αὐτοὺς</strong></span> <span class='ocrx_word' id='word_1_288' title='bbox 594 3533 822 3601; x_wconf 80' lang='grc' dir='ltr'><strong>ἀγαγεῖν</strong></span> <span class='ocrx_word' id='word_1_289' title='bbox 860 3530 960 3601; x_wconf 85' lang='grc' dir='ltr'><strong>τὴν</strong></span> <span class='ocrx_word' id='word_1_290' title='bbox 994 3529 1257 3600; x_wconf 87' lang='grc' dir='ltr'><strong>πονηρίαν</strong></span> <span class='ocrx_word' id='word_1_291' title='bbox 1305 3530 1560 3593; x_wconf 74' lang='grc' dir='ltr'><strong>ἃπασαν,</strong></span> <span class='ocrx_word' id='word_1_292' title='bbox 1599 3531 1696 3585; x_wconf 80' lang='grc' dir='ltr'><strong>καὶ</strong></span> <span class='ocrx_word' id='word_1_293' title='bbox 1721 3531 1841 3585; x_wconf 83' lang='grc' dir='ltr'><strong>τότε</strong></span> <span class='ocrx_word' id='word_1_294' title='bbox 1888 3534 2039 3586; x_wconf 87' lang='grc' dir='ltr'><strong>ἐκκο-</strong></span> 
     </span>
    </p>
   </div>
   <div class='ocr_carea' id='block_1_39' title="bbox 373 3614 2039 3691">
    <p class='ocr_par' dir='ltr' id='par_1_39' title="bbox 373 3614 2039 3691">
     <span class='ocr_line' id='line_1_39' title="bbox 373 3614 2039 3691; baseline -0.001 -17"><span class='ocrx_word' id='word_1_295' title='bbox 373 3621 542 3690; x_wconf 86' lang='grc' dir='ltr'><strong>πῆναι</strong></span> <span class='ocrx_word' id='word_1_296' title='bbox 569 3619 670 3689; x_wconf 79' lang='grc' dir='ltr'><strong>τὴν</strong></span> <span class='ocrx_word' id='word_1_297' title='bbox 703 3618 1063 3691; x_wconf 87' lang='grc' dir='ltr'><strong>ἐπιχείρησιν.</strong></span> <span class='ocrx_word' id='word_1_298' title='bbox 1085 3616 1205 3670; x_wconf 84' lang='grc' dir='ltr'><strong>Ἵνα</strong></span> <span class='ocrx_word' id='word_1_299' title='bbox 1222 3614 1329 3687; x_wconf 84' lang='grc' dir='ltr'><strong>γὰρ</strong></span> <span class='ocrx_word' id='word_1_300' title='bbox 1361 3618 1435 3687; x_wconf 91' lang='grc' dir='ltr'><strong>μή</strong></span> <span class='ocrx_word' id='word_1_301' title='bbox 1474 3634 1580 3671; x_wconf 88' lang='grc' dir='ltr'><strong>τινι</strong></span> <span class='ocrx_word' id='word_1_302' title='bbox 1609 3617 1702 3688; x_wconf 81' lang='grc' dir='ltr'><strong>ἐξῇ</strong></span> <span class='ocrx_word' id='word_1_303' title='bbox 1736 3616 1931 3686; x_wconf 71' lang='grc' dir='ltr'><strong>λέγειν,</strong></span> <span class='ocrx_word' id='word_1_304' title='bbox 1953 3618 2039 3672; x_wconf 82' lang='grc' dir='ltr'><strong>ὅτι</strong></span> 
     </span>
    </p>
   </div>
   <div class='ocr_carea' id='block_1_40' title="bbox 369 3702 2035 3777">
    <p class='ocr_par' dir='ltr' id='par_1_40' title="bbox 369 3702 2035 3777">
     <span class='ocr_line' id='line_1_40' title="bbox 369 3702 2035 3777; baseline -0.002 -15"><span class='ocrx_word' id='word_1_305' title='bbox 369 3706 757 3762; x_wconf 84' lang='grc' dir='ltr'><strong>ἐϐουλεύσαντο</strong></span> <span class='ocrx_word' id='word_1_306' title='bbox 788 3705 909 3777; x_wconf 85' lang='grc' dir='ltr'><strong>μέν,</strong></span> <span class='ocrx_word' id='word_1_307' title='bbox 942 3704 1043 3758; x_wconf 83' lang='grc' dir='ltr'><strong>οὐκ</strong></span> <span class='ocrx_word' id='word_1_308' title='bbox 1078 3704 1285 3775; x_wconf 82' lang='grc' dir='ltr'><strong>ήγαγον</strong></span> <span class='ocrx_word' id='word_1_309' title='bbox 1319 3702 1376 3756; x_wconf 83' lang='grc' dir='ltr'><strong>δὲ</strong></span> <span class='ocrx_word' id='word_1_310' title='bbox 1400 3704 1481 3767; x_wconf 87' lang='grc' dir='ltr'><strong>εἰς</strong></span> <span class='ocrx_word' id='word_1_311' title='bbox 1500 3703 1659 3775; x_wconf 73' lang='grc' dir='ltr'><strong>ἔργον</strong></span> <span class='ocrx_word' id='word_1_312' title='bbox 1686 3704 1755 3758; x_wconf 82' lang='grc' dir='ltr'><strong>τὰ</strong></span> <span class='ocrx_word' id='word_1_313' title='bbox 1783 3703 2035 3772; x_wconf 77' lang='grc' dir='ltr'><strong>δόξαντα,</strong></span> 
     </span>
    </p>
   </div>
   <div class='ocr_carea' id='block_1_41' title="bbox 370 3784 2044 3867">
    <p class='ocr_par' dir='ltr' id='par_1_41' title="bbox 370 3784 2044 3867">
     <span class='ocr_line' id='line_1_41' title="bbox 370 3784 2044 3867; baseline -0.003 -17"><span class='ocrx_word' id='word_1_314' title='bbox 370 3794 629 3867; x_wconf 74' lang='grc' dir='ltr'><strong>ἀναμένει</strong></span> <span class='ocrx_word' id='word_1_315' title='bbox 684 3793 971 3864; x_wconf 90' lang='grc' dir='ltr'><strong>πληρῶσαι</strong></span> <span class='ocrx_word' id='word_1_316' title='bbox 1003 3792 1199 3855; x_wconf 81' lang='grc' dir='ltr'><strong>αὐτοὺς</strong></span> <span class='ocrx_word' id='word_1_317' title='bbox 1254 3791 1323 3844; x_wconf 86' lang='grc' dir='ltr'><strong>τά</strong></span> <span class='ocrx_word' id='word_1_318' title='bbox 1355 3790 1727 3861; x_wconf 85' lang='grc' dir='ltr'><strong>βουλευθέντα,</strong></span> <span class='ocrx_word' id='word_1_319' title='bbox 1786 3793 1883 3846; x_wconf 87' lang='lat' dir='ltr'><strong><em>zeal</em></strong></span> <span class='ocrx_word' id='word_1_320' title='bbox 1912 3784 2044 3846; x_wconf 68' lang='grc' dir='ltr'><strong>τότε</strong></span> 
     </span>
    </p>
   </div>
   <div class='ocr_carea' id='block_1_42' title="bbox 366 3875 2032 3949">
    <p class='ocr_par' dir='ltr' id='par_1_42' title="bbox 366 3875 2032 3949">
     <span class='ocr_line' id='line_1_42' title="bbox 366 3875 2032 3949; baseline -0.003 -12"><span class='ocrx_word' id='word_1_321' title='bbox 366 3881 539 3948; x_wconf 79' lang='grc' dir='ltr'><strong>δεῖξαι</strong></span> <span class='ocrx_word' id='word_1_322' title='bbox 580 3880 763 3943; x_wconf 82' lang='grc' dir='ltr'><strong>αὐτοῖς</strong></span> <span class='ocrx_word' id='word_1_323' title='bbox 805 3879 881 3941; x_wconf 86' lang='grc' dir='ltr'><strong>ὡς</strong></span> <span class='ocrx_word' id='word_1_324' title='bbox 918 3877 1167 3949; x_wconf 86' lang='grc' dir='ltr'><strong>ἀνοήτοις</strong></span> <span class='ocrx_word' id='word_1_325' title='bbox 1210 3875 1568 3948; x_wconf 81' lang='grc' dir='ltr'><strong>ἐπιχειροῦσι.</strong></span> <span class='ocrx_word' id='word_1_326' title='bbox 1631 3876 1740 3934; x_wconf 85' lang='lat' dir='ltr'><strong>Kal</strong></span> <span class='ocrx_word' id='word_1_327' title='bbox 1790 3878 2032 3946; x_wconf 80' lang='grc' dir='ltr'><strong>κατέϐη,</strong></span> 
     </span>
    </p>
   </div>
   <div class='ocr_carea' id='block_1_43' title="bbox 369 3961 2031 4039">
    <p class='ocr_par' dir='ltr' id='par_1_43' title="bbox 369 3961 2031 4039">
     <span class='ocr_line' id='line_1_43' title="bbox 369 3961 2031 4039; baseline -0.004 -17"><span class='ocrx_word' id='word_1_328' title='bbox 369 3969 527 4039; x_wconf 82' lang='grc' dir='ltr'><strong>φησὶ,</strong></span> <span class='ocrx_word' id='word_1_329' title='bbox 553 3968 766 4034; x_wconf 81' lang='grc' dir='ltr'><strong>Κύριος</strong></span> <span class='ocrx_word' id='word_1_330' title='bbox 784 3968 817 4021; x_wconf 84' lang='grc' dir='ltr'><em>ὁ</em></span> <span class='ocrx_word' id='word_1_331' title='bbox 847 3965 992 4031; x_wconf 86' lang='grc' dir='ltr'><strong>Θεὸς</strong></span> <span class='ocrx_word' id='word_1_332' title='bbox 1008 3962 1159 4019; x_wconf 87' lang='grc' dir='ltr'><strong>ίδεῖν</strong></span> <span class='ocrx_word' id='word_1_333' title='bbox 1182 3963 1296 4031; x_wconf 73' lang='grc' dir='ltr'><strong>τὴν</strong></span> <span class='ocrx_word' id='word_1_334' title='bbox 1310 3963 1511 4028; x_wconf 79' lang='grc' dir='ltr'><strong>πόλιν,</strong></span> <span class='ocrx_word' id='word_1_335' title='bbox 1535 3962 1631 4016; x_wconf 81' lang='grc' dir='ltr'><strong>καί</strong></span> <span class='ocrx_word' id='word_1_336' title='bbox 1656 3961 1762 4016; x_wconf 87' lang='grc' dir='ltr'><strong>τὸν</strong></span> <span class='ocrx_word' id='word_1_337' title='bbox 1781 3963 2031 4033; x_wconf 78' lang='grc' dir='ltr'><strong>πύργον,</strong></span> 
     </span>
    </p>
   </div>
   <div class='ocr_carea' id='block_1_44' title="bbox 367 4048 2034 4123">
    <p class='ocr_par' dir='ltr' id='par_1_44' title="bbox 367 4048 2034 4123">
     <span class='ocr_line' id='line_1_44' title="bbox 367 4048 2034 4123; baseline -0.004 -13"><span class='ocrx_word' id='word_1_338' title='bbox 367 4057 441 4110; x_wconf 66' lang='grc' dir='ltr'><strong>ἓν</strong></span> <span class='ocrx_word' id='word_1_339' title='bbox 459 4053 857 4123; x_wconf 80' lang='grc' dir='ltr'><strong>ᾠκοδόμησαν</strong></span> <span class='ocrx_word' id='word_1_340' title='bbox 890 4054 943 4105; x_wconf 85' lang='grc' dir='ltr'><strong>οἰ</strong></span> <span class='ocrx_word' id='word_1_341' title='bbox 967 4050 1085 4106; x_wconf 77' lang='grc' dir='ltr'><strong>υίοί</strong></span> <span class='ocrx_word' id='word_1_342' title='bbox 1120 4049 1240 4105; x_wconf 88' lang='grc' dir='ltr'><strong>τῶν</strong></span> <span class='ocrx_word' id='word_1_343' title='bbox 1282 4048 1627 4117; x_wconf 82' lang='grc' dir='ltr'><strong>ἀνθρώπων.</strong></span> <span class='ocrx_word' id='word_1_344' title='bbox 1679 4050 1821 4121; x_wconf 89' lang='grc' dir='ltr'><strong>Ὅρα</strong></span> <span class='ocrx_word' id='word_1_345' title='bbox 1846 4050 2034 4119; x_wconf 73' lang='grc' dir='ltr'><strong>φιλανι</strong></span> 
     </span>
    </p>
   </div>
   <div class='ocr_carea' id='block_1_45' title="bbox 367 4136 2033 4215">
    <p class='ocr_par' dir='ltr' id='par_1_45' title="bbox 367 4136 2033 4215">
     <span class='ocr_line' id='line_1_45' title="bbox 367 4136 2033 4215; baseline -0.002 -18"><span class='ocrx_word' id='word_1_346' title='bbox 367 4142 615 4215; x_wconf 86' lang='grc' dir='ltr'><strong>θρωπίας</strong></span> <span class='ocrx_word' id='word_1_347' title='bbox 669 4140 996 4212; x_wconf 80' lang='grc' dir='ltr'><strong>ὑπερϐολήν.</strong></span> <span class='ocrx_word' id='word_1_348' title='bbox 1048 4136 1400 4208; x_wconf 84' lang='grc' dir='ltr'><strong>Συνεχὼρησε</strong></span> <span class='ocrx_word' id='word_1_349' title='bbox 1444 4140 1643 4207; x_wconf 81' lang='grc' dir='ltr'><strong>καμεῖν</strong></span> <span class='ocrx_word' id='word_1_350' title='bbox 1696 4138 1894 4201; x_wconf 76' lang='grc' dir='ltr'><strong>αὐτοὺς</strong></span> <span class='ocrx_word' id='word_1_351' title='bbox 1937 4139 2033 4193; x_wconf 86' lang='lat' dir='ltr'><strong><em>zeal</em></strong></span> 
     </span>
    </p>
   </div>
   <div class='ocr_carea' id='block_1_46' title="bbox 364 4224 2029 4300">
    <p class='ocr_par' dir='ltr' id='par_1_46' title="bbox 364 4224 2029 4300">
     <span class='ocr_line' id='line_1_46' title="bbox 364 4224 2029 4300; baseline -0.002 -16"><span class='ocrx_word' id='word_1_352' title='bbox 364 4229 869 4300; x_wconf 82' lang='grc' dir='ltr'><strong>ταλαιπωρηθῆναι,</strong></span> <span class='ocrx_word' id='word_1_353' title='bbox 895 4227 985 4280; x_wconf 77' lang='grc' dir='ltr'><strong>ἵνα</strong></span> <span class='ocrx_word' id='word_1_354' title='bbox 1021 4224 1128 4279; x_wconf 91' lang='grc' dir='ltr'><strong>τῶν</strong></span> <span class='ocrx_word' id='word_1_355' title='bbox 1163 4224 1557 4295; x_wconf 87' lang='grc' dir='ltr'><strong>πραγμάτωνὴ</strong></span> <span class='ocrx_word' id='word_1_356' title='bbox 1592 4226 1753 4294; x_wconf 87' lang='grc' dir='ltr'><strong>πεῖρα</strong></span> <span class='ocrx_word' id='word_1_357' title='bbox 1775 4225 2029 4281; x_wconf 86' lang='grc' dir='ltr'><strong>διδάσκα-</strong></span> 
     </span>
    </p>
   </div>
   <div class='ocr_carea' id='block_1_47' title="bbox 364 4306 2031 4386">
    <p class='ocr_par' dir='ltr' id='par_1_47' title="bbox 364 4306 2031 4386">
     <span class='ocr_line' id='line_1_47' title="bbox 364 4306 2031 4386; baseline -0.002 -16"><span class='ocrx_word' id='word_1_358' title='bbox 364 4317 457 4381; x_wconf 87' lang='grc' dir='ltr'><strong>λος</strong></span> <span class='ocrx_word' id='word_1_359' title='bbox 481 4316 663 4378; x_wconf 82' lang='grc' dir='ltr'><strong>αὐτοῖς</strong></span> <span class='ocrx_word' id='word_1_360' title='bbox 690 4314 934 4385; x_wconf 87' lang='grc' dir='ltr'><strong>γένηται.</strong></span> <span class='ocrx_word' id='word_1_361' title='bbox 975 4312 1087 4365; x_wconf 80' lang='lat' dir='ltr'><strong>Kal</strong></span> <span class='ocrx_word' id='word_1_362' title='bbox 1130 4311 1316 4383; x_wconf 84' lang='grc' dir='ltr'><strong>ἐπειδὴ</strong></span> <span class='ocrx_word' id='word_1_363' title='bbox 1366 4306 1506 4363; x_wconf 79' lang='grc' dir='ltr'><strong>εἶδεν</strong></span> <span class='ocrx_word' id='word_1_364' title='bbox 1546 4309 1902 4381; x_wconf 73' lang='grc' dir='ltr'><strong>ἀκμάζουσαν</strong></span> <span class='ocrx_word' id='word_1_365' title='bbox 1931 4315 2031 4386; x_wconf 80' lang='grc' dir='ltr'><strong>τήν</strong></span> 
     </span>
    </p>
   </div>
   <div class='ocr_carea' id='block_1_48' title="bbox 364 4397 2030 4470">
    <p class='ocr_par' dir='ltr' id='par_1_48' title="bbox 364 4397 2030 4470">
     <span class='ocr_line' id='line_1_48' title="bbox 364 4397 2030 4470; baseline -0.001 -14"><span class='ocrx_word' id='word_1_366' title='bbox 364 4402 585 4465; x_wconf 89' lang='grc' dir='ltr'><strong>κακίαν,</strong></span> <span class='ocrx_word' id='word_1_367' title='bbox 612 4401 706 4454; x_wconf 89' lang='lat' dir='ltr'><strong><em>zeal</em></strong></span> <span class='ocrx_word' id='word_1_368' title='bbox 734 4399 833 4470; x_wconf 80' lang='grc' dir='ltr'><strong>τήν</strong></span> <span class='ocrx_word' id='word_1_369' title='bbox 881 4397 1034 4451; x_wconf 87' lang='grc' dir='ltr'><strong>νόσον</strong></span> <span class='ocrx_word' id='word_1_370' title='bbox 1082 4397 1493 4467; x_wconf 72' lang='grc' dir='ltr'><strong>ἐπιτεινομένην</strong></span> <span class='ocrx_word' id='word_1_371' title='bbox 1521 4398 1549 4437; x_wconf 74' lang='lat' dir='ltr'><strong>h</strong></span> <span class='ocrx_word' id='word_1_372' title='bbox 1572 4438 1587 4458; x_wconf 88' lang='lat'><em>.</em></span> <span class='ocrx_word' id='word_1_373' title='bbox 1619 4398 1719 4451; x_wconf 84' lang='grc' dir='ltr'><strong>οὐκ</strong></span> <span class='ocrx_word' id='word_1_374' title='bbox 1760 4400 1835 4463; x_wconf 79' lang='grc' dir='ltr'><strong>εἰς</strong></span> <span class='ocrx_word' id='word_1_375' title='bbox 1878 4401 2030 4468; x_wconf 89' lang='grc' dir='ltr'><strong>τέλος</strong></span> 
     </span>
    </p>
   </div>
   <div class='ocr_carea' id='block_1_49' title="bbox 364 4478 2028 4555">
    <p class='ocr_par' dir='ltr' id='par_1_49' title="bbox 364 4478 2028 4555">
     <span class='ocr_line' id='line_1_49' title="bbox 364 4478 2028 4555; baseline -0.002 -16"><span class='ocrx_word' id='word_1_376' title='bbox 364 4485 629 4555; x_wconf 83' lang='grc' dir='ltr'><strong>ἀφίησιν,</strong></span> <span class='ocrx_word' id='word_1_377' title='bbox 679 4480 814 4535; x_wconf 85' lang='grc' dir='ltr'><strong>ἀλλά</strong></span> <span class='ocrx_word' id='word_1_378' title='bbox 844 4479 943 4551; x_wconf 78' lang='grc' dir='ltr'><strong>τήν</strong></span> <span class='ocrx_word' id='word_1_379' title='bbox 989 4478 1198 4533; x_wconf 87' lang='grc' dir='ltr'><strong>οίκείαν</strong></span> <span class='ocrx_word' id='word_1_380' title='bbox 1248 4479 1647 4551; x_wconf 75' lang='grc' dir='ltr'><strong>ἐνδεικνύμενος</strong></span> <span class='ocrx_word' id='word_1_381' title='bbox 1695 4480 2028 4554; x_wconf 82' lang='grc' dir='ltr'><strong>ἀγαθότητα,</strong></span> 
     </span>
    </p>
   </div>
   <div class='ocr_carea' id='block_1_50' title="bbox 364 4566 2029 4644">
    <p class='ocr_par' dir='ltr' id='par_1_50' title="bbox 364 4566 2029 4644">
     <span class='ocr_line' id='line_1_50' title="bbox 364 4566 2029 4644; baseline -0.001 -19"><span class='ocrx_word' id='word_1_382' title='bbox 364 4571 614 4640; x_wconf 86' lang='grc' dir='ltr'><strong>καθάπερ</strong></span> <span class='ocrx_word' id='word_1_383' title='bbox 648 4568 827 4640; x_wconf 78' lang='grc' dir='ltr'><strong>ἰατρὸς</strong></span> <span class='ocrx_word' id='word_1_384' title='bbox 852 4568 1094 4640; x_wconf 84' lang='grc' dir='ltr'><strong>ἀριστος,</strong></span> <span class='ocrx_word' id='word_1_385' title='bbox 1124 4566 1266 4639; x_wconf 83' lang='grc' dir='ltr'><strong>δρῶν</strong></span> <span class='ocrx_word' id='word_1_386' title='bbox 1298 4567 1478 4621; x_wconf 82' lang='grc' dir='ltr'><strong>αὐτῶν</strong></span> <span class='ocrx_word' id='word_1_387' title='bbox 1521 4567 1893 4640; x_wconf 84' lang='grc' dir='ltr'><strong>αὐξανομένην</strong></span> <span class='ocrx_word' id='word_1_388' title='bbox 1929 4571 2029 4644; x_wconf 80' lang='grc' dir='ltr'><strong>τὴν</strong></span> 
     </span>
    </p>
   </div>
   <div class='ocr_carea' id='block_1_51' title="bbox 359 4654 2027 4726">
    <p class='ocr_par' dir='ltr' id='par_1_51' title="bbox 359 4654 2027 4726">
     <span class='ocr_line' id='line_1_51' title="bbox 359 4654 2027 4726; baseline 0 -13"><span class='ocrx_word' id='word_1_389' title='bbox 359 4660 540 4726; x_wconf 75' lang='grc' dir='ltr'><strong>νόσον,</strong></span> <span class='ocrx_word' id='word_1_390' title='bbox 565 4658 657 4712; x_wconf 87' lang='lat' dir='ltr'><strong><em>zeal</em></strong></span> <span class='ocrx_word' id='word_1_391' title='bbox 684 4656 746 4711; x_wconf 80' lang='grc' dir='ltr'><strong>τδ</strong></span> <span class='ocrx_word' id='word_1_392' title='bbox 772 4655 928 4719; x_wconf 74' lang='grc' dir='ltr'><strong>ἕλκος</strong></span> <span class='ocrx_word' id='word_1_393' title='bbox 957 4654 1174 4709; x_wconf 88' lang='grc' dir='ltr'><strong>ἀνίατον</strong></span> <span class='ocrx_word' id='word_1_394' title='bbox 1212 4655 1517 4726; x_wconf 88' lang='grc' dir='ltr'><strong>γινόμενον,</strong></span> <span class='ocrx_word' id='word_1_395' title='bbox 1547 4659 1766 4725; x_wconf 85' lang='grc' dir='ltr'><strong>ταχεῖαν</strong></span> <span class='ocrx_word' id='word_1_396' title='bbox 1795 4660 2027 4714; x_wconf 88' lang='grc' dir='ltr'><strong>ποιεῖται</strong></span> 
     </span>
    </p>
   </div>
   <div class='ocr_carea' id='block_1_52' title="bbox 359 4741 2024 4817">
    <p class='ocr_par' dir='ltr' id='par_1_52' title="bbox 359 4741 2024 4817">
     <span class='ocr_line' id='line_1_52' title="bbox 359 4741 2024 4817; baseline 0.001 -17"><span class='ocrx_word' id='word_1_397' title='bbox 359 4745 459 4817; x_wconf 83' lang='grc' dir='ltr'><strong>τήν</strong></span> <span class='ocrx_word' id='word_1_398' title='bbox 493 4745 686 4817; x_wconf 76' lang='grc' dir='ltr'><strong>τομήν,</strong></span> <span class='ocrx_word' id='word_1_399' title='bbox 718 4744 804 4798; x_wconf 83' lang='grc' dir='ltr'><strong>ῐνα</strong></span> <span class='ocrx_word' id='word_1_400' title='bbox 824 4741 1104 4807; x_wconf 85' lang='grc' dir='ltr'><strong>παντελῶς</strong></span> <span class='ocrx_word' id='word_1_401' title='bbox 1127 4742 1368 4814; x_wconf 79' lang='grc' dir='ltr'><strong>ἀφανίσῃ</strong></span> <span class='ocrx_word' id='word_1_402' title='bbox 1391 4741 1488 4815; x_wconf 76' lang='grc' dir='ltr'><strong>τὴν</strong></span> <span class='ocrx_word' id='word_1_403' title='bbox 1512 4743 1692 4797; x_wconf 91' lang='grc' dir='ltr'><strong>αἰτίαν</strong></span> <span class='ocrx_word' id='word_1_404' title='bbox 1718 4742 1819 4813; x_wconf 89' lang='grc' dir='ltr'><strong>τῆς</strong></span> <span class='ocrx_word' id='word_1_405' title='bbox 1844 4745 2024 4803; x_wconf 84' lang='grc' dir='ltr'><strong>νόσου.</strong></span> 
     </span>
    </p>
   </div>
   <div class='ocr_carea' id='block_1_53' title="bbox 359 4828 2023 4904">
    <p class='ocr_par' dir='ltr' id='par_1_53' title="bbox 359 4828 2023 4904">
     <span class='ocr_line' id='line_1_53' title="bbox 359 4828 2023 4904; baseline -0.001 -16"><span class='ocrx_word' id='word_1_406' title='bbox 359 4834 467 4890; x_wconf 81' lang='lat' dir='ltr'><strong>Kal</strong></span> <span class='ocrx_word' id='word_1_407' title='bbox 492 4828 644 4893; x_wconf 76' lang='grc' dir='ltr'><strong>εἶπε,</strong></span> <span class='ocrx_word' id='word_1_408' title='bbox 684 4831 838 4904; x_wconf 76' lang='grc' dir='ltr'><strong>φησί,</strong></span> <span class='ocrx_word' id='word_1_409' title='bbox 881 4832 1095 4900; x_wconf 81' lang='grc' dir='ltr'><strong>Κύριος</strong></span> <span class='ocrx_word' id='word_1_410' title='bbox 1132 4832 1167 4884; x_wconf 81' lang='grc' dir='ltr'><em>ό</em></span> <span class='ocrx_word' id='word_1_411' title='bbox 1217 4831 1395 4896; x_wconf 82' lang='grc' dir='ltr'><strong>Θεός’</strong></span> <span class='ocrx_word' id='word_1_412' title='bbox 1416 4828 1565 4884; x_wconf 82' lang='grc' dir='ltr'><strong>Ἰδοὺ</strong></span> <span class='ocrx_word' id='word_1_413' title='bbox 1599 4828 1774 4898; x_wconf 74' lang='grc' dir='ltr'><strong>γένος</strong></span> <span class='ocrx_word' id='word_1_414' title='bbox 1811 4830 1883 4884; x_wconf 74' lang='grc' dir='ltr'><strong>ἐν</strong></span> <span class='ocrx_word' id='word_1_415' title='bbox 1925 4833 2023 4887; x_wconf 80' lang='grc' dir='ltr'><strong>καί</strong></span> 
     </span>
    </p>
   </div>
   <div class='ocr_carea' id='block_1_54' title="bbox 359 4915 2026 4991">
    <p class='ocr_par' dir='ltr' id='par_1_54' title="bbox 359 4915 2026 4991">
     <span class='ocr_line' id='line_1_54' title="bbox 359 4915 2026 4991; baseline -0.002 -15"><span class='ocrx_word' id='word_1_416' title='bbox 359 4921 561 4991; x_wconf 77' lang='grc' dir='ltr'><strong>χεῖλος</strong></span> <span class='ocrx_word' id='word_1_417' title='bbox 595 4919 668 4974; x_wconf 78' lang='grc' dir='ltr'><strong>ἐν</strong></span> <span class='ocrx_word' id='word_1_418' title='bbox 708 4918 949 4973; x_wconf 81' lang='grc' dir='ltr'><strong>πάντων</strong></span> <span class='ocrx_word' id='word_1_419' title='bbox 967 4934 980 4951; x_wconf 79' lang='grc' dir='ltr'><strong>ο</strong></span> <span class='ocrx_word' id='word_1_420' title='bbox 1028 4917 1150 4972; x_wconf 69' lang='grc' dir='ltr'><strong>ἀντὶ</strong></span> <span class='ocrx_word' id='word_1_421' title='bbox 1205 4917 1320 4981; x_wconf 80' lang='grc' dir='ltr'><strong>τοῦ,</strong></span> <span class='ocrx_word' id='word_1_422' title='bbox 1365 4916 1516 4989; x_wconf 82' lang='grc' dir='ltr'><strong>φωνὴ</strong></span> <span class='ocrx_word' id='word_1_423' title='bbox 1551 4915 1646 4987; x_wconf 89' lang='grc' dir='ltr'><strong>μία</strong></span> <span class='ocrx_word' id='word_1_424' title='bbox 1674 4917 1770 4970; x_wconf 84' lang='lat' dir='ltr'><strong><em>zeal</em></strong></span> <span class='ocrx_word' id='word_1_425' title='bbox 1805 4917 2026 4985; x_wconf 86' lang='grc' dir='ltr'><strong>γλῶσσα</strong></span> 
     </span>
    </p>
   </div>
   <div class='ocr_carea' id='block_1_55' title="bbox 360 5002 1997 5079">
    <p class='ocr_par' dir='ltr' id='par_1_55' title="bbox 360 5002 1997 5079">
     <span class='ocr_line' id='line_1_55' title="bbox 360 5002 1997 5079; baseline -0.002 -19"><span class='ocrx_word' id='word_1_426' title='bbox 360 5008 479 5079; x_wconf 88' lang='grc' dir='ltr'><strong>μία.</strong></span> <span class='ocrx_word' id='word_1_427' title='bbox 508 5006 616 5063; x_wconf 86' lang='lat' dir='ltr'><strong>Kal</strong></span> <span class='ocrx_word' id='word_1_428' title='bbox 647 5006 825 5061; x_wconf 86' lang='grc' dir='ltr'><strong>τοῦτο</strong></span> <span class='ocrx_word' id='word_1_429' title='bbox 855 5004 1116 5073; x_wconf 75' lang='grc' dir='ltr'><strong>ἤρξαντο</strong></span> <span class='ocrx_word' id='word_1_430' title='bbox 1140 5002 1410 5073; x_wconf 80' lang='grc' dir='ltr'><strong>ποιῆσαι,</strong></span> <span class='ocrx_word' id='word_1_431' title='bbox 1433 5003 1532 5057; x_wconf 88' lang='lat' dir='ltr'><strong><em>zeal</em></strong></span> <span class='ocrx_word' id='word_1_432' title='bbox 1551 5003 1669 5058; x_wconf 84' lang='grc' dir='ltr'><strong>νῦν</strong></span> <span class='ocrx_word' id='word_1_433' title='bbox 1688 5004 1802 5057; x_wconf 79' lang='grc' dir='ltr'><strong>οὐκ</strong></span> <span class='ocrx_word' id='word_1_434' title='bbox 1830 5004 1997 5057; x_wconf 79' lang='grc' dir='ltr'><strong>έκλεί</strong></span> 
     </span>
    </p>
   </div>
   <div class='ocr_carea' id='block_1_56' title="bbox 356 5089 1841 5167">
    <p class='ocr_par' dir='ltr' id='par_1_56' title="bbox 356 5089 1841 5167">
     <span class='ocr_line' id='line_1_56' title="bbox 356 5089 1841 5167; baseline -0.005 -17"><span class='ocrx_word' id='word_1_435' title='bbox 356 5099 459 5167; x_wconf 68' lang='grc' dir='ltr'><strong>ψει</strong></span> <span class='ocrx_word' id='word_1_436' title='bbox 478 5095 579 5150; x_wconf 80' lang='grc' dir='ltr'><strong>ἀπ’</strong></span> <span class='ocrx_word' id='word_1_437' title='bbox 595 5090 794 5148; x_wconf 77' lang='grc' dir='ltr'><strong>αὐτῶν</strong></span> <span class='ocrx_word' id='word_1_438' title='bbox 816 5090 1033 5158; x_wconf 78' lang='grc' dir='ltr'><strong>πάντα,</strong></span> <span class='ocrx_word' id='word_1_439' title='bbox 1063 5090 1181 5147; x_wconf 83' lang='grc' dir='ltr'><strong>ὅσα</strong></span> <span class='ocrx_word' id='word_1_440' title='bbox 1197 5091 1274 5145; x_wconf 80' lang='grc' dir='ltr'><strong>ἂν</strong></span> <span class='ocrx_word' id='word_1_441' title='bbox 1291 5089 1607 5164; x_wconf 75' lang='grc' dir='ltr'><strong>ἐπιθῶνται</strong></span> <span class='ocrx_word' id='word_1_442' title='bbox 1632 5090 1841 5143; x_wconf 79' lang='grc' dir='ltr'><strong>ποιεῖν.</strong></span> 
     </span>
    </p>
   </div>
   <div class='ocr_carea' id='block_1_57' title="bbox 393 5176 2024 5255">
    <p class='ocr_par' dir='ltr' id='par_1_57' title="bbox 393 5176 2024 5255">
     <span class='ocr_line' id='line_1_57' title="bbox 393 5176 2024 5255; baseline -0.004 -18"><span class='ocrx_word' id='word_1_443' title='bbox 393 5182 436 5236; x_wconf 76' lang='grc' dir='ltr'><strong>δ’</strong></span> <span class='ocrx_word' id='word_1_444' title='bbox 447 5222 460 5237; x_wconf 94' lang='grc'><strong>.</strong></span> <span class='ocrx_word' id='word_1_445' title='bbox 485 5183 628 5255; x_wconf 87' lang='grc' dir='ltr'><strong>Ὅρα</strong></span> <span class='ocrx_word' id='word_1_446' title='bbox 647 5180 916 5234; x_wconf 83' lang='grc' dir='ltr'><strong>Δεσπότου</strong></span> <span class='ocrx_word' id='word_1_447' title='bbox 937 5178 1365 5250; x_wconf 84' lang='grc' dir='ltr'><strong>φιλανθρωπίαν.</strong></span> <span class='ocrx_word' id='word_1_448' title='bbox 1386 5176 1600 5247; x_wconf 79' lang='grc' dir='ltr'><strong>Ἐπειδὴ</strong></span> <span class='ocrx_word' id='word_1_449' title='bbox 1624 5176 1918 5248; x_wconf 77' lang='grc' dir='ltr'><strong>μέλλειτὴν</strong></span> <span class='ocrx_word' id='word_1_450' title='bbox 1930 5177 2024 5249; x_wconf 80' lang='grc' dir='ltr'><strong>δρ-</strong></span> 
     </span>
    </p>
   </div>
   <div class='ocr_carea' id='block_1_58' title="bbox 357 5262 2022 5340">
    <p class='ocr_par' dir='ltr' id='par_1_58' title="bbox 357 5262 2022 5340">
     <span class='ocr_line' id='line_1_58' title="bbox 357 5262 2022 5340; baseline -0.002 -18"><span class='ocrx_word' id='word_1_451' title='bbox 357 5268 464 5340; x_wconf 83' lang='grc' dir='ltr'><strong>μὴν</strong></span> <span class='ocrx_word' id='word_1_452' title='bbox 483 5267 661 5322; x_wconf 84' lang='grc' dir='ltr'><strong>αὐτῶν</strong></span> <span class='ocrx_word' id='word_1_453' title='bbox 674 5267 981 5330; x_wconf 85' lang='grc' dir='ltr'><strong>ἐκκόπτειν,</strong></span> <span class='ocrx_word' id='word_1_454' title='bbox 1003 5264 1296 5332; x_wconf 90' lang='grc' dir='ltr'><strong>ἀπολογίαν</strong></span> <span class='ocrx_word' id='word_1_455' title='bbox 1312 5263 1575 5335; x_wconf 85' lang='grc' dir='ltr'><strong>πρότερον</strong></span> <span class='ocrx_word' id='word_1_456' title='bbox 1604 5262 1904 5340; x_wconf 83' lang='grc' dir='ltr'><strong>συντίθησι,</strong></span> <span class='ocrx_word' id='word_1_457' title='bbox 1927 5264 2022 5318; x_wconf 88' lang='lat' dir='ltr'><strong><em>zeal</em></strong></span> 
     </span>
    </p>
   </div>
   <div class='ocr_carea' id='block_1_59' title="bbox 358 5339 2022 5419">
    <p class='ocr_par' dir='ltr' id='par_1_59' title="bbox 358 5339 2022 5419">
     <span class='ocr_line' id='line_1_59' title="bbox 358 5339 2022 5419; baseline -0.002 -18"><span class='ocrx_word' id='word_1_458' title='bbox 358 5339 640 5419; x_wconf 78' lang='grc' dir='ltr'><strong>μονονουχὶ</strong></span> <span class='ocrx_word' id='word_1_459' title='bbox 666 5346 936 5400; x_wconf 88' lang='grc' dir='ltr'><strong>δείκνυσιν</strong></span> <span class='ocrx_word' id='word_1_460' title='bbox 957 5344 1137 5398; x_wconf 79' lang='grc' dir='ltr'><strong>αὐτῶν</strong></span> <span class='ocrx_word' id='word_1_461' title='bbox 1155 5343 1254 5413; x_wconf 86' lang='grc' dir='ltr'><strong>τῆς</strong></span> <span class='ocrx_word' id='word_1_462' title='bbox 1270 5340 1543 5419; x_wconf 82' lang='grc' dir='ltr'><strong>ἁμαρτίας</strong></span> <span class='ocrx_word' id='word_1_463' title='bbox 1567 5339 1628 5392; x_wconf 74' lang='grc' dir='ltr'><strong>τὸ</strong></span> <span class='ocrx_word' id='word_1_464' title='bbox 1654 5340 1904 5411; x_wconf 81' lang='grc' dir='ltr'><strong>μέγεθος,</strong></span> <span class='ocrx_word' id='word_1_465' title='bbox 1928 5345 2022 5399; x_wconf 73' lang='grc' dir='ltr'><strong>καὶ</strong></span> 
     </span>
    </p>
   </div>
   <div class='ocr_carea' id='block_1_60' title="bbox 352 5418 2021 5497">
    <p class='ocr_par' dir='ltr' id='par_1_60' title="bbox 352 5418 2021 5497">
     <span class='ocr_line' id='line_1_60' title="bbox 352 5418 2021 5497; baseline -0.002 -17"><span class='ocrx_word' id='word_1_466' title='bbox 352 5426 452 5497; x_wconf 78' lang='grc' dir='ltr'><strong>τῆς</strong></span> <span class='ocrx_word' id='word_1_467' title='bbox 476 5424 868 5497; x_wconf 82' lang='grc' dir='ltr'><strong>ἀγνωμοσύνης</strong></span> <span class='ocrx_word' id='word_1_468' title='bbox 890 5423 989 5495; x_wconf 78' lang='grc' dir='ltr'><strong>τήν</strong></span> <span class='ocrx_word' id='word_1_469' title='bbox 1025 5419 1351 5492; x_wconf 77' lang='grc' dir='ltr'><strong>ὑπερϐολὴν,</strong></span> <span class='ocrx_word' id='word_1_470' title='bbox 1393 5418 1488 5473; x_wconf 79' lang='grc' dir='ltr'><strong>καὶ</strong></span> <span class='ocrx_word' id='word_1_471' title='bbox 1510 5419 1595 5497; x_wconf 78' lang='grc' dir='ltr'><strong>δτι</strong></span> <span class='ocrx_word' id='word_1_472' title='bbox 1632 5421 1701 5497; x_wconf 78' lang='grc' dir='ltr'><strong>τῇ</strong></span> <span class='ocrx_word' id='word_1_473' title='bbox 1732 5422 2021 5497; x_wconf 77' lang='grc' dir='ltr'><strong>συμφωνίᾳ</strong></span> 
     </span>
    </p>
   </div>
   <div class='ocr_carea' id='block_1_61' title="bbox 352 5496 2020 5576">
    <p class='ocr_par' dir='ltr' id='par_1_61' title="bbox 352 5496 2020 5576">
     <span class='ocr_line' id='line_1_61' title="bbox 352 5496 2020 5576; baseline -0.001 -19"><span class='ocrx_word' id='word_1_474' title='bbox 352 5505 451 5558; x_wconf 85' lang='grc' dir='ltr'><strong>ούκ</strong></span> <span class='ocrx_word' id='word_1_475' title='bbox 474 5506 552 5568; x_wconf 86' lang='grc' dir='ltr'><strong>εἰς</strong></span> <span class='ocrx_word' id='word_1_476' title='bbox 575 5496 693 5574; x_wconf 83' lang='grc' dir='ltr'><strong>δέον</strong></span> <span class='ocrx_word' id='word_1_477' title='bbox 714 5504 1033 5576; x_wconf 86' lang='grc' dir='ltr'><strong>ἐχρήσαντο.</strong></span> <span class='ocrx_word' id='word_1_478' title='bbox 1087 5498 1242 5576; x_wconf 83' lang='grc' dir='ltr'><strong>Ἰδοὺ</strong></span> <span class='ocrx_word' id='word_1_479' title='bbox 1264 5499 1393 5576; x_wconf 79' lang='grc' dir='ltr'><strong>γὰρ.</strong></span> <span class='ocrx_word' id='word_1_480' title='bbox 1422 5496 1575 5568; x_wconf 76' lang='grc' dir='ltr'><strong>φησί,</strong></span> <span class='ocrx_word' id='word_1_481' title='bbox 1596 5496 1772 5576; x_wconf 78' lang='grc' dir='ltr'><strong>γένος</strong></span> <span class='ocrx_word' id='word_1_482' title='bbox 1805 5496 1877 5553; x_wconf 76' lang='grc' dir='ltr'><strong>ἐν</strong></span> <span class='ocrx_word' id='word_1_483' title='bbox 1919 5500 2020 5555; x_wconf 81' lang='lat' dir='ltr'><strong><em>zeal</em></strong></span> 
     </span>
    </p>
   </div>
   <div class='ocr_carea' id='block_1_62' title="bbox 353 5574 2019 5652">
    <p class='ocr_par' dir='ltr' id='par_1_62' title="bbox 353 5574 2019 5652">
     <span class='ocr_line' id='line_1_62' title="bbox 353 5574 2019 5652; baseline -0.001 -18"><span class='ocrx_word' id='word_1_484' title='bbox 353 5582 554 5652; x_wconf 80' lang='grc' dir='ltr'><strong>χεῖλος</strong></span> <span class='ocrx_word' id='word_1_485' title='bbox 585 5581 655 5635; x_wconf 82' lang='grc' dir='ltr'><strong>ἓν</strong></span> <span class='ocrx_word' id='word_1_486' title='bbox 675 5574 937 5635; x_wconf 78' lang='grc' dir='ltr'><strong>πάντων.</strong></span> <span class='ocrx_word' id='word_1_487' title='bbox 963 5576 1069 5633; x_wconf 80' lang='grc' dir='ltr'><strong>Καὶ</strong></span> <span class='ocrx_word' id='word_1_488' title='bbox 1105 5575 1281 5631; x_wconf 90' lang='grc' dir='ltr'><strong>τοῦτο</strong></span> <span class='ocrx_word' id='word_1_489' title='bbox 1313 5575 1576 5645; x_wconf 77' lang='grc' dir='ltr'><strong>ἤρξαντο</strong></span> <span class='ocrx_word' id='word_1_490' title='bbox 1617 5574 1886 5646; x_wconf 79' lang='grc' dir='ltr'><strong>ποιῆσαι,</strong></span> <span class='ocrx_word' id='word_1_491' title='bbox 1918 5578 2019 5632; x_wconf 79' lang='grc' dir='ltr'><strong>καί</strong></span> 
     </span>
    </p>
   </div>
   <div class='ocr_carea' id='block_1_63' title="bbox 413 5677 2015 5743">
    <p class='ocr_par' dir='ltr' id='par_1_63' title="bbox 413 5677 2015 5743">
     <span class='ocr_line' id='line_1_63' title="bbox 413 5677 2015 5743; baseline 0.001 -13"><span class='ocrx_word' id='word_1_492' title='bbox 413 5685 439 5713; x_wconf 79' lang='grc'>⁸</span> <span class='ocrx_word' id='word_1_493' title='bbox 465 5683 682 5743; x_wconf 77' lang='lat' dir='ltr'><strong>Quatuor</strong></span> <span class='ocrx_word' id='word_1_494' title='bbox 704 5697 820 5731; x_wconf 66' lang='lat' dir='ltr'><strong>mss.</strong></span> <span class='ocrx_word' id='word_1_495' title='bbox 845 5684 930 5739; x_wconf 80' lang='grc' dir='ltr'><strong>τὴν</strong></span> <span class='ocrx_word' id='word_1_496' title='bbox 954 5682 1176 5743; x_wconf 69' lang='grc' dir='ltr'><strong>διαφορὰν</strong></span> <span class='ocrx_word' id='word_1_497' title='bbox 1202 5677 1640 5743; x_wconf 74' lang='grc' dir='ltr'><strong>ἐπιδείκνυσι.1ηί”1·;ι</strong></span> <span class='ocrx_word' id='word_1_498' title='bbox 1666 5682 1766 5736; x_wconf 86' lang='grc' dir='ltr'><strong>πῶς</strong></span> <span class='ocrx_word' id='word_1_499' title='bbox 1787 5685 1901 5730; x_wconf 73' lang='lat' dir='ltr'><strong>ante</strong></span> <span class='ocrx_word' id='word_1_500' title='bbox 1930 5682 2015 5731; x_wconf 81' lang='grc' dir='ltr'><strong>ούκ</strong></span> 
     </span>
    </p>
   </div>
   <div class='ocr_carea' id='block_1_64' title="bbox 352 5741 2016 5807">
    <p class='ocr_par' dir='ltr' id='par_1_64' title="bbox 352 5741 2016 5807">
     <span class='ocr_line' id='line_1_64' title="bbox 352 5741 2016 5807; baseline 0 -14"><span class='ocrx_word' id='word_1_501' title='bbox 352 5750 400 5807; x_wconf 67' lang='grc' dir='ltr'><strong>ζει</strong></span> <span class='ocrx_word' id='word_1_502' title='bbox 421 5741 706 5807; x_wconf 25' lang='lat' dir='ltr'><strong>quibusqum</strong></span> <span class='ocrx_word' id='word_1_503' title='bbox 729 5757 845 5792; x_wconf 87' lang='lat' dir='ltr'><strong>mss.</strong></span> <span class='ocrx_word' id='word_1_504' title='bbox 866 5745 1026 5793; x_wconf 71' lang='lat' dir='ltr'><strong>deest.</strong></span> <span class='ocrx_word' id='word_1_505' title='bbox 1044 5741 1233 5793; x_wconf 73' lang='lat' dir='ltr'><strong>Ibidem</strong></span> <span class='ocrx_word' id='word_1_506' title='bbox 1252 5743 1295 5791; x_wconf 82' lang='grc' dir='ltr'><strong>τί</strong></span> <span class='ocrx_word' id='word_1_507' title='bbox 1318 5741 1398 5792; x_wconf 81' lang='grc' dir='ltr'><strong>οὖν</strong></span> <span class='ocrx_word' id='word_1_508' title='bbox 1420 5742 1497 5791; x_wconf 81' lang='grc' dir='ltr'><strong>ἵνα</strong></span> <span class='ocrx_word' id='word_1_509' title='bbox 1515 5744 1794 5807; x_wconf 70' lang='grc' dir='ltr'><strong>γενήσηταιί</strong></span> <span class='ocrx_word' id='word_1_510' title='bbox 1820 5745 1919 5801; x_wconf 85' lang='grc' dir='ltr'><strong>πῶς</strong></span> <span class='ocrx_word' id='word_1_511' title='bbox 1940 5745 2016 5793; x_wconf 81' lang='grc' dir='ltr'><strong>ἳνα</strong></span> 
     </span>
    </p>
   </div>
   <div class='ocr_carea' id='block_1_65' title="bbox 346 5804 739 5852">
    <p class='ocr_par' dir='ltr' id='par_1_65' title="bbox 346 5804 739 5852">
     <span class='ocr_line' id='line_1_65' title="bbox 346 5804 739 5852; baseline -0.003 0"><span class='ocrx_word' id='word_1_512' title='bbox 346 5804 401 5852; x_wconf 83' lang='grc' dir='ltr'><strong>ἂν</strong></span> <span class='ocrx_word' id='word_1_513' title='bbox 412 5804 720 5852; x_wconf 68' lang='grc' dir='ltr'><strong>ιῖαιτισθῶσι</strong></span> <span class='ocrx_word' id='word_1_514' title='bbox 729 5839 739 5851; x_wconf 92' lang='grc'><strong>.</strong></span> 
     </span>
    </p>
   </div>
   <div class='ocr_carea' id='block_1_66' title="bbox 413 5818 1101 5931">
    <p class='ocr_par' dir='ltr' id='par_1_66' title="bbox 413 5818 1101 5931">
     <span class='ocr_line' id='line_1_66' title="bbox 413 5818 739 5851; baseline 0.006 -2"><span class='ocrx_word' id='word_1_515' title='bbox 413 5821 439 5849; x_wconf 77' lang='grc' dir='ltr'><strong><em>ι</em></strong></span> <span class='ocrx_word' id='word_1_516' title='bbox 472 5818 739 5851; x_wconf 68' lang='grc' dir='ltr'><strong>αιτισηωσι.</strong></span> 
     </span>
     <span class='ocr_line' id='line_1_67' title="bbox 413 5818 1101 5931; baseline 0.001 -18"><span class='ocrx_word' id='word_1_517' title='bbox 413 5818 589 5913; x_wconf 53' lang='lat' dir='ltr'><strong>xxfres</strong></span> <span class='ocrx_word' id='word_1_518' title='bbox 612 5876 727 5913; x_wconf 84' lang='lat' dir='ltr'><strong>mss.</strong></span> <span class='ocrx_word' id='word_1_519' title='bbox 759 5863 1101 5931; x_wconf 65' lang='grc' dir='ltr'><strong>ἔπειγε-θεμένην.</strong></span> 
     </span>
    </p>
   </div>
   <div class='ocr_carea' id='block_1_67' title="bbox 1154 257 2986 331">
    <p class='ocr_par' dir='ltr' id='par_1_67' title="bbox 1154 257 2986 331">
     <span class='ocr_line' id='line_1_68' title="bbox 1154 257 2986 331; baseline 0.001 -2"><span class='ocrx_word' id='word_1_520' title='bbox 1154 273 1213 329; x_wconf 84' lang='lat' dir='ltr'><strong>S.</strong></span> <span class='ocrx_word' id='word_1_521' title='bbox 1252 269 1538 331; x_wconf 72' lang='lat' dir='ltr'><strong>JOANNIS</strong></span> <span class='ocrx_word' id='word_1_522' title='bbox 1569 257 2056 331; x_wconf 63' lang='grc' dir='ltr'><strong>οιιιιῖεοετοκι</strong></span> <span class='ocrx_word' id='word_1_523' title='bbox 2094 266 2421 329; x_wconf 73' lang='grc' dir='ltr'><strong>Αιιοηιερ.</strong></span> <span class='ocrx_word' id='word_1_524' title='bbox 2441 267 2986 331; x_wconf 68' lang='grc' dir='ltr'><strong>αοΝετΑΝτιΝορ.</strong></span> 
     </span>
    </p>
   </div>
   <div class='ocr_carea' id='block_1_68' title="bbox 3723 272 3832 331">
    <p class='ocr_par' dir='ltr' id='par_1_68' title="bbox 3723 272 3832 331">
     <span class='ocr_line' id='line_1_69' title="bbox 3723 272 3832 331; baseline 0 -3"><span class='ocrx_word' id='word_1_525' title='bbox 3723 272 3832 331; x_wconf 73' lang='grc' dir='ltr'><strong>πε</strong></span> 
     </span>
    </p>
   </div>
   <div class='ocr_carea' id='block_1_69' title="bbox 2159 384 3841 457">
    <p class='ocr_par' dir='ltr' id='par_1_69' title="bbox 2159 384 3841 457">
     <span class='ocr_line' id='line_1_70' title="bbox 2159 384 3841 457; baseline 0.001 -15"><span class='ocrx_word' id='word_1_526' title='bbox 2159 387 2277 442; x_wconf 85' lang='grc' dir='ltr'><strong>νῦν</strong></span> <span class='ocrx_word' id='word_1_527' title='bbox 2304 387 2573 457; x_wconf 66' lang='grc' dir='ltr'><strong>ἐκλείψει</strong></span> <span class='ocrx_word' id='word_1_528' title='bbox 2628 384 2958 444; x_wconf 71' lang='grc' dir='ltr'><strong>ἀπἀὐτῶν</strong></span> <span class='ocrx_word' id='word_1_529' title='bbox 2984 386 3201 452; x_wconf 71' lang='grc' dir='ltr'><strong>πάντα,</strong></span> <span class='ocrx_word' id='word_1_530' title='bbox 3251 388 3370 443; x_wconf 84' lang='grc' dir='ltr'><strong>ὅσα</strong></span> <span class='ocrx_word' id='word_1_531' title='bbox 3399 388 3478 443; x_wconf 72' lang='grc' dir='ltr'><strong>ἂν</strong></span> <span class='ocrx_word' id='word_1_532' title='bbox 3510 386 3841 445; x_wconf 78' lang='grc' dir='ltr'><strong>ἐπιθῶνται</strong></span> 
     </span>
    </p>
   </div>
   <div class='ocr_carea' id='block_1_70' title="bbox 2158 474 3843 548">
    <p class='ocr_par' dir='ltr' id='par_1_70' title="bbox 2158 474 3843 548">
     <span class='ocr_line' id='line_1_71' title="bbox 2158 474 3843 548; baseline 0.001 -21"><span class='ocrx_word' id='word_1_533' title='bbox 2158 475 2372 530; x_wconf 74' lang='grc' dir='ltr'><strong>ποιεῖν.</strong></span> <span class='ocrx_word' id='word_1_534' title='bbox 2402 474 2576 530; x_wconf 78' lang='grc' dir='ltr'><strong>Τοῦτο</strong></span> <span class='ocrx_word' id='word_1_535' title='bbox 2603 474 2713 545; x_wconf 90' lang='grc' dir='ltr'><strong>γάρ</strong></span> <span class='ocrx_word' id='word_1_536' title='bbox 2743 474 2865 538; x_wconf 72' lang='grc' dir='ltr'><strong>ἔθος</strong></span> <span class='ocrx_word' id='word_1_537' title='bbox 2891 474 3063 546; x_wconf 81' lang='grc' dir='ltr'><strong>αὐτῷ,</strong></span> <span class='ocrx_word' id='word_1_538' title='bbox 3095 474 3315 529; x_wconf 79' lang='grc' dir='ltr'><strong>ἐπειδὰν</strong></span> <span class='ocrx_word' id='word_1_539' title='bbox 3362 475 3533 548; x_wconf 81' lang='grc' dir='ltr'><strong>μέλλῃ</strong></span> <span class='ocrx_word' id='word_1_540' title='bbox 3556 476 3843 544; x_wconf 69' lang='grc' dir='ltr'><strong>τιμωρίαν</strong></span> 
     </span>
    </p>
   </div>
   <div class='ocr_carea' id='block_1_71' title="bbox 2157 562 3835 635">
    <p class='ocr_par' dir='ltr' id='par_1_71' title="bbox 2157 562 3835 635">
     <span class='ocr_line' id='line_1_72' title="bbox 2157 562 3835 635; baseline 0 -18"><span class='ocrx_word' id='word_1_541' title='bbox 2157 564 2403 632; x_wconf 68' lang='grc' dir='ltr'><strong>δπάγειν,</strong></span> <span class='ocrx_word' id='word_1_542' title='bbox 2438 564 2703 635; x_wconf 81' lang='grc' dir='ltr'><strong>πρότερον</strong></span> <span class='ocrx_word' id='word_1_543' title='bbox 2726 563 2999 617; x_wconf 86' lang='grc' dir='ltr'><strong>δεικνύναι</strong></span> <span class='ocrx_word' id='word_1_544' title='bbox 3022 562 3132 615; x_wconf 88' lang='grc' dir='ltr'><strong>τῶν</strong></span> <span class='ocrx_word' id='word_1_545' title='bbox 3154 563 3561 634; x_wconf 86' lang='grc' dir='ltr'><strong>ἡμαρτημένων</strong></span> <span class='ocrx_word' id='word_1_546' title='bbox 3581 562 3737 635; x_wconf 70' lang='grc' dir='ltr'><strong>ε2991</strong></span> <span class='ocrx_word' id='word_1_547' title='bbox 3766 566 3835 617; x_wconf 71' lang='grc' dir='ltr'><strong>τὸ</strong></span> 
     </span>
    </p>
   </div>
   <div class='ocr_carea' id='block_1_72' title="bbox 2157 649 3831 722">
    <p class='ocr_par' dir='ltr' id='par_1_72' title="bbox 2157 649 3831 722">
     <span class='ocr_line' id='line_1_73' title="bbox 2157 649 3831 722; baseline -0.001 -18"><span class='ocrx_word' id='word_1_548' title='bbox 2157 651 2407 722; x_wconf 83' lang='grc' dir='ltr'><strong>μέγεθος,</strong></span> <span class='ocrx_word' id='word_1_549' title='bbox 2437 652 2531 704; x_wconf 91' lang='lat' dir='ltr'><strong><em>zeal</em></strong></span> <span class='ocrx_word' id='word_1_550' title='bbox 2556 650 2743 721; x_wconf 83' lang='grc' dir='ltr'><strong>ὥσπερ</strong></span> <span class='ocrx_word' id='word_1_551' title='bbox 2773 649 3071 717; x_wconf 89' lang='grc' dir='ltr'><strong>ἀπολογίαν</strong></span> <span class='ocrx_word' id='word_1_552' title='bbox 3103 649 3225 704; x_wconf 88' lang='grc' dir='ltr'><strong>τινά</strong></span> <span class='ocrx_word' id='word_1_553' title='bbox 3243 649 3570 715; x_wconf 87' lang='grc' dir='ltr'><strong>συντιθέναι,</strong></span> <span class='ocrx_word' id='word_1_554' title='bbox 3595 651 3690 706; x_wconf 84' lang='grc' dir='ltr'><strong>καὶ</strong></span> <span class='ocrx_word' id='word_1_555' title='bbox 3707 650 3831 703; x_wconf 70' lang='grc' dir='ltr'><strong>τότε</strong></span> 
     </span>
    </p>
   </div>
   <div class='ocr_carea' id='block_1_73' title="bbox 2156 735 3845 808">
    <p class='ocr_par' dir='ltr' id='par_1_73' title="bbox 2156 735 3845 808">
     <span class='ocr_line' id='line_1_74' title="bbox 2156 735 3845 808; baseline -0.001 -16"><span class='ocrx_word' id='word_1_556' title='bbox 2156 737 2427 792; x_wconf 80' lang='grc' dir='ltr'><strong>ποιεῖσθαι</strong></span> <span class='ocrx_word' id='word_1_557' title='bbox 2458 737 2559 808; x_wconf 86' lang='grc' dir='ltr'><strong>τὴν</strong></span> <span class='ocrx_word' id='word_1_558' title='bbox 2588 737 2892 807; x_wconf 85' lang='grc' dir='ltr'><strong>διόρθωσιν.</strong></span> <span class='ocrx_word' id='word_1_559' title='bbox 2910 736 3020 790; x_wconf 80' lang='grc' dir='ltr'><strong>Καὶ</strong></span> <span class='ocrx_word' id='word_1_560' title='bbox 3035 735 3143 807; x_wconf 68' lang='grc' dir='ltr'><strong>γὰρ</strong></span> <span class='ocrx_word' id='word_1_561' title='bbox 3169 736 3261 790; x_wconf 83' lang='grc' dir='ltr'><strong>ἐπὶ</strong></span> <span class='ocrx_word' id='word_1_562' title='bbox 3285 735 3393 790; x_wconf 81' lang='grc' dir='ltr'><strong>τοῦ.</strong></span> <span class='ocrx_word' id='word_1_563' title='bbox 3412 736 3845 808; x_wconf 79' lang='grc' dir='ltr'><strong>κατακλυσμοῦ..</strong></span> 
     </span>
    </p>
   </div>
   <div class='ocr_carea' id='block_1_74' title="bbox 2158 824 3834 899">
    <p class='ocr_par' dir='ltr' id='par_1_74' title="bbox 2158 824 3834 899">
     <span class='ocr_line' id='line_1_75' title="bbox 2158 824 3834 899; baseline 0.001 -22"><span class='ocrx_word' id='word_1_564' title='bbox 2158 824 2319 896; x_wconf 80' lang='grc' dir='ltr'><strong>ἡνίκα</strong></span> <span class='ocrx_word' id='word_1_565' title='bbox 2350 826 2548 898; x_wconf 73' lang='grc' dir='ltr'><strong>ἤμελλε</strong></span> <span class='ocrx_word' id='word_1_566' title='bbox 2578 827 2687 897; x_wconf 68' lang='grc' dir='ltr'><strong>τὴν»</strong></span> <span class='ocrx_word' id='word_1_567' title='bbox 2706 825 2934 897; x_wconf 80' lang='grc' dir='ltr'><strong>ἀπειλὴν</strong></span> <span class='ocrx_word' id='word_1_568' title='bbox 2960 826 3192 896; x_wconf 88' lang='grc' dir='ltr'><strong>ἐκείνην·</strong></span> <span class='ocrx_word' id='word_1_569' title='bbox 3218 825 3316 899; x_wconf 81' lang='grc' dir='ltr'><strong>τὴν</strong></span> <span class='ocrx_word' id='word_1_570' title='bbox 3373 827 3608 898; x_wconf 73' lang='grc' dir='ltr'><strong>φοϐερὰν</strong></span> <span class='ocrx_word' id='word_1_571' title='bbox 3655 829 3834 881; x_wconf 86' lang='grc' dir='ltr'><strong>ποιεῖ-</strong></span> 
     </span>
    </p>
   </div>
   <div class='ocr_carea' id='block_1_75' title="bbox 2160 904 3831 984">
    <p class='ocr_par' dir='ltr' id='par_1_75' title="bbox 2160 904 3831 984">
     <span class='ocr_line' id='line_1_76' title="bbox 2160 904 3831 984; baseline 0.001 -19"><span class='ocrx_word' id='word_1_572' title='bbox 2160 911 2303 977; x_wconf 82' lang='grc' dir='ltr'><strong>σθαι,</strong></span> <span class='ocrx_word' id='word_1_573' title='bbox 2355 913 2520 984; x_wconf 80' lang='grc' dir='ltr'><strong>φησὶν</strong></span> <span class='ocrx_word' id='word_1_574' title='bbox 2569 913 2606 984; x_wconf 75' lang='grc' dir='ltr'><strong>ἡ</strong></span> <span class='ocrx_word' id='word_1_575' title='bbox 2650 904 2874 984; x_wconf 79' lang='grc' dir='ltr'><strong>Γραφή·</strong></span> <span class='ocrx_word' id='word_1_576' title='bbox 2928 910 3097 968; x_wconf 84' lang='grc' dir='ltr'><strong>Ἰδὼν</strong></span> <span class='ocrx_word' id='word_1_577' title='bbox 3126 912 3196 966; x_wconf 78' lang='grc' dir='ltr'><strong>δὲ</strong></span> <span class='ocrx_word' id='word_1_578' title='bbox 3219 913 3433 982; x_wconf 71' lang='grc' dir='ltr'><strong>Κύριος</strong></span> <span class='ocrx_word' id='word_1_579' title='bbox 3477 916 3511 968; x_wconf 85' lang='grc' dir='ltr'><em>ό</em></span> <span class='ocrx_word' id='word_1_580' title='bbox 3555 912 3707 978; x_wconf 85' lang='grc' dir='ltr'><strong>Θεὸς</strong></span> <span class='ocrx_word' id='word_1_581' title='bbox 3737 913 3831 968; x_wconf 78' lang='grc' dir='ltr'><strong>ὅτι</strong></span> 
     </span>
    </p>
   </div>
   <div class='ocr_carea' id='block_1_76' title="bbox 2155 997 3835 1069">
    <p class='ocr_par' dir='ltr' id='par_1_76' title="bbox 2155 997 3835 1069">
     <span class='ocr_line' id='line_1_77' title="bbox 2155 997 3835 1069; baseline -0.001 -15"><span class='ocrx_word' id='word_1_582' title='bbox 2155 999 2630 1069; x_wconf 67' lang='grc' dir='ltr'><strong>ἔπληθύνθησαν</strong></span> <span class='ocrx_word' id='word_1_583' title='bbox 2648 1003 2709 1054; x_wconf 83' lang='lat' dir='ltr'><strong>al</strong></span> <span class='ocrx_word' id='word_1_584' title='bbox 2729 1001 2930 1055; x_wconf 80' lang='grc' dir='ltr'><strong>κακίαι</strong></span> <span class='ocrx_word' id='word_1_585' title='bbox 2956 997 3077 1053; x_wconf 85' lang='grc' dir='ltr'><strong>τῶν</strong></span> <span class='ocrx_word' id='word_1_586' title='bbox 3099 999 3444 1069; x_wconf 79' lang='grc' dir='ltr'><strong>ἀνθρώπων,</strong></span> <span class='ocrx_word' id='word_1_587' title='bbox 3471 1001 3566 1054; x_wconf 67' lang='grc' dir='ltr'><strong>καὶ</strong></span> <span class='ocrx_word' id='word_1_588' title='bbox 3595 998 3719 1067; x_wconf 71' lang='grc' dir='ltr'><strong>πᾶς</strong></span> <span class='ocrx_word' id='word_1_589' title='bbox 3739 1017 3835 1065; x_wconf 87' lang='grc' dir='ltr'><strong>τις</strong></span> 
     </span>
    </p>
   </div>
   <div class='ocr_carea' id='block_1_77' title="bbox 2156 1086 3832 1158">
    <p class='ocr_par' dir='ltr' id='par_1_77' title="bbox 2156 1086 3832 1158">
     <span class='ocr_line' id='line_1_78' title="bbox 2156 1086 3832 1158; baseline 0.001 -17"><span class='ocrx_word' id='word_1_590' title='bbox 2156 1086 2473 1143; x_wconf 82' lang='grc' dir='ltr'><strong>διανοεῖται</strong></span> <span class='ocrx_word' id='word_1_591' title='bbox 2500 1090 2572 1144; x_wconf 86' lang='grc' dir='ltr'><strong>ἐν</strong></span> <span class='ocrx_word' id='word_1_592' title='bbox 2599 1088 2676 1158; x_wconf 75' lang='grc' dir='ltr'><strong>τῇ</strong></span> <span class='ocrx_word' id='word_1_593' title='bbox 2714 1087 2929 1157; x_wconf 79' lang='grc' dir='ltr'><strong>καρδίᾳ</strong></span> <span class='ocrx_word' id='word_1_594' title='bbox 2954 1086 3143 1141; x_wconf 83' lang='grc' dir='ltr'><strong>αὐτοῦ</strong></span> <span class='ocrx_word' id='word_1_595' title='bbox 3164 1086 3460 1158; x_wconf 72' lang='grc' dir='ltr'><strong>ἐπιμελῶς</strong></span> <span class='ocrx_word' id='word_1_596' title='bbox 3480 1088 3579 1141; x_wconf 74' lang='grc' dir='ltr'><strong>ἐπὶ</strong></span> <span class='ocrx_word' id='word_1_597' title='bbox 3613 1088 3692 1142; x_wconf 83' lang='grc' dir='ltr'><strong>τὰ</strong></span> <span class='ocrx_word' id='word_1_598' title='bbox 3716 1104 3832 1142; x_wconf 71' lang='grc' dir='ltr'><strong>πο·</strong></span> 
     </span>
    </p>
   </div>
   <div class='ocr_carea' id='block_1_78' title="bbox 2155 1170 3827 1247">
    <p class='ocr_par' dir='ltr' id='par_1_78' title="bbox 2155 1170 3827 1247">
     <span class='ocr_line' id='line_1_79' title="bbox 2155 1170 3827 1247; baseline 0.001 -19"><span class='ocrx_word' id='word_1_599' title='bbox 2155 1174 2308 1243; x_wconf 83' lang='grc' dir='ltr'><strong>νηρὰ</strong></span> <span class='ocrx_word' id='word_1_600' title='bbox 2332 1175 2401 1229; x_wconf 75' lang='grc' dir='ltr'><strong>ἐκ</strong></span> <span class='ocrx_word' id='word_1_601' title='bbox 2430 1176 2731 1243; x_wconf 73' lang='grc' dir='ltr'><strong>νεότητος.</strong></span> <span class='ocrx_word' id='word_1_602' title='bbox 2792 1170 3084 1239; x_wconf 78' lang='grc' dir='ltr'><strong>Εἷδεςπῶς</strong></span> <span class='ocrx_word' id='word_1_603' title='bbox 3109 1175 3372 1247; x_wconf 73' lang='grc' dir='ltr'><strong>πρότερον</strong></span> <span class='ocrx_word' id='word_1_604' title='bbox 3399 1175 3565 1240; x_wconf 80' lang='grc' dir='ltr'><strong>ἔδειξε</strong></span> <span class='ocrx_word' id='word_1_605' title='bbox 3591 1177 3694 1247; x_wconf 89' lang='grc' dir='ltr'><strong>τῆς</strong></span> <span class='ocrx_word' id='word_1_606' title='bbox 3723 1194 3827 1230; x_wconf 86' lang='grc' dir='ltr'><strong>κα-</strong></span> 
     </span>
    </p>
   </div>
   <div class='ocr_carea' id='block_1_79' title="bbox 2156 1262 3831 1336">
    <p class='ocr_par' dir='ltr' id='par_1_79' title="bbox 2156 1262 3831 1336">
     <span class='ocr_line' id='line_1_80' title="bbox 2156 1262 3831 1336; baseline 0.001 -21"><span class='ocrx_word' id='word_1_607' title='bbox 2156 1262 2279 1326; x_wconf 88' lang='grc' dir='ltr'><strong>κίας</strong></span> <span class='ocrx_word' id='word_1_608' title='bbox 2306 1263 2485 1318; x_wconf 78' lang='grc' dir='ltr'><strong>αὐτῶν</strong></span> <span class='ocrx_word' id='word_1_609' title='bbox 2504 1263 2601 1335; x_wconf 79' lang='grc' dir='ltr'><strong>τὴν</strong></span> <span class='ocrx_word' id='word_1_610' title='bbox 2621 1262 2945 1336; x_wconf 72' lang='grc' dir='ltr'><strong>ύπερϐολὴν,</strong></span> <span class='ocrx_word' id='word_1_611' title='bbox 2982 1264 3075 1316; x_wconf 82' lang='grc' dir='ltr'><strong>καὶ</strong></span> <span class='ocrx_word' id='word_1_612' title='bbox 3101 1262 3223 1317; x_wconf 81' lang='grc' dir='ltr'><strong>τότε</strong></span> <span class='ocrx_word' id='word_1_613' title='bbox 3250 1265 3434 1334; x_wconf 67' lang='grc' dir='ltr'><strong>φησιν,</strong></span> <span class='ocrx_word' id='word_1_614' title='bbox 3487 1264 3831 1334; x_wconf 58' lang='grc' dir='ltr'><strong>Ἀκαλείψω</strong></span> 
     </span>
    </p>
   </div>
   <div class='ocr_carea' id='block_1_80' title="bbox 2154 1349 3829 1422">
    <p class='ocr_par' dir='ltr' id='par_1_80' title="bbox 2154 1349 3829 1422">
     <span class='ocr_line' id='line_1_81' title="bbox 2154 1349 3829 1422; baseline 0.002 -19"><span class='ocrx_word' id='word_1_615' title='bbox 2154 1349 2262 1404; x_wconf 87' lang='grc' dir='ltr'><strong>τὸν</strong></span> <span class='ocrx_word' id='word_1_616' title='bbox 2288 1350 2631 1421; x_wconf 72' lang='grc' dir='ltr'><strong>ἀνθρωπονς</strong></span> <span class='ocrx_word' id='word_1_617' title='bbox 2672 1351 2830 1405; x_wconf 77' lang='grc' dir='ltr'><strong>Οὕτω</strong></span> <span class='ocrx_word' id='word_1_618' title='bbox 2874 1351 2968 1405; x_wconf 88' lang='lat' dir='ltr'><strong><em>zeal</em></strong></span> <span class='ocrx_word' id='word_1_619' title='bbox 3006 1350 3101 1405; x_wconf 81' lang='grc' dir='ltr'><strong>νῦν</strong></span> <span class='ocrx_word' id='word_1_620' title='bbox 3123 1367 3135 1379; x_wconf 89' lang='grc'><strong>·</strong></span> <span class='ocrx_word' id='word_1_621' title='bbox 3193 1350 3364 1407; x_wconf 72' lang='grc' dir='ltr'><strong>ἰδοΰ</strong></span> <span class='ocrx_word' id='word_1_622' title='bbox 3394 1351 3568 1422; x_wconf 63' lang='grc' dir='ltr'><strong>γένος</strong></span> <span class='ocrx_word' id='word_1_623' title='bbox 3616 1352 3691 1407; x_wconf 77' lang='grc' dir='ltr'><strong>ἓν</strong></span> <span class='ocrx_word' id='word_1_624' title='bbox 3724 1355 3829 1407; x_wconf 79' lang='grc' dir='ltr'><strong>και</strong></span> 
     </span>
    </p>
   </div>
   <div class='ocr_carea' id='block_1_81' title="bbox 2154 1433 3827 1505">
    <p class='ocr_par' dir='ltr' id='par_1_81' title="bbox 2154 1433 3827 1505">
     <span class='ocr_line' id='line_1_82' title="bbox 2154 1433 3827 1505; baseline 0.002 -18"><span class='ocrx_word' id='word_1_625' title='bbox 2154 1433 2359 1504; x_wconf 78' lang='grc' dir='ltr'><strong>χεῖλος</strong></span> <span class='ocrx_word' id='word_1_626' title='bbox 2384 1435 2454 1489; x_wconf 79' lang='grc' dir='ltr'><strong>ἐν</strong></span> <span class='ocrx_word' id='word_1_627' title='bbox 2483 1434 2747 1499; x_wconf 81' lang='grc' dir='ltr'><strong>πάντων,</strong></span> <span class='ocrx_word' id='word_1_628' title='bbox 2789 1434 2891 1488; x_wconf 83' lang='lat' dir='ltr'><strong><em>zeal</em></strong></span> <span class='ocrx_word' id='word_1_629' title='bbox 2938 1434 3115 1490; x_wconf 85' lang='grc' dir='ltr'><strong>τοῦτο</strong></span> <span class='ocrx_word' id='word_1_630' title='bbox 3138 1434 3399 1505; x_wconf 69' lang='grc' dir='ltr'><strong>ἤρξαντο</strong></span> <span class='ocrx_word' id='word_1_631' title='bbox 3424 1434 3696 1502; x_wconf 71' lang='grc' dir='ltr'><strong>ποιῆσαι.</strong></span> <span class='ocrx_word' id='word_1_632' title='bbox 3758 1437 3827 1490; x_wconf 79' lang='grc' dir='ltr'><strong>Εἰ</strong></span> 
     </span>
    </p>
   </div>
   <div class='ocr_carea' id='block_1_82' title="bbox 2154 1521 3827 1594">
    <p class='ocr_par' dir='ltr' id='par_1_82' title="bbox 2154 1521 3827 1594">
     <span class='ocr_line' id='line_1_83' title="bbox 2154 1521 3827 1594; baseline 0.001 -18"><span class='ocrx_word' id='word_1_633' title='bbox 2154 1523 2406 1594; x_wconf 81' lang='grc' dir='ltr'><strong>ὁμονοίας</strong></span> <span class='ocrx_word' id='word_1_634' title='bbox 2453 1522 2723 1593; x_wconf 85' lang='grc' dir='ltr'><strong>τοσαύτης</strong></span> <span class='ocrx_word' id='word_1_635' title='bbox 2760 1521 3125 1587; x_wconf 79' lang='grc' dir='ltr'><strong>ἀπολαύοντες</strong></span> <span class='ocrx_word' id='word_1_636' title='bbox 3182 1522 3279 1577; x_wconf 86' lang='lat' dir='ltr'><strong><em>zeal</em></strong></span> <span class='ocrx_word' id='word_1_637' title='bbox 3327 1522 3637 1593; x_wconf 82' lang='grc' dir='ltr'><strong>ὁμοφωνίας</strong></span> <span class='ocrx_word' id='word_1_638' title='bbox 3684 1522 3827 1594; x_wconf 54' lang='lat' dir='ltr'><strong>«pb;</strong></span> 
     </span>
    </p>
   </div>
   <div class='ocr_carea' id='block_1_83' title="bbox 2153 1608 3827 1682">
    <p class='ocr_par' dir='ltr' id='par_1_83' title="bbox 2153 1608 3827 1682">
     <span class='ocr_line' id='line_1_84' title="bbox 2153 1608 3827 1682; baseline -0.001 -19"><span class='ocrx_word' id='word_1_639' title='bbox 2153 1609 2419 1682; x_wconf 77' lang='grc' dir='ltr'><strong>τοσαύτην</strong></span> <span class='ocrx_word' id='word_1_640' title='bbox 2450 1609 2741 1675; x_wconf 73' lang='grc' dir='ltr'><strong>ἐξώκειλαν</strong></span> <span class='ocrx_word' id='word_1_641' title='bbox 2774 1610 2991 1680; x_wconf 88' lang='grc' dir='ltr'><strong>μανίαν,</strong></span> <span class='ocrx_word' id='word_1_642' title='bbox 3021 1608 3116 1663; x_wconf 72' lang='grc' dir='ltr'><strong>τοῦ</strong></span> <span class='ocrx_word' id='word_1_643' title='bbox 3170 1608 3363 1680; x_wconf 77' lang='grc' dir='ltr'><strong>χρόνου</strong></span> <span class='ocrx_word' id='word_1_644' title='bbox 3390 1610 3671 1680; x_wconf 79' lang='grc' dir='ltr'><strong>προϊόντος</strong></span> <span class='ocrx_word' id='word_1_645' title='bbox 3705 1611 3827 1674; x_wconf 80' lang='grc' dir='ltr'><strong>πῶς</strong></span> 
     </span>
    </p>
   </div>
   <div class='ocr_carea' id='block_1_84' title="bbox 2153 1696 3841 1771">
    <p class='ocr_par' dir='ltr' id='par_1_84' title="bbox 2153 1696 3841 1771">
     <span class='ocr_line' id='line_1_85' title="bbox 2153 1696 3841 1771; baseline 0 -20"><span class='ocrx_word' id='word_1_646' title='bbox 2153 1698 2273 1770; x_wconf 76' lang='grc' dir='ltr'><strong>οὐχὶ</strong></span> <span class='ocrx_word' id='word_1_647' title='bbox 2298 1699 2514 1771; x_wconf 84' lang='grc' dir='ltr'><strong>χείρονα</strong></span> <span class='ocrx_word' id='word_1_648' title='bbox 2534 1696 2955 1769; x_wconf 78' lang='grc' dir='ltr'><strong>διαπράξονταις</strong></span> <span class='ocrx_word' id='word_1_649' title='bbox 2995 1698 3118 1751; x_wconf 79' lang='grc' dir='ltr'><strong>Οὐκ</strong></span> <span class='ocrx_word' id='word_1_650' title='bbox 3154 1696 3425 1765; x_wconf 70' lang='grc' dir='ltr'><strong>ἐκλείψει</strong></span> <span class='ocrx_word' id='word_1_651' title='bbox 3469 1696 3599 1768; x_wconf 76' lang='grc' dir='ltr'><strong>γὰρ.</strong></span> <span class='ocrx_word' id='word_1_652' title='bbox 3627 1698 3841 1766; x_wconf 77' lang='grc' dir='ltr'><strong>φησὶν,</strong></span> 
     </span>
    </p>
   </div>
   <div class='ocr_carea' id='block_1_85' title="bbox 2152 1781 3826 1850">
    <p class='ocr_par' dir='ltr' id='par_1_85' title="bbox 2152 1781 3826 1850">
     <span class='ocr_line' id='line_1_86' title="bbox 2152 1781 3826 1850; baseline -0.001 -10"><span class='ocrx_word' id='word_1_653' title='bbox 2152 1785 2254 1840; x_wconf 77' lang='grc' dir='ltr'><strong>ἀπ’</strong></span> <span class='ocrx_word' id='word_1_654' title='bbox 2311 1782 2505 1840; x_wconf 80' lang='grc' dir='ltr'><strong>αὐτῶν</strong></span> <span class='ocrx_word' id='word_1_655' title='bbox 2531 1783 2748 1850; x_wconf 66' lang='grc' dir='ltr'><strong>πάντα,</strong></span> <span class='ocrx_word' id='word_1_656' title='bbox 2778 1784 2896 1838; x_wconf 80' lang='grc' dir='ltr'><strong>ὅσα</strong></span> <span class='ocrx_word' id='word_1_657' title='bbox 2941 1782 3017 1838; x_wconf 67' lang='grc' dir='ltr'><strong>ἂν</strong></span> <span class='ocrx_word' id='word_1_658' title='bbox 3044 1781 3361 1838; x_wconf 74' lang='grc' dir='ltr'><strong>ἐπιθῶνται</strong></span> <span class='ocrx_word' id='word_1_659' title='bbox 3403 1783 3616 1837; x_wconf 68' lang='grc' dir='ltr'><strong>⁴ποιεῖν.</strong></span> <span class='ocrx_word' id='word_1_660' title='bbox 3649 1784 3826 1838; x_wconf 83' lang='grc' dir='ltr'><strong>υύδέν</strong></span> 
     </span>
    </p>
   </div>
   <div class='ocr_carea' id='block_1_86' title="bbox 2153 1871 3825 1947">
    <p class='ocr_par' dir='ltr' id='par_1_86' title="bbox 2153 1871 3825 1947">
     <span class='ocr_line' id='line_1_87' title="bbox 2153 1871 3825 1947; baseline 0 -18"><span class='ocrx_word' id='word_1_661' title='bbox 2153 1874 2331 1930; x_wconf 81' lang='grc' dir='ltr'><strong>αὐτῶν</strong></span> <span class='ocrx_word' id='word_1_662' title='bbox 2355 1875 2454 1946; x_wconf 82' lang='grc' dir='ltr'><strong>τὴν</strong></span> <span class='ocrx_word' id='word_1_663' title='bbox 2479 1874 2656 1947; x_wconf 76' lang='grc' dir='ltr'><strong>ὁρμὴν</strong></span> <span class='ocrx_word' id='word_1_664' title='bbox 2692 1875 2935 1945; x_wconf 88' lang='grc' dir='ltr'><strong>ἐπισχεῖν</strong></span> <span class='ocrx_word' id='word_1_665' title='bbox 2986 1873 3273 1945; x_wconf 84' lang='grc' dir='ltr'><strong>δυνήσεται</strong></span> <span class='ocrx_word' id='word_1_666' title='bbox 3299 1912 3315 1938; x_wconf 94' lang='grc'><strong>,</strong></span> <span class='ocrx_word' id='word_1_667' title='bbox 3354 1871 3493 1926; x_wconf 76' lang='grc' dir='ltr'><strong>ἀλλά</strong></span> <span class='ocrx_word' id='word_1_668' title='bbox 3545 1872 3729 1926; x_wconf 77' lang='grc' dir='ltr'><strong>πάντα</strong></span> <span class='ocrx_word' id='word_1_669' title='bbox 3752 1875 3825 1929; x_wconf 75' lang='grc' dir='ltr'><strong>τὰ</strong></span> 
     </span>
    </p>
   </div>
   <div class='ocr_carea' id='block_1_87' title="bbox 2154 1957 3825 2036">
    <p class='ocr_par' dir='ltr' id='par_1_87' title="bbox 2154 1957 3825 2036">
     <span class='ocr_line' id='line_1_88' title="bbox 2154 1957 3825 2036; baseline -0.002 -20"><span class='ocrx_word' id='word_1_670' title='bbox 2154 1962 2509 2036; x_wconf 78' lang='grc' dir='ltr'><strong>βουλευθέντα</strong></span> <span class='ocrx_word' id='word_1_671' title='bbox 2539 1962 2721 2025; x_wconf 77' lang='grc' dir='ltr'><strong>αὐτοῖς</strong></span> <span class='ocrx_word' id='word_1_672' title='bbox 2742 1962 2823 2026; x_wconf 80' lang='grc' dir='ltr'><strong>εἰς</strong></span> <span class='ocrx_word' id='word_1_673' title='bbox 2850 1961 3011 2033; x_wconf 72' lang='grc' dir='ltr'><strong>ἐργον</strong></span> <span class='ocrx_word' id='word_1_674' title='bbox 3042 1961 3271 2029; x_wconf 78' lang='grc' dir='ltr'><strong>ἀγαγεῖν</strong></span> <span class='ocrx_word' id='word_1_675' title='bbox 3321 1957 3741 2025; x_wconf 78' lang='grc' dir='ltr'><strong>σπουδάσωσιν,</strong></span> <span class='ocrx_word' id='word_1_676' title='bbox 3770 1962 3825 2013; x_wconf 86' lang='grc' dir='ltr'><strong>εἰ</strong></span> 
     </span>
    </p>
   </div>
   <div class='ocr_carea' id='block_1_88' title="bbox 2156 2045 3821 2122">
    <p class='ocr_par' dir='ltr' id='par_1_88' title="bbox 2156 2045 3821 2122">
     <span class='ocr_line' id='line_1_89' title="bbox 2156 2045 3821 2122; baseline -0.002 -18"><span class='ocrx_word' id='word_1_677' title='bbox 2156 2050 2230 2122; x_wconf 83' lang='grc' dir='ltr'><strong>μή</strong></span> <span class='ocrx_word' id='word_1_678' title='bbox 2260 2050 2467 2121; x_wconf 88' lang='grc' dir='ltr'><strong>ταχέως</strong></span> <span class='ocrx_word' id='word_1_679' title='bbox 2490 2049 2628 2119; x_wconf 79' lang='grc' dir='ltr'><strong>ὑπὲρ</strong></span> <span class='ocrx_word' id='word_1_680' title='bbox 2677 2049 2783 2102; x_wconf 86' lang='grc' dir='ltr'><strong>τῶν</strong></span> <span class='ocrx_word' id='word_1_681' title='bbox 2825 2048 2927 2119; x_wconf 80' lang='grc' dir='ltr'><strong>ήδη</strong></span> <span class='ocrx_word' id='word_1_682' title='bbox 2969 2046 3345 2118; x_wconf 84' lang='grc' dir='ltr'><strong>τολμηθέντων</strong></span> <span class='ocrx_word' id='word_1_683' title='bbox 3374 2046 3529 2117; x_wconf 89' lang='grc' dir='ltr'><strong>δίκην</strong></span> <span class='ocrx_word' id='word_1_684' title='bbox 3561 2045 3821 2100; x_wconf 60' lang='grc' dir='ltr'><strong>δώσουσι.</strong></span> 
     </span>
    </p>
   </div>
   <div class='ocr_carea' id='block_1_89' title="bbox 2152 2133 3823 2206">
    <p class='ocr_par' dir='ltr' id='par_1_89' title="bbox 2152 2133 3823 2206">
     <span class='ocr_line' id='line_1_90' title="bbox 2152 2133 3823 2206; baseline -0.002 -14"><span class='ocrx_word' id='word_1_685' title='bbox 2152 2139 2227 2193; x_wconf 85' lang='grc' dir='ltr'><strong>Τδ</strong></span> <span class='ocrx_word' id='word_1_686' title='bbox 2251 2137 2382 2191; x_wconf 72' lang='grc' dir='ltr'><strong>αὐτὸ</strong></span> <span class='ocrx_word' id='word_1_687' title='bbox 2401 2137 2493 2190; x_wconf 84' lang='lat' dir='ltr'><strong><em>zeal</em></strong></span> <span class='ocrx_word' id='word_1_688' title='bbox 2520 2138 2612 2190; x_wconf 73' lang='grc' dir='ltr'><strong>ἐπὶ</strong></span> <span class='ocrx_word' id='word_1_689' title='bbox 2645 2135 2741 2189; x_wconf 84' lang='grc' dir='ltr'><strong>τοῦ</strong></span> <span class='ocrx_word' id='word_1_690' title='bbox 2768 2135 3190 2206; x_wconf 86' lang='grc' dir='ltr'><strong>πρωτοπλάστου</strong></span> <span class='ocrx_word' id='word_1_691' title='bbox 3219 2133 3444 2203; x_wconf 80' lang='grc' dir='ltr'><strong>γεγονὸς</strong></span> <span class='ocrx_word' id='word_1_692' title='bbox 3462 2134 3685 2204; x_wconf 83' lang='grc' dir='ltr'><strong>εὑρήσει</strong></span> <span class='ocrx_word' id='word_1_693' title='bbox 3712 2151 3823 2199; x_wconf 87' lang='grc' dir='ltr'><strong>τις.</strong></span> 
     </span>
    </p>
   </div>
   <div class='ocr_carea' id='block_1_90' title="bbox 2153 2221 3824 2297">
    <p class='ocr_par' dir='ltr' id='par_1_90' title="bbox 2153 2221 3824 2297">
     <span class='ocr_line' id='line_1_91' title="bbox 2153 2221 3824 2297; baseline -0.002 -17"><span class='ocrx_word' id='word_1_694' title='bbox 2153 2226 2265 2281; x_wconf 75' lang='lat' dir='ltr'><strong>Kal</strong></span> <span class='ocrx_word' id='word_1_695' title='bbox 2286 2224 2395 2297; x_wconf 87' lang='grc' dir='ltr'><strong>γάρ</strong></span> <span class='ocrx_word' id='word_1_696' title='bbox 2420 2226 2554 2291; x_wconf 87' lang='grc' dir='ltr'><strong>ἐκεῖ,</strong></span> <span class='ocrx_word' id='word_1_697' title='bbox 2579 2224 2742 2295; x_wconf 85' lang='grc' dir='ltr'><strong>ἡνίκα</strong></span> <span class='ocrx_word' id='word_1_698' title='bbox 2767 2222 2998 2295; x_wconf 68' lang='grc' dir='ltr'><strong>ἤμελλεν</strong></span> <span class='ocrx_word' id='word_1_699' title='bbox 3010 2222 3291 2278; x_wconf 77' lang='grc' dir='ltr'><strong>ἐκϐάλλειν</strong></span> <span class='ocrx_word' id='word_1_700' title='bbox 3318 2222 3420 2293; x_wconf 86' lang='grc' dir='ltr'><strong>τῆς</strong></span> <span class='ocrx_word' id='word_1_701' title='bbox 3446 2223 3504 2276; x_wconf 81' lang='grc' dir='ltr'><strong>ἐν</strong></span> <span class='ocrx_word' id='word_1_702' title='bbox 3526 2221 3606 2293; x_wconf 82' lang='grc' dir='ltr'><strong>τῷ</strong></span> <span class='ocrx_word' id='word_1_703' title='bbox 3637 2241 3824 2294; x_wconf 68' lang='grc' dir='ltr'><strong>παραυ</strong></span> 
     </span>
    </p>
   </div>
   <div class='ocr_carea' id='block_1_91' title="bbox 2150 2309 3823 2383">
    <p class='ocr_par' dir='ltr' id='par_1_91' title="bbox 2150 2309 3823 2383">
     <span class='ocr_line' id='line_1_92' title="bbox 2150 2309 3823 2383; baseline -0.002 -16"><span class='ocrx_word' id='word_1_704' title='bbox 2150 2311 2637 2383; x_wconf 60' lang='grc' dir='ltr'><strong>δείσῳηδιαγωγῆς,</strong></span> <span class='ocrx_word' id='word_1_705' title='bbox 2663 2311 2796 2381; x_wconf 87' lang='grc' dir='ltr'><strong>φησί</strong></span> <span class='ocrx_word' id='word_1_706' title='bbox 2815 2327 2829 2342; x_wconf 76' lang='grc' dir='ltr'><strong>ο</strong></span> <span class='ocrx_word' id='word_1_707' title='bbox 2858 2311 2952 2376; x_wconf 83' lang='grc' dir='ltr'><strong>Τίς</strong></span> <span class='ocrx_word' id='word_1_708' title='bbox 2971 2309 3289 2380; x_wconf 71' lang='grc' dir='ltr'><strong>ἀνήγγειλέ</strong></span> <span class='ocrx_word' id='word_1_709' title='bbox 3316 2326 3435 2374; x_wconf 90' lang='grc' dir='ltr'><strong>σοι,</strong></span> <span class='ocrx_word' id='word_1_710' title='bbox 3466 2309 3557 2363; x_wconf 78' lang='grc' dir='ltr'><strong>ὅτι</strong></span> <span class='ocrx_word' id='word_1_711' title='bbox 3590 2311 3823 2379; x_wconf 79' lang='grc' dir='ltr'><strong>γυμνὸς</strong></span> 
     </span>
    </p>
   </div>
   <div class='ocr_carea' id='block_1_92' title="bbox 2150 2392 3818 2468">
    <p class='ocr_par' dir='ltr' id='par_1_92' title="bbox 2150 2392 3818 2468">
     <span class='ocr_line' id='line_1_93' title="bbox 2150 2392 3818 2468; baseline -0.003 -12"><span class='ocrx_word' id='word_1_712' title='bbox 2150 2399 2235 2467; x_wconf 75' lang='lat' dir='ltr'><strong>al;</strong></span> <span class='ocrx_word' id='word_1_713' title='bbox 2268 2402 2378 2455; x_wconf 81' lang='lat' dir='ltr'><strong>Kal</strong></span> <span class='ocrx_word' id='word_1_714' title='bbox 2409 2400 2571 2454; x_wconf 83' lang='grc' dir='ltr'><strong>πάλιν</strong></span> <span class='ocrx_word' id='word_1_715' title='bbox 2590 2417 2605 2432; x_wconf 78' lang='grc' dir='ltr'><strong>ο</strong></span> <span class='ocrx_word' id='word_1_716' title='bbox 2649 2398 2797 2453; x_wconf 80' lang='grc' dir='ltr'><strong>ἰδοὺ</strong></span> <span class='ocrx_word' id='word_1_717' title='bbox 2820 2399 3069 2468; x_wconf 76' lang='grc' dir='ltr'><strong>γέγονεν</strong></span> <span class='ocrx_word' id='word_1_718' title='bbox 3107 2397 3279 2466; x_wconf 74' lang='grc' dir='ltr'><strong>Ἀδὰμ</strong></span> <span class='ocrx_word' id='word_1_719' title='bbox 3311 2398 3393 2462; x_wconf 87' lang='grc' dir='ltr'><strong>ὡς</strong></span> <span class='ocrx_word' id='word_1_720' title='bbox 3418 2392 3595 2462; x_wconf 71' lang='grc' dir='ltr'><strong>εἴς-ἐξ</strong></span> <span class='ocrx_word' id='word_1_721' title='bbox 3624 2398 3818 2466; x_wconf 74' lang='grc' dir='ltr'><strong>ἡμῶν.</strong></span> 
     </span>
    </p>
   </div>
   <div class='ocr_carea' id='block_1_93' title="bbox 2151 2484 3823 2557">
    <p class='ocr_par' dir='ltr' id='par_1_93' title="bbox 2151 2484 3823 2557">
     <span class='ocr_line' id='line_1_94' title="bbox 2151 2484 3823 2557; baseline -0.001 -15"><span class='ocrx_word' id='word_1_722' title='bbox 2151 2487 2260 2543; x_wconf 87' lang='grc' dir='ltr'><strong>τοῦ</strong></span> <span class='ocrx_word' id='word_1_723' title='bbox 2284 2486 2601 2557; x_wconf 78' lang='grc' dir='ltr'><strong>γινώσκειν</strong></span> <span class='ocrx_word' id='word_1_724' title='bbox 2631 2484 2824 2539; x_wconf 77' lang='grc' dir='ltr'><strong>καλὸν</strong></span> <span class='ocrx_word' id='word_1_725' title='bbox 2849 2486 2947 2538; x_wconf 81' lang='lat' dir='ltr'><strong><em>zeal</em></strong></span> <span class='ocrx_word' id='word_1_726' title='bbox 2973 2484 3265 2551; x_wconf 80' lang='grc' dir='ltr'><strong>πονηρόν.</strong></span> <span class='ocrx_word' id='word_1_727' title='bbox 3290 2484 3400 2537; x_wconf 85' lang='lat' dir='ltr'><strong><em>Kal</em></strong></span> <span class='ocrx_word' id='word_1_728' title='bbox 3435 2484 3553 2539; x_wconf 85' lang='grc' dir='ltr'><strong>νῦν</strong></span> <span class='ocrx_word' id='word_1_729' title='bbox 3587 2485 3823 2551; x_wconf 70' lang='grc' dir='ltr'><strong>μήποτε</strong></span> 
     </span>
    </p>
   </div>
   <div class='ocr_carea' id='block_1_94' title="bbox 2151 2570 3825 2643">
    <p class='ocr_par' dir='ltr' id='par_1_94' title="bbox 2151 2570 3825 2643">
     <span class='ocr_line' id='line_1_95' title="bbox 2151 2570 3825 2643; baseline -0.001 -13"><span class='ocrx_word' id='word_1_730' title='bbox 2151 2575 2386 2643; x_wconf 78' lang='grc' dir='ltr'><strong>ἐκτείνη</strong></span> <span class='ocrx_word' id='word_1_731' title='bbox 2409 2573 2525 2642; x_wconf 77' lang='grc' dir='ltr'><strong>τὴν</strong></span> <span class='ocrx_word' id='word_1_732' title='bbox 2545 2572 2714 2642; x_wconf 84' lang='grc' dir='ltr'><strong>χεῖρα</strong></span> <span class='ocrx_word' id='word_1_733' title='bbox 2756 2571 2964 2635; x_wconf 84' lang='grc' dir='ltr'><strong>αὑτοῦ,</strong></span> <span class='ocrx_word' id='word_1_734' title='bbox 2998 2570 3097 2624; x_wconf 79' lang='grc' dir='ltr'><strong>καί</strong></span> <span class='ocrx_word' id='word_1_735' title='bbox 3127 2570 3283 2639; x_wconf 76' lang='grc' dir='ltr'><strong>λάϐῃ</strong></span> <span class='ocrx_word' id='word_1_736' title='bbox 3325 2572 3445 2626; x_wconf 74' lang='grc' dir='ltr'><strong>ἀπὸ</strong></span> <span class='ocrx_word' id='word_1_737' title='bbox 3477 2574 3586 2628; x_wconf 86' lang='grc' dir='ltr'><strong>τοῦ</strong></span> <span class='ocrx_word' id='word_1_738' title='bbox 3624 2573 3825 2637; x_wconf 74' lang='grc' dir='ltr'><strong>ξύλου</strong></span> 
     </span>
    </p>
   </div>
   <div class='ocr_carea' id='block_1_95' title="bbox 2150 2657 3816 2733">
    <p class='ocr_par' dir='ltr' id='par_1_95' title="bbox 2150 2657 3816 2733">
     <span class='ocr_line' id='line_1_96' title="bbox 2150 2657 3816 2733; baseline -0.002 -15"><span class='ocrx_word' id='word_1_739' title='bbox 2150 2662 2262 2733; x_wconf 82' lang='grc' dir='ltr'><strong>τῆς</strong></span> <span class='ocrx_word' id='word_1_740' title='bbox 2288 2661 2459 2729; x_wconf 74' lang='grc' dir='ltr'><strong>ζωῆς.</strong></span> <span class='ocrx_word' id='word_1_741' title='bbox 2488 2661 2583 2715; x_wconf 79' lang='grc' dir='ltr'><strong>καί</strong></span> <span class='ocrx_word' id='word_1_742' title='bbox 2620 2660 2814 2729; x_wconf 71' lang='grc' dir='ltr'><strong>φάγῃ,</strong></span> <span class='ocrx_word' id='word_1_743' title='bbox 2868 2658 2968 2714; x_wconf 81' lang='lat' dir='ltr'><strong><em>zeal</em></strong></span> <span class='ocrx_word' id='word_1_744' title='bbox 3023 2657 3263 2725; x_wconf 60' lang='lat' dir='ltr'><strong><em>blattae</em></strong></span> <span class='ocrx_word' id='word_1_745' title='bbox 3313 2661 3401 2724; x_wconf 79' lang='grc' dir='ltr'><strong>είς</strong></span> <span class='ocrx_word' id='word_1_746' title='bbox 3445 2662 3554 2713; x_wconf 69' lang='grc' dir='ltr'><strong>τίν</strong></span> <span class='ocrx_word' id='word_1_747' title='bbox 3605 2659 3816 2715; x_wconf 79' lang='grc' dir='ltr'><strong>αίῶνα.</strong></span> 
     </span>
    </p>
   </div>
   <div class='ocr_carea' id='block_1_96' title="bbox 2151 2745 3822 2815">
    <p class='ocr_par' dir='ltr' id='par_1_96' title="bbox 2151 2745 3822 2815">
     <span class='ocr_line' id='line_1_97' title="bbox 2151 2745 3822 2815; baseline -0.003 -9"><span class='ocrx_word' id='word_1_748' title='bbox 2151 2750 2261 2806; x_wconf 86' lang='lat' dir='ltr'><strong>Kal</strong></span> <span class='ocrx_word' id='word_1_749' title='bbox 2314 2748 2743 2815; x_wconf 75' lang='grc' dir='ltr'><strong>ἐξαπέστειλεν</strong></span> <span class='ocrx_word' id='word_1_750' title='bbox 2764 2745 2952 2800; x_wconf 86' lang='grc' dir='ltr'><strong>αὑτὸν</strong></span> <span class='ocrx_word' id='word_1_751' title='bbox 2981 2746 3197 2812; x_wconf 81' lang='grc' dir='ltr'><strong>Κύριος</strong></span> <span class='ocrx_word' id='word_1_752' title='bbox 3223 2748 3259 2800; x_wconf 84' lang='grc' dir='ltr'><em>ό</em></span> <span class='ocrx_word' id='word_1_753' title='bbox 3290 2746 3430 2812; x_wconf 59' lang='lat' dir='ltr'><strong><em>Gal;</em></strong></span> <span class='ocrx_word' id='word_1_754' title='bbox 3461 2746 3531 2800; x_wconf 63' lang='grc' dir='ltr'><strong>ἐκ</strong></span> <span class='ocrx_word' id='word_1_755' title='bbox 3556 2746 3666 2801; x_wconf 86' lang='grc' dir='ltr'><strong>τοῦ</strong></span> <span class='ocrx_word' id='word_1_756' title='bbox 3713 2764 3822 2802; x_wconf 72' lang='grc' dir='ltr'><strong>που</strong></span> 
     </span>
    </p>
   </div>
   <div class='ocr_carea' id='block_1_97' title="bbox 2140 2832 3820 2907">
    <p class='ocr_par' dir='ltr' id='par_1_97' title="bbox 2140 2832 3820 2907">
     <span class='ocr_line' id='line_1_98' title="bbox 2140 2832 3820 2907; baseline -0.002 -15"><span class='ocrx_word' id='word_1_757' title='bbox 2140 2837 2453 2907; x_wconf 80' lang='grc' dir='ltr'><strong>ραδείσου.</strong></span> <span class='ocrx_word' id='word_1_758' title='bbox 2499 2835 2610 2889; x_wconf 81' lang='lat' dir='ltr'><strong>Kal</strong></span> <span class='ocrx_word' id='word_1_759' title='bbox 2658 2834 2753 2888; x_wconf 80' lang='grc' dir='ltr'><strong>νῦν</strong></span> <span class='ocrx_word' id='word_1_760' title='bbox 2797 2850 2983 2904; x_wconf 82' lang='grc' dir='ltr'><strong>φησιν,</strong></span> <span class='ocrx_word' id='word_1_761' title='bbox 3023 2833 3177 2889; x_wconf 79' lang='grc' dir='ltr'><strong>Ἰδοὺ</strong></span> <span class='ocrx_word' id='word_1_762' title='bbox 3219 2832 3395 2903; x_wconf 70' lang='grc' dir='ltr'><strong>γένος</strong></span> <span class='ocrx_word' id='word_1_763' title='bbox 3423 2833 3494 2887; x_wconf 78' lang='grc' dir='ltr'><strong>ἐν</strong></span> <span class='ocrx_word' id='word_1_764' title='bbox 3542 2835 3643 2888; x_wconf 76' lang='grc' dir='ltr'><strong>καὶ</strong></span> <span class='ocrx_word' id='word_1_765' title='bbox 3696 2835 3820 2905; x_wconf 66' lang='grc' dir='ltr'><strong>χεῖ.</strong></span> 
     </span>
    </p>
   </div>
   <div class='ocr_carea' id='block_1_98' title="bbox 2148 2920 3831 2993">
    <p class='ocr_par' dir='ltr' id='par_1_98' title="bbox 2148 2920 3831 2993">
     <span class='ocr_line' id='line_1_99' title="bbox 2148 2920 3831 2993; baseline -0.002 -12"><span class='ocrx_word' id='word_1_766' title='bbox 2148 2931 2261 2993; x_wconf 84' lang='grc' dir='ltr'><strong>λος</strong></span> <span class='ocrx_word' id='word_1_767' title='bbox 2303 2925 2375 2980; x_wconf 80' lang='grc' dir='ltr'><strong>ἐν</strong></span> <span class='ocrx_word' id='word_1_768' title='bbox 2401 2924 2663 2986; x_wconf 72' lang='grc' dir='ltr'><strong>πάντων,</strong></span> <span class='ocrx_word' id='word_1_769' title='bbox 2720 2921 2820 2977; x_wconf 79' lang='grc' dir='ltr'><strong>καί</strong></span> <span class='ocrx_word' id='word_1_770' title='bbox 2863 2920 3039 2976; x_wconf 88' lang='grc' dir='ltr'><strong>τοῦτο</strong></span> <span class='ocrx_word' id='word_1_771' title='bbox 3079 2920 3342 2989; x_wconf 73' lang='grc' dir='ltr'><strong>ἤρξαντο</strong></span> <span class='ocrx_word' id='word_1_772' title='bbox 3384 2921 3662 2991; x_wconf 65' lang='grc' dir='ltr'><strong>ποιῆσαν</strong></span> <span class='ocrx_word' id='word_1_773' title='bbox 3716 2925 3831 2978; x_wconf 68' lang='grc' dir='ltr'><strong>και</strong></span> 
     </span>
    </p>
   </div>
   <div class='ocr_carea' id='block_1_99' title="bbox 2149 3008 3817 3086">
    <p class='ocr_par' dir='ltr' id='par_1_99' title="bbox 2149 3008 3817 3086">
     <span class='ocr_line' id='line_1_100' title="bbox 2149 3008 3817 3086; baseline -0.007 -12"><span class='ocrx_word' id='word_1_774' title='bbox 2149 3019 2269 3074; x_wconf 87' lang='grc' dir='ltr'><strong>νῦν</strong></span> <span class='ocrx_word' id='word_1_775' title='bbox 2297 3018 2369 3072; x_wconf 87' lang='grc' dir='ltr'><strong>οὐ</strong></span> <span class='ocrx_word' id='word_1_776' title='bbox 2390 3014 2476 3086; x_wconf 79' lang='grc' dir='ltr'><strong>μὴ</strong></span> <span class='ocrx_word' id='word_1_777' title='bbox 2514 3013 2769 3082; x_wconf 76' lang='grc' dir='ltr'><strong>ἐκλείψῃ</strong></span> <span class='ocrx_word' id='word_1_778' title='bbox 2800 3011 2872 3074; x_wconf 73' lang='grc' dir='ltr'><strong>ἐξ</strong></span> <span class='ocrx_word' id='word_1_779' title='bbox 2914 3008 3113 3065; x_wconf 85' lang='grc' dir='ltr'><strong>αὐτῶν</strong></span> <span class='ocrx_word' id='word_1_780' title='bbox 3160 3010 3356 3064; x_wconf 75' lang='grc' dir='ltr'><strong>πάντα</strong></span> <span class='ocrx_word' id='word_1_781' title='bbox 3381 3050 3396 3073; x_wconf 91' lang='grc'><strong>,</strong></span> <span class='ocrx_word' id='word_1_782' title='bbox 3432 3011 3548 3065; x_wconf 77' lang='grc' dir='ltr'><strong>ὅσα</strong></span> <span class='ocrx_word' id='word_1_783' title='bbox 3594 3010 3817 3065; x_wconf 68' lang='grc' dir='ltr'><strong>ἂνέκι·</strong></span> 
     </span>
    </p>
   </div>
   <div class='ocr_carea' id='block_1_100' title="bbox 2148 3097 3818 3168">
    <p class='ocr_par' dir='ltr' id='par_1_100' title="bbox 2148 3097 3818 3168">
     <span class='ocr_line' id='line_1_101' title="bbox 2148 3097 3818 3168; baseline -0.005 -7"><span class='ocrx_word' id='word_1_784' title='bbox 2148 3104 2361 3161; x_wconf 80' lang='grc' dir='ltr'><strong>θῶνται</strong></span> <span class='ocrx_word' id='word_1_785' title='bbox 2393 3099 2602 3156; x_wconf 80' lang='grc' dir='ltr'><strong>ποιεῖν.</strong></span> <span class='ocrx_word' id='word_1_786' title='bbox 2654 3099 2834 3154; x_wconf 85' lang='grc' dir='ltr'><strong>Δεῦτε</strong></span> <span class='ocrx_word' id='word_1_787' title='bbox 2859 3138 2875 3163; x_wconf 91' lang='grc'><strong>,</strong></span> <span class='ocrx_word' id='word_1_788' title='bbox 2914 3098 3013 3152; x_wconf 82' lang='lat' dir='ltr'><strong><em>zeal</em></strong></span> <span class='ocrx_word' id='word_1_789' title='bbox 3063 3097 3425 3164; x_wconf 79' lang='grc' dir='ltr'><strong>καταϐάντες</strong></span> <span class='ocrx_word' id='word_1_790' title='bbox 3465 3098 3818 3168; x_wconf 78' lang='grc' dir='ltr'><strong>συτχέωμεν</strong></span> 
     </span>
    </p>
   </div>
   <div class='ocr_carea' id='block_1_101' title="bbox 2146 3184 3817 3256">
    <p class='ocr_par' dir='ltr' id='par_1_101' title="bbox 2146 3184 3817 3256">
     <span class='ocr_line' id='line_1_102' title="bbox 2146 3184 3817 3256; baseline -0.005 -7"><span class='ocrx_word' id='word_1_791' title='bbox 2146 3190 2345 3249; x_wconf 79' lang='grc' dir='ltr'><strong>αὐτῶν</strong></span> <span class='ocrx_word' id='word_1_792' title='bbox 2392 3188 2522 3244; x_wconf 85' lang='grc' dir='ltr'><strong>ἐκεῖ</strong></span> <span class='ocrx_word' id='word_1_793' title='bbox 2584 3187 2701 3256; x_wconf 79' lang='grc' dir='ltr'><strong>τὴν</strong></span> <span class='ocrx_word' id='word_1_794' title='bbox 2762 3185 3033 3256; x_wconf 77' lang='grc' dir='ltr'><strong>γλῶτταν</strong></span> <span class='ocrx_word' id='word_1_795' title='bbox 3062 3226 3079 3250; x_wconf 97' lang='grc'><strong>,</strong></span> <span class='ocrx_word' id='word_1_796' title='bbox 3155 3186 3257 3240; x_wconf 76' lang='grc' dir='ltr'><strong>ἵνα</strong></span> <span class='ocrx_word' id='word_1_797' title='bbox 3312 3184 3401 3255; x_wconf 68' lang='grc' dir='ltr'><strong>μὴ</strong></span> <span class='ocrx_word' id='word_1_798' title='bbox 3468 3186 3817 3241; x_wconf 80' lang='grc' dir='ltr'><strong>ἀκούσωσιν</strong></span> 
     </span>
    </p>
   </div>
   <div class='ocr_carea' id='block_1_102' title="bbox 2144 3272 3817 3346">
    <p class='ocr_par' dir='ltr' id='par_1_102' title="bbox 2144 3272 3817 3346">
     <span class='ocr_line' id='line_1_103' title="bbox 2144 3272 3817 3346; baseline -0.005 -11"><span class='ocrx_word' id='word_1_799' title='bbox 2144 3281 2405 3345; x_wconf 76' lang='grc' dir='ltr'><strong>ἕκαστος</strong></span> <span class='ocrx_word' id='word_1_800' title='bbox 2442 3276 2551 3345; x_wconf 76' lang='grc' dir='ltr'><strong>τῆς</strong></span> <span class='ocrx_word' id='word_1_801' title='bbox 2587 3273 2794 3346; x_wconf 69' lang='grc' dir='ltr'><strong>φωνῆς</strong></span> <span class='ocrx_word' id='word_1_802' title='bbox 2830 3273 2937 3328; x_wconf 85' lang='grc' dir='ltr'><strong>τοῦ</strong></span> <span class='ocrx_word' id='word_1_803' title='bbox 2977 3275 3265 3340; x_wconf 76' lang='grc' dir='ltr'><strong>πλησίον.</strong></span> <span class='ocrx_word' id='word_1_804' title='bbox 3322 3272 3465 3343; x_wconf 83' lang='grc' dir='ltr'><strong>Ὅρα</strong></span> <span class='ocrx_word' id='word_1_805' title='bbox 3512 3273 3674 3328; x_wconf 76' lang='grc' dir='ltr'><strong>πάλιν</strong></span> <span class='ocrx_word' id='word_1_806' title='bbox 3706 3275 3817 3327; x_wconf 84' lang='grc' dir='ltr'><strong>τῶν</strong></span> 
     </span>
    </p>
   </div>
   <div class='ocr_carea' id='block_1_103' title="bbox 2144 3356 3814 3435">
    <p class='ocr_par' dir='ltr' id='par_1_103' title="bbox 2144 3356 3814 3435">
     <span class='ocr_line' id='line_1_104' title="bbox 2144 3356 3814 3435; baseline -0.005 -15"><span class='ocrx_word' id='word_1_807' title='bbox 2144 3365 2344 3431; x_wconf 74' lang='grc' dir='ltr'><strong>λέξεων</strong></span> <span class='ocrx_word' id='word_1_808' title='bbox 2380 3363 2478 3435; x_wconf 81' lang='grc' dir='ltr'><strong>τὴν</strong></span> <span class='ocrx_word' id='word_1_809' title='bbox 2539 3359 2963 3431; x_wconf 83' lang='grc' dir='ltr'><strong>συγκατάϐασιν.</strong></span> <span class='ocrx_word' id='word_1_810' title='bbox 3021 3356 3236 3420; x_wconf 82' lang='grc' dir='ltr'><strong>Δεῦτε,</strong></span> <span class='ocrx_word' id='word_1_811' title='bbox 3272 3357 3449 3429; x_wconf 69' lang='grc' dir='ltr'><strong>φησὶ,</strong></span> <span class='ocrx_word' id='word_1_812' title='bbox 3492 3359 3591 3413; x_wconf 86' lang='grc' dir='ltr'><strong>καί</strong></span> <span class='ocrx_word' id='word_1_813' title='bbox 3635 3376 3814 3414; x_wconf 80' lang='grc' dir='ltr'><strong>κατα-</strong></span> 
     </span>
    </p>
   </div>
   <div class='ocr_carea' id='block_1_104' title="bbox 2145 3444 3815 3520">
    <p class='ocr_par' dir='ltr' id='par_1_104' title="bbox 2145 3444 3815 3520">
     <span class='ocr_line' id='line_1_105' title="bbox 2145 3444 3815 3520; baseline -0.007 -12"><span class='ocrx_word' id='word_1_814' title='bbox 2145 3453 2377 3519; x_wconf 80' lang='grc' dir='ltr'><strong>ϐάντες.</strong></span> <span class='ocrx_word' id='word_1_815' title='bbox 2429 3450 2511 3504; x_wconf 84' lang='grc' dir='ltr'><strong>Τί-’</strong></span> <span class='ocrx_word' id='word_1_816' title='bbox 2547 3448 2794 3520; x_wconf 83' lang='grc' dir='ltr'><strong>βούλεται</strong></span> <span class='ocrx_word' id='word_1_817' title='bbox 2837 3444 3011 3501; x_wconf 83' lang='grc' dir='ltr'><strong>ταῦτα</strong></span> <span class='ocrx_word' id='word_1_818' title='bbox 3050 3444 3119 3498; x_wconf 79' lang='grc' dir='ltr'><strong>τὰ</strong></span> <span class='ocrx_word' id='word_1_819' title='bbox 3180 3446 3399 3519; x_wconf 79' lang='grc' dir='ltr'><strong>ῥήματα</strong></span> <span class='ocrx_word' id='word_1_820' title='bbox 3422 3461 3449 3511; x_wconf 55' lang='grc'><strong>;¹</strong></span> <span class='ocrx_word' id='word_1_821' title='bbox 3486 3447 3815 3517; x_wconf 77' lang='grc' dir='ltr'><strong>Συνεργείας</strong></span> 
     </span>
    </p>
   </div>
   <div class='ocr_carea' id='block_1_105' title="bbox 2142 3530 3812 3606">
    <p class='ocr_par' dir='ltr' id='par_1_105' title="bbox 2142 3530 3812 3606">
     <span class='ocr_line' id='line_1_106' title="bbox 2142 3530 3812 3606; baseline -0.007 -12"><span class='ocrx_word' id='word_1_822' title='bbox 2142 3539 2321 3594; x_wconf 81' lang='grc' dir='ltr'><strong>δεῖται</strong></span> <span class='ocrx_word' id='word_1_823' title='bbox 2347 3540 2376 3592; x_wconf 85' lang='grc' dir='ltr'><strong>δ</strong></span> <span class='ocrx_word' id='word_1_824' title='bbox 2413 3536 2688 3606; x_wconf 78' lang='grc' dir='ltr'><strong>Δεσπότης</strong></span> <span class='ocrx_word' id='word_1_825' title='bbox 2724 3532 2864 3606; x_wconf 73' lang='grc' dir='ltr'><strong>πρὸς</strong></span> <span class='ocrx_word' id='word_1_826' title='bbox 2895 3533 2993 3604; x_wconf 87' lang='grc' dir='ltr'><strong>τὴν</strong></span> <span class='ocrx_word' id='word_1_827' title='bbox 3045 3530 3373 3602; x_wconf 81' lang='grc' dir='ltr'><strong>διόρθωσιν;</strong></span> <span class='ocrx_word' id='word_1_828' title='bbox 3418 3531 3553 3586; x_wconf 80' lang='grc' dir='ltr'><strong>ἀλλά</strong></span> <span class='ocrx_word' id='word_1_829' title='bbox 3592 3549 3812 3604; x_wconf 82' lang='grc' dir='ltr'><strong>συμμα-</strong></span> 
     </span>
    </p>
   </div>
   <div class='ocr_carea' id='block_1_106' title="bbox 2143 3619 3810 3699">
    <p class='ocr_par' dir='ltr' id='par_1_106' title="bbox 2143 3619 3810 3699">
     <span class='ocr_line' id='line_1_107' title="bbox 2143 3619 3810 3699; baseline -0.004 -17"><span class='ocrx_word' id='word_1_830' title='bbox 2143 3629 2266 3699; x_wconf 85' lang='grc' dir='ltr'><strong>χίας</strong></span> <span class='ocrx_word' id='word_1_831' title='bbox 2321 3626 2460 3698; x_wconf 84' lang='grc' dir='ltr'><strong>πρδς</strong></span> <span class='ocrx_word' id='word_1_832' title='bbox 2487 3624 2586 3696; x_wconf 81' lang='grc' dir='ltr'><strong>τὴν</strong></span> <span class='ocrx_word' id='word_1_833' title='bbox 2620 3621 2825 3676; x_wconf 88' lang='grc' dir='ltr'><strong>τούτων</strong></span> <span class='ocrx_word' id='word_1_834' title='bbox 2869 3619 3220 3690; x_wconf 81' lang='grc' dir='ltr'><strong>καθαίρεσιν;</strong></span> <span class='ocrx_word' id='word_1_835' title='bbox 3266 3619 3436 3689; x_wconf 44' lang='grc' dir='ltr'><strong>οὐχὶ,</strong></span> <span class='ocrx_word' id='word_1_836' title='bbox 3465 3620 3542 3691; x_wconf 80' lang='grc' dir='ltr'><strong>μή</strong></span> <span class='ocrx_word' id='word_1_837' title='bbox 3575 3621 3810 3689; x_wconf 84' lang='grc' dir='ltr'><strong>γένοιτο.</strong></span> 
     </span>
    </p>
   </div>
   <div class='ocr_carea' id='block_1_107' title="bbox 2134 3704 3806 3783">
    <p class='ocr_par' dir='ltr' id='par_1_107' title="bbox 2134 3704 3806 3783">
     <span class='ocr_line' id='line_1_108' title="bbox 2134 3704 3806 3783; baseline -0.004 -15"><span class='ocrx_word' id='word_1_838' title='bbox 2134 3713 2313 3768; x_wconf 59' lang='grc' dir='ltr'><strong>*Αλλά</strong></span> <span class='ocrx_word' id='word_1_839' title='bbox 2345 3712 2591 3783; x_wconf 87' lang='grc' dir='ltr'><strong>καθάπερ</strong></span> <span class='ocrx_word' id='word_1_840' title='bbox 2628 3711 2730 3783; x_wconf 72' lang='grc' dir='ltr'><strong>ἤδη</strong></span> <span class='ocrx_word' id='word_1_841' title='bbox 2779 3704 2930 3761; x_wconf 72' lang='grc' dir='ltr'><strong>εἶπεν</strong></span> <span class='ocrx_word' id='word_1_842' title='bbox 2962 3710 2996 3779; x_wconf 90' lang='grc' dir='ltr'><strong>ή</strong></span> <span class='ocrx_word' id='word_1_843' title='bbox 3041 3705 3230 3779; x_wconf 82' lang='grc' dir='ltr'><strong>Γραφὴ</strong></span> <span class='ocrx_word' id='word_1_844' title='bbox 3247 3747 3263 3771; x_wconf 91' lang='grc'><strong>,</strong></span> <span class='ocrx_word' id='word_1_845' title='bbox 3299 3707 3528 3774; x_wconf 81' lang='grc' dir='ltr'><strong>Κατέϐη</strong></span> <span class='ocrx_word' id='word_1_846' title='bbox 3565 3709 3806 3777; x_wconf 77' lang='grc' dir='ltr'><strong>Κύριος.</strong></span> 
     </span>
    </p>
   </div>
   <div class='ocr_carea' id='block_1_108' title="bbox 2140 3790 3822 3868">
    <p class='ocr_par' dir='ltr' id='par_1_108' title="bbox 2140 3790 3822 3868">
     <span class='ocr_line' id='line_1_109' title="bbox 2140 3790 3822 3868; baseline -0.003 -18"><span class='ocrx_word' id='word_1_847' title='bbox 2140 3797 2460 3852; x_wconf 86' lang='grc' dir='ltr'><strong>διδάσκουσα</strong></span> <span class='ocrx_word' id='word_1_848' title='bbox 2494 3796 2640 3868; x_wconf 80' lang='grc' dir='ltr'><strong>ἡμᾶς</strong></span> <span class='ocrx_word' id='word_1_849' title='bbox 2666 3793 2755 3847; x_wconf 82' lang='grc' dir='ltr'><strong>διὰ</strong></span> <span class='ocrx_word' id='word_1_850' title='bbox 2781 3791 2990 3853; x_wconf 87' lang='grc' dir='ltr'><strong>τούτου,</strong></span> <span class='ocrx_word' id='word_1_851' title='bbox 3021 3792 3102 3846; x_wconf 86' lang='grc' dir='ltr'><strong>δτι</strong></span> <span class='ocrx_word' id='word_1_852' title='bbox 3132 3790 3283 3860; x_wconf 71' lang='grc' dir='ltr'><strong>μετὰ</strong></span> <span class='ocrx_word' id='word_1_853' title='bbox 3305 3790 3591 3862; x_wconf 81' lang='grc' dir='ltr'><strong>ἀκριϐείας</strong></span> <span class='ocrx_word' id='word_1_854' title='bbox 3618 3792 3822 3845; x_wconf 47' lang='grc' dir='ltr'><strong>αὐτῶν</strong></span> 
     </span>
    </p>
   </div>
   <div class='ocr_carea' id='block_1_109' title="bbox 2140 3877 3803 3955">
    <p class='ocr_par' dir='ltr' id='par_1_109' title="bbox 2140 3877 3803 3955">
     <span class='ocr_line' id='line_1_110' title="bbox 2140 3877 3803 3955; baseline -0.004 -17"><span class='ocrx_word' id='word_1_855' title='bbox 2140 3879 2246 3938; x_wconf 82' lang='grc' dir='ltr'><strong>εἶδε</strong></span> <span class='ocrx_word' id='word_1_856' title='bbox 2273 3884 2371 3955; x_wconf 89' lang='grc' dir='ltr'><strong>τῆς</strong></span> <span class='ocrx_word' id='word_1_857' title='bbox 2391 3882 2587 3946; x_wconf 80' lang='grc' dir='ltr'><strong>κακίας</strong></span> <span class='ocrx_word' id='word_1_858' title='bbox 2616 3881 2714 3951; x_wconf 80' lang='grc' dir='ltr'><strong>τὴν</strong></span> <span class='ocrx_word' id='word_1_859' title='bbox 2739 3878 3060 3953; x_wconf 80' lang='grc' dir='ltr'><strong>ὑπερϐολήν,</strong></span> <span class='ocrx_word' id='word_1_860' title='bbox 3088 3877 3229 3932; x_wconf 72' lang='grc' dir='ltr'><strong>οὕτω</strong></span> <span class='ocrx_word' id='word_1_861' title='bbox 3256 3878 3350 3931; x_wconf 84' lang='lat' dir='ltr'><strong><em>zeal</em></strong></span> <span class='ocrx_word' id='word_1_862' title='bbox 3377 3877 3612 3931; x_wconf 65' lang='grc' dir='ltr'><strong>ἐνταῦθά</strong></span> <span class='ocrx_word' id='word_1_863' title='bbox 3637 3897 3803 3950; x_wconf 81' lang='grc' dir='ltr'><strong>φησι,</strong></span> 
     </span>
    </p>
   </div>
   <div class='ocr_carea' id='block_1_110' title="bbox 2139 3962 3809 4037">
    <p class='ocr_par' dir='ltr' id='par_1_110' title="bbox 2139 3962 3809 4037">
     <span class='ocr_line' id='line_1_111' title="bbox 2139 3962 3809 4037; baseline -0.004 -14"><span class='ocrx_word' id='word_1_864' title='bbox 2139 3970 2335 4034; x_wconf 80' lang='grc' dir='ltr'><strong>Δεῦτε,</strong></span> <span class='ocrx_word' id='word_1_865' title='bbox 2369 3968 2467 4023; x_wconf 82' lang='lat' dir='ltr'><strong><em>zeal</em></strong></span> <span class='ocrx_word' id='word_1_866' title='bbox 2498 3966 2877 4031; x_wconf 81' lang='grc' dir='ltr'><strong>καταϐάντες.</strong></span> <span class='ocrx_word' id='word_1_867' title='bbox 2918 3964 3007 4028; x_wconf 80' lang='grc' dir='ltr'><strong>Ὦς</strong></span> <span class='ocrx_word' id='word_1_868' title='bbox 3049 3964 3186 4037; x_wconf 70' lang='grc' dir='ltr'><strong>πρὸς</strong></span> <span class='ocrx_word' id='word_1_869' title='bbox 3226 3962 3522 4034; x_wconf 81' lang='grc' dir='ltr'><strong>ὁμοτίμους</strong></span> <span class='ocrx_word' id='word_1_870' title='bbox 3561 3963 3620 4016; x_wconf 80' lang='grc' dir='ltr'><strong>δέ</strong></span> <span class='ocrx_word' id='word_1_871' title='bbox 3670 3964 3809 4018; x_wconf 81' lang='grc' dir='ltr'><strong>πάν-</strong></span> 
     </span>
    </p>
   </div>
   <div class='ocr_carea' id='block_1_111' title="bbox 2136 4051 3807 4126">
    <p class='ocr_par' dir='ltr' id='par_1_111' title="bbox 2136 4051 3807 4126">
     <span class='ocr_line' id='line_1_112' title="bbox 2136 4051 3807 4126; baseline -0.004 -14"><span class='ocrx_word' id='word_1_872' title='bbox 2136 4074 2245 4122; x_wconf 87' lang='grc' dir='ltr'><strong>τως</strong></span> <span class='ocrx_word' id='word_1_873' title='bbox 2283 4058 2401 4111; x_wconf 77' lang='grc' dir='ltr'><strong>ἐστὶ</strong></span> <span class='ocrx_word' id='word_1_874' title='bbox 2435 4055 2585 4110; x_wconf 72' lang='grc' dir='ltr'><strong>τουτὶ</strong></span> <span class='ocrx_word' id='word_1_875' title='bbox 2622 4054 2693 4112; x_wconf 73' lang='grc' dir='ltr'><strong>τὸ.</strong></span> <span class='ocrx_word' id='word_1_876' title='bbox 2715 4053 3029 4126; x_wconf 59' lang='grc' dir='ltr'><strong>εἰρημένον</strong></span> <span class='ocrx_word' id='word_1_877' title='bbox 3052 4051 3250 4116; x_wconf 83' lang='grc' dir='ltr'><strong>Δεῦτε,</strong></span> <span class='ocrx_word' id='word_1_878' title='bbox 3297 4051 3395 4105; x_wconf 79' lang='grc' dir='ltr'><strong>καί</strong></span> <span class='ocrx_word' id='word_1_879' title='bbox 3436 4051 3807 4119; x_wconf 79' lang='grc' dir='ltr'><strong>καταϐάντες</strong></span> 
     </span>
    </p>
   </div>
   <div class='ocr_carea' id='block_1_112' title="bbox 2138 4137 3804 4215">
    <p class='ocr_par' dir='ltr' id='par_1_112' title="bbox 2138 4137 3804 4215">
     <span class='ocr_line' id='line_1_113' title="bbox 2138 4137 3804 4215; baseline -0.005 -15"><span class='ocrx_word' id='word_1_880' title='bbox 2138 4144 2487 4215; x_wconf 80' lang='grc' dir='ltr'><strong>συγχέωμεν</strong></span> <span class='ocrx_word' id='word_1_881' title='bbox 2513 4140 2711 4198; x_wconf 78' lang='grc' dir='ltr'><strong>αὐτῶν</strong></span> <span class='ocrx_word' id='word_1_882' title='bbox 2740 4141 2856 4209; x_wconf 82' lang='grc' dir='ltr'><strong>τὴν</strong></span> <span class='ocrx_word' id='word_1_883' title='bbox 2880 4138 3168 4211; x_wconf 78' lang='grc' dir='ltr'><strong>γλῶτταν,</strong></span> <span class='ocrx_word' id='word_1_884' title='bbox 3201 4139 3302 4192; x_wconf 78' lang='grc' dir='ltr'><strong>ἵνα</strong></span> <span class='ocrx_word' id='word_1_885' title='bbox 3327 4137 3414 4208; x_wconf 73' lang='grc' dir='ltr'><strong>μὴ</strong></span> <span class='ocrx_word' id='word_1_886' title='bbox 3445 4139 3804 4193; x_wconf 75' lang='grc' dir='ltr'><strong>ἀκούσωσιν</strong></span> 
     </span>
    </p>
   </div>
   <div class='ocr_carea' id='block_1_113' title="bbox 2135 4226 3805 4300">
    <p class='ocr_par' dir='ltr' id='par_1_113' title="bbox 2135 4226 3805 4300">
     <span class='ocr_line' id='line_1_114' title="bbox 2135 4226 3805 4300; baseline -0.004 -13"><span class='ocrx_word' id='word_1_887' title='bbox 2135 4231 2391 4300; x_wconf 77' lang='grc' dir='ltr'><strong>ἕκαστος</strong></span> <span class='ocrx_word' id='word_1_888' title='bbox 2434 4230 2539 4298; x_wconf 81' lang='grc' dir='ltr'><strong>τῆς</strong></span> <span class='ocrx_word' id='word_1_889' title='bbox 2592 4228 2800 4299; x_wconf 75' lang='grc' dir='ltr'><strong>φωνῆς</strong></span> <span class='ocrx_word' id='word_1_890' title='bbox 2836 4228 2943 4283; x_wconf 86' lang='grc' dir='ltr'><strong>τοῦ</strong></span> <span class='ocrx_word' id='word_1_891' title='bbox 2988 4228 3273 4294; x_wconf 80' lang='grc' dir='ltr'><strong>πλησίον.</strong></span> <span class='ocrx_word' id='word_1_892' title='bbox 3324 4226 3612 4299; x_wconf 83' lang='grc' dir='ltr'><strong>Καθάπερ,</strong></span> <span class='ocrx_word' id='word_1_893' title='bbox 3647 4229 3805 4299; x_wconf 75' lang='grc' dir='ltr'><strong>φησὶ,</strong></span> 
     </span>
    </p>
   </div>
   <div class='ocr_carea' id='block_1_114' title="bbox 2138 4313 3806 4389">
    <p class='ocr_par' dir='ltr' id='par_1_114' title="bbox 2138 4313 3806 4389">
     <span class='ocr_line' id='line_1_115' title="bbox 2138 4313 3806 4389; baseline -0.004 -17"><span class='ocrx_word' id='word_1_894' title='bbox 2138 4318 2336 4389; x_wconf 88' lang='grc' dir='ltr'><strong>στήλην</strong></span> <span class='ocrx_word' id='word_1_895' title='bbox 2386 4316 2509 4372; x_wconf 73' lang='grc' dir='ltr'><strong>τινὰ</strong></span> <span class='ocrx_word' id='word_1_896' title='bbox 2557 4317 2806 4387; x_wconf 82' lang='grc' dir='ltr'><strong>διηνεκῆ,</strong></span> <span class='ocrx_word' id='word_1_897' title='bbox 2850 4315 3107 4385; x_wconf 87' lang='grc' dir='ltr'><strong>τοιαύτην</strong></span> <span class='ocrx_word' id='word_1_898' title='bbox 3142 4314 3323 4377; x_wconf 78' lang='grc' dir='ltr'><strong>αὐτοῖς</strong></span> <span class='ocrx_word' id='word_1_899' title='bbox 3371 4313 3661 4384; x_wconf 83' lang='grc' dir='ltr'><strong>ἐπιτίθημι</strong></span> <span class='ocrx_word' id='word_1_900' title='bbox 3696 4315 3806 4386; x_wconf 76' lang='grc' dir='ltr'><strong>τῆν</strong></span> 
     </span>
    </p>
   </div>
   <div class='ocr_carea' id='block_1_115' title="bbox 2134 4400 3804 4477">
    <p class='ocr_par' dir='ltr' id='par_1_115' title="bbox 2134 4400 3804 4477">
     <span class='ocr_line' id='line_1_116' title="bbox 2134 4400 3804 4477; baseline -0.003 -18"><span class='ocrx_word' id='word_1_901' title='bbox 2134 4404 2425 4477; x_wconf 84' lang='grc' dir='ltr'><strong>τιμωρίαν.</strong></span> <span class='ocrx_word' id='word_1_902' title='bbox 2466 4404 2560 4457; x_wconf 82' lang='lat' dir='ltr'><strong><em>zeal</em></strong></span> <span class='ocrx_word' id='word_1_903' title='bbox 2591 4402 2678 4456; x_wconf 83' lang='grc' dir='ltr'><strong>ἵνα</strong></span> <span class='ocrx_word' id='word_1_904' title='bbox 2717 4402 2879 4455; x_wconf 73' lang='grc' dir='ltr'><strong>παντὶ</strong></span> <span class='ocrx_word' id='word_1_905' title='bbox 2913 4400 2992 4470; x_wconf 81' lang='grc' dir='ltr'><strong>τῷ</strong></span> <span class='ocrx_word' id='word_1_906' title='bbox 3037 4400 3192 4454; x_wconf 83' lang='grc' dir='ltr'><strong>αἰῶνι</strong></span> <span class='ocrx_word' id='word_1_907' title='bbox 3230 4400 3804 4472; x_wconf 83' lang='grc' dir='ltr'><strong>συμπαρεκτείνηται,</strong></span> 
     </span>
    </p>
   </div>
   <div class='ocr_carea' id='block_1_116' title="bbox 2134 4485 3804 4561">
    <p class='ocr_par' dir='ltr' id='par_1_116' title="bbox 2134 4485 3804 4561">
     <span class='ocr_line' id='line_1_117' title="bbox 2134 4485 3804 4561; baseline -0.002 -17"><span class='ocrx_word' id='word_1_908' title='bbox 2134 4489 2229 4545; x_wconf 88' lang='lat' dir='ltr'><strong><em>zeal</em></strong></span> <span class='ocrx_word' id='word_1_909' title='bbox 2260 4489 2447 4561; x_wconf 75' lang='grc' dir='ltr'><strong>μηδεὶς</strong></span> <span class='ocrx_word' id='word_1_910' title='bbox 2474 4487 2660 4558; x_wconf 79' lang='grc' dir='ltr'><strong>χρόνος</strong></span> <span class='ocrx_word' id='word_1_911' title='bbox 2691 4487 2859 4558; x_wconf 81' lang='grc' dir='ltr'><strong>λήθην</strong></span> <span class='ocrx_word' id='word_1_912' title='bbox 2885 4486 3064 4549; x_wconf 83' lang='grc' dir='ltr'><strong>αὐτοῖς</strong></span> <span class='ocrx_word' id='word_1_913' title='bbox 3095 4486 3395 4557; x_wconf 82' lang='grc' dir='ltr'><strong>ἐμποιήσῃ.</strong></span> <span class='ocrx_word' id='word_1_914' title='bbox 3436 4485 3654 4557; x_wconf 79' lang='grc' dir='ltr'><strong>Ἐπειδὴ</strong></span> <span class='ocrx_word' id='word_1_915' title='bbox 3684 4487 3804 4559; x_wconf 75' lang='grc' dir='ltr'><strong>γὰρ</strong></span> 
     </span>
    </p>
   </div>
   <div class='ocr_carea' id='block_1_117' title="bbox 2132 4571 3805 4645">
    <p class='ocr_par' dir='ltr' id='par_1_117' title="bbox 2132 4571 3805 4645">
     <span class='ocr_line' id='line_1_118' title="bbox 2132 4571 3805 4645; baseline -0.004 -14"><span class='ocrx_word' id='word_1_916' title='bbox 2132 4577 2194 4632; x_wconf 85' lang='grc' dir='ltr'><strong>οὐ</strong></span> <span class='ocrx_word' id='word_1_917' title='bbox 2226 4575 2452 4638; x_wconf 84' lang='grc' dir='ltr'><strong>δεόντως</strong></span> <span class='ocrx_word' id='word_1_918' title='bbox 2480 4574 2781 4645; x_wconf 85' lang='grc' dir='ltr'><strong>ἐχρήσαντο</strong></span> <span class='ocrx_word' id='word_1_919' title='bbox 2825 4575 2892 4643; x_wconf 76' lang='grc' dir='ltr'><strong>τῇ</strong></span> <span class='ocrx_word' id='word_1_920' title='bbox 2920 4571 3218 4643; x_wconf 78' lang='grc' dir='ltr'><strong>ὁμοφωνίᾳ,</strong></span> <span class='ocrx_word' id='word_1_921' title='bbox 3266 4572 3353 4625; x_wconf 86' lang='grc' dir='ltr'><strong>διά</strong></span> <span class='ocrx_word' id='word_1_922' title='bbox 3383 4571 3483 4645; x_wconf 84' lang='grc' dir='ltr'><strong>τῆς</strong></span> <span class='ocrx_word' id='word_1_923' title='bbox 3529 4573 3805 4645; x_wconf 78' lang='grc' dir='ltr'><strong>ἑτεροφω-</strong></span> 
     </span>
    </p>
   </div>
   <div class='ocr_carea' id='block_1_118' title="bbox 2131 4644 3805 4731">
    <p class='ocr_par' dir='ltr' id='par_1_118' title="bbox 2131 4644 3805 4731">
     <span class='ocr_line' id='line_1_119' title="bbox 2131 4644 3805 4731; baseline -0.002 -14"><span class='ocrx_word' id='word_1_924' title='bbox 2131 4664 2252 4727; x_wconf 88' lang='grc' dir='ltr'><strong>νίας</strong></span> <span class='ocrx_word' id='word_1_925' title='bbox 2295 4661 2491 4723; x_wconf 78' lang='grc' dir='ltr'><strong>αὐτοὺς</strong></span> <span class='ocrx_word' id='word_1_926' title='bbox 2532 4644 2963 4731; x_wconf 76' lang='grc' dir='ltr'><strong>σωφρονισθῆναι</strong></span> <span class='ocrx_word' id='word_1_927' title='bbox 3010 4658 3286 4731; x_wconf 90' lang='grc' dir='ltr'><strong>βούλομαι.</strong></span> <span class='ocrx_word' id='word_1_928' title='bbox 3326 4644 3591 4730; x_wconf 45' lang='grc' dir='ltr'><strong>Καλίγάρ</strong></span> <span class='ocrx_word' id='word_1_929' title='bbox 3625 4660 3805 4725; x_wconf 81' lang='grc' dir='ltr'><strong>οὕτως</strong></span> 
     </span>
    </p>
   </div>
   <div class='ocr_carea' id='block_1_119' title="bbox 2131 4745 3805 4817">
    <p class='ocr_par' dir='ltr' id='par_1_119' title="bbox 2131 4745 3805 4817">
     <span class='ocr_line' id='line_1_120' title="bbox 2131 4745 3805 4817; baseline -0.002 -13"><span class='ocrx_word' id='word_1_930' title='bbox 2131 4751 2387 4804; x_wconf 80' lang='grc' dir='ltr'><strong>ἑκάστοτε</strong></span> <span class='ocrx_word' id='word_1_931' title='bbox 2422 4745 2580 4800; x_wconf 82' lang='grc' dir='ltr'><strong>εἴωθε</strong></span> <span class='ocrx_word' id='word_1_932' title='bbox 2613 4748 2787 4800; x_wconf 84' lang='grc' dir='ltr'><strong>ποιεῖν</strong></span> <span class='ocrx_word' id='word_1_933' title='bbox 2813 4747 2844 4799; x_wconf 87' lang='grc' dir='ltr'>ὁ</span> <span class='ocrx_word' id='word_1_934' title='bbox 2875 4746 3169 4817; x_wconf 77' lang='grc' dir='ltr'><strong>Δεσπστης.</strong></span> <span class='ocrx_word' id='word_1_935' title='bbox 3197 4746 3366 4800; x_wconf 79' lang='grc' dir='ltr'><strong>Τοῦτο</strong></span> <span class='ocrx_word' id='word_1_936' title='bbox 3402 4746 3460 4813; x_wconf 84' lang='grc' dir='ltr'><strong>ἐξ</strong></span> <span class='ocrx_word' id='word_1_937' title='bbox 3490 4747 3663 4817; x_wconf 77' lang='grc' dir='ltr'><strong>ἀρχῆς</strong></span> <span class='ocrx_word' id='word_1_938' title='bbox 3705 4751 3805 4802; x_wconf 66' lang='grc' dir='ltr'><strong>καὶ</strong></span> 
     </span>
    </p>
   </div>
   <div class='ocr_carea' id='block_1_120' title="bbox 2130 4833 3801 4908">
    <p class='ocr_par' dir='ltr' id='par_1_120' title="bbox 2130 4833 3801 4908">
     <span class='ocr_line' id='line_1_121' title="bbox 2130 4833 3801 4908; baseline -0.002 -17"><span class='ocrx_word' id='word_1_939' title='bbox 2130 4838 2222 4892; x_wconf 73' lang='grc' dir='ltr'><strong>ἐπὶ</strong></span> <span class='ocrx_word' id='word_1_940' title='bbox 2251 4838 2351 4908; x_wconf 78' lang='grc' dir='ltr'><strong>τῆς</strong></span> <span class='ocrx_word' id='word_1_941' title='bbox 2379 4835 2635 4905; x_wconf 85' lang='grc' dir='ltr'><strong>γυναικὸς</strong></span> <span class='ocrx_word' id='word_1_942' title='bbox 2668 4834 2951 4905; x_wconf 79' lang='grc' dir='ltr'><strong>ἐποίησενο</strong></span> <span class='ocrx_word' id='word_1_943' title='bbox 2989 4835 3090 4888; x_wconf 84' lang='grc' dir='ltr'><strong>ούκ</strong></span> <span class='ocrx_word' id='word_1_944' title='bbox 3133 4835 3215 4898; x_wconf 88' lang='grc' dir='ltr'><strong>εἰς</strong></span> <span class='ocrx_word' id='word_1_945' title='bbox 3257 4833 3377 4887; x_wconf 90' lang='grc' dir='ltr'><strong>δέον</strong></span> <span class='ocrx_word' id='word_1_946' title='bbox 3412 4835 3685 4906; x_wconf 85' lang='grc' dir='ltr'><strong>ἐχρήσατο</strong></span> <span class='ocrx_word' id='word_1_947' title='bbox 3729 4838 3801 4906; x_wconf 78' lang='grc' dir='ltr'><strong>τῇ</strong></span> 
     </span>
    </p>
   </div>
   <div class='ocr_carea' id='block_1_121' title="bbox 2127 4918 3800 4996">
    <p class='ocr_par' dir='ltr' id='par_1_121' title="bbox 2127 4918 3800 4996">
     <span class='ocr_line' id='line_1_122' title="bbox 2127 4918 3800 4996; baseline -0.002 -18"><span class='ocrx_word' id='word_1_948' title='bbox 2127 4923 2339 4996; x_wconf 79' lang='grc' dir='ltr'><strong>δοθείσῃ</strong></span> <span class='ocrx_word' id='word_1_949' title='bbox 2370 4924 2524 4994; x_wconf 79' lang='grc' dir='ltr'><strong>τιμῇ,</strong></span> <span class='ocrx_word' id='word_1_950' title='bbox 2560 4921 2655 4975; x_wconf 88' lang='lat' dir='ltr'><strong><em>zeal</em></strong></span> <span class='ocrx_word' id='word_1_951' title='bbox 2683 4920 2769 4975; x_wconf 89' lang='grc' dir='ltr'><strong>διά</strong></span> <span class='ocrx_word' id='word_1_952' title='bbox 2802 4922 2959 4976; x_wconf 79' lang='grc' dir='ltr'><strong>τοῦτο</strong></span> <span class='ocrx_word' id='word_1_953' title='bbox 3006 4920 3266 4985; x_wconf 80' lang='grc' dir='ltr'><strong>ὑπέταξεν</strong></span> <span class='ocrx_word' id='word_1_954' title='bbox 3307 4919 3479 4991; x_wconf 77' lang='grc' dir='ltr'><strong>αὐτὴν</strong></span> <span class='ocrx_word' id='word_1_955' title='bbox 3507 4918 3585 4989; x_wconf 81' lang='grc' dir='ltr'><strong>τῷ</strong></span> <span class='ocrx_word' id='word_1_956' title='bbox 3615 4920 3800 4990; x_wconf 83' lang='grc' dir='ltr'><strong>ἀνδρί.</strong></span> 
     </span>
    </p>
   </div>
   <div class='ocr_carea' id='block_1_122' title="bbox 2130 5006 3803 5079">
    <p class='ocr_par' dir='ltr' id='par_1_122' title="bbox 2130 5006 3803 5079">
     <span class='ocr_line' id='line_1_123' title="bbox 2130 5006 3803 5079; baseline -0.002 -17"><span class='ocrx_word' id='word_1_957' title='bbox 2130 5009 2239 5064; x_wconf 84' lang='lat' dir='ltr'><strong>Kal</strong></span> <span class='ocrx_word' id='word_1_958' title='bbox 2277 5009 2437 5063; x_wconf 85' lang='grc' dir='ltr'><strong>πάλιν</strong></span> <span class='ocrx_word' id='word_1_959' title='bbox 2488 5009 2583 5062; x_wconf 80' lang='grc' dir='ltr'><strong>ἐπὶ</strong></span> <span class='ocrx_word' id='word_1_960' title='bbox 2613 5008 2708 5063; x_wconf 79' lang='grc' dir='ltr'><strong>τοῦ</strong></span> <span class='ocrx_word' id='word_1_961' title='bbox 2743 5009 2944 5079; x_wconf 81' lang='grc' dir='ltr'><strong>Ἀδὰμ,</strong></span> <span class='ocrx_word' id='word_1_962' title='bbox 2986 5007 3172 5079; x_wconf 78' lang='grc' dir='ltr'><strong>ἐπειδὴ</strong></span> <span class='ocrx_word' id='word_1_963' title='bbox 3220 5007 3296 5079; x_wconf 83' lang='grc' dir='ltr'><strong>μὴ</strong></span> <span class='ocrx_word' id='word_1_964' title='bbox 3342 5006 3598 5078; x_wconf 81' lang='grc' dir='ltr'><strong>ἐκέρδανέ</strong></span> <span class='ocrx_word' id='word_1_965' title='bbox 3643 5024 3698 5059; x_wconf 89' lang='grc' dir='ltr'><strong>τι</strong></span> <span class='ocrx_word' id='word_1_966' title='bbox 3732 5008 3803 5060; x_wconf 82' lang='grc' dir='ltr'><strong>ἐκ</strong></span> 
     </span>
    </p>
   </div>
   <div class='ocr_carea' id='block_1_123' title="bbox 2126 5093 3799 5168">
    <p class='ocr_par' dir='ltr' id='par_1_123' title="bbox 2126 5093 3799 5168">
     <span class='ocr_line' id='line_1_124' title="bbox 2126 5093 3799 5168; baseline -0.002 -17"><span class='ocrx_word' id='word_1_967' title='bbox 2126 5096 2226 5168; x_wconf 87' lang='grc' dir='ltr'><strong>τῆς</strong></span> <span class='ocrx_word' id='word_1_968' title='bbox 2253 5096 2453 5167; x_wconf 83' lang='grc' dir='ltr'><strong>πολλῆς</strong></span> <span class='ocrx_word' id='word_1_969' title='bbox 2481 5096 2737 5163; x_wconf 86' lang='grc' dir='ltr'><strong>ἀνέσεως,</strong></span> <span class='ocrx_word' id='word_1_970' title='bbox 2764 5098 2859 5151; x_wconf 86' lang='lat' dir='ltr'><strong><em>zeal</em></strong></span> <span class='ocrx_word' id='word_1_971' title='bbox 2889 5097 2989 5168; x_wconf 88' lang='grc' dir='ltr'><strong>τῆς</strong></span> <span class='ocrx_word' id='word_1_972' title='bbox 3012 5098 3072 5149; x_wconf 85' lang='grc' dir='ltr'><strong>έν</strong></span> <span class='ocrx_word' id='word_1_973' title='bbox 3101 5095 3179 5166; x_wconf 82' lang='grc' dir='ltr'><strong>τῷ</strong></span> <span class='ocrx_word' id='word_1_974' title='bbox 3211 5094 3527 5167; x_wconf 77' lang='grc' dir='ltr'><strong>παραδείσῳ</strong></span> <span class='ocrx_word' id='word_1_975' title='bbox 3554 5093 3799 5165; x_wconf 85' lang='grc' dir='ltr'><strong>διαίτης,</strong></span> 
     </span>
    </p>
   </div>
   <div class='ocr_carea' id='block_1_124' title="bbox 2126 5181 3802 5257">
    <p class='ocr_par' dir='ltr' id='par_1_124' title="bbox 2126 5181 3802 5257">
     <span class='ocr_line' id='line_1_125' title="bbox 2126 5181 3802 5257; baseline -0.001 -21"><span class='ocrx_word' id='word_1_976' title='bbox 2126 5182 2260 5238; x_wconf 84' lang='grc' dir='ltr'><strong>ἀλλὰ</strong></span> <span class='ocrx_word' id='word_1_977' title='bbox 2297 5183 2386 5239; x_wconf 84' lang='grc' dir='ltr'><strong>διὰ</strong></span> <span class='ocrx_word' id='word_1_978' title='bbox 2435 5184 2538 5255; x_wconf 88' lang='grc' dir='ltr'><strong>τῆς</strong></span> <span class='ocrx_word' id='word_1_979' title='bbox 2568 5184 2930 5257; x_wconf 80' lang='grc' dir='ltr'><strong>παραϐάσεως</strong></span> <span class='ocrx_word' id='word_1_980' title='bbox 2966 5183 3045 5254; x_wconf 77' lang='grc' dir='ltr'><strong>τῷ</strong></span> <span class='ocrx_word' id='word_1_981' title='bbox 3092 5182 3354 5253; x_wconf 83' lang='grc' dir='ltr'><strong>ἐπιτιμίῳ</strong></span> <span class='ocrx_word' id='word_1_982' title='bbox 3398 5181 3589 5235; x_wconf 78' lang='grc' dir='ltr'><strong>ἐαυτὸν</strong></span> <span class='ocrx_word' id='word_1_983' title='bbox 3620 5181 3802 5234; x_wconf 62' lang='grc' dir='ltr'><strong>ὑπεύ-</strong></span> 
     </span>
    </p>
   </div>
   <div class='ocr_carea' id='block_1_125' title="bbox 2125 5266 3798 5343">
    <p class='ocr_par' dir='ltr' id='par_1_125' title="bbox 2125 5266 3798 5343">
     <span class='ocr_line' id='line_1_126' title="bbox 2125 5266 3798 5343; baseline -0.003 -18"><span class='ocrx_word' id='word_1_984' title='bbox 2125 5269 2285 5325; x_wconf 89' lang='grc' dir='ltr'><strong>θυνον</strong></span> <span class='ocrx_word' id='word_1_985' title='bbox 2317 5271 2668 5343; x_wconf 77' lang='grc' dir='ltr'><strong>κατέστησεν,</strong></span> <span class='ocrx_word' id='word_1_986' title='bbox 2715 5271 2935 5339; x_wconf 80' lang='grc' dir='ltr'><strong>ἐξέϐαλε</strong></span> <span class='ocrx_word' id='word_1_987' title='bbox 2982 5269 3146 5325; x_wconf 70' lang='grc' dir='ltr'><strong>αὐτὸν</strong></span> <span class='ocrx_word' id='word_1_988' title='bbox 3192 5270 3257 5323; x_wconf 88' lang='grc' dir='ltr'><strong>ἐκ</strong></span> <span class='ocrx_word' id='word_1_989' title='bbox 3294 5266 3388 5322; x_wconf 81' lang='grc' dir='ltr'><strong>τοῦ</strong></span> <span class='ocrx_word' id='word_1_990' title='bbox 3436 5267 3798 5339; x_wconf 83' lang='grc' dir='ltr'><strong>παραδείσου,</strong></span> 
     </span>
    </p>
   </div>
   <div class='ocr_carea' id='block_1_126' title="bbox 2126 5353 3797 5430">
    <p class='ocr_par' dir='ltr' id='par_1_126' title="bbox 2126 5353 3797 5430">
     <span class='ocr_line' id='line_1_127' title="bbox 2126 5353 3797 5430; baseline -0.003 -19"><span class='ocrx_word' id='word_1_991' title='bbox 2126 5357 2222 5412; x_wconf 91' lang='lat' dir='ltr'><strong><em>zeal</em></strong></span> <span class='ocrx_word' id='word_1_992' title='bbox 2268 5357 2368 5430; x_wconf 78' lang='grc' dir='ltr'><strong>τὴν</strong></span> <span class='ocrx_word' id='word_1_993' title='bbox 2430 5357 2704 5429; x_wconf 86' lang='grc' dir='ltr'><strong>τιμωρίαν</strong></span> <span class='ocrx_word' id='word_1_994' title='bbox 2772 5357 2923 5429; x_wconf 84' lang='grc' dir='ltr'><strong>αύτῷ</strong></span> <span class='ocrx_word' id='word_1_995' title='bbox 2973 5356 3210 5428; x_wconf 81' lang='grc' dir='ltr'><strong>ἐπέθηκε</strong></span> <span class='ocrx_word' id='word_1_996' title='bbox 3260 5353 3517 5425; x_wconf 81' lang='grc' dir='ltr'><strong>διηνεκῆ,</strong></span> <span class='ocrx_word' id='word_1_997' title='bbox 3572 5353 3756 5423; x_wconf 77' lang='grc' dir='ltr'><strong>λέγων</strong></span> <span class='ocrx_word' id='word_1_998' title='bbox 3780 5371 3797 5385; x_wconf 91' lang='grc'>·</span> 
     </span>
    </p>
   </div>
   <div class='ocr_carea' id='block_1_127' title="bbox 2137 5439 3801 5514">
    <p class='ocr_par' dir='ltr' id='par_1_127' title="bbox 2137 5439 3801 5514">
     <span class='ocr_line' id='line_1_128' title="bbox 2137 5439 3801 5514; baseline -0.002 -14"><span class='ocrx_word' id='word_1_999' title='bbox 2137 5443 2416 5511; x_wconf 80' lang='grc' dir='ltr'><strong>Ἆκάνθας</strong></span> <span class='ocrx_word' id='word_1_1000' title='bbox 2471 5444 2568 5498; x_wconf 80' lang='lat' dir='ltr'><strong><em>zeal</em></strong></span> <span class='ocrx_word' id='word_1_1001' title='bbox 2618 5445 2928 5514; x_wconf 82' lang='grc' dir='ltr'><strong>τριϐόλους</strong></span> <span class='ocrx_word' id='word_1_1002' title='bbox 2974 5442 3257 5500; x_wconf 81' lang='grc' dir='ltr'><strong>ἀνατελεῖ</strong></span> <span class='ocrx_word' id='word_1_1003' title='bbox 3301 5456 3407 5497; x_wconf 83' lang='grc' dir='ltr'><strong>σοι</strong></span> <span class='ocrx_word' id='word_1_1004' title='bbox 3446 5443 3486 5510; x_wconf 81' lang='grc' dir='ltr'><strong><em>ἠ</em></strong></span> <span class='ocrx_word' id='word_1_1005' title='bbox 3532 5439 3641 5510; x_wconf 66' lang='grc' dir='ltr'><strong>τῆ.</strong></span> <span class='ocrx_word' id='word_1_1006' title='bbox 3680 5442 3801 5497; x_wconf 67' lang='grc' dir='ltr'><strong>Καὶ</strong></span> 
     </span>
    </p>
   </div>
   <div class='ocr_carea' id='block_1_128' title="bbox 2123 5526 3800 5604">
    <p class='ocr_par' dir='ltr' id='par_1_128' title="bbox 2123 5526 3800 5604">
     <span class='ocr_line' id='line_1_129' title="bbox 2123 5526 3800 5604; baseline -0.003 -17"><span class='ocrx_word' id='word_1_1007' title='bbox 2123 5526 2265 5587; x_wconf 71' lang='grc' dir='ltr'><strong>οὗτοι</strong></span> <span class='ocrx_word' id='word_1_1008' title='bbox 2296 5532 2472 5585; x_wconf 90' lang='grc' dir='ltr'><strong>τοίνυν</strong></span> <span class='ocrx_word' id='word_1_1009' title='bbox 2510 5532 2696 5603; x_wconf 78' lang='grc' dir='ltr'><strong>ἐπειδὴ</strong></span> <span class='ocrx_word' id='word_1_1010' title='bbox 2739 5532 3058 5604; x_wconf 86' lang='grc' dir='ltr'><strong>τιμηθέντες</strong></span> <span class='ocrx_word' id='word_1_1011' title='bbox 3104 5533 3170 5604; x_wconf 76' lang='grc' dir='ltr'><strong>τῇ</strong></span> <span class='ocrx_word' id='word_1_1012' title='bbox 3219 5528 3521 5600; x_wconf 74' lang='grc' dir='ltr'><strong>ὁμοφωνίᾳ,</strong></span> <span class='ocrx_word' id='word_1_1013' title='bbox 3564 5529 3646 5590; x_wconf 90' lang='grc' dir='ltr'><strong>εἰς</strong></span> <span class='ocrx_word' id='word_1_1014' title='bbox 3690 5546 3800 5582; x_wconf 77' lang='grc' dir='ltr'><strong>κα-</strong></span> 
     </span>
    </p>
   </div>
   <div class='ocr_carea' id='block_1_129' title="bbox 2124 5616 3797 5693">
    <p class='ocr_par' dir='ltr' id='par_1_129' title="bbox 2124 5616 3797 5693">
     <span class='ocr_line' id='line_1_130' title="bbox 2124 5616 3797 5693; baseline -0.004 -20"><span class='ocrx_word' id='word_1_1015' title='bbox 2124 5617 2247 5674; x_wconf 88' lang='grc' dir='ltr'><strong>κίαν</strong></span> <span class='ocrx_word' id='word_1_1016' title='bbox 2288 5617 2438 5691; x_wconf 79' lang='grc'><strong>[500]</strong></span> <span class='ocrx_word' id='word_1_1017' title='bbox 2474 5620 2772 5690; x_wconf 80' lang='grc' dir='ltr'><strong>ἐχρήσαντο</strong></span> <span class='ocrx_word' id='word_1_1018' title='bbox 2802 5623 2867 5689; x_wconf 76' lang='grc' dir='ltr'><strong>τῇ</strong></span> <span class='ocrx_word' id='word_1_1019' title='bbox 2917 5620 3131 5693; x_wconf 77' lang='grc' dir='ltr'><strong>δοθείσῃ</strong></span> <span class='ocrx_word' id='word_1_1020' title='bbox 3159 5621 3315 5690; x_wconf 83' lang='grc' dir='ltr'><strong>τιμῇ,</strong></span> <span class='ocrx_word' id='word_1_1021' title='bbox 3342 5617 3429 5671; x_wconf 76' lang='grc' dir='ltr'><strong>διὰ</strong></span> <span class='ocrx_word' id='word_1_1022' title='bbox 3477 5618 3581 5685; x_wconf 67' lang='grc' dir='ltr'><strong>τῆς</strong></span> <span class='ocrx_word' id='word_1_1023' title='bbox 3604 5616 3797 5685; x_wconf 58' lang='grc' dir='ltr'><strong>ἑτερο-</strong></span> 
     </span>
    </p>
   </div>
   <div class='ocr_carea' id='block_1_130' title="bbox 2125 5701 3799 5777">
    <p class='ocr_par' dir='ltr' id='par_1_130' title="bbox 2125 5701 3799 5777">
     <span class='ocr_line' id='line_1_131' title="bbox 2125 5701 3799 5777; baseline -0.003 -19"><span class='ocrx_word' id='word_1_1024' title='bbox 2125 5706 2327 5776; x_wconf 85' lang='grc' dir='ltr'><strong>φωνίας</strong></span> <span class='ocrx_word' id='word_1_1025' title='bbox 2363 5707 2571 5775; x_wconf 78' lang='grc' dir='ltr'><strong>ἵστησιν</strong></span> <span class='ocrx_word' id='word_1_1026' title='bbox 2595 5707 2772 5760; x_wconf 79' lang='grc' dir='ltr'><strong>αὐτῶν</strong></span> <span class='ocrx_word' id='word_1_1027' title='bbox 2802 5708 2898 5777; x_wconf 79' lang='grc' dir='ltr'><strong>τῆς</strong></span> <span class='ocrx_word' id='word_1_1028' title='bbox 2924 5708 3119 5771; x_wconf 77' lang='grc' dir='ltr'><strong>κακίας</strong></span> <span class='ocrx_word' id='word_1_1029' title='bbox 3155 5706 3252 5777; x_wconf 80' lang='grc' dir='ltr'><strong>τὴν</strong></span> <span class='ocrx_word' id='word_1_1030' title='bbox 3283 5705 3473 5775; x_wconf 79' lang='grc' dir='ltr'><strong>φοράν.</strong></span> <span class='ocrx_word' id='word_1_1031' title='bbox 3500 5701 3605 5756; x_wconf 86' lang='lat' dir='ltr'><strong>Kal</strong></span> <span class='ocrx_word' id='word_1_1032' title='bbox 3638 5720 3799 5768; x_wconf 71' lang='grc' dir='ltr'><strong>συγ-</strong></span> 
     </span>
    </p>
   </div>
   <div class='ocr_carea' id='block_1_131' title="bbox 2124 5779 3793 5853">
    <p class='ocr_par' dir='ltr' id='par_1_131' title="bbox 2124 5779 3793 5853">
     <span class='ocr_line' id='line_1_132' title="bbox 2124 5779 3793 5853; baseline -0.002 -17"><span class='ocrx_word' id='word_1_1033' title='bbox 2124 5782 2350 5853; x_wconf 72' lang='grc' dir='ltr'><strong>χέωμεν</strong></span> <span class='ocrx_word' id='word_1_1034' title='bbox 2384 5784 2600 5849; x_wconf 80' lang='grc' dir='ltr'><strong>αὐτῶν,</strong></span> <span class='ocrx_word' id='word_1_1035' title='bbox 2649 5786 2801 5853; x_wconf 72' lang='grc' dir='ltr'><strong>φησὶ,</strong></span> <span class='ocrx_word' id='word_1_1036' title='bbox 2847 5786 2959 5850; x_wconf 74' lang='grc' dir='ltr'><strong>τὴν</strong></span> <span class='ocrx_word' id='word_1_1037' title='bbox 3012 5784 3300 5853; x_wconf 72' lang='grc' dir='ltr'><strong>γλῶτταν,</strong></span> <span class='ocrx_word' id='word_1_1038' title='bbox 3336 5783 3437 5836; x_wconf 77' lang='grc' dir='ltr'><strong>ἵνα</strong></span> <span class='ocrx_word' id='word_1_1039' title='bbox 3468 5779 3553 5850; x_wconf 78' lang='grc' dir='ltr'><strong>μὴ</strong></span> <span class='ocrx_word' id='word_1_1040' title='bbox 3601 5780 3793 5833; x_wconf 72' lang='grc' dir='ltr'><strong>ἀκού-</strong></span> 
     </span>
    </p>
   </div>
   <div class='ocr_carea' id='block_1_132' title="bbox 2124 5855 3797 5932">
    <p class='ocr_par' dir='ltr' id='par_1_132' title="bbox 2124 5855 3797 5932">
     <span class='ocr_line' id='line_1_133' title="bbox 2124 5855 3797 5932; baseline -0.001 -19"><span class='ocrx_word' id='word_1_1041' title='bbox 2124 5872 2319 5915; x_wconf 84' lang='grc' dir='ltr'><strong>σωσιν</strong></span> <span class='ocrx_word' id='word_1_1042' title='bbox 2352 5858 2607 5929; x_wconf 76' lang='grc' dir='ltr'><strong>ἕκαστος</strong></span> <span class='ocrx_word' id='word_1_1043' title='bbox 2639 5860 2740 5931; x_wconf 84' lang='grc' dir='ltr'><strong>τῆς</strong></span> <span class='ocrx_word' id='word_1_1044' title='bbox 2779 5862 2982 5932; x_wconf 72' lang='grc' dir='ltr'><strong>φωνῆς</strong></span> <span class='ocrx_word' id='word_1_1045' title='bbox 3020 5862 3123 5916; x_wconf 89' lang='grc' dir='ltr'><strong>τοῦ</strong></span> <span class='ocrx_word' id='word_1_1046' title='bbox 3150 5862 3445 5931; x_wconf 77' lang='grc' dir='ltr'><strong>πλησίον·</strong></span> <span class='ocrx_word' id='word_1_1047' title='bbox 3485 5859 3572 5914; x_wconf 63' lang='lat' dir='ltr'><strong>[va</strong></span> <span class='ocrx_word' id='word_1_1048' title='bbox 3596 5855 3797 5930; x_wconf 76' lang='grc' dir='ltr'><strong>ὥσπερ</strong></span> 
     </span>
    </p>
   </div>
  </div>
