4102 6204
458 317 561 373 9.77

451 431 593 486 cavit
635 436 848 486 sanctos
887 435 942 482 et
980 426 1185 490 viduas,
1229 433 1284 480 et
1321 421 1552 479 reddidit
1580 436 1702 478 eam
1728 421 1924 475 vivam.
1972 420 2028 474 Si

454 521 768 577 memoriam
790 519 1004 590 qureris,
1034 519 1080 572 si
1104 531 1283 572 veram
1312 514 1534 585 gloriam
1556 527 1726 578 amas,
1755 511 1893 565 hanc
1919 509 2037 564 imi-

455 625 599 678 tare,
631 613 763 668 tales
788 611 978 666 domus
1001 619 1218 664 exstrue
1240 648 1254 672 ,
1286 607 1395 661 noli
1435 613 1681 674 sumplus
1713 611 1831 658 tuos
1861 599 2033 656 inani-

455 707 613 762 matis
646 703 974 775 impendere,
1003 701 1096 756 sed
1123 716 1246 756 cum
1276 699 1383 754 illis
1409 697 1498 768 qui
1523 695 1762 766 ejusdem
1792 701 1914 747 sunt
1941 707 2037 762 ge-

455 798 601 852 neris
651 793 1069 850 titisericordiam
1121 791 1298 848 facito.
1356 789 1480 844 Haec
1531 786 1687 842 laude
1741 785 1901 856 digna
1956 791 2039 838 est

457 890 736 952 memoria,
768 888 880 942 haec
918 899 1168 956 magnum
1214 883 1419 938 lucrum
1458 878 1630 934 affert.
1671 875 1934 932 Caeterum
1969 871 2036 926 ad

458 983 761 1036 institutum
793 978 1076 1035 redeamus
1097 1017 1112 1042 ,
1144 984 1200 1030 et
1225 973 1501 1029 videamus
1527 970 1739 1024 illorum
1779 967 2035 1032 virorum,

457 1074 544 1142 qui
574 1084 697 1126 tunc
721 1080 894 1136 erant,
922 1067 1222 1123 audaciam.
1265 1063 1480 1120 Illorum
1509 1061 1652 1116 enim
1692 1057 2000 1114 aﬂ‘ectiones
2019 1098 2036 1125 ,

459 1176 677 1234 nostrae,
710 1166 756 1220 si
785 1179 972 1234 sapere
1018 1159 1364 1222 voluerimus,
1391 1153 1753 1212 emendationi
1780 1151 2038 1208 serviunt.

459 1261 510 1314 4.
545 1258 607 1312 Et
653 1257 984 1326 wtliﬁcemus,
1028 1254 1217 1324 inquit,
1266 1251 1410 1306 nobis
1448 1249 1727 1314 civitatem,
1757 1253 1802 1300 et
1841 1244 2039 1308 turrint,

459 1351 602 1422 cujus
631 1357 784 1418 caput
811 1347 899 1403 erit
927 1362 1082 1416 usque
1101 1346 1154 1398 in
1180 1343 1383 1406 caelum,
1412 1349 1459 1395 et
1487 1339 1735 1410 faciamus
1765 1336 2044 1406 nobisipsis

461 1459 640 1495 nomen
687 1440 980 1510 priusquam
1025 1437 1376 1507 disperguntur
1417 1449 1571 1502 super
1621 1439 1827 1485 terram.
1882 1427 2043 1484 Vides

461 1534 730 1606 quomodo
755 1531 1154 1602 corruptionem
1181 1528 1375 1583 anima:
1403 1540 1514 1581 sute
1551 1523 1744 1594 ubique
1769 1520 2042 1576 exhibent.

465 1629 529 1681 ιςι
575 1627 923 1694 wdiﬁcemus,
965 1623 1156 1692 inquit,
1202 1619 1344 1690 nobis
1381 1616 1670 1671 civitatem:
1697 1622 1752 1670 et
1791 1614 1986 1668 iterum
2029 1627 2044 1664 :

463 1719 737 1772 Faciamus
758 1717 899 1770 nobis
923 1715 1050 1784 ipsis
1073 1728 1273 1766 nomen.
1305 1709 1431 1764 \‘ide
1459 1705 1726 1778 quomodo
1746 1706 1906 1760 etiam
1929 1713 2048 1773 post

463 1811 772 1880 generalem
798 1807 1038 1862 omnium
1081 1805 1356 1859 interitum
1387 1816 1493 1856 non
1534 1800 1740 1854 minora
1784 1796 1921 1852 mala
1950 1809 2048 1864 ag-

462 1901 790 1972 grediantur.
821 1897 960 1966 Quid
999 1911 1126 1966 ergo
1155 1895 1290 1950 liet?
1319 1892 1588 1962 quomodo
1623 1890 1691 1945 ab
1719 1889 1925 1950 insania
1952 1900 2046 1940 sua

470 1990 864 2060 I'epriutentut‘?
890 1988 1166 2044 Pollicitus
1186 1995 1272 2041 est
1303 1986 1463 2048 Deus,
1494 1997 1552 2036 se
1582 1997 1687 2036 non
1716 1981 1853 2034 ultra
1880 1979 2050 2032 factu-

469 2100 582 2137 rum
609 2083 891 2145 diluvium,
931 2080 1185 2134 nimirum
1217 2075 1600 2132 misericordia:
1624 2089 1736 2127 sua:
1763 2080 2050 2126 consuetu—

466 2177 644 2229 dinent
674 2187 900 2228 servans
923 2189 936 2224 :
964 2172 1036 2226 illi
1062 2180 1241 2226 autem
1267 2183 1440 2237 neque
1465 2167 1638 2236 patuis
1657 2162 2052 2223 emendatiorcs

468 2266 590 2322 facti
618 2274 763 2331 sunt,
794 2279 967 2334 neque
996 2261 1270 2318 beneliciis
1299 2259 1568 2314 meliores.

540 2358 662 2412 Non
703 2367 818 2411 sunt
845 2366 1026 2410 temere
1051 2351 1419 2408 condemnandi
1450 2351 1654 2419 fratres,
1683 2363 1842 2419 neque
1867 2362 1930 2400 ex
1957 2360 2054 2399 au-

468 2453 577 2505 dita
614 2449 974 2522 judicandum.
999 2477 1072 2488 —
1097 2445 1234 2502 Audi
1255 2460 1376 2516 qua:
1417 2452 1750 2513 sequuntur,
1776 2448 1834 2494 ut
1877 2439 2054 2493 discas

471 2542 755 2597 inell‘abilis
802 2538 1188 2596 misericordia:
1238 2537 1330 2592 Dei
1379 2533 1825 2605 magnitudinem.
1882 2532 1937 2586 5.
1990 2528 2054 2582 Et

470 2634 748 2697 descendit,
782 2631 972 2700 inquit,
1005 2628 1258 2683 Dominus
1285 2626 1424 2680 Deus
1443 2667 1459 2692 ,
1485 2634 1541 2678 ut
1567 2623 1756 2678 videret
1781 2622 2052 2685 civitatem,

473 2739 518 2782 et
547 2727 752 2790 turrim,
782 2740 934 2796 quam
961 2720 1278 2790 aediﬁcabant
1311 2719 1408 2788 ﬁlii
1449 2716 1728 2770 hominum.
1763 2712 1897 2768 Vide
1925 2725 2058 2779 quo-

471 2819 630 2874 modo
653 2817 884 2870 humano
913 2827 1064 2868 more
1104 2811 1379 2882 Scriptura
1411 2808 1664 2879 loquitur.
1690 2804 1759 2858 Et
1779 2802 2054 2866 descendit,

476 2915 671 2985 inquit,
705 2911 956 2965 Dominus
984 2908 1152 2972 Deus;
1179 2921 1285 2961 non
1333 2912 1391 2961 ttt
1420 2903 1654 2956 humano
1682 2898 1842 2953 modo
1866 2895 2058 2950 intelli-

469 3021 680 3078 gamus,
709 3003 804 3060 sed
831 3011 889 3058 ut
917 3016 1012 3072 per
1039 3000 1142 3054 hoc
1169 2996 1494 3061 erudiamur,
1529 3004 1819 3059 numquam
1852 2997 2058 3042 temere

473 3076 664 3154 lratres
690 3090 1148 3156 condemnandos,
1181 3101 1356 3158 neque
1376 3084 1557 3139 auditu
1577 3081 1692 3138 solo
1711 3076 2058 3150 judicandum

471 3205 614 3254 esse,
649 3187 749 3242 nisi
780 3184 1023 3255 pluribus
1051 3177 1382 3252 argumentis
1412 3174 1557 3244 prius
1584 3173 1714 3229 certi
1742 3170 2054 3228 reddamur.

471 3281 659 3338 Omnia
681 3283 822 3335 enim
847 3293 880 3332 a
912 3277 1020 3331 Deo
1050 3274 1170 3329 ideo
1195 3273 1342 3334 liunt,
1365 3276 1421 3324 et
1444 3267 1514 3322 ob
1535 3266 1639 3322 hoc
1663 3273 1810 3320 tanta
1837 3261 1903 3316 ad
1932 3275 2059 3322 eru-

472 3373 728 3428 diendum
771 3370 1060 3424 humanum
1088 3377 1256 3435 genus
1290 3362 1457 3416 utitur
1499 3357 1765 3413 sermonis
1801 3363 2062 3421 attempe-

477 3465 706 3520 ratione.
763 3460 833 3514 Et
879 3457 1163 3520 descendit,
1223 3452 1427 3522 inquit,
1475 3449 1728 3503 Dominus
1778 3443 1950 3508 Deus,
2007 3449 2062 3496 ut

481 3557 670 3610 videret
698 3553 946 3606 civitatem
972 3558 1019 3602 et
1050 3546 1246 3600 turrim.
1286 3541 1418 3597 Vide
1443 3537 1711 3610 quomodo
1737 3550 1843 3590 non
1881 3533 2062 3587 statim

480 3649 549 3702 ab
580 3645 730 3701 initio
757 3643 970 3697 illorum
998 3637 1239 3709 reprimit
1266 3635 1552 3698 insaniam,
1583 3629 1678 3684 sed
1705 3629 1954 3684 diuturna
1981 3625 2062 3680 le-

483 3742 649 3794 nitate
693 3739 878 3801 utitur,
927 3742 982 3788 et
1027 3735 1302 3799 exspectat
1336 3725 1508 3781 donec
1543 3736 1759 3777 omnem
1808 3718 2063 3773 malitiam

482 3846 632 3886 suam
671 3842 834 3896 opere
873 3824 1168 3887 declarent,
1217 3826 1275 3875 et
1315 3827 1442 3873 tunc
1485 3825 1707 3870 conatus
1743 3826 1928 3868 eorum
1967 3811 2066 3864 im-

486 3921 630 3991 pedit
678 3918 752 3972 Ne
775 3917 917 3970 enim
945 3915 1065 3985 quis
1089 3912 1271 3967 dicere
1291 3909 1480 3980 possit,
1502 3906 1825 3962 deliberasse
1848 3902 2065 3973 quidem

487 4013 626 4075 illos,
652 4009 745 4064 sed
791 4024 909 4077 qua:
945 4007 1328 4069 decreverant,
1359 4002 1412 4055 iit
1451 4013 1721 4070 opusnon
1757 3995 2063 4061 deduxisse,

488 4103 824 4173 pl‘tL'SlolalUl‘
861 4098 1033 4153 donec
1088 4096 1271 4149 animo
1321 4092 1644 4148 destinatum
1697 4102 1832 4158 opus
1875 4100 2066 4155 aggre-

490 4195 736 4254 diantur,
769 4201 825 4243 ut
864 4198 988 4244 tunc
1027 4193 1290 4242 monstret
1326 4183 1406 4240 eis
1443 4197 1605 4253 quam
1648 4179 1851 4239 inutilia
1897 4187 2069 4232 atten-

489 4288 668 4341 tarint.
704 4283 771 4338 Et
810 4283 1087 4350 descendit,
1120 4280 1324 4351 inquit,
1355 4278 1604 4332 Dominus
1629 4280 1787 4334 Deus.
1807 4283 1860 4327 ut
1884 4273 2070 4328 videret

486 4379 760 4442 civitatum,
787 4392 848 4430 ac
877 4376 1086 4438 turrint,
1116 4388 1269 4442 quam
1301 4371 1626 4440 aediﬁcabant
1666 4367 1758 4434 ﬁlii
1787 4366 2067 4420 hominum.

489 4468 622 4524 Vide
649 4465 1032 4522 misericordia:
1058 4461 1465 4519 excellentiam:
1498 4457 1738 4530 permisit
1774 4456 1891 4512 illos
1918 4455 2070 4510 labo—

489 4564 637 4615 ribus
663 4575 783 4615 sese
809 4557 1068 4628 aﬂligere,
1094 4565 1346 4611 utrerum
1369 4551 1701 4624 experientia
1729 4547 2072 4620 pratceptoris

489 4656 609 4709 loco
647 4653 754 4708 illis
785 4659 951 4706 esset.
1003 4648 1072 4703 Et
1114 4647 1366 4718 quoniam
1401 4645 1531 4700 vidit
1577 4642 1830 4698 malitiam
1868 4639 2072 4695 invale-

489 4762 658 4812 scere,
689 4755 744 4801 et
773 4744 1016 4800 morbum
1055 4739 1289 4806 intendi,
1318 4753 1422 4794 non
1465 4750 1634 4808 usque
1662 4735 1730 4790 ad
1765 4733 1925 4790 linem
1955 4749 2074 4803 per-

492 4841 676 4906 mittit,
706 4838 799 4894 sed
822 4852 972 4892 suam
994 4835 1231 4890 declarat
1255 4834 1545 4888 bonitatem
1575 4847 1590 4883 :
1623 4827 2072 4900 quemadmodum

493 4933 729 4986 medicus
755 4929 926 4985 bonus
950 4927 1138 4983 videns
1164 4925 1407 4981 morbum
1433 4923 1637 4993 augeri,
1666 4931 1721 4975 et
1741 4920 1892 4975 ulcus
1921 4919 2074 4972 incuo

493 5023 659 5078 rabile
688 5022 822 5088 lieri,
859 5021 1038 5075 statim
1083 5018 1324 5075 sectione
1349 5017 1542 5080 utitur,
1577 5022 1634 5067 ut
1659 5026 1874 5066 omnem
1901 5009 2073 5064 morbi

493 5130 712 5169 causam
760 5114 927 5169 tollat.
959 5112 1014 5168 6.
1061 5110 1129 5166 Et
1166 5109 1319 5175 dixit,
1365 5107 1554 5177 inquit,
1602 5103 1850 5158 Dominus
1890 5103 2028 5157 Deus
2055 5116 2076 5157 :

500 5207 630 5261 Ecce
655 5222 812 5278 genus
842 5222 997 5260 unum
1025 5214 1073 5258 et
1107 5203 1296 5257 labium
1336 5216 1495 5254 uuunt
1521 5199 1742 5253 omnium
1769 5213 1789 5251 :
1831 5196 1931 5251 hoc
1961 5203 2074 5260 est,

499 5315 602 5354 vox
624 5316 725 5354 una
753 5307 808 5354 et
832 5300 1008 5369 lingua
1031 5313 1158 5352 una.
1186 5295 1254 5350 Et
1279 5296 1373 5349 hoc
1389 5302 1645 5364 cmperunt
1667 5295 1851 5364 facere,
1871 5301 1918 5346 et
1944 5306 2078 5345 nunc

496 5409 596 5446 non
623 5393 887 5446 cessabunt
913 5392 976 5446 ab
1003 5393 1067 5446 iis
1090 5406 1202 5461 qua:
1225 5389 1546 5443 decreverunt
1573 5387 1756 5455 facere.

567 5488 621 5542 4.
661 5485 804 5541 Solet
852 5484 987 5540 Deus
1023 5486 1296 5538 admonere
1340 5492 1612 5552 antequam
1654 5478 1850 5549 puniat.
1878 5504 1950 5517 -—
1978 5477 2076 5530 Αι-

499 5576 657 5632 tende
689 5575 897 5628 Domini
935 5574 1375 5630 misericordiam.
1415 5571 1677 5640 Quoniam
1720 5577 1944 5622 conatus
1971 5567 2076 5620 im-

501 5670 778 5740 pediturus
803 5677 938 5734 erat,
982 5668 1209 5737 primum
1247 5666 1615 5738 purgationem
1660 5662 1758 5719 sibi
1805 5670 1985 5731 parat,
2025 5671 2079 5716 et

500 5761 651 5834 quasi
678 5759 910 5818 ostendit
945 5758 1148 5832 peccati
1176 5773 1361 5814 eorum
1406 5755 1820 5828 magnitmliuem
1844 5795 1858 5821 ,
1890 5763 1944 5810 ct
1974 5755 2074 5808 im-

1473 306 1534 364 ΙΝ
1569 306 1724 365 CAP.
1765 303 1856 361 XI.
1900 303 2143 364 GENES.
2185 304 2412 363 llOIlllL.
2456 307 2617 369 XXX.

2153 422 2432 490 probitatis
2463 439 2760 492 excessum,
2794 427 3040 499 ipsosque
3078 431 3274 488 abusos
3309 449 3426 492 esse
3457 437 3646 510 linguae
3671 455 3728 500 et

2148 513 2297 566 vocis
2340 516 2709 570 consonantia.
2742 516 2871 572 Ecce
2911 521 3084 585 cnim,
3124 522 3322 592 inquit,
3364 544 3518 595 genus
3567 549 3724 588 unum

2143 609 2188 653 et
2248 602 2437 658 labiunt
2482 621 2636 658 unum
2677 609 2918 662 ontniunt.
2971 609 3038 664 Et
3083 613 3175 665 hoc
3211 629 3466 684 “cperunt
3523 624 3722 690 facere,

2144 699 2190 744 et
2243 708 2377 783 nunc
2418 710 2519 748 non
2567 697 2830 755 cessabunt
2885 699 2946 752 ab
2998 702 3060 755 iis
3098 719 3211 771 quin
3265 706 3588 764 decreverunt
3645 715 3725 783 fa-

2143 797 2274 838 cere.
2303 782 2399 838 llic
2417 784 2557 840 enim
2590 785 2678 841 Dei
2710 803 2827 844 mos
2845 799 2950 857 est,
2981 804 3038 844 ut
3059 793 3338 860 puniturus
3366 799 3511 866 prius
3533 801 3731 858 imlicet

2144 889 2303 946 quam
2337 891 2524 947 magna
2551 880 2655 934 sint
2681 892 2930 951 peccata,
2963 895 3018 939 et
3043 886 3207 941 veluti
3235 888 3602 948 defensionem
3634 897 3732 948 ali-

2144 981 2304 1036 quam
2326 968 2424 1022 sibi
2449 979 2621 1039 paret,
2649 987 2712 1028 ac
2737 983 2862 1028 tunc
2893 974 3105 1031 tandem
3132 980 3403 1049 corripiat.
3427 982 3558 1038 Nam
3592 993 3732 1039 tem-

2146 1073 2277 1128 pore
2301 1059 2516 1127 diluvii,
2571 1077 2692 1119 cum
2737 1065 3008 1122 terribiles
3048 1069 3166 1123 illas
3211 1071 3383 1126 minas
3425 1073 3729 1143 intentaret,

2145 1147 2277 1204 dicit
2316 1150 2588 1222 Scriptura
2636 1173 2648 1208 :
2684 1154 2753 1209 Ut
2786 1165 2952 1211 autent
2999 1159 3122 1214 vidit
3157 1159 3321 1228 Deus,
3371 1166 3508 1234 quod
3554 1167 3730 1220 multi-

2148 1241 2350 1312 plicata:
2375 1254 2493 1297 sunt
2520 1244 2729 1300 malitia:
2766 1247 3046 1316 hominum,
3080 1259 3125 1304 et
3168 1257 3506 1323 unusquisque
3545 1257 3733 1327 cogitat

2148 1331 2199 1384 in
2222 1333 2372 1387 corde
2397 1351 2490 1388 suo
2516 1335 2783 1406 diligenter
2803 1340 2855 1392 in
2879 1337 3017 1393 mala
3039 1357 3071 1394 a
3087 1341 3352 1411 juventute
3387 1344 3536 1415 (Gen.
3568 1346 3620 1400 6.
3649 1348 3729 1417 5).

2150 1421 2340 1478 Vidisti
2365 1426 2634 1496 quomodo
2661 1428 2808 1497 prius
2833 1431 3147 1485 monstravit
3173 1433 3388 1488 malitiae
3410 1451 3594 1490 eorum
3623 1453 3736 1492 ma-

2149 1514 2516 1584 gnitudinem,
2546 1526 2601 1573 et
2644 1529 2825 1589 postea
2871 1520 2998 1575 dicit
3025 1539 3037 1576 :
3062 1520 3250 1577 Delebo
3292 1525 3544 1580 hominem
3575 1526 3734 1597 (Ibid.

2151 1623 2198 1662 υ.
2225 1609 2324 1673 7)?
2350 1609 2426 1664 Ita
2463 1619 2518 1665 et
2544 1627 2686 1666 nunc
2712 1631 2725 1665 :
2756 1612 2887 1666 Ecce
2915 1631 3073 1683 genus
3101 1631 3256 1668 unum
3287 1625 3334 1669 et
3365 1617 3555 1672 labiunt
3575 1635 3737 1673 uuunt

2152 1703 2398 1769 omnium,
2449 1713 2495 1758 et
2522 1705 2616 1757 hoc
2661 1716 2917 1776 cleperunt
2946 1707 3136 1776 facere.
3175 1708 3232 1762 Si
3265 1723 3387 1764 cum
3432 1720 3575 1766 tanta
3611 1729 3740 1768 con-

2151 1794 2357 1859 cordia,
2390 1803 2443 1848 et
2486 1795 2678 1865 lingua:
2719 1797 2924 1853 unitate
2972 1799 3023 1852 itt
3063 1807 3263 1854 tantam
3308 1801 3610 1858 inciderunt
3654 1808 3739 1859 in-

2152 1887 2355 1941 saniam
2381 1903 2396 1941 :
2426 1888 2512 1943 ubi
2555 1897 2766 1957 tempus
2811 1893 3158 1959 processerit,
3203 1894 3470 1962 quomodo
3515 1911 3620 1950 non
3647 1897 3741 1951 de-

2155 1980 2351 2035 teriora
2388 1983 2762 2037 attentabunt'!
2787 1984 2910 2039 Non
2950 1987 3212 2041 cessabunt
3253 1989 3396 2043 enim
3435 1991 3499 2042 ab
3542 1991 3604 2043 iis
3630 2006 3746 2060 qua:

2153 2071 2481 2126 decreverunt
2509 2078 2677 2143 facere
2702 2091 2720 2128 :
2748 2077 2880 2130 nihil
2907 2093 3094 2131 eorum
3127 2079 3381 2148 impetum
3411 2090 3466 2135 et
3493 2081 3740 2137 ardorem

2157 2165 2357 2220 morari
2384 2168 2598 2236 poterit,
2618 2167 2713 2222 sed
2734 2169 2913 2223 omnia
2935 2186 3053 2238 quze
3077 2179 3381 2225 statuerunt.
3399 2187 3602 2238 secum,
3631 2184 3743 2227 stn-

2156 2255 2358 2313 debunt
2411 2259 2688 2328 perlicere,
2736 2261 2788 2315 ni
2839 2263 3018 2317 statim
3068 2278 3166 2332 pro
3203 2266 3486 2320 attentatis
3533 2281 3745 2335 pmtmtn

2158 2348 2328 2406 luant.
2355 2350 2412 2404 ld
2444 2366 2656 2421 quoque
2702 2353 2936 2409 inveniet
2979 2355 3172 2425 aliquis
3209 2363 3267 2411 et
3306 2356 3375 2411 de
3413 2358 3746 2427 protoplasto

2157 2440 2358 2496 factum
2413 2457 2555 2498 esse.
2583 2442 2866 2514 Ejecturus
2905 2445 3048 2500 enim
3077 2446 3222 2500 illum
3267 2447 3407 2502 Deus
3445 2463 3475 2500 a
3516 2447 3745 2516 paradisi

2159 2533 2394 2589 incolatu
2415 2576 2430 2600 ,
2472 2536 2582 2599 ait,
2617 2537 2744 2604 Quis
2787 2538 3105 2591 anuuntiavit
3136 2538 3224 2591 tibi
3251 2538 3384 2606 quod
3409 2539 3576 2592 nudus
3615 2555 3748 2593 esses

2161 2623 2324 2695 (lbi-d.
2355 2627 2409 2680 5.
2446 2626 2576 2696 ll)?
2603 2627 2670 2680 Et
2700 2627 2890 2683 iterum
2917 2646 2930 2681 :
2963 2628 3097 2684 Ecce
3123 2629 3283 2683 Adam
3313 2633 3477 2700 factus
3507 2641 3578 2685 est
3604 2632 3749 2700 quasi

2161 2732 2376 2770 nausea:
2399 2717 2541 2772 nobis
2566 2733 2585 2773 :
2611 2729 2664 2772 ut
2691 2720 2816 2773 sciat
2850 2719 3036 2773 bonum
3079 2729 3127 2774 et
3155 2720 3366 2774 malum.
3415 2721 3480 2774 Et
3515 2739 3648 2775 nunc
3687 2738 3750 2774 ne

2162 2806 2294 2876 forte
2321 2811 2561 2861 extendat
2591 2825 2796 2861 manum
2826 2826 2992 2876 suam,
3020 2818 3066 2863 et
3106 2811 3322 2880 accipiat
3349 2811 3410 2864 de
3440 2811 3577 2882 ligno
3612 2812 3748 2877 riae,

2163 2906 2211 2952 et
2235 2899 2485 2964 comedat,
2515 2908 2560 2953 et
2601 2900 2732 2953 vivat
2756 2899 2811 2953 in
2848 2900 3109 2954 swculum.
3155 2900 3218 2954 Et
3261 2902 3422 2957 emisit
3454 2903 3598 2955 illum
3644 2901 3753 2956 Do-

2161 2993 2330 3048 minus
2356 2994 2418 3047 de
2435 2994 2674 3064 paradiso
2697 2993 2858 3066 (Ibid.
2880 3011 2930 3048 υ.
2948 2994 3038 3048 22.
3059 2994 3174 3066 9.5).
3198 2995 3368 3049 Etiam
3387 3011 3528 3050 nunc
3545 2996 3748 3066 iuqttit:

2162 3086 2294 3141 Ecce
2319 3103 2477 3158 genus
2508 3103 2666 3141 unum
2690 3097 2738 3141 et
2767 3087 2956 3141 labiunt
2980 3105 3140 3141 unum
3170 3089 3416 3154 omnium,
3447 3099 3492 3143 et
3520 3090 3615 3143 hoc
3643 3105 3748 3144 cae-

2164 3190 2346 3250 peruut
2373 3181 2540 3249 facere
2571 3196 2590 3234 :
2617 3190 2663 3234 et
2691 3196 2827 3233 nunc
2854 3196 2958 3235 non
2982 3179 3245 3235 cessabunt
3270 3182 3332 3234 ab
3357 3182 3420 3236 iis
3446 3199 3560 3252 qua:
3584 3183 3754 3237 decre-

2163 3281 2338 3324 verunt
2364 3275 2553 3340 facere.
2585 3271 2641 3324 7.
2678 3269 2880 3337 Venite,
2912 3281 2957 3324 et
2987 3270 3343 3326 descendentes
3381 3274 3754 3344 confundantus

2163 3363 2368 3417 illorum
2382 3363 2604 3433 linguas,
2627 3371 2759 3416 utne
2774 3363 2950 3415 audiat
2967 3363 3307 3432 unusquisque
3318 3378 3486 3416 uocem
3507 3364 3750 3432 proximi.

2164 3453 2300 3509 Vide
2340 3455 2532 3507 iterum
2565 3455 2850 3508 verborum
2879 3462 3286 3522 attemperatam
3333 3457 3615 3509 rationem.
3657 3455 3755 3510 Ve-

2166 3544 2288 3608 nite,
2317 3543 2519 3612 inquit,
2547 3552 2593 3595 et
2631 3542 3009 3598 descendentes.
3041 3543 3177 3611 Quid
3220 3545 3408 3598 volunt
3444 3545 3544 3598 sibi
3593 3544 3754 3600 verba

2169 3633 2284 3687 hzec
2308 3634 2331 3688 ?
2356 3633 2573 3704 Dpusne
2600 3633 2762 3688 habet
2789 3635 3168 3703 cooperatione
3197 3635 3452 3690 Dominus
3473 3635 3539 3690 ad
3569 3651 3755 3692 corre-

2167 3726 2400 3781 ctionem
2419 3727 2443 3779 ?
2463 3742 2530 3784 an
2551 3726 2788 3781 subsidio
2803 3727 2868 3780 ad
2884 3727 3092 3781 illorum
3108 3727 3524 3782 destructionem
3542 3730 3565 3782 ?
3583 3729 3754 3784 Absit.

2168 3815 2272 3872 Sed
2316 3820 2453 3872 sicut
2489 3817 2598 3888 jam
2643 3819 2776 3873 dixit
2813 3819 3124 3888 Scriptura:
3154 3817 3427 3873 Descendit
3454 3818 3704 3874 Dominus
3732 3836 3752 3875 :

2168 3907 2369 3963 docens
2400 3925 2498 3964 nos
2525 3925 2620 3980 per
2646 3909 2748 3964 hoc
2766 3925 2827 3964 se
2845 3909 3120 3965 evidenter
3148 3909 3362 3964 malitia:
3401 3909 3614 3965 illorum
3643 3927 3757 3964 ma-

2169 4003 2506 4072 gnitudinem
2527 4002 2726 4058 vidisse
2749 4020 2763 4056 :
2788 4003 2860 4056 ita
2881 4011 2932 4057 et
2955 4001 3042 4056 hic
3059 4001 3190 4056 dicit
3213 4019 3226 4055 :
3261 4000 3452 4067 Venite,
3478 4015 3526 4056 et
3549 4004 3757 4057 descen-

2171 4098 2363 4153 dentes.
2407 4098 2614 4152 Dictum
2646 4096 2785 4150 ltaud
2813 4095 2974 4151 dubie
2999 4105 3081 4150 est
3114 4110 3210 4150 ceu
3239 4095 3304 4148 ad
3343 4095 3544 4151 honore
3581 4111 3754 4164 pares.

2188 4191 2378 4254 Venite,
2427 4191 2617 4260 inquit,
2659 4200 2705 4243 et
2741 4189 3096 4243 descendentes
3139 4187 3510 4258 confundanms
3555 4188 3759 4242 illorum

2175 4283 2397 4353 linguas,
2417 4292 2470 4335 ut
2492 4298 2553 4336 ne
2568 4282 2744 4334 audiat
2766 4281 3106 4350 unusquisque
3122 4295 3288 4333 vocem
3304 4279 3540 4348 proximi.
3565 4278 3757 4346 Quem-

2175 4373 2496 4436 admodum,
2552 4371 2755 4442 inquit,
2801 4372 3014 4441 cippum
3064 4369 3349 4440 quemdam
3402 4379 3755 4440 perpetuum,

2178 4465 2342 4520 talem
2398 4464 2504 4518 illis
2543 4473 2722 4518 statuo
2751 4477 2962 4533 poenam
2995 4461 3143 4516 omni
3184 4461 3383 4515 smculo
3427 4460 3760 4528 duraturam,

2176 4566 2235 4611 ut
2266 4556 2412 4610 nullo
2443 4564 2685 4624 tempore
2711 4554 2826 4608 [nec
2852 4552 3256 4608 obliviscantur.
3281 4551 3415 4606 Nam
3459 4552 3580 4622 quia
3612 4554 3765 4608 abusi

2176 4658 2301 4705 sunt
2326 4649 2474 4704 vocis
2494 4646 2778 4703 concordia
2800 4688 2815 4712 ,
2852 4645 2972 4700 ideo
2994 4646 3142 4700 vocis
3170 4643 3480 4698 diversitate
3516 4642 3766 4713 castigari

2179 4756 2274 4796 eos
2300 4739 2444 4793 volo.
2475 4737 2566 4793 Sic
2592 4738 2734 4793 enim
2758 4737 2956 4805 ubique
2981 4735 3156 4789 facere
3177 4732 3456 4787 consuevit
3483 4733 3760 4788 Dominus.

2180 4833 2294 4887 lloc
2314 4830 2381 4883 ab
2412 4828 2562 4882 initio
2588 4827 2729 4882 circa
2758 4826 3037 4879 mulierem
3060 4821 3256 4876 factum
3283 4830 3368 4876 est
3395 4838 3408 4874 :
3437 4822 3760 4877 abutebatur

2179 4925 2270 4980 illa
2299 4924 2505 4978 honore
2527 4933 2808 4985 concesso,
2839 4917 2981 4972 unde
3009 4915 3234 4985 subjecit
3262 4929 3381 4970 eam
3411 4915 3548 4969 viro.
3583 4916 3648 4970 Et
3683 4916 3763 4971 si-

2181 5015 2383 5073 militer
2425 5013 2557 5069 Adte
2595 5010 2859 5080 contigit:
2893 5008 3014 5078 quia
3059 5006 3202 5063 enim
3243 5021 3310 5062 ex
3341 5006 3505 5060 multa
3546 5021 3766 5076 prospe-

2183 5111 2359 5172 ritate,
2392 5105 2729 5178 paradisique
2748 5102 2981 5157 incolatu
3007 5099 3141 5155 nihil
3172 5099 3302 5154 lucri
3331 5098 3476 5165 fecit,
3507 5099 3600 5153 sed
3633 5115 3768 5168 pras-

2182 5197 2474 5255 varicando
2500 5211 2670 5266 paena:
2700 5192 2968 5249 obnoxius
2993 5199 3075 5246 est
3118 5190 3320 5254 lactus,
3369 5187 3526 5258 eiecit
3549 5205 3670 5245 eum
3702 5205 3767 5247 ex

2184 5290 2464 5362 paradiso:
2495 5299 2550 5343 et
2576 5300 2786 5356 pmuam
2812 5284 2861 5339 ei
2901 5291 3210 5353 perpetuam
3252 5280 3506 5349 injunxit,
3532 5280 3719 5336 dicens
3752 5299 3768 5337 :

2184 5381 2378 5451 Spinas
2416 5389 2463 5432 et
2505 5377 2714 5432 tribulos
2753 5373 3052 5446 germinabit
3089 5371 3177 5426 tibi
3204 5381 3337 5425 terra
3362 5368 3518 5440 (Gen.
3554 5371 3608 5426 3.
3654 5371 3766 5440 l8).

2185 5473 2386 5528 llorum
2413 5484 2624 5541 quoque
2659 5466 2874 5522 malitia:
2919 5478 3155 5528 cursum,
3185 5463 3306 5530 quia
3343 5463 3548 5516 unitate
3578 5461 3770 5532 lingute

2187 5562 2456 5628 honorati,
2485 5559 2687 5613 honore
2733 5568 2996 5612 concesso
3040 5553 3092 5608 in
3135 5551 3330 5606 malum
3377 5551 3766 5619 abutebantur,

2190 5659 2328 5712 Deus
2355 5669 2451 5726 per
2486 5653 2781 5723 linguarum
2813 5649 3121 5702 varietatem
3162 5644 3418 5700 cohibuit.
3452 5641 3519 5696 Et
3547 5649 3766 5711 confun-

2187 5754 2385 5818 dantus,
2437 5746 2626 5817 Inquit,
2667 5743 2872 5797 illorum
2919 5741 3164 5810 linguam,
3212 5747 3354 5790 utne
3392 5736 3568 5790 audiat
3617 5743 3778 5783 unus-
