4102 6204
354 259 465 317 2¹19

351 381 563 452 quisque
584 392 750 432 uocent
777 371 997 444 proximi
1020 385 1040 425 :
1067 379 1126 424 ut
1155 369 1296 424 sicut
1324 368 1518 438 lingua:
1548 366 1726 420 unitas
1749 373 1939 419 contu-

357 470 602 527 bernium
647 465 791 530 fecit,
818 463 891 518 ita
919 461 1116 532 lingua:
1151 459 1436 515 diversitas
1468 457 1768 526 dispergat.
1805 453 1936 508 Nam

355 559 552 628 quibus
581 571 686 610 non
705 562 790 610 est
811 552 952 608 idem
974 565 1156 606 sermo
1171 557 1226 605 et
1257 548 1456 617 lingua,
1487 544 1756 616 quomodo
1780 542 1938 598 simul

361 649 604 705 habitare
624 646 884 717 possunt?
899 644 953 700 8.
977 642 1041 696 Et
1066 641 1300 712 dispersit
1322 638 1462 704 illos,
1483 636 1672 707 inquit,
1696 634 1940 688 Dominus

357 739 497 795 Deus
517 738 580 792 ab
601 737 695 790 illo
723 737 835 790 loco
853 750 1006 804 super
1025 733 1209 803 faciem
1235 731 1480 784 miserat:
1505 738 1674 791 teme,
1701 735 1748 780 et
1769 741 1939 779 cessa-

357 838 534 884 verunt
557 827 870 896 adiﬁcautes
898 825 1148 878 civitatem
1186 832 1234 875 et
1270 820 1469 874 turrim.
1499 817 1792 873 Considera
1834 815 1941 870 Do-

357 921 489 976 mini
521 918 968 984 misericordiam,
997 917 1049 970 in
1078 923 1332 986 quantam
1357 910 1520 966 animi
1548 908 1938 964 haisitationem

357 1013 508 1083 ipsos
546 1010 772 1081 impulit.
807 1007 1124 1064 Amentibus
1169 1005 1314 1061 enim
1357 1013 1538 1074 postea
1578 1001 1785 1057 similes
1828 999 1944 1056 fue-

357 1114 505 1161 runt.
536 1104 607 1160 Et
632 1104 721 1159 ille
760 1102 975 1173 quidem
1018 1099 1316 1168 imperabat
1341 1097 1464 1161 hoc,
1492 1105 1549 1150 et
1589 1095 1726 1150 alius
1749 1108 1944 1163 suppe-

358 1197 564 1252 ditabat
587 1195 728 1250 aliud
751 1211 768 1260 ;
791 1193 1100 1262 inutilisque
1120 1191 1220 1246 fuit
1245 1193 1424 1245 omnis
1450 1189 1662 1242 illorum
1685 1195 1908 1242 conatus
1923 1200 1942 1238 :

361 1288 486 1344 ideo
515 1288 849 1344 Cessaverunt
891 1285 1152 1354 (ediﬁcare
1187 1282 1436 1336 civitatem
1461 1289 1510 1334 et
1546 1279 1747 1333 turrim.
1791 1277 1847 1332 9.
1877 1274 1945 1330 Et

361 1380 558 1434 ideirco
571 1388 802 1432 uocatum
847 1387 920 1431 est
951 1391 1132 1430 nomen
1168 1373 1329 1438 illius,
1369 1370 1614 1443 Confasio
1633 1410 1650 1436 ,
1675 1369 1794 1439 quia
1835 1367 1944 1421 illic

358 1471 592 1539 confudit
613 1468 867 1522 Dominus
915 1466 1052 1521 Deus
1079 1466 1214 1520 labia
1246 1464 1412 1518 omnis
1433 1471 1586 1516 terra:
1604 1476 1623 1515 :
1645 1468 1693 1514 et
1722 1460 1840 1513 hinc
1864 1458 1946 1512 di-

359 1564 543 1632 spersit
585 1563 721 1632 ipsos
763 1559 1015 1615 Dominus
1053 1557 1190 1612 Deus
1224 1558 1278 1610 in
1316 1571 1514 1610 omnem
1557 1562 1767 1607 terram.
1815 1550 1947 1606 Vide

359 1665 558 1728 quanta
590 1655 739 1722 fiant,
769 1664 829 1709 ut
857 1651 1112 1708 memoria
1140 1651 1296 1720 hujus
1318 1649 1441 1702 facti
1472 1648 1524 1701 in
1551 1645 1732 1702 omnia
1750 1643 1946 1699 smnia

361 1741 636 1814 pervadat.
667 1740 899 1794 Primum
923 1739 1216 1806 linguarum
1242 1734 1300 1788 ﬁt
1322 1733 1537 1798 divisio,
1561 1732 1670 1786 imo
1689 1738 1814 1784 ante
1843 1728 1948 1784 hoc

364 1834 598 1889 nominis
622 1831 906 1904 appellatio
927 1846 948 1884 :
974 1829 1168 1884 Phalec
1190 1827 1333 1882 enim
1362 1841 1578 1884 nomen.
1606 1823 1748 1895 quod
1770 1822 1948 1878 [leber

368 1928 482 1982 lilio
510 1926 783 1996 imposuit,
809 1923 1152 1993 partitionem
1180 1920 1465 1989 signiﬁcat.
1489 1917 1692 1972 Deinde
1723 1915 1824 1970 loci
1847 1929 1947 1984 ap-

363 2016 586 2088 pellatio
613 2012 889 2085 :Confusio
914 2013 1056 2067 enim
1079 2020 1300 2065 vocatus
1325 2018 1430 2074 est,
1459 2007 1512 2062 id
1537 2007 1680 2077 quod
1709 2005 1945 2076 Babylon

361 2117 539 2163 sonat.
571 2107 908 2162 Postremum
942 2103 1119 2158 lleber
1159 2103 1274 2172 ipse
1318 2100 1514 2154 mansit
1550 2099 1690 2154 idem
1725 2110 1948 2153 servans

368 2198 587 2263 idioma,
612 2196 755 2267 quod
796 2203 850 2250 et
884 2202 1039 2248 antea
1088 2191 1355 2256 habebat,
1386 2199 1446 2244 ut
1487 2188 1827 2244 manifestum
1867 2187 1948 2242 di-

364 2290 588 2344 visionis
615 2288 773 2358 hujus
813 2287 1022 2357 signum
1051 2284 1190 2339 foret
1215 2284 1316 2352 (a).
1352 2282 1540 2337 Vidisti
1587 2297 1681 2352 per
1703 2289 1834 2352 quot
1859 2295 1949 2335 res

365 2380 724 2436 immortalem
755 2378 1005 2447 nullaque
1033 2374 1300 2430 oblivione
1325 2373 1606 2428 delendam
1635 2371 1794 2441 hujus
1824 2369 1948 2427 facti

365 2472 680 2526 memoriam
721 2469 924 2525 servari
974 2466 1236 2522 voluerit?
1279 2464 1412 2520 ilinc
1457 2464 1600 2519 enim
1645 2471 1798 2533 pater
1839 2461 1950 2516 ﬁlio

369 2572 553 2632 postea
580 2561 870 2633 cogebatur
905 2559 1086 2615 dicere
1113 2572 1329 2613 causam
1376 2567 1482 2610 tam
1511 2555 1742 2610 diversa:
1780 2553 1946 2609 vocis.

371 2654 436 2708 Et
467 2669 601 2723 puer
620 2667 651 2706 a
683 2661 834 2722 patre
857 2649 1130 2721 quaerebat
1159 2662 1326 2718 quare
1359 2647 1439 2702 sic
1466 2646 1615 2701 locus
1652 2644 1742 2700 illc
1767 2643 1950 2715 appel-

366 2745 569 2799 laretur
593 2762 608 2799 :
638 2742 757 2797 ideo
781 2755 1010 2810 namque
1031 2738 1266 2810 Babylon
1293 2737 1469 2793 dictus
1490 2745 1574 2790 est
1596 2735 1781 2800 locus;
1806 2733 1948 2806 quod

363 2845 448 2892 est
467 2833 710 2890 confusio
724 2874 739 2899 ,
765 2834 906 2904 quod
929 2832 1035 2888 illic
1062 2831 1319 2886 Dominus
1338 2830 1478 2884 Deus
1492 2827 1792 2883 confuderit
1809 2827 1949 2881 labia

373 2927 636 2981 universa:
663 2935 838 2992 terrae,
867 2934 922 2980 et
951 2925 1019 2979 ab
1044 2925 1134 2978 illo
1164 2924 1284 2977 loco
1309 2921 1622 2990 disperserit
1648 2919 1787 2974 illos.
1815 2919 1947 2974 Nam

367 3028 653 3087 utrumque
681 3015 784 3070 loci
810 3013 1097 3084 appellatio
1123 3013 1252 3067 mihi
1281 3011 1587 3082 signiﬁcare
1617 3010 1864 3075 videtur,
1895 3019 1951 3066 et

367 3106 512 3179 quod
530 3107 736 3176 linguas
746 3103 1066 3169 confuderit,
1085 3111 1140 3159 et
1153 3103 1296 3172 quod
1318 3103 1440 3157 inde
1451 3100 1717 3170 dispersio
1732 3108 1848 3155 orta
1859 3101 1949 3156 sit.

436 3200 492 3255 5.
520 3198 830 3260 Audivistis,
859 3196 1060 3262 dilecti,
1091 3195 1232 3250 unde
1263 3195 1388 3266 ipsis
1413 3193 1761 3263 dispersionis
1781 3194 1952 3250 varie-

367 3291 597 3361 tatisque
621 3289 919 3360 linguarum
938 3295 1054 3342 orta
1075 3286 1145 3342 sit
1169 3301 1346 3342 causa.
1369 3284 1677 3355 Fugiamus,
1699 3284 1950 3352 obsecro,

373 3396 442 3436 nc
471 3382 568 3434 bos
598 3379 904 3434 imitemur:
937 3386 990 3432 et
1015 3376 1080 3433 iis
1094 3391 1213 3446 qua:
1236 3377 1389 3431 nobis
1415 3375 1556 3431 Deus
1580 3377 1847 3432 concessit
1885 3391 1954 3432 ne

370 3471 652 3527 abutamur
681 3487 698 3526 :
726 3485 790 3525 ac
819 3479 1060 3524 naturam
1103 3468 1392 3522 humanam
1419 3465 1846 3534 considerantes,
1887 3481 1952 3523 ea

371 3564 737 3619 consultemus
773 3578 892 3632 qua:
923 3562 1174 3617 mortales
1213 3560 1456 3616 homines
1482 3559 1708 3616 deceant
1737 3578 1752 3614 :
1779 3569 1835 3616 et
1861 3574 1952 3616 co-

369 3657 601 3728 gitantes
652 3655 930 3725 praesentis
964 3655 1089 3710 vita:
1137 3653 1494 3724 fragilitatem,
1519 3667 1584 3708 ac
1607 3668 1764 3724 quam
1791 3654 1952 3709 breve

368 3741 436 3795 sit
470 3750 678 3810 tempus
712 3742 835 3794 vita:
858 3751 1074 3803 nostrae,
1122 3740 1342 3794 multam
1392 3753 1489 3808 per
1514 3738 1776 3794 bonorum
1820 3753 1952 3807 ope-

367 3847 486 3886 rum
513 3831 824 3886 exercitium
848 3831 1096 3885 ﬁduciam
1124 3829 1511 3885 rccondamus:
1552 3837 1608 3883 et
1649 3843 1756 3882 non
1780 3828 1950 3883 snlum

371 3939 467 3993 per
496 3923 592 3977 hos
620 3923 736 3978 dies
778 3937 1050 3978 servemus
1099 3921 1287 3993 jejunii
1334 3919 1622 3985 fervorem,
1653 3919 1746 3974 sed
1791 3920 1952 3975 etiam

371 4017 729 4089 cleemosyna:
769 4017 1063 4088 largitatem
1103 4025 1157 4071 et
1204 4030 1419 4086 precum
1447 4013 1833 4068 assiduitatem.
1857 4012 1952 4068 Et-

375 4110 513 4162 enim
539 4108 742 4178 jejunio
769 4123 956 4177 preces
980 4124 1194 4176 semper
1221 4107 1532 4177 conjunctas
1572 4121 1691 4160 esse
1720 4113 1948 4174 oportet.

373 4200 440 4254 Et
467 4202 607 4270 quod
638 4201 739 4256 hoc
776 4217 960 4255 verum
1011 4200 1101 4266 sit,
1155 4199 1275 4254 audi
1314 4199 1586 4254 Christum
1641 4197 1949 4254 dicentem:

375 4291 485 4345 Hoc
513 4308 667 4361 genus
692 4291 1053 4344 dwmaiorum
1075 4307 1176 4342 non
1205 4289 1457 4360 egreditur
1482 4289 1580 4343 nisi
1599 4291 1651 4343 in
1671 4289 1959 4357 precatione

370 4393 416 4434 et
435 4383 632 4451 jejunio
652 4380 864 4452 (Matth.
895 4381 983 4435 i7.
1013 4378 1125 4452 20).
1151 4379 1218 4434 Et
1243 4381 1431 4435 iterum
1459 4380 1525 4434 de
1539 4379 1794 4450 apostolis
1819 4379 1955 4434 dici-

376 4480 464 4527 tur
495 4490 509 4526 :
540 4469 678 4523 Nam
705 4485 820 4524 cunt
842 4479 1090 4536 orassent,
1122 4469 1310 4540 inquit,
1343 4480 1390 4524 et
1429 4471 1769 4542 jejuuassent,
1815 4487 1953 4524 catu-

377 4562 739 4615 mendaverunt
774 4577 859 4617 eos
904 4559 1149 4627 Domino,
1193 4561 1246 4615 in
1271 4577 1418 4631 quem
1456 4562 1774 4616 crediderant
1817 4561 1954 4632 (Act.

382 4655 465 4708 l-i.
496 4651 609 4725 22).
645 4653 712 4707 Et
731 4653 918 4708 iterum
940 4652 1108 4722 inquit
1133 4652 1417 4722 Apostolus
1448 4669 1461 4706 :
1496 4651 1577 4707 Ne
1602 4652 1850 4721 iraudetis
1877 4652 1952 4706 in-

369 4749 543 4814 vicem,
576 4749 674 4802 uisi
696 4750 748 4802 iu
766 4749 1050 4819 precatione
1067 4757 1115 4802 et
1134 4747 1326 4816 ieiunio
1347 4748 1423 4819 (l.
1445 4745 1565 4802 Cor.
1588 4746 1639 4800 7.
1663 4745 1740 4816 5).
1771 4744 1958 4800 Vidisti

375 4839 641 4910 quomodo
659 4839 921 4911 jejunium
953 4841 1053 4896 hoc
1069 4839 1308 4896 subsidio
1336 4838 1603 4910 indigeat?
1634 4837 1784 4892 Tunc
1813 4837 1956 4893 enim

377 4931 708 5001 potissimum
741 4945 928 5000 preces
959 4945 1080 4986 cum
1110 4930 1404 4986 attentione
1434 4929 1588 4996 ﬁunt,
1623 4943 1742 4981 cum
1793 4942 1960 4997 expe-

377 5022 540 5075 ditior
563 5030 644 5076 est
691 5037 842 5077 mens
872 5030 1078 5086 nostra,
1119 5035 1292 5091 neque
1315 5030 1551 5090 gravata,
1593 5033 1766 5089 neque
1812 5019 1956 5073 malo

377 5112 688 5168 deliciarum
707 5127 872 5169 onere
893 5127 1075 5184 pressa
1101 5112 1277 5168 fuerit.
1307 5112 1492 5183 Magna
1517 5125 1664 5166 arma
1681 5119 1805 5166 sunt
1834 5126 1959 5181 pre-

437 5307 513 5370 (a)
544 5308 599 5359 id
621 5309 749 5373 quod
773 5310 853 5384 hic
873 5311 942 5360 ait
959 5310 1348 5389 chrysostotms,
1383 5309 1630 5360 Heberum
1653 5322 1837 5383 nempe
1859 5311 1960 5418 pri-

437 5385 499 5418 tm
521 5383 743 5418 servasti
761 5370 1040 5418 dialectum.
1057 5371 1255 5418 (malem
1272 5372 1486 5418 Adamus
1501 5369 1808 5418 induebatur-
1823 5371 1854 5418 ιι
1877 5371 1958 5418 nd.

367 5383 499 5434 scam
521 5369 743 5434 servasse
761 5370 1040 5434 dialeetum,
1053 5369 1255 5434 'qnalem
1272 5372 1486 5421 Adamus
1501 5369 1808 5434 loquebatur,
1823 5369 1958 5430 illud,

366 5431 591 5496 inquam,
614 5432 799 5496 aliquot
820 5431 1182 5483 difﬁcultatibus
1215 5434 1481 5496 obnoxium
1514 5431 1592 5482 est
1618 5447 1630 5482 :
1655 5446 1766 5482 nam
1799 5442 1960 5496 utrum

367 5494 534 5542 tteber
553 5494 755 5556 priscam
781 5494 994 5557 linguam,
1013 5495 1304 5552 servaverit,
1329 5507 1426 5544 non
1450 5495 1515 5557 ita
1537 5504 1726 5545 certum
1747 5495 1960 5544 est.l)is-

367 5555 575 5618 putatur
588 5561 753 5618 autem
777 5555 882 5606 utra
905 5556 1144 5606 dialectus
1164 5557 1450 5618 primigenia
1471 5555 1646 5616 fuerit,
1661 5557 1960 5618 Hebraicaue

369 5614 429 5664 5..
465 5614 741 5676 chaldaica;
778 5631 864 5681 pro
896 5626 1103 5681 utraque
1134 5614 1361 5681 opinione
1392 5625 1522 5669 stant
1553 5614 1652 5670 non
1682 5617 1960 5681 spernenda

366 5685 676 5740 argumenta,
698 5677 809 5740 qua:
832 5677 1035 5742 luiigius'
1049 5677 1184 5730 esset
1206 5677 1418 5731 referre.

1076 253 1136 310 S.
1174 249 1451 309 JOANNIS
1476 245 1951 306 CHRYSOSTOMI
1989 246 2305 305 AﬂCillEP.
2343 249 2882 308 εοΝςτΑΝτιΝορ.

3527 260 3635 318 280

2046 378 2159 431 ccs,
2205 379 2392 435 magna
2434 367 2724 434 securitas,
2773 381 2994 438 magnus
3041 366 3356 440 thesaurus,
3408 389 3634 446 magnus

2049 465 2254 526 portus,
2278 457 2572 513 tutissimus
2599 458 2750 514 locus
2780 476 2796 513 :
2836 459 2998 515 modo
3021 460 3186 516 sobrii
3215 473 3270 518 et
3296 464 3487 535 vigiles
3517 469 3628 522 Do-

2049 545 2248 599 minum
2278 545 2553 614 adeamus,
2595 558 2776 604 mente
2797 558 2978 604 nostra
3001 550 3231 621 undique
3255 554 3500 622 collecta,
3525 557 3633 612 ini-

2048 634 2294 706 micaque
2323 646 2521 692 nostra:
2546 639 2734 694 salutis
2780 639 2928 695 nullo
2975 640 3122 696 aditu
3166 645 3450 713 permisso.
3495 645 3633 702 Cum

2048 725 2183 778 sciat
2210 725 2354 780 enim
2381 725 2626 782 inimicus
2655 737 2855 793 noster,
2881 743 2979 784 nos
3006 745 3103 800 per
3131 740 3340 803 tempus
3366 735 3494 790 illud
3513 751 3636 806 pos-

2047 831 2107 871 se
2148 816 2228 873 de
2245 818 2314 872 iis
2333 834 2451 889 qua:
2478 819 2546 875 ad
2591 828 2828 876 nostram
2859 823 3085 878 salutem
3110 825 3338 881 attinent
3370 827 3546 898 loqui,
3579 837 3638 884 et

2049 918 2264 978 peccata
2280 910 2542 976 conﬁteri,
2568 920 2626 968 et
2637 912 2853 967 vulnera
2883 913 3090 969 medico
3114 918 3419 984 ostendere,
3461 929 3514 974 et
3540 936 3629 974 sa.

2049 1001 2268 1056 nitatem
2310 1003 2759 1072 consequiz'ideo
2806 1004 3039 1062 maxime
3080 1016 3206 1062 tunc
3231 1009 3462 1071 obsistit;
3514 1027 3637 1066 om-

2047 1091 2240 1163 niaque
2267 1091 2393 1148 facit
2419 1103 2477 1149 et
2505 1103 2717 1158 tractat,
2748 1102 2807 1149 ut
2846 1110 2944 1150 nos
2995 1099 3299 1166 supplantat
3318 1142 3334 1166 ,
3364 1100 3640 1171 negligens

2050 1189 2234 1253 tesque
2251 1181 2458 1238 reddat.
2484 1182 2715 1239 Proinde
2739 1185 3300 1255 vigilemus,.obsecro,
3326 1199 3378 1244 et
3401 1190 3654 1246 scientes

2049 1275 2207 1332 inius'
2223 1276 2462 1343 insidias,
2490 1278 2721 1332 maxime
2739 1287 2980 1349 tempore
3009 1279 3100 1334 illo
3117 1295 3336 1350 operam
3363 1282 3555 1338 demus
3579 1294 3643 1338 ut

2049 1366 2200 1436 quasi
2231 1375 2548 1436 praesentem
2574 1367 2728 1422 illum
2754 1379 2879 1424 ante
2905 1369 3091 1424 oculos
3117 1380 3347 1426 stantem
3393 1373 3649 1428 videntes

2049 1472 2438 1528 oppugnemus,
2469 1467 2523 1514 et
2543 1460 2916 1530 cogitationem
2943 1475 3178 1527 omnem,
3202 1479 3321 1533 qua:
3350 1479 3446 1518 nos
3467 1465 3642 1520 inter-

2048 1549 2268 1605 turbare
2293 1551 2479 1620 possit,
2507 1551 2826 1621 repellamus
2856 1569 2871 1608 :
2903 1553 3360 1622 totique-nitamur
3379 1557 3543 1611 Deum
3576 1567 3646 1612 ut

2051 1637 2206 1695 decet
2225 1640 2442 1710 alloqui,
2460 1650 2520 1696 ut
2547 1656 2654 1696 non
2677 1643 3061 1708 solum-verba,
3092 1645 3186 1700 sed
3207 1654 3426 1702 etmens
3452 1649 3644 1702 verbo-

2049 1747 2168 1786 rum
2197 1747 2378 1788 comes
2400 1733 2478 1788 ad'
2498 1735 2663 1790 Deum
2688 1736 2963 1790 accedant;
2991 1736 3120 1791 Nam
3146 1738 3190 1792 si
3218 1739 3393 1809 lingua
3419 1742 3663 1810 quidem

2052 1821 2287 1892 proferat
2329 1821 2514 1889 verba,
2547 1839 2700 1879 mens
2727 1835 2904 1880 autem
2936 1826 3066 1881 foris
3091 1839 3364 1898 evagetur,
3392 1845 3509 1899 qua:
3533 1831 3668 1884 do.-

2051 1913 2124 1966 tni
2153 1921 2276 1967 sunt
2300 1913 2563 1977 lustrans,
2590 1925 2644 1969 et
2674 1915 2970 1985 imaginans
3006 1933 3126 1986 qua:
3165 1917 3216 1971 in
3249 1918 3364 1972 foro
3384 1931 3638 1989 aguntur,

2051 2006 2198 2060 nulla
2228 2004 2381 2060 nobis
2401 2005 2602 2062 utilitas
2625 2017 2727 2074 est,
2747 2008 2987 2063 fortassis
3013 2018 3188 2064 autem
3207 2019 3266 2066 et
3309 2011 3480 2082 major
3505 2028 3668 2066 cono-

2050 2097 2338 2152 demnatio.
2396 2096 2683 2152 Enimvero
2726 2098 2772 2152 si
2824 2113 2944 2152 cum
2982 2099 3226 2153 homines
3254 2101 3494 2166 adimus,
3529 2111 3642 2155 tam

2050 2188 2289 2244 studiose
2312 2187 2362 2242 id
2379 2189 2618 2254 agimus,
2637 2197 2695 2242 ut
2715 2203 2878 2258 pr0pe
2903 2198 3107 2244 stantes
3131 2203 3502 2260 smpenumero
3527 2209 3639 2246 non

2051 2279 2356 2345 videmnus,
2396 2278 2489 2334 sed
2519 2278 2820 2349 colligimus
2845 2289 3110 2347 mentem,
3140 2289 3196 2334 et
3218 2281 3286 2334 ad
3311 2297 3432 2334 eum
3462 2296 3503 2334 s.
3528 2281 3644 2336 lunt

2051 2378 2356 2439 spectamus
2388 2368 2455 2422 ad
2497 2383 2656 2438 quem
2685 2368 2989 2424 accedimus
3022 2381 3260 2439 :quanto
3288 2370 3456 2440 magis
3496 2371 3646 2440 aliud

2053 2458 2221 2512 Deum
2253 2457 2393 2512 idem
2429 2457 2604 2512 facere
2633 2466 2880 2527 Oportet,
2911 2469 2965 2513 et
2990 2458 3186 2529 jugiter
3215 2461 3462 2529 precibus
3506 2461 3643 2516 insi-

2050 2549 2233 2606 stere?
2253 2551 2477 2621 Propter
2493 2550 2596 2606 hoc
2619 2559 2674 2606 et
2701 2550 2895 2606 Paulus
2914 2551 3157 2606 scribens
3181 2551 3390 2606 dicebat
3420 2571 3433 2606 :
3463 2552 3641 2607 οναηι

2052 2652 2124 2697 tes
2153 2643 2206 2696 in
2229 2643 2369 2697 omni
2398 2653 2648 2714 tempore,
2687 2651 2830 2696 orate
2863 2653 2910 2698 et
2939 2643 2990 2695 in
3019 2644 3203 2711 spiritu
3231 2642 3392 2714 (Eph.
3421 2643 3473 2699 ϐ.
3513 2646 3645 2715 l8)-:

2054 2751 2159 2789 non
2189 2735 2365 2805 lingua
2396 2743 2621 2802 tantum,
2649 2742 2846 2790 etcum
2871 2746 3150 2806 perpetua,
3183 2736 3376 2807 inquit,
3406 2739 3642 2809 vigilan-

2055 2827 2146 2893 tia,
2175 2826 2268 2882 sed
2296 2824 2362 2880 Et
2382 2827 2436 2880 in
2478 2827 2678 2897 spiritu.
2709 2827 3026 2894 Spirilualcs
3061 2828 3204 2883 enim
3227 2869 3244 2894 ,
3297 2829 3484 2899 inquit,
3532 2832 3645 2886 sint

2052 2927 2245 2973 vestra:
2274 2919 2578 2988 petitiones,
2607 2919 2788 2974 sobria
2812 2920 2881 2974 sit
2935 2920 3095 2988 ratio,
3127 2929 3182 2976 et
3207 2921 3274 2976 iis
3302 2937 3421 2992 qua:
3447 2924 3644 2978 dicuno

2055 3017 2144 3063 tur
2169 3023 2320 3064 mens
2347 3009 2604 3064 attendat.
2636 3009 2786 3064 Talia
2815 3010 2997 3080 petite,
3020 3011 3197 3082 qualia
3225 3028 3264 3066 a-
3308 3013 3416 3069 Deo
3453 3023 3645 3084 petere

2054 3101 2325 3168 convenit,
2376 3109 2433 3154 ut
2457 3109 2508 3155 et
2530 3101 2694 3171 petita
2721 3101 3005 3158 obtineatis
3036 3119 3053 3157 :
3080 3113 3136 3158 et
3171 3106 3226 3159 in
3267 3105 3397 3160 illud
3436 3107 3648 3161 incum-

2056 3192 2264 3259 bentes,
2292 3200 2348 3247 et
2393 3192 2488 3246 toti
2522 3192 2898 3264 expcrgefacti,
2924 3194 3090 3249 sobrii
3134 3205 3190 3251 et
3215 3205 3396 3251 mente
3430 3199 3644 3268 vigiles,

2056 3301 2162 3341 non
2190 3286 2508 3352 oscitantes,
2529 3301 2627 3341 nec
2657 3301 2752 3342 vos
2782 3285 3064 3355 fricantes,
3093 3296 3149 3344 et
3175 3287 3301 3344 hinc
3338 3289 3462 3346 inde
3486 3307 3650 3346 men-

2057 3387 2165 3434 tem
2198 3387 2508 3434 vcrtcntes:
2557 3377 2652 3433 sed
2678 3393 2798 3432 cum
2841 3379 3032 3434 timore
3059 3387 3114 3434 et
3141 3387 3377 3436 tremore
3415 3381 3646 3436 salutent

2056 3479 2289 3524 vestram
2319 3467 2632 3539 operctnini.
2663 3466 2851 3521 Beatus
2877 3468 3043 3531 enim,
3070 3468 3261 3538 inquit,
3305 3468 3396 3539 qui
3440 3480 3651 3538 prapter

2059 3560 2292 3631 pietatem
2317 3561 2490 3614 metuit
2516 3559 2687 3614 omnia
2718 3558 2900 3631 (Prov.
2927 3558 3019 3616 28.
3045 3559 3156 3632 ﬂ).
3178 3560 3423 3630 Magnum
3445 3562 3646 3617 bonum

2059 3651 2315 3723 precatio.
2333 3650 2465 3705 Nam
2486 3650 2530 3704 si
2553 3649 2756 3704 homini
2783 3650 2911 3722 quis
2927 3650 3155 3721 loquens
3174 3652 3370 3708 virtute
3397 3653 3660 3723 praedito,

2060 3758 2163 3798 non
2190 3758 2409 3811 parvum
2430 3741 2553 3796 inde
2582 3741 2807 3797 fructum
2833 3743 3094 3813 percipit:
3117 3745 3330 3814 quantis
3360 3745 3515 3800 bonis
3531 3761 3654 3801 non-

2060 3835 2263 3890 fruetur
2313 3836 2381 3901 is,
2423 3837 2508 3890 cui
2547 3849 2666 3890 cum
2709 3837 2819 3890 Deo
2851 3836 3172 3906 colloquium
3223 3836 3420 3892 fuerit?
3461 3838 3660 3894 Oratio

2059 3929 2203 3983 enim
2229 3929 2550 3999 colloquium
2573 3937 2656 3983 cst
2697 3942 2818 3982 eum
2859 3928 2987 3983 Deo.
3020 3928 3171 3997 Quod
3214 3938 3277 3984 ut
3313 3931 3471 3998 scias,
3519 3933 3645 3988 andi

2061 4023 2374 4094 prophetam
2429 4021 2693 4076 dicentem
2723 4037 2737 4074 :
2765 4019 3061 4075 Iucundum
3114 4022 3181 4076 sit
3240 4022 3348 4078 Deo
3392 4024 3650 4094 eloquium

2060 4133 2224 4170 meum
2251 4116 2422 4186 (Paul.
2449 4115 2571 4170 103.
2595 4114 2686 4183 δι)
2717 4131 2730 4168 :
2758 4113 2862 4168 hoc
2879 4121 2982 4178 est,
3006 4128 3186 4170 sermo
3214 4115 3656 4185 meusjncundus

2059 4217 2312 4277 appareat
2344 4207 2472 4262 Deo.
2497 4206 2686 4260 Annon
2709 4205 2850 4260 enim
2868 4214 3123 4274 pmmre
3145 4215 3317 4276 potest
3339 4207 3642 4276 priusquam

2062 4297 2344 4367 petamus?
2372 4295 2566 4352 Verum
2605 4304 2820 4365 pr0pter
2846 4294 2948 4350 hoc
2966 4294 3147 4351 differt
3165 4305 3218 4352 et
3243 4308 3537 4367 exspectat,
3590 4307 3646 4351 ut

2061 4389 2396 4442 occasionem
2442 4387 2689 4456 accipiat,
2717 4401 2820 4456 qua
2845 4387 2989 4455 juste
3033 4400 3132 4441 nos
3180 4401 3274 4441 sua
3315 4388 3648 4457 proxideutia

2060 4477 2250 4546 dignos
2271 4476 2448 4531 faciat.
2469 4476 2593 4532 Sive
2607 4486 2786 4532 autem
2811 4491 3204 4546 consequamur
3227 4477 3368 4547 quod
3395 4481 3640 4548 petimus,

2061 4569 2174 4622 sive
2203 4583 2308 4622 non
2337 4582 2749 4637 consequamur,
2776 4581 3178 4636 perseveremus
3203 4584 3415 4639 semper
3440 4570 3491 4624 in
3521 4587 3654 4624 ont-

2065 4661 2208 4716 tione
2237 4676 2250 4712 :
2286 4669 2342 4716 et
2366 4676 2471 4715 non
2498 4660 2668 4714 solum
2695 4661 2891 4730 gratias
2917 4676 3136 4732 agamus
3162 4662 3205 4716 si
3232 4677 3643 4734 consequamur,

2062 4754 2156 4809 sed
2181 4753 2388 4809 etiamsi
2411 4752 2676 4822 repulsam
2704 4751 2847 4822 passi
2879 4750 3156 4807 fuerimus.
3187 4751 3322 4808 Nam
3357 4754 3648 4824 denegare,

2062 4860 2184 4900 cum
2213 4847 2348 4901 Deus
2375 4845 2506 4912 vult,
2547 4858 2657 4899 non
2684 4844 2859 4899 minus
2887 4852 2971 4899 cst
2997 4859 3155 4915 quam
3183 4845 3229 4899 si
3269 4847 3659 4902 concessisset.

2063 4936 2341 4992 Nescimus
2365 4936 2509 4992 enim
2537 4951 2637 4991 nos
2663 4951 2781 5006 qua:
2825 4935 2978 4991 nobis
3003 4935 3324 5004 conducant,
3357 4938 3496 4994 sicut
3534 4939 3650 5010 ipse

2064 5029 2231 5084 novit.
2260 5029 2442 5099 itaque
2466 5028 2580 5084 sive
2605 5028 2713 5082 voti
2741 5037 3038 5098 compotes,
3067 5041 3180 5084 sive
3205 5030 3438 5099 impotes
3461 5030 3651 5096 simus,

2064 5120 2262 5190 gratias
2285 5134 2444 5190 agere
2462 5119 2739 5175 debemus.
2766 5117 2834 5172 Et
2857 5118 2983 5188 quid
3013 5119 3250 5186 tniraris,
3276 5121 3322 5175 si
3351 5135 3451 5175 nos
3480 5123 3652 5177 nesei-

2067 5225 2186 5266 tnus
2207 5211 2334 5282 quid
2362 5210 2516 5266 nobis
2552 5209 2753 5282 prosit?
2792 5208 2987 5264 Paulus
3010 5249 3026 5276 ,
3073 5209 3194 5265 talis
3227 5219 3282 5265 et
3333 5219 3511 5266 tantus
3548 5213 3652 5278 vir,

2065 5318 2258 5359 sicana
2292 5302 2478 5358 audire
2519 5301 2710 5374 dignus
2744 5300 2975 5365 habitus,
3026 5299 3304 5370 igmrabat
3327 5315 3387 5355 se
3424 5316 3487 5356 ea
3529 5317 3653 5372 qua:

2067 5411 2173 5451 non
2211 5395 2572 5466 expediebant
2623 5394 2850 5465 precari.
2897 5392 3028 5448 Nam
3057 5394 3182 5463 quia
3225 5393 3441 5450 videbat
3471 5409 3531 5450 se
3576 5405 3653 5451 tot

2066 5485 2329 5541 molestiis
2369 5485 2533 5556 cingi,
2569 5499 2635 5540 ac
2660 5485 2976 5541 circumdari
3001 5485 3208 5540 crebris
3247 5485 3654 5553 tentationibus,

2066 5576 2254 5630 orabat
2279 5584 2335 5630 ut
2363 5575 2432 5639 ab
2456 5575 2534 5630 eis
2555 5575 2901 5640 liberaretur,
2944 5575 3103 5645 idque
3130 5591 3236 5629 non
3283 5577 3449 5632 semel
3481 5592 3652 5646 neque

2074 5669 2290 5736 iterum,
2344 5667 2438 5723 sed
2466 5674 2521 5724 et
2559 5665 2773 5736 Saepius.
2804 5665 2902 5722 Ter
2930 5667 3098 5738 enim,
3145 5665 3340 5738 inquit,
3382 5665 3652 5722 Dominum
