4102 6204
393 245 503 303 279

404 358 742 434 ήόμοφωνία
783 360 884 432 τὴν
931 360 1241 432 συνοίκησιν
1289 359 1594 432 εἰργάζετο,
1641 359 1812 420 οὕτως
1852 359 1886 428 ἡ
1920 356 2062 410 διαί-

397 464 548 519 ρεσις
588 447 690 517 τῆς
735 451 920 520 φωνῆς
961 449 1062 520 τὴν
1111 449 1408 519 διασπορὰν
1439 448 1621 511 αὐτοῖς
1653 445 2059 517 κατασκευάσῃ.

397 537 459 589 υί
495 537 570 608 μὴ
614 537 713 608 τὴν
748 536 919 608 αὐτὴν
955 537 1168 608 ἔχοντες
1201 537 1386 608 φωνὴν
1416 536 1510 591 καὶ
1549 533 1802 600 διάλεξιν,
1835 532 1952 595 πῶς
1996 530 2064 585 ἂν

396 623 659 691 ἠδύναντο
691 623 832 676 κατά
872 623 1039 677 ταύτὸ
1071 625 1274 689 οίκεῖν;
1312 623 1422 677 Καὶ
1455 622 1798 690 διέσπειρεν
1820 618 2061 685 αὐτοὺς,

397 711 552 781 φησὶ,
578 711 790 778 Κύριος
818 713 852 765 ὀ
886 711 1032 778 Θεὸς
1063 709 1292 765 ἐκεῖθεν
1318 710 1418 764 ἐπὶ
1477 707 1832 778 προσώπουι
1859 706 2065 774 πάσης

395 799 509 868 τῆς
546 798 679 870 γῆς,
717 800 816 853 καί
856 800 1204 854 ἐπαύσαντο
1245 798 1702 868 οἰκοδομοῦντες
1726 796 1841 864 τὴν
1884 796 2067 848 πόλιν

396 887 495 940 καὶ
533 887 640 941 τὸν
688 887 940 957 πύργον.
987 887 1130 958 Ὅρα
1175 885 1444 941 Δεσπότου
1499 883 1930 955 φιλανθρωπίαν,
1983 884 2064 947 είς

395 976 526 1046 ὅσην
556 976 754 1039 αὐτοὺς
781 974 1031 1028 ἐνέϐαλεν
1064 975 1396 1046 ἀμηχανίαν.
1425 974 1536 1028 Καὶ
1566 973 1677 1044 γὰρ
1722 971 2067 1042 μαινομένοις

395 1063 578 1117 λοιπὸν
629 1064 888 1119 ἐοίκασιν.
931 1065 989 1116 Ὀ
1028 1062 1125 1134 μὲν
1155 1063 1448 1116 ἐπέταττεν
1489 1060 1695 1131 ἕτερον,
1729 1063 1758 1114 0
1787 1059 1844 1112 δέ
1876 1059 2065 1131 ἐτερον

394 1149 638 1202 ἐπεδίδου
659 1165 672 1179 ·
724 1149 818 1202 καὶ
865 1148 1121 1219 ἀνόνητος
1163 1147 1348 1210 αὐτοῖς
1376 1145 1562 1200 λοιπὸν
1592 1141 1660 1218 ἦν
1692 1147 1840 1199 πᾶσα
1871 1146 1906 1216 ή
1941 1147 2063 1199 ἐπι-

395 1237 666 1308 χείρησις.
719 1236 810 1290 Διὸ
863 1236 970 1290 Καὶ
1023 1235 1370 1288 ἐπαύσαντο
1440 1232 1898 1303 οἰκοδομοῦντες
1949 1231 2066 1301 τὴν

392 1325 574 1377 πόλιν
610 1324 707 1377 καὶ
741 1323 848 1376 τὸν
884 1323 1134 1392 πύργον.
1163 1321 1267 1376 Διά
1308 1321 1484 1376 τοῦτο
1518 1320 1742 1388 ἐκλήθη
1785 1319 1850 1374 τύ
1878 1320 2066 1388 ὄνομα

391 1409 603 1478 αὐτῆς,
632 1410 936 1480 Σύγχυσις
959 1427 972 1441 ·
1007 1409 1094 1462 ὅτι
1138 1411 1268 1462 ἐκεῖ
1303 1408 1560 1477 συνέχεε
1609 1407 1822 1476 Κύριος
1848 1411 1881 1462 ὀ
1921 1407 2065 1475 Θεὸς

392 1498 465 1551 τὰ
513 1500 688 1566 χείλη
722 1497 927 1566 πάσης
958 1497 1076 1564 ’τῆς
1116 1495 1259 1567 γῆς’
1305 1497 1402 1550 καὶ
1453 1496 1682 1550 ἐκεῖθεν
1726 1496 2066 1564 διέσπειρεν

389 1585 610 1651 αὐτοὺς
648 1586 863 1652 Κύριος
903 1587 936 1638 ό
970 1584 1113 1650 Θεὸς
1160 1583 1260 1637 ἐπὶ
1301 1582 1507 1650 πάσης
1537 1582 1647 1650 τῆς
1694 1581 1827 1652 γῆς.
1864 1584 2062 1638 Σκόπει

391 1671 531 1724 πόσα
571 1671 800 1738 γίνεται,
845 1670 983 1724 ῶστε
1016 1670 1114 1741 τὴν
1156 1671 1376 1741 μνήμην
1415 1670 1579 1724 παντὶ
1608 1671 1685 1739 τῷ
1726 1669 1882 1722 αἰῶνι
1927 1687 2065 1738 συμ-

388 1758 859 1830 παρεκτείνεσθαι.
890 1756 1110 1828 Πρῶτον
1149 1756 1248 1827 μὲν
1281 1758 1314 1826 ή
1343 1757 1450 1809 τῶν
1477 1756 1736 1825 γλωσσῶν
1775 1757 2060 1827 διαίρεσις,

393 1843 590 1914 μᾶλλον
619 1843 676 1896 δὲ
703 1844 796 1896 καὶ
831 1843 938 1914 πρὸ
972 1841 1162 1896 τούτου
1189 1843 1222 1913 ή
1253 1841 1346 1894 τοῦ
1380 1841 1645 1913 ὀνόματος
1674 1841 2015 1914 προσηγορία
2043 1859 2056 1874 ·

388 1930 449 1984 10
475 1931 650 1984 Φαλέκ
679 1931 785 2000 γὰρ
814 1930 1001 2000 ὄνομα,
1042 1930 1180 2000 ὅπερ
1207 1931 1236 1982 0
1262 1929 1433 1998 Ἔϐερ
1475 1929 1713 2000 ἐπέθηκε
1757 1929 1835 2001 τῷ
1869 1930 2058 1994 παιδὶ,

394 2015 662 2087 μερισμὸν
698 2015 972 2084 σημαίνει.
999 2017 1230 2068 Ἔπειτα
1272 2017 1305 2085 ἡ
1345 2015 1440 2069 τοῦ
1472 2017 1636 2069 τόπου
1680 2017 2058 2089 προσηγορία·

390 2103 656 2170 Σύγχυσις
688 2101 797 2172 γὰρ
829 2103 857 2154 ὁ
893 2101 1053 2163 τόπος
1093 2101 1408 2171 ὠνομάσθη,
1433 2103 1570 2171 ὅπερ
1619 2103 1735 2155 ἐστὶ
1780 2103 2057 2157 Βαϐυλών.

393 2190 625 2243 Ἔπειτα
681 2189 844 2251 αὐτὸς
887 2189 916 2240 0
938 2188 1107 2259 Ἔϐερ
1132 2187 1290 2256 ἔμενε
1320 2189 1419 2259 τὴν
1443 2189 1614 2256 αὐτὴν
1642 2188 1780 2258 ἔχων
1805 2188 2059 2255 διάλεξιν,

389 2279 566 2347 ἥνπερ
609 2277 704 2330 καὶ
742 2275 1026 2347 πρότερον,
1063 2276 1150 2328 ἵνα
1194 2277 1288 2329 καὶ
1347 2275 1507 2330 τοῦτο
1557 2278 1782 2347 σημεῖον
1836 2277 2062 2348 ἐναργὲς

387 2363 611 2434 γένηται
657 2364 754 2433 τῆς
810 2363 1149 2435 διαιρέσεως.
1202 2361 1356 2428 Εἶδες
1403 2363 1497 2417 διά
1549 2363 1733 2417 πόσων
1783 2363 2061 2435 ἠϐουλήθη

387 2450 606 2520 διηνεκῆ
650 2451 749 2517 τὴν
801 2451 1021 2521 μνήμην
1067 2449 1446 2515 διασώζεσθαι,
1478 2452 1574 2506 καὶ
1621 2451 1891 2522 μηδέποτε
1921 2451 2060 2524 λήθῃ

388 2536 757 2607 παραδοθῆναι
784 2536 845 2588 τὸ
874 2537 994 2589 τότε
1030 2537 1426 2608 γεγενημένον;
1461 2538 1572 2592 Καὶ
1605 2539 1714 2610 7&9
1746 2539 1804 2604 ἐξ
1850 2539 2058 2593 ἐκείνου

388 2622 572 2676 λοιπὸν
601 2623 782 2693 πατὴρ
808 2623 958 2677 παιδὶ
984 2624 1228 2695 ἀνάγκην
1267 2620 1378 2696 εἶχε
1413 2626 1514 2696 τὴν
1548 2626 1729 2680 αἰτίαν
1753 2627 1931 2696 λέγειν
1959 2627 2060 2698 τῆς

389 2709 775 2781 ἐτεροφωνίας,
807 2711 904 2763 καὶ
934 2713 1064 2774 παῖς
1105 2711 1254 2782 παρά
1288 2712 1494 2784 πατρὸς
1542 2714 1832 2784 μανθάνειν
1879 2715 2059 2787 ἐζήτει

387 2795 488 2865 τῆς
515 2795 610 2847 τοῦ
644 2796 809 2849 τόπου
854 2796 1222 2868 προσηγορίας
1269 2797 1367 2868 τὴν
1410 2799 1618 2852 αίτίανο
1653 2799 1910 2855 Βαϐυλὼν
1951 2801 2058 2873 γὰρ

386 2881 476 2935 διὰ
504 2881 660 2936 τοῦτο
692 2884 720 2936 0
751 2882 915 2946 τόπος
955 2882 1282 2954 ὠνομάσθη,
1328 2885 1464 2957 ὅπερ
1504 2886 1618 2939 ἐστὶ
1650 2885 1929 2957 σύγχυσις,
1975 2890 2059 2942 ὅτι

387 2970 503 3022 ἐκεῖ
541 2970 758 3040 συνέχεε
793 2969 991 3041 Κύριος
1022 2972 1053 3024 0
1090 2971 1221 3034 Θεὸς
1253 2971 1321 3026 τά
1358 2973 1512 3044 χείλη
1555 2974 1735 3044 πάσης
1778 2977 1878 3046 τῆς
1923 2976 2055 3046 γῆς,

388 3057 482 3110 καὶ
509 3056 718 3110 ἐκεῖθεν
762 3056 1068 3128 διέσπειρεν
1097 3057 1314 3123 αύτούς.
1355 3059 1662 3131 Ἀμφότερα
1696 3061 1733 3129 ή
1764 3061 1859 3114 τοῦ
1890 3063 2056 3117 τόπου

386 3143 723 3214 προσηγορία
762 3144 1048 3213 σημαίνειν
1100 3161 1191 3214 μοι
1219 3145 1382 3212 δοκεῖ,
1416 3147 1511 3200 καὶ
1545 3147 1628 3200 ὄτι
1659 3147 1759 3212 τάς
1806 3146 2058 3217 γλώσσας

388 3228 625 3300 συνέχεε,
654 3229 748 3282 καὶ
775 3230 999 3283 αὐτόθεν
1031 3231 1130 3302 τὴν
1165 3232 1466 3305 διασπορὰν
1497 3233 1816 3304 ὑπέμειναν.

457 3385 516 3440 ε’.
533 3384 851 3453 Ἠκούσατε,
878 3387 1170 3458 ἀγαπητοὶ,
1187 3388 1350 3441 πόθεν
1371 3390 1552 3453 αὐτοῖς
1579 3392 1612 3462 ή
1638 3394 1734 3462 τῆς
1758 3393 2056 3466 διασπορᾶς

387 3479 642 3541 ὑπόθεσις
675 3480 884 3546 γέγονε,
914 3483 1009 3534 καὶ
1043 3481 1151 3534 τῶν
1184 3481 1438 3550 γλωττῶν
1481 3485 1515 3554 ή
1553 3485 1836 3556 διαίρεσις.
1865 3489 2057 3558 Φύγω-

390 3581 510 3634 μεν,
550 3564 874 3635 παρακαλῶ,
905 3565 1004 3635 τὴν
1041 3567 1294 3636 μίμησιν,
1329 3568 1424 3622 καὶ
1453 3572 1564 3633 τοῖς
1598 3573 1750 3644 παρά
1795 3574 1887 3626 τοῦ
1921 3575 2055 3628 Θεοῦ

387 3651 803 3722 παρασχεθεῖσιν
837 3652 967 3721 ἡμῖν
1002 3652 1081 3715 εἰς
1107 3653 1221 3707 δέον
1258 3654 1608 3726 χρησώμεθα,
1644 3659 1736 3710 καὶ
1764 3660 1864 3732 τήν
1894 3663 2055 3729 φύσιν

385 3737 485 3807 τὴν
513 3735 857 3808 ἀνθρωπίνην
893 3736 1196 3801 ἐννοοῦντες
1227 3739 1368 3792 οὕτω
1416 3740 1820 3814 βουλευώμεθα,
1854 3745 1930 3810 ὡς
1973 3747 2052 3800 εἱ·

387 3823 483 3888 κὸς
518 3822 835 3895 ἀνθρώπους
862 3822 1248 3894 βουλεύσασθαι
1280 3825 1506 3899 θνητοὺς
1535 3830 1927 3901 τυγχάνονταςο
1959 3835 2054 3888 καὶ

385 3913 719 3984 λογιζόμενοι
767 3913 861 3967 τοῦ
912 3914 1178 3984 παρόντος
1227 3915 1344 3987 βίου
1391 3917 1454 3971 τδ
1505 3918 1793 3990 ἐπίκηρον,
1843 3923 1937 3976 καὶ
1976 3925 2053 3989 ὼς

387 3998 594 4070 βραχὺς
624 4001 652 4052 0
680 3998 780 4069 τῆς
817 3998 961 4068 ζωῆς
997 3999 1152 4069 ήμῶν
1181 4002 1391 4072 χρόνος,
1433 4004 1629 4077 πολλὴν
1663 4007 1873 4072 ἑαυτοῖς
1913 4014 2054 4083 παῤ-

387 4086 583 4157 ρησίαν
626 4083 1064 4156 προαποθώμεθα
1107 4086 1194 4140 διά
1232 4090 1333 4160 τῆς
1379 4090 1488 4146 τῶν
1535 4093 1758 4162 ἀγαθῶν
1801 4097 2051 4168 πράξεων

383 4171 672 4242 ἐργασίας·
697 4170 792 4224 καὶ
817 4171 892 4242 μὴ
925 4173 1082 4242 μόνον
1103 4175 1201 4244 τῆς
1224 4176 1475 4246 νηστείας
1509 4179 1609 4250 τὴν
1635 4181 1884 4237 ἐπίτασιν
1913 4185 2052 4240 κατὰ

381 4257 482 4322 τὰς
529 4257 740 4329 ἡμέρας
769 4258 994 4322 ταύτας
1043 4259 1456 4332 ἐπιδειξώμεθα,
1498 4264 1636 4319 ἀλλά
1672 4268 1766 4321 καὶ
1819 4269 2050 4342 ἐλεημοε·

383 4345 550 4415 σύνης
585 4344 864 4431 δαψίλειαν
912 4347 1007 4399 καὶ
1057 4349 1364 4419 προσευχάς
1401 4350 1658 4416 ἐκτενεῖς.
1695 4355 1805 4410 Καὶ
1845 4356 1953 4428 γὰρ
1981 4361 2047 4431 τῇ

380 4431 606 4502 νηστεία
649 4430 748 4501 τὴν
797 4431 1103 4504 προσευχὴν
1141 4433 1228 4488 ἀεὶ
1279 4435 1628 4508 συνεζεῦχθαι
1669 4439 1768 4496 δεῖ.
1811 4443 1923 4497 Καὶ
1966 4430 2050 4499 δτι

379 4519 536 4573 τοῦτό
565 4521 710 4572 ἐστιν
735 4518 955 4590 ἀληθὲς,
979 4521 1140 4574 ἄκουε
1173 4520 1269 4575 τοῦ
1294 4523 1531 4594 Χριστοῦ
1557 4525 1802 4596 λέγοντος
1818 4546 1832 4561 ·
1869 4531 2049 4586 Τοῦτο

379 4607 443 4660 τὸ
472 4608 644 4675 γένος
672 4609 783 4662 οὐκ
813 4605 960 4679 [501]
998 4607 1397 4677 ἐκπορεύεται,
1425 4613 1478 4665 εί
1521 4612 1608 4682 μὴ
1641 4615 1712 4668 ἐν
1735 4617 2049 4690 προσευχῇ

379 4692 480 4745 καὶ
515 4694 782 4761 νηστείᾳ.
822 4694 930 4748 Καὶ
962 4695 1126 4750 πάλιν
1164 4696 1256 4750 ἐπὶ
1283 4697 1390 4752 τῶν
1421 4699 1752 4756 ἀποστόλωνο
1780 4707 2046 4771 Προσευ-

380 4777 622 4846 ξάμενοι
669 4781 799 4850 νὰρ,
854 4783 1021 4852 φησὶ,
1063 4783 1164 4836 καί
1220 4786 1680 4855 νηστεύσαντες⁹
1720 4790 2047 4858 παρέθεντο

377 4865 599 4932 αὐτοὺς
637 4867 718 4933 τῷ
754 4870 966 4938 Κυρίῳ,
999 4873 1086 4936 εἰς
1113 4871 1186 4925 ὃν
1220 4875 1744 4932 πεπιστεύκεισαν.
1779 4879 1888 4932 Καὶ
1935 4881 2046 4936 πά-

378 4951 462 5005 λιν
487 4953 516 5006 0
550 4954 888 5020 ’Λπόστολος
919 4957 1016 5026 Μὴ
1054 4959 1458 5028 ἀποστερεῖτε,
1490 4964 1676 5034 φησὶν,
1708 4964 2043 5036 ἀλλήλους,

376 5040 430 5092 εἰ
456 5039 543 5107 μὴ
596 5041 666 5094 ἐν
701 5044 1012 5113 προσευχῇ
1060 5046 1158 5099 καί
1215 5048 1485 5117 νηστείᾳ.
1520 5045 1673 5115 Εἶδες
1716 5052 1834 5117 πῶς
1875 5054 2045 5111 δεῖται

377 5126 476 5195 τῆς
517 5126 762 5182 ἐντεῦθεν
792 5132 1106 5202 συμμαχίας
1146 5134 1181 5204 ή
1213 5135 1466 5206 νηστεία;
1501 5137 1637 5191 Τότε
1669 5139 1777 5213 7&9
1811 5143 2044 5213 μάλιστα

377 5213 473 5265 καὶ
518 5215 657 5283 μετά
695 5215 907 5288 νήψεως
941 5221 996 5271 αῖ
1044 5221 1346 5292 προσευχαὶ
1392 5222 1654 5292 γίνονται,
1706 5232 2043 5303 κουφοτέρας

376 5300 474 5388 τῆς
509 5301 745 5388 διανοίας
771 5306 1164 5377 τυγχανούσης,
1198 5309 1291 5362 καὶ
1323 5310 1497 5364 οὐδενὶ
1527 5311 1888 5388 βαρουμένης,
1921 5300 2041 5373 οὐδὲ

377 5387 482 5440 ὑπὸ
510 5387 604 5441 τοῦ
631 5389 866 5460 πονηροῦ
894 5393 992 5462 τῆς
1013 5397 1222 5466 τρυφῆς
1254 5397 1474 5468 φορτίου
1502 5387 1853 5475 πιεζομένης.
1879 5405 2041 5475 Μέγα

374 5475 483 5546 7&9
515 5475 737 5564 01:).061‘7
775 5477 928 5548 εύχὴ,
969 5481 1176 5553 μεγάλη
1222 5484 1510 5552 ἀσφάλεια,
1543 5487 1715 5557 μέγας
1745 5489 2040 5564 θησαυρὸς,

376 5564 552 5636 μέγας
586 5563 770 5636 λιμὴν,
793 5565 991 5619 ἄσυλον
1016 5568 1241 5639 χωρίον’
1275 5572 1436 5641 μόνον
1462 5573 1558 5629 ἐὰν
1585 5576 1847 5648 νήφοντες
1880 5563 2042 5652 προσ-

435 5798 460 5825 “
483 5796 703 5858 Qualuor
723 5811 841 5848 mss.
861 5800 915 5848 el
937 5797 1066 5850 Bibl.
1088 5799 1163 5848 ἐπὶ
1181 5801 1454 5863 πρόσωπον.
1707 5839 1811 5856 με...

1533 241 1608 298 ίΝ
1642 243 1800 300 CAP.
1835 236 1904 296 XI
1949 240 2192 299 GENES.
2232 241 2460 301 "OMIL.
2502 245 2673 304 XXX.

3727 258 3834 315 ξω

2169 357 2337 429 ίωμεν
2364 359 2442 426 τῷ
2474 363 2741 435 Δεσπότῃ,
2771 363 2864 418 καὶ
2896 365 3232 436 πανταχόθεν
3269 366 3591 438 συνάγοντες
3623 369 3832 427 ἑαυτῶν

2166 445 2267 515 τήν
2317 446 2574 512 διάνοιαν,
2605 449 2749 503 οὕτω
2787 451 2883 523 τὴν
2928 452 3188 524 πρόσοδον
3228 453 3529 525 ποιώμεθα,
3563 458 3831 529 μηδεμίαν

2169 535 2519 605 παρείσδυσιν
2551 537 2785 602 διδόντες
2823 539 2902 610 τῷ
2935 540 3113 612 ἐχθρῷ
3142 541 3243 612 τῆς
3274 543 3544 613 σωτηρίας
3569 545 3667 616 τῆς
3693 547 3832 616 ήμε-

2163 620 2348 692 τέρας.
2386 623 2603 696 Ἐπειδὴ
2637 626 2746 696 γάρ
2788 620 2927 680 οίδεν
2968 628 3049 681 δτι
3100 629 3242 682 κατά
3273 629 3363 684 τὸν
3405 630 3591 701 καιρὸν
3623 633 3832 687 ἐκεῖνον

2161 705 2438 779 δυνάμεθα
2471 711 2728 782 περὶτῶν
2764 713 3093 784 συνεχόντων
3123 717 3267 786 ἡμᾶς
3310 716 3696 789 διαλεχθέντες,
3740 722 3832 775 καὶ

2163 793 2232 847 τὰ
2282 796 2646 868 ἡμαρτημένα
2696 800 3173 872 ἐξαγορεύσαντες,
3205 806 3298 857 καὶ
3336 806 3406 858 τά
3441 806 3732 877 τραύματα
3757 807 3832 878 τῷ

2168 882 2337 955 ἰατρῷ
2363 885 2654 951 δείξαντες,
2686 888 2887 958 πολλῆς
2925 890 3200 960 ἐπιτυχεῖν
3231 891 3330 962 τῆς
3356 891 3672 964 θεραπείας,
3709 896 3830 948 τότε

2167 972 2402 1043 μάλιστα
2432 975 2713 1043 ἐφίσταται
2744 979 2838 1032 καὶ
2869 979 3046 1032 πάντα
3070 983 3214 1032 ποιεῖ
3243 981 3336 1033 καὶ
3363 984 3830 1052 πραγματεύεται,

2164 1060 2306 1114 ὥστε
2334 1063 2629 1135 ἐκκροῦσαι
2670 1067 2819 1137 ἡμᾶς
2863 1068 2958 1120 καὶ
2994 1069 3074 1131 είς
3118 1068 3698 1140 ρᾳθυμίαν.ἐμ6αλεῖν.
3741 1073 3831 1124 Διὸ

2163 1149 2442 1220 νήφωμεν,
2481 1154 2806 1224 παρακαλῶ,
2836 1156 2931 1209 καὶ
2973 1156 3172 1221 εἰδότες
3195 1157 3360 1212 αὐτοῦ
3393 1158 3491 1222 τάς
3518 1159 3830 1225 ἐπιϐουλὰς,

2168 1237 2403 1305 μάλιστα
2431 1239 2572 1293 κατά
2600 1241 2691 1294 τὸν
2718 1242 2906 1316 καιρὸν
2941 1245 3146 1298 ἐκεῖνον
3183 1245 3594 1316 σπουδάζωμεν,
3632 1247 3830 1301 ὡσανεὶ

2167 1325 2408 1394 παρόντα
2443 1327 2539 1379 καὶ
2578 1328 2684 1400 πρὸ
2705 1328 2815 1383 τῶν
2835 1329 3127 1402 ὀφθαλμῶν
3152 1332 3308 1402 ἡμῶν
3329 1333 3542 1388 ἑστῶτα
3573 1334 3830 1406 ὁρῶντες,

2164 1409 2337 1476 οὕτως
2372 1413 2532 1467 αὐτὸν
2565 1415 2968 1488 διακρούεσθαι,
3020 1420 3114 1473 καὶ
3146 1419 3326 1474 πάντα
3354 1420 3612 1493 λογισμὸν
3643 1425 3829 1480 διατα-

2168 1499 2430 1571 ράττοντα
2456 1503 2609 1574 ήμῶν
2633 1505 2730 1576 τὴν
2753 1506 2987 1561 διάνοιαν
3020 1507 3377 1572 ἀπωθεῖσθαι,
3400 1511 3494 1564 καὶ
3524 1511 3678 1576 ὅλους
3704 1514 3814 1567 ἐαυ

2161 1589 2289 1652 τοὺς
2318 1590 2630 1654 συντείνειν,
2671 1594 2767 1646 καὶ
2797 1594 3000 1666 ἀκριϐῆ
3029 1596 3303 1651 ποιεῖσθαι
3331 1597 3429 1669 τὴν
3456 1598 3715 1666 ἔντευξιν,
3743 1603 3828 1656 ἵνα

2165 1674 2240 1745 μὴ
2271 1676 2431 1746 μόνον
2461 1679 2494 1748 ή
2527 1678 2743 1747 γλῶττα
2771 1681 3094 1752 φθέγγηται,
3121 1683 3258 1738 ἀλλά
3282 1685 3375 1739 καὶ
3403 1687 3437 1757 ἡ
3457 1686 3664 1742 διάνοια
3693 1707 3826 1761 συμσ

2162 1763 2321 1835 ϐαίνῃ
2353 1767 2466 1830 τοῖς
2489 1766 2819 1837 λεγομένοις.
2857 1769 2983 1822 Ἐάν
3011 1770 3120 1843 7&9
3151 1773 3183 1842 ἡ
3211 1772 3426 1841 γλῶττα
3453 1775 3553 1846 μὲν
3580 1777 3827 1849 προφέρῃ

2159 1849 2229 1903 τά
2263 1853 2502 1923 ῥήματα,
2549 1856 2581 1924 ἠ
2624 1855 2680 1909 δὲ
2725 1856 2930 1912 διάνοια
2979 1858 3085 1923 ἔξω
3131 1861 3424 1932 ρέμϐηται,
3455 1863 3522 1916 τὰ
3551 1865 3693 1918 κατά
3729 1865 3830 1935 τὴν

2159 1937 2336 1992 οίκίαν
2356 1942 2786 2011 περισκοποῦσά,
2815 1945 2881 1999 τά
2907 1946 3047 1999 κατά
3076 1946 3173 2018 τὴν
3195 1948 3825 2023 ἀγοράνφανταζομένη,

2159 2025 2310 2078 οὐδὲν
2331 2027 2462 2095 ἡμῖν
2491 2026 2680 2095 δφελος
2701 2028 2874 2096 ἔσται,
2904 2032 3044 2103 τάχα
3072 2032 3128 2086 δὲ
3159 2036 3252 2086 καὶ¹
3276 2025 3474 2088 πλείων
3502 2038 3535 2107 ἡ
3563 2039 3827 2110 κατάκρι-

2162 2127 2266 2173 σις.
2307 2113 2370 2165 El
2399 2112 2508 2184 7&9
2555 2114 2826 2186 ἀνθρώπῳ
2874 2119 3186 2187 προσιόντες
3226 2122 3494 2194 τοσαύτην
3527 2124 3828 2178 ἐπιδεικνύ-

2163 2197 2303 2268 μεθα
2351 2200 2448 2272 τὴν
2477 2202 2728 2274 σπουδὴν,
2768 2204 2844 2269 ὼς
2891 2207 3024 2277 μηδέ
3053 2208 3178 2272 τοὺς
3215 2208 3443 2281 πλησίον
3470 2213 3827 2284 παρεστῶτας

2161 2286 2419 2352 πολλάκις
2466 2290 2618 2361 όρᾷν,
2670 2291 2804 2347 ἀλλά
2839 2294 3127 2349 συντείνειν
3169 2297 3377 2352 ἐαυτῶν
3423 2299 3522 2372 τὴν
3566 2301 3824 2371 διάνοιαν,

2160 2374 2408 2428 κάκεῖνον
2477 2378 2638 2447 μόνον
2703 2382 3098 2450 φαντάζεσθαι,
3155 2377 3198 2452 ᾧ
3249 2386 3562 2458 προσίωμεν
3583 2403 3600 2420 ο
3646 2390 3826 2462 πολλῷ

2162 2462 2365 2533 μᾶλλον
2401 2465 2494 2518 ἐπὶ
2520 2465 2614 2518 τοῦ
2643 2467 2778 2521 Θεοῦ
2806 2469 2962 2523 τοῦτο
2992 2474 3163 2526 ποιεῖν
3190 2475 3339 2544 ἡμᾶς
3366 2477 3495 2548 χρὴ,
3535 2477 3629 2530 καὶ
3669 2495 3824 2530 συνεο

2160 2548 2272 2620 χῶς
2304 2552 2398 2604 καὶ
2448 2552 2806 2619 ἀδιαλείπτως
2848 2559 2965 2622 ταῖς
3000 2564 3324 2631 προσευχαῖς
3372 2567 3822 2636 προσκαρτερεῖν.

2159 2637 2258 2692 Διά
2287 2639 2394 2709 γὰρ
2423 2639 2580 2693 τοῦτο
2611 2643 2702 2694 καὶ
2749 2642 2961 2708 Παῦλος
2998 2646 3227 2717 γράφων
3269 2648 3444 2718 ἔλεγε,
3480 2652 3825 2719 Προσευχό-

2153 2742 2327 2795 μενοι
2373 2726 2444 2779 ὲν
2472 2729 2648 2780 παντὶ
2689 2729 2890 2798 καιρῷ,
2933 2736 3344 2804 προσεύχεσθε
3390 2737 3490 2790 καί
3536 2739 3607 2792 ἐν
3639 2740 3822 2793 πνεύ-

2153 2829 2324 2882 patr
2373 2815 2447 2885 μὴ
2500 2814 2719 2890 γλώσσῃ
2753 2818 2932 2888 μόνον,
2965 2822 3058 2875 καὶ
3107 2825 3245 2892 μετά
3295 2825 3600 2897 ἀγρυπνίας
3643 2827 3824 2898 διηνε-

2158 2899 2308 2964 κοῦς,
2340 2902 2524 2970 φησὶν,
2555 2903 2693 2956 ἀλλά
2723 2906 2813 2959 καὶ
2837 2907 2893 2960 ἐν
2921 2908 3056 2980 αὐτῇ
3087 2914 3153 2982 τῇ
3173 2911 3342 2983 ψυχῇ,
3369 2915 3471 2967 Ἐν
3511 2917 3821 2984 πνεύματι.

2156 2988 2506 3060 Πνευματικά
2542 2991 2672 3062 7&9,
2707 2994 2892 3063 φησὶν,
2922 2993 3062 3049 ἔστω
3099 2997 3253 3068 ὑμῶν
3290 2999 3360 3052 τὰ
3398 2987 3691 3071 αἰτήματα,
3729 3019 3826 3073 νη-

2155 3075 2303 3145 φέτω
2332 3079 2361 3131 0
2404 3077 2682 3148 λογισμὸς,
2719 3081 3072 3137 συντεινέσθω
3105 3087 3138 3155 ὴ
3184 3085 3390 3140 διάνοια
3432 3089 3543 3151 τοῖς
3594 3089 3824 3159 λεγομέ-

2155 3179 2284 3226 νοις.
2325 3163 2564 3218 Τοιαῦτα
2591 3165 2847 3230 αίτεῖσθε,
2876 3163 2963 3220 οἷα
2992 3169 3138 3234 εἰκὸς
3165 3171 3316 3242 παρά
3343 3172 3438 3226 τοῦ
3463 3173 3596 3226 Θεοῦ
3626 3177 3819 3239 αἰτεῖν,

2156 3249 2244 3304 ῖνα
2274 3251 2367 3304 καὶ
2389 3251 2500 3305 τῶν
2527 3253 2862 3323 αἰτουμένων
2889 3256 3181 3327 ἐπιτύχητε
3201 3275 3215 3289 ·
3256 3259 3351 3312 καὶ
3386 3262 3465 3323 είς
3498 3261 3628 3314 αὐτὸ
3653 3263 3824 3332 ἀγρυ-

2157 3334 2326 3405 πνῆτε
2371 3335 2801 3408 διεγηγερμένοι,
2837 3341 3117 3409 νήφοντες,
3161 3343 3523 3413 ἐγρηγορότες
3559 3346 3659 3417 τὴν
3702 3349 3821 3402 διά-

2155 3437 2322 3483 νοιαν,
2353 3422 2428 3491 μὴ
2463 3423 2836 3493 χασμώμενοι,
2886 3426 2981 3479 καὶ
3021 3427 3308 3498 κνώμενοι,
3340 3433 3434 3484 καὶ
3462 3425 3565 3485 ὦδε
3598 3435 3821 3488 κάκεῖσε

2153 3506 2245 3559 τὸν
2285 3506 2542 3592 λογισμὸν
2576 3510 2983 3580 περιαγόμενοι,
3017 3513 3152 3566 ἀλλά
3186 3515 3324 3584 μετά
3353 3517 3522 3586 φόϐου
3564 3521 3657 3573 καὶ
3695 3522 3821 3592 τρό-

2158 3609 2260 3662 μου
2278 3591 2376 3663 τὴν
2397 3593 2603 3646 ἑαυτῶν
2625 3597 2894 3667 σωτηρίαν
2920 3600 3341 3672 κατεργάζεσθε.
3365 3604 3665 3675 Μακάριος
3687 3591 3816 3678 γάρ,

2155 3680 2340 3766 φησὶν,
2375 3679 2439 3748 ὃς
2469 3683 2882 3751 καταπτήσσει
2936 3689 3133 3744 πάντα
3165 3690 3239 3744 δι’
3283 3693 3619 3749 εὐλάϐειαν.
3657 3697 3820 3766 Μέγα

2153 3765 2358 3834 ἀγαθὸν
2389 3770 2421 3839 ή
2454 3769 2607 3840 εύχή.
2638 3772 2699 3825 Et
2728 3773 2839 3845 γάρ
2872 3774 3144 3848 ἀνθρώπῳ
3177 3795 3262 3843 τις
3289 3779 3667 3852 διαλεγόμενος
3696 3765 3819 3838 ἐνα-
3922 3849 3926 3852 _

2158 3853 2318 3925 ρέτῳ,
2348 3857 2409 3909 οὐ
2463 3858 2666 3929 μικράν
2697 3859 2755 3927 ἐξ
2802 3861 2966 3916 αὑτοῦ
3002 3865 3306 3934 καρποῦται
3333 3867 3428 3938 τὴν
3464 3867 3753 3938 ὠφέλειαν,
3787 3872 3818 3926 0

2152 3941 2274 4012 Θεῷ
2305 3943 2648 4012 διαλέγεσθαι
2697 3948 3050 4014 καταξιωθεὶς
3103 3952 3284 4006 πόσων
3322 3956 3423 4009 οὐκ
3449 3957 3816 4014 ἀπολαύσεται

2151 4029 2260 4083 τῶν
2283 4031 2538 4100 ἀγαθῶν;
2575 4036 2640 4088 Ἦ
2675 4035 2782 4107 γὰρ
2806 4036 2937 4107 εὐχὴ
2975 4036 3202 4103 διάλεξις
3234 4043 3349 4094 ἐστι
3375 4043 3512 4112 πρὸς
3542 4045 3634 4098 τὸν
3658 4047 3813 4102 Θεόν.

2152 4117 2262 4171 Καὶ
2288 4118 2374 4174 ἴνα
2415 4121 2612 4196 μάθῃς,
2653 4123 2815 4178 ἄκουε
2847 4124 2942 4178 τοῦ
2990 4129 3268 4198 προφήτου
3307 4128 3576 4197 λέγοντος,
3608 4132 3801 4188 Ἠδυνο

2151 4206 2278 4274 θείη
2295 4205 2375 4273 τῷ
2393 4206 2514 4274 Θεῷ
2537 4211 2574 4278 ἡ
2588 4209 2835 4279 διαλογὴ
2852 4229 2972 4280 μου
2990 4212 3141 4284 1302]
3184 4214 3329 4269 τοῦτ’
3345 4215 3510 4277 ἔστιν,
3529 4220 3564 4289 ἡ
3583 4219 3816 4287 διάλεξίς

2153 4310 2254 4363 μου
2283 4295 2440 4364 ήδεῖα
2479 4299 2669 4368 φανείη
2697 4297 2776 4368 τῷ
2807 4298 2946 4368 Θεῷ.
2989 4301 3082 4373 Μὴ
3110 4303 3216 4374 γὰρ
3247 4304 3341 4358 καὶ
3367 4305 3495 4376 πρὶν
3520 4305 3552 4377 ἢ
3577 4309 3811 4379 αἰτήσω-

2151 4394 2272 4449 μεν,
2305 4380 2406 4434 οὐκ
2432 4381 2658 4450 ἠδύνατο
2679 4386 2979 4454 παρασχεῖν
3001 4401 3016 4450 ;
3054 4385 3210 4451 Ἀλλά
3236 4388 3324 4444 διὰ
3353 4390 3511 4444 τοῦτο
3531 4391 3812 4462 ἀναμένει,

2149 4463 2236 4518 ἵνα
2273 4466 2528 4538 ἀφορμὴν
2557 4467 2693 4539 λάϐῃ
2725 4471 2854 4540 παρ’
2885 4470 3041 4542 ήμῶν
3067 4472 3161 4527 τοῦ
3203 4473 3423 4540 δικαίως
3450 4478 3598 4549 ἡμᾶς
3627 4477 3811 4544 ἀξιοῦν

2147 4551 2246 4621 τῆς
2268 4553 2398 4624 παρ’
2446 4553 2610 4607 αὑτοῦ
2645 4557 2918 4626 προνοίας.
2968 4558 3086 4614 Κάν
3113 4561 3456 4634 ἐπιτύχωμεν
3499 4567 3676 4620 τοίνυν
3703 4567 3811 4622 τῶν

2148 4638 2502 4709 αῖτηθέντων,
2543 4638 2646 4694 κᾶν
2671 4640 2746 4712 μὴ
2783 4642 3150 4715 ἐπιτύχωμεν,
3187 4648 3592 4720 παραμένωμεν
3622 4655 3690 4723 τῇ
3726 4656 3798 4706 αῖ-

2145 4725 2322 4795 τήσει,
2371 4725 2466 4778 καὶ
2517 4726 2592 4798 μὴ
2658 4727 2817 4797 μόνον
2862 4731 3312 4801 ἐπιτυγχάνοντες
3376 4735 3808 4808 εύχαριστῶμεν,

2145 4811 2282 4865 άλλά
2329 4812 2422 4864 καὶ
2460 4812 2946 4882 ἀποτυγχάνοντες.
2997 4818 3071 4869 Τὸ
3116 4818 3226 4890 7&9
3270 4821 3580 4893 ἀποτυχεῖν,
3611 4824 3740 4878 ὅταν
3781 4828 3806 4882 ό

2144 4897 2278 4960 Θεὸς
2313 4897 2588 4968 βούληται,
2629 4900 2728 4954 οὐκ
2766 4900 2992 4956 ἔλασσόν
3035 4905 3151 4958 ἐστι
3194 4906 3287 4960 τοῦ
3331 4909 3624 4981 ἐπιτυχεῖν.
3671 4910 3815 4965 Ούδδ

2143 4984 2252 5056 7&9
2279 4985 2438 5054 ῖσμεν
2473 4985 2544 5038 τὰ
2572 4988 2734 5058 ἡμεῖς
2765 4989 3109 5061 συμφέροντα
3153 4995 3285 5065 ἡμῖν
3320 4995 3511 5062 οὕτως,
3541 4998 3618 5062 ὡς
3645 4998 3804 5064 αὐτὸς

2151 5071 2459 5125 ἐπίσταται.
2487 5072 2649 5127 Ὥστε
2675 5071 2792 5143 οὖν,
2842 5076 2942 5131 κᾶν
2968 5079 3331 5153 ἐπιτύχωμεν,
3367 5083 3470 5136 κᾶν
3519 5085 3804 5156 ἀποτύχοι-

2145 5175 2264 5231 μεν,
2297 5159 2635 5232 εὐχαριστεῖν
2659 5163 2964 5236 ὀφείλομεν.
3012 5168 3122 5222 Καὶ
3143 5170 3198 5223 τί
3223 5169 3521 5242 θαυμάζεις
3556 5173 3606 5226 εί
3645 5175 3803 5245 ἡμεῖς

2140 5253 2241 5309 οὐκ
2270 5253 2428 5326 ἴσμεν
2452 5256 2522 5312 τά
2547 5257 2927 5330 συμφέροντας
2963 5259 3175 5326 Παῦλος
3201 5262 3230 5314 0
3253 5263 3504 5328 τοσοῦτος
3539 5264 3632 5319 καὶ
3652 5265 3800 5338 τηλι-

2140 5345 2353 5413 κοῦτος,
2381 5350 2412 5403 ό
2435 5349 2546 5403 τῶν
2569 5351 2897 5423 ἀπορρήτων
2941 5353 3164 5408 ἐκείνων
3201 5355 3472 5424 ἀξιωθεὶς,
3521 5359 3705 5430 ἠγνόει
3735 5361 3802 5415 τὸ

2143 5437 2220 5509 μὴ
2258 5439 2605 5512 συμφέροντα
2644 5443 2834 5499 αίτῶν.
2869 5445 3086 5519 Ἐπειδὴ
3136 5448 3243 5520 7&9
3276 5448 3422 5521 ἐώρα
3473 5452 3665 5508 ἐαυτὸν
3709 5471 3796 5510 xu-

2139 5529 2434 5602 κλούμινον
2465 5533 2571 5588 ὑπὸ
2615 5535 2724 5590 τῶν
2752 5535 2942 5592 δεινῶν
2987 5539 3081 5594 καὶ
3123 5541 3233 5596 τῶν
3257 5542 3572 5616 ἐπαλλήλων
3607 5563 3800 5620 πειρα·

2141 5623 2316 5695 σμῶν,
2351 5623 2554 5694 ηὔξατο
2579 5627 2786 5682 τούτων
2815 5630 3213 5704 ἀπαλλαγῆναι,
3264 5637 3358 5690 καὶ
3389 5638 3486 5708 οὐχ
3511 5638 3659 5705 ἀπαξ
3681 5643 3797 5696 ούδί

2141 5717 2409 5789 δεύτερον,
2438 5717 2574 5771 ἀλλά
2619 5721 2712 5774 καὶ
2756 5722 3032 5790 πολλάκις.
3069 5729 3273 5796 Τρίτον
3323 5731 3451 5802 γὰρ,
3495 5733 3650 5804 φησὶ,
3698 5735 3799 5787 τὸν

2143 5805 2786 5889 Κύριον-παρεκάλεσα.
2811 5815 2885 5873 Τὸ
2914 5817 2969 5872 δὲ
3001 5818 3228 5888 Τρίτον,
3262 5821 3520 5890 πολλάκις
3560 5823 3806 5894 παρεκά-
