4102 6204
325 252 421 307 28!

326 368 470 429 λεσε,
511 365 606 420 καί
628 365 727 419 οὐκ
756 363 1039 433 ἐπέτυχεν.
1072 363 1299 432 Ἰδωμεν
1322 357 1416 415 οῦν
1446 359 1563 423 πῶς
1585 358 1816 426 διετέθη.
1843 352 1990 427 ’Ἆρα

328 455 404 524 μή
429 454 780 523 ἐδυσχέρανεν
799 457 851 513 ⁸;
888 447 998 520 ἆρα
1025 450 1383 522 ὀκνηρότερος
1410 448 1665 516 γέγονεν;
1702 442 1811 516 ἆρα
1833 445 1984 514 ἐνάρ⁸

323 557 523 610 κησενς
572 539 725 609 Οὐχί.
765 538 924 592 ’Λλλά
977 538 1030 592 τί
1084 553 1282 608 φησιν;
1340 533 1528 599 Εἶπεν,
1569 533 1752 601 Ἀρκεῖ
1797 548 1894 586 σοι
1952 531 1991 599 ἡ

323 629 496 697 χάρις
525 645 666 695 μου.
696 627 759 682 ’11
797 627 906 698 γὰρ
933 625 1163 696 δύναμίς
1189 642 1290 696 μου
1321 623 1378 676 ἐν
1399 620 1652 691 ἀσθενείᾳ
1672 617 1991 672 τελειοῦται.

324 717 400 769 Οὐ
430 716 588 784 μόνον
615 714 716 767 οὐκ
764 713 1135 784 ἡλευθέρωσεν
1180 711 1342 765 αὐτὸν
1369 710 1476 762 τῶν
1507 707 1868 778 ἐπικειμένων
1904 706 1995 758 λυ-

326 802 538 874 πηρῶν,
589 801 724 855 ἀλλά
760 802 853 854 καὶ
893 799 1247 869 ἐναπομένειν
1275 797 1434 852 αὐτὸν
1463 796 1632 851 είασε.
1676 795 1816 848 Ναίο
1858 793 1995 846 ἀλλά

326 889 486 943 πόθεν
511 888 667 959 δῆλον
689 889 770 942 ότι
803 887 902 940 οὐκ
927 886 1319 957 ἐδυσχέρανεν;
1357 887 1554 937 Ἄκουε
1582 882 1794 937 Παύλου
1817 880 1996 949 λέγον-

322 995 430 1042 τος,
466 977 652 1048 ἐπειδὴ
687 976 856 1047 ἔμαθε
890 974 960 1028 τὰ
1001 974 1257 1028 δοκοῦντα
1301 971 1378 1043 τῷ
1427 971 1704 1042 Δεσπότῃ·
1746 969 1994 1025 Ἥδιστα

322 1061 440 1119 οὖν
462 1064 842 1133 καυχήσομαι
863 1063 932 1116 ὲν
957 1061 1087 1128 ταῖς
1139 1063 1477 1126 ἀσθενείαις
1524 1077 1663 1128 μου.
1691 1059 1767 1111 Οὐ
1813 1058 1994 1128 μόνον,

323 1153 480 1222 φησὶ,
503 1151 686 1204 λοιπὸν
721 1149 1100 1222 ἀπαλλαγῆναι
1131 1149 1230 1202 οὐκ
1257 1147 1520 1217 ἐπιζητῶ,
1551 1145 1688 1200 ἀλλὰ
1724 1146 1819 1199 καὶ
1855 1143 1993 1214 μετὰ

324 1239 569 1300 πλείονος
606 1239 705 1308 τῆς
734 1237 925 1308 ἡδονῆς
955 1238 1301 1307 καυχήσομαι
1332 1235 1425 1288 ἐπὶ
1465 1234 1690 1296 τούτοις.
1725 1228 1876 1295 Εἶδες
1904 1232 1992 1284 εὐ.

323 1325 575 1396 γνώμονα
601 1325 780 1396 ψυχήν
801 1342 814 1389 ;
859 1321 994 1388 εἶδες
1027 1325 1190 1377 πόθον
1212 1323 1306 1377 τὸν
1325 1324 1453 1393 περί
1480 1322 1570 1374 τὸν
1596 1321 1758 1386 Θεόν;
1788 1322 1990 1373 ’Δκου-

326 1431 418 1467 σον
458 1412 622 1466 αὐτοῦ
673 1413 953 1480 λέγοντος·
1001 1412 1070 1465 Τὸ
1121 1411 1232 1480 γὰρ
1263 1411 1320 1464 τί
1357 1409 1807 1479 προσευξόμεθα
1845 1409 1990 1462 καθὸ

323 1501 434 1563 δεῖ,
474 1502 584 1554 οὐκ
624 1499 886 1568 υίόαμεν.
919 1497 1035 1569 Οὐχ
1061 1495 1171 1553 οἷόν
1200 1516 1280 1562 τε,
1303 1499 1485 1569 φησὶν,
1505 1496 1822 1568 ἀνθρώπους
1843 1497 1990 1566 ἡμᾶς

323 1590 483 1650 δντας
508 1587 704 1641 εἰδέναι
749 1588 925 1640 πάντα
957 1585 1221 1657 ἀκριϐῶς.
1265 1588 1355 1638 Δεῖ
1396 1582 1490 1639 οὖν
1531 1587 1881 1656 παραχωρεῖν
1910 1583 1989 1654 τῷ

323 1674 636 1745 δημιουργῷ
679 1674 774 1742 τῆς
804 1673 1076 1745 ἡμετέρας
1112 1674 1347 1742 φύσεως,
1380 1673 1606 1726 κάκεῖνα
1641 1671 1777 1741 μετά
1817 1673 1991 1741 χαρᾶς

323 1761 572 1831 δέχεσθαι
604 1763 695 1813 καὶ
721 1760 921 1829 πολλῆς
953 1761 1051 1830 τῆς
1082 1752 1298 1829 ἡδονῆς,
1324 1759 1467 1829 άπερ
1491 1758 1650 1821 αὐτὸς
1682 1758 1988 1827 δοκιμάσει,

325 1851 418 1901 καὶ
454 1850 528 1918 μὴ
569 1848 704 1919 πρὸς
737 1849 836 1918 τὴν
877 1848 999 1916 ὄψιν
1037 1847 1146 1901 τῶν
1177 1847 1476 1916 γινομένων
1517 1847 1666 1916 όρᾷν,
1695 1844 1831 1898 ἀλλὰ
1857 1844 1991 1914 πρὸς

323 1937 392 1988 τά
429 1934 685 1988 δοκοῦντα
727 1935 804 2005 τῷ
839 1934 1119 2004 Δεσπότη.
1167 1934 1227 1986 '0
1269 1933 1378 2003 γὰρ
1415 1931 1569 1994 εἰδὼς
1616 1933 1677 1984 r6
1713 1931 1990 2000 συμφέρον

328 2021 528 2092 μᾶλλον
572 2022 752 2092 ἡμῶν,
797 2021 957 2084 αὐτὸς
994 2017 1101 2074 οἰδε
1142 2021 1234 2073 καὶ
1274 2021 1424 2084 ὅπως
1463 2019 1544 2072 δεῖ
1589 2018 1686 2090 τὴν
1721 2017 1992 2088 σωτηρίαν

325 2111 424 2180 τὴν
456 2110 731 2180 ἡμετέραν
769 2108 1110 2179 μεθοδεῦσαι.

396 2205 469 2261 ς’.
487 2197 551 2249 'H
560 2197 674 2267 μῶν
696 2197 874 2248 τοίνυν
892 2196 948 2248 ἓν
968 2195 1126 2266 ἔργον
1153 2195 1311 2259 έστω,
1331 2194 1392 2247 r6
1405 2194 1668 2264 διηνεκῶς
1688 2195 1805 2257 ταῖς
1823 2211 1992 2264 προσ-

326 2286 511 2355 ευχαῖς
589 2287 1048 2355 προσκαρτερεῖν,
1096 2284 1190 2336 καί¹
1245 2283 1319 2354 μὴ
1378 2283 1666 2352 ἀσχάλλειν
1710 2283 1845 2353 πρὸς
1891 2285 1990 2355 τὴν

328 2371 653 2442 βραδυτῆτα,
694 2371 830 2425 ἀλλά
881 2370 1080 2441 πολλὴν
1123 2370 1222 2441 τὴν
1263 2369 1642 2443 μακροθυμίαν
1691 2370 1994 2423 ἐπιδείκνυ-

328 2459 470 2512 σθαι.
499 2459 631 2511 Οὐδέ
659 2458 765 2528 γάρ
787 2458 1063 2510 ἀνανεύων
1083 2456 1238 2528 ἡμῶν
1270 2457 1406 2528 πρὸς
1432 2458 1530 2518 τὰς
1556 2457 1804 2526 αἰτήσεις
1832 2457 1996 2526 ὑπερ-

323 2546 554 2608 τίθεται,
585 2545 720 2598 ἀλλά
774 2545 1124 2614 σοφιζόμενος
1155 2544 1313 2614 ἡμῶν
1361 2544 1460 2613 τὴν
1502 2543 1854 2614 προσεδρίαν,
1899 2542 1996 2596 καὶ

329 2633 648 2703 βουλόμενος
695 2635 844 2703 ἡμᾶς
902 2631 1168 2702 διηνεκῶς
1218 2632 1355 2702 πρὸς
1401 2631 1592 2685 ἑαυτὸν
1644 2630 1990 2699 ἐφέλκεσθαι.

338 2719 488 2772 Ἐπεὶ
517 2721 611 2774 καὶ
635 2721 815 2790 πατὴρ
839 2719 1189 2791 φιλόστοργος
1215 2718 1533 2788 αἰτούμενος
1561 2717 1820 2781 πολλάκις
1845 2719 1994 2790 παρὰ

326 2807 421 2860 τοῦ
455 2807 643 2870 παιδὸς
671 2807 769 2859 οὐκ
821 2805 1084 2869 ἐπινεύει,
1112 2807 1233 2876 οὐχί
1279 2805 1354 2875 μὴ
1411 2804 1735 2875 βουλόμενος
1786 2805 1994 2870 δοῦναι,

326 2895 464 2948 ἀλλά
484 2895 577 2973 τοῦ
600 2894 787 2956 παιδὸς
811 2893 907 2964 τὴν
931 2893 1254 2964 προσεδρίαν
1277 2891 1364 2944 διὰ
1384 2890 1573 2944 τούτου
1594 2891 1992 2962 ἐπισπώμενος.

308 2981 514 3034 -Ταῦτα
542 2981 598 3033 δέ
619 2981 978 3048 γινώσκοντες
1009 2981 1056 3046 δ,
1089 2979 1356 3050 μηδέποτε
1384 2978 1836 3050 ἀπαγορεύωμεν,
1860 2978 1995 3049 μηδέ

330 3070 697 3138 διαλείπωμεν
725 3067 1060 3138 προσιόντες,
1098 3066 1192 3119 καὶ
1227 3066 1324 3128 τάς
1348 3066 1628 3136 ἰκετηρίας
1657 3065 1992 3136 ποιούμενοι.

331 3157 394 3209 Εἰ
419 3156 530 3227 γάρ
571 3154 663 3208 τὸν
686 3153 836 3224 ὠμὸν
859 3154 1065 3205 ἐκεῖνον
1091 3153 1185 3205 καὶ
1220 3151 1406 3221 ἀπηνῆ
1429 3150 1708 3221 δικαστήν,
1739 3154 1832 3204 καὶ
1859 3155 1995 3222 μήτε

327 3243 570 3298 τὸνθεόν
599 3241 951 3312 φοϐούμενον,
993 3242 1027 3310 ἡ
1068 3239 1363 3311 προσεδρία
1386 3239 1484 3310 τῆς
1513 3238 1770 3307 γυναικὸς
1791 3237 2000 3304 ἐξεὸιά-

331 3350 484 3395 σατο,
517 3334 612 3385 καὶ
640 3331 792 3402 [303]
828 3329 1188 3394 ἐξεκαλέσατο
1216 3331 1295 3390 είς
1327 3327 1427 3395 τὴν
1457 3329 1653 3398 ἑαυτῆς
1678 3328 1961 3397 ἀντίληψιν
1980 3345 1995 3360 ο

331 3420 482 3489 πόσῳ
509 3418 708 3488 μᾶλλον
735 3419 914 3487 ἡμεῖς,
937 3418 985 3469 εἰ
1011 3414 1403 3485 βουληθείημεν
1417 3414 1633 3484 ἐκείνην
1657 3415 1998 3486 μιμήσασθαι

328 3509 429 3574 τήν
459 3506 714 3572 γυναῖκα.
746 3503 836 3554 τὸν
869 3503 902 3572 ἡ
912 3518 1078 3572 μερον
1100 3501 1195 3554 καὶ
1217 3499 1599 3570 φιλάνθρωπον
1622 3499 1782 3570 ἡμῶν
1799 3500 2000 3553 Δεσπό-

329 3608 450 3660 την,
471 3592 560 3644 r6v
590 3589 976 3657 εὐσπλαγχνον,
999 3589 1093 3641 καί⁵
1117 3587 1466 3658 ἐπιτρέχοντα
1487 3586 1642 3657 ἡμῶν
1665 3589 1732 3657 τῇ
1758 3587 2000 3659 σωτηρίᾳ

331 3677 735 3749 ἐκκαλεσόμεθα
783 3683 917 3746 πρὸς
949 3675 1047 3745 τὴν
1088 3673 1648 3744 οἰκείαν·άντίληψιν;
1689 3673 1998 3728 Παιδεύσω-

335 3783 434 3836 μεν
471 3765 646 3818 τοίνυν
673 3764 896 3826 ἐαυτούς
924 3761 1386 3823 δυσαποσπάστως
1412 3759 1574 3830 ἔχειν,
1615 3760 1709 3812 καὶ
1737 3760 2000 3829 διηνεκῶς

329 3864 450 3923 ταῖς
469 3861 793 3930 προσευχαῖς
819 3855 1217 3928 προσηλῶσθαι,
1241 3857 1334 3908 καί⁵
1356 3857 1412 3908 ἐν
1436 3855 1617 3926 ἡμέρᾳ
1633 3854 1725 3908 καὶ
1749 3856 1806 3907 ἐν
1824 3855 1996 3922 νυκτὶ,

337 3949 427 4001 καὶ
461 3946 658 4016 μᾶλλον
711 3947 768 3997 ἐν
799 3945 971 4005 νυκτὶ,
1009 3944 1097 3996 ὅτε
1132 3942 1304 4005 οὐδεὶς
1334 3942 1362 3993 6
1403 3939 1657 4011 ἐνοχλῶν,
1701 3941 1787 3993 ὅτε
1831 3940 1998 4010 πολλὴ

329 4035 439 4090 τῶν
467 4033 740 4104 λογισμῶν
767 4034 800 4104 ἡ
830 4032 1057 4102 γαλήνη.
1091 4031 1176 4083 ὅτε
1201 4029 1367 4098 πολλὴ
1400 4029 1433 4099 ἡ
1467 4028 1684 4100 ἡσυχία,
1712 4028 1805 4080 καὶ
1829 4045 1999 4099 ταρα-

328 4124 431 4191 κῆς
463 4120 620 4184 ἐκτὸς
654 4119 715 4173 r6
737 4120 1022 4190 δωμάτιον,
1060 4117 1270 4180 οὐδενὸς
1291 4117 1442 4178 ὄντος
1470 4114 1562 4168 τοῦ
1592 4114 1884 4184 ἐκκροῦσαι
1912 4115 2002 4168 δυο

333 4207 588 4278 ναμένου,
622 4208 716 4261 καὶ
743 4206 1049 4275 ἀποστῆσαι
1068 4205 1167 4274 τῆς
1199 4203 1482 4273 προσόδου,
1509 4203 1597 4255 ὅτε
1629 4203 1938 4273 συνηρμένη
1971 4213 1995 4240 ο

330 4295 672 4364 τυγχάνουσα
709 4297 742 4363 ἡ
772 4295 976 4347 διάνοια
998 4293 1175 4345 πάντα
1217 4291 1352 4362 μετά
1383 4291 1666 4362 ἀκριϐείας
1705 4291 2000 4345 ἀναθέσθαι

328 4381 550 4456 δύναται
583 4381 659 4450 τῷ
683 4381 792 4432 τῶν
813 4379 999 4450 ψυχῶν
1027 4378 1214 4450 ἰατρῷ.
1240 4379 1303 4432 Εί
1331 4380 1440 4448 γάρ
1462 4380 1491 4431 6
1521 4377 1790 4448 μακάριος
1815 4377 1996 4446 Δαυῒδ,

329 4469 360 4520 ό
387 4467 636 4536 βασιλεὺς
669 4466 804 4537 ὁμοῦ
833 4469 925 4520 καὶ
960 4468 1266 4537 προφήτης,
1299 4465 1406 4519 61:6
1444 4464 1713 4518 τοσούτων
1739 4464 2000 4536 ὀχλούμε-

330 4572 420 4619 νος
443 4553 800 4626 πραγμάτων,
824 4555 917 4608 κα)⁵
943 4553 1230 4625 ἁλουργίδα
1253 4553 1347 4606 καὶ
1365 4552 1599 4622 διάδημα
1621 4552 1999 4622 περικείμενος

331 4641 483 4711 ἔλεγε
506 4660 519 4672 ·
539 4643 946 4696 Μεσονύκτιον
960 4640 1348 4710 ἐξηγειρόμην
1378 4639 1485 4694 τοῦ
1513 4638 2000 4709 ἐξομολογεῖσθαι

329 4743 429 4782 σοι
447 4728 544 4780 ἐπί
564 4728 632 4782 τὰ
655 4729 906 4797 κρίματα
935 4727 1042 4796 τῆς
1070 4727 1460 4794 δικαιοσύνης
1489 4741 1630 4782 σου⁸
1662 4727 1718 4780 τί
1743 4727 1808 4782 ἂν
1830 4728 1999 4782 εῐποι-

333 4832 434 4885 μεν
459 4815 644 4884 ἡμεῖς,
667 4815 717 4864 οἰ
755 4815 846 4868 τὸν
879 4813 1144 4867 ἰδιωτικὸν
1177 4814 1272 4867 καὶ
1299 4813 1626 4884 ἀπράγμονα
1651 4813 1763 4884 βίον
1790 4815 1999 4886 μετιόν-

329 4917 444 4964 τες,
471 4899 564 4952 καὶ
601 4898 733 4969 μηδέ
761 4898 830 4950 τά
875 4899 1013 4952 αὐτά
1056 4899 1248 4970 ἐκείνῳ
1281 4899 1596 4966 ποιοῦντεςς
1642 4901 1855 4972 Ἐπειδὴ
1889 4901 1997 4974 γὰρ

331 4989 390 5040 ἐν
422 4986 604 5058 ἡμέρᾳ
641 4985 808 5039 πολλὰ
849 4980 991 5056 εἶχεν
1020 4986 1181 5040 αὐτὸν
1207 4987 1276 5040 τά
1311 4988 1681 5058 περισπῶντα,
1705 4989 1798 5042 καὶ
1831 4989 2017 5054 πολὺς

328 5071 397 5148 ἡν
426 5079 454 5129 6
484 5076 592 5127 τῶν
635 5073 975 5144 πραγμάτων
1012 5073 1186 5144 δχλος,
1232 5074 1327 5128 καὶ
1358 5074 1526 5144 πολλὴ
1561 5076 1594 5145 ἡ
1641 5075 1871 5146 ταραχὴ,
1901 5077 1997 5130 καὶ

331 5164 519 5235 καιρὸν
549 5163 646 5231 οὐχ
676 5161 935 5232 ηὕρισκεν
974 5160 1274 5230 ἐπιτήδειον
1305 5161 1480 5232 ἐαυτῷ
1508 5161 1642 5233 πρὸς
1679 5164 1777 5234 τὴν
1810 5163 1995 5218 τοιαύ-

328 5267 426 5320 την
461 5248 738 5318 πρόσοδον,
767 5247 859 5300 τὸν
886 5247 984 5318 τῆς
1029 5245 1264 5309 ἀνέσεως
1291 5246 1500 5317 καιρὸν,
1530 5247 1589 5300 δν
1619 5247 1794 5319 ἕτεροι
1824 5247 1992 5303 ὕπνου

328 5335 608 5389 ποιοῦνται
647 5335 834 5405 καιρὸν
872 5335 965 5388 ἐπὶ
993 5334 1103 5388 τῶν
1133 5333 1353 5388 ἁπαλῶν
1383 5333 1719 5404 στρωμάτων
1764 5335 1994 5389 κατακε-

329 5422 595 5492 κλιμένοι,
629 5422 723 5475 καὶ
744 5415 846 5476 ὧδε
881 5423 1102 5475 κάκεῖσε
1128 5420 1633 5492 περιστρεφόμενοι,
1659 5422 1686 5474 6
1719 5419 1992 5490 βασιλεὺς,

327 5510 358 5561 6
407 5507 672 5580 τοσαύτην
710 5508 1130 5578 ἀναδεδεγμένος
1179 5507 1452 5576 φροντίδα,
1496 5507 1754 5578 προσόδου
1805 5508 1994 5579 καιρὸν

329 5596 582 5659 ἐποιεῖτο,
618 5597 737 5649 κατ’
777 5595 913 5648 ἰδίαν
953 5594 1030 5664 τῷ
1055 5594 1174 5665 Θεῷ
1199 5593 1594 5662 διαλεγόμενος,
1634 5594 1727 5648 καὶ
1771 5594 1994 5667 εἰλικρι-

393 5743 421 5802 f
441 5741 644 5800 Quidam
665 5755 778 5788 mes.
805 5741 898 5800 ἆρα
925 5740 1246 5802 ἐδυσχέρανεν.

397 5800 426 5842 δ
443 5799 566 5855 Tres
587 5815 701 5852 mss.
724 5799 1136 5860 ἀναγινώσκονέῑξ.
1203 5805 1226 5834 ⁸
1250 5799 1346 5852 Alii

1099 247 1156 302 S.
1191 243 1476 301 JUANNIS
1510 239 2001 299 CIIRYSOSTOMI
2036 239 2354 296 ARCIIIEP.
2388 239 2930 298 CONSTANTINOP.

3665 237 3777 294 28!

2069 358 2206 418 ~vsi’;
2227 357 2322 408 καὶ
2339 357 2738 425 συντεταμένας
2762 355 2860 419 τὰς
2881 354 3047 424 εὐχὰς
3073 354 3415 423 ποιούμενος,
3440 351 3606 422 ἡνυεν
3627 354 3780 423 ἅπερ

2096 439 2283 509 ἡθελεο
2318 441 2412 493 καὶ
2458 441 2548 494 διά
2573 440 2683 493 τῶν
2714 437 3031 509 προσευχῶν
3072 437 3277 490 τούτων
3315 438 3442 500 τοὺς
3501 436 3777 506 πολέμους

2097 520 2404 592 κατώρθου,
2434 522 2692 593 τρόπαιον
2723 520 2895 582 ίστάς,
2927 520 3020 572 καί⁵
3051 520 3206 583 νίκας
3239 521 3417 582 νίκαις
3458 520 3774 572 συνάπτων.

2096 601 2224 674 Εἶχε
2237 605 2347 676 γάρ
2360 605 2523 658 ὅπλον
2538 605 2854 676 ἀχείρωτον,
2868 603 2968 672 τὴν
2985 601 3190 656 ἀνωθεν
3202 601 3540 672 συμμαχίαν,
3557 601 3621 653 ού
3635 598 3783 670 πρὸς

2094 688 2221 751 τοὺς
2253 687 2404 758 παρά
2431 687 2539 740 τῶν
2567 685 2868 756 ἀνθρώπων
2897 684 3169 754 πολέμους
3200 683 3429 755 ἀρκέσαι
3459 683 3782 753 δυναμένην

2100 770 2280 842 μόνον,
2309 769 2446 822 ἀλλά
2477 767 2729 838 καὶπρὸς
2761 766 2858 830 τάς
2880 767 2988 819 τῶν
3008 766 3274 836 δαιμόνων
3299 766 3609 834 φάλαγγας.
3642 762 3785 816 Τοῦ-

2096 871 2188 907 τον
2211 852 2392 906 τοίνυν
2420 851 2511 904 καὶ
2538 853 2698 922 ἡμεῖς
2732 849 3120 921 μιμησώμεθα,
3163 851 3211 901 οἱ
3247 849 3451 902 ἰδιῶται
3483 848 3573 901 r6v
3619 847 3786 916 βασι-

2096 933 2214 997 λέα,
2243 933 2333 987 τὸν
2365 933 2691 1003 ἀπράγμονα
2721 933 2814 986 καὶ
2846 931 3069 1003 ἡσύχιον
3104 931 3217 1002 βίον
3261 931 3555 1001 μετιόντες,
3592 932 3689 984 τον
3717 933 3786 986 ἐν

2097 1016 2373 1087 ἁλουργίδι
2405 1015 2498 1068 καὶ
2524 1015 2834 1084 διαδήματι,
2865 1015 2956 1068 r6v
2988 1013 3094 1067 τῶν
3131 1013 3378 1084 μοναχῶν
3418 1011 3530 1082 βίον
3559 1013 3784 1086 ὑπερα-

2097 1098 2434 1151 κοντίσαντα.
2471 1098 2667 1150 Ἀκουε
2695 1095 2804 1165 γάρ
2829 1096 2990 1150 πάλιν
3027 1094 3188 1150 αὐτοῦ
3214 1094 3446 1164 ἀλλαχοῦ
3484 1095 3779 1164 λέγοντος·

2111 1181 2396 1248 Ἐγενήθη
2452 1179 2523 1232 τὰ
2569 1177 2798 1246 δάκρυὰ
2841 1196 2962 1247 μου
3004 1178 3132 1246 ἐμοὶ
3171 1177 3350 1244 ἄρτος
3396 1177 3624 1246 ἡμέρας
3673 1181 3784 1234 και

2096 1265 2337 1326 νυκτός.
2378 1257 2530 1323 Εἶδες
2571 1261 2748 1331 ψυχὴν
2778 1262 2836 1312 ἐν
2874 1261 3112 1330 διηνεκεῖ
3150 1259 3436 1324 κατανύξει
3467 1262 3778 1330 τυγχάνους-

2101 1362 2229 1405 σαν;
2265 1346 2329 1396 Ἡ
2355 1345 2526 1415 τροφή
2559 1362 2682 1414 μου,
2714 1344 2900 1412 φησὶν,
2930 1344 2958 1394 6
2982 1342 3144 1414 ἄρτος
3175 1360 3300 1412 μου,
3326 1344 3359 1413 ἡ
3394 1343 3640 1408 ἐστίασίς
3669 1363 3782 1415 μου

2096 1429 2244 1480 οὐδὲν
2273 1428 2456 1496 ἕτερον
2482 1423 2570 1497 ἡν,
2593 1427 2626 1497 ἡ
2654 1425 2721 1478 τά
2739 1425 2952 1496 δάκρυά
2982 1442 3081 1495 μου
3108 1425 3166 1476 ἐν
3185 1426 3339 1478 νυκτὶ
3363 1427 3456 1479 καὶ
3482 1428 3541 1479 ἐν
3560 1428 3780 1498 ἡμέρᾳ.

2099 1511 2206 1564 Καὶ
2238 1509 2418 1570 πάλιν,
2462 1509 2784 1562 Ἐκοπιασα
2811 1507 2882 1560 ἐν
2926 1507 3006 1573 τῷ
3033 1507 3345 1576 στεναγμῷ
3381 1525 3520 1576 μου,
3559 1511 3784 1562 λούσω

2097 1593 2225 1646 καθ’
2265 1591 2531 1656 ἑκάστην
2576 1591 2765 1643 νύκτα
2812 1589 2928 1657 τὴν
2976 1590 3195 1656 κλίνην
3237 1607 3377 1659 μου.
3428 1591 3493 1643 Τί
3535 1591 3783 1661 ἐροῦμεν

2097 1677 2256 1746 ἡμεῖς
2294 1677 2326 1744 ἡ
2375 1677 2426 1728 τί
2470 1672 2938 1744 ἀπολογησόμεθα,
2969 1672 3087 1726 οὐδέ
3119 1673 3218 1742 τήν
3265 1673 3386 1743 ῖσην
3421 1673 3500 1744 τῷ
3561 1675 3785 1743 βασιλεῖ

2097 1759 2173 1827 τῷ
2205 1759 2309 1810 61:6
2338 1759 2604 1810 τοσούτων
2644 1757 2984 1827 πραγμάτων
3031 1756 3435 1826 περισπωμένῳ
3476 1759 3781 1824 κατάνυξιν

2097 1840 2465 1906 ἐπιδείξασθαι
2502 1838 2846 1908 βουλόμενοι;
2883 1838 2946 1889 Τί
2978 1836 3106 1906 γὰρ,
3146 1838 3266 1890 είπέ
3293 1855 3404 1908 μοι,
3433 1838 3539 1890 τῶν
3569 1839 3783 1906 ὀφθαλ-

2100 1921 2216 1990 μῶν
2263 1922 2484 1974 ἐκείνων
2523 1919 2848 1990 ώραιότερον
2889 1919 2998 1970 τῶν
3043 1918 3149 1970 61:6
3180 1919 3277 1988 τῆς
3333 1920 3611 1989 συνεχείας
3663 1920 3783 1973 τῶν

2095 2003 2364 2075 δακρύων,
2399 2002 2649 2072 καθάπερ
2682 2002 2786 2054 61:6
2817 1999 3169 2072 μαργαριτῶν
3199 2017 3382 2062 τινων,
3429 2003 3784 2055 κεκαλλωπι-

2099 2088 2344 2156 σμένων;
2380 2083 2526 2147 Εἶδες
2555 2085 2644 2138 τὸν
2693 2083 2917 2153 βασιλέα
2966 2083 3060 2136 καί.
3089 2084 3146 2136 ἐν
3173 2085 3330 2136 νυκτὶ
3365 2084 3456 2136 καὶ⁸
3484 2086 3542 2137 ἐν
3583 2087 3784 2156 ἡμέρᾳ

2097 2171 2351 2240 δακρύοις
2375 2169 2469 2222 καὶ
2500 2169 2681 2238 εὐχαῖς
2711 2168 2902 2222 ἐαυτὸν
2924 2167 3258 2222 ἐκδεδωκότα
3275 2185 3289 2198 ·
3315 2169 3418 2240 ὅρα
3441 2169 3536 2222 καὶ
3558 2169 3655 2222 τὸν
3679 2171 3783 2240 τῆς

2097 2254 2420 2323 οἰκουμένης
2472 2251 2786 2306 διδάσκαλον
2835 2251 2894 2303 ἐν
2946 2250 3302 2321 δεσμωτηρίῳ
3353 2250 3780 2320 καθειργμένον,

2099 2337 2194 2391 καὶ
2226 2335 2349 2398 τούς
2381 2333 2546 2396 πόδας
2579 2332 2771 2402 ἔχοντα
2807 2333 2864 2384 ἐν
2896 2332 2973 2402 τῷ
3003 2331 3141 2402 ξύλῳ
3171 2332 3627 2402 προσδεδεμένους
3657 2333 3780 2402 ἅμα

2097 2418 2178 2488 τῷ
2210 2417 2359 2488 Σίλᾳ,
2387 2418 2484 2470 κα)⁸
2516 2415 2604 2469 διά
2625 2415 2804 2482 πάσης
2834 2416 2931 2484 τῆς
2951 2418 3144 2479 νυκτὸς
3165 2416 3619 2486 προσευχόμενον,
3649 2416 3781 2468 οὐτε

2099 2502 2204 2556 ὑπὸ
2227 2501 2325 2572 τῆς
2351 2500 2563 2570 ὀδύνης,
2586 2499 2708 2551 οὔτε
2736 2498 2840 2551 61:6
2867 2498 2974 2552 τῶν
3000 2498 3212 2568 δεσμῶν
3242 2499 3601 2570 κωλυόμενον,
3637 2500 3782 2552 ἀλλὰ

2095 2583 2268 2654 ταύτῃ
2318 2582 2513 2652 μᾶλλον
2545 2581 2694 2653 [5041
2742 2581 2907 2634 πολὺν
2953 2582 3047 2634 καὶ
3097 2580 3424 2652 θερμότερον
3474 2582 3567 2636 τὸν
3606 2583 3783 2636 πόθον

2099 2667 2537 2738 ἐπιδεικνύμενον
2579 2666 2670 2718 r6v
2705 2666 2832 2736 περί
2873 2663 2963 2716 τὸν
3003 2663 3316 2734 Δεσπότηνο
3359 2663 3599 2730 Παῦλος
3639 2665 3776 2737 γὰρ,

2099 2749 2252 2819 φησί,
2278 2749 2374 2803 καί
2399 2750 2583 2814 Σίλας
2605 2747 2752 2800 κατὰ
2782 2747 2845 2800 τὸ
2872 2747 3272 2815 μεσονύκτιον
3296 2749 3779 2816 προσευχόμενοι

2098 2833 2332 2902 ὕμνουν
2369 2832 2473 2886 τὸν
2506 2833 2673 2886 Θεόν.
2716 2831 2772 2883 '0
2800 2829 2963 2882 Δαυῒδ
2997 2831 3054 2882 ἐν
3085 2829 3332 2900 βασιλείᾳ
3360 2830 3453 2882 καί
3481 2830 3778 2900 διαδήματι

2099 2911 2354 2982 δακρύοις
2401 2912 2494 2965 καὶ
2524 2911 2706 2980 εὐχαῖς
2748 2908 2962 2962 ἅπαντα
3007 2909 3097 2961 r6v
3129 2907 3242 2976 βίον
3286 2909 3716 2979 κατανήλισκεν·
3747 2914 3779 2964 ὁ

2097 2991 2438 3054 Ἀπόστολος,
2471 2989 2500 3040 6
2527 2990 2603 3053 εἰς
2632 2987 2810 3059 τρίτον
2837 2987 3065 3059 οὐρανὸν
3081 2986 3369 3058 ἀρπαγείς,
3405 2990 3435 3042 6
3465 2989 3573 3043 τῶν
3600 2991 3780 3061 ἀπορ-

2104 3069 2280 3140 ρἡων
2307 3068 2552 3134 ἀξιωθεὶς
2589 3067 2921 3137 μυστηρίων,
2951 3068 3010 3119 ἐν
3045 3065 3261 3136 δεσμοῖς
3305 3067 3592 3138 τυγχάνων
3628 3070 3778 3123 κατά

2100 3150 2160 3202 τὸ
2189 3147 2350 3218 μέσον
2374 3150 2471 3218 τῆς
2511 3147 2699 3207 νυκτὸς
2727 3145 3032 3216 προσευχάς
3067 3146 3160 3198 καὶ
3202 3145 3404 3216 ὕμνους
3438 3148 3669 3219 ἀνέφερε
3697 3148 3778 3219 τῷ

2101 3227 2379 3300 Δεσπότῃο
2431 3225 2526 3279 καὶ
2572 3227 2602 3278 6
2660 3225 2910 3294 βασιλεὺς
2964 3223 3311 3294 μεσονύκτιον
3366 3225 3776 3297 ἐξεγειρόμενος

2102 3305 2508 3374 ἐξωμολογεῖτο,
2533 3303 2626 3355 καὶ
2651 3305 2699 3355 οἰ
2729 3303 3014 3356 ἀπόστολοι
3047 3303 3185 3356 κατά
3207 3303 3268 3355 r6
3297 3303 3648 3373 μεσονύκτιον
3681 3308 3775 3358 ἐκ·

2101 3387 2273 3448 τενεῖς
2305 3383 2402 3446 τάς
2436 3382 2740 3455 προσευχάς
2773 3381 2865 3434 καὶ
2908 3382 3036 3444 τούς
3065 3380 3266 3452 ὕμνους
3312 3383 3606 3438 ἐποιοῦντο.
3637 3384 3777 3437 Τού-

2100 3481 2226 3527 τους
2257 3461 2619 3534 μιμησώμεθα
2647 3463 2740 3515 καὶ
2770 3462 2950 3530 ἡμεῖς,
2982 3462 3074 3514 καὶ
3096 3463 3160 3532 τῇ
3193 3461 3442 3532 συνεχείᾳ
3466 3463 3575 3514 τῶν
3601 3481 3774 3534 προσ-

2102 3543 2277 3613 ευχῶν
2322 3543 2646 3612 τειχίζωμεν
2691 3543 2850 3612 ἡμῶν
2905 3542 3004 3613 τὴν
3048 3539 3228 3612 ζωὴν,
3283 3543 3377 3595 καὶ
3425 3543 3592 3612 μηδὲν
3635 3547 3774 3614 ἡμῖν

2103 3639 2233 3676 ποτε
2266 3621 2491 3692 κώλυμα
2536 3620 2792 3688 γενέσθω.
2829 3620 2992 3675 Οὐδὲν
3025 3622 3132 3690 γάρ
3164 3623 3310 3673 ἐστιν
3347 3623 3477 3691 ἡμῖν
3523 3621 3582 3675 r6
3611 3623 3774 3678 δυνά-

2105 3718 2264 3772 μενον
2290 3700 2598 3769 ἐμποδίσαι,
2617 3699 2710 3752 ἐάν
2730 3699 3006 3769 νήφωμεν.
3032 3700 3122 3769 Μὴ
3149 3698 3259 3770 γὰρ
3282 3700 3450 3753 τόπου
3472 3701 3766 3773 χρῄζομεν,

2101 3779 2135 3850 ἢ
2165 3778 2391 3849 καιροῦ;
2425 3780 2537 3841 Πᾶς
2566 3777 2748 3840 τόπος,
2785 3779 2891 3840 πᾶς
2930 3777 3121 3848 καιρὸς
3149 3778 3449 3846 ἐπιτήδειος
3477 3783 3607 3849 ἡμῖν
3635 3783 3769 3854 πρὸς

2101 3859 2200 3927 τὴν
2243 3855 2494 3926 τοιαύτην
2535 3855 2811 3928 πρόσοδον.
2864 3857 3061 3908 ’Δκουε
3107 3856 3214 3928 γάρ
3260 3856 3421 3910 πάλιν
3471 3858 3632 3911 αὐτοῦ
3674 3861 3767 3913 τοῦ

2101 3940 2418 3995 διδασκάλου
2445 3939 2543 4009 τῆς
2581 3939 2901 4010 οἰκουμένης
2940 3937 3216 4007 λέγοντος·
3258 3939 3361 3992 Ἐν
3389 3940 3568 3993 παντί
3609 3941 3770 4006 τόπῳ

2101 4020 2447 4086 ἐπαίροντες
2487 4017 2696 4082 ὁσίους
2729 4017 2931 4086 χεῖρας
2962 4015 3139 4086 χωρίς
3167 4017 3350 4086 ὀργῆς
3381 4019 3476 4070 καί
3512 4016 3768 4084 διαλογι-

2101 4099 2280 4168 σμοῦ.
2314 4099 2410 4151 “Av
2432 4095 2530 4165 τήν
2561 4095 2796 4148 διάνοιαν
2820 4096 2949 4166 ἐχῃς
2975 4095 3384 4165 καθαρεύουσαν
3415 4096 3524 4149 τῶν
3551 4097 3768 4149 ἀτόπων

2102 4175 2311 4239 παθῶν,
2343 4175 2443 4229 κᾶν
2476 4176 2532 4227 ἐν
2563 4173 2738 4244 ἀγορᾷ
2768 4168 2855 4245 ᾖς,
2891 4172 2994 4225 κᾶν
3017 4175 3074 4226 ἐν
3098 4173 3264 4242 οἰκία,
3295 4172 3399 4226 κάν
3424 4174 3482 4225 ἐν
3506 4175 3628 4244 ὀδῷ,
3661 4177 3766 4228 κᾶν

2101 4259 2160 4310 ἐν
2187 4253 2521 4325 δικαστηρίῳ
2557 4251 2860 4324 παρεστὼς,
2890 4251 2993 4325 κᾶν
3022 4252 3078 4303 ἐν
3103 4250 3368 4324 θαλάσσῃ,
3398 4252 3498 4306 κᾶν
3535 4255 3592 4306 ἐν
3625 4270 3767 4306 παν-

2099 4334 2308 4405 δοχείῳ,
2336 4324 2440 4386 κᾶν
2465 4333 2551 4384 ἐπ’
2595 4331 2938 4401 ἐργαστηρίῳ
2965 4324 3032 4404 ᾗς
3074 4329 3339 4401 έστηκὼς,
3384 4331 3485 4384 κάν
3521 4333 3769 4406 ὅπουπερ

2100 4414 2166 4468 ἂν
2200 4409 2285 4484 ᾗς,
2329 4411 2531 4482 δυνήσῃ
2573 4409 2664 4461 τὸν
2703 4409 2834 4462 Θεὸν
2868 4407 3100 4472 καλέσας
3152 4409 3426 4478 ἐπιτυχεῖν
3473 4410 3570 4481 τῆς
3617 4414 3770 4482 αἰτή.

2103 4508 2260 4554 σεως.
2294 4489 2468 4557 Ὅπερ
2502 4486 2721 4550 εἰδότες,
2748 4486 3068 4556 παρακαλῶ,
3099 4485 3234 4556 μετὰ
3262 4486 3363 4556 τῆς
3397 4489 3645 4558 νηστείας
3671 4492 3770 4545 καὶ

2101 4569 2200 4639 τῆς
2247 4565 2553 4638 προσευχῆς
2586 4565 2686 4634 τὴν
2738 4565 3024 4636 ἀκρίϐειαν
3072 4565 3484 4635 ἐπιδειξώμεθα,
3523 4569 3614 4620 καὶ
3667 4570 3768 4640 τὴν

2101 4644 2346 4700 ἐντεῦθεν
2382 4643 2692 4713 συμμαχίαν
2740 4644 2952 4707 ἑαυτοῖς
2977 4645 3510 4713 κατασκευάσωμεν·
3543 4645 3628 4698 ἵνα
3667 4647 3769 4719 τῆς

2101 4725 2233 4797 παρ’
2276 4722 2439 4776 αὐτοῦ
2487 4722 2656 4792 ῥοπῆς
2695 4723 3022 4794 ἀξιούμενοι,
3070 4723 3163 4776 καὶ
3213 4722 3302 4775 r6v
3358 4723 3600 4794 παρόντα
3653 4725 3769 4796 βίον

2099 4803 2405 4875 εὐαρέστως
2433 4801 2580 4872 αὐτῷ
2607 4799 2962 4872 διανύσωμεν,
2995 4804 3088 4856 καὶ
3119 4802 3176 4855 ἐν
3203 4801 3280 4871 τῷ
3307 4801 3552 4871 μέλλοντι
3575 4804 3769 4871 φιλανθ

2100 4882 2346 4953 θρωπίας
2396 4880 2540 4944 τινὸς
2571 4879 2912 4949 ἀξιωθῶμεν,
2963 4879 3144 4950 χάριτι
3198 4880 3290 4953 καὶ
3319 4881 3625 4951 οἰκτιρμοῖς
3670 4885 3768 4938 τοῦ

2100 4952 2304 5032 Κυρίου
2336 4959 2494 5030 ἡμῶν
2552 4959 2724 5030 Ἰησοῦ
2763 4959 3020 5029 Χριστοῦ,
3055 4957 3174 5028 μεθ’
3201 4952 3262 5012 οῦ
3303 4958 3379 5028 τῷ
3417 4961 3612 5030 Πατρί,
3649 4963 3769 5032 ἅμα

2098 5040 2177 5111 τῷ
2201 5039 2340 5110 ἁγίῳ
2370 5037 2666 5109 Πνεύματι,
2698 5037 2843 5102 δόξα,
2874 5037 3091 5108 κράτος,
3116 5037 3270 5108 τιμὴ,
3298 5037 3393 5091 νῦν
3420 5039 3514 5092 καὶ
3539 5041 3646 5106 ἀεὶ,
3672 5042 3772 5096 καὶ

2098 5121 2180 5183 εἰς
2209 5118 2335 5181 τοὺς
2365 5117 2568 5180 αίῶνας
2601 5116 2708 5170 τῶν
2742 5116 2970 5170 αἰώνων.
3015 5116 3203 5186 Ἀμήν.

2713 5197 2956 5252 ΟΜΙΛΙΑ
3005 5199 3132 5251 AA'.

2097 5285 2224 5362 Kal_
2245 5281 2646 5362 {Jaé‘sﬂdfﬁa
2676 5281 2782 5362 τὸν
2802 5282 3035 5362 ,Ἀόρᾳμ
3081 5280 3180 5362 καί
3221 5281 3330 5362 τόν
3359 5282 3573 5362 Λζαχῶρ
3623 5285 3772 5362 τοὺς

2165 5353 2333 5419 υἱοὺς
2374 5350 2580 5416 αὑτοῦ,
2615 5351 2714 5404 καὶ
2753 5351 2861 5421 τὸν
2891 5350 3020 5421 Λὼτ
3063 5351 3171 5421 τὸν
3220 5352 3357 5406 υἱὸν
3400 5350 3615 5421 ’Ἄβραν
3657 5355 3771 5409 τοῦ

2167 5423 2302 5478 υίοῦ
2339 5421 2545 5490 αὐτοῦ,
2598 5421 2693 5474 καὶ
2735 5419 2848 5486 τὴν
2876 5419 3074 5490 Σάραν
3107 5419 3221 5487 τὴν
3247 5419 3507 5490 νύμφην
3552 5424 3770 5488 αὐτοῦ,

2165 5492 2431 5563 γυναῖκα,
2452 5489 2520 5543 δὲ
2555 5491 2775 5563 [Ἁϐραμ
2799 5490 2904 5544 τοῦ
2926 5489 3066 5563 ρίοῦ
3084 5489 3272 5563 αὐτοῦ
3291 5507 3306 5521 ·
3333 5489 3431 5543 καὶ
3469 5490 3769 5563 ἐξήγαγεν

2165 5559 2386 5627 ὰύτοὺς
2409 5561 2477 5614 ἐκ
2506 5559 2617 5627 τῆς
2650 5560 2842 5628 χώρας
2878 5559 2997 5613 τῶν
3025 5559 3355 5628 Χαζδαίων,
3397 5559 3769 5628 πορευθῆναι

2165 5635 2255 5699 είς
2280 5625 2398 5700 γῆν
2425 5628 2544 5700 τῶν
2567 5625 2962 5700 Χαναναίων·
2993 5629 3090 5684 καί
3121 5625 3306 5700 ἦλθεν
3351 5625 3766 5698 ἐῶς’Χαρῤὰν,

2166 5698 2264 5758 καὶ
2289 5698 2638 5766 κατῴκησεν
2665 5698 2807 5752 ἐκεῖ.

2172 5785 2452 5850 α’.Πολλὰς
2469 5785 2711 5857 ῦμῖνέχω
2731 5786 2976 5858 χάριτας⁹
3022 5787 3104 5844 ὅτι
3150 5802 3207 5840 τε
3255 5785 3376 5859 μεθ’
3418 5784 3608 5857 ἡδονῆς
3648 5786 3763 5841 ea.
