4116 6196
353 255 451 311 28I

355 367 532 437 rogaui
563 367 639 439 (Ξ.
667 367 788 424 Cor.
821 369 908 426 19.
933 371 1010 442 8).
1039 372 1167 440 Ter,
1201 374 1252 430 id
1277 387 1387 442 est,
1439 381 1644 435 vocavit
1692 397 1834 453 Stepe
1881 395 1935 440 et

353 476 461 515 non
494 461 814 532 impetravit.
843 465 1132 522 Videamus
1154 483 1281 539 ergo
1304 474 1572 540 quomodo
1592 474 1811 531 allectus
1828 476 1941 531 fuc-

352 553 443 606 rit.
473 551 607 608 Num
636 555 895 623 gravatim
925 557 1076 612 tulit?
1110 575 1234 614 num
1260 563 1473 632 segnior
1502 564 1637 618 fuit?
1665 583 1790 621 num
1837 568 1940 621 ob-

355 643 590 711 torpuit?
627 645 865 700 Minime.
896 647 1001 702 Sed
1028 648 1154 718 quid
1178 651 1389 720 inquit?
1426 653 1560 708 Dixit
1592 672 1605 709 :
1639 655 1833 726 Sufﬁcit
1855 658 1942 711 tibi

355 734 522 800 gratia
552 750 683 789 mea.
739 734 914 790 Virtus
959 740 1090 792 enim
1123 755 1234 793 mea
1264 741 1314 794 in
1343 742 1635 810 iit/inuitata
1682 747 1942 816 perﬁcitur

356 823 519 892 (Ibid.
551 841 602 879 υ.
629 827 707 896 9).
736 828 850 883 Non
875 830 1047 885 solum
1079 847 1182 885 non
1212 834 1454 889 liberavit
1493 837 1638 891 illum
1659 842 1940 907 przcsenti-

357 915 456 968 bus
480 919 656 982 malis,
707 920 802 975 sed
834 921 886 974 in
938 922 1069 992 ipsis
1100 938 1441 993 perseverare
1478 930 1734 998 permisit.
1773 933 1937 986 Esto:

355 1005 451 1060 sed
504 1008 643 1063 unde
667 1010 920 1066 discimus
947 1028 1069 1067 eum
1113 1029 1220 1068 non
1268 1019 1502 1084 graviter
1544 1020 1764 1076 tulisse?
1802 1021 1938 1077 Audi

355 1096 576 1154 Paulum
599 1101 886 1169 dicentem,
939 1112 1219 1174 postquam
1251 1107 1433 1163 didicit
1459 1123 1523 1163 ea
1548 1126 1666 1179 qum
1714 1112 1938 1167 Domino

355 1187 546 1255 placita
586 1199 740 1245 erant
768 1209 782 1246 :
810 1191 1048 1248 Libenter
1072 1196 1228 1266 igitur
1253 1198 1513 1268 gloriabor
1540 1202 1592 1254 in
1625 1203 1936 1271 inﬁrmitati-

355 1279 446 1331 bus
470 1281 612 1335 meis.
643 1280 757 1336 Non
800 1284 993 1347 solum,
1034 1285 1223 1355 inquit,
1273 1287 1526 1359 deinceps
1566 1291 1775 1346 liberari
1830 1310 1934 1350 non

356 1371 588 1439 requiro,
615 1373 706 1427 sed
735 1383 788 1429 et
809 1377 995 1444 majori
1021 1380 1289 1448 voluptate
1317 1381 1365 1449 gl
1391 1382 1583 1436 triabor
1606 1385 1655 1437 in
1682 1384 1806 1439 illis.
1848 1386 1938 1441 Vi-

355 1458 478 1512 disti
505 1470 704 1529 gratam
732 1464 1004 1519 animam?
1048 1469 1225 1522 vidisti
1248 1470 1364 1536 ejus
1391 1471 1441 1524 in
1474 1472 1636 1525 Deum
1667 1478 1936 1530 amorem?

355 1548 491 1601 Audi
511 1551 670 1604 etiam
689 1553 954 1609 dicentem
985 1573 999 1609 :
1039 1557 1175 1621 Quid
1205 1562 1334 1611 enim
1363 1577 1624 1629 precemur
1647 1574 1697 1616 ut
1723 1575 1932 1634 oportet,

352 1640 597 1694 nescimus
621 1643 803 1713 (Rom.
830 1646 883 1700 8.
907 1648 1018 1718 26).
1051 1649 1404 1719 lmpossihilc,
1455 1654 1644 1723 inquit,
1672 1667 1774 1721 est,
1815 1674 1933 1713 eum

354 1743 450 1781 nos
480 1731 721 1787 homines
776 1737 963 1802 simus,
1011 1741 1188 1794 omnia
1219 1750 1367 1796 curto
1411 1745 1569 1797 seire.
1614 1744 1936 1816 Relinquen-

351 1820 474 1875 dum
507 1838 634 1894 ergo
676 1826 776 1881 hoc
799 1837 880 1882 est
917 1831 1158 1884 omnium
1206 1833 1522 1900 Conditori;
1570 1838 1935 1906 sumendaque

352 1924 472 1966 sunt
502 1930 626 1968 cum
653 1918 844 1986 gaudio
867 1930 920 1974 et
960 1922 1230 1992 voluptate
1249 1938 1599 1994 qna'eut‘nqnc
1622 1927 1736 1996 ipse
1761 1928 1937 1982 \olue-

354 2003 467 2067 rit;
502 2021 599 2059 nec
645 2011 990 2076 Spectandtnu
1022 2013 1087 2066 ad
1145 2015 1378 2082 speciem
1422 2031 1607 2070 eorum
1657 2034 1778 2086 qua:
1807 2035 1934 2074 cve-

355 2093 526 2158 niunt,
550 2095 640 2150 sed
670 2099 798 2167 quid
825 2112 1098 2170 acceptum
1124 2104 1188 2157 sit
1219 2104 1458 2158 Domino.
1482 2106 1580 2173 Qui
1602 2109 1744 2162 enim
1769 2111 1934 2180 magis

353 2183 451 2237 scit
489 2185 610 2254 quid
638 2189 788 2242 nobis
816 2194 997 2258 prosTt,
1027 2208 1180 2261 quam
1213 2194 1308 2267 ipsi
1337 2209 1456 2262 nos,
1479 2197 1592 2267 ipse
1620 2199 1770 2253 novit
1797 2216 1931 2268 quo-

354 2275 510 2327 ntodo
539 2277 677 2331 salus
698 2295 732 2332 n
758 2293 879 2333 istra
905 2283 1158 2351 paranda.

421 2364 473 2416 6.
514 2365 761 2421 Nostrum
792 2385 920 2439 ergo
967 2388 1126 2425 unum
1174 2374 1241 2427 sit
1286 2389 1438 2445 opus,
1469 2377 1737 2431 coutinuis
1800 2379 1930 2432 insi-

349 2463 490 2508 stere
521 2458 782 2525 precibus,
816 2471 870 2515 et
899 2477 1003 2518 non
1039 2480 1180 2533 a-gre
1224 2465 1362 2520 ferre
1400 2466 1445 2520 si
1474 2468 1748 2522 diileratur
1790 2473 1929 2539 quod

351 2545 601 2611 petimus,
652 2551 744 2602 sed
797 2551 1014 2606 multam
1059 2556 1364 2622 patientiam
1415 2556 1688 2614 exhibere.
1742 2560 1924 2630 Neque

351 2633 492 2687 enim
539 2637 777 2692 abnuens
805 2655 989 2708 preces
1033 2653 1241 2698 nostras
1268 2645 1445 2700 diil'ert
1490 2665 1503 2701 :
1544 2649 1636 2703 sed
1685 2651 1783 2704 hac
1817 2663 1932 2707 arte

347 2726 564 2780 sodu'os
587 2743 684 2782 nos
713 2728 902 2784 eititziet
926 2746 973 2796 s,
1017 2733 1083 2787 ad
1113 2736 1454 2804 semetipsum
1485 2749 1735 2808 perpetuo
1762 2751 1931 2795 attra-

350 2816 477 2871 here
509 2822 636 2872 vult.
679 2821 810 2875 Nam
851 2834 900 2878 et
935 2835 1081 2893 pater
1111 2827 1272 2895 prolis
1314 2842 1501 2882 amans
1531 2845 1650 2884 cum
1697 2847 1726 2885 a
1765 2847 1932 2902 puero

347 2919 580 2978 regatur,
609 2912 814 2980 abnuit,
839 2930 942 2969 non
985 2917 1123 2986 quod
1156 2918 1283 2972 dare
1323 2921 1476 2984 nolit,
1521 2923 1613 2975 sed
1643 2933 1698 2976 ut
1723 2924 1788 2978 ad
1817 2923 1928 2979 diu-

346 2999 450 3052 tius
472 2999 785 3056 adstandutn
815 3007 1103 3074 pertrahat.
1134 3007 1258 3062 llzee
1285 3011 1461 3079 itaque
1494 3012 1721 3068 scientes
1742 3028 1809 3068 ne
1829 3015 1928 3070 do-

345 3106 643 3160 speremus,
665 3112 731 3151 ne
752 3113 1023 3154 cessemus
1040 3116 1160 3154 eum
1183 3100 1358 3168 adire,
1391 3113 1446 3158 et
1471 3120 1658 3174 preces
1687 3107 1926 3163 fundere.

344 3187 550 3241 Iiteniut
577 3189 620 3241 si
642 3192 910 3248 crudelem
935 3203 987 3248 et
1013 3195 1359 3250 inhumanum
1385 3198 1530 3253 illttttt
1559 3199 1815 3269 judicem,
1836 3202 1925 3271 qui

340 3303 513 3359 neque
536 3292 698 3346 Deum
719 3293 956 3360 timebat,
981 3296 1216 3351 tuulieris
1231 3294 1486 3349 sedulitas
1505 3294 1700 3363 coegit,
1723 3305 1772 3348 et
1804 3308 1927 3362 pro-

341 3382 546 3435 vocavit
566 3392 621 3435 ut
646 3382 745 3437 sibi
772 3395 1104 3440 succurreret
1133 3385 1284 3456 (Luc.
1311 3385 1472 3440 “3.2.
1499 3401 1604 3454 sqq.
1632 3388 1648 3454 )
1683 3403 1696 3438 :
1730 3394 1928 3453 quanto

341 3473 508 3541 tuagis
551 3488 684 3539 nos,
731 3475 774 3528 si
817 3476 1141 3530 voluerimus
1190 3478 1331 3530 illatn
1378 3477 1571 3530 imitari
1623 3475 1923 3543 mulierem,

343 3561 410 3614 ad
459 3563 824 3630 epitulandum
870 3567 1022 3619 nobis
1051 3568 1461 3633 provoeahimus
1490 3576 1823 3620 mansuetum
1870 3576 1926 3621 et

341 3653 739 3711 misericordem
774 3668 1012 3712 nostrum
1058 3659 1360 3724 Dominum,
1395 3659 1825 3729 compaticntem,
1873 3667 1927 3713 et

339 3743 406 3796 ad
432 3745 660 3799 salutem
693 3758 926 3802 nostram
951 3752 1355 3804 occurrentem?
1382 3749 1490 3805 Nos
1519 3766 1648 3820 ergo
1674 3751 1920 3804 institua-

339 3849 480 3900 mus,
531 3847 588 3890 ut
621 3837 836 3895 dilticile
883 3841 1206 3910 avellantur,
1263 3851 1316 3897 et
1363 3853 1620 3912 perpetuo
1675 3844 1924 3912 precibus

341 3926 728 3993 incumbamus,
759 3940 864 3984 tam
890 3931 996 3996 die,
1021 3948 1178 4002 quam
1205 3942 1393 3999 noctu;
1419 3933 1526 3988 imo
1546 3935 1714 4001 magis
1739 3944 1925 4002 noctu,

336 4018 554 4086 quando
575 4020 752 4074 nullus
779 4022 1112 4090 interturbat,
1145 4025 1357 4094 quando
1401 4040 1591 4095 magna
1643 4027 1921 4096 cogitatio-

340 4125 465 4163 nntu
515 4113 896 4181 tranquiliitas,
951 4116 1164 4185 quando
1211 4117 1386 4172 nullus
1439 4117 1584 4172 domi
1635 4118 1915 4190 tumultus,

335 4202 548 4268 quando
603 4206 775 4259 nullus
813 4214 897 4262 est
921 4209 1009 4277 qui
1038 4209 1108 4262 ab
1135 4224 1350 4264 accessu
1375 4210 1648 4280 prohibeat
1675 4221 1726 4266 et
1750 4210 1918 4278 abdu-

335 4304 440 4360 cat,
469 4296 681 4364 quando
702 4309 883 4353 erecta
906 4316 1057 4355 mens
1077 4301 1254 4354 omnia
1289 4302 1572 4372 diligenter
1601 4301 1802 4357 referre
1825 4320 1921 4372 po-

341 4394 444 4438 test
468 4387 764 4441 animarum
795 4391 1023 4445 medico.
1052 4392 1109 4445 Si
1159 4393 1300 4446 enim
1354 4395 1540 4448 beatus
1592 4394 1775 4458 David,
1828 4411 1920 4449 rex

339 4477 492 4531 simul
508 4495 570 4534 ac
596 4482 873 4550 propheta,
893 4484 1052 4539 tantis
1083 4485 1365 4554 implicitus
1400 4486 1647 4556 negotiis,
1684 4503 1917 4557 purpura

337 4577 392 4620 et
417 4567 715 4626 diademate
744 4575 968 4628 atnit-tus
991 4614 1006 4638 ,
1039 4575 1178 4630 dicat
1209 4595 1224 4631 :
1253 4575 1424 4630 Media
1467 4587 1612 4631 nocte
1654 4578 1918 4648 surgebam

335 4660 404 4710 ml
421 4663 758 4730 conﬁtendum
782 4663 870 4719 tibi
888 4682 1038 4736 super
1041 4666 1243 4736 judicia
1257 4668 1474 4738 justitia:
1487 4677 1587 4722 una
1614 4667 1815 4739 (Psal.l
1833 4669 1915 4724 I8.

335 4748 427 4817 62)
463 4768 476 4804 :
503 4752 631 4821 quid
662 4767 758 4808 nos
786 4755 1023 4811 dicemus
1047 4759 1138 4826 qui
1168 4758 1422 4827 privatam
1465 4769 1521 4813 et
1567 4761 1791 4814 otiosam
1837 4765 1916 4811 vi-

337 4847 443 4893 tam
469 4841 694 4911 agimus,
753 4860 923 4913 neque
974 4845 1160 4900 eadem
1190 4862 1308 4917 qua:
1359 4848 1446 4902 ile
1484 4847 1746 4902 facitnusl
1784 4847 1915 4901 N..m

343 4944 466 4984 cum
488 4932 538 4984 in
567 4931 655 4986 die
681 4933 864 4989 multis
885 4935 1306 4992 circumdaretur
1347 4939 1510 4999 curis,
1560 4939 1818 5008 negotiis,
1863 4949 1918 4992 et

336 5024 670 5091 tumultibus,
695 5043 790 5082 nec
814 5036 1023 5099 tempus
1047 5032 1309 5087 inveniret
1336 5043 1514 5100 aptum
1535 5047 1633 5088 suo
1654 5035 1720 5086 ad
1750 5032 1915 5086 Deum

330 5115 593 5177 secessui,
629 5119 1020 5188 tranquillitatis
1049 5133 1275 5192 tempus,
1315 5123 1454 5191 quod
1481 5125 1569 5178 alii
1596 5139 1784 5179 somno
1811 5125 1912 5179 im-

335 5206 572 5270 pendunt
599 5208 651 5261 in
698 5211 943 5266 mollibus
979 5217 1161 5270 stratis
1187 5215 1577 5281 recumbentes,
1609 5228 1662 5271 et
1692 5217 1814 5272 hinc
1860 5227 1914 5273 et

334 5295 458 5350 inde
497 5314 556 5353 se
582 5314 876 5371 versantes,
917 5322 1010 5362 rex
1057 5309 1216 5362 tantis
1255 5309 1528 5362 districtus
1555 5310 1718 5368 curis.
1755 5326 1910 5366 acce-

333 5385 493 5440 demli
521 5388 585 5442 ad
611 5389 775 5446 Deum
799 5404 1005 5464 tempus
1028 5396 1273 5463 faciebat,
1299 5399 1519 5454 seorsint
1545 5399 1650 5453 Deo
1667 5399 1908 5470 loquens.

333 5486 388 5528 et
431 5479 653 5534 sincere
700 5483 1020 5557 intentzeque
1050 5490 1338 5559 precationi
1380 5489 1610 5554 deditus,
1664 5491 1909 5561 perlicie-

334 5566 420 5621 l-at
450 5584 798 5644 quaecumque
844 5577 1090 5644 volebat;
1128 5590 1184 5634 et
1231 5581 1561 5635 orationibus
1611 5581 1723 5635 suis
1768 5581 1908 5637 bella

332 5663 669 5737 coniicit-bat,
721 5677 1025 5741 tropcaque
1047 5679 1314 5743 statuens,
1366 5674 1640 5732 victoriam
1675 5675 1908 5733 victoria:

1387 267 1453 324 IN
1489 271 1644 326 CAP.
1686 270 1778 328 XI.
1819 274 2060 334 GENES.
2103 277 2334 334 ιιωιη..
2373 279 2568 336 XXXI.

3517 281 3628 337 292

2049 391 2349 460 copulabat.
2398 393 2589 447 llabuit
2611 393 2753 450 enim
2782 395 2973 450 invicta
2995 407 3164 464 arma,
3212 409 3440 467 superna
3483 399 3628 451 scili-

2047 491 2133 535 cet
2158 482 2422 550 prmsidia,
2457 497 2574 553 qua:
2621 499 2726 538 non
2752 486 2922 540 solum
2947 487 3012 542 ad
3040 486 3267 543 humana
3297 489 3428 542 bella
3460 490 3624 541 conti-

2046 571 2232 627 cienda
2260 573 2550 639 sufﬁciunt,
2574 575 2667 630 sed
2684 577 2842 630 etiam
2860 577 2926 632 ad
2946 578 3246 634 daemonum
3271 579 3518 634 euhortes
3541 580 3625 631 fu-

2047 663 2268 732 gandas.
2301 663 2463 733 Igitur
2489 673 2544 719 et
2568 679 2664 719 nos
2693 666 2834 722 hunc
2857 667 3133 723 imitemur
3147 670 3340 739 privati
3364 677 3412 723 et
3444 668 3620 721 idiota:

2044 767 2245 822 regem,
2285 755 2372 824 qui
2399 755 2622 810 otiosam
2656 765 2711 812 et
2753 757 2984 827 quietam
3031 761 3192 811 vitam
3245 761 3620 827 agintus,cum

2041 843 2135 914 qui
2192 844 2244 898 in
2291 860 2522 914 purpura
2573 855 2628 901 ct
2671 846 2971 903 diademate
3023 847 3404 901 monachorum
3459 853 3619 901 vitant

2043 935 2470 992 transcendebat.
2494 938 2632 993 Audi
2659 939 2800 994 enim
2821 954 2940 994 eum
2965 939 3153 995 iterum
3180 937 3304 992 alibi
3334 938 3619 992 dicentem:

2042 1024 2222 1081 Facta:
2267 1039 2386 1082 sunt
2432 1031 2556 1083 mihi
2594 1031 2832 1102 lacrymis
2873 1048 2997 1085 mete
3048 1047 3202 1101 panes
3246 1032 3330 1084 die
3372 1046 3433 1083 ac
3481 1042 3625 1084 nocte

2042 1115 2215 1186 (Psul.
2244 1120 2332 1174 4t.
2364 1120 2442 1192 4).
2495 1121 2680 1177 Vidisti
2716 1123 2946 1177 animam
2979 1123 3030 1177 in
3058 1123 3308 1176 continua
3360 1137 3621 1193 compun-

2041 1212 2254 1268 ctione?
2282 1213 2542 1268 Alimouia
2569 1229 2707 1281 mea,
2734 1214 2920 1285 inquit,
2949 1215 3096 1285 panis
3123 1229 3292 1278 meus,
3319 1215 3618 1268 convivium

2041 1315 2219 1357 meum
2255 1304 2386 1358 nihil
2416 1305 2556 1360 aliud
2578 1316 2911 1376 erantquam
2942 1306 3190 1378 lacrymaa
3217 1316 3320 1360 tam
3351 1306 3437 1360 die
3459 1322 3618 1376 quam

2041 1401 2216 1448 nocte.
2247 1393 2313 1448 Et
2336 1395 2526 1449 iterutn
2562 1413 2575 1449 :
2601 1395 2848 1451 Laboravi
2876 1398 2928 1450 in
2949 1398 3134 1468 gemitu
3159 1413 3288 1462 meo,
3320 1397 3496 1449 lavabo
3531 1413 3620 1464 per

2038 1482 2266 1554 singulas
2312 1496 2478 1541 noctes
2507 1487 2683 1542 lectum
2725 1505 2888 1541 meum
2917 1487 3090 1559 (Psal.
3122 1489 3173 1541 6.
3204 1487 3278 1558 7).
3298 1487 3433 1554 Quid
3475 1488 3619 1542 dicc-

2039 1588 2179 1638 tnus,
2211 1576 2290 1629 vel
2322 1576 2446 1645 quid
2477 1578 2936 1647 respondebimus,
2968 1579 3056 1648 qui
3087 1589 3259 1647 neque
3311 1593 3429 1632 eam
3471 1594 3618 1631 com-

2039 1667 2378 1733 punctionem
2407 1668 2659 1724 exhibere
2679 1669 2942 1734 volumus,
2967 1685 3126 1739 quant
3151 1683 3243 1724 rex
3272 1678 3348 1722 tot
3367 1669 3621 1735 obseptus

2039 1755 2264 1823 negotiis
2292 1757 2570 1813 exhibuit?
2597 1759 2883 1826 Quidnam,
2907 1761 3013 1826 dic,
3043 1776 3159 1823 oro,
3183 1762 3350 1815 oculis
3382 1760 3485 1814 illis
3509 1759 3618 1814 for-

2039 1847 2237 1901 mosius
2269 1858 2525 1916 perpetuo
2551 1850 2904 1922 lacrymarum
2933 1851 3124 1913 imbre.
3151 1861 3205 1907 et
3232 1853 3381 1923 quasi
3412 1868 3620 1921 marga-

2039 1940 2256 1994 ritarum
2279 1942 2475 1998 decore
2500 1945 2733 1998 ornatis?
2767 1944 2952 2000 Vidisti
2985 1961 3164 2016 regem
3188 1985 3204 2010 ,
3235 1946 3323 2014 qtti
3376 1944 3618 1998 noctibus

2035 2038 2195 2100 atque
2220 2032 2406 2087 diebus
2428 2035 2679 2105 lacrymis
2708 2036 3059 2105 precibusque
3091 2035 3304 2089 deditus
3330 2035 3425 2089 fuit
3452 2052 3466 2088 :
3497 2049 3618 2104 spe-

2035 2129 2118 2175 cta
2147 2130 2200 2176 et
2246 2123 2521 2180 doctorem
2566 2126 2712 2180 orbis
2759 2127 2812 2180 itt
2856 2141 3071 2180 carcere
3113 2126 3469 2194 compeditum
3511 2141 3614 2180 una

2034 2226 2155 2266 cum
2179 2213 2310 2279 Sila,
2337 2224 2391 2269 et
2419 2224 2657 2271 orantem
2682 2225 2788 2270 tota
2816 2226 2991 2283 nocte,
3024 2233 3197 2286 neque
3221 2216 3424 2280 dolore,
3445 2232 3617 2284 neque

2035 2303 2262 2358 vinculis
2289 2305 2578 2374 prohiberi,
2620 2307 2715 2361 sed
2745 2321 2811 2362 eo
2839 2307 3007 2376 magis
3033 2307 3296 2378 ingentem
3328 2306 3614 2362 fervidum-

2034 2410 2139 2464 que
2165 2411 2400 2451 amorem
2420 2398 2693 2452 declarare
2721 2413 2844 2468 erga
2877 2399 3156 2453 Dominum
3187 2417 3200 2452 :
3229 2395 3424 2452 Paulus
3448 2399 3612 2462 enim,

2036 2487 2234 2556 inquit,
2275 2496 2323 2541 et
2347 2487 2484 2543 Silas
2510 2490 2674 2543 media
2715 2500 2858 2542 nocte
2901 2499 3101 2543 orantes
3136 2489 3409 2542 laudabant
3456 2487 3615 2541 Deum

2036 2577 2165 2646 (Act.
2196 2580 2281 2633 t6.
2311 2578 2424 2646 25).
2458 2579 2619 2633 David
2646 2581 2696 2634 in
2737 2594 2902 2651 regno
2922 2589 2977 2634 et
3025 2579 3324 2634 diademate
3367 2579 3616 2650 lacrymis

2033 2679 2087 2723 et
2117 2673 2359 2738 precibus
2387 2679 2548 2725 totam
2569 2673 2725 2726 vitam
2754 2673 3086 2736 insumebat;
3109 2672 3412 2743 Apostolus,
3440 2672 3527 2741 qui
3559 2673 3610 2724 in

2035 2762 2248 2815 tertimn
2279 2763 2468 2816 caelum
2499 2773 2700 2831 raptus,
2723 2764 2807 2818 cui
2852 2779 3044 2818 arcana
3083 2773 3206 2818 sunt
3233 2764 3462 2818 revelata
3500 2778 3614 2833 my-

2031 2851 2406 2916 steria,media
2425 2855 2652 2914 noctein
2667 2855 2892 2909 vinculis
2920 2870 3104 2924 preces
3131 2864 3184 2910 et
3213 2855 3394 2909 laudes
3423 2855 3614 2910 oll'ere-

2032 2938 2123 2992 hat
2147 2939 2403 3006 Domino;
2433 2950 2488 2996 et
2527 2957 2624 2997 rex
2666 2943 2840 2998 media
2870 2955 3026 2998 nocte
3054 2943 3454 3014 expergefactus
3482 2960 3612 2998 con-

2035 3029 2305 3096 ﬁtebatur,
2335 3041 2388 3086 et
2413 3035 2637 3103 apostoli
2663 3035 2836 3089 media
2871 3046 3027 3090 nocte
3048 3037 3324 3089 continuas
3355 3049 3537 3104 preces
3561 3045 3615 3090 ct

2033 3120 2216 3176 laudes
2237 3122 2544 3178 reddebant.
2583 3125 2704 3180 Illos
2734 3126 3003 3181 imitemur
3050 3135 3104 3182 et
3141 3141 3258 3192 nos,
3305 3137 3358 3181 et
3387 3142 3603 3196 precuttt

2030 3213 2345 3269 assiduitate
2370 3216 2530 3270 vitam
2560 3226 2796 3272 nostram
2846 3219 3168 3283 muniamus,
3199 3228 3252 3274 et
3275 3218 3478 3275 nulluttt
3518 3235 3616 3272 no—

2032 3305 2112 3360 bis
2154 3322 2404 3376 umquam
2445 3309 2549 3362 erit
2575 3309 2929 3363 obstaculum.
2973 3309 3111 3362 Nihil
3155 3311 3296 3363 enim
3343 3321 3425 3364 est
3471 3311 3611 3380 quod

2029 3397 2221 3452 obesse
2247 3396 2402 3450 nobis
2439 3399 2625 3465 possit,
2659 3397 2819 3452 modo
2847 3399 3009 3452 sobrii
3039 3399 3226 3451 simus.
3265 3398 3399 3452 Nuttt
3421 3400 3535 3453 loco
3555 3409 3611 3454 et

2032 3497 2269 3558 tempore
2296 3489 2449 3543 nobis
2468 3504 2603 3559 opus
2630 3489 2752 3544 est?
2777 3490 2962 3544 Omnis
2991 3489 3159 3557 locus,
3199 3505 3359 3545 omne
3402 3503 3610 3559 tempus

2030 3580 2154 3635 huic
2177 3581 2412 3636 accessui
2440 3581 2709 3634 convenit.
2740 3580 2870 3634 Nam
2902 3581 3090 3636 iterum
3128 3581 3252 3634 audi
3293 3583 3606 3652 magistrum

2029 3673 2176 3728 orbis
2215 3673 2481 3727 dicentem
2507 3691 2521 3727 :
2556 3671 2619 3726 In
2646 3674 2782 3726 οηιηί
2811 3673 2920 3726 loco
2945 3673 3161 3726 levantes
3204 3683 3403 3728 sanctas
3429 3689 3608 3727 manus

2027 3763 2210 3834 absque
2250 3764 2328 3816 ira
2363 3773 2408 3818 et
2433 3763 2790 3833 disceptatione
2820 3763 2894 3834 (l.
2929 3761 3062 3816 Tim.
3093 3762 3146 3815 2.
3168 3763 3246 3832 8).
3272 3763 3328 3816 Si
3371 3773 3603 3818 mentem

2029 3855 2281 3911 habueris
2312 3867 2582 3927 purgatam
2613 3856 2680 3911 ab
2710 3856 2906 3911 illicitis
2944 3854 3315 3910 aﬂ‘eetiouibus
3335 3899 3349 3921 ,
3398 3857 3510 3911 sive
3555 3857 3608 3910 in

2030 3948 2166 4014 loro,
2197 3949 2310 4004 sive
2338 3949 2504 4014 domi,
2536 3950 2650 4004 sive
2678 3951 2729 4003 itt
2759 3949 2859 4014 via,
2881 3949 2963 4002 vel
2986 3949 3036 4002 in
3063 3963 3299 4012 carcere,
3321 3949 3403 4004 vel
3428 3948 3478 4002 in
3507 3963 3609 4002 nta-

2029 4039 2096 4104 ri,
2127 4039 2209 4093 vel
2241 4040 2294 4093 in
2342 4039 2656 4106 diversorio,
2692 4040 2777 4095 vel
2806 4040 2857 4093 in
2887 4038 3098 4093 oﬂicina
3119 4079 3135 4104 ,
3183 4047 3237 4093 et
3292 4039 3610 4108 ubicumth

2027 4131 2192 4186 fueris
2221 4136 2559 4196 constitutus,
2587 4133 2786 4202 poteris
2803 4132 3046 4186 invocato
3070 4132 3180 4186 Deo
3199 4132 3302 4184 voti
3323 4131 3435 4185 ﬁeri
3463 4146 3610 4184 cmu-

2027 4239 2143 4293 ρος.
2175 4223 2328 4290 Quod
2357 4239 2477 4278 cum
2507 4225 2757 4290 sciamus,
2783 4223 3005 4278 obsecro
3029 4233 3085 4277 ut
3113 4239 3232 4278 cum
3255 4223 3459 4292 jejunio
3489 4239 3608 4292 pre.

2025 4315 2178 4370 cibus
2203 4314 2530 4384 diligentiam
2571 4314 2941 4381 adhibeamus,
2975 4314 3269 4370 subsidium
3297 4315 3450 4370 nobis
3486 4313 3610 4369 inde

2026 4419 2276 4477 parantes
2308 4427 2322 4462 :
2356 4422 2463 4479 quo
2486 4422 2772 4478 supernam
2798 4409 3068 4478 assequuti
3098 4410 3344 4478 gratiam,
3372 4417 3424 4462 et
3471 4422 3609 4476 prae-

2025 4509 2232 4555 sentem
2261 4505 2422 4555 vitaut
2454 4502 2523 4555 ita
2551 4516 2770 4571 agamus
2793 4511 2850 4556 ut
2879 4503 2990 4556 Deo
3017 4503 3294 4572 probetur,
3312 4511 3366 4554 et
3395 4501 3446 4554 in
3475 4499 3610 4553 iutu-

2026 4610 2086 4648 ro
2113 4593 2532 4648 misericordiam
2563 4594 2793 4663 aliquam
2817 4593 3204 4662 adipiscamur,
3232 4593 3397 4662 gratia
3425 4601 3478 4645 et
3509 4592 3610 4644 tui-

2022 4684 2378 4738 scrationibus
2433 4683 2640 4738 Domini
2690 4683 2857 4737 nostri
2891 4682 3018 4737 Iesu
3053 4681 3278 4743 Christi,
3327 4695 3447 4733 cum
3501 4695 3608 4748 quo

2023 4773 2166 4828 Patri
2211 4781 2264 4825 et
2293 4772 2509 4842 Spiritui
2537 4782 2720 4827 sancto
2744 4773 2812 4827 sit
2841 4772 3006 4843 gloria
3027 4811 3043 4837 ,
3097 4771 3397 4839 imperium,
3426 4780 3475 4824 et
3510 4771 3606 4822 ho-

2022 4879 2139 4928 nor,
2169 4877 2309 4917 nunc
2329 4871 2380 4916 et
2405 4876 2640 4932 semper,
2663 4870 2716 4916 et
2734 4863 2786 4916 in
2813 4862 3004 4916 saecula
3033 4861 3369 4914 saeculorum.
3401 4861 3596 4914 Amen.

2553 4993 2831 5049 IIOMILIA
2870 4991 3067 5047 XXXI.

2023 5106 2088 5162 Et
2134 5110 2325 5180 accepit
2374 5108 2547 5164 Thura
2577 5109 2762 5162 Abram
2809 5117 2854 5162 et
2897 5107 3104 5162 Nacltor
3124 5105 3256 5174 filios
3276 5101 3604 5170 suos,etLot

2089 5202 2252 5270 ﬁlium
2296 5200 2450 5254 Aram
2482 5201 2578 5270 ﬁlii
2615 5201 2731 5264 sui;
2761 5210 2806 5255 et
2835 5200 3022 5255 Soram
3056 5213 3236 5251 nurum
3261 5212 3438 5260 suam,
3471 5209 3598 5248 uxo-

2087 5308 2192 5346 rem
2233 5304 2398 5348 autem
2422 5293 2608 5348 Abram
2647 5293 2741 5362 ﬁlii
2781 5293 2860 5347 sui
2902 5309 2924 5357 ;
2971 5299 3015 5345 et
3058 5290 3227 5343 eduxit
3273 5303 3357 5342 eos
3379 5303 3442 5342 ea:
3469 5299 3600 5340 terra
3626 5295 3677 5345 ,β

2089 5382 2471 5452 Choldreorum,
2515 5394 2570 5439 ut
2605 5385 3037 5454 proﬁciscerentur
3077 5381 3131 5434 in
3176 5389 3358 5432 terram
3395 5377 3597 5433 Chana—

2088 5492 2309 5530 rueorum
2359 5492 2379 5530 :
2420 5486 2467 5530 et
2510 5476 2638 5530 venit
2666 5491 2822 5544 usque
2858 5474 3086 5529 Cltarran
3105 5511 3122 5538 ,
3163 5479 3209 5526 et
3230 5470 3466 5524 habitavit
3491 5469 3596 5523 illic

2115 5566 2241 5620 Gen.
2271 5567 2352 5621 Il.
2379 5567 2490 5623 3!).

2115 5569 2241 5620 Gen.
2271 5569 2352 5621 ll.
2379 5569 2440 5623 3i
2475 5606 2490 5621 .

2088 5574 2140 5736 ξ.
2185 5677 2427 5753 Ingentes
2450 5569 2609 5736 )vobis
2643 5675 2816 5736 habeo
2853 5676 3083 5752 gratias,
3125 5672 3267 5747 quod
3290 5672 3602 5736 hesternum
