4102 6204
531 265 641 323 288

528 363 598 420 de
620 361 860 419 oratione
884 375 1190 417 sermonem
1213 376 1334 418 cum
1364 362 1636 431 voluptate
1655 362 1999 431 susceperitis
2017 402 2033 428 ,
2060 371 2115 417 et

532 465 680 510 tanto
702 454 878 509 studio
905 453 972 508 ad
1002 453 1328 511 audiendum
1356 454 1657 510 coulluatis.
1691 453 1820 508 Illud
1850 454 1990 508 enim
2018 468 2116 509 nos

528 544 703 601 reddit
730 546 1021 601 alacriores
1043 588 1059 611 ,
1086 554 1148 601 ut
1169 546 1271 602 hoc
1291 546 1568 616 spirituale
1593 544 1892 600 convivium
1922 544 2117 614 largius

525 636 680 692 vobis
721 652 1105 707 proponamus.
1146 637 1279 706 Quia
1318 646 1374 693 ct
1402 637 1631 708 agricola
1660 636 1706 693 si
1736 635 1948 707 quando
1974 635 2117 690 videt

524 742 712 797 agnum
740 737 793 783 et
815 728 957 798 jacta
986 729 1193 783 semina
1222 730 1486 783 virescere
1509 738 1564 783 et
1593 726 1890 796 germinare
1911 767 1928 793 ,
1960 741 2116 796 sege-

527 824 743 887 temque
770 832 1031 885 vernare,
1060 817 1191 872 nihil
1221 816 1362 887 qnod
1388 816 1454 871 ad
1484 831 1542 873 se
1561 818 1749 871 attinet
1778 816 2113 883 intermittit,

525 907 764 976 quotidie
806 916 1185 977 congruentem
1228 907 1367 963 illius
1412 922 1594 962 curam
1636 922 1835 977 agens,
1877 916 1931 961 et
1958 916 2116 961 nocte

524 996 717 1067 dieque
746 998 1089 1052 considerans
1107 1040 1123 1065 ,
1150 1013 1218 1054 ne
1242 997 1380 1053 forte
1401 998 1527 1068 quid
1550 997 1759 1052 labores
1779 1011 1904 1051 suos
1924 996 2113 1051 lmdat:

527 1088 687 1142 simili
733 1088 891 1143 modo
933 1098 987 1144 et
1014 1104 1114 1161 ego
1142 1090 1472 1160 spiritualcm
1502 1090 1642 1144 hunc
1670 1104 1855 1159 agrum
1875 1097 2115 1144 vestrum

529 1176 758 1245 ﬂorere,
804 1187 859 1234 et
905 1196 1088 1235 semen
1134 1180 1235 1236 hoc
1278 1180 1556 1249 spirituale
1596 1180 1649 1235 in
1691 1179 1895 1234 sinibus
1923 1187 2116 1233 vestra

526 1269 725 1324 mentis
766 1271 984 1326 recondi
1008 1271 1196 1327 videns
1218 1313 1234 1338 ,
1270 1272 1477 1342 gaudeo
1509 1278 1564 1327 et
1592 1271 1763 1337 lator,
1787 1270 2117 1341 multumque

525 1371 646 1412 sum
678 1360 868 1414 anxius
890 1400 905 1424 ,
938 1376 1046 1415 non
1074 1361 1324 1431 ignorans
1350 1376 1507 1432 quam
1536 1361 1799 1432 malignus
1825 1361 1895 1416 sit
1922 1360 2113 1427 hostis,

525 1448 617 1517 qni
646 1459 837 1505 vestrae
879 1452 1033 1507 saluti
1065 1453 1362 1508 insidiatur.
1391 1452 1524 1510 Nam
1555 1452 1999 1524 quemadmodum
2030 1452 2117 1524 pi-

527 1550 661 1595 rata:
701 1543 916 1612 quando
961 1544 1146 1599 vident
1189 1560 1377 1601 navem
1418 1545 1598 1600 multis
1625 1545 1894 1601 mercibus
1918 1560 2114 1600 onera-

527 1641 665 1698 tam,
704 1645 760 1687 et
802 1634 1053 1704 plurimas
1094 1637 1448 1692 advehentem
1477 1638 1687 1694 divitias
1710 1678 1725 1704 ,
1758 1646 1884 1693 tunc
1905 1639 2118 1709 potissi-

528 1738 674 1777 mum
720 1727 896 1780 varias
940 1728 1230 1783 moliuntur
1274 1728 1527 1796 insidias,
1568 1739 1625 1785 ut
1671 1731 1875 1800 possint
1910 1744 2117 1786 merces

526 1829 717 1869 omnes
743 1814 1075 1887 demergere,
1103 1834 1166 1874 ac
1185 1828 1429 1875 vectores
1455 1820 1572 1875 illos
1593 1821 1825 1891 spoliare
1854 1839 1867 1875 :
1897 1822 1967 1876 ita
1989 1836 2117 1877 sane

526 1914 584 1961 et
630 1907 905 1976 diabolus,
955 1924 1077 1965 cum
1115 1912 1307 1967 viderit
1345 1912 1648 1982 spirituales
1684 1913 1879 1969 multas
1904 1912 2117 1969 divitias

529 2008 874 2054 coacervatas
889 2042 905 2065 ,
940 2001 1267 2058 alacritatem
1294 2003 1551 2058 fervidam
1573 2045 1590 2072 ,
1616 2012 1850 2060 mentem
1871 2004 2080 2075 vigilem
2096 2044 2113 2071 ,

528 2098 585 2142 et
635 2090 872 2159 quotidie
914 2091 1127 2147 divitias
1172 2095 1391 2163 augeri,
1432 2095 1698 2150 cruciatur
1752 2110 1816 2151 ac
1869 2096 2117 2152 dentibus

529 2178 771 2247 frondet,
814 2192 870 2235 et
906 2184 1054 2251 quasi
1082 2183 1254 2253 pirata
1280 2185 1558 2252 circumit,
1587 2185 1995 2258 innumerasque
2020 2203 2116 2244 es-

526 2269 727 2339 cogitat
754 2280 898 2327 artes
925 2311 942 2339 ,
973 2283 1029 2328 ut
1054 2274 1101 2330 si
1129 2290 1229 2346 qua
1253 2275 1336 2332 vel
1362 2292 1585 2347 parvum
1617 2278 1849 2333 inveniat
1875 2279 2075 2334 aditum
2096 2319 2115 2347 ,

528 2374 628 2415 nos
666 2360 901 2417 denudet
941 2378 1005 2419 ac
1043 2366 1273 2436 spoliet,
1314 2377 1369 2423 et
1394 2368 1648 2439 quidquid
1678 2370 1830 2425 nobis
1850 2379 1935 2427 est
1959 2371 2117 2442 Spiri-

528 2453 748 2509 tualium
786 2454 1089 2513 divitiarum
1129 2458 1489 2528 deprtedetur.
1527 2461 1694 2532 igitur
1720 2462 1885 2518 sobrii
1910 2462 2114 2531 simus,

526 2558 743 2612 qnzeso,
787 2554 841 2600 et
885 2556 1084 2617 quanto
1132 2550 1303 2620 magis
1342 2536 1642 2621 spirituales
1674 2561 1876 2608 nostra:
1899 2553 2118 2608 faculta-

527 2643 608 2689 tes
642 2646 925 2706 crescunt,
972 2648 1120 2695 tanto
1157 2642 1325 2713 magis
1361 2650 1417 2697 et
1442 2642 1633 2713 vigiliae
1671 2653 1869 2699 nostra:
1884 2660 2118 2716 augean-

527 2734 629 2791 tur,
654 2737 712 2781 ut
732 2728 964 2799 undique
984 2731 1329 2788 cxcludamus
1346 2733 1584 2800 insidias,
1608 2744 1663 2790 et
1688 2734 2113 2792 benevolentiam

529 2818 621 2873 Dci
669 2820 775 2873 vita
825 2822 1025 2890 optima
1066 2824 1222 2879 nobis
1258 2827 1641 2894 conciliantes,
1688 2829 1950 2898 superiori
1997 2829 2117 2885 loco

524 2918 763 2973 stemus,
804 2926 964 2980 quam
1008 2922 1066 2968 ut
1110 2915 1252 2969 illius
1288 2916 1461 2984 iacula
1508 2933 1703 2974 nocere
1737 2928 1952 2989 queant.
1982 2920 2114 2976 Mala

525 2998 669 3053 enim
699 2999 864 3054 bestia
895 3011 1009 3069 cst,
1042 3014 1095 3057 et
1122 3005 1445 3074 multiplices
1472 3008 1892 3065 machinationes
1918 3012 2113 3067 struit:

527 3097 582 3142 et
621 3089 834 3158 quando
878 3107 985 3146 non
1028 3103 1207 3164 potest
1233 3105 1378 3151 recta
1408 3112 1505 3152 nos
1533 3098 1600 3152 ad
1629 3098 1750 3154 vitia
1777 3100 1994 3156 allicere
2015 3143 2031 3169 ,
2062 3110 2116 3157 et

526 3179 638 3234 suis
672 3179 809 3236 dolis
850 3180 1130 3249 inescare;
1173 3201 1281 3240 non
1321 3187 1463 3241 enini
1503 3190 1676 3259 cogit,
1709 3189 1789 3244 vel
1818 3192 1922 3246 vim
1952 3192 2110 3260 facit,

528 3270 669 3326 absit
693 3289 708 3325 :
732 3272 825 3327 sed
846 3273 1045 3344 decipit
1071 3286 1273 3331 tantum
1292 3318 1309 3345 ,
1332 3288 1386 3333 et
1406 3294 1541 3349 quos
1568 3281 1899 3352 negligentes
1928 3283 2071 3339 videt
2095 3326 2113 3353 ,

528 3363 872 3433 supplantat;
915 3367 1126 3436 quando
1165 3369 1323 3439 igitur
1356 3372 1582 3427 salutem
1612 3382 1848 3429 nostram
1878 3377 2114 3446 nequitia

526 3470 621 3509 sua
664 3457 946 3513 manifeste
990 3459 1187 3517 hcdere
1225 3464 1442 3533 nequit,
1485 3479 1630 3536 saepe
1668 3481 1763 3537 per
1801 3468 1913 3539 ipsa
1952 3486 2114 3540 opera

525 3545 734 3602 virtutis
752 3588 767 3613 ,
798 3564 917 3619 qua:
942 3550 1147 3621 agimus
1169 3593 1186 3621 ,
1216 3554 1517 3613 clanculum
1545 3572 1667 3614 esca
1694 3558 1868 3627 illata,
1900 3560 2116 3618 divitias

526 3648 737 3692 nostras
761 3640 933 3709 perdit
952 3656 1160 3697 omnes.

599 3730 682 3785 Ea:
718 3732 861 3788 bonis
891 3736 1125 3806 aperibus
1149 3751 1279 3791 vana
1298 3738 1462 3809 gloria
1485 3741 1727 3795 cavenda.
1757 3771 1828 3781 —
1856 3742 1989 3809 Quid
2017 3742 2111 3813 igi-

528 3831 616 3875 tur
648 3832 731 3877 est
765 3823 900 3891 hoc,
941 3826 1082 3896 quod
1120 3827 1284 3883 dico?
1311 3845 1487 3899 operm
1516 3832 1744 3901 pretium
1787 3834 1930 3890 enim
1959 3834 2116 3891 fuerit

527 3914 859 3970 manifestius
898 3918 1209 3988 explicare,
1239 3929 1297 3974 ut
1323 3920 1470 3975 illius
1494 3922 1724 3993 cognitis
1750 3922 1955 3979 insidiis
1974 3966 1989 3990 ,
2021 3925 2114 3979 da-

525 4021 708 4061 mnum
745 4007 885 4077 quod
914 4008 1037 4064 inde
1062 4011 1299 4066 nascitur
1322 4052 1337 4077 ,
1370 4012 1540 4069 vitare
1571 4015 1855 4085 possimus.
1888 4016 2115 4082 Quando

524 4098 667 4154 videt
706 4116 805 4155 nos
831 4100 970 4156 nuda
1000 4103 1127 4157 vitia
1162 4104 1245 4159 vix
1276 4105 1595 4172 admittere,
1622 4116 1677 4162 et
1704 4108 1890 4180 fugere
1918 4109 2114 4165 intem-

524 4193 849 4262 perantiam,
896 4195 1275 4250 continentiam
1320 4212 1449 4252 vero
1490 4198 1782 4267 amplexari
1829 4218 1844 4255 :
1895 4200 1962 4255 ad
2001 4200 2115 4256 haec

521 4284 760 4338 aversari
790 4285 1091 4351 avaritiam,
1119 4286 1245 4341 odio
1273 4286 1472 4342 habere
1499 4288 1832 4359 iniustitiam,
1860 4292 2036 4348 ridere
2060 4301 2115 4348 et

524 4383 874 4429 contemnere
912 4374 1172 4443 delicias,
1207 4376 1429 4445 jejuuiis
1464 4388 1642 4435 autem
1668 4390 1723 4437 et
1750 4382 1995 4451 precibus
2020 4399 2115 4439 va-

524 4478 652 4518 care
673 4504 690 4530 ,
713 4478 777 4518 ac
796 4463 1150 4536 eleemosynis
1177 4466 1308 4522 dare
1330 4482 1549 4538 operam
1580 4487 1595 4525 :
1623 4478 1747 4526 tunc
1775 4471 1937 4528 alium
1967 4489 2115 4530 com-

528 4552 829 4609 Iniuiscitur
878 4554 1058 4610 dolum
1090 4596 1107 4621 ,
1151 4572 1261 4628 quo
1305 4559 1614 4629 pessumdet
1658 4575 1848 4620 omnes
1901 4574 2114 4622 nostras

523 4660 658 4715 opes
677 4686 693 4711 ,
729 4654 915 4717 totque
943 4647 1080 4703 bona
1104 4664 1267 4720 opera
1296 4660 1479 4707 nostra
1503 4653 1693 4709 reddat
1720 4656 1948 4713 inutilia.
1976 4657 2109 4714 Nam

524 4735 615 4805 qui
643 4752 830 4807 magna
866 4741 1167 4796 constantia
1200 4742 1621 4802 machinationes
1644 4746 1811 4818 ipsius
1834 4750 2110 4820 vicerunt,

525 4827 649 4881 facit
669 4837 725 4881 ut
752 4828 904 4885 bonis
923 4831 1177 4902 Operibus
1198 4833 1482 4903 inflentur,
1509 4846 1563 4893 et
1586 4838 1655 4893 ad
1680 4838 1968 4897 humanam
1990 4858 2113 4913 spe-

523 4930 665 4976 ctent
687 4922 909 4993 gloriam
927 4966 943 4992 ,
974 4941 1081 4996 quo
1101 4928 1307 4984 scilicet
1326 4944 1357 4984 a
1378 4946 1501 4986 vera
1527 4946 1623 4988 eos
1648 4932 1816 5004 gloria
1842 4934 2110 4993 deturbet.

529 5014 738 5071 Etenim
771 5017 861 5087 qui
888 5018 1163 5087 spirituale
1188 5021 1317 5091 quid
1347 5021 1546 5080 faciens
1576 5024 1863 5081 humanam
1893 5028 2114 5098 respicit

522 5107 778 5176 gloriam,
820 5110 1122 5167 mercedem
1161 5129 1310 5169 suam
1355 5114 1443 5172 hic
1482 5119 1715 5189 accipit,
1760 5130 1814 5176 et
1843 5120 1952 5191 jam
1973 5122 2111 5177 ultra

526 5202 693 5257 Deum
727 5218 834 5259 non
878 5203 1041 5261 habet
1067 5205 1390 5263 debitorem.
1425 5212 1469 5265 A
1499 5212 1691 5281 quibus
1716 5212 1860 5268 enim
1888 5215 2109 5283 gloriam

524 5296 717 5364 qu‘mrit
739 5338 755 5363 ,
779 5297 848 5353 ab
868 5297 933 5353 iis
954 5298 1139 5355 laudes
1167 5308 1355 5357 nactus
1380 5310 1483 5368 est,
1508 5310 1563 5357 et
1586 5316 1645 5359 se
1663 5305 1837 5373 privat
1858 5304 1960 5360 illis
1979 5321 2113 5377 quas

525 5386 785 5442 Dominus
820 5390 1096 5458 promisit,
1132 5400 1317 5462 utpote
1342 5392 1559 5462 majoris
1586 5392 1785 5449 faciens
1811 5406 2077 5451 momenta
2096 5425 2110 5436 -

524 5494 680 5534 neam
720 5479 994 5536 hominum
1030 5483 1261 5549 laudem,
1290 5500 1448 5555 quam
1474 5485 1566 5541 Dei
1596 5502 1834 5542 omnium
1864 5488 2113 5544 condito-

452 5630 458 5643 ι
525 5571 599 5624 ris
631 5588 645 5624 :
675 5571 726 5626 id
765 5573 908 5643 quod
950 5573 1194 5629 Christus
1225 5574 1293 5630 de
1320 5576 1566 5646 precibus
1585 5618 1601 5644 ,
1632 5577 1991 5651 eleemosynis
2012 5621 2027 5645 ,
2056 5588 2109 5635 et

514 5658 735 5732 ieiuniis
773 5673 929 5721 antea
965 5663 1181 5736 docuit,
1222 5666 1300 5723 sic
1335 5664 1523 5727 dicens
1562 5687 1576 5728 :
1621 5669 1838 5739 Quando
1854 5670 2063 5741 jjunas
2086 5710 2107 5741 ,

1271 267 1334 325 S.
1370 266 1652 328 JOANNIS
1687 265 2163 323 CIIRYSOSTOII
2202 264 2523 322 ARCHIEP.
2552 265 3089 324 CONSTANTINOP.

3689 269 3807 329 286

2220 376 2352 429 unge
2392 369 2544 427 caput
2582 370 2754 427 tuuni,
2794 372 2842 414 et
2883 362 2997 415 tura
3027 361 3207 429 [aciem
3230 367 3366 415 tuam
3387 400 3405 428 ,
3431 368 3487 415 ut
3510 376 3575 416 ne
3593 361 3809 418 videaris

2218 450 2501 504 hominibus
2535 452 2780 519 jejunum
2801 491 2817 514 ,
2859 451 2948 505 sed
2987 450 3134 505 Patri
3162 460 3248 505 tuo
3274 453 3359 514 qui
3385 461 3455 506 est
3480 452 3533 506 in
3560 454 3763 507 occulto
3790 470 3811 519 ;

2217 551 2263 593 et
2288 534 2442 594 Pater
2480 552 2626 607 tuus,
2651 544 2739 613 qui
2767 544 2895 597 videt
2924 545 2977 597 in
3011 545 3234 609 occulto,
3274 545 3446 599 reddet
3471 546 3559 600 tibi
3586 546 3808 616 (Rutili.

2218 631 2271 686 6.
2320 633 2407 687 Π.
2459 634 2572 703 18).
2606 633 2673 688 Et
2712 637 2903 690 lterum
2930 652 2943 688 :
2977 635 3192 702 Quando
3218 636 3372 705 facies
3399 638 3809 707 eleruwsynam,

2219 740 2281 777 ne
2300 725 2417 777 tuba
2468 741 2652 791 canas,
2678 727 2877 793 inquit,
2900 737 3015 780 ante
3037 734 3115 792 te,
3142 728 3272 780 sicut
3297 728 3571 797 hypocrita:
3606 730 3813 793 faciunt

2218 814 2271 868 in
2308 817 2577 885 synagogis
2610 826 2656 869 et
2696 817 2873 886 plateis
2892 858 2907 883 ,
2950 826 3005 869 ut
3031 816 3378 887 glori/iocatur
3406 818 3468 871 ab
3494 818 3811 874 hominibus.

2218 906 2375 961 Amen
2405 908 2517 961 dico
2546 908 2679 961 vobis
2698 948 2714 973 ,
2743 918 3040 977 acceperunt
3071 909 3348 963 mercedem
3375 927 3518 963 suam
3546 910 3713 979 (Ibid.
3755 928 3813 966 υ.

2218 995 2296 1065 2).
2330 996 2547 1051 Vidistis
2584 997 2884 1067 quomodo,
2930 998 3016 1067 qui
3046 998 3183 1052 hanc
3209 998 3430 1068 gloriam
3458 1000 3708 1069 inquirit,
3742 1000 3820 1054 il-

2220 1085 2326 1140 lam
2353 1086 2589 1141 amittit?
2618 1086 2718 1153 Qui
2738 1098 2915 1141 autem
2943 1086 3189 1142 virtutem
3218 1088 3285 1141 ita
3312 1098 3565 1157 operatur
3583 1130 3600 1155 ,
3629 1099 3686 1143 ut
3722 1090 3810 1144 la-

2220 1185 2335 1232 tere
2378 1177 2505 1232 velit
2543 1177 2826 1243 homines,
2868 1177 2921 1231 in
2962 1177 3052 1232 die
3096 1178 3186 1231 illo
3210 1178 3429 1232 terribili
3458 1179 3629 1248 palam
3656 1180 3813 1234 acci-

2221 1267 2330 1337 piet
2364 1282 2395 1321 a
2439 1267 2663 1322 Domino
2706 1268 3131 1323 retributionem.
3173 1267 3302 1322 Nam
3352 1267 3505 1323 Pater
3536 1280 3649 1323 tuus
3672 1312 3685 1331 .
3720 1273 3813 1339 qui

2220 1359 2348 1411 uidet
2378 1358 2430 1411 in
2466 1358 2693 1425 occulto,
2733 1359 2906 1412 reddet
2932 1359 3021 1412 tibi
3053 1360 3105 1412 in
3137 1361 3402 1430 manifesto
3428 1358 3589 1431 (Ibid.
3634 1377 3681 1414 υ.
3724 1364 3810 1429 4).

2218 1446 2297 1502 Ne
2330 1446 2563 1517 cogites,
2609 1446 2811 1518 inquit,
2855 1448 3056 1503 nullum
3084 1448 3353 1502 hominem
3386 1458 3438 1503 te
3466 1449 3680 1505 laudare
3702 1495 3717 1512 ,
3754 1459 3812 1505 et

2222 1547 2274 1593 te
2299 1538 2548 1593 virtutem
2591 1538 2727 1592 clam
2762 1554 3015 1593 exercere
3047 1557 3060 1593 :
3095 1540 3187 1593 sed
3235 1539 3335 1594 hoc
3364 1543 3568 1610 cogita,
3605 1552 3812 1596 tantam

2219 1627 2331 1683 fore
2360 1629 2515 1699 paulo
2537 1637 2655 1698 post
2678 1630 2881 1683 Domini
2908 1630 3311 1695 liberalitatem,
3336 1640 3393 1683 ut
3412 1647 3517 1685 non
3540 1633 3679 1686 sinat
3703 1634 3816 1688 hoc

2219 1721 2356 1774 clam
2397 1721 2481 1776 vel
2524 1721 2577 1775 in
2615 1721 2823 1776 occulto
2852 1737 2972 1776 esse
3003 1739 3017 1776 :
3045 1721 3139 1776 sed
3168 1733 3429 1791 prmsente
3457 1725 3601 1778 omni
3631 1724 3813 1778 homi-

2220 1827 2345 1866 num
2390 1826 2617 1882 genere,
2661 1811 2729 1866 ab
2766 1811 2934 1866 Adam
2982 1828 3149 1880 usque
3189 1812 3255 1866 ad
3283 1814 3808 1869 consummationem

2220 1905 2401 1959 smculi
2444 1914 2496 1959 te
2542 1904 2796 1974 praedicet
2840 1913 2897 1960 et
2931 1915 3185 1971 coronet,
3235 1918 3717 1977 susceptornmqne
3758 1910 3814 1965 in

2219 1994 2516 2051 exercenda
2542 1996 2739 2051 virtute
2763 1995 3004 2050 laborum
3036 1998 3250 2066 pnetnia
3277 1998 3491 2052 tribuat.
3513 1998 3629 2066 Qua
3649 2000 3817 2069 igitur

2219 2089 2559 2144 excusatione
2595 2089 2739 2159 digni
2782 2088 2977 2144 fuerint
3003 2090 3036 2144 ii
3064 2090 3153 2159 qui
3183 2090 3417 2145 laborem
3443 2092 3656 2145 virtutis
3685 2109 3813 2145 sus-

2221 2180 2427 2244 tinent,
2465 2188 2519 2234 et
2561 2188 2779 2250 propter
2820 2192 3245 2235 momentaneam
3286 2190 3341 2236 et
3388 2182 3546 2237 vilem
3572 2182 3818 2237 futilem-

2218 2288 2323 2344 que
2370 2272 2644 2328 hominum
2684 2272 2909 2344 gloriam
2934 2314 2951 2342 ,
2996 2283 3196 2329 aeterna
3226 2273 3315 2329 illa
3344 2275 3665 2345 semctipsos
3695 2277 3813 2345 pri-

2219 2377 2345 2420 vant
2368 2365 2393 2418 τ

2289 2456 2343 2510 2.
2375 2456 2611 2511 Obsecro
2640 2456 2816 2527 igitur,
2838 2464 2897 2510 ut
2919 2470 3018 2511 nos
3044 2455 3179 2511 bene
3206 2456 3530 2522 muniamus,
3553 2466 3607 2512 et
3629 2459 3814 2528 quod-

2218 2563 2445 2619 cumque
2487 2549 2761 2618 spirituale
2804 2563 2941 2619 opus
2982 2550 3375 2620 aggrediemur,
3429 2552 3534 2607 hoc
3585 2552 3811 2607 studea-

2220 2659 2338 2697 mus
2391 2643 2441 2696 in
2487 2643 2865 2713 promptuariis
2912 2642 3075 2696 animi
3144 2643 3310 2697 nostri
3361 2644 3702 2709 recondere,
3751 2654 3813 2698 ut

2220 2732 2399 2788 laudet
2441 2748 2538 2788 nos
2576 2734 2759 2790 oculus
2803 2735 2893 2789 ille
2937 2734 3026 2803 qui
3064 2749 3351 2805 numquam
3387 2734 3687 2790 dormitat:
3738 2752 3812 2791 ne

2220 2836 2439 2897 pr0pter
2476 2826 2748 2880 hominum
2794 2826 3008 2892 laudes,
3054 2840 3198 2896 saepe
3227 2825 3292 2879 ad
3328 2827 3553 2895 gratiam
3579 2838 3811 2896 captan-

2219 2916 2340 2971 dam
2379 2917 2531 2971 datas
2555 2958 2569 2983 ,
2599 2916 2796 2988 indigni
2823 2916 3123 2973 efficiamur
3150 2917 3355 2971 Domini
3384 2917 3647 2972 laudibus.
3682 2918 3813 2973 llzre

2220 3011 2363 3065 enim
2402 3011 2560 3065 ambo
2599 3011 2895 3080 perniciosa
2923 3020 3047 3065 sunt
3068 3051 3083 3075 ,
3114 3019 3167 3065 ct
3198 3010 3353 3064 saluti
3384 3021 3580 3065 nostra:
3604 3013 3763 3065 noxia
3792 3029 3810 3075 ;

2220 3102 2493 3173 spirituale
2538 3102 2734 3172 aliquid
2783 3101 3055 3172 cperando
3110 3101 3177 3154 ad
3231 3100 3516 3155 humanam
3562 3114 3812 3171 spectare

2218 3193 2471 3263 gloriam,
2518 3202 2573 3247 et
2612 3192 2747 3247 bene
2789 3192 2997 3262 agendo
3034 3191 3263 3247 sublime
3302 3193 3369 3247 de
3396 3207 3457 3248 se
3480 3208 3691 3262 sapere.
3725 3194 3812 3247 ld-

2220 3288 2363 3342 circo
2382 3286 2591 3341 sobrios
2612 3300 2733 3340 esse
2760 3301 2857 3341 nos
2886 3295 3097 3356 Opnrlcl
3124 3300 3187 3340 ac
3214 3284 3398 3355 vigiles
3421 3326 3435 3349 ,
3460 3295 3516 3340 et
3533 3301 3811 3356 apponere

2219 3377 2373 3432 nobis
2412 3377 2718 3449 quotidiana
2763 3392 2796 3433 e
2832 3378 2997 3433 sacris
3036 3377 3225 3432 Litoris
3264 3378 3583 3447 pharmaca,
3626 3380 3697 3432 ita
3748 3389 3810 3432 ut

2220 3468 2532 3538 perniciosis
2578 3468 2947 3522 affectionibus
2993 3468 3107 3522 istis
3158 3484 3264 3522 non
3311 3468 3640 3524 irretinuur.
3672 3469 3807 3524 Nam

2217 3559 2319 3614 etsi
2361 3560 2480 3630 quis
2524 3559 2799 3614 innumera
2846 3559 2981 3613 bona
3010 3576 3173 3629 opera
3204 3559 3421 3625 fecerit,
3449 3560 3809 3631 virtutemque

2217 3664 2431 3707 onmem
2458 3650 2767 3715 absolverit,
2795 3652 2839 3705 si
2872 3660 3046 3705 tamen
3076 3667 3323 3720 magnum
3350 3651 3477 3721 quid
3506 3651 3574 3706 de
3597 3668 3657 3707 se
3677 3667 3805 3707 sen-

2220 3743 2348 3807 tiat,
2378 3742 2616 3798 omnium
2645 3741 2977 3797 miserrimus
3005 3742 3179 3796 fuerit.
3210 3741 3361 3809 Quod
3394 3742 3546 3797 nobis
3578 3744 3807 3797 manife-

2218 3842 2358 3889 stmu
2404 3844 2487 3889 est
2529 3850 2592 3889 ex
2630 3834 2694 3889 iis
2731 3850 2851 3904 qua:
2888 3833 3159 3888 Pharismo
3184 3833 3530 3897 acciderunt,
3561 3835 3646 3901 qui
3677 3834 3803 3888 dum

2220 3941 2409 3996 magna
2444 3927 2513 3982 de
2540 3941 2600 3981 se
2625 3926 2825 3992 sensit,
2855 3933 2909 3981 et
2940 3925 3277 3994 publicanum
3302 3926 3627 3995 contempsit
3651 3925 3801 3997 (Luc.

2220 4017 2346 4088 18),
2392 4018 2569 4072 subito
2606 4017 2839 4072 deterior
2879 4016 3046 4071 factus
3088 4024 3173 4071 est
3196 4016 3507 4085 publicano,
3532 4026 3587 4070 et
3616 4032 3807 4071 omnes

2219 4110 2475 4165 virtutum
2518 4108 2730 4164 divitias
2775 4108 2948 4179 lingua
2991 4123 3085 4162 sua
3130 4107 3317 4163 ell‘udit
3357 4125 3372 4161 :
3418 4123 3566 4163 acse
3592 4109 3806 4163 nudans

2218 4216 2549 4272 vacuumque
2585 4200 2914 4255 constituens
2937 4240 2952 4265 ,
2994 4200 3313 4270 stupendum
3354 4209 3410 4255 et
3448 4215 3641 4254 novum
3669 4216 3805 4254 nan-

2218 4293 2441 4362 fragium
2483 4292 2718 4362 pertulit.
2760 4289 2892 4345 Cum
2932 4292 3073 4346 enim
3104 4290 3169 4345 ad
3199 4300 3407 4361 portum
3436 4292 3803 4358 pervenisset,

2217 4398 2406 4439 omnes
2445 4397 2653 4438 merces
2694 4396 2818 4436 suas
2844 4382 3152 4437 submersit.
3184 4381 3315 4436 Nam
3356 4383 3399 4436 si
3441 4382 3492 4437 id
3531 4382 3804 4436 infortunii

2222 4486 2437 4548 propter
2482 4489 2671 4545 preces
2713 4474 2926 4544 indigne
2955 4475 3178 4529 emissas
3205 4474 3408 4529 accidat
3428 4516 3443 4538 ,
3475 4474 3698 4543 perinde
3722 4485 3805 4529 est

2216 4583 2281 4623 ac
2301 4567 2345 4623 si
2368 4566 2488 4639 quis
2512 4567 2563 4621 in
2590 4566 2766 4620 medio
2789 4575 2939 4634 portu
2963 4564 3292 4635 naufragium
3316 4565 3471 4617 faciat
3517 4563 3806 4632 Propterea

2216 4670 2273 4718 et
2300 4658 2542 4715 Christus
2570 4658 2841 4729 discipulis
2867 4658 2978 4713 suis
3009 4658 3320 4726 pra-cipiens
3343 4698 3359 4723 ,
3390 4656 3601 4711 diccbat
3628 4674 3643 4708 :
3676 4656 3807 4710 Cum

2217 4752 2389 4807 omnia
2415 4750 2628 4821 feceritis
2650 4790 2665 4812 ,
2693 4748 2842 4803 dicite
2889 4763 2909 4803 :
2947 4747 3090 4803 Servi
3119 4747 3320 4801 inutiles
3336 4764 3509 4800 sumus
3529 4745 3682 4818 (Luc.
3718 4747 3803 4801 l7.

2220 4843 2331 4914 10).
2359 4842 2477 4910 Quo
2499 4840 2644 4896 dicto
2668 4839 2875 4894 munire
2898 4853 2992 4893 eos
3014 4838 3125 4891 vult
3147 4878 3162 4903 ,
3189 4845 3244 4893 et
3262 4853 3420 4907 quam
3445 4835 3755 4907 longissime
3773 4850 3805 4890 a

2219 4934 2520 5006 pernicioso
2560 4932 2652 4987 illo
2696 4930 2884 4986 morbo
2916 4931 3172 4985 alienare.
3202 4928 3453 4994 Vidistis,
3495 4928 3805 4995 carissimi,

2215 5025 2484 5097 quomodo
2528 5022 2572 5079 is
2614 5023 2703 5092 qtti
2748 5021 3031 5076 humanam
3078 5021 3301 5091 gloriam
3337 5021 3537 5084 ambit,
3579 5020 3807 5090 ejusque

2216 5117 2384 5189 gratia
2413 5116 2619 5170 virtutis
2647 5114 2901 5170 exercitia
2930 5113 3070 5178 adit,
3103 5113 3382 5166 utilitatem
3406 5110 3606 5165 nullam
3633 5112 3805 5180 perci-

2218 5211 2293 5280 pit
2323 5227 2336 5264 :
2364 5217 2420 5265 et
2464 5217 2583 5279 post
2617 5206 2913 5261 exautlatos
2941 5219 3128 5259 omnes
3152 5203 3361 5259 virtutis
3388 5202 3599 5258 labores
3624 5244 3638 5266 ,
3665 5205 3711 5258 si
3739 5203 3805 5257 de

2218 5302 2281 5357 iis
2317 5300 2559 5355 videatur
2594 5299 2757 5353 altum
2788 5312 3009 5366 sapere,
3034 5310 3272 5350 omnium
3299 5308 3494 5349 vacuus
3525 5293 3807 5362 nudnsipte

2216 5393 2445 5448 evadat?
2487 5391 2771 5461 Fugiamus
2812 5390 3000 5458 igitur,
3032 5387 3291 5452 obsecro,
3330 5384 3657 5455 perniciosas
3686 5385 3808 5439 illas

2214 5484 2553 5550 affectiones,
2585 5493 2641 5538 et
2671 5482 2735 5536 ad
2773 5482 2919 5536 illum
2954 5495 3166 5549 semper
3198 5479 3408 5548 vigilem
3434 5477 3646 5531 oculum
3674 5492 3804 5546 spe-

2216 5585 2424 5631 ctemus
2466 5584 2709 5629 tantum:
2750 5588 2814 5629 ac
2859 5573 2989 5628 nihil
3027 5587 3310 5627 commune
3352 5570 3642 5624 habeamus
3679 5584 3804 5623 cum

2220 5669 2385 5726 nostri
2405 5668 2617 5741 generis
2638 5666 2935 5723 hominibus
2954 5707 2968 5735 ,
2991 5680 3163 5739 neque
3184 5664 3251 5722 ab
3275 5664 3354 5721 eis
3378 5661 3576 5720 laudari
3596 5677 3808 5736 quara-
