4102 6204
460 367 565 421 ῑθῗι
1168 356 1225 413 S.
1265 352 1555 412 JOANNIS
1591 343 2079 406 CIIRYSOSTOMI
2117 347 2438 404 ARCHIEP.
2473 335 3021 400 CONSTAN'I'INOP.

1998 455 2027 481 7

465 486 700 539 ἔπαινον,
737 474 853 530 ἀλλ’
882 471 1180 545 ἀρκώμεθα
1204 471 1285 542 τῷ
1312 471 1462 542 παρὰ
1489 469 1581 523 τοῦ
1618 468 1907 522 Δεσπότου.
1945 468 2028 516 Οῠ

461 567 496 618 ὀ
527 563 775 624 ἔπαινος
797 557 927 627 γάρ,
955 557 1140 627 φησὶν,
1169 557 1280 610 οὐκ
1313 554 1381 619 ἐξ
1409 552 1752 620 ἀνθρώπων,
1791 549 1928 605 ἀλλ’
1963 548 2031 600 ἐκ

463 643 633 698 Θεοῦ.
655 641 766 694 Kal
803 639 913 709 ὅσῳ
943 638 1010 692 ἂν
1046 636 1181 708 πρὸς
1210 637 1430 708 μείζονα
1463 632 1786 703 ἐπιδιδῶμεν
1812 630 2031 702 ἀρετὴν,

461 723 699 794 τοσούτῳ
721 721 921 794 μᾶλλον
937 720 1162 784 ἑαυτοὺς
1187 717 1493 790 μετριάζειν
1509 713 2029 794 παρασκευάζωμεν,

461 810 556 862 καὶ
575 793 951 860 συνεστάλθαι.
987 802 1105 856 Κάν
1131 801 1238 872 γὰρ
1258 800 1394 871 πρὸς
1424 800 1595 869 αὐτὴν
1621 797 1914 866 φθάσωμεν
1935 793 2035 862 τῆς

461 892 663 964 ἀρετῆς
693 889 792 961 τὴν
846 887 1113 958 κορυφὴν,
1163 885 1259 940 ἐάν
1291 881 1596 953 ἀντιθῶμεν
1624 881 1721 945 τὰς
1758 879 1910 964 παρά
1939 878 2035 932 τοῦ

461 961 734 1028 Δεσπότηυ
790 969 1105 1041 εὐεργεσίας
1167 967 1302 1038 μετά
1355 965 1554 1036 πολλῆς
1598 961 2034 1034 εὐγνωμοσύνης.

461 1059 582 1111 τότε
609 1055 789 1118 καλῶς
814 1052 1074 1122 ὀψόμεθα,
1097 1052 1177 1104 ὅτι
1197 1051 1319 1103 ούδέ
1345 1049 1407 1103 τὸ
1432 1048 1718 1101 πολλοστὸν
1745 1046 1909 1116 μέρος
1928 1044 2037 1098 τῶν

464 1139 616 1210 παρά
643 1138 736 1190 τοῦ
770 1135 906 1189 Θεοῦ
938 1136 1017 1196 είς
1044 1134 1190 1202 ἡμᾶς
1217 1131 1582 1202 ὑπηργμένων
1617 1128 2033 1210 εἰσηνέγκαμεν.

466 1209 577 1275 Kal
616 1220 726 1290 γάρ
762 1220 992 1278 ἕκαστος
1037 1214 1144 1267 τῶν
1182 1215 1354 1281 ἁγίων
1401 1211 1647 1266 ἐντεῦθεν
1681 1209 2035 1280 ηὐδοκίμησε.

467 1304 578 1359 Καὶ
611 1304 699 1357 ἵνα
724 1300 920 1371 μάθῃς,
938 1299 1100 1352 ἄκουε
1118 1295 1214 1350 τοῦ
1243 1297 1340 1366 τῆς
1355 1295 1675 1364 οἰκουμένης
1696 1291 2037 1351 διδασκάλου.

465 1391 565 1460 τῆς
586 1385 993 1456 ούρανομήκους
1014 1381 1228 1450 ἐκείνης
1255 1378 1451 1449 ψυχῆς,
1483 1378 1602 1441 πῶς
1619 1459 1626 1460 7
1642 1377 1781 1446 μετὰ
1805 1374 2039 1460 τοσαῦτα

430 1508 434 1512 -
469 1455 888 1539 κατορθώματα,
921 1462 1060 1535 μετά
1083 1463 1180 1533 τήν
1206 1460 1472 1530 τοσαύτην
1497 1459 1698 1514 ἀνωθεν
1737 1455 2042 1539 μαρτυρίαν

470 1559 488 1620 (
505 1538 729 1616 Σκέῦος
748 1549 876 1620 γὰρ,
899 1547 1084 1617 φησὶν,
1108 1544 1367 1613 ἐκλογῆς
1404 1545 1537 1597 ἐστι
1559 1561 1659 1611 μοι
1689 1538 1908 1606 οὗτος).
1943 1541 2043 1592 οὐκ

471 1633 881 1688 ἐπιλανθάνεται
911 1629 1020 1682 τῶν
1045 1627 1262 1680 οἰκείων
1284 1624 1785 1696 πλημμελημάτων,
1811 1623 1923 1675 ἀλλ’
1945 1623 2045 1692 ἀμ-

472 1719 592 1786 φοῖν
611 1715 782 1769 ταῦτα
817 1709 1188 1783 περιστρέφει,
1229 1710 1323 1762 καὶ
1358 1707 1499 1778 ὑπὲρ
1550 1701 1625 1760 ὧν
1666 1707 1898 1776 μάλιστα
1943 1721 2044 1786 πετ

475 1785 877 1871 πληροφόρητο,
927 1795 1008 1847 ὅτι
1062 1792 1160 1863 τὴν
1191 1791 1539 1861 συγχώρησιν
1569 1790 1785 1856 ἐδέξατο
1817 1789 1903 1841 διὰ
1949 1785 2044 1840 τοῦ

475 1882 868 1952 βαπτίσματος,
897 1876 1016 1930 οὐδὲ
1050 1875 1253 1927 τούτων
1298 1871 1743 1926 ἐπιλανθάνεσθαι
1772 1871 2043 1952 ἀνέχεται,

474 1951 613 2018 ἀλλά
637 1964 733 2033 βοᾷ
766 1961 860 2014 καὶ
884 1960 1052 2026 λέγει,
1080 1959 1162 2011 ὃτι
1208 1953 1564 2024 Ἐλάχιστός
1603 1953 1718 2033 ειμι
1754 1951 1871 2005 τῶν
1902 1953 2049 2006 ἀπο-

474 2032 735 2109 στόλων,
790 2043 886 2096 καὶ
917 2042 1028 2098 οὐκ
1057 2040 1172 2108 ειμι
1208 2037 1414 2102 ἱκανὸς
1445 2032 1754 2090 καλεῖσθαι
1790 2033 2051 2088 ἀπόστο-

475 2135 606 2196 λος.
633 2125 764 2182 Εἶτα
788 2127 877 2180 ἵνα
901 2124 1000 2195 τὴν
1034 2120 1338 2195 ὑπερϐολὴν
1362 2118 1527 2174 αὐτοῦ
1558 2116 1932 2196 παιδευθῶμεν
1953 2117 2050 2187 τῆς

476 2192 996 2279 ταπεινοφροσύνης,
1025 2192 1356 2276 προσέθηκε,
1375 2202 1528 2279 Διρτι
1551 2197 1767 2263 ἐδίωξα
1790 2192 1904 2266 τὴν
1923 2200 2053 2252 Ἐκ-

479 2278 756 2360 κλησὶαν
774 2290 880 2344 τοῦ
916 2288 1082 2342 Θεοῦ.
1117 2285 1180 2338 Τί
1218 2287 1411 2350 ποιεῖς,
1441 2278 1485 2337 ὧ
1510 2282 1721 2346 Παῦλες
1761 2281 1819 2336 '0
1851 2281 2052 2335 Δεσπό-

478 2393 579 2446 της
605 2374 692 2428 διά
715 2373 812 2443 τὴν
834 2369 1040 2425 οἰκείαν
1062 2367 1371 2438 φιλοτιμίαν
1406 2365 1777 2446 συνεχώρησε,
1821 2365 1916 2417 καὶ
1949 2365 2053 2446 ἀπ-

481 2443 699 2528 ήλειψεν
747 2455 960 2508 ᾶπαντα
997 2451 1069 2506 τά
1103 2449 1466 2522 ἡμαρτημένα
1511 2464 1614 2512 σοι,
1644 2443 1737 2499 καὶ
1772 2446 1836 2498 σὺ
1885 2444 2054 2528 ταῦτα

483 2525 769 2609 στρέφειςς
800 2534 943 2596 Nal,
975 2529 1126 2596 οἶδα,
1162 2533 1327 2601 φησὶ,
1361 2531 1457 2584 καὶ
1488 2530 1588 2583 οὐκ
1626 2529 1805 2597 ἀγνοῶ
1833 2525 1925 2580 τοῦ
1956 2529 2053 2609 Δεξ-

486 2607 682 2674 σπότου
718 2616 812 2670 τοῦ
867 2615 1000 2686 ἐμοῦ
1041 2615 1140 2685 τὴν
1170 2615 1325 2667 λύσιν
1347 2630 1361 2642 ·
1398 2613 1513 2668 ἀλλ’
1553 2613 1678 2666 ὅταν
1720 2611 1954 2677 ἐννοήσω
1986 2607 2056 2661 τά

484 2705 607 2775 ἐμοὶ
639 2699 993 2772 εἰργασμένα,
1026 2698 1120 2751 καὶ
1174 2697 1267 2750 ῖδω
1305 2696 1367 2749 τὸ
1410 2695 1644 2762 ’πέλαγος
1675 2689 1773 2762 τῆς
1798 2691 1891 2745 τοῦ
1921 2689 2054 2775 Θεοῦ

486 2773 912 2855 φιλανθρωπίας.
946 2779 1066 2834 τότε
1101 2778 1354 2850 μανθάνω
1386 2777 1713 2855 καλῶς,λὸτι
1747 2775 1926 2845 χάριτι
1962 2773 2058 2825 αὐ-

371 2875 378 2882 ’
483 2853 579 2922 τοῦ
609 2853 701 2920 καῖ
723 2860 1101 2936 φιλανθρωπίᾳ
1127 2861 1244 2931 είμὶ
1269 2861 1299 2913 ὃ
1320 2861 1455 2929 είμι.
1487 2853 1668 2911 Είπὼν
1687 2858 1818 2928 γάρ,
1841 2858 1922 2908 ὅτι
1935 2857 2056 2908 Οὐκ

488 2952 604 3016 alui
632 2947 839 3011 ικανὸς
885 2943 1196 2998 καλεῖσθαι
1246 2941 1608 3005 ἀπόστολος,
1669 2939 1817 2992 διότι
1846 2936 2059 2999 ἐδίωξα

487 3034 604 3099 τὴν
640 3029 1007 3094 Ἐκκλησίαν
1046 3025 1150 3078 τοῦ
1203 3021 1372 3086 Θεοῦ,
1427 3022 1672 3091 ἐπήγαγε
1696 3036 1710 3052 ο
1745 3018 1941 3086 Χάριτι
1991 3016 2060 3070 δὲ

492 3115 641 3170 Θεοῦ
669 3115 782 3180 εἰμι
816 3109 849 3162 ὅ
881 3111 1012 3176 ειμι.
1053 3105 1191 3169 Ἐγὼ
1229 3105 1346 3173 μὲν,
1380 3105 1532 3172 φησι,
1566 3101 1829 3172 τοσαύτην
1855 3099 2060 3152 ἐπεδει-

493 3197 672 3266 ξάμην
701 3192 798 3262 τὴν
823 3191 1019 3261 μανίαν
1039 3205 1052 3218 ο
1083 3189 1117 3256 ἡ
1142 3187 1198 3240 δὲ
1231 3187 1436 3256 ἀφατος
1461 3182 1940 3266 αὐτοῦ-ἀγαθότης
1967 3182 2061 3234 καὶ

489 3283 524 3350 ἡ
553 3262 708 3349 κάρις
735 3275 835 3344 τὴν
866 3270 1207 3341 συγχώρησιν
1235 3267 1545 3350 ἐχαρίσατο.
1571 3262 1726 3350 Εἶδες
1745 3265 1920 3335 ψυχὴν
1945 3281 2062 3316 συν-

491 3347 881 3432 τετριμμένην,
907 3355 999 3408 καὶ
1028 3353 1136 3405 τῶν
1164 3351 1272 3422 πρὸ
1287 3349 1382 3403 τοῦ
1416 3347 1788 3432 βαπτίσματος
1813 3349 2061 3432 ﬁgam-

497 3428 671 3514 μένων
699 3428 977 3508 διηνεκῶς
1005 3435 1102 3505 τήν
1136 3435 1353 3504 μνήμην
1391 3431 1844 3514 περιφέρουσαν)⁸
1863 3428 2060 3482 Τοῦτον

492 3511 556 3596 δὴ
580 3525 672 3578 καὶ
703 3522 860 3592 ἡμεῖς
891 3515 1278 3596 μιμησώμεθα,
1303 3515 1398 3596 xal
1425 3513 1494 3566 τὰ
1530 3513 1663 3596 μετά
1692 3512 1754 3565 τὸ
1783 3511 2063 3596 βάπτισμα

494 3594 626 3678 ἡμῖν
669 3599 1053 3675 ἡμαρτημένα,
1093 3595 1264 3650 ταῦτα
1304 3595 1426 3648 καθ’
1459 3594 1695 3664 ἑκάστην
1733 3594 1941 3664 ἡμέραν
1975 3611 2063 3663 μι‹

500 3689 881 3760 μνησκόμενοι,
917 3684 1010 3736 καὶ
1037 3680 1298 3750 διηνεκῶς
1329 3681 1386 3732 ἐν
1417 3681 1484 3749 τῇ
1533 3678 1743 3760 διανοίᾳ.
1785 3678 2066 3749 περιστρέ·

497 3759 707 3839 φοντες,
741 3767 1010 3838 μηδέποτε
1041 3761 1410 3832 συγχωρῶμεν
1429 3762 1510 3823 εἰς
1534 3759 1702 3830 λήθην
1721 3761 1867 3830 ἡμᾶς
1889 3760 2064 3813 αὐτῶν

499 3855 778 3924 ἐμπεσεῖν.
821 3847 1027 3909 Ἱκανὸς
1053 3845 1162 3916 γὰρ
1188 3847 1319 3914 ἡμῖν
1363 3842 1576 3924 χαλινὸς
1599 3842 1757 3896 τοῦτο
1780 3845 2065 3912 γενήσεται

499 3923 635 4006 πρὸς
666 3933 726 3986 τὸ
775 3927 1126 3984 συνεστάλθαι
1177 3927 1273 3981 καὶ
1314 3923 1641 3997 μετριάζειν.
1695 3927 1804 3979 Kal
1834 3926 1884 3978 τί
1926 3923 2064 4006 λέγω

500 4005 733 4078 Παῦλον,
765 4014 856 4067 τὸν
892 4009 1143 4064 τοσοῦτον
1181 4009 1275 4061 καὶ
1326 4006 1669 4076 τηλικοῦτον;
1705 4006 1888 4068 Θέλεις
1941 4005 2065 4059 ίδεῖν

500 4100 595 4154 καὶ
616 4099 737 4160 τοῢς
773 4097 830 4148 ἐν
854 4097 921 4164 τῇ
953 4091 1160 4161 Παλαιᾷ
1210 4087 1456 4143 ἐντεῦθεν
1495 4087 1726 4159 μάλιστα
1777 4087 2066 4158 εὐδοκιμή-

503 4197 720 4243 σαντας,
750 4177 858 4232 ἀπὸ
885 4175 979 4228 τοῦ
1013 4173 1320 4244 μετριάζειν
1351 4171 1487 4240 μετά
1513 4168 1682 4242 μυρία
1713 4169 2068 4240 κατορθώμα-

500 4282 586 4324 τα,
601 4263 694 4314 xal
707 4262 806 4330 τὴν
825 4259 1030 4326 ἄφατον
1049 4253 1362 4325 παρρησίαν
1380 4269 1394 4316 ;
1413 4253 1608 4305 ’Ἄκουε
1622 4251 1715 4304 τοῦ
1731 4251 2067 4321 πατριάρχου

501 4344 768 4407 λέγοντος,
795 4339 931 4411 μετά
957 4337 1055 4406 τὴν
1090 4335 1304 4406 ὁμιλίαν
1329 4334 1426 4405 τὴν
1452 4334 1587 4405 πρὸς
1614 4333 1706 4386 τὸν
1733 4333 1888 4394 Θεὸν,
1933 4332 2069 4401 μετά

504 4425 601 4494 τὴν
628 4418 956 4490 ἐπαγγελίαν
982 4418 1078 4488 τὴν
1105 4417 1186 4481 είς
1211 4417 1370 4470 αὑτὸν
1388 4415 1762 4486 γεγενημένην
1779 4430 1793 4444 ο
1831 4412 1974 4482 Ἐγὼ
2002 4412 2071 4466 δέ

504 4509 620 4576 ειμι
655 4503 732 4573 γῆ
767 4503 865 4557 καὶ
895 4501 1144 4566 σποδός.

574 4598 643 4657 γ’.
671 4584 819 4659 [508]
863 4583 998 4637 Ἀλλ’
1022 4583 1206 4654 ἐπειδὴ
1226 4583 1319 4637 τοῦ
1341 4581 1680 4652 πατριάρχου
1705 4577 2000 4650 ἐμνήσθην,
2021 4579 2069 4630 εί

502 4672 670 4735 δοκεῖ,
706 4669 776 4722 τὰ
809 4669 1047 4737 σήμερον
1073 4665 1486 4734 ἀναγνωσθέντα
1516 4661 1804 4734 προθῶμεν
1849 4661 1942 4712 ἐπὶ
1973 4662 2071 4730 τῆς

505 4754 775 4824 ὑμετέρας
829 4750 1050 4820 ἀγάπης
1070 4789 1086 4811 .
1118 4751 1204 4802 ἵνα
1234 4747 1408 4802 ταῦτα
1438 4745 1842 4810 ἀναπτύξαντες
1873 4744 2070 4811 ἴδωμεν

505 4838 604 4908 τῆς
629 4834 830 4906 ἀρετῆς
861 4831 953 4885 τοῦ
985 4831 1194 4884 δικαίου
1224 4830 1322 4901 τήν
1355 4829 1680 4899 ὑπερϐολήν.
1719 4827 1829 4908 Καί
1873 4825 2070 4908 έλαϐξε,

507 4906 661 4989 φησι.
689 4916 884 4983 Θάρῤα
899 4913 1005 4967 τὸν
1027 4914 1241 4981 Ἀϐραμ
1264 4911 1360 4964 καὶ
1384 4910 1489 4963 τὸν
1507 4907 1718 4977 Ναχώρ
1742 4907 1883 4972 τοὺς
1905 4906 2074 4989 υἱοὺς

506 4988 710 5057 αὑτοῦ.
743 4996 839 5050 καὶ
871 4995 976 5048 τὸν
1000 4993 1129 5048 Λὼτ
1160 4994 1266 5046 τὸν
1285 4992 1420 5046 υἱὸν
1439 4991 1544 5045 τοῦ
1565 4990 1698 5044 υιοῦ
1730 4989 1938 5052 αὐτοῦ,
1972 4988 2072 5040 καὶ

509 5084 622 5149 τὴν
652 5081 849 5148 Σώραν
873 5076 987 5142 τὴν
1005 5077 1246 5143 νύμφην
1267 5072 1473 5133 αὑτοῦ.
1505 5071 1756 5142 γυναῖκα
1779 5070 1847 5124 δὲ
1860 5071 2075 5138 Ἄϐραμ

508 5164 615 5219 τοῦ
646 5162 780 5217 υιοῦ
808 5158 994 5212 αὑτοῦ
1019 5173 1032 5186 ·
1059 5155 1464 5224 καὶέεήγαγεν
1481 5153 1703 5218 αὐτοὺς
1735 5153 1804 5204 ἐκ
1834 5149 1944 5218 τῆς
1964 5150 2076 5219 χὼ.

509 5264 617 5314 ρας
640 5245 764 5299 τῶν
789 5241 1120 5299 Χαλδαίων.
1153 5234 1512 5304 πορευθῆναι
1545 5237 1634 5299 είς
1680 5234 1795 5301 τὴν
1819 5233 1935 5314 γῆν
1958 5232 2078 5286 τῶν

510 5313 876 5385 Χαναναίων,
897 5321 993 5374 καὶ
1013 5316 1198 5390 ἦλθεν
1223 5318 1330 5382 ἕως
1352 5316 1586 5384 Χαρρὰν
1606 5316 1701 5369 καὶ
1734 5313 2079 5382 κατῴκησεν

509 5409 660 5464 ἐκεῖ·
694 5407 792 5460 καί
844 5404 1122 5473 ἐγένοντο
1172 5399 1362 5455 πᾶσαι
1416 5402 1475 5452 αι
1520 5397 1730 5466 ἡμέραι
1779 5396 1974 5464 Θὰρῤα
2009 5397 2079 5450 ἐν

512 5492 749 5559 Χαρῤὰν
796 5489 900 5552 ἔτη
948 5484 1226 5537 διακόσια
1261 5481 1440 5535 πέντε
1461 5521 1476 5544 ,
1538 5481 1636 5534 καὶ
1684 5478 1982 5534 ἀπέθανεν
2009 5479 2080 5533 ἐν

513 5575 769 5644 Χαρράν.
800 5568 955 5625 Μετά
997 5565 1281 5637 ἀκριϐείας
1324 5565 1703 5636 προσέχωμεν,
1755 5562 2078 5634 παρακαλῶ,

513 5663 626 5722 τοῖς
663 5651 1106 5722 ἀναγνωσθεῖσιν,
1160 5649 1246 5702 ἵνα
1273 5647 1590 5717 δυνηθῶμεν
1640 5646 1961 5699 καταλαϐεῖν
1989 5645 2081 5698 τὸν

516 5739 642 5791 νοῦν
688 5737 796 5788 τῶν
835 5731 1313 5801 ἐγγεγραμμένων.
1365 5731 1494 5783 Ἰδοὺ
1526 5730 1634 5798 γάρ
1685 5729 1742 5780 ἐν
1781 5727 2081 5798 προοιμίοις

518 5822 664 5874 δοκεῖ
693 5819 908 5886 ζήτημα
927 5811 1065 5867 εἶναι
1087 5815 1144 5867 ἐν
1159 5817 1274 5877 τοῖς
1295 5813 1623 5884 εἰρημένοις.
1650 5809 1753 5862 Τοῦ
1779 5809 1888 5880 γὰρ
1913 5826 2079 5880 μακα-

525 5903 642 5975 ρίου
670 5897 857 5950 τούτου
886 5899 1184 5970 προφήτου,
1205 5895 1300 5951 τοῦ
1332 5895 1607 5956 Μωῦσέως
1633 5893 1795 5962 λέγω,
1817 5892 2079 5954 εἰπόντος.

3600 335 3715 390 286

2138 465 2220 517 ὃτι
2251 463 2470 516 Ἔλασε
2503 460 2698 526 Θὰρρα
2718 456 2827 510 τὸν
2845 452 3068 520 Ἀϐραμ
3097 449 3195 502 καί
3224 447 3334 501 τὸν
3359 440 3725 517 Ναχὼρζκαι

2137 543 2430 613 ἐξήγαγεν
2460 542 2526 594 ἐκ
2562 539 2673 610 τῆς
2711 533 3056 613 Χαλδαίων,
3090 527 3451 598 πορευθῆναι
3482 534 3572 596 εἰς
3605 532 3726 597 τὴν

2139 612 2264 696 γῆν
2280 626 2398 679 τῶν
2426 623 2794 686 Χαναναίων,
2832 616 2932 677 καὶ
2960 612 3148 684 ἦλθεν
3171 614 3284 680 ἓως
3319 614 3578 682 Χαρρὰν,
3621 617 3722 669 καὶ

2139 706 2490 774 κατῴκησεν
2515 705 2670 758 ἐκεῖ·
2709 705 2738 756 6
2764 703 3034 774 μακάριος
3061 697 3334 765 Στέφανος
3357 697 3729 766 ἐγκωμιάζων

2139 794 2265 855 τοὺς
2302 790 2585 852 Ἰουδαίους
2613 788 2797 859 φησίν·
2840 787 2895 839 '0
2923 782 3069 850 Θεὸς
3100 776 3209 849 τῆς
3237 779 3423 845 δόξης
3449 778 3617 847 ὤφθη
3639 780 3730 844 τῷ

2141 874 2318 941 πατρί
2345 873 2514 942 ἡμῶν
2545 872 2801 939 ’Λϐραὰμ
2836 862 2964 923 δντι
2995 869 3066 921 ἐν
3097 863 3546 931 Μεσοποταμίᾳ,
3578 864 3730 930 πρὶν

2140 959 2181 1025 ἢ
2201 950 2552 1023 κατοικῆσαι
2582 955 2767 1008 αὐτὸν
2789 955 2860 1007 ἐν
2885 951 3136 1019 Χαρρὰν,
3161 945 3459 1008 κάκεῖθεν,
3476 947 3628 1012 μετὰ
3654 946 3730 999 τὸ

2142 1039 2470 1095 ἀποθανεῖν
2502 1039 2609 1092 τὸν
2645 1037 2868 1103 πατέρα
2897 1035 3114 1093 αὑτοῦ.
3141 1028 3476 1099 μετῴκισεν
3511 1030 3724 1083 αὐτόν.

2141 1125 2210 1178 Τί
2231 1119 2324 1178 οὖν
2353 1125 2536 1185 ἐστινς
2577 1120 2914 1174 ἐναντιοῦται
2949 1119 3116 1186 ἑαυτῇ
3153 1118 3186 1186 ἡ
3215 1113 3336 1167 θεία
3369 1113 3558 1183 Γραφὴ
3585 1129 3602 1174 ;
3634 1111 3730 1182 Μὴ

2143 1208 2350 1276 γένοιτο
2369 1223 2382 1236 ’
2416 1205 2552 1260 ἀλλά
2592 1203 2817 1258 συνιδεῖν
2846 1204 2911 1254 ἐκ
2935 1200 3124 1254 τούτου
3173 1197 3459 1269 προσήκει,
3495 1197 3576 1248 ὃτι
3601 1195 3726 1249 θεο-

2145 1289 2332 1358 φιλοῦς
2358 1287 2510 1352 ὄντος
2533 1286 2628 1340 τοῦ
2659 1285 2846 1348 παιδὸς
2871 1324 2886 1345 ,
2923 1282 3112 1351 ὀφθεὶς
3153 1279 3304 1348 αύτῷ
3327 1279 3355 1330 6
3382 1277 3516 1341 Θεὸς
3554 1294 3729 1345 προσ-

2144 1371 2300 1436 έταξε
2325 1369 2716 1442 μεταναστῆναι
2737 1367 2965 1420 ἐκεῖθεν.
2990 1366 3098 1418 Kal
3113 1363 3269 1416 τοῦτο
3288 1361 3450 1429 γνοὺς
3483 1363 3514 1413 ὀ
3531 1359 3728 1430 Θάρρει

2144 1455 2174 1507 6
2201 1453 2388 1507 τούτου
2417 1453 2618 1522 πατὴρ.
2641 1452 2689 1502 εί
2717 1450 2808 1503 καὶ
2835 1449 3061 1510 ἄπιστος
3085 1445 3400 1514 ἐτύγχανεν,
3436 1442 3553 1496 ἀλλ’
3571 1443 3730 1510 ὅμως

2148 1537 2252 1590 ὑπὸ
2290 1536 2382 1590 τοῦ
2414 1535 2546 1606 πρὸς
2590 1534 2681 1586 τὸν
2733 1531 2897 1584 παῖδα
2952 1530 3179 1600 φίλτρου
3215 1525 3543 1594 κοινωνῆσαι
3571 1523 3730 1592 αὐτῷ

2147 1619 2469 1683 κατεδέξατο
2505 1617 2602 1686 τῆς
2633 1613 2962 1684 ἀποδημίας,
3001 1611 3096 1664 καὶ
3124 1608 3294 1662 ἐλθὼν
3330 1609 3410 1670 είς
3447 1607 3544 1676 τὴν
3569 1607 3725 1677 Χαῤ-

2152 1703 2271 1774 ρἀ,
2321 1702 2481 1754 κάκεῖ
2525 1701 2873 1767 κατοικήσας.
2925 1694 3065 1748 οὕτω
3102 1691 3402 1764 μετήλλαξε
3446 1689 3537 1742 τὸν
3576 1689 3725 1758 βίον·

2150 1773 2244 1840 καὶ
2266 1785 2386 1837 τότε
2415 1783 2765 1841 κελεύσαντος
2793 1778 2888 1833 τοῦ
2926 1776 3058 1830 Θεοῦ
3088 1774 3474 1846 μετανίσταται
3511 1774 3590 1834 είς
3625 1773 3732 1843 τήν

2150 1865 2458 1922 Χαναναίαν
2480 1865 2507 1915 6
2534 1864 2896 1933 πατριάρχης.
2932 1860 3146 1930 Ἀμέλει
3180 1858 3239 1910 ού
3272 1859 3535 1928 πρότερον
3563 1854 3732 1907 αὐτὸν

2151 1953 2180 2004 ὀ
2205 1949 2334 2012 Θεὸς
2378 1947 2586 2000 ἐκεῖθεν
2635 1946 2922 2014 ἀνέστησε,
2960 1944 3150 2013 μέχρις
3169 1943 3259 1994 ὅτε
3284 1941 3479 2012 Θάρῤα
3516 1939 3734 1992 ἐτελεύ-

2153 2049 2302 2101 τησε.
2334 2031 2463 2083 Τότε
2487 2029 2594 2099 γάρ
2619 2028 2755 2096 μετά
2772 2028 2872 2096 τήν
2902 2025 3108 2079 ἐκείνου
3137 2023 3412 2092 τελευτὴν,
3443 2021 3595 2092 φησὶ,
3614 2021 3730 2074 Καὶ

2153 2111 2281 2169 εἷπε
2313 2114 2526 2179 Κύριος
2549 2109 2627 2175 τῷ
2652 2111 2867 2176 Ἅϐραμ
2889 2126 2903 2140 ·
2941 2108 3191 2171 Ἔξελθε
3218 2106 3286 2160 ἐκ
3313 2106 3424 2172 τῆς
3449 2106 3562 2174 γῆς
3583 2120 3731 2165 σου.

2155 2197 2251 2251 καὶ
2282 2197 2349 2250 ἐκ
2376 2194 2485 2263 τῆς
2512 2194 2862 2263 συγγενείας
2885 2206 3022 2252 σου,
3049 2191 3146 2244 καὶ
3172 2190 3240 2242 ἐκ
3287 2189 3396 2243 τοῦ
3418 2189 3584 2241 οῐκου
3621 2187 3736 2240 τοῦ

2157 2280 2376 2346 πατρός
2399 2292 2536 2338 σου,
2568 2275 2665 2328 καὶ
2699 2274 2875 2342 δεῦρο
2902 2276 2987 2339 εις
3017 2271 3155 2341 γῆν,
3193 2270 3274 2338 ἦν
3301 2269 3378 2325 ἄν
3407 2287 3502 2324 σοι
3530 2270 3730 2332 δείξω.

2157 2363 2263 2418 Καὶ
2299 2360 2530 2425 ποιήσω
2557 2373 2632 2411 σε
2661 2360 2748 2423 εἷς
2779 2357 2947 2422 ἔθνος
2969 2355 3140 2425 μέγα,
3171 2357 3268 2409 καὶ
3295 2353 3609 2424 εὐλογήσω
3633 2371 3733 2416 σε,

2158 2445 2253 2500 καί
2274 2443 2592 2514 μεγαλυνῶ
2637 2441 2701 2494 τὸ
2741 2442 2926 2509 ὄνομα
2955 2455 3092 2503 σου,
3125 2439 3224 2493 καὶ
3269 2438 3387 2505 ἔσῃ
3415 2435 3740 2507 εὐλογημέ-

2158 2546 2296 2594 νος·
2330 2523 2427 2580 καί
2483 2523 2796 2593 εὐλογήσω
2851 2522 2992 2588 τοὺς
3033 2521 3440 2590 εὐλογοῦντὰς
3467 2535 3543 2574 σε
3566 2562 3582 2586 ,
3632 2520 3734 2573 καὶ

2158 2611 2299 2676 τοὺς
2323 2607 2772 2676 καταρωμένους
2796 2619 2870 2658 σε
2897 2605 3301 2673 καταράσομαι
3320 2621 3335 2634 ’
3367 2604 3464 2657 καὶ
3489 2604 3739 2656 ἐνευλοο

2159 2693 2524 2763 γηθήσονται
2551 2691 2620 2743 ἐν
2641 2689 2738 2743 σοι
2762 2689 2950 2743 πᾶσαι
2980 2691 3040 2740 at
3071 2688 3255 2755 φυλαί
3280 2685 3390 2753 τῆς
3407 2685 3539 2755 γῆς.
3561 2686 3741 2737 Ἕκα-

2164 2793 2286 2828 στον
2309 2774 2415 2826 τῶν
2437 2772 2740 2844 εἰρημένων
2766 2771 2902 2841 μετά
2925 2769 3208 2839 ἀκριϐείας
3234 2769 3313 2821 διε
3323 2765 3738 2839 ρευνησώμεθα,

2163 2857 2251 2909 ἵνα
2279 2857 2476 2925 ἴδωμεν
2503 2854 2606 2922 τῆς
2636 2853 2859 2923 γνώμης
2885 2850 2977 2904 τοῦ
3005 2850 3341 2921 πατριάρχου
3374 2850 3437 2902 τὸ
3468 2847 3737 2917 φιλόθεον.

2233 2939 2322 3008 Μὴ
2352 2937 2460 3008 γὰρ
2490 2935 2673 2998 ἁπλῶς
2703 2934 3150 3005 παραδράμωμεν
3173 2934 3234 2985 τὸ
3281 2932 3590 3003 εἰρημένον,
3618 2931 3740 2984 ἀλλ’

2165 3021 2504 3090 ἐννοήσωμεν
2537 3019 2659 3081 ὅσος
2685 3017 2780 3069 τοῦ
2808 3018 3176 3086 ἐπιτάγματος
3195 3018 3223 3069 6
3243 3015 3427 3082 ὄγκος.
3463 3015 3739 3076 Ἔξελθε,

2166 3101 2347 3170 φησὶν,
2396 3101 2459 3154 ἐκ
2518 3099 2628 3166 τῆς
2659 3098 2769 3167 τῆς
2798 3113 2935 3159 σου,
2995 3096 3093 3152 καὶ
3125 3097 3192 3150 ἐκ
3228 3093 3336 3161 τῆς
3385 3095 3744 3163 συγγενείας

2166 3198 2302 3247 σου,
2339 3183 2434 3236 καὶ
2468 3184 2535 3235 ἐκ
2562 3181 2669 3235 τοῦ
2697 3182 2865 3234 οἴκου
2888 3180 2993 3234 τοῦ
3025 3180 3248 3247 πατρός
3270 3195 3408 3239 σου,
3437 3178 3536 3230 καὶ
3562 3177 3742 3244 δεῦρο

2166 3268 2252 3331 εις
2276 3264 2390 3333 τὴν
2418 3263 2552 3334 γῆν,
2582 3262 2658 3331 ἦν
2689 3263 2768 3316 ἄν
2794 3279 2892 3317 σοι
2922 3261 3117 3325 δείξω.
3153 3259 3457 3323 Κατάλιπε,
3485 3259 3638 3327 φησὶ,
3673 3259 3741 3312 τὰ

2166 3347 2299 3416 δῆλα
2319 3347 2412 3401 καὶ
2439 3347 2508 3401 τά
2527 3345 2941 3416 ὡμολογημένα,
2970 3344 3066 3397 καὶ
3096 3342 3432 3415 προτίμησον
3462 3341 3532 3394 τά
3571 3342 3743 3409 ἄδηλα

2168 3431 2260 3484 καὶ
2292 3430 2358 3485 τά
2394 3429 2468 3500 μή
2499 3429 2817 3499 φαινόμενα.
2836 3427 3037 3480 Σκόπει
3071 3425 3187 3488 πῶς
3224 3424 3282 3489 ἐξ
3323 3426 3500 3495 ἀρχῆς
3547 3427 3643 3478 καὶ
3677 3427 3742 3479 ἐκ

2168 3513 2467 3585 προοιμίων
2488 3510 2824 3582 ἐγυμνάζετο
2850 3513 2879 3564 6
2897 3511 3103 3572 δίκαιος
3131 3509 3198 3561 τὰ
3225 3507 3298 3578 μή
3315 3509 3610 3578 φαινόμενα
3632 3509 3745 3561 τῶν

2169 3595 2509 3664 φαινομένων
2537 3594 2827 3665 προτιμᾷν,
2855 3593 2948 3645 καὶ
2979 3593 3048 3645 τὰ
3084 3591 3340 3658 μέλλοντα
3386 3589 3495 3642 τῶν
3520 3592 3578 3643 ἐν
3614 3607 3746 3660 χερ-

2171 3679 2254 3731 σὶν
2302 3678 2488 3731 ὄντων.
2540 3675 2674 3729 Οὐδὲ
2705 3675 2812 3745 γὰρ
2843 3674 2904 3727 τὸ
2933 3673 3096 3743 τυχὸν
3125 3669 3193 3744 ἦν
3247 3672 3384 3742 ὅπερ
3417 3671 3743 3725 ἐπετάττετο

2170 3761 2410 3831 ποιῆσαι,
2464 3758 2616 3831 [309]
2669 3751 2990 3811 καταλιπεῖν
3014 3757 3113 3828 τὴν
3151 3757 3276 3825 γῆν,
3309 3755 3438 3808 ἔνθα
3489 3754 3744 3808 τοσοῦτον

2168 3841 2351 3913 ᾤκησε
2379 3840 2591 3912 χρόνον,
2617 3840 2714 3894 xal
2732 3840 2831 3912 τὴν
2854 3838 3171 3907 συγγένειαν
3189 3839 3424 3901 ἅπασαν,
3449 3839 3544 3890 καὶ
3567 3838 3744 3892 πάντα

2169 3923 2263 3976 τοῦ
2297 3921 2504 3992 πατρὸς
2527 3922 2617 3975 τὸν
2644 3915 2813 3984 οἷκον,
2845 3923 2938 3975 καὶ
2971 3922 3146 3974 ἐλθεῖν
3167 3920 3294 3974 ἔνθα
3331 3919 3404 3990 μή
3432 3919 3571 3990 ᾔδει,
3607 3919 3744 3989 μηδι

2170 4005 2455 4074 ἠπίστατο.
2492 4005 2566 4057 Ού
2595 4004 2704 4074 γὰρ
2727 4001 2880 4056 εἶπεν
2907 4005 2985 4065 είς
3013 4004 3173 4056 ποίαν
3207 4001 3369 4055 αὑτὸν
3400 4000 3581 4072 χώραν
3616 3999 3744 4069 βού-

2171 4088 2321 4141 λεται
2362 4090 2714 4158 μεταστῆσαι.
2745 4085 2878 4139 ἀλλά
2903 4086 2982 4154 τῷ
3002 4087 3292 4158 ἀδιορίστῳ
3317 4084 3410 4137 τοῦ
3441 4085 3746 4152 ἐπιτάγμα-

2171 4184 2260 4233 τος
2294 4170 2564 4240 ἐγύμναζε
2601 4169 2694 4221 τοῦ
2742 4167 3085 4239 πατριάρχου
3123 4168 3184 4220 τὸ
3239 4167 3506 4236 φιλόθεον.
3563 4164 3746 4233 Δεῦρο

2173 4250 2300 4322 γὰρ,
2335 4252 2515 4320 φησὶν.
2544 4251 2631 4315 εις
2656 4247 2772 4317 τὴν
2805 4249 2940 4317 γὴν,
2975 4249 3055 4315 ἦν
3080 4249 3158 4300 ἅν
3183 4264 3283 4301 σοι
3305 4249 3498 4312 δείξω.
3529 4249 3744 4318 Ἐννόη-

2175 4335 2264 4386 σόν
2309 4350 2418 4404 μοι,
2467 4331 2739 4402 ἀγαπητὲ,
2773 4333 2920 4394 ὃπως
2956 4331 3165 4400 ὑψηλῆς
3223 4331 3392 4383 ἐδεῖτο
3423 4329 3647 4399 γνώμης
3686 4331 3748 4383 τῦ

2173 4414 2469 4484 ἐπίταγμα,
2505 4417 2600 4468 καὶ
2629 4412 2868 4484 μηδεμιᾷ
2898 4413 3240 4484 προσπαθείᾳ
3267 4412 3298 4482 ἢ
3330 4412 3587 4482 συνηθείᾳ
3615 4429 3749 4465 κατ-

2174 4497 2455 4566 εχομένης.
2495 4497 2555 4549 Εἰ
2579 4497 2686 4566 γὰρ
2721 4496 2813 4548 νῦν
2851 4495 2986 4564 μετά
3040 4494 3099 4548 τὸ
3149 4494 3422 4546 ἐπιδοῦναι
3465 4495 3564 4562 τὴν
3590 4495 3752 4547 εὗσέ.

2175 4579 2347 4640 σειαν,
2379 4576 2550 4641 οὕτως
2578 4579 2686 4631 εἰσὶ
2718 4578 2899 4630 πολλοὶ
2931 4580 2996 4648 τῇ
3027 4575 3284 4646 συνηθείᾳ
3309 4575 3747 4646 προσδεδεμένοι.

2174 4656 2249 4721 ώς
2281 4657 2374 4711 καὶ
2408 4659 2662 4728 μυριάκις
2693 4659 2758 4712 ἂν
2788 4659 3008 4722 ἐλοιντο,
3041 4657 3141 4710 κᾶν
3169 4657 3383 4726 ἀνάγκη
3421 4656 3746 4730 κατεπείγῃ,

2177 4742 2352 4794 πάντα
2381 4739 2686 4810 ὑπομεῖναι,
2713 4737 2745 4810 ἤ
2768 4741 2876 4793 τῶν
2892 4741 3073 4793 τόπων
3093 4739 3442 4809 μεταστῆναι,
3460 4737 3589 4791 ἔνθα
3615 4740 3754 4808 πρό⁴

2176 4840 2330 4894 τερον
2353 4823 2451 4882 τὴν
2482 4822 2692 4893 οἴκησιν
2717 4820 2892 4892 ἔσχον.
2931 4824 3022 4876 καὶ
3047 4821 3218 4875 ταῦτα
3257 4823 3358 4874 οῦκ
3392 4821 3484 4874 ἐπὶ
3521 4820 3630 4873 τῶν
3656 4837 3753 4874 τυ-

2177 4908 2380 4978 χόντων
2407 4905 2564 4974 μόνον
2593 4903 2801 4975 ἀνδρῶν
2829 4904 2976 4956 ἐστιν
3022 4904 3167 4964 ίδεῖν,
3209 4903 3344 4956 ἀλλά
3387 4904 3479 4955 καὶ
3531 4902 3626 4954 ἐπὶ
3653 4920 3754 4971 φυ-

2178 4990 2380 5058 γόντων
2409 4986 2534 5048 τοὺς
2560 4988 2617 5040 ἐν
2648 4987 2796 5056 μέσῳ
2823 4985 3099 5055 θορύϐους.
3136 4985 3343 5038 καὶτὸν
3369 4983 3476 5036 τῶν
3501 4985 3756 5054 μοναχῶν

2179 5071 2449 5140 ἑλομένων
2489 5067 2632 5138 βίονο
2674 5067 2852 5136 πολλῷ
2893 5068 2957 5137 δὴ
3015 5065 3212 5137 μᾶλλον
3257 5069 3377 5120 τότε
3425 5067 3517 5120 τὸν
3542 5067 3755 5119 δίκαιον

2179 5151 2361 5205 τοῦτον
2416 5151 2562 5213 εἰκὸς
2614 5145 2682 5220 ἦν
2707 5149 3028 5220 δυσχερᾶναι
3060 5148 3195 5219 πρὸς
3227 5149 3288 5201 τὸ
3321 5149 3620 5220 ἐπίταγμα,
3653 5151 3756 5203 καὶ

2179 5233 2532 5304 ὀκνηρότερον
2558 5231 2909 5300 καταστῆναι.
2931 5230 3172 5296 Ἔξελθε,
3189 5230 3343 5300 φησὶ,
3365 5226 3459 5283 καὶ
3480 5229 3754 5284 κατάλιπε

2181 5318 2305 5378 τοὺς
2326 5316 2624 5382 συγγενεῖς,
2641 5314 2736 5366 καὶ
2749 5313 2838 5366 τὸν
2859 5309 3005 5366 οἷκον
3022 5313 3111 5366 τὸν
3133 5313 3434 5382 πατρικὸν,
3450 5312 3545 5364 καὶ.
3564 5311 3760 5379 Δεῦρο

2182 5401 2268 5465 εις
2294 5397 2427 5467 γῆν.
2454 5395 2533 5463 ἢν
2546 5397 2623 5449 ἄν
2645 5412 2742 5450 σοι
2764 5395 2958 5461 δείξω.
2983 5395 3114 5448 Τίνα
3129 5390 3222 5448 οῦν
3237 5395 3338 5447 οὐκ
3364 5395 3430 5448 ἂν
3450 5391 3754 5464 ἐθορύϐησε

2181 5480 2338 5534 ταυτὶ
2371 5479 2438 5533 τά
2475 5480 2726 5550 ρήματα;
2777 5479 2912 5532 Οῦτε
2939 5478 3030 5531 τὸν
3054 5476 3239 5541 τόπον,
3277 5475 3399 5530 οὔτε
3440 5477 3538 5546 τήν
3568 5477 3757 5548 χώραν

2182 5563 2347 5634 δήλην
2391 5561 2536 5631 αὐτῷ
2565 5563 2723 5625 ποιεῖ,
2755 5559 2892 5613 ἀλλά
2917 5559 2996 5630 τῷ
3029 5559 3315 5630 ἀδιορίστῳ
3345 5555 3622 5629 βασανίζει
3657 5559 3758 5612 τοῦ

2183 5645 2390 5699 δικαίου
2418 5645 2516 5714 τήν
2548 5642 2793 5713 γνώμην.
2836 5641 2899 5696 Et
2925 5643 3032 5714 γάρ
3068 5643 3254 5713 ἐτερός
3284 5657 3369 5704 τις
3415 5637 3484 5713 ἦν
3508 5644 3538 5695 ό
3568 5641 3760 5695 κελευ-

2187 5727 2352 5789 σθεὶς,
2384 5725 2476 5778 καὶ
2497 5719 2577 5788 εἷς
2607 5724 2715 5778 τῶν
2738 5723 2965 5788 πολλῶν,
2997 5722 3148 5778 εἶπεν
3166 5725 3252 5776 ἂν·
3281 5719 3480 5778 Ἔστω·
3509 5724 3762 5787 κελεύεις

2189 5824 2257 5878 με
2272 5806 2584 5860 καταλιπεῖν
2601 5806 2698 5879 τὴν
2723 5806 2828 5876 γῆν
2849 5804 2974 5860 ἔνθα
2996 5806 3090 5859 νῦν
3114 5807 3268 5870 οίκῶ,
3289 5809 3390 5878 τὴν
3411 5808 3757 5876 συγγένειαν,

2186 5889 2278 5943 τὸν
2321 5885 2468 5942 οἶκον
2513 5887 2604 5943 τὸν
2635 5889 2896 5960 πατρικόν
2913 5904 2927 5918 ⁶
2979 5888 3121 5951 τίνος
3151 5887 3336 5943 ἕνεκεν
3383 5890 3501 5956 οὐχὶ
3535 5889 3629 5944 καὶ
3659 5885 3756 5943 τὸν
