4102 6204
417 305 524 360 ass
1361 283 1426 352 is
1463 282 1623 348 car.
1658 276 1749 346 xi.
1792 277 1877 345 Er
1917 275 2006 344 itu

419 431 537 470 mus
565 432 579 468 :
607 410 702 468 sed
728 411 960 468 cauteitti
980 410 1145 466 simus
1168 406 1433 463 dominica
1459 405 1634 460 laude.
1666 403 1823 476 Cujus
1847 404 1961 457 laus
1981 442 1996 468 ,

419 507 620 577 inquit,
664 509 766 559 non
804 521 866 558 ea:
904 502 1216 567 hominibus,
1245 499 1336 553 sed
1362 513 1429 552 ea:
1452 496 1560 551 Deo
1601 495 1775 568 (Rom.
1801 494 1855 548 2.
1880 493 2000 564 29).

421 599 486 652 Et
525 612 631 666 quo
674 597 840 664 magis
870 592 1152 648 virtutibus
1179 590 1568 660 locupletamur
1589 596 1644 642 et
1669 586 1962 641 crescimus
1985 625 2000 648 ,

420 687 521 742 hoc
549 686 717 757 magis
745 685 968 741 modesti
999 685 1166 739 simus
1185 692 1240 738 et
1261 681 1617 738 bumiliemur.
1648 679 1781 733 Nam
1807 678 1906 733 etsi
1935 677 2003 731 ad

418 794 682 834 summum
724 777 930 832 virtutis
975 777 1180 845 apicem
1222 773 1624 844 pertigerimus,
1664 770 1712 824 si
1755 769 1809 824 id
1855 776 2005 838 grato

419 870 600 923 animo
625 883 746 924 cum
780 868 872 922 Dei
895 865 1165 921 beneﬁciis
1191 868 1561 933 comparemus
1577 901 1592 926 ,
1623 860 1778 915 facile
1803 859 2007 914 videbi-

419 975 538 1014 mus
556 1001 573 1025 ,
620 975 686 1014 ne
726 958 999 1012 minimam
1041 955 1254 1026 quidem
1282 965 1486 1024 partem
1515 966 1614 1007 nos
1636 959 1858 1017 eorum,
1887 964 2006 1019 qua:

419 1053 472 1106 in
505 1067 603 1106 nos
641 1049 905 1114 contulit,
933 1048 1267 1117 aquuasse.
1297 1045 1430 1100 llinc
1457 1043 1600 1099 enim
1627 1047 1817 1096 o‘mnes
1837 1039 2006 1094 sancti

420 1141 625 1210 probati
669 1141 911 1203 fuerunt,
951 1141 1010 1200 et
1039 1137 1149 1192 Deo
1173 1135 1397 1204 accepti.
1427 1133 1540 1189 Hoc
1569 1139 1626 1187 ut
1645 1131 1849 1196 discas,
1878 1129 2007 1184 audi

420 1231 696 1286 doctorem
736 1230 911 1292 orbis,
954 1228 1183 1282 animam
1222 1226 1364 1280 illam
1394 1231 1512 1294 qua:
1541 1223 1594 1276 in
1623 1221 1814 1276 castum
1843 1231 2010 1290 usque

422 1324 703 1395 pertingit,
745 1318 1013 1392 quomodo
1060 1327 1182 1389 post
1225 1326 1304 1372 tot
1349 1316 1600 1387 prmclara
1644 1328 1841 1384 Opera,
1892 1319 2012 1382 post

422 1426 625 1472 tantqu
643 1415 710 1470 de
725 1416 857 1469 ett-lo
887 1411 1243 1468 testimonium
1265 1407 1402 1480 (Vas
1415 1407 1579 1473 enim,
1606 1404 1794 1474 inquit,
1816 1403 2013 1457 electio-

419 1511 498 1564 nis
523 1520 594 1562 est
617 1508 740 1561 mihi
764 1508 844 1560 hic
871 1505 1007 1577 [Act.
1035 1503 1087 1558 9.
1113 1499 1275 1574 15]),
1308 1505 1414 1554 n'on
1443 1497 1771 1554 obliviscitur
1794 1499 2010 1550 suorum

418 1601 772 1664 delictorum,
802 1598 894 1654 sed
917 1595 1175 1651 ambabus
1204 1593 1479 1656 manibus,
1505 1598 1564 1644 ut
1589 1588 1770 1654 aiunt,
1797 1591 1857 1640 ea
1891 1600 2009 1638 ver—

418 1701 535 1756 sat,
568 1699 620 1746 et
652 1705 823 1759 neque
846 1703 1031 1743 eorum
1061 1685 1374 1740 memoriam
1401 1680 1672 1736 obliterari
1702 1678 1920 1749 patitur,
1943 1675 2012 1731 de

417 1781 609 1850 quibus
654 1780 982 1834 certissimus
1017 1784 1167 1840 erat,
1213 1775 1325 1843 ipsa
1371 1787 1467 1841 per
1505 1769 1821 1839 ba'ptiSmum
1851 1768 2012 1821 fuisse

417 1872 657 1950 dimissa,
680 1871 770 1925 sed
788 1870 978 1924 clamat
996 1877 1049 1922 et
1063 1866 1191 1923 dicit
1215 1883 1230 1920 :
1257 1864 1500 1918 Minimus
1519 1870 1630 1917 sum
1649 1858 2011 1931 apostatarum,

419 1947 468 2016 et
500 1978 601 2014 non
639 1977 750 2014 sum
786 1959 967 2028 dignus
995 1957 1166 2012 vocari
1195 1955 1453 2026 apostolus
1480 1951 1557 2024 (l.
1583 1951 1701 2005 Cor.
1733 1951 1818 2005 15.
1843 1947 1922 2021 9).
1948 1949 2014 2004 Et

421 2064 626 2120 postea,
645 2057 702 2102 ut
721 2050 986 2118 ingentem
1009 2047 1125 2115 ejus
1154 2045 1422 2099 discamus
1446 2042 1815 2105 humilitatem;
1834 2039 2010 2094 addit:

422 2140 501 2194 Eo
528 2139 663 2207 quod
687 2147 1011 2209 persequutus
1035 2152 1143 2188 sunt
1178 2134 1457 2187 Ecclesiam
1487 2129 1601 2184 Dei.
1632 2130 1768 2197 Quid
1795 2131 1909 2199 agis
1928 2171 1941 2193 ,
1971 2133 2005 2184 δ

422 2225 628 2286 Paule?
671 2230 927 2284 Dominus
968 2243 1063 2297 per
1103 2222 1519 2280 misericordiam
1559 2231 1708 2274 suam
1741 2219 1934 2274 delevit
1960 2227 2015 2272 et

421 2314 622 2377 dimisit
665 2321 841 2375 unmia
882 2328 1096 2389 peccata
1141 2325 1249 2382 tua,
1294 2323 1348 2369 et
1387 2321 1442 2367 tu
1491 2326 1552 2366 ea
1588 2309 1761 2365 adhuc
1787 2309 2014 2364 subinde

424 2427 606 2469 versas
626 2454 641 2478 ,
685 2416 739 2467 et
777 2409 1086 2465 memoras?
1132 2407 1305 2462 Etiam
1337 2422 1350 2458 :
1378 2403 1490 2458 seio
1517 2403 1660 2457 enim
1680 2442 1696 2467 ,
1729 2400 1899 2470 inquit
1918 2442 1934 2466 ,
1961 2409 2015 2454 et

423 2517 531 2561 non
574 2505 761 2575 ignoro
787 2497 1072 2556 hominum
1099 2513 1276 2554 meum
1306 2497 1395 2551 illa
1421 2494 1687 2549 dimisisse
1720 2509 1732 2545 :
1762 2491 1855 2547 sed
1887 2491 2011 2545 dum

424 2605 631 2651 mecum
659 2594 935 2650 considero
962 2608 1077 2662 qua:
1100 2588 1314 2645 fecerim
1335 2628 1350 2653 ,
1377 2598 1431 2642 et
1453 2586 1610 2640 video
1633 2585 1824 2639 divina:
1847 2587 2015 2638 mise-

424 2685 668 2744 ricordia:
707 2688 924 2756 pelagus
953 2701 966 2736 :
1002 2695 1127 2738 tunc
1158 2681 1325 2752 probe
1346 2681 1492 2734 disco
1517 2692 1603 2730 me
1628 2675 1797 2746 gratia
1827 2685 1881 2728 et
1909 2672 2012 2726 mi-

423 2779 713 2834 sericordia
760 2765 850 2831 Dei
885 2783 1005 2830 esse
1034 2774 1085 2828 id
1111 2772 1251 2842 quod
1280 2786 1418 2825 sum.
1449 2767 1578 2823 Nam
1611 2781 1730 2821 cum
1760 2763 2013 2834 dixisset,

424 2872 548 2926 Non
591 2881 702 2925 sum
749 2870 933 2939 dignus
965 2867 1131 2920 uocari
1155 2865 1416 2934 apostolus
1435 2903 1450 2926 ,
1479 2869 1536 2915 eo
1565 2859 1700 2930 quod
1733 2857 2010 2911 Ecclesiam

421 2964 518 3018 Dei
545 2979 658 3017 sum
688 2971 1008 3031 persequutus
1028 3000 1042 3023 ,
1069 2957 1302 3013 subdidit
1334 2974 1347 3009 :
1382 2949 1559 3009 Cralia
1584 2963 1755 3004 autent
1786 2949 1882 3002 Dei
1901 2965 2012 3002 sum

421 3059 476 3112 id
515 3058 652 3128 quod
692 3071 803 3112 sum
845 3038 1076 3124 (ibid-.12.
1118 3051 1226 3119 l0).
1269 3049 1381 3118 Ego
1402 3042 1847 3117 quidem,inquit,
1872 3047 2011 3093 tanta

421 3149 634 3204 ferebar
656 3147 858 3202 insania
882 3132 1206 3223 ,inell‘abilis
1235 3143 1414 3194 autem
1446 3137 1563 3206 ejus
1585 3130 1795 3190 bonitas
1816 3141 1870 3185 et
1888 3145 2011 3200 gra-

421 3245 491 3297 tia
523 3240 889 3295 remissionem
908 3220 1080 3290 dedit.
1105 3220 1324 3288 Vidistis
1344 3229 1572 3282 animam
1599 3224 1883 3280 contritam
1912 3263 1927 3286 ,
1957 3229 2013 3276 et

421 3335 732 3392 memoriam
777 3337 1113 3400 peccaturum
1135 3367 1150 3390 ,
1196 3339 1314 3394 quin
1355 3329 1480 3376 ante
1507 3318 1828 3388 baptismum
1859 3329 2009 3369 com-

425 3428 668 3489 miserat,
699 3431 953 3491 perpetuo
985 3415 1447 3472 circumferentem
1473 3410 1495 3462 ‘l
1522 3408 1669 3462 llhim
1691 3405 1746 3461 et
1770 3407 1868 3459 'nos
1893 3404 2010 3458 imi-

425 3524 634 3576 temur,
682 3522 738 3566 et
776 3525 964 3564 eorum
1006 3523 1126 3576 qua:
1173 3510 1292 3572 post
1333 3500 1656 3570 baptismum
1697 3495 2012 3549 admisimus

423 3604 662 3675 quotidie
707 3614 1006 3664 memores,
1038 3595 1396 3662 continuoque
1422 3605 1482 3645 ea
1513 3591 1564 3643 in
1591 3596 1769 3642 mente
1792 3588 2011 3640 versan-

425 3673 504 3750 tes
527 3735 543 3760 ,
570 3706 858 3761 numquam
889 3688 1256 3758 permittamus
1280 3683 1338 3738 ut
1360 3682 1597 3761 ipsorum
1613 3673 2010 3733 obliviscamur.

425 3758 538 3842 Hoc
567 3758 945 3839 enim-frenum
969 3777 1196 3834 sufﬁciet
1222 3775 1288 3829 ad
1315 3758 1705 3829 humiliandum
1726 3783 1846 3834 nos,
1871 3777 1925 3822 et
1943 3766 2010 3822 ad

426 3873 743 3932 modestiam
783 3869 1218 3941 ingenerandam.
1240 3867 1316 3920 Et
1343 3863 1469 3935 quid
1496 3861 1616 3918 dico
1643 3849 1864 3916 Paulum
1893 3868 2010 3913 tatr-

426 3978 537 4023 tum
564 3976 620 4020 et
648 3961 804 4019 talem
836 3955 1052 4016 virum?
1084 3960 1175 4014 Vis
1206 3958 1387 4013 videre
1416 3955 1575 4011 etiam
1601 3962 1696 4010 eos
1719 3953 1809 4023 qui
1837 3953 1892 4006 in
1914 3964 2010 4006 ve-

425 4061 526 4117 teri
570 4059 684 4128 lege
731 4057 851 4110 hinc
893 4057 1123 4108 maxime
1160 4052 1498 4114 claruerunt,
1528 4046 1670 4118 quod
1701 4049 1822 4116 post
1851 4045 2010 4098 innu-

425 4165 573 4206 mera
605 4149 738 4202 bona
761 4161 954 4216 opera,
983 4153 1038 4200 et
1061 4129 1382 4199 ineffabilem
1410 4139 1552 4209 apud
1575 4139 1741 4194 Deum
1763 4136 2008 4192 ﬁduciam

424 4240 653 4297 modesti
700 4238 932 4293 fuerint?
973 4235 1112 4290 Audi
1146 4233 1272 4304 quid
1318 4231 1462 4286 dicat
1499 4227 1833 4299 patriarcha,
1859 4235 2008 4297 post-

423 4347 582 4403 quam
611 4327 1052 4388 consuetudinem
1074 4341 1194 4380 cum
1227 4325 1334 4377 Deo
1361 4318 1580 4385 habuit,
1615 4327 1670 4374 et
1693 4320 1828 4373 facta
1854 4327 1938 4372 est
1957 4318 2008 4372 ei

425 4422 708 4494 promissio
747 4437 763 4476 :
809 4420 922 4493 Ego
961 4428 1128 4473 autem
1156 4457 1172 4483 ,
1218 4415 1426 4484 inquit,
1474 4422 1608 4466 terra
1645 4413 1757 4464 sum
1796 4411 1846 4463 et
1882 4408 2008 4462 cinis

423 4509 578 4582 (Gen.
613 4507 700 4562 l8.
728 4506 842 4576 27).

496 4604 552 4656 ὅ.
591 4602 857 4658 Caeterum
897 4595 1020 4667 quia
1047 4593 1098 4648 in
1127 4589 1440 4661 patriarchae
1464 4587 1787 4642 mentionem
1814 4577 2006 4638 incidi-

426 4711 548 4752 mus
567 4735 580 4759 ,
603 4694 648 4749 si
671 4693 873 4763 placet,
898 4701 962 4744 ea
983 4702 1103 4758 qua:
1126 4682 1284 4763 hodie
1311 4670 1444 4762 lecta
1469 4686 1628 4758 sunt,
1648 4679 2008 4746 proponamus

427 4785 637 4842 caritati
672 4755 904 4847 vestrae,
949 4755 1056 4848 quo
1099 4761 1201 4830 illis
1225 4755 1506 4852 explicatis
1531 4755 1803 4822 videamus
1828 4763 2008 4849 excel-

431 4879 626 4932 lentem
654 4874 778 4944 justi
805 4874 1071 4927 virtutem.
1099 4866 1188 4924 3i.
1219 4856 1286 4919 Et
1312 4863 1504 4932 accepit
1527 4858 1774 4942 ,linQuit,
1808 4855 2008 4908 Tharra

431 4969 618 5022 Abram
654 4975 701 5019 et
729 4964 936 5018 Nachor
966 4963 1098 5031 ﬁlios
1125 4975 1242 5013 suos
1265 4998 1282 5023 ,
1307 4966 1352 5011 et
1379 4944 1474 5008 Lot
1501 4952 1668 5032 ﬁlium
1693 4949 1787 5032 ﬁlii
1811 4947 1938 5001 sui‘:
1961 4955 2008 5000 et

433 5060 620 5114 Suram
658 5065 841 5110 nurum
877 5071 1056 5119 suam,
1095 5063 1303 5104 uxorem
1326 5055 1494 5099 autem
1521 5031 1673 5117 Alme
1695 5039 1790 5106 ﬁlii
1818 5040 1896 5090 sui
1916 5076 1930 5098 ,
1961 5043 2009 5089 et

426 5147 606 5202 eduxit
644 5162 726 5200 eos
756 5160 819 5198 ea:
841 5154 974 5198 terra
1000 5141 1376 5200 Chaldaeorum,
1419 5143 1472 5185 ut
1498 5127 1930 5203 proﬁciscerentur
1955 5125 2009 5178 in

434 5250 616 5292 terram
637 5236 1056 5295 Chananteorum,
1082 5241 1126 5286 et
1150 5229 1280 5285 venit
1300 5239 1453 5294 usque
1471 5222 1538 5274 ad
1563 5218 1812 5300 Chanan,
1844 5227 1890 5270 et
1919 5204 2011 5268 ha-

431 5332 604 5384 bitavit
633 5329 756 5382 illic.
784 5327 872 5381 5‘3.
906 5325 972 5379 Et
998 5329 1198 5389 [uerunt
1217 5335 1387 5374 omnes
1413 5315 1518 5368 dies
1546 5303 1755 5366 Tharrte
1773 5309 1826 5360 in
1848 5305 2010 5362 Chara

433 5436 548 5486 run,
586 5418 706 5472 anni
741 5417 938 5469 ducenti
978 5414 1192 5480 quinque
1211 5448 1227 5477 ,
1255 5418 1299 5463 et
1331 5415 1556 5461 mortuus
1583 5410 1654 5456 est
1683 5401 1734 5452 in
1759 5391 2004 5484 Chatran.

435 5481 684 5566 Animum
711 5508 1013 5576 diligenter,
1037 5505 1280 5564 obsecro,
1311 5485 1375 5554 iis
1403 5512 1521 5570 quae
1548 5489 1680 5548 lecta
1706 5485 1829 5546 sunt
1854 5480 2008 5543 adhi-

430 5607 656 5659 beamus
678 5640 694 5664 ,
741 5609 797 5653 ut
837 5605 1071 5652 mentem
1115 5606 1326 5656 eorum,
1358 5603 1476 5658 qure
1497 5588 1546 5640 in
1571 5584 1780 5652 scriptis
1806 5582 1968 5635 latent
1991 5621 2006 5642 .

437 5690 918 5765 deprehendamus.
952 5677 1090 5741 liceo
1119 5682 1256 5740 cnhu
1289 5683 1415 5736 mox
1440 5680 1490 5732 in
1520 5673 1778 5748 principio
1802 5668 2008 5725 videtur

2016 327 2031 342 .
2071 269 2316 347 canes.
2360 289 2589 347 HOMIL.
2630 272 2822 344 χχιιι.

2113 403 2233 457 esse
2279 403 2522 472 qumstit).
2554 401 2689 457 Nam
2717 404 2839 457 cuin
2869 402 2958 458 ille
2981 399 3168 459 beatus
3197 397 3450 476 propheta
3471 449 3490 473 ,
3526 395 3699 465 ιισιες

2109 493 2322 562 inquam
2347 535 2364 558 ,
2388 492 2580 548 dixerit
2609 510 2624 546 :
2652 493 2855 562 Accepit
2880 492 3082 548 Tharra
3107 496 3296 550 Abram
3313 507 3361 552 et
3384 497 3616 567 Nachor,
3651 514 3699 556 et

2107 583 2277 636 eduxit
2312 600 2376 637 ea:
2401 594 2532 637 terra
2570 583 2947 648 Chaldtcorunt,
2978 597 3032 638 ut
3061 587 3495 654 proﬁciscerentur
3518 592 3572 644 in
3597 602 3697 646 ter-

2106 686 2216 726 ram
2236 673 2644 728 Chananworum
2673 689 2693 728 :
2720 684 2767 727 et
2793 674 2924 728 venit
2950 687 3106 744 usque
3127 677 3197 730 ad
3219 677 3471 748 Charran,
3491 692 3538 734 et
3559 683 3701 736 habi-

2109 763 2230 816 tavit
2253 763 2360 816 illic
2381 778 2401 817 :
2431 763 2620 818 beatus
2647 763 2950 833 Stephanus
2975 765 3192 822 Iudaeos
3223 767 3468 836 laudans,
3495 771 3696 842 inquit:

2109 853 2248 908 Deus
2282 854 2462 925 gloria!
2495 856 2630 910 uisus
2663 867 2736 910 est
2761 859 2894 926 patri
2919 869 3091 912 nostro
3117 859 3406 928 Abraham,
3436 879 3551 918 cum
3577 855 3703 919 esset

2111 947 2164 999 in
2196 944 2581 1014 HesOpotamia,
2607 949 2905 1018 priusquam
2925 952 3170 1004 habitaret
3196 952 3249 1005 in
3268 950 3524 1020 Gharran,
3549 967 3596 1010 ct
3623 958 3701 1012 il-

2113 1036 2244 1102 linc,
2287 1048 2550 1107 postquam
2577 1049 2804 1094 mortuus
2829 1051 2902 1093 est
2936 1052 3077 1105 pater
3101 1043 3211 1113 ejus
3229 1083 3246 1108 ,
3275 1046 3526 1114 proﬁcisci
3545 1048 3703 1117 jussit

2112 1125 2252 1195 (Act.
2295 1127 2348 1181 7.
2390 1127 2444 1180 2.
2475 1128 2556 1198 4).
2585 1129 2723 1196 Quid
2761 1131 2952 1200 igitur?
2980 1132 3312 1190 dissidentne
3339 1149 3369 1190 ιι
3401 1137 3592 1206 seipsis
3615 1139 3699 1192 di-

2112 1219 2250 1272 vina:
2289 1219 2622 1289 Scriptum?
2662 1221 2852 1287 Absit;
2893 1222 2988 1277 sed
3037 1239 3102 1278 ex
3142 1225 3245 1280 hoc
3279 1226 3706 1284 animadvertere

2117 1309 2238 1362 licet
2261 1335 2277 1376 ,
2307 1312 2449 1380 quod
2477 1326 2598 1366 cum
2627 1310 2766 1366 ﬁlius
2793 1312 3070 1383 religiosus
3099 1325 3275 1382 esset,
3303 1317 3447 1372 visus
3471 1318 3524 1372 ei
3553 1319 3694 1374 Deus

2115 1398 2398 1468 imperavit
2435 1410 2491 1455 ut
2534 1401 2657 1456 inde
2693 1402 2963 1471 migraret.
2989 1402 3142 1470 Quod
3172 1413 3229 1458 ut
3249 1407 3465 1474 agnovit
3493 1407 3698 1463 Tharra

2117 1499 2267 1557 pater
2285 1491 2424 1561 ejus,
2453 1492 2577 1548 licet
2604 1493 2832 1548 inﬁdelis
2857 1504 3021 1560 esset,
3043 1504 3276 1550 attamen
3301 1497 3372 1551 ob
3391 1512 3628 1554 amorem
3648 1500 3700 1555 in

2117 1580 2283 1635 lilium
2323 1584 2502 1638 socius
2541 1583 2615 1638 illi
2660 1585 3098 1654 peregrinationis
3142 1600 3261 1640 esse
3302 1588 3487 1642 voluit.
3531 1590 3598 1644 Et
3644 1602 3700 1644 ut

2115 1673 2262 1726 venit
2277 1674 2330 1727 in
2351 1673 2610 1740 Charran,
2627 1689 2689 1730 ac
2713 1675 2816 1730 illic
2833 1676 3088 1731 habitavit
3107 1677 3452 1748 aliquamdiu,
3472 1680 3578 1734 vita
3601 1681 3701 1736 hac

2114 1764 2346 1817 excessit
2377 1780 2390 1815 :
2425 1764 2720 1832 patriarcha
2748 1776 2926 1820 autent
2954 1777 3078 1820 tunc
3097 1766 3320 1836 jubente
3347 1769 3457 1825 Deo
3481 1770 3534 1823 in
3559 1770 3701 1825 Cha-

2117 1867 2359 1906 nananam
2373 1855 2658 1910 concessit.
2685 1855 2919 1925 Denique
2947 1872 3054 1912 non
3082 1868 3240 1912 antea
3265 1873 3390 1913 eum
3421 1860 3558 1914 Deus
3580 1862 3703 1915 inde

2115 1943 2376 2010 evocavit,
2390 1943 2560 1998 donec
2577 1956 2818 2000 mortuus
2834 1957 2916 2000 est
2929 1947 3151 2001 Tharra.
3170 1947 3322 2002 Tunc
3333 1949 3478 2003 enim
3502 1951 3590 2005 illo
3611 1951 3703 2004 de-

2115 2032 2317 2100 functo,
2332 2034 2504 2103 inquit
2519 2036 2564 2088 τι
2577 2073 2590 2086 .
2601 2034 2750 2104 (Cap.
2763 2035 2849 2106 12)
2869 2037 2933 2090 Et
2948 2038 3077 2091 dixit
3094 2037 3338 2094 Dominus
3349 2041 3525 2094 Abte:
3541 2040 3700 2112 Egre-

2115 2122 2234 2175 dere
2253 2122 2316 2174 de
2336 2131 2470 2175 terra
2499 2133 2606 2189 tua,
2635 2133 2684 2177 et
2712 2124 2775 2176 de
2797 2128 3093 2193 cognatione
3118 2135 3207 2179 tua
3229 2167 3244 2191 ,
3274 2137 3323 2181 et
3345 2128 3409 2181 de
3434 2129 3583 2183 domo
3607 2123 3718 2198 pa’

2117 2213 2208 2266 tris
2229 2214 2333 2277 tui,
2367 2224 2413 2266 et
2438 2215 2549 2267 veni
2575 2215 2629 2268 in
2659 2224 2843 2268 terram
2867 2233 3020 2282 quant
3048 2229 3390 2273 monstravere
3411 2221 3519 2274 tibi.
3548 2211 3603 2276 9.
3639 2222 3704 2276 Et

2118 2303 2305 2374 faciant
2331 2312 2378 2357 te
2403 2305 2456 2357 in
2476 2313 2671 2375 gentem
2695 2321 2930 2376 magnam
2954 2320 2974 2360 :
2992 2316 3039 2360 et
3060 2307 3347 2363 benedicens
3371 2309 3493 2378 tibi,
3515 2320 3564 2365 et
3589 2327 3702 2365 nsu-

2116 2394 2368 2464 gniﬁc‘abo
2405 2408 2584 2449 nomen
2614 2407 2786 2464 tuum,
2825 2406 2871 2451 et
2901 2398 2999 2450 eris
3027 2397 3318 2454 benedictus
3341 2415 3361 2464 ;
3389 2402 3444 2456 3.
3476 2413 3524 2456 et
3550 2403 3692 2457 bene-

2116 2485 2282 2538 dicam
2309 2486 2706 2541 benedicentibus
2729 2497 2802 2553 te,
2835 2497 2881 2542 et
2911 2488 3261 2543 maledicentes
3287 2501 3332 2544 te
3358 2492 3656 2546 maledicam
3682 2513 3700 2560 ;

2116 2584 2163 2628 et
2185 2576 2535 2630 benedicentur
2563 2578 2614 2630 in
2641 2587 2689 2631 te
2713 2590 2885 2632 omnes
2907 2579 3067 2632 tribus
3094 2589 3258 2633 terrae.
3299 2580 3517 2652 Singula
3557 2583 3697 2638 dicta

2115 2665 2399 2736 diligenter
2437 2677 2865 2738 perscrutemur,
2907 2678 2965 2723 ut
3009 2671 3311 2742 religiosam
3349 2682 3404 2728 et
3439 2674 3578 2743 piam
3610 2691 3702 2745 pa-

2117 2755 2361 2810 triarcba:
2390 2766 2625 2813 mentem
2649 2759 2941 2814 videamus.

2188 2846 2446 2910 Quantum
2478 2849 2542 2902 sit
2571 2850 2786 2918 patriam
2814 2863 2958 2902 suam
2982 2849 3352 2922 relinquere.-—
3369 2853 3450 2909 Ne
3479 2864 3702 2924 praeter.

2114 2950 2301 2990 eamus
2344 2938 2518 2992 obiter
2557 2938 2733 3004 dicta,
2782 2939 2874 2993 sed
2919 2941 3402 3001 animadvertamus
3447 2946 3702 3012 quantum

2115 3025 2321 3095 imperii
2365 3027 2594 3098 pondus.
2623 3027 2878 3097 Egredere
2896 3069 2911 3093 ,
2941 3030 3145 3100 inquit,
3170 3032 3236 3085 de
3259 3043 3390 3086 terra
3420 3044 3507 3087 tua
3529 3063 3545 3102 ι
3571 3027 3621 3089 et
3640 3041 3703 3090 de

2113 3118 2410 3186 cognatione
2433 3127 2519 3172 tua
2538 3160 2551 3184 ,
2577 3128 2625 3172 et
2654 3121 2716 3172 de
2738 3121 2884 3173 domo
2911 3122 3071 3189 patris
3095 3123 3196 3187 tui,
3227 3133 3272 3176 et
3298 3125 3408 3178 ueni
3441 3126 3494 3178 in
3519 3127 3702 3181 tet-ram

2112 3229 2262 3280 quam
2294 3215 2634 3268 monstravero
2663 3213 2768 3267 tibi.
2800 3214 2960 3279 Quasi
2986 3215 3189 3270 diceret
3219 3232 3234 3270 :
3265 3215 3524 3287 Relinque
3552 3227 3694 3273 certa

2113 3314 2168 3359 et
2194 3306 2441 3359 omnibus
2478 3313 2660 3375 aperta
2680 3347 2696 3371 ,
2727 3315 2782 3361 et
2806 3307 2944 3376 elige
2970 3307 3136 3377 magis
3168 3309 3368 3363 incerta
3394 3321 3448 3365 et
3476 3325 3580 3366 non
3607 3325 3699 3382 ap-

2114 3395 2374 3464 parentia.
2431 3392 2724 3449 Considera
2775 3396 3042 3465 quomodo
3093 3397 3161 3453 ab
3211 3400 3362 3454 initio
3411 3408 3695 3457 esereetur

2108 3485 2304 3551 justus,
2328 3493 2387 3538 ut
2415 3485 2683 3553 pmeligat
2707 3497 2811 3538 non
2837 3488 3141 3555 apparentia
3166 3501 3275 3558 pra:
3294 3494 3689 3560 apparentibus,

2114 3583 2170 3630 et
2195 3574 2367 3629 futura
2413 3581 2523 3645 prie
2570 3575 2635 3629 iis
2662 3591 2779 3645 quae.
2802 3576 2853 3628 in
2886 3579 3129 3633 manibus
3171 3587 3315 3634 Sunt.
3343 3583 3526 3652 Neque
3555 3586 3696 3640 enim

2115 3666 2333 3735 vulgare
2359 3676 2411 3720 et
2439 3676 2656 3735 parvum
2697 3665 2893 3736 aliquid
2919 3676 3034 3721 erat
3061 3669 3134 3732 id,
3162 3673 3302 3739 quad
3332 3673 3380 3726 ei
3412 3683 3468 3727 ut
3498 3677 3694 3730 lauaret

2112 3757 2450 3828 praecipiebat
2475 3757 2613 3812 Deus
2633 3774 2646 3809 :
2665 3772 2855 3827 nempe
2872 3767 2928 3812 ut
2949 3766 3144 3814 terram
3166 3760 3507 3833 relinqueret,
3531 3779 3691 3834 quam

2113 3847 2434 3904 inhabitat-at
2469 3857 2616 3902 tanto
2655 3851 2912 3918 tempore,
2944 3860 2998 3905 et
3039 3865 3251 3906 omnem
3295 3857 3692 3925 cngnatiouem,

2111 3948 2165 3994 et
2191 3947 2353 3993 totam
2397 3940 2561 4010 patris
2585 3939 2821 4006 domum,
2864 3941 3067 4011 iretque
3093 3945 3335 4000 nesciens
3362 3951 3416 4000 et
3443 3946 3693 4016 ignorans

2111 4032 2390 4101 quorsum.
2415 4030 2530 4085 Non
2557 4032 2697 4086 enim
2723 4031 2858 4085 dixit
2875 4033 2946 4098 ei,
2970 4033 3020 4086 in
3042 4048 3198 4102 quam
3219 4037 3486 4105 regionem
3517 4039 3694 4094 tl‘ans-

2111 4121 2256 4177 l'erre
2294 4129 2416 4177 eum
2458 4122 2638 4187 vellet,
2665 4121 2761 4177 sed
2789 4123 3036 4177 mandato
3061 4122 3336 4180 indellnlto
3359 4126 3499 4195 pium
3530 4131 3694 4198 patri-

2111 4214 2327 4269 archam
2353 4214 2624 4300 ‘esercuit.
2664 4212 2787 4268 Veni
2827 4213 2992 4279 enim,
3029 4214 3218 4283 inquit,
3249 4215 3304 4270 in
3332 4226 3512 4270 terram
3541 4230 3694 4289 quam

2111 4299 2450 4362 monstravero
2480 4299 2586 4359 tibi.
2617 4305 2824 4376 Cagita,
2853 4313 3056 4375 quaso,
3088 4306 3302 4374 dilecte,
3329 4313 3487 4377 qualn
3524 4310 3693 4364 subli-

2110 4407 2252 4452 mem
2292 4395 2527 4450 animum
2559 4395 2860 4466 requirebat
2888 4397 2990 4451 hoe
3021 4397 3365 4452 mandatum:
3409 4398 3497 4468 qui
3537 4398 3694 4470 plane

2111 4483 2251 4541 nulla
2274 4485 2360 4541 vel
2384 4485 2684 4550 all'eclione,
2714 4485 2798 4540 vel
2824 4487 3206 4543 consuetudine
3233 4487 3476 4557 impediri
3505 4498 3687 4558 potue-

2110 4578 2198 4632 rit.
2239 4575 2295 4632 Si
2321 4576 2462 4632 enim
2492 4589 2654 4642 nunc,
2687 4581 2805 4644 post
2840 4581 2982 4628 tanta
3029 4576 3300 4646 religionis
3344 4578 3688 4641 incrementa,

2111 4669 2262 4723 'multi
2290 4669 2426 4724 adeo
2451 4671 2571 4724 sunt
2613 4667 2980 4722 consuetudini
3026 4682 3138 4720 sua:
3177 4667 3392 4736 alligati,
3422 4677 3480 4720 ut
3518 4669 3693 4735 potius

2111 4759 2295 4821 tnult'a,
2323 4759 2424 4812 etsi
2465 4755 2750 4812 necessitas
2796 4765 3000 4825 urgeat,
3023 4756 3306 4826 omniaQue
3337 4757 3476 4812 ferre
3503 4758 3690 4825 velint,

2110 4852 2269 4918 quam
2295 4849 2408 4902 loca
2437 4853 2641 4901 mutare
2680 4847 2731 4900 in
2775 4841 2967 4914 quibus
2996 4846 3142 4914 pritts
3166 4846 3430 4901 habebant
3466 4849 3681 4904 domici-

2112 4937 2239 4992 lium
2264 4941 2278 4990 ':
2299 4936 2350 4990 id
2374 4936 2513 5006 quod
2543 4941 2644 4990 non
2667 4935 2838 4988 solum
2863 4951 2892 4989 a
2924 4935 3226 5005 vulgaribus
3249 4937 3551 4995 hominibus
3574 4941 3689 4997 llert

2111 5029 2373 5092 videmus,
2396 5028 2488 5081 sed
2510 5027 2668 5081 etiam
2695 5027 2846 5081 abiis
2871 5027 2959 5095 qui
2977 5041 3008 5081 e
3029 5027 3207 5082 medio
3233 5031 3460 5084 tumultu
3486 5033 3690 5102 t'ugerc,

2112 5128 2168 5175 et
2192 5120 2536 5173 monasticam
2567 5113 2725 5172 vitam
2747 5119 3057 5188 delegerunt
3081 5136 3094 5172 :
3118 5131 3317 5190 quanto
3341 5125 3507 5193 magis
3543 5126 3688 5183 veri-

2111 5209 2284 5267 Simile
2311 5210 2425 5265 erat
2443 5209 2642 5278 jusuuu
2671 5208 2815 5263 illum
2844 5209 2910 5264 ad
2951 5209 3052 5265 hoc
3073 5211 3379 5266 mandatum
3403 5213 3688 5269 tardiorem
3776 5221 3788 5229 ‘

2113 5296 2267 5360 fore?
2295 5303 2580 5374 Egredere,
2615 5301 2802 5371 inquit,
2834 5307 2888 5356 et
2925 5302 3164 5372 relinque
3199 5313 3470 5373 cognatos,
3509 5316 3562 5359 et
3588 5305 3688 5361 do-

2114 5395 2256 5450 muin
2289 5395 2580 5464 paternam,
2613 5393 2666 5446 et
2691 5393 2808 5446 veni
2835 5393 2885 5446 ili
2917 5399 3108 5447 terram
3139 5402 3297 5463 "quam
3325 5407 3691 5451 monstravero

2114 5483 2226 5540 tibi.
2265 5475 2432 5554 Quem
2465 5485 2568 5537 non
2609 5477 2882 5536 turbarent
2906 5481 3067 5537 verba
3111 5483 3252 5537 ista?
3275 5483 3457 5554 Neque
3495 5486 3688 5551 locum,

2114 5593 2284 5647 neque
2323 5576 2590 5645 regionem
2621 5584 2820 5627 certam
2865 5574 2914 5627 ei
2959 5572 3221 5644 designat,
3265 5575 3357 5628 scd
3414 5565 3688 5630 indeﬁnito

2118 5666 2384 5738 przccep'to
2413 5671 2642 5721 tuentem
2680 5661 2918 5735 explorat
2957 5664 3103 5737 justi.
3149 5665 3277 5721 Nam
3318 5666 3360 5722 si
3386 5668 3503 5739 quis
3530 5667 3688 5738 alius,
