4084 6214
450 222 555 277 289

438 322 709 396 quomodo
734 322 889 378 nobis
914 337 1033 377 eam
1065 320 1341 390 Scriptura
1368 322 1686 376 manifestat.
1718 324 1771 376 4.
1808 322 1871 375 Et
1902 338 2024 390 pro-

440 422 598 487 fectus
628 425 722 482 est,
768 414 957 484 inquit,
989 413 1197 478 Abram,
1230 414 1359 467 sicut
1397 413 1629 482 loquutus
1665 425 1735 467 est
1764 414 1810 467 ei
1845 412 2024 466 Domi-

439 528 531 565 nus
563 510 719 575 Deus,
757 520 803 563 et
832 510 917 563 iuit
951 525 1065 562 cum
1105 526 1163 562 eo
1206 508 1319 563 Lat.
1364 507 1476 563 Non
1517 508 1829 577 simpliciter
1870 507 2023 572 dixit,

442 598 508 651 Et
532 605 786 670 profectus
810 611 881 654 est
904 599 1089 653 Abram
1112 614 1131 652 .'
1156 598 1268 664 sed,
1305 599 1451 653 Sicut
1476 598 1707 667 loquutus
1734 608 1805 652 est
1834 599 1879 653 ei
1914 597 2026 651 Do-

439 693 605 745 minus
640 691 796 746 Deus.
828 691 1040 756 Omnia,
1077 690 1267 759 inquit,
1310 689 1432 744 fecit
1461 705 1578 758 qua:
1612 689 1676 742 ad
1704 699 2023 758 prmeeptum

441 784 542 838 huc
566 785 920 854 pertinebant.
953 783 1095 836 Dixit
1116 790 1171 835 ut
1190 781 1514 851 relinqueret
1534 781 1731 843 omnia,
1756 791 1811 835 et
1832 795 2027 849 cogna-

440 878 638 933 tionem
667 887 721 932 ct
746 878 994 942 domum;
1024 886 1079 931 et
1104 876 1337 945 reliquit.
1373 874 1511 929 Dixit
1536 884 1593 927 ut
1622 874 1721 927 iret
1747 874 1797 926 in
1829 881 2025 927 terram

437 984 594 1036 quam
622 967 891 1022 nesciret:
930 966 1336 1036 obtemperavit.
1381 963 1630 1018 Promisit
1661 963 1801 1018 Deus
1839 977 1899 1017 se
1943 960 2024 1017 la-

437 1070 648 1113 eturum
692 1074 813 1112 eum
840 1057 891 1111 in
935 1067 1147 1126 gentem
1190 1071 1458 1125 magnam,
1487 1063 1543 1109 et
1585 1053 2022 1108 benedicturum:

436 1147 662 1201 credidit
689 1148 883 1201 Abram
914 1148 1072 1201 etiam
1105 1146 1207 1201 hoc
1234 1156 1571 1201 eventurum.
1598 1144 1747 1199 Sicut
1775 1143 2024 1213 loquutus

437 1249 520 1294 est
549 1242 597 1294 ei
626 1241 901 1304 Dominus,
933 1242 1001 1293 ita
1032 1238 1302 1309 profectus
1330 1247 1414 1293 est
1444 1255 1457 1291 :
1488 1238 1539 1291 id
1566 1245 1667 1303 est,
1709 1236 1935 1291 credidit
1961 1236 2026 1289 iis

436 1346 557 1400 qua:
584 1331 734 1385 sibia
763 1331 873 1385 Deo
897 1339 1023 1385 sunt
1049 1330 1210 1395 dicta,
1242 1328 1371 1382 nihil
1400 1328 1683 1389 ﬂuctuans,
1709 1326 1838 1380 nihil
1866 1326 2025 1380 dubi-

438 1431 576 1488 tans,
608 1423 700 1476 sed
725 1422 932 1477 ﬁrmato
961 1423 1138 1476 animo
1167 1422 1235 1475 ita
1262 1420 1529 1488 profectus
1547 1429 1667 1475 est:
1695 1419 1891 1474 idcirco
1919 1428 1973 1473 et
1993 1434 2025 1473 a

439 1512 663 1567 Domino
694 1530 936 1583 magnam
980 1514 1207 1567 obtinuit
1242 1514 1483 1583 gratiam.
1516 1511 1583 1565 Et
1608 1512 1715 1577 ivit,
1746 1510 1935 1581 inquit,
1977 1522 2025 1564 et

436 1603 533 1657 Lat
569 1621 686 1657 cum
716 1623 796 1659 ea.
830 1610 1004 1673 Quare
1038 1621 1160 1661 cum
1209 1606 1462 1659 Dominus
1488 1604 1680 1658 dixerit
1711 1622 1723 1658 :
1772 1602 2026 1673 Egredere

434 1696 497 1747 de
520 1705 653 1748 terra
678 1706 787 1761 tua,
817 1706 864 1751 et
884 1697 948 1749 de
966 1698 1266 1767 cognatione
1292 1707 1379 1748 tua
1400 1705 1448 1749 et
1473 1695 1536 1749 de
1559 1694 1708 1749 doma
1730 1695 1889 1763 patris
1909 1694 1982 1746 tui
2003 1708 2023 1757 ,'

434 1784 575 1839 hunc
602 1786 933 1855 assumpsit?
978 1786 1094 1840 Non
1124 1786 1225 1840 fuit
1267 1784 1581 1841 inobediens
1627 1785 1887 1838 Domino:
1928 1784 2021 1838 sed

434 1876 572 1932 forte
596 1878 717 1946 quia
742 1876 924 1947 juveni
954 1889 1069 1931 erat
1112 1878 1277 1947 patris
1308 1877 1429 1931 loco
1454 1876 1773 1947 prmfectus:
1806 1884 1859 1929 et
1896 1874 2023 1939 ille,

433 1968 506 2021 ob
545 1969 867 2038 singularem
912 1985 1186 2035 amorem,
1233 1984 1550 2039 morumque
1597 1968 1941 2032 suavitatem,
1992 1982 2021 2020 a

433 2060 576 2128 justo
601 2059 779 2115 divelli
807 2061 992 2127 noluit,
1033 2061 1132 2115 hac
1155 2061 1223 2115 de
1260 2075 1419 2116 causa
1449 2062 1646 2115 Abram
1690 2074 1811 2113 eum
1843 2058 2014 2113 relin-

433 2165 599 2220 quere
627 2150 797 2205 noluit
826 2169 839 2204 :
873 2152 1089 2221 insuper
1130 2167 1252 2206 euut
1300 2151 1390 2205 lilii
1431 2151 1547 2204 loco
1588 2159 1769 2219 postea
1802 2148 2017 2214 habuit;

435 2243 732 2312 przesertim
760 2243 900 2314 quod
931 2254 1036 2297 tam
1077 2243 1390 2313 grandzevus
1425 2243 1629 2298 nullum
1655 2241 1828 2296 adhuc
1855 2240 2019 2295 habe-

434 2342 515 2386 ret
542 2334 707 2388 lilium
748 2344 968 2404 propter
994 2334 1141 2389 Sara:
1188 2334 1545 2389 sterilitatem.
1578 2332 1824 2402 Alioquin
1860 2331 2021 2387 etiam

435 2438 614 2478 mores
657 2424 1014 2479 adolescentis
1041 2441 1146 2479 non
1172 2426 1395 2480 multum
1424 2440 1452 2477 a
1479 2424 1607 2493 justi
1635 2424 1896 2494 probitate
1928 2421 2023 2475 ab-

432 2526 603 2571 erant.
634 2517 763 2571 Nam
796 2518 897 2572 hoc
926 2519 1097 2587 ipsum
1125 2518 1287 2588 quod,
1309 2517 1597 2587 propositis
1617 2516 1663 2570 ei
1692 2514 1899 2569 duobus
1919 2514 2027 2567 fra-

434 2608 630 2676 tribus,
656 2609 769 2678 ipse
800 2608 945 2677 justo
978 2609 1299 2673 adhaareret,
1340 2618 1551 2678 quantze
1583 2606 1873 2676 prudentiae
1903 2604 2020 2670 fuit,

432 2697 723 2766 dijudicare
740 2713 931 2767 nempe
951 2708 1005 2752 et
1032 2698 1448 2765 discernereeui
1482 2708 1789 2768 patruorum
1813 2697 1893 2751 sui
1924 2711 2021 2752 cu-

431 2804 547 2843 ram
578 2790 884 2858 permittere
911 2790 1167 2845 deberet?
1197 2790 1417 2860 Insuper
1453 2800 1507 2846 et
1537 2790 2018 2860 peregrinationem

430 2880 648 2950 eligere,
691 2880 986 2936 honestatis
1028 2896 1237 2937 morum
1275 2891 1393 2936 erat
1425 2882 1700 2936 indicium.
1738 2882 1867 2935 Nam
1900 2883 2023 2936 licet

430 2972 647 3028 tandem
690 2973 744 3027 in
783 2973 1097 3045 quibusdam
1128 2990 1340 3030 errasse
1366 2974 1625 3040 videatur,
1661 2976 1877 3046 quando
1921 2991 2019 3044 po-

430 3064 595 3118 tiores
623 3063 725 3118 sibi
765 3072 942 3133 partes
985 3067 1280 3135 usurpavit,
1309 3075 1543 3120 attamen
1575 3066 1852 3135 vestigium
1895 3065 2024 3135 juSti

428 3154 679 3225 subsequi
704 3156 943 3225 proxime
966 3156 1235 3213 studebat.
1264 3160 1438 3228 Atque
1459 3156 1579 3212 ideo
1593 3157 1771 3227 justus
1791 3157 1940 3211 illum
1967 3157 2023 3211 in

430 3248 633 3303 socium
657 3248 863 3305 itineris
887 3254 1112 3323 accepit,
1139 3262 1195 3307 et
1221 3251 1336 3320 ipse
1372 3266 1562 3321 magna
1588 3252 1862 3307 alacritate
1904 3266 2026 3320 per-

433 3340 672 3408 egrinam
704 3341 863 3395 vitam
890 3342 1199 3397 domesticae
1227 3342 1474 3410 prmtulit.
1508 3341 1673 3396 Porro
1702 3352 1760 3396 ut
1792 3342 2024 3396 sciamus

433 3430 550 3485 haec
576 3446 606 3483 a
639 3431 746 3485 Deo
774 3430 935 3487 fuisse
956 3433 1212 3501 imperata
1239 3430 1577 3501 patriarchae,
1600 3447 1706 3486 non
1726 3447 1847 3487 cum
1869 3433 2023 3502 juve—

435 3520 517 3573 nis
543 3530 705 3586 esset,
735 3521 827 3576 sed
850 3521 962 3590 jam
979 3521 1047 3576 ad
1074 3530 1347 3576 senectam
1374 3521 1635 3592 vergenti,
1667 3520 1880 3591 quando
1905 3524 2023 3593 ple-

437 3613 589 3682 rique
636 3614 907 3666 hominum
950 3612 1017 3667 ad
1061 3611 1506 3682 peregrinandum
1544 3614 1819 3683 segniores
1858 3622 2021 3681 sunt,

437 3706 605 3774 inquit
642 3722 656 3758 :
683 3706 870 3759 Abram
906 3715 1073 3759 autem
1101 3714 1208 3759 erat
1234 3721 1487 3759 annorum
1527 3706 1848 3775 septuaginta
1874 3706 2025 3775 quin-

435 3811 550 3863 que,
585 3795 789 3863 quando
829 3796 981 3849 exivit
1005 3811 1070 3851 ea:
1097 3795 1347 3850 Charran.
1381 3794 1600 3850 Vidistis
1627 3796 1899 3866 quomodo
1926 3812 2025 3852 nec

435 3899 568 3944 tetas
580 3890 628 3944 ei
652 3888 747 3944 fuit
772 3890 1062 3954 obstaculo,
1089 3903 1261 3959 neque
1279 3888 1422 3943 aliud
1442 3888 1693 3959 quiddam
1710 3889 1883 3958 potuit
1900 3904 2023 3943 eum

434 3982 675 4036 detinere
724 3990 782 4034 ut
817 3981 961 4036 domi
1007 3978 1301 4035 resideret:
1341 3978 1436 4034 sed
1467 3980 1593 4034 vicit
1627 3979 1807 4034 omnia
1858 3979 2025 4050 ipsius

436 4074 489 4126 in
520 4074 683 4127 Deum
714 4088 883 4127 amor.
916 4072 1105 4126 Anima
1135 4071 1276 4126 enim
1296 4071 1526 4138 vigilans
1553 4078 1609 4125 et
1628 4070 1807 4125 sobria
1832 4082 2022 4125 cuncta

433 4164 699 4232 abrumpit
728 4161 1125 4232 impedimenta.
1168 4169 1383 4230 totaque
1421 4159 1480 4213 lit
1508 4159 1625 4228 ejus
1654 4174 1812 4229 quem
1855 4169 2021 4225 amat,

432 4264 488 4311 et
510 4271 539 4307 a
571 4255 715 4309 nullo
743 4253 885 4323 quod
917 4254 968 4306 in
1008 4252 1184 4307 medio
1210 4252 1428 4305 difﬁcile
1454 4260 1729 4319 appareat,
1764 4248 2020 4304 retardari

434 4361 492 4401 se
530 4347 725 4415 patitur
754 4362 767 4397 :
801 4344 895 4399 sed
929 4344 1105 4397 omnia
1148 4344 1403 4410 pneterit,
1432 4355 1532 4395 nec
1557 4338 1798 4394 subsistit
1838 4340 2018 4410 prius-

434 4452 589 4506 quam
618 4451 675 4491 re
713 4434 1010 4489 desiderata
1044 4432 1292 4502 potiatur.
1323 4431 1610 4500 Propterea
1644 4439 1701 4486 et
1722 4429 1899 4499 justus
1924 4433 2024 4484 iste

436 4544 610 4598 neque
637 4534 931 4590 senectute,
954 4538 1127 4595 neque
1146 4521 1264 4576 aliis
1292 4522 1530 4591 pluribus
1553 4522 1730 4577 causis
1752 4520 2022 4593 prohiberi

438 4620 624 4691 νυιιιίι,
655 4618 779 4688 quin
808 4616 1055 4671 omnibus
1079 4614 1331 4683 disruptis
1356 4614 1603 4680 vinculis,
1632 4615 1783 4685 quasi
1808 4614 2021 4685 juvenis

433 4722 487 4767 ct
525 4718 680 4765 aetate
711 4710 930 4773 ﬂorens,
958 4706 1111 4777 quasi
1137 4722 1169 4759 a
1217 4705 1361 4759 nullo
1390 4704 1708 4774 prohibitus,
1749 4704 2024 4760 festinaret

432 4813 488 4859 et
535 4802 813 4856 anhclaret
866 4797 1074 4853 Domini
1131 4807 1455 4866 prmeeptum
1510 4797 1784 4865 perlicere.
1839 4795 2023 4863 Neque

433 4895 575 4950 enim
608 4890 860 4961 possibile
888 4898 991 4955 est,
1020 4897 1076 4943 ut
1111 4902 1222 4943 rem
1271 4886 1462 4964 fortem
1501 4896 1556 4941 et
1592 4885 1859 4955 egregiam
1901 4885 2022 4954 quis

434 5000 686 5054 umquam
712 4983 867 5036 aliter
898 4982 1074 5046 Iacuit,
1099 4980 1197 5034 nisi
1222 4986 1378 5033 antea
1411 4976 1672 5031 adversus
1696 4976 1875 5031 omnia
1902 4991 2022 5045 qua:

431 5073 697 5145 ejusmodi
736 5074 948 5127 conatui
977 5072 1240 5128 obsistere
1269 5076 1513 5139 possunt,
1555 5081 1616 5123 se
1642 5076 1815 5121 armet
1844 5076 1898 5121 et
1936 5066 2020 5121 in-

434 5177 624 5223 struat.
668 5166 779 5220 Iloc
808 5165 990 5235 utique
1026 5165 1171 5218 clare
1211 5161 1386 5216 sciens
1412 5159 1585 5227 justus
1621 5159 1732 5225 ille,
1773 5158 2022 5214 omnibus

438 5256 740 5329 pra-teritis,
784 5273 889 5310 non
927 5254 1146 5308 curabat
1174 5253 1257 5308 vel
1301 5250 1759 5311 consuetudinem,
1803 5248 1887 5303 vel
1926 5246 2024 5304 do-

436 5368 581 5408 mum
608 5359 905 5423 paternam,
927 5348 1009 5402 vel
1030 5347 1354 5417 sepulcrum,
1376 5344 1458 5399 vel
1480 5350 1806 5399 senectutem
1830 5342 2019 5413 ipsam,

435 5448 530 5504 sed
557 5447 611 5503 in
653 5447 754 5502 hoc
787 5446 1068 5501 dumtaxat
1108 5440 1301 5511 ﬁgebat
1329 5448 1585 5505 mentem,
1615 5437 1884 5507 quomodo
1923 5437 2022 5495 im-

438 5544 585 5613 plere
611 5550 792 5612 posset
811 5537 951 5609 quod
979 5552 1009 5590 a
1043 5535 1265 5589 Domino
1294 5533 1462 5588 fuerat
1491 5535 1827 5602 imperatum.
1853 5530 1919 5585 Et
1946 5530 2025 5584 vi-

435 5635 565 5701 dere
598 5644 714 5697 erat
762 5649 877 5689 rem
910 5645 1104 5701 magno
1144 5630 1377 5701 periculo
1405 5625 1931 5701 plenam,boutinem
1966 5627 2021 5683 in

1510 207 1575 264 IN
1611 208 1763 265 CAP.
1806 208 1917 264 XII.
1962 208 2205 264 GENES.
2247 208 2479 265 HOMIL.
2522 211 2716 268 XXXI.

3613 224 3718 279 990

2136 325 2530 390 provectissima
2570 334 2804 391 senecta,
2850 340 2970 382 cum
3000 344 3165 385 uxore
3188 332 3347 386 etiam
3390 335 3502 404 ipsa
3550 338 3721 392 aetatis

2135 422 2397 482 provecta:
2423 424 2476 468 et
2499 416 2675 469 multis
2700 415 2909 471 famulis
2935 434 2995 473 se
3020 420 3124 474 alio
3144 422 3452 481 transferre.
3478 428 3715 480 nescium

2135 505 2347 557 ubinam
2374 505 2587 559 errandi
2631 505 2837 561 futurus
2877 508 2996 564 linis
3035 520 3197 566 esset.
3230 512 3381 579 Quod
3423 516 3469 569 si
3509 516 3631 585 quis
3666 529 3721 571 et

2132 596 2262 650 illud
2307 597 2593 666 prudenter
2629 599 2914 667 expendat,
2946 612 3159 671 quantae
3195 619 3289 673 per
3333 606 3463 660 illud
3507 616 3719 677 tempus

2136 687 2339 740 viarum
2378 687 2719 743 difﬁcultates
2758 699 2910 745 erant
2938 709 2950 744 :
2984 708 3156 763 neque
3180 694 3347 759 enim,
3391 698 3529 753 sicut
3554 715 3716 765 nunc,

2134 776 2327 832 licebat
2353 779 2615 849 impavide
2643 796 2763 835 cum
2789 782 2906 837 aliis
2934 786 3155 851 versari,
3189 797 3243 842 et
3272 797 3376 843 tam
3410 791 3564 847 facile
3589 808 3716 862 pro-

2131 865 2386 923 fectiones
2412 870 2704 940 suscipere,
2733 887 2853 927 cum
2881 874 3087 944 singula
3118 875 3232 931 loca
3264 882 3492 949 propriis
3520 883 3716 952 princi-

2131 958 2339 1027 patibus
2365 959 2613 1016 distincta
2636 972 2835 1030 essent,
2860 980 3184 1037 necesseque
3211 979 3353 1024 esset
3383 970 3483 1025 iter
3508 975 3717 1042 agenti-

2128 1047 2231 1103 bus
2255 1048 2322 1103 ab
2350 1049 2468 1105 aliis
2496 1051 2562 1106 ad
2586 1052 2719 1109 alios
2745 1054 3010 1125 principes
3036 1057 3284 1126 transire,
3311 1069 3364 1114 et
3391 1059 3504 1116 fere
3537 1064 3718 1132 quoti-

2128 1138 2217 1194 die
2241 1139 2308 1194 de
2332 1156 2495 1211 regno
2531 1143 2583 1198 in
2611 1160 2831 1216 regnum
2871 1149 3158 1219 progredi:
3188 1162 3301 1205 erat
3341 1153 3499 1222 igitur
3532 1164 3587 1211 et
3617 1155 3719 1212 hoc

2129 1231 2460 1289 obstaculum
2497 1235 2663 1305 justo,
2714 1238 2813 1293 nisi
2859 1248 3061 1295 tantum
3111 1241 3384 1299 habuisset
3423 1249 3623 1302 amoris
3663 1260 3718 1304 et

2130 1323 2375 1378 mandata
2404 1327 2709 1395 perﬁciendi
2738 1329 3083 1385 desiderium.
3107 1332 3305 1389 Verum
3331 1337 3581 1393 omnibus
3610 1339 3714 1394 illis

2128 1413 2544 1484 impedimentis.
2595 1421 2745 1489 quasi
2790 1437 3000 1477 araucze
3046 1423 3166 1479 telas
3214 1436 3415 1493 essent,
3465 1428 3717 1500 disruptis

2128 1517 2413 1578 menteque
2456 1508 2560 1565 ﬁde
2590 1510 2854 1577 roborata,
2894 1514 3062 1583 probe
3100 1514 3270 1571 ﬁdens
3307 1518 3546 1588 dignitati
3588 1536 3713 1591 pro-

2128 1598 2406 1665 mittentis,
2450 1601 2549 1656 iter
2589 1618 2871 1672 aggressus
2914 1614 3017 1660 est.
3040 1606 3096 1660 5.
3156 1606 3223 1660 Et
3270 1611 3482 1679 accepit,
3523 1612 3712 1682 inquit,

2127 1690 2313 1745 Abram
2340 1694 2525 1747 Soram
2565 1711 2771 1749 uxorem
2800 1713 2944 1749 suam
2961 1738 2977 1761 ,
3006 1708 3053 1751 et
3083 1698 3180 1752 Lat
3224 1702 3387 1768 ﬁlium
3413 1702 3587 1771 fratris
3613 1706 3711 1769 sui,

2128 1788 2505 1853 universumque
2522 1786 2849 1840 substantiam
2878 1804 3029 1853 quam
3056 1794 3376 1858 possederant
3396 1796 3447 1848 in
3462 1795 3711 1863 Cltarran,

2126 1880 2175 1924 et
2203 1872 2350 1925 exivit
2386 1885 2439 1925 ut
2470 1876 2869 1944 proficisceretur
2894 1878 2946 1932 in
2972 1890 3155 1934 terram
3185 1881 3452 1945 Chanaan.

2202 1961 2255 2016 6.
2305 1963 2432 2017 Vide
2483 1964 2771 2035 Scriptura:
2813 1968 3190 2038 diligentiam,
3239 1976 3508 2043 quomodo
3557 1979 3716 2033 nobis

2125 2052 2301 2105 omnia
2348 2064 2560 2119 narrat,
2591 2067 2647 2110 ut
2677 2073 2772 2127 per
2795 2060 2970 2113 omnia
2995 2060 3262 2115 discamus
3298 2062 3428 2131 justi
3459 2065 3708 2135 pietatem

2125 2157 2187 2196 ac
2214 2144 2545 2213 religionem.
2577 2146 2799 2215 Accepit,
2834 2147 3002 2217 inquit
3026 2190 3042 2213 ,
3079 2150 3267 2205 Suram
3294 2168 3502 2209 uxorem
3525 2172 3669 2209 suam
3694 2200 3710 2224 ,

2125 2243 2170 2285 et
2196 2232 2292 2287 Lat
2313 2236 2477 2303 ﬁlium
2500 2240 2678 2306 fratris
2695 2238 2796 2304 sui,
2820 2240 3197 2309 universumque
3214 2242 3543 2299 substantiam
3563 2264 3713 2316 quam

2127 2317 2451 2392 szsederant
2479 2327 2533 2380 in
2560 2327 2810 2382 Cherron.
2852 2328 2967 2384 Non
2992 2331 3308 2401 simpliciter
3322 2335 3459 2390 dixit
3486 2354 3498 2389 :
3527 2337 3712 2393 Omnia

2125 2430 2448 2487 quotcumque
2485 2419 2809 2487 possederant
2837 2421 2889 2474 in
2916 2422 3145 2477 Cbarran
3173 2441 3192 2479 :
3230 2426 3322 2481 sed
3354 2436 3410 2482 ut
3447 2427 3715 2486 discamus

2126 2505 2342 2561 nihilex
2377 2507 2531 2562 bonis
2558 2507 2856 2566 Chaldaicis
2897 2514 3167 2583 accepisse
3216 2518 3591 2585 patriarcham,
3619 2522 3711 2575 sed

2129 2598 2367 2667 paternis
2400 2598 2506 2653 illis
2533 2601 2781 2656 omnibus
2807 2602 2957 2657 fratri
2979 2605 3178 2660 relictis
3199 2608 3393 2663 esiissc
3414 2650 3429 2675 ,
3456 2625 3517 2663 ea
3539 2611 3711 2664 solum

2118 2703 2304 2745 secum
2328 2689 2585 2747 ferentem
2609 2708 2728 2764 qua:
2751 2702 2807 2749 et
2826 2694 2879 2749 in
2899 2695 3136 2752 Charran
3164 2700 3489 2768 possidebat.
3521 2703 3583 2756 Et
3611 2704 3713 2758 hoc

2126 2779 2351 2836 faciebat
2384 2782 2467 2837 vir
2495 2783 2859 2853 admirandus,
2892 2801 2998 2841 non
3024 2788 3165 2858 quod
3200 2790 3288 2845 illa
3313 2793 3487 2862 magni
3516 2791 3714 2850 faceret

2127 2873 2209 2927 vel
2234 2873 2377 2941 quod
2405 2889 2596 2930 avarus
2616 2884 2760 2932 esset
2788 2891 2805 2931 :
2836 2878 2929 2932 sed
2948 2887 3004 2932 ut
3024 2894 3092 2935 ex
3118 2880 3455 2937 facultatibus
3473 2884 3575 2938 illis
3591 2901 3715 2955 pos-

2127 2975 2207 3018 set
2244 2966 2492 3020 omuibus
2521 2968 2724 3034 testari,
2754 2980 2950 3038 quanta
2982 2970 3076 3025 Dei
3113 2987 3237 3042 erga
3268 2988 3328 3029 se
3366 2973 3555 3030 fuisset
3591 2992 3715 3045 pro-

2128 3053 2380 3109 videntia.
2407 3056 2509 3124 Qui
2538 3057 2679 3111 enim
2710 3072 2775 3112 ex
2806 3066 2945 3113 terra
2975 3060 3352 3118 Chaldaeorum
3366 3080 3486 3119 eum
3510 3066 3714 3134 eduxit,

2126 3156 2181 3202 et
2224 3148 2413 3203 iterum
2443 3150 2563 3204 inde
2593 3151 2821 3219 migrare
2861 3151 3041 3221 jussit,
3099 3155 3215 3225 ipse
3260 3164 3316 3211 et
3366 3157 3715 3213 substantiam

2130 3239 2270 3294 illius
2301 3241 2535 3310 quotidie
2563 3241 2821 3311 augebat,
2852 3252 2908 3297 et
2932 3259 3145 3300 omnem
3174 3246 3472 3302 molestiam
3502 3250 3716 3306 aufere-

2128 3329 2238 3384 bat.
2280 3329 2462 3401 Itaque
2504 3333 2647 3400 quod
2686 3332 2801 3387 base
2837 3347 3021 3388 secum
3070 3334 3255 3401 ferret,
3312 3346 3367 3391 ct
3405 3353 3502 3407 per
3554 3349 3717 3395 totam

2128 3420 2267 3474 viam
2288 3419 2367 3474 sic
2402 3420 2734 3489 procederet,
2762 3422 3030 3491 specimen
3058 3433 3173 3478 erat
3213 3425 3311 3493 pia:
3350 3426 3720 3498 religioszeque

2130 3515 2343 3567 mentis.
2371 3512 2700 3582 Quicumque
2724 3513 2867 3567 enim
2887 3528 3011 3568 eum
3031 3514 3267 3582 videbat,
3289 3516 3482 3572 merito
3502 3533 3717 3574 causam

2129 3602 2461 3674 inquirebat,
2493 3617 2658 3673 quare
2692 3602 2871 3672 justus
2916 3603 3006 3660 ille
3032 3607 3476 3675 peregrinaretur.
3520 3608 3720 3665 Deinde

2130 3692 2449 3762 intelligens,
2477 3707 2599 3748 eum
2623 3692 2774 3762 jussu
2797 3691 2892 3747 Dei
2919 3693 2972 3747 in
3000 3692 3228 3748 alienam
3253 3704 3449 3750 terram
3470 3738 3486 3761 ,
3511 3699 3716 3753 relictis

2130 3786 2359 3857 prapriis
2379 3828 2394 3850 .
2421 3786 2671 3852 transire,
2701 3801 2797 3855 per
2821 3801 2985 3856 opera
3018 3786 3131 3855 ipsa
3162 3787 3452 3841 docebatur
3466 3798 3520 3842 et
3546 3789 3719 3845 disce-

2130 3880 2221 3936 bat
2243 3897 2400 3951 quam
2426 3883 2507 3950 pia
2546 3890 2688 3936 esset
2730 3881 2859 3950 justi
2890 3881 3214 3940 obedientia.
3258 3892 3313 3935 et
3336 3898 3495 3951 quam
3535 3883 3722 3951 ingens

2132 3970 2224 4026 Dei
2255 3986 2381 4041 erga
2417 3971 2561 4025 illum
2586 3969 2936 4041 providentia.
2970 3969 3037 4024 Et
3064 3971 3235 4036 exivit,
3261 3971 3449 4040 inquit,
3476 3981 3531 4024 ut
3556 3974 3719 4043 proli-

2128 4064 2393 4117 cisceretur
2418 4068 2469 4116 in
2500 4074 2684 4116 terram
2711 4063 2974 4117 Chanaan.
3031 4063 3181 4118 Unde
3227 4064 3450 4129 sciebat,
3479 4065 3531 4120 in
3579 4074 3719 4122 terra

2129 4156 2547 4212 Chananaaorutu
2583 4156 2817 4211 futurum
2838 4170 2959 4211 esse
2992 4172 3103 4211 sua:
3137 4157 3579 4226 peregrinationis
3608 4167 3716 4212 ter-

2132 4249 2372 4314 minum;
2400 4250 2643 4320 quamvis
2667 4257 2993 4321 prmeeptum
3018 4249 3087 4302 ita
3124 4263 3185 4304 se
3223 4250 3479 4305 haberet:
3520 4249 3641 4305 Veni
3668 4252 3723 4311 in

2134 4354 2323 4398 terram
2348 4360 2502 4414 quam
2537 4353 2879 4397 manstravero
2906 4341 3035 4395 tibi?
3079 4341 3331 4397 Fortasse
3383 4342 3523 4397 Deus
3568 4343 3619 4398 ei
3669 4355 3725 4399 et

2130 4435 2232 4490 huc
2252 4436 2595 4508 signiﬁcavit,
2634 4435 2877 4491 indicans
2902 4434 3067 4489 menti
3116 4434 3233 4505 ejus
3278 4444 3507 4501 terram,
3538 4437 3588 4490 in
3618 4453 3722 4507 qua

2130 4527 2302 4597 ipsum
2324 4528 2649 4583 constituere
2681 4526 2911 4582 volebat.
2944 4526 3232 4595 Propterea
3264 4526 3408 4581 enim
3438 4544 3558 4582 cum
3584 4543 3722 4597 pra:-

2128 4621 2331 4688 ciperet
2359 4620 2449 4686 ei,
2479 4619 2755 4674 indeﬁnite
2785 4619 3032 4673 dicebat:
3072 4616 3197 4672 Veni
3241 4619 3293 4671 in
3338 4629 3521 4672 terram
3573 4637 3723 4683 (piam

2130 4723 2470 4766 monstravere
2509 4712 2617 4776 tibi,
2650 4719 2709 4766 ut
2750 4710 2904 4767 nobis
2948 4710 3077 4780 jus'i
3129 4710 3379 4767 virtutem
3426 4709 3718 4779 detegeret.

2131 4801 2331 4856 Deinde
2355 4812 2632 4870 poStquatn
2656 4800 2745 4854 ille
2771 4800 2913 4869 quod
2954 4814 3108 4855 suum
3137 4807 3255 4854 erat
3273 4800 3486 4854 aliunde
3512 4801 3711 4865 attulit,

2131 4906 2252 4945 mox
2283 4891 2421 4944 Deus
2446 4889 2494 4945 ei
2523 4888 2881 4959 signiﬁcavit,
2910 4889 2961 4943 in
2992 4904 3095 4959 qua
3122 4899 3262 4944 terra
3290 4891 3453 4949 Vellet
3477 4908 3597 4945 eum
3628 4892 3718 4949 «lo.

2129 4982 2385 5037 nticilium
2424 4981 2643 5035 habere.
2691 4980 2821 5047 Quia
2868 4981 3014 5036 enim
3056 4982 3282 5039 eximias
3320 4982 3453 5051 juSIi
3500 4982 3723 5042 virtutes

2130 5071 2479 5142 pra-videbat,
2530 5072 2728 5126 idcirco
2760 5088 2883 5127 eum
2918 5089 2985 5127 ex
3015 5089 3081 5127 eo
3107 5073 3225 5128 loco
3250 5072 3516 5140 evocavit,
3546 5081 3602 5127 et
3628 5091 3720 5128 ne-

2130 5178 2234 5235 qne
2287 5163 2507 5218 fratrem
2554 5175 2610 5217 ut
2662 5164 2931 5233 acciperet
2974 5164 3135 5233 jussit
3176 5163 3469 5233 :quoniam
3509 5163 3722 5219 Volebat

2132 5259 2272 5313 hunc
2294 5256 2570 5313 doctorem
2596 5258 2707 5313 ﬁeri
2735 5299 2749 5324 ,
2780 5272 2921 5312 nunc
2969 5257 3181 5327 quidem
3210 5257 3459 5310 omnilms
3488 5254 3722 5310 Palu-sti-

2132 5368 2254 5407 nam
2285 5351 2657 5416 incolentibus,
2682 5350 2838 5419 paulo
2866 5359 2985 5419 [rost
3022 5360 3199 5404 autem
3230 5349 3389 5402 etiam
3430 5346 3716 5419 Egyptiis.

2211 5443 2329 5498 Non
2355 5445 2405 5497 in
2434 5453 2617 5497 natura
2636 5484 2650 5508 ,
2680 5442 2768 5497 sed
2795 5443 2846 5495 in
2890 5444 3145 5496 uoluntate
3173 5443 3325 5495 virtus
3365 5450 3413 5495 et
3449 5441 3566 5494 vitia
3604 5452 3720 5499 sunt

2131 5536 2249 5589 sita.
2278 5561 2347 5573 —~
2382 5532 2598 5591 Vidistis
2640 5532 2911 5603 quomodo
2938 5550 3042 5587 non
3078 5533 3129 5587 in
3163 5544 3346 5587 natura
3367 5575 3379 5597 ,
3410 5530 3504 5587 sed
3533 5532 3585 5586 in
3621 5548 3716 5583 vo.

2136 5625 2337 5689 Iuntatc
2374 5634 2427 5681 et
2466 5623 2645 5680 animo
2680 5635 2866 5681 nostra
2896 5628 2994 5681 sita
3024 5631 3147 5680 sunt
3176 5633 3279 5679 tam
3310 5640 3426 5696 qu.e
3462 5621 3528 5679 ad
3558 5638 3717 5683 vntu-
