4070 6194
369 313 468 369 9!!!

368 431 498 480 tetu.
524 433 682 488 quam
707 431 830 484 quae
870 413 936 468 ad
980 411 1103 464 vitia
1129 407 1435 480 pertinent?
1464 406 1600 459 Ecce
1627 411 1810 460 natura
1832 399 1954 469 qui-

369 515 689 570 demtratrcs
703 516 879 571 erant,
903 504 1016 573 ipse
1038 499 1336 571 patriarcha
1357 505 1411 554 et
1431 495 1660 558 Nachor,
1684 493 1956 546 voluntate

369 612 545 660 autem
577 614 684 652 non
718 597 879 652 item:
909 594 1003 649 scd
1030 593 1140 650 ille.
1172 591 1296 644 licet
1325 588 1490 643 frater
1519 584 1584 642 ad
1621 593 1820 642 tantam
1849 581 1954 634 vir»

370 703 538 754 tutcm
562 687 931 758 pervenisset,
959 683 1137 738 adhuc
1159 694 1343 737 errore
1368 682 1768 746 przeoccupatus
1798 679 1912 725 erat
1937 682 1953 724 :

371 785 455 843 hic
473 791 649 846 autem
675 779 927 838 omnibus
946 774 1180 844 quotidie
1203 787 1296 843 per
1312 784 1474 840 opera
1496 769 1606 837 ipsa
1627 763 1958 824 monstrabat

371 873 585 930 virtutis
614 885 726 932 sua:
753 865 1048 926 secundum
1077 865 1242 920 Deum
1270 862 1616 920 incrementa.
1646 857 1698 912 6.
1724 855 1790 909 Et
1805 853 1951 920 venit,

372 965 565 1035 inquit,
603 963 655 1015 in
679 971 866 1016 terram
892 957 1135 1012 Chanaan
1160 994 1176 1020 ,
1206 963 1250 1006 et
1275 949 1594 1022 pertranaivit
1620 947 1808 1000 Abram
1852 951 1956 1035 ter-

372 1031 484 1114 ram
507 1055 560 1107 in
583 1049 950 1122 longitudinem
971 1047 1079 1117 ejus
1106 1086 1122 1112 ,
1149 1059 1303 1114 usque
1323 1040 1390 1098 ad
1419 1040 1585 1094 locum
1613 1035 1862 1114 Sycbem,
1891 1031 1958 1084 ad

375 1161 614 1216 quercum
643 1142 909 1198 excelsam.
945 1138 1108 1192 Docet
1137 1150 1236 1192 nos
1269 1131 1546 1206 Scriptura
1570 1129 1742 1184 locum
1782 1124 1957 1216 regio-

375 1213 482 1303 nis,
507 1237 559 1294 in
589 1249 697 1303 quo
725 1245 867 1288 nunc
892 1229 1069 1300 justus
1088 1224 1412 1285 domicilium
1442 1219 1688 1276 collocat.
1723 1213 1922 1270 Deinde
1941 1253 1956 1279 ,

376 1340 434 1384 ut
461 1328 691 1384 sciamus
733 1322 1007 1395 quomodo
1044 1336 1104 1377 se
1152 1319 1260 1374 illic
1301 1331 1387 1376 res
1433 1313 1721 1377 habebant,
1750 1306 1955 1376 inquit:

375 1399 652 1480 tlkanamei
696 1431 866 1475 autem
898 1429 1018 1474 tunc
1056 1413 1403 1470 inhabitabant
1425 1421 1629 1464 terram.
1655 1402 1961 1481 Nequehoc

374 1516 684 1584 simpliciter
708 1522 764 1569 et
803 1510 1004 1578 absque
1044 1520 1202 1560 causa
1232 1505 1416 1560 beatus
1445 1500 1617 1555 Moses
1641 1493 1956 1584 assignavit,

377 1582 557 1661 sed—ut
585 1605 856 1659 discamus
877 1600 1036 1655 etiam
1063 1598 1207 1655 illinc
1227 1604 1462 1651 mentem
1489 1586 1805 1661 patriarchae
1845 1582 1962 1654 phi-

381 1695 704 1764 losophicam
731 1710 743 1746 :
767 1693 892 1762 quia
921 1705 1042 1744 cum
1088 1688 1202 1742 ioca
1243 1685 1330 1740 illa
1373 1689 1739 1753 praeoccupate
1781 1683 1963 1731 essent

354 1775 406 1836 ‘a
433 1784 771 1848 Chananaeis,
790 1780 1077 1850 cogebatur
1101 1775 1252 1846 quasi
1273 1788 1437 1844 vagus
1458 1781 1510 1826 et
1537 1768 1848 1840 peregrinus
1867 1806 1881 1830 ,
1911 1772 1964 1818 et

376 1877 526 1946 quasi
554 1875 794 1944 ahjectus
814 1883 868 1926 ct
895 1872 1016 1926 vilis
1040 1871 1201 1927 homo
1231 1866 1489 1922 diversari
1510 1906 1525 1928 ,
1547 1862 1664 1917 sine
1693 1859 1803 1915 ullo
1831 1858 1964 1913 forte

379 1966 626 2035 hospitio.
653 1965 900 2019 Attamen
943 1975 1114 2030 neque
1138 1957 1264 2012 illud
1287 1956 1509 2012 moleste
1530 1951 1559 2008 ι’.
1579 1951 1732 2008 rebat
1754 1989 1768 2014 ,
1793 1961 1966 2018 neque

375 2059 508 2114 dice‘
528 2067 578 2114 at
611 2056 783 2123 :Qniil
814 2055 912 2106 hoc
938 2053 1053 2108 est?
1079 2065 1247 2122 egone
1275 2049 1365 2120 qui
1411 2055 1558 2102 tanto
1588 2059 1709 2100 cum
1736 2042 1963 2108 honore,

375 2159 432 2206 ct
455 2158 597 2208 tanta
619 2162 742 2204 eum
770 2145 969 2203 familia
1001 2143 1222 2213 agebam
1251 2141 1302 2195 in
1328 2138 1565 2194 Charran
1592 2178 1606 2200 ,
1640 2149 1780 2190 nunc
1803 2145 1965 2202 cogor

382 2241 514 2298 sicut
538 2240 750 2294 civitate
767 2251 959 2292 carens
981 2275 997 2301 ,
1028 2244 1082 2289 et
1103 2232 1435 2304 peregrinus,
1471 2237 1526 2283 et
1546 2227 1749 2282 advena
1779 2224 1964 2282 obam-

384 2329 587 2392 hnlare,
617 2327 776 2398 idque
825 2325 1012 2396 gratia:
1040 2324 1160 2378 loco
1193 2323 1414 2388 ducere,
1447 2329 1498 2375 et
1534 2318 1766 2388 quietem
1798 2316 1851 2370 in
1880 2314 1965 2370 vili

379 2433 624 2488 quat-ere
671 2416 1001 2482 diversorio;
1028 2424 1081 2470 et
1106 2427 1279 2482 neque
1309 2413 1414 2468 hoc
1448 2409 1684 2470 invenire
1727 2421 1966 2478 possum,

376 2510 471 2564 sed
498 2511 550 2563 in
572 2507 926 2564 tabernaculis
947 2515 1002 2561 et
1030 2503 1310 2574 tuguriolis
1337 2501 1536 2558 versari
1565 2541 1578 2563 .
1605 2499 1844 2566 aliasque
1871 2495 1968 2550 mi.

378 2601 546 2655 serias
589 2600 729 2654 ferre
766 2599 907 2668 cogit
948 2611 1032 2652 me
1059 2594 1375 2652 necessitas.
1415 2591 1647 2647 Hoccine
1672 2596 1790 2654 est,
1823 2583 1968 2660 quod

379 2691 588 2746 dicebat
615 2707 629 2744 :
668 2688 810 2752 Veni,
829 2699 876 2742 et
893 2687 1081 2758 faciam
1098 2696 1146 2740 te
1169 2686 1221 2738 in
1235 2694 1433 2756 gentem
1452 2680 1723 2752 magnam?
1744 2677 1968 2738 Pulchra

381 2783 587 2837 scilicet
611 2781 901 2852 prmludia;
930 2779 1057 2851 quid
1082 2792 1247 2833 suave
1272 2775 1492 2847 posthac
1519 2769 1971 2841 exspectandum?

381 2875 449 2928 At
475 2871 605 2926 nihil
627 2870 730 2928 tale
750 2870 962 2926 dicebat
981 2871 1157 2938 justus
1183 2907 1200 2932 ,
1229 2882 1402 2936 neque
1423 2864 1741 2927 ﬁuctuabat;
1768 2861 1862 2916 sed
1884 2861 1970 2915 in-

382 2973 526 3032 tegra
557 2971 744 3017 mente
771 2969 828 3016 et
851 2959 1085 3029 perfecta
1114 2957 1242 3024 ﬁde,
1267 2957 1404 3013 bene
1430 2953 1600 3009 ﬁdens
1619 2952 1714 3007 Dei
1744 2949 1973 3021 promis-

384 3053 478 3118 sis,
514 3051 738 3104 immoto
786 3049 1018 3119 perstitit
1054 3049 1268 3109 animo;
1311 3045 1454 3105 unde
1483 3044 1661 3098 statim
1687 3052 1742 3097 et
1780 3054 1970 3112 super-

388 3157 512 3198 nam
534 3140 956 3197 consolationem
987 3139 1230 3211 accipere
1257 3137 1472 3194 meruit.

455 3232 511 3290 7.
533 3230 745 3286 Moralis
768 3229 1346 3286 alimmum—Verum
1371 3242 1436 3284 ne
1464 3241 1767 3282 sermonem
1789 3225 1975 3299 produ-

383 3338 567 3380 tamus
594 3322 807 3392 longius
832 3362 847 3386 ,
875 3320 966 3376 hic
990 3322 1039 3380 ei
1071 3322 1227 3378 ﬁnem
1256 3320 1625 3391 imponamus;
1653 3317 1780 3374 illud
1811 3333 1973 3374 unum

383 3423 598 3470 orantes
625 3413 901 3470 caritatem
948 3421 1180 3470 vestram
1207 3453 1223 3478 ,
1278 3420 1337 3470 ut
1385 3420 1619 3466 mentem
1658 3410 1786 3478 justi
1833 3409 1976 3472 illius

384 3507 684 3568 imitemini.
739 3499 952 3566 Etenim
994 3505 1434 3560 absurdissimum
1461 3513 1641 3568 esset,
1671 3504 1715 3557 si
1741 3519 1861 3558 cum
1888 3502 1972 3570 ju-

381 3609 500 3654 stus
522 3599 630 3664 ille,
660 3599 727 3654 de
749 3608 894 3656 terra
941 3598 996 3663 in
1033 3607 1230 3656 terram
1259 3608 1499 3666 vocatus,
1541 3605 1739 3652 tantam
1780 3611 1888 3668 pra:
1917 3611 1975 3654 se

386 3691 570 3746 tulerit
606 3689 990 3757 obedientiam,
1021 3699 1076 3748 et
1123 3703 1297 3759 neque
1342 3697 1614 3756 senectus,
1657 3701 1831 3758 neque
1873 3687 1975 3749 alia

385 3797 505 3849 qua:
532 3781 969 3836 enumeravimus
1006 3780 1421 3850 prmpedimenla
1442 3819 1456 3840 .
1481 3793 1652 3849 neque
1677 3787 1976 3848 temporum

386 3872 693 3935 difﬁcultas,
719 3887 891 3941 neque
922 3872 1025 3930 ulla
1057 3872 1182 3937 alia,
1205 3887 1323 3940 qua:
1346 3872 1600 3925 remorari
1632 3870 1803 3942 ip~um
1822 3884 1979 3938 posse

391 3963 728 4030 videbantur,
779 3963 845 4017 ad
894 3963 1249 4021 obediendum
1299 3961 1588 4020 tardiorem
1632 3975 1754 4014 etim
1804 3960 1980 4018 facere

389 4055 696 4120 potuerint;
724 4054 817 4109 sed
842 4053 1090 4108 omnibus
1118 4054 1346 4108 vinculis
1373 4053 1568 4121 ruptis,
1598 4051 1892 4106 cucurrerit
1922 4058 1981 4110 et

391 4144 722 4198 I'estinaverit
748 4158 936 4210 senex,
967 4142 1116 4212 quasi
1161 4141 1373 4212 juvenis
1418 4141 1702 4210 resumptis
1756 4139 1978 4205 viribus,

389 4250 509 4287 eum
533 4249 718 4297 uxore,
737 4241 789 4286 et
836 4232 1014 4288 fratris
1062 4231 1193 4297 ﬁlio,
1221 4240 1276 4287 ct
1319 4231 1528 4286 famulis
1552 4271 1564 4284 .
1599 4241 1655 4284 ut
1702 4229 1984 4298 perﬁciens

389 4339 552 4391 opere
587 4322 728 4392 quod
758 4323 858 4376 sibi
886 4339 915 4375 a
956 4323 1068 4376 Deo
1089 4320 1462 4376 demandatum
1490 4329 1606 4375 erat
1641 4339 1653 4374 :
1686 4335 1783 4373 nos
1803 4329 1979 4375 autem

391 4415 479 4483 qui
506 4429 614 4468 non
644 4413 712 4468 de
743 4423 883 4468 terra
908 4413 963 4470 in
1009 4422 1207 4468 terram
1235 4428 1488 4469 vocamur
1508 4455 1522 4477 ,
1554 4412 1649 4468 sed
1675 4412 1743 4468 de
1771 4423 1907 4468 terra
1930 4415 1981 4469 in

391 4507 606 4572 ctelum,
639 4522 743 4562 non
794 4505 1035 4562 eamdem
1090 4521 1246 4574 quam
1292 4506 1383 4560 ille
1425 4506 1604 4575 justus
1655 4505 1983 4562 alacritatem

392 4596 694 4652 obedicndo
735 4596 1126 4663 cxhibcamus,
1168 4595 1264 4653 sed
1311 4595 1527 4666 frigidas
1575 4596 1886 4666 plerumque
1931 4606 1986 4652 et

395 4687 608 4742 inutiles
627 4697 979 4759 przetexamus
1012 4702 1239 4753 causas;
1270 4697 1323 4741 et
1352 4702 1521 4756 neque
1562 4703 1659 4740 nos
1693 4687 1985 4758 promissov-

395 4793 511 4832 rum
540 4777 1074 4848 niagnitudo,'neque
1125 4778 1407 4847 visibilium
1453 4793 1632 4832 rerum
1660 4777 1864 4842 vilitas,
1892 4794 1984 4834 ne-

393 4886 499 4938 que
541 4870 681 4939 quod
730 4881 958 4926 terrente
989 4871 1090 4924 illa:
1129 4869 1236 4924 sint
1272 4878 1328 4923 et
1367 4879 1776 4932 momentanem,
1811 4883 1985 4938 neque

396 4961 637 5018 vocantis
662 4960 892 5031 dignitas
914 4961 1048 5015 adeo
1093 4960 1323 5014 attrahat
1351 4976 1364 5012 :
1393 4959 1484 5013 sed
1513 4959 1647 5013 adeo
1692 4958 1860 5013 simus
1895 4971 1988 5016 ne-

397 5053 682 5124 gligentes,
715 5061 771 5106 ut
820 5051 1166 5120 praeferamus
1215 5058 1588 5105 momentanea
1632 5064 1846 5116 semper
1877 5063 1986 5099 ma-

397 5143 668 5209 nentibus,
724 5153 920 5200 terram
969 5144 1123 5207 caelo,
1170 5157 1230 5196 ea
1273 5157 1393 5211 quae
1447 5139 1663 5194 avolant
1705 5149 1986 5208 antequam

399 5234 726 5300 habeantur,
756 5235 820 5288 iis
850 5251 968 5304 qua:
993 5249 1278 5303 numquam
1310 5233 1468 5287 ﬁnem
1486 5231 1726 5301 accipere
1749 5241 1985 5300 possunt.

396 5329 685 5398 Quousque
710 5327 850 5381 enim
879 5366 894 5390 ,
921 5327 1008 5380 dic
1029 5367 1042 5392 ,
1073 5339 1276 5396 quzuso,
1307 5324 1377 5377 ita
1407 5323 1732 5380 insanientes
1757 5322 1807 5376 in
1833 5323 1988 5379 Otii“?

357 5489 364 5496 _
399 5417 587 5480 gelidis
634 5418 913 5487 pecuniis?
959 5435 1081 5487 qua:
1128 5417 1302 5471 rabies
1340 5415 1481 5483 cogit
1520 5412 1758 5484 quotidie
1799 5429 1828 5466 a
1885 5424 1990 5475 tam

407 5507 627 5562 molesta
659 5509 1086 5577 concupiscentia
1119 5506 1376 5572 infestari,
1404 5514 1458 5560 ct
1479 5517 1764 5571 numquam
1786 5503 1988 5570 satiari,

386 5595 496 5647 sed
519 5597 754 5652 deterius
781 5599 977 5653 habere
1002 5614 1158 5667 quam
1186 5597 1272 5668 qui
1305 5606 1423 5650 sunt
1472 5594 1648 5649 ebrii?
1685 5595 1816 5649 Nam
1857 5595 1992 5650 sicut

411 5674 486 5738 illi
514 5693 718 5752 quanto
752 5690 918 5766 magis
947 5705 1095 5750 mero
1137 5705 1193 5742 sc
1245 5686 1577 5756 distendunt,
1633 5696 1777 5748 tanto
1807 5688 1988 5768 magis

1082 302 1137 356 S.
1175 296 1451 354 JOANNIS
1487 285 1966 348 CHRYSOSTOMI
2007 285 2322 341 ARCIIIEP.
2363 286 2894 342 CONSTANTINOP.

3534 280 3645 338 292

2063 395 2285 472 ﬂagrant
2321 398 2429 464 sui,
2450 408 2503 452 et
2528 399 2793 452 caminum
2833 389 3163 452 succendunt
3203 397 3542 467 graviorem:
3576 397 3652 450 ita

2066 487 2315 544 nimirum
2356 497 2411 543 ct
2443 487 2528 543 isti
2569 487 2659 557 qui
2689 502 2807 545 sese
2849 487 3110 557 tyrannidi
3140 485 3374 539 avaritia:
3399 485 3653 553 subjece-

2063 591 2228 645 runt,
2291 579 2492 634 nullum
2548 577 2955 646 concupiscendi
3018 577 3175 630 ﬁnem
3227 577 3422 630 iaciunt
3482 593 3496 629 :
3553 575 3656 630 sed

2061 680 2260 740 quanto
2297 671 2445 741 plura
2473 669 2715 734 afllunut,
2741 678 2888 724 tanto
2920 669 3086 738 magis
3115 667 3325 722 ﬂamma
3353 667 3565 730 crescit,
3596 677 3659 721 ct

2062 763 2303 816 caminus
2328 760 2480 815 ardet
2508 759 2753 814 validius.
2794 750 2909 814 Non
2934 759 3177 814 videmus
3191 759 3332 827 quod
3363 758 3396 812 li
3419 757 3657 827 quiante

2063 866 2162 908 nos
2189 851 2357 917 fuere,
2382 850 2623 920 quamvis
2655 849 3036 918 propemodum
3086 850 3248 904 totius
3276 847 3422 902 orbis
3447 846 3656 901 domini

2063 951 2267 1007 essent,
2295 941 2422 996 nudi
2448 949 2505 1001 et
2530 940 2751 996 solitarii
2779 953 2848 995 ex
2877 940 2976 994 hac
3005 939 3111 993 vita
3137 939 3345 1009 abrepti
3373 949 3516 1003 sunt,
3550 941 3658 995 hoc

2063 1032 2236 1087 solum
2283 1031 2408 1087 inde
2444 1031 2759 1099 consequuti
2795 1029 2936 1100 quod
2987 1031 3220 1084 rationes
3264 1042 3318 1084 et
3353 1045 3526 1099 pruna:
3558 1047 3659 1100 pro

2065 1124 2313 1179 omnibus
2340 1124 2447 1179 illic
2478 1123 2546 1181 ab
2568 1123 2649 1179 eis
2672 1121 2946 1193 exigendae
2972 1122 3118 1176 sint?
3152 1121 3218 1176 Et
3240 1120 3451 1192 quidem
3480 1137 3660 1192 sarpe-

2066 1228 2289 1271 numero
2324 1209 2521 1269 diversi
2565 1212 2847 1268 facultates
2886 1226 3071 1267 eorum
3111 1212 3250 1266 inter
3285 1228 3344 1266 se
3371 1212 3661 1267 distribue-

2067 1313 2229 1358 runt:
2260 1311 2475 1373 peccata
2503 1311 2680 1357 autem
2727 1317 2793 1357 ex
2843 1302 2945 1357 illis
2981 1309 3254 1356 contracta
3309 1303 3423 1373 ipse
3477 1302 3657 1357 solum

2067 1409 2251 1450 secum
2277 1394 2546 1462 auferens,
2586 1393 2844 1460 abscedit,
2875 1403 2930 1448 et
2955 1409 3052 1463 pro
3077 1393 3141 1448 iis
3169 1408 3374 1462 magnae
3416 1392 3664 1464 indigna-

2069 1485 2225 1540 tionis
2254 1484 2511 1556 supplicia
2535 1485 2823 1547 sustinens,
2850 1483 3215 1539 consolatione
3239 1483 3476 1553 undique
3495 1485 3664 1539 desti-

2069 1578 2250 1631 tuitur.
2281 1576 2456 1643 Quare
2487 1575 2663 1644 igitur,
2681 1575 2786 1642 dic,
2813 1588 2910 1628 oro
2939 1614 2954 1640 ,
2982 1583 3088 1627 tam
3116 1573 3444 1643 negligentes
3464 1574 3660 1628 salutis

2068 1679 2288 1735 nostrm,
2317 1669 2388 1723 ita
2415 1669 2651 1738 segniter
2675 1667 2866 1721 animae
2890 1674 3089 1720 nostrae
3115 1665 3446 1720 consulimus
3465 1709 3479 1731 ,
3505 1667 3660 1734 quasi

2069 1763 2242 1818 aliena
2270 1769 2447 1825 esset,
2475 1769 2531 1814 et
2557 1775 2662 1813 non
2686 1767 2869 1814 nostra
2887 1759 2912 1811 ἲ
2940 1757 3054 1812 Non
3083 1757 3236 1811 audis
3263 1757 3536 1810 Christum
3563 1755 3654 1810 di-

2069 1863 2277 1912 ecutem
2308 1869 2322 1904 :
2351 1851 2515 1916 Quam
2542 1850 2681 1903 dabit
2733 1849 2884 1903 homo
2922 1849 3363 1902 commutationem
3412 1863 3504 1916 pro
3544 1849 3664 1900 ani-

2071 1959 2154 1996 ma
2200 1959 2292 1998 sua
2323 1941 2536 2014 (Matth.
2589 1941 2678 1996 16.
2721 1938 2854 2011 26)?
2885 1939 2951 1994 Et
2995 1941 3238 1996 iterum:
3273 1939 3411 2007 Quid
3455 1940 3665 2009 prodeat

2071 2031 2262 2087 homini
2280 2033 2322 2085 si
2352 2040 2509 2084 totum
2540 2030 2783 2084 mundum
2810 2030 3054 2096 lucretur,
3103 2031 3287 2083 animle
3338 2039 3508 2084 autem
3553 2045 3668 2083 aute

2071 2121 2420 2176 detrimentum
2469 2121 2695 2189 patiatur
2738 2121 2764 2173 ?
2812 2118 2948 2174 Num
3002 2119 3273 2190 quidpiam
3323 2119 3487 2175 habes
3539 2121 3669 2175 huic

2071 2210 2536 2282 aequiparandum?
2565 2210 2784 2265 Etiamsi
2829 2218 2996 2264 tctuzn
3038 2211 3224 2265 orbem
3256 2211 3494 2274 dixeris,
3530 2211 3669 2267 nihil

2072 2304 2237 2359 dices.
2267 2306 2395 2370 Quze
2424 2303 2564 2358 enim
2613 2303 2844 2368 utilitas,
2881 2303 3020 2358 sicut
3047 2301 3460 2369 dixitChristus,
3493 2312 3668 2358 totum

2075 2396 2327 2452 mundum
2350 2394 2684 2459 lucrifacere,
2710 2397 2906 2449 anima:
2933 2405 3110 2448 autent
3130 2394 3506 2449 detrimentum
3531 2397 3666 2465 pati,

2073 2503 2175 2558 qua
2223 2486 2351 2542 nihil
2387 2487 2540 2542 nobis
2581 2487 2748 2555 magis
2795 2487 3110 2556 pmprium‘i
3141 2485 3333 2540 Verum
3383 2501 3500 2540 eam
3545 2503 3670 2556 qua:

2075 2589 2180 2636 tam
2204 2581 2431 2650 pretiosa
2452 2589 2553 2645 est,
2572 2580 2723 2648 cujus
2761 2587 2959 2632 tantam
2986 2594 3167 2633 curam
3195 2593 3356 2649 agere
3382 2579 3668 2643 debemus,

2076 2682 2133 2726 ut
2155 2671 2284 2728 nihil
2313 2673 2385 2726 illi
2415 2671 2649 2743 prmferri
2672 2671 2883 2735 debeat,
2915 2671 2993 2724 sic
3019 2671 3376 2739 despicimus,
3408 2681 3467 2724 ut
3485 2675 3672 2741 quoti-

2075 2763 2161 2818 die
2186 2763 2517 2832 discerpatur
2535 2803 2550 2826 ,
2581 2771 2635 2815 et
2661 2759 2927 2815 interdum
2953 2759 3023 2814 ab
3053 2761 3273 2815 avaritia
3318 2761 3630 2815 obsideatur
3653 2805 3669 2824 .

2075 2853 2359 2922 aliquando
2385 2868 2416 2907 a
2441 2853 2651 2908 luxuria
2681 2853 2977 2918 laceretur,
3016 2851 3283 2906 interdum
3314 2851 3382 2906 ab
3426 2853 3500 2905 ira
3531 2869 3670 2906 con-

2075 2943 2345 3010 fundatur,
2368 2953 2421 2999 et
2439 2959 2470 2998 a
2500 2944 2721 3014 singulis
2749 2943 3034 2998 affectibus
3051 2943 3391 2998 multifariam
3413 2955 3666 3009 vexetur,

2077 3045 2132 3096 et
2168 3035 2366 3090 nullam
2396 3036 2474 3089 vel
2515 3049 2636 3088 sero
2684 3034 2895 3089 tandem
2937 3034 3081 3089 illius
3108 3049 3356 3103 geramus
3402 3036 3670 3090 Sollicitu-

2078 3126 2256 3182 dinem
2278 3127 2300 3179 τ
2326 3125 2454 3192 Quis
2480 3140 2578 3179 nos
2602 3125 2828 3195 posthac
2849 3124 3155 3196 dignabitur
3178 3127 3351 3190 venia,
3380 3138 3433 3181 et
3462 3128 3530 3181 ab
3561 3129 3669 3181 im-

2081 3220 2315 3274 minente
2357 3217 2618 3286 supplicio
2645 3218 2876 3287 eripiet?
2905 3216 3139 3284 Idcirco,
3172 3217 3397 3272 obsecro
3415 3261 3432 3282 ,
3461 3228 3518 3272 ut
3541 3219 3674 3274 dum

2081 3322 2290 3380 tempus
2311 3310 2589 3377 habemus,
2619 3309 2959 3380 detergamus
2978 3309 3092 3378 ejus
3120 3309 3310 3364 sordes
3335 3309 3496 3378 largis
3521 3311 3674 3364 elec-

2085 3403 2356 3472 mosynis,
2413 3409 2467 3455 et
2514 3399 2619 3454 illis
2667 3409 3003 3469 peccatorum
3045 3409 3349 3455 nostrorum
3403 3401 3675 3455 ﬂammam

2079 3493 2499 3562 exstinguamus.
2545 3489 2727 3561 Ignem
2759 3492 2902 3545 enim
2924 3532 2939 3558 ,
2971 3491 3174 3560 inquit,
3201 3490 3457 3544 ardentem
3483 3494 3678 3544 eratin-

2081 3595 2195 3654 guet
2238 3601 2386 3654 aqua,
2417 3593 2678 3652 peccatum
2702 3597 2818 3636 vero
2847 3583 3174 3652 elecmorynia
3199 3593 3446 3652 purgatur
3478 3581 3673 3652 (Eccli.

2079 3677 2135 3731 3.
2164 3675 2275 3745 33).
2305 3673 2444 3728 Nihil
2473 3673 2617 3729 enim
2649 3687 2868 3742 prorsus
2895 3673 3117 3742 perinde
3156 3687 3252 3726 nos
3296 3672 3532 3726 eximere
3578 3687 3678 3742 po-

2083 3775 2188 3821 test
2235 3782 2263 3819 a
2309 3765 2553 3836 gehenna
2607 3765 2763 3835 ignis.
2813 3774 2973 3833 atque
3028 3764 3243 3834 largitas
3294 3765 3674 3835 cleemosyna-.

2083 3857 2241 3912 Istam
2263 3857 2305 3911 si
2329 3855 2730 3925 priestiterimus
2753 3855 3044 3910 secundum
3075 3856 3219 3925 leges
3246 3869 3278 3908 a
3307 3855 3532 3910 Domino
3562 3865 3675 3909 tra-

2085 3949 2242 4012 ditas,
2267 3963 2458 4015 nempe
2481 3947 2613 4002 nihil
2640 3947 2704 4001 ad
2743 3947 3153 4002 ostentationem
3183 3947 3453 4012 facientes,
3485 3946 3678 4000 sedoh

2086 4058 2322 4098 amorem
2354 4042 2405 4094 in
2436 4041 2601 4094 Deum
2621 4081 2635 4104 ,
2670 4040 2961 4108 poterimus
2991 4049 3044 4094 et
3073 4048 3421 4109 peccatorum
3459 4049 3676 4093 nostro-

2088 4151 2202 4189 rum
2227 4132 2459 4186 maculas
2479 4131 2714 4195 abluere,
2743 4140 2796 4184 et
2821 4129 3053 4184 divinam
3077 4129 3497 4184 misericordiam
3520 4143 3676 4184 esse-

2087 4226 2196 4295 qui,
2225 4224 2389 4295 gratia
2417 4233 2470 4277 et
2498 4222 2924 4276 miserationibus
2965 4221 3221 4291 unigeniti
3243 4221 3365 4274 Filii
3392 4221 3509 4290 ejus
3538 4262 3553 4285 ,
3586 4222 3674 4275 cui

2088 4333 2208 4373 cum
2250 4317 2406 4372 Patre
2436 4323 2490 4372 et
2525 4323 2711 4368 salicto
2753 4312 2953 4382 Spiritu
2981 4313 3052 4367 sit
3093 4313 3283 4382 gloria,
3312 4313 3589 4381 imperium
3619 4322 3679 4368 et

2091 4410 2284 4471 honor.
2329 4423 2468 4464 nunc
2518 4416 2573 4461 et
2624 4421 2857 4477 semper,
2897 4414 2950 4461 et
2992 4405 3044 4460 in
3090 4407 3281 4460 smcula
3332 4406 3675 4460 sa-culmnm.

2089 4500 2278 4555 Amen.
3041 4521 3048 4526 -

2620 4583 2897 4640 ilOMiLlA
2935 4581 3151 4639 XXXII.

2094 4725 2160 4780 Et
2189 4726 2322 4782 tibus
2365 4731 2436 4782 ecl
2477 4720 2728 4778 Dominus
2767 4720 2951 4790 Mrta,
2979 4731 3028 4776 ct
3069 4722 3196 4775 dixit
3238 4722 3282 4776 ei
3311 4738 3329 4775 :
3355 4720 3550 4776 Semini
3591 4731 3681 4772 tuo

2163 4817 2292 4872 dabo
2317 4825 2503 4871 turam
2538 4814 2706 4879 Itane;
2741 4821 2790 4868 et
2823 4815 3070 4872 exstruit
3107 4815 3172 4868 ibi
3211 4815 3372 4867 altare
3412 4812 3629 4870 Domino
3656 4854 3674 4876 ,

2164 4907 2251 4975 qui
2276 4906 2408 4962 risus
2436 4914 2510 4960 est
2535 4904 2584 4961 ei
2607 4901 2758 4973 (Gen.
2791 4904 2877 4962 12.
2907 4905 2984 4974 7).

2167 5040 2218 5092 1.
2261 5035 2363 5090 Cur
2405 5036 2616 5090 noluerit
2660 5034 2798 5089 Deus
2841 5035 3032 5091 claram
3075 5051 3180 5089 esse
3224 5036 3564 5104 Scriptorum.
3607 5068 3679 5080 -—-

2093 5130 2286 5185 Multus
2307 5141 2358 5183 et
2383 5128 2672 5183 immensus
2695 5129 2748 5182 iu
2771 5128 2835 5182 iis
2856 5171 2868 5190 ,
2889 5143 3009 5198 qua!
3033 5129 3188 5196 paulo
3209 5139 3331 5182 ante
3351 5139 3473 5182 sunt
3505 5132 3639 5186 iet-ta
3662 5174 3680 5196 ,

2097 5224 2377 5282 thesaurus
2395 5223 2543 5286 latet,
2560 5221 2908 5283 dilectissimi.
2927 5232 2980 5275 et
3001 5237 3134 5289 opus
3153 5230 3233 5274 est
3253 5223 3453 5275 intenta
3476 5231 3681 5286 tuentis,

2094 5316 2378 5383 sobriaque
2403 5323 2456 5367 et
2481 5314 2713 5383 vigilanti
2745 5313 2969 5378 ratione,
3002 5313 3070 5367 ita
3101 5322 3155 5365 ut
3185 5313 3316 5366 nihil
3339 5328 3527 5366 eorum
3557 5330 3682 5382 qua:

2057 5413 2062 5418 ‘
2096 5407 2146 5460 in
2175 5405 2422 5460 brevibus
2447 5404 2622 5458 verbis
2650 5405 2835 5470 latent,
2862 5417 2959 5457 nos
2982 5413 3279 5472 praetereat.
3306 5402 3436 5456 Nam
3453 5413 3682 5471 propter

2096 5497 2196 5553 hoc
2222 5507 2274 5552 et
2304 5496 2607 5550 misericors
2640 5494 2777 5549 Deus
2806 5511 2910 5548 non
2947 5493 3090 5549 facili
3117 5505 3172 5549 et
3210 5496 3566 5564 periunctoria
3597 5495 3682 5551 le-

2096 5589 2272 5643 ctione
2289 5589 2452 5642 voluit
2480 5586 2632 5641 nobis
2657 5586 2833 5640 omnia
2855 5601 2973 5656 quae
3005 5587 3055 5639 in
3085 5585 3374 5654 Scripturis
3395 5587 3681 5642 conuiuen-

2101 5696 2184 5749 tur
2210 5725 2226 5758 ,
2260 5683 2535 5744 manifesta
2561 5690 2613 5735 et
2645 5679 2918 5760 perspicua
2949 5694 3067 5744 esse
3095 5720 3107 5745 ,
3139 5689 3438 5744 utcxcussa
3456 5695 3671 5736 sunmu-
