4070 6194
543 227 654 283 m

540 341 713 408 μενοι,
748 337 891 390 οὕτω
929 339 1028 408 τήν
1059 337 1118 403 ἐξ
1161 339 1342 394 αὐτῶν
1369 340 1636 410 ὠφέλειαν
1668 341 2104 413 καρπωσώμεθα.

537 420 710 475 Εῑωθε
739 420 846 488 γάρ
873 437 986 482 πως
1017 420 1087 472 τὰ
1117 422 1215 490 μὲν
1247 423 1385 490 μετά
1403 425 1566 477 πόνου
1595 425 1688 477 καὶ
1705 423 1984 494 ζητήσεως
2016 424 2110 476 εὑ-

534 501 830 572 ρισκόμενα
863 502 1062 572 μᾶλλον
1088 504 1469 575 ἐμπήγνυσθαι
1494 506 1649 576 ήμῶν
1675 508 1739 575 τῇ
1777 505 1984 576 διανοίᾳ.
2004 523 2017 536 ·
2043 505 2112 558 τά

531 582 590 634 δέ
617 584 733 653 μετ’
755 583 1024 647 εὐκολίας,
1055 584 1249 639 θᾶττον
1270 587 1608 655 ἀφίπτασθαι
1636 589 1734 658 τῆς
1762 587 1982 659 καρδίας
2013 588 2110 657 τῆς

532 664 825 736 ἡμετέρας.
845 666 935 734 Μὴ
963 667 1141 720 τοίνυν
1163 668 1514 739 ῥᾳθυμῶμεν,
1541 669 1858 739 παρακαλῶ,
1882 668 2014 722 ἀλλά
2030 668 2110 720 δ.-

533 747 836 818 εγείρωμεν
858 749 1014 820 ἡμῶν
1036 751 1126 804 τὸν
1147 751 1424 820 λογισμὸν,
1445 751 1691 823 καὶπρὸς
1711 753 1770 804 τὸ
1795 752 1956 822 βάθος
1979 751 2111 802 αὐτὸ

532 830 641 882 τῶν
672 831 1072 900 γεγραμμένων
1095 833 1395 904 ὁλοσχερῶς
1419 834 1891 904 κατοπτεύσωμεν,
1916 833 2003 886 ἴνα
2021 833 2110 885 δυο

534 912 786 982 νηθῶμεν
810 931 869 966 κε
879 914 1161 984 ρδάναντές
1179 932 1233 968 τι
1256 915 1417 968 πλέον
1445 916 1711 980 ἐντεῦθεν,
1731 917 1900 980 οὕτως
1928 915 2108 969 οἶκαδε

536 995 871 1049 ἐπανελθεῖν.
901 997 1009 1049 Καὶ
1033 997 1140 1068 7&9
1170 999 1476 1069 πανήγυρις
1498 1000 1612 1051 ἐστι
1645 999 1985 1070 πνευματικὴ
2016 997 2108 1050 τοῦ

535 1078 672 1132 Θεοῦ
713 1082 746 1150 ἡ
782 1080 1062 1150 ἐκκλησία.
1097 1080 1190 1133 καὶ
1235 1082 1466 1152 ἰατρεῖόν
1503 1083 1618 1136 ἐστι
1646 1083 1852 1152 ψυχῶν,
1886 1082 1980 1135 καὶ
2009 1082 2108 1145 δεῖ,

536 1162 786 1231 καθάπερ
819 1165 898 1224 εἰς
929 1163 1233 1233 πανήγυριν
1266 1165 1765 1235 παραγενομένους,
1789 1165 1990 1235 πολλὴν
2010 1163 2110 1235 τὴν

537 1243 798 1314 εὐπορίαν
818 1244 1067 1297 ἐντεῦθεν
1090 1245 1468 1310 συλλέξαντας,
1490 1247 1662 1312 οὕτως
1690 1247 1991 1309 ἐπανιέναι,
2015 1246 2111 1299 καὶ

535 1327 786 1396 καθάπερ
813 1328 896 1391 εἰς
924 1328 1158 1395 ἰατρεῖον
1185 1330 1557 1393 ἀπαντῶντας,
1579 1330 1648 1382 τὰ
1675 1330 1982 1400 κατάλληλα
1999 1331 2110 1392 τοῖς

534 1409 916 1478 ὑποκειμένοις
951 1409 1145 1462 πάθεσι
1184 1411 1452 1482 φάρμακα
1485 1412 1746 1477 λαϐόντας
1785 1414 2006 1478 ἐξιέναι.
2032 1411 2107 1464 Οὑ

536 1490 645 1560 7&9
680 1491 767 1544 διὰ
811 1491 969 1544 τοῦτο
1010 1493 1132 1546 καθ’
1169 1495 1406 1564 ἐκάστην
1452 1494 1664 1565 ἡμέραν
1701 1493 2108 1566 συνεδρεύομεν,

538 1574 625 1625 ἵνα
643 1573 748 1635 τὰς
771 1575 908 1644 πρὸς
929 1574 1189 1646 ἀλλήλους
1217 1578 1502 1648 συντυχίας
1525 1578 1708 1642 άπλῶς
1729 1577 2107 1649 ποιησάμενοι,

535 1655 708 1718 οὕτως
739 1656 976 1719 ἅπαντες
999 1657 1341 1729 διαλυθῶμεν
1363 1677 1376 1689 ο
1405 1661 1518 1713 ἀλλ’
1546 1662 1634 1714 ἵνα
1669 1661 1898 1713 ἕκαστόν
1925 1677 1978 1712 τι
2001 1657 2110 1710 τῶν

535 1739 823 1809 χρησίμων
869 1740 1078 1809 μαθὼν,
1114 1744 1208 1794 καὶ
1249 1744 1386 1812 πρὸς
1421 1744 1481 1796 rb
1518 1744 1768 1813 ἐνοχλοῦν
1812 1744 1981 1805 πάθος
2012 1743 2109 1811 τὴν

538 1823 779 1893 ἰατρείαν
807 1823 1118 1893 δεξάμενος,
1148 1824 1319 1889 οὕτως
1350 1827 1594 1880 ἐντεῦθεν
1615 1829 1962 1898 ἀναχωρήσῃ.
1986 1825 2110 1888 Πῶς

537 1904 646 1974 7&9
668 1905 767 1957 οὑκ
802 1906 868 1958 ἂν
903 1904 988 1975 εἴη
1031 1907 1139 1958 τῶν
1171 1907 1556 1973 ἀτοπωτάτων,
1583 1908 1654 1960 τά
1686 1909 1780 1978 μὲν
1809 1907 1997 1960 παιδία
2043 1907 2110 1960 τὰ

532 1986 777 2056 ἡμέτερα
795 1990 873 2049 εἰς
889 1987 1254 2042 διδασκαλεῖον
1270 1989 1714 2054 ἀποστέλλοντας,
1742 1990 1860 2043 καθ’
1875 1990 2110 2057 ἑκάστην

538 2069 750 2139 ἡμέραν
776 2070 1026 2123 ἀπαιτεῖν
1048 2073 1176 2141 παρ’
1198 2072 1379 2126 αὑτῶν
1403 2073 1714 2144 προσθήκην
1740 2073 1860 2126 τινὰ
1879 2071 1986 2124 τῶν
2008 2089 2110 2140 μα-

533 2150 602 2220 θη
609 2151 815 2218 μάτων,
833 2153 925 2204 καὶ
941 2153 1038 2205 οὑκ
1062 2154 1127 2207 ἄν
1144 2171 1271 2206 ποτε
1288 2155 1658 2225 ἀνασχοίμεθα
1679 2155 1862 2216 ἁπλῶς
1879 2155 1970 2207 καὶ
1984 2155 2104 2224 είκῆ

533 2232 706 2286 ταῦτα
752 2232 987 2301 βαδίζειν
1023 2238 1223 2302 ἐκεῖσε,
1247 2240 1295 2290 εἰ
1329 2237 1405 2308 μή
1437 2238 1631 2308 ἴδωμεν
1660 2236 2016 2307 καρπούμενά
2055 2252 2108 2287 τι

531 2316 695 2369 πλέον
715 2334 728 2348 ο
747 2319 780 2387 ἡ
788 2319 892 2388 μᾶς
904 2317 962 2370 δέ
977 2318 1102 2382 τοὺς
1121 2321 1200 2381 εἰς
1223 2319 1417 2390 μέτρον
1432 2319 1644 2390 ἡλικίας
1667 2321 1995 2390 φθάσαντας,
2017 2318 2108 2370 καὶ

531 2419 555 2452 ε
565 2402 611 2463 ἰς
621 2401 684 2453 rb
694 2403 1062 2472 πνευματικὸν
1073 2403 1226 2456 τοῦτο
1237 2402 1600 2456 διδασκαλεῖον
1613 2401 2051 2474 παραγενομένου
2059 2419 2104 2466 ς,

534 2486 610 2558 μὴ
625 2485 723 2555 τήν
747 2486 867 2555 ἰσην
884 2487 1113 2550 ἐκείνοις
1134 2487 1369 2558 σπουδὴν
1384 2488 1807 2549 ἐπιδείκνυσθαι,
1821 2488 1916 2539 καὶ
1933 2484 2106 2538 ταῦτα

531 2571 660 2623 ἔνθα
684 2573 763 2630 εἰς
785 2569 882 2640 τὴν
901 2571 1002 2639 τῆς
1019 2571 1196 2639 ψυχῆς
1222 2572 1494 2641 σωτηρίαν
1513 2570 1574 2623 τὸ
1602 2571 1789 2640 κέρδος
1811 2570 2104 2636 διαϐαίνεις

535 2653 802 2718 Ἕκαστος
816 2653 992 2706 τοίνυν
1008 2653 1183 2723 ἡμῶν,
1197 2653 1520 2724 παρακαλῶ,
1537 2653 1723 2706 ἐαυτὸν
1741 2652 1858 2706 καθ’
1871 2652 2105 2721 ἑκάστην

531 2736 744 2806 ἡμέραν
765 2737 1148 2808 διερευνάσθω,
1165 2735 1216 2788 τί
1241 2736 1339 2803 μὲν
1363 2738 1428 2788 ἐκ
1448 2735 1545 2804 τῆς
1571 2735 1833 2806 ἡμερινῆς
1853 2733 2105 2804 ἐκέρδανε

528 2817 836 2883 διαλέξεως,
867 2819 917 2872 τί
939 2819 995 2871 δέ
1016 2820 1081 2871 ἐκ
1103 2821 1200 2888 τῆς
1227 2818 1505 2888 ἐπιούσης,
1535 2817 1621 2870 ἵνα
1646 2819 1719 2888 μὴ
1749 2816 1986 2886 δόξωμεν
2015 2816 2108 2868 καὶ

531 2902 693 2969 ἡμεῖς
720 2901 842 2969 εἰκῆ
867 2901 961 2953 καὶ
991 2899 1178 2963 ἁπλῶς
1207 2899 1439 2952 ἐνταῦθα
1469 2899 1883 2972 παραγίνεσθαι.
1906 2898 2027 2949 Ὅτι
2051 2897 2107 2948 δὲ

529 2981 690 3034 τοῦτο
714 2983 862 3052 ἡμᾶς
897 2981 996 3050 μὲν
1022 2983 1202 3051 πάσης
1238 2981 1415 3043 αἰτίας
1452 2982 1644 3051 ἀφίησι
1673 2985 1692 3050 (
1717 2980 1784 3032 τά
1810 2981 1919 3050 γὰρ
1953 2977 2104 3050 [317]

533 3063 654 3116 καθ’
691 3064 917 3126 ἑαυτοὺς
962 3063 1176 3117 ἅπαντα
1203 3065 1547 3135 εἰσφέρομεν,
1579 3064 1674 3117 καὶ
1699 3063 1846 3116 οὐδὲν
1884 3062 1993 3115 τῶν
2026 3065 2106 3126 εἰς

531 3146 760 3216 δύναμιν
782 3145 1277 3218 παραλιμπάνομεν
1299 3149 1340 3214 ),
1375 3150 1485 3208 τοῖς
1505 3145 1562 3198 δέ
1591 3143 1981 3212 ἀγανακτοῦσι,
2014 3147 2107 3200 καὶ

536 3230 673 3298 μετά
705 3228 989 3299 ἀκρισείας
1043 3228 1118 3298 μὴ
1165 3230 1514 3300 προσέχουσι,
1555 3229 1649 3279 καὶ
1677 3228 2016 3298 καρποῦσθαί
2054 3246 2107 3281 τι

532 3312 696 3366 πλέον
744 3313 819 3383 μὴ
862 3311 1202 3382 βουλομένοις
1234 3312 1480 3380 μείζονος
1523 3311 1693 3364 αἴτιον
1733 3311 2108 3381 κατακρίσεως

531 3398 760 3466 γίνεται,
787 3397 1014 3450 ἄκουσον
1051 3395 1144 3448 τοῦ
1183 3395 1420 3465 Χριστοῦ
1444 3395 1691 3462 λέγοντος
1725 3395 1861 3466 πρὸς
1891 3395 1990 3466 μὲν
2015 3397 2108 3450 τὸν

532 3477 929 3549 καταχώσαντα
951 3479 1011 3530 τὸ
1027 3478 1284 3530 τάλαντον
1307 3499 1316 3508 ·
1339 3477 1572 3545 Πονηρὲ
1590 3477 1795 3544 δοῦλε,
1807 3477 1928 3533 ἔδει
1947 3493 2022 3532 σε
2041 3477 2107 3531 τὸ

529 3562 814 3630 ἀργύριόν
826 3577 946 3628 μου
968 3560 1327 3614 καταϐαλεῖν
1345 3559 1443 3612 ἐπὶ
1465 3559 1607 3627 τοὺς
1626 3559 1989 3628 τραπεζίτας,
2008 3559 2108 3613 καὶ

529 3643 645 3714 ἐγὼ
663 3643 740 3697 ἂν
759 3642 952 3709 ἐλθὼν
975 3642 1260 3710 ἀπῄτησα
1279 3643 1424 3696 αὐτὸ
1453 3647 1604 3712 μετὰ
1639 3647 1850 3698 τόκου·
1882 3645 2012 3714 περὶ
2048 3643 2106 3695 δέ

530 3727 642 3779 τῶν
684 3725 971 3778 Ἰουδαίων
1005 3726 1073 3777 Εἰ
1098 3724 1184 3792 μὴ
1219 3721 1410 3794 ἦλθον
1436 3725 1533 3777 καὶ
1574 3725 1847 3792 ἐλάλησα
1878 3725 2104 3792 αὐτοῖς,

531 3808 825 3876 ἁμαρτίαν
839 3808 951 3875 οὺχ
967 3803 1152 3874 εἶχον·
1175 3807 1290 3859 νῦν
1308 3806 1376 3858 δὲ
1391 3807 1816 3875 πρόφασινοὺκ
1833 3807 2103 3875 ἔχουσιν.

533 3890 695 3943 Ἀλλά
710 3889 803 3942 νῦν
825 3891 982 3959 ἡμεῖς
1003 3891 1064 3942 ού
1081 3889 1235 3942 τοῦτο
1259 3890 1588 3957 σκοποῦμεν,
1606 3890 1653 3940 εἰ
1669 3889 1773 3952 ἐξω
1790 3891 1898 3941 τῶν
1918 3890 2108 3962 ἐγκλη-

535 3975 721 4046 μάτων
745 3973 1082 4044 ἐσμέν,ἀλλὰ
1099 3974 1195 4043 τὴν
1220 3973 1490 4042 ὑμετέραν
1512 3971 1884 4043 ἐπιθυμοῦμεν
1911 3992 2107 4045 προκο-

533 4057 662 4128 πὴν,
693 4058 786 4110 καὶ
818 4055 1326 4126 ἀκρωτηριάζεσθαι
1346 4057 1479 4125 ήμῖν
1503 4055 1782 4125 ἡγούμεθα
1797 4057 1867 4110 τά
1889 4059 1988 4128 τῆς
2016 4061 2107 4112 εὑ-

531 4140 826 4213 φροσύνης,
863 4139 966 4192 κᾶν
992 4137 1247 4208 μυριάκις
1267 4137 1422 4190 αὐτοὶ
1451 4131 1602 4206 ὦμεν
1624 4139 1927 4206 ἀνεύθυνοι,
1954 4143 2003 4193 εἰ
2030 4143 2106 4215 μὴ

533 4226 626 4281 καὶ
646 4225 804 4294 ὑμεῖς
822 4221 978 4285 ἀξίαν
998 4221 1105 4273 τῶν
1127 4220 1305 4272 πόνων
1321 4221 1431 4273 τῶν
1447 4221 1730 4290 ἡμετέρων
1745 4225 1843 4294 τὴν
1872 4225 2106 4294 σπουδὴν

531 4304 894 4374 ἐπιδείξησθε.
913 4302 1062 4371 Αῦτη
1080 4302 1188 4371 7&9
1211 4302 1367 4372 ἡμῶν
1389 4303 1489 4372 τῆς
1505 4304 1842 4375 εὐφροσύνης
1863 4309 1896 4376 ἡ
1920 4307 2106 4360 ὑπόθε-

533 4405 638 4450 σις,
665 4387 726 4438 τὸ
751 4386 885 4454 ὁρᾷν
916 4383 1069 4453 ὑμῶν
1093 4384 1192 4452 τὴν
1212 4387 1270 4437 ἐν
1292 4387 1404 4448 τοῖς
1431 4389 1817 4456 πνευματικοῖς
1847 4389 2104 4444 ἐπίδοσιν.

530 4468 642 4522 Καὶ
663 4463 778 4519 οῐδα
801 4465 902 4534 μὲν
923 4465 1006 4517 ὃτι
1033 4464 1121 4518 διὰ
1146 4465 1244 4536 τήν
1265 4465 1358 4518 τοῦ
1379 4465 1511 4520 Θεοῦ
1543 4468 1702 4538 χάριν
1733 4470 1996 4534 συνέσεως
2017 4489 2107 4525 πε-

531 4549 881 4621 πληρωμένοι
926 4546 1096 4613 ὄντες,
1125 4548 1419 4620 δυνήσεσθε
1451 4551 1545 4603 καὶ
1579 4549 1769 4613 ἀλλους
1795 4551 2065 4607 νουθετεῖν
2084 4569 2099 4584 ⁸

530 4633 669 4686 ἀλλά
704 4632 847 4685 κατά
883 4631 975 4684 τὸν
1011 4632 1282 4704 μακάριον
1329 4633 1569 4700 Παῦλον,
1601 4637 2104 4708 ἐπαναμιμνήσκων

529 4717 695 4786 ὑμᾶς,
723 4715 819 4768 καὶ
843 4715 1123 4786 διεγείρων
1152 4715 1306 4785 ὑμῶν
1331 4717 1422 4769 τὸν
1453 4717 1614 4786 ζῆλον
1655 4720 1744 4772 καὶ
1770 4720 1868 4789 τὴν
1898 4722 2103 4791 προθυ-

530 4800 680 4870 μίαν,
720 4798 892 4852 ταῦτα
923 4799 1156 4869 συνεχῶς
1184 4801 1450 4870 παραινῶ,
1492 4802 1810 4872 βουλόμενος
1842 4804 1984 4872 ὑμᾶς
2009 4823 2102 4858 τε-

526 4884 700 4946 λείους
730 4883 823 4935 καὶ
848 4883 1286 4952 ἀπηρτισμένους
1328 4884 1582 4951 γενέσθαι
1639 4885 1715 4937 Οὑ
1761 4887 1954 4956 μικρὸν
1993 4888 2101 4958 γὰρ

527 4966 621 5018 καὶ
649 4965 806 5016 τοῦτο
826 4963 958 5015 αὐτὸ
983 4964 1180 5033 δεῖγμα
1201 4965 1461 5035 ποιοῦμαι
1487 4967 1586 5035 τῆς
1617 4965 1760 5018 κατά
1792 4968 1922 5019 Θεὸν
1949 4968 2100 5038 ὑμῶν

525 5048 829 5118 προκοπῆς,
853 5045 914 5097 τὸ
957 5045 1096 5114 μετά
1145 5046 1415 5117 τοσαύτης
1449 5048 1754 5119 προθυμίας
1804 5051 1925 5102 καθ’
1967 5053 2097 5106 ἐκά-

525 5148 656 5199 στην
685 5129 896 5200 ἡμέραν
925 5127 1159 5183 ἐνταῦθα
1188 5131 1602 5200 παραγίνεσθαι,
1658 5134 1750 5185 καὶ
1789 5134 2097 5204 ἀκορέστως

523 5213 666 5282 ἔχειν
694 5213 822 5280 περὶ
843 5211 940 5280 τὴν
967 5215 1341 5282 πνευματικὴν
1370 5214 1740 5271 διδασκαλίαν.
1763 5218 1971 5288 Ὠσπερ
1988 5220 2095 5288 7&9

522 5298 555 5366 ή
588 5297 714 5367 περὶ
746 5295 842 5364 τὴν
863 5297 1178 5366 σωματικὴν
1218 5298 1423 5368 τροφὴν
1460 5299 1637 5368 ὄρεξις
1673 5300 1880 5368 ὑγιείας
1913 5304 1978 5355 ἂν
2008 5307 2093 5374 εἴη

523 5377 788 5447 μεγίστης
822 5377 1272 5446 σημεῖονοοῦτως
1323 5381 1354 5449 ἡ
1399 5382 1526 5450 περὶ
1571 5381 1671 5451 τὴν
1719 5386 2093 5457 πνευματικὴν

517 5458 868 5513 διδασκαλίαν
893 5460 1157 5528 ἐπιθυμία
1175 5460 1275 5529 τῆς
1298 5461 1438 5515 κατά
1457 5459 1630 5533 ψυχήν
1658 5466 1865 5534 ὑγιείας
1887 5471 2093 5539 τεκμή-

524 5558 638 5611 ιιον
672 5539 738 5594 ἀν
768 5539 854 5608 εἴη
877 5541 1287 5610 ἐναργέστατον.
1324 5543 1423 5597 Διά
1451 5562 1535 5598 τοι
1564 5545 1718 5598 τοῦτο
1751 5549 1904 5615 κάγὼ
1935 5549 2089 5614 εἰδὼς

523 5623 674 5688 ὑμῶν
702 5623 793 5674 τὸν
817 5622 997 5686 πόθον,
1027 5625 1119 5676 καὶ
1151 5625 1231 5677 ὅτι
1256 5625 1356 5679 κᾶν
1390 5629 1648 5700 μυριάκις
1670 5632 1976 5699 παρατείνω
1990 5634 2088 5703 τὴν

519 5705 885 5768 διδασκαλίαν,
919 5706 1039 5760 ούδέ
1065 5707 1234 5774 οῦτως
1258 5711 1529 5784 ἐμπλῆσαι
1560 5713 1712 5786 ὑμῶν
1739 5714 1970 5786 δύναμαι
1991 5717 2086 5786 τὴν

1259 228 1318 284 8.
1356 227 1644 286 JOANNIS
1679 230 2166 288 CHRYSOSTOIII
2207 228 2520 286 ARCIIIEP.
2560 227 3106 285 CONSTANTINOP.

3686 227 3799 283 ενι

2213 339 2522 409 ἐπιθυμίαν,
2554 339 2647 393 καὶ
2673 340 2832 410 κόρον
2877 340 3172 410 ἐμποιῆσαι
3208 337 3305 407 τῆς
3342 335 3543 406 τροφῆς
3591 339 3797 409 ταύτης

2209 423 2308 490 τῆς
2346 423 2743 492 πνευματικῆς,
2790 423 2849 475 ού
2905 423 3185 491 παύσομαι
3236 421 3377 472 κατά
3420 419 3651 489 δύναμιν
3693 422 3796 490 τὴν

2212 505 2370 574 ἐμὴν,
2407 505 2548 572 ἆπερ
2577 505 2640 557 ἃν
2678 505 2710 574 ή
2742 504 2834 556 τοῦ
2867 503 3001 556 Θεοῦ
3046 504 3203 574 χάρις
3242 502 3476 573 παρέχῃ,
3523 503 3607 565 εἰς
3641 503 3795 571 ὠφέ-

2211 587 2359 639 λειαν
2375 587 2646 658 ὑμετέραν
2679 585 2851 639 ταῦτα
2877 587 2963 654 ἐφ’
2999 586 3236 654 ἑκάστης
3266 585 3394 654 ὑμῖν
3439 585 3794 655 παρατιθεὶς,

2212 668 2308 720 καὶ
2332 669 2400 720 τά
2430 668 2536 720 ἀπὸ
2564 668 2671 721 τῶν
2701 667 2859 722 θείων
2886 667 3117 739 Γραφῶν
3141 667 3444 736 διδάγματα
3477 667 3799 719 ἐναποτιθέ-

2215 768 2374 820 μενος
2393 753 2514 815 ταῖς
2530 751 2821 822 ὑμετέραις
2841 751 3120 814 διανοίαις.

2285 831 2350 901 β’.
2367 833 2502 904 Φέρε
2520 828 2612 886 οὖν
2629 835 2722 886 καί⁵
2743 835 2808 903 σή
2817 851 2883 903 με
2890 851 2984 904 ρον
3003 834 3094 886 τὸν
3111 830 3301 900 φιλάνθ
3312 848 3488 901 ρωπον
3510 831 3800 900 Δεσπότην

2213 915 2692 984 παρακαλέσαντες
2730 914 2993 985 όδηγῆσαι
3018 914 3177 985 ἡμῶν
3222 913 3320 984 τήν
3364 913 3614 981 γλῶσσαν
3652 914 3799 983 πρὸς

2211 996 2310 1067 τὴν
2337 996 2446 1049 τῶν
2474 997 2821 1068 ζητουμένων
2842 997 3080 1067 εὕρεσιν,
3106 998 3203 1067 τὴν
3226 997 3427 1066 συνήθη
3452 996 3800 1066 πειραθῶμεν

2214 1078 2341 1147 ὑμῖν
2367 1078 2736 1140 διδασκαλίαν,
2782 1078 2922 1132 αὑτά
2956 1079 3217 1150 πρότερον
3247 1078 3314 1130 τά
3368 1078 3799 1144 ἀναγνωσθέντα

2212 1159 2506 1232 προθέντες
2526 1163 2616 1214 ἐπὶ
2627 1161 2725 1230 τῆς
2744 1161 3016 1232 ὑμετέρας
3030 1162 3270 1230 ἀγάπης.
3290 1158 3400 1213 Καὶ
3416 1159 3608 1228 ὤφθη,
3631 1161 3796 1228 φησί,

2211 1243 2424 1310 Κύριος
2440 1247 2472 1297 ό
2492 1233 2635 1308 Θεὸξ
2646 1243 2726 1308 τῷ
2743 1245 2810 1298 Ἀ
2819 1246 2989 1312 ὄραμ,
3003 1243 3103 1297 καί
3118 1239 3286 1296 εἶπεν
3310 1240 3489 1305 αὐτῷ.
3515 1241 3590 1292 Οὑ
3607 1241 3799 1304 καλῶς

2211 1324 2394 1392 ἔλεγον
2422 1324 2481 1389 ἐξ
2507 1326 2706 1397 ἀρχῆς,
2734 1326 2816 1379 ὅτι
2861 1326 3026 1388 πολὺς
3059 1326 3086 1377 6
3123 1324 3395 1395 θησαυρὸς
3437 1323 3799 1376 ἐναπόκειται

2210 1409 2322 1469 τοῖς
2343 1406 2566 1477 βραχέσι
2594 1407 2802 1471 τούτοις
2834 1408 3102 1477 ρήμασινς
3137 1406 3267 1459 Ἰδοὺ
3297 1406 3407 1476 γὰρ
3421 1404 3627 1466 εὐθέως
3640 1404 3800 1468 ξένον

2212 1489 2304 1542 καὶ
2325 1488 2508 1542 καινὸν
2540 1489 2600 1542 τὸ
2633 1488 2914 1560 προοίμιον
2947 1488 3056 1542 τῶν
3079 1489 3411 1560 εἰρημένων·
3455 1487 3566 1540 Καὶ
3597 1488 3798 1555 ὤφθη,

2211 1572 2364 1641 φησὶ,
2393 1573 2606 1639 Κύριος
2635 1575 2667 1625 ό
2692 1571 2833 1637 Θεὸς
2866 1570 2946 1636 τῷ
2996 1573 3230 1640 Ἂὸραμ.
3270 1571 3492 1641 Πρῶτον
3510 1571 3668 1623 τοῦτο
3699 1571 3798 1623 εὑ-

2214 1655 2470 1724 ρίσκομεν
2499 1655 2557 1707 ἐν
2585 1657 2650 1726 τῇ
2683 1655 2870 1726 Γραφῇ
2897 1655 2991 1708 νῦν
3017 1655 3078 1708 rb
3109 1655 3291 1726 ῥηθὲν,
3319 1656 3401 1708 ὅτι
3429 1656 3637 1722 Ὠφθπ
3656 1652 3801 1706 οὔτε

2211 1735 2318 1805 γάρ
2343 1737 2434 1787 ἐπὶ
2454 1735 2544 1788 τοῦ
2583 1736 2772 1806 Ἀδὰμ,
2801 1736 2922 1790 οὒτε
2952 1739 3047 1790 ἐπὶ
3077 1736 3171 1790 τοῦ
3195 1738 3382 1802 Ἅϐελ,
3405 1736 3528 1789 οὔτε
3561 1737 3656 1790 ἐπὶ
3697 1738 3800 1788 τοῦ

2210 1817 2356 1882 Νῶε,
2388 1817 2510 1871 οὕτε
2533 1819 2619 1871 ἐπ’
2647 1818 2808 1872 ἄλλου
2842 1821 2987 1884 τινὸς
3017 1820 3190 1892 ταύτῃ
3226 1822 3497 1892 ἐχρήσατο
3535 1823 3601 1890 τῇ
3645 1820 3801 1885 λέξει

2209 1901 2244 1969 ἡ
2276 1901 2396 1953 θεία
2426 1901 2638 1973 Γραφή.
2665 1902 2730 1954 Τί
2761 1898 2853 1956 οὖν
2881 1903 2998 1956 ἐστι
3025 1903 3084 1957 τὸ
3114 1904 3423 1974 εἰρημένον,
3453 1904 3560 1956 Καὶ
3595 1903 3802 1971 ὤφθη,

2211 1984 2377 2052 φησί,
2411 1986 2522 2038 Καὶ
2552 1985 2667 2046 πῶς
2697 1985 2924 2055 ἑτέρωθι
2969 1986 3138 2054 λέγει,
3188 1986 3399 2052 Οὐδεὶς
3444 1986 3655 2052 ὄψεται
3685 1987 3804 2038 τὸν

2211 2066 2378 2128 Θεὸν,
2395 2068 2492 2120 καί
2509 2067 2744 2134 ζήσεται
2762 2084 2782 2132 ;
2804 2069 2868 2120 Τί
2883 2064 2978 2121 οὖν
2991 2069 3056 2122 ἂν
3070 2069 3318 2140 εἴποιμεν
3334 2068 3429 2121 νῦν
3447 2069 3546 2137 τῆς
3565 2069 3606 2119 Γ
3613 2067 3801 2138 ραφῆς

2208 2147 2491 2218 λεγούσης,
2507 2151 2587 2202 ὅτι
2603 2153 2791 2219 Ὠφθη
2811 2168 2829 2215 ;
2852 2151 2974 2216 Πῶς
2999 2149 3152 2223 ὤφθη
3174 2152 3252 2221 τῷ
3271 2151 3466 2220 δικαίῳ
3486 2167 3500 2214 ;
3521 2147 3672 2219 Ἃρα
3697 2151 3804 2202 αύ-

2207 2233 2306 2303 τὴν
2332 2233 2430 2304 τὴν
2462 2235 2649 2288 οὐσίαν
2679 2231 2853 2300 εἷδεν;
2890 2237 3057 2306 Οὐχί·
3112 2237 3187 2307 μή
3225 2237 3453 2305 γένοιτο.
3500 2235 3665 2287 Ἀλλὰ
3703 2237 3802 2298 τίς

2208 2315 2394 2380 Οὕτως
2422 2317 2598 2388 ὤφθη,
2637 2319 2711 2382 ὠς
2743 2319 2904 2383 αὐτὸς
2962 2315 3070 2372 οἶδε
3123 2321 3303 2389 μόνος,
3358 2321 3451 2371 καὶ
3483 2318 3557 2381 ὡς
3594 2318 3804 2387 ἐκείνῳ

2208 2400 2359 2472 [518]
2384 2402 2606 2455 δυνατὸν
2628 2399 2696 2473 ἦν
2731 2403 2875 2456 ἰδεῖν.
2900 2403 3223 2473 Εύμήχανος
3241 2401 3349 2474 γὰρ
3374 2401 3448 2455 ὣν
3469 2403 3499 2453 6
3516 2400 3680 2468 σοφὸς
3698 2402 3802 2453 καὶ

2209 2483 2585 2554 φιλάνθρωπος
2634 2485 2791 2554 ἡμῶν
2835 2487 3111 2558 Δεσπότης
3133 2527 3148 2551 ,
3199 2488 3292 2539 καὶ
3341 2485 3803 2554 συγκαταϐαίνων

2206 2568 2271 2635 τῇ
2299 2566 2614 2639 ἀνθρωπίνῃ
2645 2567 2825 2635 φύσει,
2872 2571 2983 2632 τοῖς
3014 2568 3180 2632 ἀξίως
3225 2567 3798 2639 προπαρεσκευασμέ-

2208 2665 2318 2711 νοις
2351 2649 2543 2702 ἐαυτὸν
2585 2650 2895 2720 ἐμφανίζει.
2937 2651 3048 2703 Καὶ
3083 2651 3238 2704 τοῦτο
3276 2650 3516 2703 δείκνυσι
3567 2649 3663 2701 διὰ
3696 2649 3800 2701 τοῦ

2208 2734 2486 2802 προφήτου
2502 2772 2518 2796 ,
2544 2732 2717 2801 λέγων
2733 2775 2746 2797 ,
2799 2732 2944 2802 Ἐγὼ
2962 2732 3205 2801 ὁράσεις
3224 2731 3558 2798 ἐπλήθυε-α,
3600 2733 3702 2784 καὶ
3727 2733 3802 2784 ἐν

2207 2820 2381 2886 χερσί
2409 2819 2731 2888 προφητῶν
2747 2820 3070 2889 ώμοιώθην.
3107 2821 3256 2872 Ἐπεὶ
3278 2820 3372 2872 καὶ
3405 2819 3632 2880 Ὶισαῖας
3652 2814 3800 2870 εἶδεν

2208 2902 2368 2953 αὑτὸν
2403 2901 2740 2972 καθήμενον·
2774 2902 2930 2955 τοῦτο
2964 2902 3020 2955 δέ
3053 2903 3268 2969 ἀνάξιον
3292 2901 3460 2954 Θεοῦ·
3503 2901 3637 2962 Θεὸς
3679 2901 3801 2970 γάρ

2206 2983 2267 3034 οὐ
2297 2982 2531 3053 κάθηται
2561 2999 2576 3014 ·
2613 2984 2729 3046 πῶς
2757 2984 2866 3054 γάρ
2900 2985 2932 3053 ή
2961 2982 3248 3055 ἀσώματος
3278 2984 3460 3053 ἐκείνη
3487 2984 3579 3035 καὶ
3595 2981 3799 3034 ἀνώλε-
3893 3035 3896 3038 .

2209 3062 2335 3132 θρος
2365 3064 2559 3132 φύσις;
2588 3067 2680 3118 καὶ
2707 3067 2736 3117 6
2762 3065 2957 3136 Δανιὴλ
2994 3066 3155 3119 πάλιν
3187 3061 3324 3119 εἶδεν
3354 3067 3538 3129 αὑτὸν,
3571 3066 3651 3127 ὡς
3681 3083 3796 3117 πα-

2206 3151 2355 3204 λαιὸν
2374 3152 2598 3223 ἡμερῶν
2619 3170 2631 3182 ·
2653 3155 2747 3206 καὶ
2764 3156 2792 3207 6
2809 3153 3084 3224 Ζαχαρίας
3103 3154 3304 3225 ἑτέρως
3322 3153 3484 3207 αὑτὸν
3505 3153 3793 3216 ἐθεάσατο,

2207 3235 2301 3287 καὶ
2341 3234 2598 3306 Ίεζεκιὴλ
2652 3237 2812 3291 πάλιν
2855 3239 3049 3301 ἄλλως.
3090 3237 3189 3290 Διά
3240 3237 3402 3289 τοῦτο
3444 3232 3540 3289 οὖν
3580 3236 3794 3303 ἔλεγεν,

2205 3317 2356 3387 Ἐγὼ
2383 3318 2625 3386 ὁράσεις
2643 3320 2980 3388 ἐπλήθυνα,
3002 3319 3121 3373 ιῖιντ)⁸
3139 3319 3254 3383 τοῦ,
3278 3320 3323 3372 Π
3329 3320 3421 3387 ρος
3440 3319 3538 3388 τήν
3557 3319 3797 3371 ἑκάστου

2205 3401 2365 3466 ἀξίαν
2393 3401 2564 3464 οὑτως
2590 3399 2795 3472 ὣφθην.
2846 3404 2955 3456 Καὶ
2999 3402 3093 3456 νῦν
3138 3398 3260 3466 οὖν,
3299 3402 3489 3473 ἐπειδὴ
3523 3401 3794 3471 ἀνέστησε

2206 3486 2298 3539 τὸν
2324 3485 2528 3538 δίκαιον
2554 3485 2783 3552 οἴκοθεν,
2812 3487 2906 3538 καὶ
2927 3486 3255 3557 προσέταξεν
3276 3487 3354 3550 εἰς
3381 3487 3481 3557 τὴν
3501 3486 3793 3555 ἀλλοτρίαν

2206 3569 2402 3633 ἐλθεῖν,
2437 3569 2880 3640 παραγενόμενος
2913 3569 2991 3633 δὲ,
3016 3569 3261 3639 καθάπερ
3279 3570 3484 3639 ἀλήτης
3505 3569 3595 3622 καὶ
3617 3569 3788 3633 ξένος,

2205 3651 2348 3704 οῦτω
2383 3651 2636 3722 περιῄει,
2679 3651 2790 3704 τῶν
2842 3653 3161 3704 Χαναναίων
3219 3651 3298 3704 ἐτι
3343 3651 3788 3712 κατοικούντων,

2207 3733 2479 3802 ἐπιζητῶν
2498 3735 2630 3786 ὃπου
2654 3734 2751 3805 τήν
2773 3735 3086 3805 κατοίκησιν
3101 3734 3263 3787 αὑτὸν
3274 3735 3605 3804 ποιήσασθαι
3621 3751 3791 3804 προσ-

2207 3815 2372 3884 ῆκενο
2409 3816 2438 3867 6
2487 3817 2691 3884 ἀγαθὸς
2748 3817 3024 3888 Δεσπότης
3068 3817 3566 3887 παραμυθήσασθαι
3622 3817 3790 3870 αὑτὸν

2208 3896 2552 3967 βουλόμενος,
2617 3900 2711 3951 καὶ
2757 3898 3027 3970 νευρῶσαι
3081 3899 3245 3951 αὑτοῦ
3299 3899 3397 3968 τὴν
3435 3899 3784 3968 προθυμίαν,

2203 3980 2342 4032 ὥστε
2371 3981 2447 4052 μὴ
2471 3982 2760 4051 ναρκῆσαι,
2791 3982 2924 4053 μηδὲ
2958 3983 3228 4037 ἐνδοιάσαι
3248 3985 3383 4053 πρὸς
3410 3983 3510 4053 τὴν
3540 3985 3785 4051 ἐπαγγε-

2205 4062 2324 4117 λίαν
2365 4063 2463 4134 τῆν
2502 4065 2602 4135 ήδη
2647 4066 3020 4135 γεγενημένην
3059 4066 3196 4136 πρὸς
3239 4064 3431 4128 αὑτὸν,
3458 4067 3543 4118 ὅτι
3575 4066 3786 4134 Δεῦρο,

2205 4147 2302 4200 καὶ
2327 4148 2562 4215 ποιήσω
2582 4162 2656 4201 σε
2679 4151 2766 4214 εὶς
2795 4149 2972 4214 ἔθνος
2993 4149 3149 4218 μέγα
3173 4149 3288 4219 (καὶ
3320 4149 3429 4219 γὰρ
3462 4150 3680 4202 ἐναντία
3711 4153 3783 4220 τῇ

2206 4230 2509 4299 ἐπαγγελίᾳ
2531 4228 2679 4301 ἐώρα
2709 4231 2777 4282 τὰ
2811 4231 3068 4301 γινόμενα
3114 4233 3143 4284 6
3181 4231 3407 4296 δίκαιος,
3443 4233 3536 4284 καὶ
3572 4231 3649 4294 ὡς
3683 4232 3785 4286 ἕνα

2206 4311 2312 4363 τῶν
2332 4311 2562 4365 εὐτελῶν
2583 4313 2676 4364 καὶ
2696 4312 3148 4383 ἀπερριμμένων,
3195 4315 3286 4370 καὶ
3325 4315 3784 4384 ἀπροστατεύτων

2205 4394 2398 4446 ἐαυτὸν
2427 4396 2729 4466 περιιόντα,
2754 4396 2848 4448 καὶ
2875 4396 2994 4448 οὐδὲ
3025 4397 3158 4448 ὅπου
3183 4397 3514 4467 καταχθῆναι
3539 4397 3783 4466 ἔχοντα),

2206 4479 2272 4531 ἶν’
2293 4473 2385 4531 οὖν
2414 4478 2652 4549 διεγείρῃ
2679 4477 2840 4532 αὑτοῦ
2862 4478 2952 4531 τὸν
2979 4478 3255 4550 λογισμὸν,
3279 4479 3410 4550 φησί
3426 4497 3440 4511 ·
3470 4480 3575 4532 Καί
3609 4479 3783 4547 ὤφθη

2204 4562 2417 4627 Κύριος
2444 4559 2524 4624 τῷ
2548 4562 2792 4630 Ἀϐραμ,
2828 4559 2927 4614 καί
2943 4557 3114 4614 εἶπεν
3136 4561 3296 4628 αὐτῷ
3320 4579 3331 4591 ·
3370 4562 3454 4627 Τῷ
3480 4562 3784 4630 σπέρματί

2203 4661 2321 4698 σου
2334 4643 2505 4696 δώσω
2520 4642 2632 4711 τὴν
2647 4643 2765 4713 γῆν
2780 4645 3030 4712 ταύτην.
3049 4645 3244 4715 Τέωςὴ
3261 4647 3551 4716 ὑπόσχεσις
3565 4645 3781 4717 μεγάλη

2204 4725 2298 4778 καὶ
2331 4725 2619 4788 ἀκόλουθος
2673 4729 2738 4797 τῇ
2778 4726 3111 4798 ἐπαγγελίᾳ,
3155 4729 3221 4780 δι’
3258 4724 3325 4800 ἦς
3365 4729 3574 4780 οἴκοθεν
3612 4729 3782 4782 αὐτὸν

2202 4809 2516 4879 ἀνέστησεν.
2541 4805 2673 4862 Εἷπε
2693 4812 2820 4881 γάρ’
2845 4811 3177 4879 Μεγαλυνῶ
3201 4813 3267 4866 τὸ
3300 4813 3486 4880 ὄνομά
3511 4830 3630 4867 σου
3654 4830 3667 4842 ·
3686 4813 3781 4867 δια

2199 4891 2356 4944 τοῦτο
2387 4891 2482 4944 νῦν
2502 4909 2632 4963 φησι
2655 4893 2835 4947 πάλιν·
2870 4892 2958 4959 Τῷ
2989 4893 3285 4963 σπέρματί
3317 4911 3436 4949 σου
3465 4895 3638 4948 δώσω
3661 4896 3781 4963 τὴν

2198 4972 2313 5042 γῆν
2342 4974 2584 5042 ταύτην.
2616 4974 2828 5044 Ἐπειδὴ
2847 4975 2954 5046 γὰρ
2975 4978 3033 5028 ἐν
3051 4977 3199 5046 γήρᾳ
3218 4977 3499 5047 τυγχάνων
3517 4980 3546 5031 6
3563 4978 3778 5042 δίκαιος

2197 5059 2362 5120 ἄπαις
2386 5053 2472 5128 ἢν,
2503 5057 2592 5110 διά
2617 5057 2717 5128 τήν
2735 5057 2834 5128 τῆς
2853 5059 3031 5130 Σάρας
3049 5060 3352 5132 στείρωσιν,
3376 5064 3776 5132 ἐπαγγέλλεται

2196 5139 2346 5210 αὑτῷ
2367 5139 2446 5210 τῷ
2466 5139 2525 5205 ἐξ
2544 5139 2709 5193 αὑτοῦ
2731 5142 3033 5212 τικτομένῳ
3061 5143 3159 5213 τὴν
3179 5145 3282 5215 γῆν
3307 5150 3631 5218 παρασχεῖν.
3659 5149 3775 5202 Καὶ

2196 5223 2386 5276 σκόπει
2439 5240 2530 5293 μοι
2563 5221 2698 5276 Θεοῦ
2750 5223 3176 5294 φιλανθρωπίαν,
3220 5227 3336 5292 πῶς
3377 5229 3643 5301 προειδὼς
3674 5235 3774 5286 τοῦ

2193 5304 2400 5359 δικαίου
2429 5308 2526 5376 τήν
2551 5305 2772 5376 ἀρετήν,
2819 5305 3066 5376 βούλεται
3094 5311 3227 5363 πᾶσι
3261 5311 3564 5382 κατάδηλον
3605 5315 3773 5367 αὑτὸν

2195 5391 2436 5458 ποιῆσαι,
2461 5389 2554 5440 καὶ
2569 5387 2819 5458 καθάπερ
2849 5390 3195 5461 μαργαρίτην
3212 5391 3334 5444 τινά
3365 5395 3769 5464 κρυπτόμενον,

2192 5471 2334 5523 οὓτω
2351 5471 2581 5539 φανερὸν
2608 5471 3044 5541 ἀπεργάσασθαι.
3082 5474 3190 5526 Καὶ
3221 5474 3552 5542 ἐπαγγελίας
3586 5479 3765 5547 ὲπαγι

2193 5553 2400 5621 γελίαις
2425 5553 2687 5620 συνάψας,
2715 5553 2810 5606 καὶ
2837 5554 3078 5623 μεγάλας
3109 5556 3206 5619 τάς
3240 5557 3561 5628 ὑποσχέσεις
3605 5578 3770 5633 ποιη-

2198 5637 2449 5705 σάμενος,
2501 5635 2659 5688 πάλιν
2706 5638 2900 5708 μικρὸν
2949 5637 3393 5704 διαναόάλλεται,
3455 5643 3542 5694 ῖνα
3584 5643 3765 5716 ταύτῃ

2199 5719 2431 5791 μάλιστα
2461 5716 2641 5788 δειχθῇ
2665 5717 2755 5773 τοῦ
2787 5721 3117 5794 πατριάρχου
3156 5720 3216 5777 τὸ
3243 5724 3504 5795 φιλόθεον,
3547 5725 3632 5779 ὅτι
3667 5729 3770 5792 καίι
