4084 6214
356 265 460 318 293

370 375 526 431 lentia
581 378 763 426 nostra
813 363 1083 435 vigilantia
1131 359 1293 415 multa
1341 367 1548 413 utentes
1592 356 1936 424 decerpamus

362 465 658 519 utilitatem.
687 458 877 514 Solent
903 454 1044 510 enim
1073 467 1138 507 ea
1165 465 1284 519 qua:
1314 448 1494 502 labore
1521 457 1575 502 et
1599 444 1937 514 inquisitione

367 556 536 621 aliqua
579 549 950 608 inveniuntur,
985 541 1152 610 magis
1195 538 1338 607 inﬁgi
1382 545 1576 590 nostra:
1619 535 1781 589 menti
1822 550 1836 584 :
1874 546 1936 586 ea

364 656 492 697 vero
532 654 651 708 quae
694 635 845 689 facile
891 630 1268 692 inveniuntur,
1299 628 1454 681 citius
1499 641 1529 679 e
1567 624 1726 678 corde
1755 631 1937 678 nostro

369 729 599 782 avolare.
626 723 864 780 Obsecro
891 723 1047 792 igitur
1072 735 1139 774 ne
1163 719 1329 772 simus
1354 715 1698 785 negligentes,
1729 712 1822 766 sed
1845 726 1938 764 ex-

365 821 595 874 citemus
623 830 853 870 tuentem
885 820 1120 866 nostram
1145 849 1162 875 ,
1191 817 1246 862 et
1283 807 1490 877 penitus
1517 805 1566 858 in
1598 805 1764 873 ipsam
1795 801 1941 856 Scri-

369 919 642 978 pturarum
675 903 1082 976 profunditatem
1119 900 1456 961 intueamur,
1493 906 1551 950 ιιι
1589 895 1773 963 majori
1817 892 1940 947 inde

367 999 519 1052 lucro
545 1005 798 1066 accepto,
826 992 1045 1047 domum
1074 988 1249 1044 redire
1277 987 1450 1040 liceat.
1486 986 1576 1039 Est
1604 984 1744 1038 enim
1765 983 1939 1036 eccle-

367 1089 447 1142 sia
490 1087 582 1142 Dei
621 1093 886 1140 mercatus
922 1080 1137 1152 quidam
1180 1077 1471 1148 spiritualis
1514 1074 1943 1142 medicorumque

369 1178 582 1231 ofﬁcina
611 1174 888 1229 animabus
919 1191 934 1227 :
961 1179 1017 1226 et
1046 1185 1140 1239 par
1166 1177 1279 1234 est,
1306 1177 1361 1220 ut
1384 1167 1519 1220 sicut
1545 1165 1632 1234 qui
1662 1164 1725 1218 ad
1754 1164 1944 1218 nundi-

377 1282 476 1320 nas
501 1266 736 1326 veniunt,
755 1261 878 1318 inde
897 1261 1075 1315 multis
1096 1257 1358 1312 mercibus
1377 1254 1616 1310 collectis
1632 1253 1939 1310 redeamus:

376 1356 462 1410 vel
484 1355 633 1424 quasi
657 1369 688 1408 e
709 1352 897 1407 medici
924 1350 1106 1414 domo,
1135 1347 1363 1417 receptis
1386 1360 1503 1415 qua:
1529 1343 1728 1398 morbis
1748 1342 1943 1396 nostris

372 1451 675 1513 congruunt
716 1439 1112 1495 medicamentis
1136 1477 1150 1501 ,
1189 1450 1460 1490 exeamus.
1505 1432 1618 1488 Non
1648 1432 1789 1486 enim
1821 1431 1941 1485 ideo

375 1533 616 1602 quotidie
659 1531 1012 1594 conﬁuimus,
1061 1537 1117 1582 ut
1163 1526 1433 1580 dumtaxat
1477 1531 1768 1577 conventus
1818 1523 1946 1574 fiant

371 1622 687 1691 simpliciter
729 1639 742 1675 :
781 1619 877 1674 sed
919 1626 1192 1688 propterea
1229 1627 1614 1683 congregamur
1639 1651 1653 1674 ,
1685 1620 1742 1664 ut
1781 1626 1943 1664 unus-

371 1711 594 1779 quisque
615 1709 901 1778 phartnaco
920 1707 1030 1761 suis
1049 1703 1322 1759 affectibus
1342 1701 1652 1771 congruenti
1675 1707 1942 1768 suscepto,

372 1799 591 1852 domum
621 1797 898 1853 concedat.
937 1793 1214 1862 Quomodo
1252 1792 1393 1847 enim
1432 1805 1537 1844 non
1566 1790 1724 1842 fuerit
1759 1789 1945 1842 absur-

374 1888 653 1941 dissimum
675 1927 689 1952 ,
713 1901 810 1941 nos
835 1901 865 1938 a
891 1884 1120 1954 puerulis
1141 1881 1337 1936 nostris
1359 1878 1426 1934 ad
1458 1877 1636 1932 ludum
1659 1877 1944 1930 literarium

377 1979 554 2034 missis
573 1978 806 2048 quotidie
833 1987 1011 2047 petere
1032 2015 1049 2042 ,
1075 1974 1199 2044 quid
1227 1971 1480 2028 discendo
1509 1969 1827 2041 profeceriut
1847 2009 1864 2035 ,
1894 1979 1949 2022 et

375 2069 702 2138 adjecerint;
751 2083 922 2136 neque
962 2067 1103 2122 enim
1153 2065 1449 2119 sineremus
1500 2075 1593 2115 eos
1634 2060 1824 2113 frustra
1848 2099 1861 2123 ,
1894 2068 1948 2112 et

377 2159 578 2229 absque
601 2159 821 2214 utilitate
845 2159 898 2212 in
925 2157 1103 2212 ludum
1130 2157 1226 2221 ire,
1255 2153 1354 2208 nisi
1379 2151 1605 2206 fructum
1633 2149 1944 2219 ampliorem

381 2250 503 2304 inde
530 2257 884 2319 consequutus
911 2247 1248 2308 videremus;
1290 2257 1388 2296 nos
1426 2250 1602 2294 autem
1630 2239 1717 2309 qui
1753 2240 1946 2307 justam

378 2349 588 2394 aetatem
609 2338 886 2403 habemus,
907 2345 960 2392 et
989 2337 1040 2390 in
1061 2333 1362 2404 spiritualcs
1381 2331 1592 2385 scholas
1611 2329 1945 2388 ventitamus.

381 2444 486 2483 non
511 2444 606 2498 par
634 2428 738 2482 illis
766 2427 994 2482 studium
1025 2424 1277 2481 exhibere
1298 2462 1316 2488 ,
1347 2420 1576 2475 maxime
1603 2434 1723 2475 cum
1755 2417 1865 2471 hate
1895 2417 1947 2470 in

385 2522 589 2575 lucrum
607 2529 662 2574 et
675 2519 896 2573 salutem
916 2517 1210 2572 animarum
1232 2511 1509 2582 spectent?
1530 2509 1690 2580 Igitur
1704 2509 1946 2574 obsecro,

385 2619 442 2665 ut
479 2625 711 2678 seipsum
754 2607 988 2678 quotidie
1015 2614 1278 2660 scrutetur
1305 2601 1661 2672 unusquisque
1682 2641 1699 2667 ,
1733 2599 1856 2668 quid
1884 2613 1950 2653 ex

387 2702 667 2764 hodierna,
691 2700 815 2770 quid
836 2714 900 2754 ex
923 2697 1160 2767 proxima
1182 2694 1406 2750 lectione
1427 2691 1666 2746 utilitatis
1687 2689 1947 2756 retulerit,

387 2802 446 2852 ut
475 2808 541 2847 ne
574 2791 846 2845 videamur
872 2799 928 2844 et
966 2802 1062 2842 nos
1094 2796 1291 2841 temere
1329 2773 1485 2854 atque
1521 2783 1714 2836 frustra
1741 2782 1944 2836 adesse.

385 2882 536 2949 Quod
580 2891 754 2936 autem
795 2881 897 2934 hoc
931 2892 1029 2932 nos
1056 2879 1208 2946 culpa
1249 2877 1508 2930 immunes
1535 2871 1720 2927 reddat
1750 2871 1950 2943 (oll‘eri-

387 2989 504 3026 mus
527 2972 666 3029 ettitn
692 2969 947 3041 quidquid
973 2967 1137 3022 nostri
1165 2975 1244 3022 est
1274 2965 1433 3018 ofﬁcii
1453 3005 1469 3030 ,
1495 2973 1548 3018 et
1578 2961 1706 3015 nihil
1736 2974 1952 3031 prorsus

388 3064 529 3134 quod
559 3073 752 3119 nostra:
777 3063 846 3116 sit
869 3060 1128 3116 facultatis
1154 3058 1542 3128 praeterimus);
1571 3053 1711 3126 quod
1737 3069 1862 3108 vero
1888 3053 1951 3108 iis

387 3156 478 3224 qui
507 3155 662 3212 nobis
698 3159 1008 3207 succensent
1027 3191 1044 3215 ,
1079 3165 1176 3204 nec
1200 3154 1519 3212 occurrunt,
1549 3161 1646 3198 nec
1669 3143 1807 3198 dicta
1834 3139 1953 3196 dili-

385 3257 568 3316 genter
586 3244 901 3307 auscultant,
921 3241 1136 3310 majoris
1156 3235 1612 3295 condemnationis
1631 3234 1700 3288 sit
1718 3232 1949 3295 occasio,

385 3335 506 3390 audi
543 3335 808 3390 Christum
845 3332 1108 3387 dicentem
1141 3330 1190 3384 ei
1216 3328 1304 3398 qui
1349 3328 1603 3381 talentum
1629 3325 1904 3379 defodcrat
1936 3341 1951 3377 :

388 3425 544 3480 Serve
575 3439 785 3492 nequam
803 3463 820 3489 ,
849 3419 1103 3489 oportebat
1131 3429 1178 3470 te
1200 3417 1460 3487 pecuniam
1496 3432 1654 3468 nteant
1689 3414 1826 3481 apud
1855 3429 1949 3466 nu-

389 3514 630 3566 ntularios
657 3512 964 3581 deposuisse,
987 3520 1034 3562 et
1062 3507 1258 3561 veniens
1278 3521 1370 3576 ego
1391 3505 1693 3575 repetiissent
1712 3520 1822 3556 eant
1841 3519 1954 3556 cum

390 3621 542 3657 usura
569 3602 778 3673 (Matth.
805 3600 896 3655 9.5.
923 3600 1013 3654 26.
1042 3597 1166 3668 27);
1193 3597 1260 3651 de
1284 3597 1483 3651 ludat-is
1513 3606 1690 3650 autem
1719 3613 1733 3648 :
1769 3595 1827 3650 Si
1855 3611 1954 3648 non

391 3694 648 3758 venissem,
678 3702 724 3745 et
751 3693 986 3760 loquutus
1005 3689 1211 3761 fuissent
1235 3688 1324 3748 eis,
1357 3696 1611 3756 peccatum
1632 3703 1730 3738 non
1756 3683 1957 3738 habuis-

389 3794 495 3838 sent
517 3800 536 3848 ;
563 3798 693 3835 nunc
718 3789 886 3833 autem
911 3779 1281 3833 excusationem
1309 3793 1408 3829 non
1433 3775 1612 3828 habent
1639 3775 1658 3844 (
1680 3774 1833 3826 Joan.
1864 3774 1950 3828 15.

389 3874 505 3943 ‘22).
534 3873 793 3927 Caeterum
820 3886 917 3924 nos
943 3884 1082 3922 nunc
1109 3883 1215 3920 non
1237 3866 1335 3920 hoc
1365 3880 1628 3929 curamus,
1662 3875 1713 3918 ut
1742 3878 1956 3932 prorsus

392 3965 616 4020 crimine
641 3977 932 4024 careamus,
960 3970 1014 4014 et
1042 3960 1091 4012 in
1121 3959 1262 4013 nullo
1282 3972 1582 4026 arguamur,
1606 3955 1698 4011 sed
1725 3965 1954 4009 vestrum

394 4057 682 4124 profectum
707 4052 884 4107 videre
905 4051 1166 4121 cupimus,
1189 4058 1242 4102 et
1266 4056 1497 4102 nostram
1526 4047 1758 4100 laetitiam
1785 4045 1958 4099 inuni-

392 4147 482 4201 nui
508 4147 844 4210 arbitramur,
869 4144 1026 4197 etiam
1049 4140 1383 4207 quantumvis
1412 4138 1608 4194 innoxii
1639 4137 1738 4205 ipsi
1765 4139 1952 4202 simus,

391 4237 490 4292 nisi
531 4245 588 4290 et
629 4249 722 4288 vos
763 4233 996 4288 studium
1035 4231 1300 4285 laboribus
1331 4230 1525 4282 nostris
1562 4228 1776 4296 dignutn
1807 4228 1957 4281 exhi-

395 4326 632 4381 bueritis.
665 4324 789 4378 llaec
814 4323 955 4377 enim
981 4329 1175 4375 nostrae
1202 4319 1397 4373 latitia:
1420 4327 1636 4371 materia
1666 4326 1766 4380 est,
1797 4317 1841 4370 si
1869 4332 1958 4370 vc-

392 4416 584 4469 strain
631 4411 990 4482 spiritualibus
1029 4409 1352 4462 incrementa
1396 4405 1686 4459 videamus.
1736 4404 1804 4458 Et
1845 4405 1957 4460 scio

391 4504 601 4572 quidem
624 4518 717 4556 vos
738 4515 830 4570 per
853 4499 1074 4568 gratiam
1100 4497 1189 4550 Dei
1220 4507 1420 4550 tantum
1443 4495 1640 4565 pollere
1666 4497 1950 4560 intellectu,

396 4604 451 4647 nt
478 4605 531 4647 et
557 4593 688 4647 alios
714 4592 933 4645 valeatis
969 4587 1266 4651 exhortari;
1297 4586 1389 4640 sed
1420 4585 1704 4640 secundum
1745 4586 1954 4640 beatum

390 4688 643 4750 Paulum,
673 4681 984 4739 memoriam
1012 4688 1239 4733 vestram
1270 4677 1494 4742 refrico,
1523 4686 1577 4732 et
1607 4693 1832 4746 provoco
1860 4692 1956 4730 ve-

389 4786 559 4828 strmn
589 4774 756 4827 zelum
789 4771 1055 4838 anintiqne
1080 4767 1310 4822 studium
1333 4807 1346 4828 ,
1377 4766 1601 4821 subinde
1627 4766 1741 4820 haec
1768 4767 1953 4819 admo-

389 4880 565 4926 nens.
603 4875 658 4917 et
702 4863 920 4931 cupiens
971 4874 1065 4913 vos
1111 4858 1373 4928 perfectos
1418 4865 1472 4909 et
1521 4856 1790 4909 absolutos
1838 4868 1956 4907 esse

388 4957 585 5025 (Rom.
630 4953 715 5008 15.
759 4952 888 5022 15).
929 4949 1045 5005 Non
1090 4949 1233 5002 enim
1277 4947 1543 5001 mediocre
1588 4952 1954 5012 argumentum

393 5048 520 5101 mihi
549 5055 631 5099 est
669 5045 769 5098 hoc
797 5043 954 5097 vestri
993 5043 1045 5097 in
1074 5041 1266 5094 divinis
1305 5042 1570 5107 profectus
1590 5078 1604 5100 ,
1631 5035 1769 5104 quod
1810 5043 1954 5088 tanta

393 5139 666 5192 alacritate
694 5135 929 5206 quotidie
959 5135 1060 5187 huc
1084 5131 1406 5187 conveniatis
1427 5168 1441 5193 ,
1473 5138 1528 5182 et
1564 5126 1823 5196 spirituali
1855 5125 1955 5179 do-

392 5229 562 5282 ctrina
591 5226 791 5294 expleri
820 5241 922 5278 non
950 5223 1182 5294 possitis.
1211 5220 1341 5275 Nam
1367 5215 1806 5288 quemadmodum
1828 5229 1959 5270 cor-

395 5317 589 5386 poralis
603 5315 706 5370 cibi
721 5315 999 5384 appetitus,
1018 5313 1266 5368 indicium
1282 5320 1364 5364 est
1384 5308 1594 5378 optimm
1612 5305 1922 5361 valetudinis
1939 5323 1953 5359 :

395 5415 464 5461 ita
490 5405 808 5461 desideriqu
837 5405 1124 5476 spiritualis
1151 5403 1405 5458 doctrinae
1423 5440 1439 5465 ,
1470 5397 1953 5452 manifestissimum

393 5506 755 5566 argumentum
781 5505 864 5551 est
890 5496 1080 5550 anima:
1110 5494 1243 5549 bene
1269 5490 1508 5545 valentis.
1542 5491 1873 5556 Quapropter
1899 5497 1956 5543 et

392 5601 492 5656 ego
520 5587 653 5643 bene
677 5589 920 5643 conscius
938 5586 1095 5642 vestri
1121 5584 1388 5649 desiderii,
1410 5581 1546 5654 quod
1565 5579 1763 5636 scilicet
1785 5596 1950 5650 quatt-

1378 247 1442 302 ΙΝ
1478 245 1631 302 CAP.
1672 241 1784 298 XII.
1823 241 2068 300 GENES.
2111 237 2340 296 llOMlL.
2376 234 2592 293 XXXII.

3501 235 3606 290 ⁸291

2040 351 2236 405 tumvis
2264 348 2548 419 producam
2577 362 2876 403 sermonem
2897 390 2913 414 ,
2945 365 3048 404 non
3076 351 3274 420 possim
3299 352 3383 406 vel
3411 355 3490 407 sic
3511 368 3612 408 ex-

2042 440 2186 510 plere
2213 437 2534 492 desiderium
2563 477 2576 500 ,
2607 445 2661 490 et
2685 437 2936 491 alimento
2962 439 3218 508 spirituali
3251 454 3345 494 vos
3372 442 3567 495 satiare
3588 480 3604 505 ,

2041 544 2144 582 non
2170 528 2369 582 desisto
2396 543 2491 596 pro
2518 543 2632 580 mea
2665 521 2799 580 virili
2823 568 2838 592 ,
2866 543 2926 582 ea
2953 545 3068 598 qua:
3099 529 3192 584 Dei
3221 533 3387 600 gratia
3414 547 3600 601 suppe-

2039 617 2192 683 ditat,
2225 618 2275 674 in
2305 627 2532 670 vestram
2563 617 2836 672 utilitatem
2863 619 3099 686 quotidie
3121 619 3269 675 vobis
3291 637 3604 690 proponere.

2041 716 2096 762 et
2134 708 2325 764 divina:
2355 706 2642 776 Scriptura:
2679 707 2975 761 doctrinam
3005 710 3268 764 mentibus
3295 712 3486 766 vestris
3525 712 3609 766 in-

2041 813 2240 854 serere.

2111 887 2166 945 2.
2208 887 2344 943 Deus
2370 888 2618 959 quomodo
2646 888 2891 942 videatur.
2935 917 3005 928 —
3043 889 3154 959 Age
3179 889 3336 959 igitur
3363 901 3418 947 et
3451 892 3610 949 hodie

2043 978 2436 1036 misericordem
2463 979 2627 1032 Deum
2653 979 3013 1044 obsecremus,
3041 991 3096 1034 ut
3121 981 3350 1050 linguam
3377 995 3610 1039 nostram

2044 1067 2238 1136 dirigat
2265 1066 2330 1124 ad
2365 1066 2736 1127 inveniendum
2761 1066 2901 1136 quod
2927 1068 3231 1136 quaerimus,
3262 1079 3314 1123 et
3343 1085 3442 1138 pro
3466 1088 3614 1128 more

2047 1167 2228 1212 nostro
2257 1158 2405 1212 vobis
2430 1158 2713 1212 aderamus
2736 1157 3052 1220 doctrinam,
3079 1160 3359 1228 propositis
3387 1161 3610 1229 primum

2047 1246 2130 1300 his
2153 1263 2270 1316 qua:
2297 1248 2430 1303 lecta
2457 1258 2579 1303 sunt
2604 1248 2812 1305 caritati
2845 1259 3052 1303 vestras.
3079 1252 3132 1304 7.
3163 1250 3226 1304 Et
3251 1253 3384 1308 uisus
3411 1264 3502 1319 est,
3536 1255 3614 1308 in-

2044 1339 2176 1408 quit,
2204 1340 2451 1395 Dominus
2476 1341 2641 1395 Abrae.
2673 1339 2738 1394 Et
2767 1342 2894 1395 dixit
2915 1343 2978 1394 ei.
3007 1341 3191 1404 Nonne
3215 1344 3347 1399 bene
3375 1347 3610 1401 dicebam

2045 1431 2113 1483 ab
2143 1431 2310 1496 initio,
2338 1433 2502 1486 latere
2523 1432 2573 1486 in
2599 1433 2780 1502 paucis
2806 1433 2909 1487 illis
2933 1434 3106 1487 verbis
3131 1451 3375 1505 magnum
3403 1436 3610 1492 thesau-

2047 1522 2202 1574 rum?
2246 1523 2383 1576 Ecce
2424 1524 2563 1577 enim
2602 1524 2779 1577 statim
2830 1539 3003 1576 rarum
3047 1534 3102 1578 et
3136 1527 3444 1584 admirabile
3487 1545 3612 1597 pro-

2045 1613 2260 1667 (nntium
2279 1631 2293 1667 :
2315 1613 2378 1666 Et
2398 1614 2531 1668 visus
2558 1623 2652 1681 est,
2683 1614 2869 1683 inquit,
2893 1613 3135 1669 Dominus
3157 1615 3292 1669 Deus
3317 1618 3479 1671 Abra'.
3505 1619 3615 1673 lloc

2050 1707 2274 1770 primutn
2314 1704 2608 1758 invenimus
2639 1704 2689 1756 in
2727 1704 2998 1773 Scriptura
3027 1721 3168 1759 nunc
3205 1707 3401 1760 dictum
3427 1747 3442 1772 ,
3471 1711 3614 1778 quod

2049 1792 2191 1846 visus
2219 1792 2324 1846 sit:
2350 1809 2521 1862 neque
2548 1794 2688 1848 enim
2716 1793 2982 1863 Scriptura
3009 1795 3183 1850 divina
3213 1798 3375 1851 verbo
3397 1798 3496 1852 hoc
3522 1816 3612 1854 usa

2048 1893 2149 1946 est,
2178 1898 2298 1937 cum
2328 1883 2394 1938 de
2423 1883 2590 1938 Adam
2614 1925 2628 1948 ,
2660 1885 2742 1939 vel
2773 1885 2840 1939 de
2865 1886 3032 1951 Abel,
3060 1887 3143 1940 Vcl
3171 1887 3238 1941 de
3267 1888 3407 1952 Noe,
3442 1891 3520 1944 vel
3548 1890 3614 1945 de

2049 1975 2152 2028 alio
2175 1976 2419 2044 quopiam
2442 1976 2651 2045 loquuta
2673 1986 2775 2030 est.
2799 1976 2932 2041 Quid
2955 1977 3110 2046 igitur
3128 1990 3202 2032 est
3228 1979 3366 2045 quod
3384 1979 3573 2033 dicitur
3595 1998 3611 2033 :

2051 2064 2118 2116 Et
2158 2065 2292 2118 uisus
2329 2065 2450 2118 est?
2478 2065 2543 2118 Et
2575 2065 2839 2134 quomodo
2863 2066 2985 2118 alibi
3024 2067 3146 2119 dicit
3177 2085 3188 2118 :
3222 2067 3411 2121 Nullus
3437 2069 3614 2122 videbit

2051 2153 2212 2206 Deum
2231 2194 2246 2218 ,
2278 2165 2325 2207 et
2355 2154 2479 2206 vivet
2513 2154 2532 2222 (
2561 2154 2722 2208 Exod.
2751 2156 2839 2210 55.
2862 2155 2934 2209 20
2958 2157 3013 2224 )‘!
3037 2157 3169 2223 Quid
3199 2158 3355 2226 igitur
3381 2159 3616 2214 dicemus

2051 2260 2191 2300 nunc
2213 2244 2482 2314 Scriptura
2507 2245 2714 2299 dicente
2742 2261 2756 2296 :
2787 2245 2855 2298 Et
2881 2247 3011 2300 visus
3037 2260 3107 2300 est
3125 2247 3152 2299 ?
3173 2248 3446 2315 Quonmdo
3472 2251 3614 2304 visus

2049 2343 2130 2388 est
2152 2334 2332 2403 justo?
2359 2332 2492 2387 Num
2519 2335 2684 2402 ipsam
2719 2335 3063 2389 substantiam
3095 2337 3257 2390 vidit?
3281 2337 3428 2402 Non,
3452 2340 3608 2394 absit.

2049 2425 2153 2480 Sed
2180 2425 2344 2495 quid?
2379 2425 2466 2480 Sic
2490 2426 2634 2479 visus
2669 2436 2786 2490 est,
2819 2436 2874 2480 ut
2902 2427 3016 2495 ipse
3049 2430 3193 2481 solus
3217 2430 3314 2482 scit
3339 2471 3353 2494 ,
3382 2440 3435 2484 ct
3460 2441 3517 2485 ut
3543 2432 3614 2485 illi

2052 2517 2301 2586 possibile
2329 2526 2444 2572 erat
2470 2517 2669 2572 videre.
2706 2516 2886 2572 Solers
2911 2518 3049 2573 enim
3080 2536 3198 2573 cum
3229 2521 3295 2574 sit
3322 2523 3530 2590 sapiens
3563 2535 3616 2579 et
3715 2551 3733 2566 ο

2052 2607 2354 2662 misericors
2393 2607 2644 2662 Dominus
2687 2618 2867 2662 noster
2889 2649 2905 2673 ,
2935 2624 2996 2663 se
3032 2608 3275 2663 humanas
3304 2622 3618 2678 attemperat

2051 2709 2272 2762 naturze,
2302 2707 2354 2752 et
2378 2698 2720 2766 semetipsum
2753 2699 2816 2752 iis
2841 2700 2928 2768 qui
2953 2715 3012 2754 se
3038 2711 3192 2755 antea
3223 2701 3378 2770 digne
3408 2719 3610 2773 pru'pa-

2055 2797 2324 2852 raverunt,
2349 2787 2599 2842 ostendit.
2633 2786 2792 2858 quue
2817 2788 3142 2842 demonstrat
3169 2805 3260 2858 per
3285 2793 3612 2861 prophetam.

2052 2879 2237 2933 dicens
2267 2895 2280 2933 :
2315 2877 2423 2948 Ego
2461 2881 2670 2932 visiones
2700 2880 3026 2947 multiplicavi
3047 2923 3061 2944 ,
3095 2892 3140 2933 et
3169 2882 3219 2935 in
3250 2883 3475 2938 manibus
3503 2899 3619 2953 pro-

2050 2967 2316 3036 phetarum
2357 2967 2659 3021 assimilatas
2685 2970 2761 3038 fui
2802 2968 2822 3039 (
2851 2967 2977 3022 Osee
3004 2969 3086 3023 12.
3117 2969 3182 3024 10
3208 2971 3250 3040 ).
3281 2971 3536 3038 Quoniam
3563 2983 3616 3027 et

2046 3053 2212 3112 Isaias
2247 3056 2373 3112 vidit
2409 3073 2529 3111 eum
2569 3058 2838 3112 sedentem
2869 3061 2885 3128 (
2915 3057 3043 3116 lsai.
3067 3061 3120 3116 6.
3155 3062 3221 3131 l)
3249 3077 3264 3117 :
3295 3061 3394 3117 hoc
3435 3073 3611 3118 autem

2053 3147 2165 3202 Deo
2204 3146 2472 3216 indignum
2499 3163 2514 3200 :
2543 3147 2683 3204 Deus
2709 3148 2850 3202 enim
2887 3165 2993 3204 non
3020 3149 3204 3214 sedet;
3233 3152 3322 3220 qui
3352 3151 3492 3208 enim
3520 3169 3622 3223 pm.

2057 3248 2197 3306 test,
2251 3254 2373 3294 cum
2413 3239 2484 3294 sit
2522 3240 2832 3310 incorporea
2871 3250 2926 3294 et
2963 3241 3196 3295 intcritui
3235 3259 3338 3296 non
3393 3245 3618 3301 obnoxia

2057 3331 2281 3384 natura?
2322 3338 2378 3384 et
2419 3330 2597 3384 Daniel
2637 3345 2846 3400 quoque
2889 3331 3016 3384 vidit
3053 3347 3174 3384 eum
3200 3372 3216 3396 ,
3256 3341 3314 3384 ut
3347 3334 3618 3402 antiquum

2053 3423 2261 3478 dierum
2292 3421 2468 3495 (Dan.
2500 3421 2554 3475 7.
2582 3421 2655 3475 22
2678 3425 2729 3491 );
2770 3421 3048 3474 Zacharias
3088 3431 3266 3476 autem
3309 3423 3463 3477 aliter
3495 3440 3618 3479 eum

2056 3514 2321 3567 contuitus
2345 3523 2428 3566 est
2449 3514 2466 3582 (
2490 3511 2650 3566 lactt.
2679 3512 2700 3566 l
2724 3511 2778 3581 );
2807 3511 2898 3565 sed
2921 3519 2976 3566 et
3004 3512 3242 3566 Ezechiel
3268 3513 3441 3568 aliter.
3468 3513 3622 3570 Unde

2057 3604 2266 3658 dicebat
2296 3621 2309 3656 :
2338 3602 2448 3673 Ego
2475 3602 2686 3656 risiones
2710 3601 3034 3670 multiplicari
3057 3618 3075 3654 :
3096 3603 3195 3656 hoc
3212 3612 3312 3667 cst,
3342 3606 3622 3674 unicuique

2056 3693 2274 3764 apparui
2302 3707 2398 3762 pro
2423 3706 2515 3745 sua
2544 3690 2816 3760 dignitate.
2849 3690 2917 3743 Et
2940 3705 3076 3743 nunc
3101 3707 3310 3762 quoque
3332 3734 3346 3756 ,
3379 3694 3501 3761 quia
3533 3695 3621 3761 ju.

2060 3793 2200 3836 stum
2225 3798 2255 3836 a
2281 3781 2439 3835 domo
2463 3781 2578 3850 ejus
2601 3788 2865 3842 evocarat,
2892 3789 2945 3832 et
2965 3779 3194 3847 jus-serat
3220 3782 3270 3832 iu
3296 3781 3520 3835 alienam
3542 3783 3620 3838 ire

2061 3882 2275 3937 terram,
2303 3872 2354 3925 in
2374 3887 2530 3940 quam
2551 3886 2671 3924 cum
2695 3869 2946 3932 venisset,
2970 3880 3232 3939 tamquam
3255 3885 3415 3941 vagus
3434 3873 3620 3942 agebat

2058 3969 2112 4014 et
2142 3961 2448 4029 peregrinus
2469 4000 2484 4025 ,
2513 3967 2691 4027 utpote
2715 3958 3025 4013 Chanana-is
3056 3959 3158 4014 illic
3181 3960 3352 4014 adhuc
3378 3961 3614 4015 ltabitanc

2061 4049 2219 4111 tibus,
2249 4049 2517 4118 inquirens
2544 4047 2630 4100 ubi
2657 4047 2975 4102 domicilium
3000 4049 3262 4103 collocare
3289 4050 3458 4117 ipsum
3486 4066 3612 4105 con-

2058 4142 2262 4194 veniret
2281 4158 2296 4194 :
2315 4141 2486 4194 bonus
2502 4140 2754 4195 Dominus
2767 4140 3026 4195 consolari
3045 4156 3188 4207 eum,
3205 4149 3260 4196 et
3277 4141 3394 4210 ejus
3413 4143 3620 4198 firmare

2058 4230 2382 4284 alacritatem
2404 4229 2608 4294 volens,
2632 4239 2688 4282 ut
2712 4244 2780 4284 ne
2804 4237 3147 4298 torpesceret,
3171 4245 3340 4300 neque
3361 4230 3626 4286 dubitaret

2059 4320 2129 4375 de
2166 4321 2514 4390 promissione
2537 4321 2646 4390 jam
2673 4320 2776 4375 sibi
2807 4321 2939 4375 facta
2963 4360 2978 4384 ,
3005 4337 3106 4390 qua
3131 4321 3262 4376 dixit
3289 4337 3309 4376 ι
3347 4321 3466 4376 Veni
3491 4323 3625 4389 huc,

2059 4421 2105 4464 et
2138 4412 2322 4481 faciam
2345 4422 2391 4465 te
2416 4412 2468 4464 in
2492 4421 2681 4481 gentem
2707 4428 2940 4479 magnam
2964 4411 3420 4481 (quandoquidem
3445 4412 3625 4466 diver-

2059 4516 2118 4555 sa
2142 4516 2172 4553 a
2201 4501 2549 4570 promissione
2573 4499 2783 4554 videbat
2801 4501 2912 4554 ﬁeri
2936 4540 2952 4564 ,
2979 4509 3032 4554 et
3071 4515 3129 4553 se
3163 4501 3505 4555 obambulare
3551 4502 3626 4556 uti

2059 4591 2320 4659 abjectum
2349 4600 2404 4644 et
2433 4591 2586 4643 vilem
2605 4629 2620 4652 ,
2646 4600 2698 4643 et
2722 4591 2864 4642 omni
2894 4589 3136 4656 praesidio
3154 4590 3497 4653 destitutum,
3528 4603 3629 4642 ne-

2059 4695 2162 4750 que
2189 4681 2467 4734 habentem
2495 4678 2582 4731 ubi
2609 4679 2890 4732 diverteret
2912 4679 2963 4747 ),
2993 4687 3049 4731 ut
3075 4680 3230 4746 igitur
3254 4689 3482 4732 mentem
3513 4679 3630 4745 ejus

2059 4770 2271 4835 excitet,
2299 4769 2466 4838 inquit
2491 4785 2504 4820 :
2535 4769 2598 4821 Et
2624 4769 2754 4821 visus
2772 4779 2842 4821 est
2871 4767 3111 4820 Dominus
3124 4769 3286 4830 Abrar,
3315 4778 3361 4821 et
3388 4767 3513 4820 dixit
3537 4768 3586 4820 ei
3609 4782 3629 4821 :

2060 4859 2254 4913 Semini
2283 4870 2368 4910 tuo
2393 4858 2522 4910 dabo
2553 4867 2732 4910 terram
2761 4857 2910 4909 lianc.
2961 4855 3057 4909 Est
3097 4865 3151 4908 et
3181 4855 3294 4910 haec
3321 4856 3630 4925 pollicitatio

2059 4965 2265 5018 magna,
2293 4957 2348 5002 et
2371 4947 2558 5002 similis
2585 4947 2657 5000 illi
2684 4962 2777 5014 per
2799 4961 2955 5014 quam
2984 4961 3104 4999 eum
3127 4960 3156 4998 a
3175 4946 3334 5000 domo
3355 4956 3625 5001 evocarat.

2060 5043 2274 5098 Dixerat
2309 5039 2451 5094 enim
2493 5055 2508 5090 :
2554 5037 2891 5108 Hagniﬁeabo
2919 5053 3096 5090 nomen
3131 5047 3272 5090 tuum
3300 5053 3319 5091 :
3348 5047 3622 5106 propterea

2059 5147 2198 5187 nunc
2219 5131 2407 5184 iterum
2429 5128 2559 5183 dicit
2586 5145 2601 5181 :
2630 5127 2822 5182 Semini
2849 5138 2935 5180 tuo
2959 5127 3095 5182 dabo.
3112 5138 3294 5180 terram
3317 5128 3467 5182 hanc.
3490 5127 3619 5180 Nam

2057 5236 2177 5276 cum
2199 5220 2306 5288 jam
2337 5234 2496 5272 senex
2522 5230 2661 5272 esset
2685 5218 2858 5286 justus
2879 5259 2895 5282 ,
2921 5219 3129 5285 filioque
3157 5226 3362 5273 careret
3383 5219 3452 5270 ob
3477 5220 3622 5272 Sara:

2059 5310 2385 5365 sterilitatem
2412 5349 2428 5374 ,
2462 5308 2720 5378 promittit
2757 5324 2817 5362 se
2845 5309 2892 5361 ei
2913 5350 2929 5372 ,
2957 5309 3046 5376 qui
3086 5324 3149 5362 ex
3182 5309 3297 5377 ipso
3324 5310 3621 5366 nasciturus

2059 5400 2150 5463 sit,
2169 5408 2362 5454 terram
2383 5397 2645 5452 daturum.
2680 5396 3088 5452 Misericordiant
3119 5398 3211 5452 Dei
3233 5396 3338 5462 hic,
3363 5412 3480 5463 oro,
3503 5413 3619 5452 con-

2060 5489 2232 5544 sidera
2262 5529 2277 5552 ,
2307 5486 2572 5556 quomodo
2599 5502 2718 5541 uim
2748 5487 3016 5555 przesciret
3047 5486 3173 5556 justi
3209 5486 3449 5541 virtutem
3467 5524 3485 5550 ,
3515 5486 3625 5541 vult

2059 5595 2180 5635 eum
2209 5577 2453 5632 omnibus
2482 5577 2814 5633 manifestum
2846 5577 3019 5634 facere
3039 5619 3054 5646 ,
3080 5589 3136 5634 ct
3158 5579 3209 5633 in
3235 5577 3407 5634 lucem
3431 5576 3621 5634 efferre
