4084 6214
344 345 448 398 29⁸1

344 453 522 516 etiam,
550 449 688 506 sicut
709 448 903 503 milites
928 445 1018 515 qui
1065 443 1219 500 facile
1266 458 1408 500 nunc
1447 445 1590 512 huc,
1616 459 1756 500 nunc
1799 445 1926 500 illuc

343 551 517 595 castra
547 549 764 595 moveut
791 557 806 594 :
841 539 910 592 ita
938 548 992 592 et
1014 536 1190 607 justus
1213 534 1324 601 ille,
1355 536 1595 604 quamvis
1621 549 1801 591 secum
1828 535 1928 590 du-

343 641 489 685 ceret
515 644 758 692 uxorem,
787 637 842 684 et
869 627 1048 681 fratris
1074 625 1266 690 lilium,
1291 633 1347 678 et
1375 633 1576 679 tantum
1603 625 1923 679 domestico-

345 738 463 776 rum
487 733 766 775 numerum
795 735 811 785 ;
839 717 1028 786 majori
1055 726 1230 770 tamen
1258 714 1509 770 facilitate
1534 717 1760 785 migrare
1787 717 1928 770 sole-

346 812 453 864 bat.
484 809 670 865 Vidisti
700 808 955 878 frugalem
973 818 1031 862 et
1049 805 1349 876 expeditam
1375 807 1518 860 senis
1542 821 1661 859 cum
1687 820 1851 860 uxore
1871 815 1924 860 et

346 913 422 954 tet
450 904 620 956 servis
646 900 846 955 vitam?
869 899 992 954 Mihi
1022 913 1152 952 vero
1176 897 1468 950 mirabilior
1507 896 1714 951 videtur
1738 899 1925 952 mulie-

346 994 419 1046 ris
445 991 716 1047 lortitudo.
746 993 878 1046 Cum
913 991 1054 1045 enim
1083 989 1260 1059 cogito
1287 989 1558 1043 muliebris
1590 1004 1748 1043 sexus
1773 989 1920 1044 infir-

342 1086 606 1147 mitatem,
634 1091 684 1138 et
714 1080 1079 1135 animadverto
1103 1077 1369 1147 quomodo
1389 1087 1496 1130 tam
1519 1076 1669 1131 facile
1693 1087 1746 1132 et
1779 1087 1922 1132 tanta

345 1174 620 1228 alacritate
647 1188 767 1227 cum
785 1172 928 1241 justo
955 1184 1176 1240 peregre
1202 1168 1364 1231 vadit,
1381 1176 1435 1224 et
1461 1166 1685 1222 subinde
1709 1167 1922 1236 migrat,

348 1279 517 1334 neque
548 1265 658 1334 ipsa
699 1263 923 1318 moleste
951 1262 1052 1316 fert
1071 1303 1086 1328 ,
1117 1275 1290 1329 neque
1313 1260 1460 1328 justo
1489 1257 1921 1328 impedimentqu

346 1353 512 1417 alfert,
539 1355 878 1423 obstupesco,
907 1359 961 1406 et
984 1365 1180 1407 censeo
1205 1366 1310 1403 non
1333 1349 1522 1403 minori
1547 1365 1703 1417 quam
1727 1350 1923 1403 Abram

346 1447 525 1499 animo
558 1451 613 1499 et
647 1443 957 1499 fortitudine
985 1442 1152 1512 ipsam
1197 1455 1408 1510 quoque
1433 1439 1706 1509 praeditam
1737 1439 1920 1494 fuisse.

349 1535 411 1588 Et
440 1533 542 1587 hoc
583 1534 818 1588 maxime
847 1533 1076 1588 sciemus
1098 1572 1114 1598 ,
1144 1544 1264 1586 eum
1295 1545 1357 1584 ea
1385 1545 1504 1600 quze
1541 1537 1926 1598 consequenter

346 1623 480 1678 lecta
526 1632 651 1678 sunt
679 1623 1197 1693 pertractaverimus.
1233 1619 1420 1674 Vidisti
1457 1629 1732 1688 postquam
1769 1619 1922 1673 audi-

345 1717 440 1782 vit,
467 1716 662 1770 διηήηί
697 1725 781 1768 tuo
807 1715 938 1768 dabo
958 1724 1147 1767 terram
1171 1713 1322 1778 Itane,
1345 1711 1614 1780 quomodo
1637 1725 1742 1764 non
1773 1711 1923 1781 quie-

345 1809 479 1864 verit
497 1809 672 1878 justus
713 1807 822 1871 ille,
851 1815 908 1861 et
935 1820 1075 1860 nunc
1104 1806 1206 1859 huc
1227 1844 1244 1870 ,
1276 1817 1420 1858 nunc
1448 1802 1573 1857 illuc
1612 1802 1924 1856 transierit?

344 1901 449 1957 Sed
480 1902 598 1956 vide
631 1899 897 1970 quomodo
924 1900 1114 1954 iterum
1141 1913 1172 1953 a
1213 1897 1498 1953 solitudine
1523 1896 1784 1966 exigitur,
1817 1913 1920 1949 non

346 1994 415 2048 ab
441 1991 760 2054 hominibus,
789 1989 882 2045 sed
904 1990 1218 2044 necessitate
1237 1988 1426 2042 famis:
1457 1986 1544 2042 10.
1570 1985 1636 2039 Et
1665 1989 1799 2055 faeta
1826 1997 1918 2049 est,

349 2083 536 2153 inquit,
565 2086 723 2152 fames
749 2097 900 2151 super
924 2091 1128 2134 terram.
1159 2077 1394 2133 Audiaut
1417 2077 1504 2147 qui
1534 2085 1734 2131 temere
1761 2085 1814 2130 et
1840 2077 1920 2130 in-

349 2181 504 2226 caute
533 2172 836 2242 loquuntur,
868 2179 924 2225 et
949 2169 1207 2233 divinant,
1226 2167 1465 2223 dicentes
1496 2183 1510 2220 :
1540 2166 1799 2234 Quoniam
1836 2165 1924 2220 ille

350 2263 472 2317 talis
501 2262 756 2327 advenit,
795 2261 960 2315 fames
995 2259 1254 2321 invaluit;
1285 2256 1536 2328 quoniam
1586 2256 1674 2310 ille
1715 2254 1882 2310 adfuit
1904 2296 1921 2319 ,

351 2355 464 2409 ha-c
496 2355 848 2423 contigerunt.
880 2353 1017 2408 Ecce
1044 2351 1204 2406 etiam
1226 2350 1280 2405 in
1317 2349 1546 2405 adventu
1569 2347 1700 2419 justi
1730 2347 1920 2414 fames,

348 2455 402 2500 et
427 2445 591 2499 fames
615 2443 803 2507 valida,
828 2454 882 2499 et
907 2459 1010 2497 nou
1042 2442 1284 2497 turbatur
1299 2441 1495 2511 justus,
1525 2453 1696 2510 neque
1723 2439 1919 2509 aliquid

349 2535 636 2589 humanum
672 2534 901 2604 patitur,
931 2548 1102 2604 neque
1135 2547 1231 2586 suo
1261 2530 1510 2586 adventui
1555 2529 1736 2584 tribuit
1770 2529 1924 2585 famis

349 2640 585 2681 causam.
611 2626 714 2682 Sed
741 2627 862 2696 quia
889 2625 1020 2679 vidit
1045 2633 1290 2678 naturam
1317 2623 1576 2678 coarctari
1599 2665 1615 2688 ,
1642 2631 1696 2677 et
1723 2622 1922 2676 invale-

350 2732 503 2772 scere
524 2715 714 2770 famem
746 2733 759 2768 :
790 2715 1077 2780 Descendit,
1101 2715 1290 2784 inquit,
1316 2715 1370 2767 in
1398 2711 1684 2784 ﬂgyptum
1712 2711 1916 2776 Abram,

349 2819 404 2864 ut
427 2809 670 2862 habitaret
694 2809 817 2874 illic,
845 2809 962 2877 quia
986 2806 1196 2860 inualuit
1221 2809 1380 2876 [antes
1406 2821 1557 2872 super
1575 2813 1778 2856 terram.

416 2902 472 2956 4.
514 2899 742 2955 Attende
786 2897 1052 2969 quomodo
1094 2897 1332 2966 longiora
1375 2895 1505 2949 fiunt
1549 2895 1693 2964 justo
1727 2892 1916 2948 stadia.

350 2990 483 3045 Illud
512 2991 653 3044 enim
680 2988 986 3058 providebat
1015 2987 1290 3051 Dominus,
1314 2994 1370 3040 ut
1407 3000 1512 3040 non
1545 2985 1716 3038 solum
1756 2983 1924 3037 Palae-

347 3082 539 3135 stinam
584 3078 933 3134 incolentibus
961 3085 1104 3131 esset
1146 3075 1349 3139 doctor,
1392 3074 1486 3130 sed
1531 3083 1585 3128 et
1624 3074 1689 3127 iis
1729 3073 1818 3142 qui
1867 3073 1920 3128 in

347 3170 580 3242 Egypto
604 3178 755 3224 erant
773 3211 789 3235 ,
818 3178 869 3222 et
901 3168 1107 3222 virtutis
1135 3171 1250 3234 ejus
1279 3164 1532 3235 splendor
1557 3163 1803 3218 omnibus
1829 3179 1922 3232 pa-

349 3274 502 3320 teret.
533 3263 692 3344 Qpasi
731 3263 870 3318 enim
901 3261 1158 3315 luminare
1203 3258 1467 3329 quoddam
1495 3257 1664 3312 latens
1707 3267 1759 3311 et
1797 3257 1920 3311 alis-

345 3355 616 3410 conditum
662 3355 714 3407 in
755 3351 1123 3406 Chaldzeorum
1154 3359 1329 3415 terra,
1361 3347 1506 3402 illinc
1547 3347 1817 3430 evocavit,
1863 3355 1918 3400 ut

347 3461 440 3501 eos
476 3447 565 3515 qui
615 3447 667 3499 in
706 3444 936 3499 tenebris
969 3457 1208 3497 errorum
1252 3439 1542 3504 sedebant,
1573 3439 1638 3493 ad
1683 3439 1922 3493 veritatis

350 3541 487 3591 viam
514 3536 889 3590 introduceret.
917 3533 1023 3588 Sed
1053 3532 1190 3586 forte
1227 3531 1368 3585 dicet
1395 3530 1584 3600 aliquis
1613 3548 1627 3585 :
1659 3529 1724 3583 Et
1759 3545 1942 3599 quare.

349 3643 456 3680 non
485 3625 659 3694 potius
699 3631 755 3676 ut
790 3624 846 3688 ii,
869 3622 958 3692 qui
985 3623 1039 3675 in
1062 3619 1306 3674 Chaldaza
1338 3628 1512 3684 erant,
1539 3617 1606 3671 ad
1637 3633 1812 3671 veram
1834 3633 1921 3672 re-

352 3719 600 3788 ligionem
627 3716 887 3779 venirent,
915 3729 1010 3782 per
1037 3713 1206 3781 ipsum
1236 3709 1450 3766 effecit?
1481 3709 1776 3764 Verisimile
1802 3709 1922 3779 qui-

346 3811 473 3866 item
515 3817 626 3872 est,
657 3807 866 3862 illorum
904 3805 1125 3860 salutem
1159 3818 1252 3872 per
1277 3802 1501 3856 aliorum
1540 3800 1923 3870 providentiam

349 3911 688 3974 procuratam
712 3900 872 3954 fuisse
893 3916 906 3952 :
935 3906 1166 3952 attamen
1186 3893 1309 3949 audi
1333 3893 1602 3949 Christum
1621 3892 1885 3948 dicentem
1906 3909 1920 3946 :

355 3995 576 4049 Non‘est
599 3993 841 4064 propheta
856 3992 963 4044 sine
981 3990 1186 4051 honore,
1206 3987 1300 4041 nisi
1319 3987 1372 4040 in
1399 3987 1563 4055 patria
1587 4003 1680 4040 sua
1704 3985 1918 4056 (Matth.

354 4087 441 4139 t5.
469 4083 581 4153 57).
612 4082 680 4138 Ut
699 4082 856 4150 igitur
882 4094 1041 4150 opere
1063 4079 1304 4148 impleret
1331 4077 1732 4145 promissionem
1762 4092 1920 4145 quam

353 4176 427 4229 illi
455 4173 673 4236 fecerat,
693 4169 907 4225 dicens:
936 4167 1000 4222 Et
1027 4167 1360 4238 magni/icabo
1384 4183 1564 4220 nomen
1590 4175 1727 4217 tuum
1757 4181 1776 4219 :
1806 4182 1926 4235 prn-

351 4275 529 4334 pterea
555 4271 610 4317 et
633 4261 824 4316 famem
849 4257 977 4313 oriri
1004 4258 1278 4328 permittit,
1295 4265 1351 4310 et
1373 4265 1592 4325 cogente
1613 4255 1926 4310 necessitate

353 4356 407 4410 in
446 4353 733 4425 [Egyptum
780 4366 901 4407 eum
941 4351 1019 4404 ire
1045 4347 1349 4419 compellit,
1382 4354 1439 4400 ut
1462 4345 1726 4400 discerent
1759 4356 1811 4398 et
1842 4362 1926 4397 in-

353 4444 484 4499 colte
508 4454 703 4513 quanta
730 4442 828 4495 viri
853 4440 1022 4494 virtus
1046 4447 1203 4494 esset.
1234 4436 1364 4491 Nam
1386 4435 1553 4490 fames
1572 4435 1721 4504 quasi
1750 4435 1922 4500 lictor,

351 4547 450 4589 ceu
475 4532 700 4589 vinculis
731 4531 958 4601 injectis,
990 4530 1059 4583 ita
1081 4529 1130 4583 vi
1157 4543 1189 4583 e
1206 4527 1420 4582 deserto
1441 4525 1492 4580 in
1513 4524 1804 4597 Egyptum
1831 4540 1925 4580 eos

353 4623 626 4678 abstraxit.
653 4620 759 4676 Sed
803 4619 1075 4674 videamus
1111 4631 1230 4686 quae
1278 4614 1402 4670 hinc
1447 4625 1755 4684 sequantur,
1783 4623 1834 4668 et
1870 4615 1922 4668 in

352 4724 577 4785 quantas
622 4711 962 4767 difficultates
983 4709 1157 4778 justus
1183 4706 1467 4762 inciderit:
1502 4715 1558 4760 ut
1583 4715 1638 4761 et
1675 4708 1790 4775 ejus
1817 4705 1924 4759 fore

353 4807 629 4862 titndinem
672 4805 971 4866 discamus,
999 4809 1053 4854 et
1100 4800 1280 4854 uxoris
1317 4798 1459 4852 illius
1496 4798 1769 4866 sapientia:
1808 4805 1923 4850 stu-

350 4899 558 4952 diosam
588 4903 842 4948 mentem.
871 4892 1155 4960 Postquam
1196 4889 1353 4958 igitur
1381 4887 1547 4942 multo
1576 4887 1764 4941 itinere
1795 4901 1920 4954 pro-

351 4992 646 5045 cesserant,
676 4993 730 5036 et
756 4982 990 5050 proxime
1015 4979 1300 5050 Egyptum
1325 4985 1495 5035 erant.
1524 4976 1696 5044 justus
1719 4989 1918 5044 angore

353 5076 547 5129 mentis
571 5072 798 5126 amictus
826 5079 930 5136 est,
953 5080 1036 5135 et,
1069 5080 1125 5123 ut
1150 5070 1218 5122 ita
1261 5068 1454 5130 dicam,
1479 5065 1546 5120 de
1571 5066 1675 5118 vita
1715 5080 1808 5119 sua
1846 5065 1917 5118 ti-

353 5182 506 5221 mens
533 5173 590 5219 et
610 5174 842 5218 tremens
863 5163 1147 5231 alloquitur
1163 5174 1381 5212 uxorem
1407 5171 1577 5209 suam.
1599 5156 1685 5209 11.
1710 5153 1922 5208 Factum

353 5270 424 5312 est
445 5301 459 5320 ,
493 5258 662 5326 inquit
685 5297 700 5320 ,
722 5255 922 5326 quando
950 5255 1135 5308 Abram
1161 5246 1612 5318 appropinquabat,
1639 5257 1692 5298 ut
1723 5246 1929 5298 intraret

353 5351 406 5404 in
438 5347 742 5419 Egyptum,
771 5347 898 5400 dixit
947 5345 1093 5398 Sara
1132 5341 1277 5396 uxori
1305 5354 1410 5392 sum
1437 5353 1454 5390 :
1481 5334 1601 5392 Scio
1648 5335 1784 5404 quod
1823 5336 1932 5396 for-

353 5455 496 5492 mosa
520 5439 588 5491 sis
609 5436 804 5490 mulier.
838 5436 925 5491 12.
951 5433 1200 5487 Futurum
1227 5431 1391 5497 itaque
1412 5436 1483 5479 est
1511 5435 1562 5478 ut
1585 5441 1696 5479 eum
1719 5433 1764 5477 te
1789 5423 1931 5476 ride-

353 5530 454 5584 rint
485 5527 740 5600 Egyptii,
774 5529 944 5582 dicant
972 5542 991 5580 :
1023 5523 1128 5578 Ista
1167 5532 1239 5576 est
1279 5537 1406 5575 uxor
1439 5518 1586 5602 ejus;
1621 5527 1668 5571 et
1706 5517 1933 5570 occident

355 5637 452 5685 nte,
480 5629 527 5673 te
551 5630 717 5672 autent
738 5618 1022 5672 servabunt.
1052 5614 1136 5668 13.
1170 5611 1263 5665 Dic
1286 5611 1456 5680 igitur,
1483 5607 1642 5663 Soror
1666 5607 1774 5676 ejus
1799 5623 1927 5671 sunt,

1371 331 1436 387 ΙΝ
1472 331 1624 388 CAP.
1670 329 1785 387 XII.
1823 333 2066 391 CENES.
2106 335 2332 392 1101111..
2374 337 2587 395 XXXII.

3494 349 3598 405 ἓξῗὸ

2031 456 2098 501 te.
2128 446 2313 502 Vidisti
2339 465 2402 503 cx
2434 451 2632 514 verbis,
2676 452 2728 504 iu
2755 462 2952 522 quanto
2977 468 3175 524 angore
3205 464 3261 511 et
3303 469 3443 513 metu
3467 478 3599 517 enn-

2029 538 2240 592 stitutus
2283 539 2437 593 fuerit
2473 539 2646 608 justus
2673 559 2688 596 :
2720 557 2892 613 neque
2931 554 3104 601 tamen
3150 549 3459 606 turbabatur
3482 556 3600 608 ani-

2029 641 2119 680 mo
2141 669 2156 690 ,
2187 642 2357 698 neque
2381 631 2615 698 cogitans
2646 631 2779 685 intra
2808 647 2887 698 se,
2916 635 3121 690 dicebat
3151 655 3164 690 :
3191 639 3326 704 Quid
3354 640 3455 695 hoc
3475 644 3603 696 est?

2033 732 2156 771 num
2191 719 2424 774 derelicti
2466 736 2648 776 sumus
2668 720 2692 774 ?
2712 724 2836 777 num
2862 725 3066 794 decepti
3105 732 3329 785 sumus?
3351 748 3474 785 num
3506 750 3602 786 ltus

2037 807 2360 874 providentia
2387 824 2479 862 sua
2502 810 2738 865 destituit
2765 813 3051 868 Dominus?
3075 832 3198 871 num
3226 820 3313 874 ille
3337 823 3424 890 qui
3447 822 3601 877 dixit:

2032 892 2369 964 Magniﬁeabo
2408 907 2482 961 te,
2517 907 2564 952 et
2586 901 2762 953 semini
2791 911 2876 954 tuo
2917 903 3048 957 tlabo
3090 916 3273 960 terram
3310 910 3440 963 hanc
3461 928 3479 964 :
3507 929 3604 965 nos

2030 984 2099 1037 ita
2123 987 2372 1056 relinquit
2395 1003 2534 1042 nune
2560 998 2616 1044 ut
2639 991 2705 1044 de
2725 995 2977 1047 extremis
3000 996 3302 1064 timeamus,
3333 1009 3387 1052 et
3413 1002 3466 1055 in
3491 1019 3606 1056 ma-

2028 1073 2276 1128 nifestutu
2323 1075 2615 1135 incidamus
2660 1083 2988 1150 perieulum?
3029 1085 3166 1139 Nihil
3207 1087 3393 1144 horum
3433 1093 3516 1146 vel
3551 1095 3602 1147 in

2029 1175 2261 1219 mentem
2301 1167 2682 1224 admittendum
2711 1174 3030 1228 existimavit
3065 1176 3238 1244 justus
3263 1220 3278 1241 ,
3308 1180 3400 1234 sed
3441 1198 3601 1236 unum

2028 1253 2130 1308 hoc
2169 1259 2384 1312 curabat
2405 1300 2419 1323 ,
2447 1262 2714 1330 quomodo
2754 1275 2868 1318 arte
2905 1266 3077 1336 aliqua
3105 1272 3394 1340 excogitata
3428 1287 3605 1341 posset

2026 1345 2180 1400 famis
2201 1349 2493 1404 remedium
2529 1365 2593 1405 ac
2615 1355 3030 1411 consolationem
3061 1359 3318 1426 invenire,
3349 1372 3403 1416 et
3429 1364 3600 1435 Egy-

2026 1435 2256 1504 ptiorum
2289 1453 2475 1493 manus
2503 1441 2752 1512 eﬂugere.
2783 1445 2904 1499 Seio
2925 1487 2941 1511 ,
2976 1448 3176 1517 inquit,
3205 1453 3342 1521 quod
3382 1454 3604 1521 formosa

2025 1524 2205 1578 mulier
2231 1528 2320 1581 sis.
2349 1528 2480 1584 Vide
2503 1542 2698 1600 quanta
2726 1535 2965 1589 mulieris
2981 1547 3099 1591 erat
3122 1539 3454 1596 formositas:
3478 1561 3602 1600 nam

2026 1623 2222 1669 etcum
2249 1619 2300 1671 in
2329 1631 2597 1676 senectam
2618 1623 2727 1692 jam
2755 1637 3029 1696 vergeret,
3059 1639 3115 1683 et
3147 1642 3267 1698 post
3308 1642 3386 1688 tot
3430 1650 3600 1691 anno-

2026 1717 2142 1756 rum
2173 1720 2446 1762 numerum
2468 1750 2484 1775 ,
2510 1711 2684 1767 adhuc
2702 1715 2782 1767 vis
2805 1717 3208 1782 pulchritudinis
3229 1721 3282 1775 in
3307 1721 3443 1778 facie
3469 1727 3605 1780 cmi-

2026 1794 2200 1860 cabat,
2227 1798 2384 1852 etiam
2412 1811 2528 1868 post
2557 1812 2636 1856 tot
2665 1805 2870 1860 labores
2898 1818 2951 1861 et
2973 1824 3259 1876 :erumnas,
3276 1829 3410 1882 quas
3434 1815 3486 1869 in
3519 1818 3604 1871 via

2027 1883 2094 1938 de
2127 1886 2256 1941 locis
2291 1890 2345 1943 in
2374 1890 2486 1944 loca
2525 1896 2846 1950 transeundo
2874 1910 3092 1967 experta
3116 1912 3200 1957 est
3222 1945 3237 1968 ,
3268 1920 3299 1957 a
3323 1906 3607 1962 Chaldaeo-

2029 1990 2148 2029 rum
2178 1993 2370 2049 nempe
2394 1984 2608 2051 regione
2634 1986 2686 2038 in
2709 1987 2968 2053 Charran,
2986 1999 3039 2044 et
3064 2005 3093 2044 a
3122 1990 3361 2048 Cbarran
3392 1997 3444 2049 in
3469 1997 3606 2051 Cha.

2030 2078 2184 2129 naan,
2213 2079 2266 2120 et
2296 2084 2478 2124 rursus
2499 2073 2550 2124 in
2575 2071 2870 2129 Chananzea
2899 2077 3004 2131 huc
3024 2089 3183 2149 atque
3209 2082 3354 2149 illuc,
3382 2093 3438 2139 et
3463 2102 3606 2142 nunc

2029 2152 2218 2209 iterum
2249 2157 2302 2210 in
2328 2157 2638 2231 Egyptum.
2669 2163 2834 2230 Quem
2862 2181 2966 2220 non
3001 2167 3212 2225 fortium
3241 2173 3477 2228 virorum
3509 2176 3606 2230 de-

2028 2243 2304 2334 fatigarent
2327 2255 2404 2301 tot
2421 2251 2684 2306 continuae
2711 2241 3160 2324 peregrinationes
3183 2261 3208 2313 2
3236 2260 3430 2317 Verum
3454 2279 3606 2334 egre-

2027 2333 2110 2402 gia
2149 2334 2264 2389 haec
2303 2339 2492 2392 mulier
2528 2341 2688 2396 etiam
2731 2354 2850 2412 post
2891 2355 2968 2400 tot
3002 2350 3296 2406 exantlatas
3342 2333 3608 2410 aerumnas

2028 2422 2300 2480 luculenta
2329 2427 2500 2483 adhuc
2531 2440 2646 2484 erat
2675 2431 2826 2497 facie,
2852 2436 2992 2491 unde
3015 2447 3070 2492 et
3098 2441 3464 2497 vehementem
3493 2443 3605 2499 for-

2030 2514 2282 2570 midinem
2322 2517 2572 2573 aﬂerehat
2603 2521 2750 2590 justo
2777 2540 2792 2577 :
2828 2524 2947 2580 ideo
2969 2536 3024 2582 et
3049 2527 3257 2584 dicebat
3285 2550 3301 2586 :
3329 2533 3451 2588 Seio
3470 2535 3606 2600 quod

2029 2605 2208 2658 mulier
2231 2609 2455 2674 formosa
2482 2609 2552 2663 sis
2581 2625 2600 2663 :
2625 2615 2853 2682 futurum
2877 2616 3044 2686 itaque
3067 2630 3140 2673 est
3162 2631 3216 2673 ut
3239 2638 3352 2676 eum
3380 2635 3428 2677 te
3468 2627 3604 2680 eide-

2025 2696 2128 2748 rint
2172 2694 2413 2768 .Egyptii
2430 2740 2446 2765 ,
2474 2700 2645 2754 dicant
2665 2717 2685 2755 :
2711 2702 2822 2757 Ista
2849 2716 2924 2759 est
2957 2723 3086 2762 uxor
3123 2711 3234 2780 ejus
3259 2727 3280 2776 ;
3307 2723 3354 2768 et
3377 2716 3603 2770 occident

2026 2803 2124 2850 me,
2156 2797 2204 2842 te
2227 2799 2393 2843 autent
2417 2794 2700 2847 servabunt.
2741 2795 3054 2866 Considera,
3083 2814 3339 2872 quantum
3370 2809 3605 2864 conﬁde-

2029 2876 2118 2930 bat
2144 2879 2380 2935 moribus
2405 2883 2662 2948 mulieris,
2687 2901 2792 2941 non
2815 2900 3056 2946 metuens
3075 2909 3144 2948 ne
3165 2895 3408 2952 laudibus
3433 2901 3602 2955 emol-

2027 2969 2245 3034 liretur,
2273 2974 2398 3042 quin
2420 2984 2475 3029 et
2503 2977 2605 3031 tale
2631 2977 2830 3034 inducit
2854 2984 3158 3052 consilium,
3182 2987 3367 3044 dicens
3397 3007 3411 3044 :
3443 2991 3508 3048 Ut
3536 3008 3604 3049 ne

2027 3073 2113 3152 me
2141 3061 2353 3130 quidem
2383 3065 2658 3131 occidant,
2689 3077 2742 3124 te
2778 3081 2954 3126 autem
3003 3087 3219 3131 servent
3251 3096 3264 3131 :
3299 3079 3392 3133 Die
3417 3083 3601 3152 igitur,

2027 3150 2189 3205 Soror
2215 3155 2323 3222 ejus
2346 3172 2458 3208 sum
2480 3198 2496 3222 ,
2521 3167 2576 3209 ut
2603 3160 2726 3212 mihi
2753 3160 2875 3215 bene
2909 3164 3008 3229 sit,
3031 3174 3080 3218 et
3113 3167 3238 3221 uiuet
3277 3150 3449 3224 animo
3493 3190 3604 3226 mea

2027 3254 2230 3314 propter
2256 3257 2320 3300 te.
2336 3249 2596 3315 Quoniam
2627 3266 2732 3305 non
2760 3254 2972 3322 vulgare
2993 3267 3108 3311 erat
3125 3259 3264 3328 quod
3287 3259 3598 3330 imperabat,

2027 3347 2308 3406 propterea
2353 3341 2528 3394 verbis
2564 3358 2681 3410 quae
2720 3344 2986 3410 subdidit,
3014 3348 3228 3404 allicere
3266 3365 3383 3405 eam
3431 3364 3486 3407 et
3530 3355 3598 3408 ad

2027 3427 2440 3482 misericordiam
2485 3429 2722 3490 flectere.
2752 3435 3174 3506 persuadereque
3197 3438 3245 3492 ci
3272 3441 3515 3506 volebat,
3541 3453 3601 3499 ut

2027 3528 2269 3586 prompte
2312 3518 2363 3572 in
2397 3520 2493 3573 hac
2528 3519 2701 3574 fabida
2727 3534 2905 3588 partes
2944 3539 3072 3579 suas
3113 3538 3313 3598 ageret.
3347 3529 3598 3587 Futurum

2026 3615 2097 3660 est
2123 3607 2290 3675 itaque
2311 3619 2367 3661 ut
2389 3625 2503 3662 eum
2528 3620 2576 3662 te
2609 3611 2818 3665 uiderint
2853 3612 3088 3684 κεπτ)ιῆ
3106 3656 3122 3680 ,
3149 3618 3321 3673 dicant
3348 3636 3368 3674 :
3394 3620 3503 3675 Ista
3527 3634 3600 3677 est

2025 3715 2156 3754 uxor
2186 3701 2336 3769 ejus;
2381 3709 2428 3754 et
2470 3702 2695 3756 occident
2734 3719 2844 3765 me,
2878 3714 2926 3758 te
2963 3714 3129 3760 Mein
3166 3710 3450 3766 servabunt.
3481 3713 3596 3768 Non

2025 3790 2180 3858 dixit,
2221 3791 2564 3846 Contumeliis
2600 3801 2652 3848 te
2686 3793 2964 3852 afllcieut:
3004 3810 3114 3852 non
3151 3799 3260 3854 vult
3291 3802 3434 3857 enim
3476 3819 3594 3860 eam

2027 3897 2170 3937 nunc
2195 3883 2372 3937 verbis
2399 3893 2600 3939 terrere
2617 3924 2634 3949 ,
2673 3885 2938 3956 pracipue
2957 3901 3086 3944 vero
3123 3891 3393 3947 metuebat
3433 3907 3596 3963 super

2029 3971 2122 4026 Dei
2171 3973 2540 4042 promissione.
2587 3973 2869 4042 Propterea
2915 3975 3085 4032 dicit:
3117 3977 3188 4031 Te
3217 3991 3385 4034 autem
3417 3998 3593 4037 sena-

2029 4064 2149 4117 bunt
2176 4081 2196 4117 :
2223 4065 2304 4117 die
2335 4066 2507 4135 igitur,
2531 4065 2692 4120 Soror
2714 4067 2822 4136 ejus
2841 4083 2971 4122 sum.
2999 4066 3178 4139 Cogita
3202 4111 3218 4133 ,
3237 4086 3422 4141 quaso
3443 4113 3460 4138 ,
3487 4089 3594 4143 quo

2027 4161 2188 4216 fuisse
2209 4169 2317 4214 tum
2345 4162 2396 4215 in
2435 4170 2576 4215 statu
2615 4161 2743 4228 justi
2772 4171 3002 4217 mentem
3027 4164 3314 4220 verisimile
3340 4168 3442 4232 sit,
3469 4181 3593 4226 etin
3643 4236 3648 4238 _

2028 4252 2125 4306 ista
2151 4252 2300 4307 uxori
2328 4253 2647 4308 consuleret.
2674 4253 2830 4310 Scitis
2849 4257 2990 4309 enim
3011 4297 3027 4322 ,
3057 4256 3205 4311 scitis
3227 4255 3358 4312 nihil
3382 4261 3598 4329 gravius

2028 4343 2232 4397 maritis
2257 4357 2412 4408 esse,
2438 4358 2596 4413 quam
2631 4353 2688 4399 ut
2711 4345 2795 4400 vel
2838 4345 2890 4400 in
2931 4346 3190 4414 ejusmodi
3240 4351 3596 4420 suspicionem

2028 4449 2162 4488 uxor
2193 4435 2389 4490 veniat.
2419 4433 2792 4490 Verumtamen
2826 4435 2914 4492 hic
2948 4431 3140 4505 justus
3160 4448 3215 4494 et
3249 4442 3522 4496 contendit
3547 4453 3602 4497 et

2027 4542 2238 4580 omnem
2276 4526 2502 4597 lapidem
2551 4535 2761 4594 movet,
2790 4536 2850 4582 ut
2892 4529 3206 4586 adulterium
3243 4548 3407 4603 opere
3451 4549 3601 4589 com-

2027 4617 2256 4685 pleatur.
2279 4617 2395 4671 Noli
2419 4627 2592 4677 tamen
2611 4618 2809 4686 justum
2832 4618 2973 4675 hunc
2999 4631 3196 4676 temere
3218 4625 3595 4692 condemnare,

2028 4707 2368 4761 dilectissime
2392 4747 2406 4770 ,
2437 4707 2531 4762 sed
2555 4723 2617 4762 ex
2650 4708 2750 4761 hoc
2780 4711 2954 4776 potius
2983 4711 3198 4763 multam
3226 4711 3343 4780 ejus
3369 4713 3600 4780 pruden-

2029 4795 2154 4848 tiam
2183 4809 2246 4849 ac
2275 4795 2630 4850 fortitudinem
2655 4810 2951 4863 cognosce;
2976 4798 3335 4853 fortitudinem
3361 4801 3596 4869 quidem,

2029 4883 2170 4952 quod
2214 4884 2282 4936 ita
2325 4897 2583 4952 generose
2627 4881 2856 4937 motibu's
2895 4885 3272 4955 Cogitationum
3304 4890 3599 4955 restiterit,

2032 4986 2229 5041 eosque
2255 4973 2539 5040 superarit,
2568 4980 2623 5025 ut
2650 4972 2808 5025 etiam
2843 4973 2936 5027 ista
2965 4973 3286 5031 consuleret.
3319 4977 3428 5033 Hac
3453 4979 3596 5034 enim

2033 5075 2099 5121 re,
2126 5059 2255 5114 nihil
2306 5075 2425 5114 esse
2467 5060 2844 5115 intolerabilius
2886 5064 3007 5116 audi
3054 5080 3116 5118 ex
3161 5065 3479 5131 Salomone.
3509 5069 3599 5139 qui

2032 5150 2205 5205 dicit:
2244 5150 2429 5203 Plenus
2475 5151 2605 5204 enim
2652 5152 2747 5204 zeli
2774 5155 2918 5223 furor
2958 5154 3053 5207 uiri
3095 5154 3238 5223 eius;
3283 5174 3384 5212 non
3431 5171 3602 5228 parcet

2035 5241 2086 5293 in
2121 5240 2202 5294 die
2246 5240 2468 5310 judieii,
2500 5257 2655 5311 neque
2691 5243 3011 5296 eommutobit
3039 5246 3209 5298 odium
3246 5247 3417 5302 multis
3456 5249 3603 5302 donis

2034 5330 2230 5400 (Prov.
2258 5335 2311 5387 ϐ.
2342 5331 2432 5386 St.
2455 5331 2545 5404 35)
2577 5350 2592 5386 :
2619 5341 2674 5388 et
2701 5349 2904 5400 rursus,
2934 5334 3104 5392 Durus
3130 5347 3182 5392 ut
3207 5339 3437 5410 infernus
3465 5343 3602 5400 aetna

2037 5421 2207 5494 (Cant.
2236 5422 2290 5478 s.
2318 5420 2396 5492 s).

2104 5515 2158 5570 5.
2187 5513 2464 5584 Zelotypus
2503 5513 2699 5568 insania
2725 5527 2931 5584 quanta.
2954 5547 3022 5558 —
3038 5517 3231 5574 “ultos
3256 5529 3432 5575 autem
3459 5521 3605 5576 vide-

2041 5617 2158 5658 mus
2179 5604 2230 5656 in
2257 5612 2454 5657 tantam
2483 5603 2739 5657 insaniam
2768 5607 3071 5675 prorupisse
3089 5649 3104 5674 ,
3133 5618 3191 5663 ut
3233 5624 3329 5663 nec
3353 5613 3605 5667 uxoribus

354 5722 408 5764 ut
438 5711 560 5764 mihi
584 5719 793 5780 propter
825 5717 873 5762 te
899 5706 1019 5760 bene
1044 5704 1124 5767 sit,
1149 5712 1193 5756 et
1231 5703 1352 5754 vivet
1390 5700 1558 5754 anitna
1599 5715 1706 5750 utea
1734 5707 1936 5767 propter
2039 5696 2168 5766 ipsis
2191 5702 2489 5766 parcerent,
2515 5694 2608 5750 sed
2648 5705 2698 5751 et
2719 5695 3014 5754 adulterum
3045 5700 3214 5771 ipsum
3241 5713 3604 5773 saepenumero
