4070 6194
550 312 655 368 299

552 438 605 480 et
631 423 940 489 semctipsos
967 420 1350 472 interimerent.
1380 415 1546 469 Tanta
1575 415 1650 470 rei
1681 415 1837 483 hujus
1864 425 1945 468 est
1973 417 2116 467 insu-

553 516 634 567 nia
656 553 670 574 ,
701 519 807 564 tam
839 511 1102 578 impotens
1124 515 1180 562 et
1205 505 1457 560 indomita
1484 513 1570 560 est
1593 504 1870 575 sclotypia,
1899 512 1958 557 ut
1995 519 2117 557 cum

550 603 639 670 qui
671 600 834 654 semel
861 598 959 652 hoe
978 597 1288 666 aegritudine
1311 603 1589 663 correptus
1612 595 1700 653 sit.
1727 593 1922 646 efficiat
1959 595 2117 646 ctiam

551 691 815 758 propriam
841 689 1066 742 sabinam
1096 697 1457 740 ctmtemncrc.
1489 685 1567 736 Ae
1592 681 1954 736 fortitudinem
1997 683 2116 751 qui-

547 786 668 836 dem
704 783 832 850 justi
880 782 1004 836 licet
1050 781 1174 835 inde
1216 791 1536 849 cognoscere
1562 795 1576 832 :
1607 779 1935 848 prudentiam
1988 793 2118 832 vero

551 889 654 924 non
684 871 1004 926 mediocrem
1032 887 1094 923 ex
1122 885 1208 935 eo,
1238 870 1379 938 quod
1423 870 1478 922 in
1525 879 1696 923 tantas
1740 869 1984 924 redactus
2023 881 2116 921 an.

545 963 748 1029 gustias
784 973 837 1015 et
869 970 1134 1030 tamquam
1167 960 1364 1028 laqueis
1392 961 1644 1021 irretitus,
1673 959 1811 1012 hanc
1854 959 1990 1013 viam
2019 974 2115 1026 pn-

550 1052 708 1103 tserit
733 1051 1060 1111 adit-Venire,
1090 1059 1192 1116 dua
1223 1049 1415 1101 malum
1452 1049 1865 1101 imminueretur.
1894 1046 2023 1100 Nam
2071 1047 2115 1098 si

547 1140 758 1207 quidem
781 1139 998 1192 dixisset
1029 1151 1245 1192 uxorem
1266 1152 1324 1191 se
1353 1138 1491 1190 illius
1515 1152 1654 1202 esse,
1678 1151 1847 1206 neque
1890 1137 2114 1189 fabulam

549 1233 690 1284 illaut
717 1232 932 1300 egisset,
957 1246 1020 1283 ac
1043 1230 1242 1285 sorOris
1289 1243 1479 1282 nomen
1525 1237 1830 1295 usurpasset
1854 1244 1868 1281 :
1897 1237 1950 1282 et
2003 1228 2114 1294 ijlsa

542 1326 684 1392 justo
711 1332 891 1389 erepta
912 1330 1073 1382 esset,
1099 1335 1218 1374 cum
1245 1320 1362 1387 eius
1385 1319 1568 1372 forma:
1598 1318 1931 1386 pulchritudo
1957 1316 2115 1372 lasci-

545 1429 668 1467 vum
696 1411 1069 1481 Egyptiorttm
1093 1410 1326 1464 animum
1367 1410 1692 1478 pcilexisset,
1722 1421 1773 1463 et
1810 1408 2116 1466 interfectus

540 1504 714 1570 justus
741 1501 946 1566 fuisset,
997 1510 1053 1555 ut
1094 1501 1313 1555 sceleris
1348 1509 1620 1553 accusator
1644 1513 1675 1554 e
1699 1499 1872 1553 tnedio
1899 1499 2113 1552 tollere-

545 1603 650 1647 tur.
677 1591 898 1658 Quando
925 1592 1080 1660 igitur
1109 1593 1191 1643 lue
1230 1590 1349 1642 dum
1371 1589 1604 1644 molestae
1639 1603 1728 1644 res
1751 1588 1969 1642 omnino
1995 1603 2118 1655 pro-

544 1694 665 1751 pter
692 1683 960 1736 hominum
991 1681 1204 1735 illortnn
1247 1680 1703 1748 intemperantiam
1760 1681 2003 1747 regisque
2033 1689 2114 1747 ty-

546 1773 819 1827 rannidem
844 1780 1110 1826 eventurte
1135 1778 1310 1833 erant,
1336 1779 1391 1822 ut
1437 1770 1486 1822 in
1517 1769 1674 1821 tantis
1717 1766 2113 1821 difficultatibus

543 1863 790 1931 exiguum
828 1860 1040 1928 aliquod
1083 1858 1329 1913 solatium
1372 1858 1606 1910 nancisci
1657 1865 1874 1925 possent
1927 1874 1940 1910 :
1993 1855 2107 1919 Dic,

545 1953 732 2021 inquit,
763 1952 926 2006 Soror
953 1951 1068 2020 ejus
1098 1965 1251 2012 sum;
1279 1949 1378 2002 hoc
1397 1949 1537 2001 enim
1581 1946 1809 2004 fortasse
1836 1963 1921 2002 me
1955 1965 1984 2001 a
2017 1963 2114 2016 pe-

544 2043 724 2097 riculis
747 2040 1008 2097 liberabit.
1029 2038 1159 2094 Nam
1185 2040 1323 2108 quod
1347 2037 1415 2091 ad
1443 2048 1494 2091 te
1520 2037 1733 2107 quidem
1762 2039 1968 2101 attinet,
1998 2037 2114 2092 sive

539 2145 781 2187 sororem
811 2131 1030 2200 tcipsum
1052 2129 1271 2193 dixeris,
1300 2130 1413 2183 sive
1448 2129 1746 2197 conjugem,
1774 2143 1928 2183 neruo
1955 2143 2113 2198 nega-

541 2224 617 2277 bit
645 2224 768 2292 quin
789 2223 1007 2275 omnino
1036 2220 1267 2274 futurum
1291 2215 1380 2282 sit,
1414 2229 1470 2272 ut
1515 2228 1565 2272 te
1611 2227 1830 2286 propter
1867 2219 2114 2286 corporis

544 2315 987 2387 pulchritudinem
1039 2311 1319 2366 confestim
1359 2311 1621 2379 eripiant;
1659 2325 1745 2364 me
1767 2324 1894 2364 vero
1917 2311 2112 2378 proba-

516 2410 521 2414 ”
546 2407 650 2460 bile
673 2415 753 2459 est
783 2403 1001 2458 insidias
1035 2414 1339 2464 evasurum,
1372 2401 1414 2453 si
1447 2416 1638 2454 nomen
1660 2400 1860 2455 sororis
1883 2414 2112 2468 usurpa-

544 2498 703 2550 verit.
739 2495 898 2550 Vides
921 2493 1251 2563 prudentiain
1275 2492 1434 2561 justi;
1464 2508 1569 2560 quo
1595 2501 1748 2560 pacto
1789 2492 2112 2561 interceptus

550 2591 686 2640 viam
736 2584 964 2654 potuerit
1007 2585 1276 2643 invenire.
1326 2597 1391 2636 ac
1433 2581 1650 2636 modum
1700 2581 2106 2652 excogitaverit,

540 2689 650 2748 quo
694 2678 1059 2748 Egyptiorum
1105 2673 1321 2729 insidias
1372 2683 1550 2743 posset
1592 2674 1864 2729 evadere?
1912 2674 2111 2728 llursus

541 2772 640 2824 hoc
669 2771 788 2824 loco
818 2768 944 2822 mihi
973 2766 1277 2836 patiedtiaut
1328 2777 1540 2835 quoque
1571 2765 1698 2834 justi
1729 2764 2017 2834 perpende,
2047 2779 2110 2818 ac

537 2860 776 2913 mulieris
802 2858 1116 2928 probitatem
1146 2855 1311 2924 :justi
1353 2855 1592 2924 quidem,
1645 2857 1784 2922 quod
1823 2869 1928 2908 non
1975 2855 2111 2907 inlli-

538 2959 726 3016 guntus
752 2948 823 3001 sit
850 2944 1240 3015 nequedixerit
1264 2959 1278 2998 :
1301 2944 1408 2997 Cur
1445 2953 1620 2998 autem
1659 2942 1793 2995 hanc
1835 2943 2108 2996 mulierem

539 3051 747 3091 mecum
764 3037 919 3099 duco,
945 3034 1098 3103 cujus
1125 3035 1290 3102 gratia
1319 3042 1458 3085 tanta
1483 3033 1535 3085 in
1561 3047 1646 3086 me
1667 3041 1947 3100 tempestas
1965 3033 2110 3086 esci-

541 3128 721 3178 totur?
746 3125 872 3193 quid
901 3126 1042 3178 enim
1069 3122 1184 3190 ejus
1223 3122 1348 3175 mihi
1377 3122 1594 3189 prodest
1612 3123 1957 3185 consuetudo,
1989 3138 2106 3176 cum

537 3219 652 3285 ejus
675 3227 836 3270 causa
875 3217 928 3269 in
967 3229 1235 3269 summum
1281 3215 1468 3282 capitis
1513 3213 1800 3268 discrimen
1835 3214 2107 3268 adducar?

537 3309 661 3377 quid
693 3309 818 3362 mihi
841 3307 1068 3377 proficit,
1095 3321 1216 3361 eum
1245 3320 1350 3359 non
1393 3304 1552 3358 modo
1592 3305 1735 3359 nttllo
1788 3321 1876 3360 me
1919 3305 2107 3358 solatio

533 3400 702 3466 juvet,
732 3398 824 3452 sed
853 3401 1013 3452 etiam
1037 3410 1132 3450 sua
1171 3394 1559 3464 pulchritudine
1579 3394 1768 3450 mortis
1811 3394 1938 3449 mihi
1968 3397 2108 3464 peri-

531 3490 712 3544 eulum
757 3486 943 3542 creet!
969 3485 1105 3540 Nihil
1137 3485 1326 3538 horum
1374 3483 1506 3538 dixit
1551 3493 1642 3538 aut
1695 3485 1961 3554 cogitavit,
2009 3484 2105 3539 sed

537 3580 680 3632 omni
711 3577 972 3646 ejusmodi
1008 3577 1204 3645 rejecta
1251 3575 1569 3644 cogitatione
1611 3574 1678 3630 de
1705 3575 1795 3629 Dei
1845 3576 2125 3645 promisso’

535 3670 754 3723 minime
776 3668 1066 3731 dubitavit;
1088 3667 1181 3721 sed
1204 3667 1256 3720 in
1279 3667 1327 3721 id
1353 3682 1512 3721 unum
1537 3667 1795 3733 incubuit,
1823 3678 1878 3722 ut
1914 3669 2105 3736 praevi-

535 3776 652 3812 sum
676 3759 965 3812 discrimen
983 3767 1164 3826 posset
1191 3757 1442 3812 evadere.
1475 3757 1569 3810 Hic
1616 3757 1758 3812 enim
1786 3757 2102 3814 ineffabilem

535 3846 628 3904 Dei
657 3851 959 3918 potiontiaut
991 3848 1375 3915 snitaadverte,
1422 3847 1783 3912 dilectissime,
1814 3865 1919 3918 quo
1949 3859 2102 3919 pacto

533 3954 641 3992 non
683 3939 900 3992 assistat
938 3953 1108 4008 neque
1128 3937 1432 3993 consoletur
1453 3937 1676 4006 justum,
1714 3938 1812 3992 sed
1864 3939 2103 4007 iugi-twe-

529 4043 683 4082 scere
707 4028 842 4081 mala
871 4028 1012 4082 sinat
1032 4037 1087 4081 et
1110 4027 1308 4096 augeri,
1337 4036 1494 4096 atque
1541 4028 1592 4080 in
1625 4037 1888 4084 extremas
1933 4044 2100 4097 augu-

529 4119 663 4171 stias
711 4117 899 4186 redigi,
943 4126 1160 4187 tumque
1201 4132 1350 4170 suam
1407 4117 1786 4185 providentiam
1834 4119 2097 4172 ostendat.

533 4207 628 4262 Dis
649 4208 826 4276 igitur,
845 4206 1038 4276 inquit,
1067 4207 1228 4259 Soror
1271 4207 1381 4274 ejus
1429 4223 1542 4258 sum
1569 4221 1590 4259 .'
1612 4216 1665 4260 ut
1710 4206 1832 4260 bene
1871 4207 1932 4259 sit
1975 4207 2100 4260 mihi

533 4309 736 4367 propter
780 4311 848 4361 te,
895 4307 943 4351 ot
990 4298 1112 4350 vivet
1161 4298 1332 4350 animo
1364 4313 1476 4349 mea
1501 4309 1700 4367 propter
1719 4307 1783 4352 te.
1809 4297 1922 4352 Non
1950 4299 2097 4367 quasi

529 4388 786 4440 moritura
811 4394 956 4440 esset
979 4385 1142 4453 ipsius
1168 4384 1361 4448 anima,
1383 4384 1498 4438 haec
1522 4385 1655 4439 dixit
1679 4386 1849 4455 justus
1889 4385 2100 4454 (Nolite

531 4477 672 4530 enim
691 4477 883 4543 timere,
912 4477 1098 4544 inquit,
1128 4493 1212 4529 eos
1245 4477 1329 4544 qui
1357 4477 1592 4532 occidunt
1627 4494 1828 4546 corpus,
1877 4481 2097 4531 animam

531 4577 700 4619 autem
726 4582 827 4619 non
846 4574 1053 4635 possunt
1077 4566 1300 4619 occidere
1325 4565 1537 4640 [.lfatth.
1569 4567 1654 4621 10.
1684 4565 1823 4637 28]),
1852 4568 1943 4621 sed
1964 4572 2092 4621 sim-

533 4657 739 4726 pliciter
759 4671 824 4710 ex
843 4655 1225 4710 consuetudine
1247 4655 1328 4709 bis
1349 4656 1522 4709 verbis
1544 4651 1759 4709 uxorem
1782 4655 1970 4710 affatus
1992 4665 2092 4710 est.

533 4747 602 4803 Ut
622 4749 742 4801 bene
767 4747 891 4799 mihi
905 4746 991 4810 sit,
1022 4747 1204 4815 inquit,
1232 4755 1432 4816 prapter
1458 4755 1524 4812 te,
1555 4757 1607 4799 et
1631 4744 1751 4800 vivet
1789 4747 1958 4800 anima
1986 4764 2095 4800 mea

529 4848 731 4912 propter
767 4847 819 4892 te
849 4855 868 4892 :
895 4839 1045 4908 quasi
1071 4839 1272 4892 diceret
1317 4839 1389 4894 illi
1420 4857 1433 4892 :
1457 4838 1574 4901 Dic,
1621 4838 1781 4893 Soror
1805 4843 1912 4902 eius
1937 4857 2044 4894 sum
2073 4857 2092 4894 :

530 4947 598 4985 ne
620 4929 823 4985 oﬂiciss
847 4938 924 4995 ut,
950 4944 1070 4984 cum
1101 4937 1317 4997 promer
1340 4927 1530 4982 famem
1570 4944 1602 4984 e
1625 4930 1919 4984 Chananata
1951 4931 2091 5000 fuge-

528 5021 648 5085 rim,
681 5019 924 5072 manibus
959 5033 1150 5073 eneeer
1175 5019 1568 5089 1Egyptiorum.
1600 5019 1720 5074 Fias
1765 5022 1940 5089 potius
1964 5023 2091 5076 mihi

528 5110 712 5164 salutis
742 5123 922 5171 causa,
956 5107 1026 5162 Ut
1061 5110 1182 5162 bene
1212 5110 1274 5162 sit
1317 5108 1438 5160 mihi
1467 5117 1668 5176 propter
1690 5118 1753 5162 te.
1781 5099 2090 5165 Miser-altilia

521 5209 650 5254 sunt
676 5199 790 5253 hrec
830 5200 1011 5264 verba,
1061 5199 1154 5254 sed
1176 5207 1230 5252 et
1278 5199 1472 5252 multus
1512 5210 1626 5252 erat
1665 5200 1826 5254 timor
1873 5215 2090 5270 propter

525 5289 782 5344 insaniam
817 5289 1212 5360 Egyptiacam,
1255 5294 1310 5340 et
1357 5287 1474 5354 quia
1519 5287 1750 5341 nondum
1776 5291 1959 5343 mortis
1977 5301 2092 5345 erat

524 5380 698 5432 soluta
719 5380 980 5449 tyrannis;
1015 5389 1287 5447 propterea
1315 5377 1364 5427 in
1391 5377 1700 5430 adttltcriunt
1741 5379 1917 5432 uxoris
1963 5395 2089 5432 cun-

519 5469 682 5522 scatit
721 5469 914 5536 justus,
941 5476 1000 5522 et
1041 5466 1187 5534 quasi
1239 5466 1401 5519 servit
1447 5465 1686 5519 adultero
1738 5469 1789 5520 iu
1839 5468 2077 5522 mulieris

521 5557 918 5620 contumeliam,
948 5566 1003 5610 ut
1045 5565 1267 5608 tuorlcnt
1316 5555 1546 5626 effugiat.
1591 5557 1714 5612 Erat
1749 5559 1890 5612 enim
1917 5557 2090 5613 adhuc

524 5647 773 5700 terribilis
811 5647 972 5702 facies
1003 5645 1227 5712 mortis;
1272 5647 1502 5702 nondum
1555 5661 1704 5704 erant
1741 5667 1892 5707 terea:
1920 5661 2085 5721 porta-

1323 305 1378 362 S.
1418 305 1690 361 ιολκαιδ
1723 304 2190 360 CllllYSOSTOMI
2234 306 2542 360 ARCIIIEI'.
2585 307 3101 366 CONSTANTINOP.

3704 325 3811 377 ἴα)

2226 415 2508 468 confracta!
2561 434 2576 480 ;
2629 418 2857 473 nondum
2904 433 3018 474 erat
3067 425 3284 480 aculeus
3332 429 3449 498 ejus
3497 432 3804 487 hebetatam.

2231 503 2416 558 Vidisti
2456 507 2722 560 vinculum
2765 511 3001 564 caritatis
3052 513 3147 567 viri
3194 526 3252 570 et
3296 517 3572 575 mulieris?
3619 527 3806 579 vidisti

2223 596 2394 647 virum
2416 637 2431 658 ,
2463 597 2635 662 qualia
2659 598 2862 652 mulieri
2889 615 3170 669 suggerere
3199 607 3270 658 sit
3303 622 3492 676 ausus,
3539 619 3593 665 et
3635 617 3802 682 quale

2222 685 2500 738 censilium
2527 688 2790 754 acceperit
2814 691 3042 744 mulier?
3070 691 3185 747 Non
3213 698 3387 750 renuit
3408 738 3424 759 ,
3454 717 3626 769 neque
3675 715 3807 771 gra—

2221 775 2383 825 vatim
2411 774 2509 829 fert
2538 791 2554 829 :
2586 778 2676 829 sed
2705 781 2881 832 tllllnla
2925 780 3086 843 facit,
3118 785 3187 837 ita
3234 795 3290 838 ttt
3341 787 3514 841 fabula
3557 802 3610 844 et
3653 795 3807 846 fictio

2224 862 2311 915 illa
2353 863 2528 917 lateat.
2575 867 2805 920 Audiant
2853 870 2947 922 viri
2997 880 3050 923 et
3099 873 3347 928 mulieres
3373 916 3386 938 ,
3430 886 3485 930 et
3524 879 3809 935 imitentur

2225 950 2411 1004 horum
2464 957 2842 1019 cuneordiam,
2898 960 3164 1014 vinculum
3221 967 3484 1030 caritatis,
3544 969 3804 1035 pietatem

2224 1043 2514 1113 insignem,
2562 1058 2614 1100 et
2651 1049 2796 1102 Sara;
2845 1053 3220 1106 continentiam
3271 1057 3616 1119 aamulentur;
3675 1077 3805 1129 qua:

2225 1133 2393 1186 vetula
2437 1135 2488 1186 in
2533 1144 2674 1189 tanta
2720 1146 2992 1192 venustate
3023 1155 3372 1208 permanens,
3411 1147 3646 1200 certabat
3675 1163 3805 1201 cum

2216 1223 2364 1290 justo
2395 1225 2671 1279 virtutibus
2702 1245 2714 1279 :
2745 1227 2862 1282 ideo
2891 1239 2943 1282 et
2977 1240 3175 1285 tantam
3225 1235 3341 1301 ejus
3382 1250 3562 1288 curam
3613 1237 3807 1292 habuit

2226 1313 2360 1365 Deus
2388 1355 2403 1378 ,
2435 1323 2740 1385 tantumque
2769 1331 2998 1386 snpernc
3029 1322 3099 1373 illi
3132 1323 3442 1376 retributtun
3473 1336 3574 1378 est.
3606 1326 3805 1380 Nullus

2224 1401 2379 1469 igitur
2417 1413 2633 1456 accuset
2677 1406 3152 1474 pulchritudinem,
3207 1412 3380 1464 nullus
3427 1411 3542 1466 hate
3591 1415 3801 1468 inutilia

2220 1493 2376 1545 verba
2403 1493 2542 1548 dicat
2570 1511 2582 1546 :
2615 1489 2761 1550 llauc
2804 1498 3033 1563 perdidit
3062 1495 3263 1564 forma;
3296 1501 3415 1555 huic
3460 1501 3804 1571 pulchritudo

2219 1598 2376 1636 causa
2426 1585 2520 1638 fuit
2558 1586 2815 1641 interitus.
2853 1589 2966 1642 Non
3013 1592 3348 1658 pulchritudo
3389 1593 3439 1646 in
3483 1608 3797 1650 causaest:

2217 1671 2382 1734 absit;
2411 1687 2543 1740 opus
2571 1676 2713 1728 enim
2739 1675 2827 1730 Dei
2849 1688 2928 1730 est
2954 1689 3003 1732 et
3031 1680 3139 1748 ipsa
3166 1699 3178 1732 :
3204 1682 3295 1735 sed
3325 1697 3570 1750 perversa
3603 1694 3801 1740 volun-

2231 1769 2311 1814 tas
2342 1762 2596 1816 tnalorutn
2633 1763 2866 1818 onmium
2895 1779 3050 1820 causa
3077 1779 3177 1822 est.
3216 1763 3400 1823 Vidisti
3426 1769 3798 1830 admirabilem

2229 1851 2364 1904 hanc
2391 1853 2660 1908 mulierem
2690 1857 2931 1925 utrinque
2958 1857 3300 1924 relucentem,
3331 1873 3381 1916 et
3408 1863 3476 1916 ob
3502 1865 3801 1933 pulchritu~

2218 1939 2394 1994 dinem
2420 1943 2630 2010 animm,
2653 1955 2707 1998 et
2735 1945 2802 1999 ob
2830 1945 3212 2002 formositatem
3240 1945 3389 2005 faciei
3419 1955 3637 2022 vestigia
3661 1957 3798 2021 justi

2219 2038 2455 2103 proxime
2499 2040 2850 2107 sequentem?
2885 2033 3028 2093 Hanc
3071 2040 3342 2095 imitentur
3386 2045 3654 2099 mulieres.
3699 2049 3798 2101 ΕΙ.-

2215 2127 2356 2182 enim
2385 2139 2482 2181 nec
2510 2129 2796 2181 venustatis
2823 2127 3006 2194 decor,
3039 2145 3136 2184 nec
3157 2128 3425 2197 sterilitas,
3457 2149 3552 2188 nec
3591 2145 3796 2191 tantum

2219 2227 2448 2286 tempus,
2478 2232 2573 2272 nec
2596 2217 2898 2271 facultatum
2939 2217 3278 2286 abundantia,
3304 2238 3476 2291 neque
3502 2234 3578 2278 tot
3605 2228 3797 2294 migra-

2219 2307 2409 2371 tiones,
2441 2321 2608 2376 neque
2648 2307 3114 2376 peregrinationes,
3156 2320 3211 2364 et
3251 2313 3514 2366 continua:
3555 2316 3794 2368 crebrze-

2214 2411 2317 2466 que
2363 2389 2715 2461 tcutationes,
2761 2397 2843 2450 vel
2893 2398 3145 2468 quidquid
3197 2395 3338 2466 tale,
3387 2411 3618 2456 mentem
3671 2407 3794 2471 ejus

2216 2501 2428 2540 movere
2457 2495 2775 2554 potuerunt:
2805 2483 3089 2541 immobilis
3123 2491 3264 2543 enim
3297 2493 3507 2544 mansit.
3538 2491 3692 2547 Unde
3721 2497 3793 2548 ob

2217 2577 2560 2646 patientiam,
2611 2571 2820 2646 dignam
2869 2580 3162 2633 mercedem
3219 2583 3548 2649 reportavit:
3585 2584 3637 2636 in
3687 2601 3790 2638 ex-

2219 2675 2383 2720 trema
2409 2667 2546 2720 enim
2578 2677 2867 2731 senectute,
2891 2685 2952 2721 ex
2980 2670 3128 2724 vulva
3157 2671 3323 2724 sterili
3351 2679 3406 2726 et
3432 2683 3582 2726 utero
3609 2689 3792 2729 emor-

2217 2764 2304 2808 tuo
2328 2771 2513 2822 parere
2541 2756 2728 2824 potuit.
2763 2755 2827 2810 Ut
2855 2758 2994 2822 milii,
3023 2757 3212 2827 inquit,
3239 2761 3358 2813 bene
3383 2763 3444 2813 tit
3471 2774 3676 2832 propter
3705 2777 3788 2832 te,

2213 2853 2258 2896 et
2282 2839 2402 2896 vivet
2445 2845 2613 2896 animo
2656 2861 2763 2897 mea
2811 2857 3012 2916 prapter
3049 2853 3112 2900 le.
3163 2850 3322 2914 Quasi
3372 2851 3614 2906 diceret:
3645 2853 3788 2910 Nihil

2212 2933 2351 2987 aliud
2380 2933 2613 2987 relictum
2646 2935 2770 2988 mihi
2817 2947 2896 2990 est
2943 2938 3007 2990 ad
3062 2939 3308 3004 salutem,
3337 2955 3492 3010 quam
3521 2953 3578 2996 ut
3601 2945 3786 3000 dicas:

2215 3023 2374 3075 Soror
2416 3025 2522 3095 rjus
2561 3042 2691 3078 sum.
2740 3021 3001 3081 Fortassis
3029 3029 3168 3082 enim
3211 3031 3455 3101 effugiam
3493 3037 3787 3103 periculum

2213 3113 2352 3180 quod
2387 3110 2668 3168 reformido
2693 3155 2709 3181 ,
2736 3125 2789 3170 et
2811 3117 3026 3184 posthac
3053 3134 3268 3190 propter
3292 3125 3343 3177 te
3376 3125 3543 3178 vit‘am
3565 3168 3580 3189 ,
3612 3138 3662 3180 ct
3689 3130 3785 3183 tibi

2211 3201 2349 3269 quod
2373 3199 2631 3271 reliquum
2655 3207 2773 3258 vita-
2795 3203 2950 3260 fuerit
2973 3217 3242 3278 acceptum
3271 3212 3516 3267 referam.
3545 3216 3788 3273 Sufficie-

2211 3291 2337 3346 bant
2373 3293 2486 3346 hate
2520 3294 2677 3349 verba
2707 3297 2773 3351 ad
2801 3299 3312 3357 commiserationem
3346 3305 3526 3360 exesis
3555 3321 3785 3363 moven-

2209 3381 2329 3435 dam
2349 3411 2368 3445 ο,
2413 3393 2463 3438 et
2508 3384 2574 3438 ad
2621 3385 3066 3454 pet-suadendum.

2280 3471 2331 3527 6.
2366 3473 2476 3527 Hoc
2513 3481 2638 3530 vere
2664 3485 2745 3530 cst
2769 3478 3065 3548 conjugium
3087 3520 3102 3543 ,
3143 3477 3355 3550 quando
3386 3495 3490 3538 non
3520 3489 3693 3542 solum
3728 3491 3782 3545 in

2211 3564 2577 3632 prosperitate,
2602 3565 2692 3618 sed
2721 3576 2770 3619 et
2799 3565 2848 3619 in
2870 3567 3120 3636 periculis
3147 3571 3301 3625 simul
3331 3573 3604 3630 ambulant
3633 3599 3648 3632 :
3676 3581 3783 3634 hoc

2205 3670 2472 3724 germana:
2498 3655 2730 3710 caritatis
2757 3658 3004 3713 indicium
3033 3671 3114 3714 est
3138 3679 3151 3723 ;
3176 3661 3275 3716 hoc
3308 3666 3458 3734 signo
3482 3671 3782 3724 certissime

2207 3744 2577 3798 iuteruoseitur
2598 3746 2844 3799 amicitia.
2873 3747 2984 3801 Neu
3011 3753 3087 3804 si‘c
3112 3751 3349 3805 diadema
3375 3757 3425 3808 in
3443 3758 3612 3823 capite
3632 3762 3778 3826 posi-

2206 3841 2315 3886 tum
2344 3849 2518 3904 regem
2544 3835 2784 3901 illustrat,
2807 3846 2964 3905 atque
2981 3841 3274 3894 obedientia
3293 3843 3401 3906 illa,
3426 3861 3526 3913 qua
3551 3833 3778 3902 consilio

2200 3923 2326 3994 justi
2351 3925 2538 3993 paruit,
2566 3927 2698 3980 hanc
2719 3928 2920 3982 beatam
2947 3931 3188 3986 feminam
3213 3933 3470 3990 illustrem
3498 3948 3550 3990 et
3571 3942 3774 3996 claram

2204 4013 2600 4067 demonstravit.
2650 4015 2814 4081 Quem
2862 3998 3020 4087 igilur
3043 4037 3147 4075 non
3195 4024 3620 4093 obstupefaceret
3655 4031 3773 4084 tunc

2205 4103 2424 4172 parendi
2453 4103 2708 4158 facilitas?
2753 4102 2870 4174 quis
2911 4107 3045 4164 hanc
3086 4113 3212 4165 satis
3263 4109 3596 4182 laudaverit,
3628 4122 3772 4186 quod

2203 4204 2321 4264 post
2363 4203 2557 4249 tantam
2600 4195 3015 4263 continentiam,
3047 4209 3101 4255 et
3137 4199 3189 4255 in
3230 4205 3316 4257 tali
3359 4215 3514 4260 tenue
3558 4207 3627 4262 ad
3665 4209 3772 4264 hoc

2203 4293 2259 4339 ut
2297 4285 2494 4354 justum
2522 4297 2726 4354 servet,
2759 4298 3012 4360 quantmn
3039 4301 3102 4344 ex
3129 4287 3291 4361 ipsius
3328 4295 3593 4352 voluntate
3631 4313 3770 4366 pen-

2201 4373 2389 4438 debat,
2425 4377 2581 4430 etiam
2631 4377 2888 4434 adulterio
2940 4389 2999 4436 se
3047 4386 3286 4451 eXpoult
3327 4391 3381 4438 et
3422 4385 3769 4443 barbarorum

2199 4463 2549 4535 congressui?
2595 4463 2698 4522 Sed
2735 4471 3002 4541 'pauliSper
3046 4481 3320 4542 exspecta,
3347 4485 3400 4529 et
3447 4478 3650 4532 ridebis
3673 4495 3769 4532 sa-

2202 4559 2428 4626 pientem
2458 4561 2808 4629 solertemque
2837 4563 2924 4615 Det
2959 4565 3361 4630 providentiam.
3390 4566 3518 4620 Nam
3543 4581 3767 4636 pm'plel’

2201 4648 2301 4701 hoc
2333 4649 2466 4702 Deus
2493 4660 2685 4704 tantam
2714 4667 2818 4721 pra:
2849 4669 2905 4706 se
2935 4655 3049 4707 tulit
3076 4654 3376 4723 patientiam
3398 4697 3412 4722 ,
3437 4667 3492 4711 et
3517 4661 3764 4726 opitulari

2198 4739 2430 4804 distulit,
2454 4748 2510 4792 ut
2532 4741 2727 4806 justum
2755 4743 3028 4798 clariorem
3061 4746 3257 4799 laceret
3275 4787 3288 4808 ,
3316 4755 3370 4800 et
3399 4763 3495 4817 per
3516 4763 3576 4803 ea
3602 4789 3618 4814 ,
3646 4765 3766 4819 quae

2200 4828 2303 4882 illic
2327 4839 2470 4898 gesta
2493 4837 2614 4883 sunt
2632 4873 2646 4894 ,
2675 4846 2776 4885 non
2811 4831 2980 4886 Solum
3011 4833 3263 4906 Egyptii,
3296 4839 3387 4891 Sed
3415 4847 3468 4892 et
3497 4841 3761 4896 Palmstiui

2198 4917 2530 4973 erudirentur
2553 4961 2566 4984 ,
2595 4931 2836 4988 quantam
2864 4926 3281 4981 benevolentiam
3314 4928 3518 4983 Domini
3547 4934 3759 4985 univer-

2197 5025 2374 5064 surum
2405 5014 2732 5081 experiretur
2750 5017 3062 5083 patriarcha.
3094 5018 3180 5072 14.
3212 5012 3424 5073 Factum
3444 5029 3534 5083 est,
3568 5023 3763 5091 inquit,

2197 5105 2395 5172 quando
2410 5106 2607 5158 intravit
2626 5107 2807 5159 Abram
2823 5109 2874 5160 in
2891 5107 2962 5161 1E
2965 5121 3193 5179 gyptum,
3219 5121 3273 5163 ut
3293 5111 3768 5183 oideruntEgyptii

2197 5213 2421 5262 uxorem,
2451 5197 2585 5265 quod
2612 5209 2734 5251 esset
2754 5200 2896 5252 valde
2916 5200 3126 5270 pulchra
3155 5217 3175 5255 :
3207 5203 3292 5257 15.
3316 5211 3364 5257 et
3387 5205 3618 5258 viderunt
3650 5221 3766 5261 earn

2197 5287 2442 5355 principes
2470 5285 2771 5352 Pharaonis,
2800 5299 2846 5341 et
2871 5290 3200 5344 laudauerunt
3225 5307 3335 5346 eam
3360 5295 3497 5363 apud
3528 5294 3764 5348 Pharao-

2196 5395 2324 5438 nem,
2373 5389 2420 5430 et
2459 5378 2835 5432 introduxerunt
2861 5397 2970 5435 eam
3003 5383 3054 5436 in
3091 5383 3292 5436 domum
3330 5382 3633 5449 Pharaonis,
3667 5387 3758 5440 l6.

2195 5478 2240 5520 et
2286 5469 2469 5520 Abram
2498 5469 2618 5522 bene
2643 5471 2717 5521 usi
2750 5481 2866 5523 sunt.
2921 5479 3123 5538 pmptcr
3161 5471 3322 5525 illum.
3367 5471 3434 5525 Et
3475 5478 3670 5542 {acuunt
3708 5477 3757 5526 ei

2193 5573 2324 5620 ores,
2349 5568 2394 5611 et
2421 5560 2578 5618 vituli,
2621 5569 2663 5611 et
2691 5561 2838 5628 asini,
2879 5570 2923 5613 et
2969 5561 3113 5626 servi,
3155 5573 3202 5616 et
3224 5564 3440 5628 ancilla,
3467 5575 3514 5618 et
3546 5565 3686 5629 ututi,
3707 5573 3758 5616 et

2195 5648 2389 5702 cameli.
2420 5645 2548 5700 Vide
2571 5649 2833 5716 quomodo
2857 5663 2918 5705 ea
2944 5665 3061 5722 qut'e
3090 5652 3232 5722 prius
3256 5651 3429 5721 justus
3451 5656 3765 5726 suspicaba-
