4084 6214
311 383 423 436 Ξειθ

312 508 466 569 τούς.
500 505 748 574 Τοσαύτη
771 500 865 558 τοῦ
891 503 1213 574 πράγματός
1240 505 1385 556 ἐστιν
1410 507 1442 575 ή
1477 505 1664 574 μανία,
1697 505 1789 558 καὶ
1820 505 1990 566 οὕτως

313 593 621 658 ἀκάθεκτός
649 595 798 646 ἐστιν
827 595 855 646 6
884 592 1065 662 ζῆλος,
1093 591 1169 654 ὡς
1197 589 1637 662 παρασκευάζειν
1666 592 1759 645 καὶ
1792 593 1886 662 τῆς
1916 593 1994 644 οί-

314 680 472 744 κείας
495 680 768 751 σωτηρίας
789 680 1063 751 ὑπεριδεῖν
1088 679 1177 731 τὸν
1199 677 1348 743 ἅπαξ
1371 678 1566 732 ἁλόντα
1584 678 1659 750 τῷ
1678 678 1859 733 πάθει.
1885 677 1990 731 Καὶ

311 769 414 839 τὴν
447 769 546 839 μὲν
571 768 824 839 ἀνδρείαν
855 768 1066 821 ἐκεῖθεν
1100 765 1216 819 ἔστι
1259 765 1598 836 καταμαθεῖν
1629 766 1723 820 τοῦ
1754 765 1986 818 δικαίουο

308 858 416 924 τὴν
446 856 502 908 δὲ
531 856 744 909 σύνεσιν
772 855 937 908 αὑτοῦ
968 854 1066 925 τὴν
1102 853 1325 924 πολλὴν,
1356 853 1437 906 ὅτι
1467 855 1522 906 ἐν
1550 853 1832 925 ἀμηχανίᾳ
1863 871 1987 907 τοσ-

309 941 476 1013 αύτῃ,
499 943 593 996 καὶ
622 941 810 1012 ὥσπερ
841 942 898 994 ἐν
933 940 1172 1004 δικτύοις
1199 940 1534 1011 ἀποληφθεὶς
1561 941 1743 1010 ἴσχυσε
1783 941 1988 1011 ταύτην

308 1030 496 1101 εὑρεῖν
523 1030 622 1100 τὴν
649 1030 788 1091 666v,
822 1029 888 1082 δι’
918 1024 987 1100 ῆς
1014 1029 1232 1081 ἔλαττον
1265 1027 1331 1081 ἂν
1361 1026 1571 1096 γένοιτο
1602 1029 1663 1081 τὸ
1693 1028 1882 1082 κακόν.
1922 1031 1985 1082 El

313 1116 418 1184 μὲν
443 1116 551 1188 γάρ
573 1112 745 1178 εἶπεν,
777 1117 860 1170 δτι
882 1117 1018 1186 γυνὴ
1047 1115 1213 1169 αὑτοῦ
1235 1111 1324 1186 ἦν,
1349 1116 1443 1169 καὶ
1471 1115 1544 1186 μὴ
1572 1117 1902 1188 ὑπεκρίνατο
1926 1117 1986 1169 τὸ

306 1202 518 1274 δρᾶμα,
557 1204 650 1258 καὶ
670 1202 748 1274 τῷ
774 1204 873 1274 τῆς
901 1203 1132 1273 ἀδελφῆς
1159 1203 1381 1273 ὀνόματι
1403 1204 1692 1274 ἐχρήσατο,
1724 1204 1818 1258 καὶ
1845 1203 1980 1276 αὑτὴ

305 1289 377 1342 ἂν
412 1290 660 1363 ἀφῃρέθη
712 1291 807 1343 τοῦ
853 1291 1092 1356 δικαίου,
1136 1290 1230 1344 τοῦ
1267 1291 1497 1356 κάλλους
1541 1292 1638 1363 τῆς
1679 1291 1983 1366 εὐμορφίας

307 1377 695 1448 ἐπισπωμένου
743 1378 850 1430 τῶν
899 1377 1214 1445 Αἰγυπτίων
1259 1378 1358 1449 τὴν
1403 1378 1702 1432 ἀκόλαστον
1729 1378 1977 1449 γνώμην,

309 1465 410 1518 καὶ
432 1465 461 1518 6
487 1465 693 1528 δίκαιος
715 1463 781 1517 ἂν
801 1464 1038 1534 ἐσφάγη,
1071 1463 1211 1517 ὥστε
1239 1463 1312 1536 μὴ
1339 1461 1480 1518 εἶναι
1509 1465 1600 1518 τὸν
1629 1465 1848 1537 ἐλεγχον
1878 1467 1978 1537 τῆς

308 1552 676 1624 παρανομίας.
704 1552 821 1605 Ἵνα
853 1547 969 1615 οὖν,
993 1551 1102 1605 τῶν
1133 1551 1226 1604 δύο
1248 1551 1451 1605 τούτων
1479 1552 1728 1621 χαλεπῶν
1758 1554 1979 1623 μελλόν-

303 1656 417 1693 των
462 1641 680 1702 πάντως
734 1638 1006 1692 ἐκϐαίνειν
1035 1638 1125 1692 διά
1151 1639 1250 1709 τὴν
1279 1638 1552 1710 ἀκρασίαν
1584 1639 1692 1694 τῶν
1744 1641 1973 1713 ἀνδρῶν,

304 1725 402 1779 καὶ
434 1724 528 1778 τοῦ
568 1724 832 1796 βασιλέως
875 1726 972 1794 τήν
1016 1725 1335 1796 τυραννίδα,
1361 1725 1663 1797 δυνηθῶσιν
1691 1728 1749 1780 ἐν
1773 1729 1976 1800 ἀπορία

303 1813 476 1884 πολλῇ
508 1813 708 1885 μικράν
732 1830 855 1867 τινα
876 1813 1233 1885 παραμυθίαν
1255 1816 1456 1887 εὑρεῖν,
1483 1815 1670 1886 φησιν’
1696 1816 1863 1880 Εἰπὲ,
1887 1817 1974 1871 ὅτι

317 1899 580 1970 Ἀδελφὴ
616 1900 802 1955 αὐτοῦ
831 1902 949 1970 είμι
975 1917 988 1932 ο
1015 1900 1174 1955 τοῦτο
1205 1900 1315 1974 γὰρ
1335 1902 1434 1974 ἐμὲ
1462 1902 1592 1968 ῖσως
1621 1902 1974 1974 ἐλευθερώσει

303 1986 416 2042 τῶν
435 1985 714 2042 κινδύνων.
738 1987 812 2040 Τὸ
836 1987 946 2058 γὰρ
963 1987 1078 2056 σὺν,
1103 1988 1204 2042 κάν
1228 2005 1286 2041 τε
1311 1988 1546 2060 ἀδελφὴν
1574 1989 1736 2064 είπῃς
1750 1989 1970 2061 σαυτὴν,

306 2075 410 2128 κάν
436 2090 497 2128 τε
528 2076 780 2142 γυναῖκα,
809 2073 980 2137 οὑδεὶς
1024 2076 1240 2145 ἀντερεῖ
1272 2077 1354 2129 ὅτι
1395 2076 1613 2140 πάντως
1654 2077 1969 2148 ἐκϐήσεται,

305 2160 402 2213 καὶ
431 2159 792 2232 ἐπιδραμοῦσι
822 2163 887 2232 τῇ
912 2162 1197 2232 ἀφαιρέσει
1219 2162 1307 2216 διὰ
1327 2163 1425 2234 τὴν
1442 2163 1544 2232 τῆς
1567 2164 1766 2235 σαρκὸς
1781 2165 1973 2235 εὐμορ-

306 2252 465 2320 φίανσ
506 2249 605 2321 ἐμὲ
641 2249 699 2302 δὲ
724 2250 872 2313 είκὸς
907 2249 1190 2319 διαφυγεῖν
1217 2250 1316 2324 τὴν
1333 2251 1646 2320 ἐπιϐουλὴν,
1683 2254 1731 2305 εί
1767 2251 1845 2324 τῷ
1870 2252 1972 2322 τῆς

303 2338 541 2408 ἀδελφῆς
573 2337 796 2408 ὀνόματι
847 2338 1100 2409 χρήσαιο.
1136 2333 1292 2402 Εἶδες
1345 2338 1559 2392 σύνεσιν
1604 2338 1701 2393 τοῦ
1732 2338 1966 2405 δικαίου,

303 2427 420 2490 πῶς
448 2424 785 2494 ἀποληφθεὶς
805 2425 924 2478 ὀδόν
958 2441 1080 2477 τινα
1133 2425 1351 2496 ἴσχυσεν
1397 2426 1596 2497 εὑρεῖν,
1638 2425 1707 2479 δι’
1727 2420 1796 2497 ἦς
1822 2424 1971 2479 ἐϐου-

301 2515 506 2580 λεύετο,
536 2515 656 2578 πῶς
689 2515 755 2567 ἂν
786 2512 1039 2584 δυνηθείη
1075 2511 1175 2583 τῆς
1200 2514 1308 2566 τῶν
1343 2513 1654 2582 Αἰγυπτίων
1672 2511 1968 2584 ἐπιϐουλῆς

302 2603 574 2673 ἀνώτερος
597 2601 884 2670 γενέσθαι;
915 2600 1081 2653 Πάλιν
1105 2599 1424 2668 ἀναλογίζου
1450 2617 1540 2670 μοι
1561 2599 1840 2654 κάνταῦθα
1872 2604 1968 2656 καὶ

300 2688 396 2743 τοὺ
417 2688 625 2743 δικαίου
653 2687 752 2759 τὴν
782 2687 1080 2758 ὑπομονὴν,
1098 2682 1194 2740 καὶ
1221 2687 1322 2756 τῆς
1353 2686 1610 2755 γυναικὸς
1640 2687 1703 2742 τὺ
1732 2689 1966 2758 φιλάγα-

301 2777 394 2830 θον
412 2793 428 2809 θ
467 2775 561 2829 τοῦ
592 2775 692 2846 μέν
723 2760 954 2840 δικαίου,
983 2775 1064 2827 ὅτι
1106 2774 1206 2827 οὑκ
1246 2773 1657 2844 ἀπεδυσπέτησε
1685 2777 1779 2830 καὶ
1805 2772 1925 2830 εῐπε
1945 2795 1960 2810 ο

299 2865 528 2928 Τίνοςδέ
556 2865 743 2918 ἐνεκεν
769 2862 974 2934 ταύτην
1007 2861 1308 2932 ἐπάγομαι,
1337 2863 1516 2917 αἰτίαν
1548 2880 1638 2934 μοι
1670 2865 1962 2936 γινομένην

298 2953 551 3006 τοσούτου
601 2951 928 3014 κλυδωνίου;
972 2948 1029 3002 τί
1071 2950 1179 3021 γάρ
1231 2967 1322 3020 μοι
1372 2949 1433 3003 τὸ
1482 2950 1674 3020 ὄφελος
1723 2952 1833 3006 ἀπὸ
1863 2955 1963 3024 τῆς

300 3039 602 3103 συνουσίας,
656 3039 785 3092 ὅταν
821 3038 1002 3109 μέλλω
1048 3037 1114 3091 δι’
1161 3037 1332 3108 αὐτὴν
1380 3039 1508 3108 περὶ
1561 3038 1670 3092 τῶν
1717 3040 1960 3109 ἐσχάτων

296 3126 660 3192 κινδυνεύειν;
697 3127 750 3179 τί
773 3127 834 3179 τὸ
855 3125 1068 3197 κέρδος,
1097 3126 1223 3178 ὃταν
1255 3125 1330 3196 μὴ
1372 3125 1533 3196 μόνον
1568 3125 1834 3197 μηδεμίαν
1869 3145 1959 3198 μοι

294 3215 490 3288 είσάγῃ
525 3213 902 3286 παραμυθίαν,
951 3213 1086 3266 ἀλλά
1133 3215 1228 3268 καὶ
1270 3213 1432 3268 αὑτὸν
1472 3213 1566 3267 τόν
1604 3214 1832 3269 θάνατόν
1868 3233 1957 3286 μοι

291 3304 450 3376 τίκτῃ
489 3302 578 3356 διὰ
624 3303 722 3373 τῆς
753 3301 960 3364 οίκείας
995 3301 1336 3372 εὑμορφίας;
1391 3301 1558 3354 Οὐδὲν
1587 3300 1792 3355 τούτων
1834 3301 1955 3356 οὔτε

291 3385 442 3443 εἶπεν
502 3388 627 3442 οὐτε
683 3388 984 3457 ἐνενόησεν,
1034 3387 1173 3440 ἀλλά
1201 3388 1378 3441 πάντα
1431 3388 1670 3442 τοιοῦτον
1696 3389 1956 3460 λογισμὸν

291 3475 676 3545 ἀπωσάμενος,
708 3474 802 3528 καὶ
839 3472 963 3527 οὐτε
993 3472 1131 3544 πρὸς
1173 3474 1271 3544 τὴν
1299 3475 1632 3543 ἐπαγγελίαν
1677 3475 1771 3528 τοῦ
1817 3476 1952 3530 Θεοῦ

289 3563 569 3626 διστάσας,
596 3563 714 3624 ἐνὸς
744 3561 903 3631 μόνου
934 3560 998 3631 δὴ
1040 3561 1270 3630 ἐγίνετο,
1304 3561 1399 3615 τοῦ
1443 3562 1566 3624 πῶς
1598 3562 1805 3634 δυνηθῇ
1835 3563 1954 3618 δια-

290 3651 480 3720 φυγεῖν
535 3648 625 3701 τδν
678 3646 1059 3718 προορώμενον
1105 3647 1372 3703 κίνδυνον.
1434 3648 1634 3701 Ἐννόει
1694 3666 1784 3719 μοι
1845 3651 1953 3722 γὰρ

290 3735 546 3798 ἐνταῦθα,
577 3735 851 3805 ἀγαπητὲ,
901 3732 1052 3804 [326]
1095 3734 1190 3787 τοῦ
1221 3735 1356 3787 Θεοῦ
1383 3733 1480 3806 τήν
1507 3735 1713 3804 ἀφατον
1743 3754 1949 3808 μακρο-

289 3823 509 3893 θυμίαν,
535 3822 651 3885 πῶς
684 3820 921 3892 οὐδαμοῦ
954 3821 1236 3891 ἐφίσταται
1266 3821 1388 3876 οὐδὲ
1414 3823 1822 3894 παραμυθεῖται
1860 3824 1951 3879 τὸν

287 3910 510 3972 δίκαιον,
538 3908 674 3962 ἀλλά
698 3909 954 3978 ἀναμένει
986 3907 1366 3980 κορυφωθῆναι
1400 3909 1469 3962 τὰ
1489 3909 1637 3963 δεινά
1661 3911 1755 3964 καὶ
1781 3910 1951 3982 αὑξη·

288 3998 467 4068 θῆναι,
497 3997 590 4050 καὶ
622 3998 702 4061 είς
747 3997 1055 4065 ἀπόγνωσιν
1107 3996 1302 4061 ἐλθεῖν,
1335 3997 1430 4052 καὶ
1458 3999 1580 4052 τότε
1611 4000 1711 4072 τήν
1741 4001 1950 4055 οίκείαν

289 4085 542 4156 πρόνοιαν
571 4082 953 4137 ἐπιδείκνυται.
980 4084 1127 4138 Εἰπὲ
1157 4080 1291 4148 οὖν,
1323 4087 1507 4156 φησὶν,
1547 4087 1636 4142 ὅτι
1687 4088 1947 4158 ’Δδελφὴ

287 4171 473 4226 αὑτοῦ
521 4173 661 4240 ειμι,
701 4169 861 4236 ὅπως
889 4171 966 4223 ἂν
1006 4166 1076 4226 εὖ
1126 4189 1227 4240 μοι
1285 4171 1526 4242 γένηται
1578 4174 1676 4227 διὰ
1719 4176 1814 4239 σὲ,
1849 4177 1949 4230 καί

285 4260 518 4326 ζήσεται
557 4260 595 4327 ἡ
624 4259 795 4328 ψυχή
829 4277 948 4328 μου
974 4244 1185 4313 ἕνεκεν
1207 4261 1344 4314 σοῦ.
1379 4262 1491 4331 υύχ
1529 4263 1605 4325 ὡς
1649 4263 1948 4335 μελλούσης

284 4348 379 4415 τῆς
409 4346 572 4400 αὑτοῦ
602 4345 784 4416 ψυχῆς
805 4347 1194 4418 ἀποθνήσκειν,
1233 4347 1407 4400 ταῦτα
1445 4350 1666 4420 εἴρηκεν
1692 4351 1720 4403 6
1739 4351 1947 4417 δίκαιος

287 4432 398 4500 (Μὴ
445 4430 746 4502 φοϐηθῆτε
788 4433 916 4502 γὰρ,
960 4433 1143 4503 φησὶν,
1173 4433 1438 4488 ἀπὸρτῶν
1466 4435 1947 4493 ἀποκτεινόντων

284 4518 348 4570 τὸ
375 4519 564 4589 σῶμα,
588 4520 702 4587 τὴν
729 4518 797 4573 δὲ
823 4518 1037 4588 ψυχὴν
1055 4519 1143 4588 μὴ
1173 4519 1523 4589 δυναμένων
1551 4523 1940 4596 ἀποκτεῖναι),

283 4606 393 4658 ἀλλ’
417 4606 602 4670 ἀπλῶς
632 4606 771 4660 κατά
817 4606 915 4677 τήν
963 4605 1247 4676 συνήθειαν
1278 4608 1577 4677 ἐφθέγξατο
1618 4612 1781 4686 τοῦτον
1806 4614 1944 4686 πρὸς

283 4691 377 4762 τὴν
404 4696 655 4760 γυναῖκα.
686 4693 879 4760 Ὅπως
899 4693 977 4747 ἂν
999 4689 1068 4748 εὖ
1090 4711 1214 4761 μοι.
1255 4697 1406 4767 φησὶ,
1441 4697 1681 4767 γένηται
1718 4684 1815 4754 διὶὶ
1845 4684 1940 4764 ἀι,

280 4779 375 4835 καί
405 4779 645 4850 ζήσεται
671 4781 708 4847 ἡ
732 4779 902 4849 ψυχή
922 4797 1042 4849 μου
1067 4780 1274 4834 ἕνεκεν
1301 4784 1438 4838 σοῦ·
1469 4789 1748 4857 μονονουχὶ
1768 4787 1942 4856 λέγων

279 4870 412 4943 πρὸς
434 4871 606 4942 αὐτήν
630 4887 643 4900 ·
660 4869 826 4934 Εἰπὲ,
849 4869 938 4924 ὅτι
974 4869 1224 4940 Ἀδελφὴ
1246 4873 1433 4927 αὐτοῦ
1459 4877 1598 4944 ειμι,
1636 4876 1721 4928 ῖνα
1755 4877 1830 4947 μὴ
1852 4878 1941 4932 διά

274 4960 364 5014 τὸν
390 4960 544 5031 λιμὸν
575 4961 813 5029 φυγόντα
837 4960 932 5030 τὴν
964 4962 1275 5017 Χαναναίαν
1307 4962 1466 5033 ἔργον
1498 4983 1563 5034 με
1594 4969 1825 5038 ποιήσῃς
1849 4985 1941 5037 γε-

276 5048 458 5103 νέσθαι
483 5050 593 5103 τῶν
613 5050 1001 5117 Αἰγυπτιακῶν
1026 5051 1246 5122 χειρῶν.
1284 5051 1444 5104 Γενοῠ
1476 5069 1566 5122 μοι
1595 5049 1688 5106 οὖν
1712 5055 1810 5124 τῆς
1835 5073 1940 5110 σω-

275 5135 462 5205 τηρίας
522 5135 699 5197 αίτία,
746 5135 946 5201 Ὅπως
995 5137 1072 5192 ἂν
1121 5134 1190 5192 εὖ
1241 5155 1344 5207 μοι
1390 5139 1629 5207 γένηται
1689 5140 1787 5196 διὰ
1840 5143 1936 5199 σέ.

289 5222 522 5276 Ἐλεεινά
575 5223 644 5276 τὰ
694 5212 947 5294 ῥήματα·
989 5225 1155 5288 πολὺς
1192 5221 1261 5296 ἦν
1308 5229 1337 5280 6
1391 5227 1554 5295 φόϐος
1585 5228 1676 5282 διά
1723 5245 1782 5282 τε
1840 5231 1940 5302 τὴν
2007 5257 2011 5260 ι

280 5310 470 5379 μανίαν
515 5309 614 5381 τὴν
659 5310 1070 5383 Αἰγυπτιακὴν,
1120 5313 1213 5366 καὶ
1260 5313 1341 5366 ὅτι
1387 5313 1540 5368 οὑπω
1582 5312 1651 5388 ἦν
1703 5319 1939 5372 καταλυ-

278 5397 425 5451 θεῖσα
466 5398 563 5451 τοῦ
604 5399 833 5452 θανάτου
880 5402 913 5471 ἡ
961 5404 1240 5474 τυραννίς·
1271 5403 1358 5457 διά
1389 5403 1548 5458 τοῦτο
1576 5409 1670 5460 καὶ
1714 5412 1780 5480 τῇ
1815 5428 1937 5480 μοι-

276 5484 392 5556 χείᾳ
415 5484 518 5555 τῆς
545 5489 802 5555 γυναικὸς
853 5491 1086 5559 αἱρεῖται
1131 5492 1460 5564 κοινωνῆσαι
1498 5496 1527 5547 6
1565 5495 1792 5562 δίκαιος,
1839 5501 1935 5553 καὶ

279 5575 553 5645 μονονουχὶ
591 5575 1040 5648 ὑπηρετήσασθαι
1079 5579 1158 5649 τῷ
1207 5581 1380 5651 μοιχῷ
1423 5583 1504 5646 είς
1537 5583 1637 5655 τὴν
1691 5586 1794 5655 τῆς
1839 5605 1935 5656 γυ-

275 5663 449 5727 ναικὸς
482 5662 659 5734 ὓϐριν,
703 5664 789 5717 ἵνα
834 5665 925 5716 τὸν
956 5664 1184 5718 θάνατον
1226 5667 1484 5740 διαφύγῃ.
1518 5671 1638 5724 Ἔτι
1671 5672 1780 5740 γὰρ
1839 5692 1934 5743 φο-

277 5747 426 5818 ϐερὸν
456 5745 525 5820 ῆν
552 5751 717 5803 αὑτοῦ
763 5751 824 5804 τδ
856 5756 1148 5821 πρόσωπον
1170 5769 1185 5784 ⁸
1215 5755 1427 5810 οὐδέπω
1465 5753 1605 5828 ἦσαν
1631 5760 1687 5811 αί
1734 5759 1934 5829 χαλκαῖ

279 5836 433 5890 πύλαι
464 5837 808 5892 κλασθεῖσαι·
831 5839 1042 5892 οὐδέπω
1066 5836 1134 5910 ἦν
1159 5841 1219 5894 τὺ
1247 5842 1468 5913 κέντρον
1500 5847 1664 5900 αὑτοῦ
1695 5848 1928 5918 ἀμϐλυν-

276 5921 378 5981 etv.
398 5921 549 5989 Εἶδες
572 5924 868 5994 σύνδεσμον
897 5927 1117 5996 ἀγάπης
1146 5928 1335 5998 ἀνδρὸς
1358 5933 1450 5985 καὶ
1479 5933 1762 6003 γυναικός;
1796 5931 1934 6000 είδες

670 6011 934 6073 Ριτιιοι.
982 6013 1100 6073 Gn.
1149 6013 1306 6078 LIII.

1403 387 1468 444 IN
1510 387 1662 446 CAP.
1707 383 1799 443 x11
1848 375 2092 448 GENES.
2135 387 2368 444 1101111..
2405 387 2613 446 xxxn.

3670 398 3772 455 svo

2106 505 2197 556 καὶ
2227 505 2412 575 ἄνδρα,
2437 503 2522 559 οἷα
2551 508 2852 577 ἐθάρρησεν
2883 508 3174 562 ὑποθέσθαι
3208 512 3272 580 τῇ
3301 512 3534 577 γυναικὶ,
3561 519 3654 564 καὶ
3676 529 3773 581 γυ-

2101 592 2258 644 ναῖκα
2297 594 2413 645 οἷαν
2451 594 2661 663 δέχεται
2694 595 2789 666 τὴν
2826 596 3166 668 συμϐουλήν;
3201 598 3314 649 Οὐκ
3355 598 3605 650 ἀνανεύει
3649 599 3768 651 οὐδέ

2097 677 2456 749 δυσχεραίνει,
2488 681 2624 734 ἀλλά
2668 684 2842 736 πάντα
2887 686 3049 745 ποιεῖ,
3080 683 3218 736 ὥστε
3252 684 3313 736 τὸ
3343 684 3525 754 δρᾶμα
3562 685 3766 739 λαθεῖν.

2111 764 2478 820 ’Δκουέτωσαν
2500 766 2687 839 ἄνδρες
2709 767 2801 821 καὶ
2824 771 3096 835 γυναῖκες,
3125 769 3219 822 καὶ
3245 771 3617 841 μιμείσθωσαν
3647 773 3765 826 τού-

2096 867 2202 902 των
2228 850 2325 921 τήν
2348 851 2613 922 ὁμόνοιαν,
2637 855 2737 924 τῆς
2767 855 2984 924 ἀγάπης
3017 853 3107 907 τὸν
3135 855 3449 926 σύνδεσμον,
3475 857 3576 928 τῆς
3608 858 3763 912 εὐσε-

2096 936 2246 1001 θείας
2280 936 2376 1009 τὴν
2405 939 2676 1004 ἐπίτασιν,
2706 942 2795 994 καὶ
2827 941 3173 1012 ζηλούτωσαν
3203 941 3301 1012 τῆς
3330 943 3508 1014 Σάρας
3530 944 3628 1016 τὴν
3659 962 3764 1000 σω-

2093 1024 2387 1096 φροσύνην.
2414 1027 2538 1080 ’Ὀτι
2571 1028 2666 1082 καὶ
2699 1030 2759 1102 ἐν
2791 1029 2934 1101 γήρᾳ
2966 1029 3108 1083 οὑτω
3151 1029 3336 1083 κάλλει
3384 1031 3762 1102 διαλάμπουσα

2095 1112 2254 1181 μέχρι
2287 1114 2406 1165 τότε
2435 1101 2706 1184 διέμεινεν
2727 1116 3078 1188 ἁμιλλωμένη
3114 1120 3234 1180 ταῖς
3262 1118 3356 1171 τοῦ
3400 1119 3608 1171 δικαίου
3638 1121 3763 1190 ἀρε-

2091 1199 2238 1260 ταῖς*
2271 1198 2388 1252 61‘6
2427 1201 2518 1253 καὶ
2563 1203 2831 1272 τοσαύτης
2881 1203 3086 1273 ἠξιώθη
3137 1203 3236 1274 τῆς
3281 1205 3432 1275 παρά
3479 1205 3572 1258 τοῦ
3620 1205 3756 1280 Θεοῦ

2091 1283 2344 1353 προνοίας
2370 1297 2418 1348 ι,
2452 1286 2545 1339 καὶ
2576 1288 2672 1359 τῆς
2711 1289 2915 1342 ἀνωθεν
2947 1291 3203 1360 ἀμοιϐῆς.
3233 1285 3438 1360 Μηδεὶς
3465 1291 3648 1346 τοίνυν
3675 1294 3762 1346 a1!-

2088 1369 2292 1424 τιάσθω
2319 1372 2413 1426 τοὺ
2437 1373 2664 1437 κάλλους
2693 1375 2790 1446 τὴν
2823 1377 3144 1447 εὐμορφίαν,
3185 1377 3317 1448 μηδέ
3350 1377 3554 1446 λεγέτω
3579 1380 3760 1434 ἐκεῖνα

2085 1457 2154 1510 τὰ
2179 1459 2412 1529 ἀνόνητα
2448 1463 2688 1533 ῥήματα,
2725 1464 2808 1516 ὅτι
2837 1465 2935 1534 τὴν
2967 1463 3113 1517 δεῖνα
3145 1464 3205 1517 τὸ
3239 1464 3432 1528 κάλλος
3477 1464 3756 1520 ἀπώλεσεο

2086 1545 2179 1598 καὶ
2225 1549 2292 1617 τῇ
2326 1547 2458 1601 δεῖνι
2489 1550 2551 1602 τὸ
2593 1551 2787 1616 κάλλος
2835 1552 3054 1620 γέγονεν
3091 1551 3312 1623 ὀλέθρου
3351 1554 3536 1606 αἴτιον.
3578 1554 3653 1607 Οὐ
3695 1555 3756 1608 τδ

2085 1631 2278 1696 κάλλος
2309 1634 2512 1688 αἴτιον·
2548 1636 2622 1707 μή
2667 1637 2904 1705 γένοιτο·
2953 1639 3113 1711 ἔργον
3153 1640 3260 1710 γάρ
3305 1640 3418 1692 ἐστι
3465 1641 3559 1694 καὶ
3598 1641 3755 1695 τοῦτο

2082 1718 2176 1771 τοῦ
2217 1720 2382 1772 8205‘
2412 1722 2526 1774 ἀλλ’
2553 1725 2585 1792 ή
2619 1725 2934 1795 προαίρεσις
2961 1727 2994 1797 ή
3023 1725 3398 1797 διεφθαρμένη
3441 1727 3589 1780 αίτία
3620 1730 3755 1783 πάνθ

2081 1820 2191 1856 των
2216 1805 2324 1858 τῶν
2357 1808 2541 1860 κακῶν
2578 1810 2740 1862 ἐστιν.
2769 1808 2919 1874 Εἶδες
2946 1812 3045 1883 τὴν
3074 1810 3381 1882 θαυμασίαν
3414 1812 3620 1884 ταύτην
3652 1831 3750 1882 γυο

2081 1895 2244 1945 ναῖκα
2282 1893 2622 1966 ἑκατέρωθεν
2647 1895 3078 1968 διαλάμπουσαν,
3108 1900 3203 1952 καὶ
3246 1900 3353 1953 ἀπὸ
3383 1899 3477 1953 τοῦ
3517 1901 3618 1970 τῆς
3645 1901 3750 1971 ψυ-

2080 1979 2184 2049 χῆς
2205 1980 2431 2045 κάλλους
2464 1984 2556 2035 καὶ
2597 1983 2704 2037 ἀπὸ
2732 1985 2826 2037 τοῦ
2863 1985 2962 2055 τῆς
2987 1985 3184 2055 ὅψεως,
3212 1987 3306 2040 καὶ
3336 1990 3455 2040 κατ’
3487 1987 3628 2057 ῐχνος
3654 1987 3750 2043 τοῦ

2078 2065 2283 2119 δικαίου
2317 2070 2720 2141 πορευομένηνς
2767 2071 2979 2141 Ταύτην
3030 2072 3405 2142 μιμείσθωσαν
3450 2075 3506 2126 αἰ
3550 2076 3744 2142 γυναῖο

2079 2169 2193 2217 κες.
2237 2154 2366 2208 Ἰδοὺ
2403 2155 2512 2226 γὰρ
2540 2157 2634 2210 καὶ
2675 2157 2824 2230 ὧρας
2852 2158 3144 2229 εὐμορφία,
3176 2160 3271 2213 καὶ
3307 2161 3613 2232 στείρωσις,
3651 2165 3748 2218 καὶ

2076 2240 2268 2310 χρόνος
2289 2243 2559 2306 τοσοῦτος,
2587 2245 2678 2297 καὶ
2702 2246 2984 2316 περιουσία
3010 2245 3200 2318 πολλῆ,
3225 2248 3318 2301 καὶ
3347 2251 3744 2320 μετανάστασις

2075 2327 2330 2401 τοσαύτη,
2365 2331 2458 2384 καὶ
2502 2331 2820 2402 ἀποδημία,
2865 2334 2961 2388 καὶ
3011 2337 3308 2407 πειρασμοὶ
3355 2341 3598 2408 συνεχεῖς
3649 2337 3746 2392 καὶ

2074 2414 2396 2487 ἐπάλληλοι·
2431 2417 2525 2470 καὶ
2571 2418 2721 2472 οὐδὲν
2751 2419 2952 2474 τούτων
2982 2422 3151 2492 αὐτῆς
3177 2423 3268 2475 τὸν
3313 2423 3570 2494 λογισμὸν
3599 2440 3742 2496 παρ-

2074 2501 2382 2566 εσάλευσεν,
2409 2504 2523 2558 ἀλλ’
2551 2505 2740 2576 ἔμενεν
2767 2509 3181 2580 ἀπερίτρεπτος.
3209 2511 3310 2564 Διά
3349 2529 3431 2564 τοι
3467 2511 3622 2565 τοῦτο
3649 2513 3742 2566 καὶ

2073 2590 2171 2657 τῖς
2209 2589 2487 2660 ὑπομονῆς
2523 2590 2677 2656 ἀξίαν
2704 2594 2804 2662 τήν
2841 2595 3072 2667 ἀμοιϐήν
3099 2595 3412 2666 ἐκομίσατο,
3439 2597 3496 2650 ἐν
3529 2597 3741 2667 ἐσχάτῳ

2071 2674 2217 2744 γήρᾳ
2249 2675 2357 2727 ἀπὸ
2396 2677 2609 2746 μήτρας
2653 2682 3058 2752 πεπηρωμένης
3103 2682 3198 2734 καὶ
3245 2681 3435 2751 νηδύος
3474 2699 3741 2754 νενεκρω-

2073 2757 2242 2829 μένης
2270 2763 2451 2813 τεκεῖν
2486 2762 2798 2834 δυνηθεῖσα.
2825 2766 3024 2832 Ὅπως
3055 2767 3152 2832 ἂν,
3193 2770 3376 2838 φησὶν,
3403 2766 3473 2823 εὖ
3509 2787 3611 2839 μοι
3644 2771 3738 2840 γέ-

2068 2862 2239 2913 νηται
2277 2846 2375 2900 διὰ
2399 2847 2497 2913 σὲ,
2521 2849 2620 2906 καί
2659 2850 2898 2917 ζήσεται
2924 2853 2961 2921 ή
2988 2854 3158 2922 ψυχή
3192 2872 3311 2924 μου
3348 2855 3556 2909 ἕνεκεν
3596 2858 3734 2910 σοῦ.

2068 2935 2252 2999 υύδὲν,
2279 2933 2429 3008 [525]
2469 2939 2651 3008 φησὶν,
2682 2939 2868 3011 ἐτερον
2909 2941 3290 2995 ὑπολέλειπται
3323 2961 3408 3013 μοι
3444 2947 3522 3007 είς
3559 2961 3736 3016 σωτηα

2068 3021 2210 3091 ρίαν,
2251 3023 2378 3092 ἢτὺ
2413 3023 2473 3076 σέ
2513 3024 2838 3097 βουληθῆναι
2887 3029 3080 3093 εἰπεῖν,
3125 3029 3208 3082 ὅτι
3252 3029 3502 3098 Ἀδελφὴ
3548 3031 3737 3087 αὑτοῦ

2063 3110 2196 3176 εἰμι.
2229 3110 2388 3172 Ἴσως
2417 3112 2524 3180 γάρ
2555 3111 2911 3184 διαφεύξομαι
2939 3114 3028 3167 τὸν
3063 3115 3509 3187 προσδοκώμενον
3551 3119 3735 3172 κίνδυ-

2064 3211 2173 3260 νον,
2203 3196 2406 3250 καὶδιά
2439 3197 2498 3250 σέ
2527 3198 2710 3252 λοιπὸν
2739 3198 2996 3270 ζήσομαι,
3031 3201 3122 3254 καὶ
3158 3202 3240 3254 σοὶ
3269 3202 3368 3273 τὴν
3399 3204 3536 3272 μετά
3563 3205 3733 3260 ταῦτα

2064 3281 2208 3352 ζωὴν
2247 3283 2619 3355 ἐπιγράψομαι
2644 3285 2693 3343 δ.
2730 3286 2912 3340 Ἱκανά
2958 3286 3026 3340 τὰ
3071 3291 3294 3359 ῥήματα
3328 3290 3732 3358 ἐφελκύσασθαι

2061 3368 2159 3439 τὴν
2183 3373 2413 3438 γυναῖκα
2443 3373 2536 3425 καὶ
2563 3375 2642 3436 είς
2672 3373 3010 3442 συμπάθειαν
3038 3375 3279 3443 ἀγαγεῖν.

2133 3463 2208 3520 ς’.
2227 3456 2397 3510 Τοῦτο
2420 3458 2634 3528 ἀληθῶς
2665 3461 3016 3519 συνοικέσιον,
3044 3460 3105 3513 τὸ
3133 3463 3210 3533 μή
3244 3462 3403 3532 μόνον
3435 3467 3492 3517 ἐν
3528 3466 3726 3532 ἀνέσει,

2059 3541 2196 3595 ἀλλά
2241 3545 2424 3597 καὶέν
2474 3547 2585 3608 τοῖς
2635 3545 2898 3609 κινδύνοις
2943 3547 3154 3611 ἐαυτοῖς
3190 3552 3724 3623 συμπεριφέρεσθαιο

2058 3627 2217 3682 τοῦτο
2262 3630 2484 3702 ἀγάπης
2514 3632 2740 3701 γνησίας
2793 3634 3114 3704 τεκμήριον,
3156 3633 3312 3688 τοῦτο
3342 3637 3523 3704 φιλίας
3566 3642 3726 3711 ἀκρι-

2059 3713 2324 3787 ϐεστάτης
2370 3717 2676 3788 γνώρισμα.
2723 3719 2835 3789 Οὐχ
2871 3719 3014 3772 οὑτω
3063 3720 3300 3792 διάδημα
3351 3724 3443 3776 ἐπὶ
3491 3726 3592 3795 τῆς
3630 3745 3722 3780 κε-

2057 3803 2233 3874 φαλῆς
2269 3804 2518 3875 κείμενον
2545 3804 2797 3877 λαμπρὸν
2831 3807 3068 3861 δείκνυσι
3112 3809 3203 3862 τὸν
3235 3809 3479 3880 βασιλέα,
3509 3815 3586 3878 ὼς
3626 3815 3724 3886 τὴν

2060 3892 2332 3964 μακαρίαν
2371 3891 2575 3964 ταύτην
2617 3895 2889 3965 περιφανῆ
2936 3895 3031 3950 καὶ
3063 3895 3323 3968 λαμπράν
3365 3899 3648 3966 ἀπέδειξεν
3689 3905 3721 3973 η

2057 3977 2270 4048 ὑπακοὴ
2304 3976 2467 4049 αὕτη,
2515 3979 2581 4047 ἣν
2626 3981 2753 4050 περὶ
2789 3978 2886 4050 τὴν
2921 3981 3231 4054 συμϐουλὴν
3256 3983 3349 4036 :05
3377 3985 3584 4039 δικαίου
3626 3989 3725 4040 ἐπ⁴

2055 4063 2314 4130 εδείξατο.
2357 4064 2489 4118 Τίνα
2534 4059 2627 4118 οὖν
2667 4067 2729 4119 τὸ
2771 4067 2974 4138 ταύτης
3018 4071 3346 4133 καταπειθὲς
3377 4072 3722 4144 λογιζόμενον

2053 4150 2154 4203 οὑκ
2197 4151 2483 4220 ἐκστήσει;
2518 4152 2603 4215 τίς
2638 4153 2748 4224 γὰρ
2775 4151 2840 4206 ἂν
2870 4157 2990 4211 κατ’
3034 4155 3191 4222 ἀξίαν
3247 4157 3452 4228 ταύτην
3501 4162 3720 4214 ἐπαινέο

2055 4239 2218 4303 σειεν,
2249 4240 2370 4309 ητις
2402 4239 2541 4310 μετά
2578 4240 2853 4312 τοσαύτην
2901 4245 3277 4315 σωφροσύνην,
3312 4247 3405 4300 καὶ
3437 4248 3494 4299 ἐν
3534 4247 3721 4319 ἡλικία

2051 4326 2276 4398 τοιαύτῃ
2309 4328 2451 4398 ὑπὲρ
2483 4327 2576 4382 τοῦ
2621 4329 2714 4382 τὸν
2760 4329 2968 4384 δίκαιον
3005 4331 3290 4401 διασῶσαι,
3339 4335 3464 4389 ὅσον
3510 4339 3588 4401 είς
3619 4337 3720 4408 τὴν

2050 4415 2258 4468 οἰκείαν
2289 4414 2537 4486 γνώμην,
2571 4417 2666 4471 καὶ
2687 4418 2768 4482 είς
2804 4419 3050 4489 μοιχείαν
3073 4419 3278 4493 ἑαυτὴν
3313 4422 3594 4488 ἐξέδωκεν,
3627 4427 3721 4479 καὶ

2052 4503 2343 4565 συνουσίας
2370 4503 2626 4572 ἠνέσχετο
2660 4503 3038 4576 βαρϐαρικῆς;
3080 4507 3238 4561 Ἀλλά
3281 4511 3473 4580 μικρὸν
3501 4512 3719 4582 ἀνάμει·

2049 4603 2159 4650 νον,
2209 4589 2304 4640 καὶ
2351 4588 2470 4656 ὄψει
2510 4589 2604 4642 τοῦ
2643 4589 2779 4642 Θεοῦ
2822 4593 2923 4663 τὴν
2960 4593 3267 4664 εὐμήχανον
3309 4597 3583 4666 πρόνοιαν.
3619 4602 3717 4655 Διὰ

2048 4673 2158 4743 γὰρ
2189 4674 2346 4727 τοῦτο
2373 4675 2472 4744 τήν
2504 4675 2704 4747 πολλὴν
2731 4676 2936 4748 ταύτην
2961 4679 3272 4743 ἐπεδείξατο
3308 4682 3710 4753 μακροθυμίαν,

2050 4760 2136 4812 ἴνα
2166 4760 2260 4812 καὶ
2287 4759 2378 4812 τὸν
2412 4760 2618 4813 δίκαιον
2649 4763 3109 4834 περιφανέστερον
3137 4766 3458 4836 ἐργάσηται,
3494 4770 3588 4821 καὶ
3627 4771 3716 4826 διὰ

2047 4845 2154 4898 τῶν
2188 4846 2305 4898 ἐκεῖ
2336 4847 2636 4916 γινομένων
2687 4849 2762 4918 μὴ
2817 4849 2977 4918 μόνον
3006 4852 3055 4902 οἱ
3092 4851 3234 4904 κατά
3276 4853 3374 4925 τὴν
3417 4856 3713 4927 Αἴγυπτον,

2045 4933 2188 5004 ἀλλά,
2227 4933 2321 4986 καὶ
2370 4935 2419 4986 οί
2465 4935 2605 4988 κατά
2639 4935 3000 5009 Παλαιστίνην
3036 4941 3416 5010 παιδευθῶσιν,
3459 4948 3591 5018 ὅσης
3625 4951 3716 5003 εὑ-

2045 5021 2195 5084 νοίας
2235 5019 2550 5074 ἀπολαύειὸ
2579 5024 2922 5095 πατριάρχης
2953 5028 3103 5098 παρά
3137 5028 3228 5082 τοῦ
3263 5031 3478 5086 πάντων
3507 5036 3715 5089 Δεσπόο

2042 5123 2159 5160 του.
2201 5108 2462 5178 Ἐγένετο
2513 5109 2642 5181 γὰρ,
2699 5113 2887 5183 φησὶν,
2941 5116 3121 5184 ἡνίκα
3163 5117 3451 5187 εἰσῆλθεν
3498 5124 3714 5194 ’Λϐραμ

2043 5198 2129 5261 είς
2162 5196 2488 5264 Αιγυπτον,
2539 5198 2769 5267 ιδόντες
2810 5204 2863 5255 οἱ
2906 5205 3210 5273 Αἰγύπτιοι
3267 5207 3381 5275 τὴν
3427 5211 3711 5279 γυναῖκα,

2044 5283 2131 5336 ἰτι
2161 5283 2317 5352 καλὴ
2362 5280 2440 5354 ἦν
2483 5287 2745 5356 σφόδρα·
2781 5291 2877 5342 καὶ
2909 5288 3073 5345 εἶδον
3105 5294 3300 5363 αὐτὴν
3329 5300 3384 5350 οὶ
3420 5297 3714 5367 ἄρχοντες

2043 5370 2273 5438 Φαραὼ,
2311 5373 2408 5425 καί
2447 5373 2757 5442 ἐπῄνεσαν
2783 5378 2977 5445 αὐτὴν
3015 5380 3164 5448 πρὸς
3196 5384 3426 5451 Φαραὼ,
3460 5387 3556 5439 καὶ
3589 5391 3714 5442 εισ-

2043 5457 2271 5545 ήγαῃον
2296 5459 2492 5528 αὐτὴν
2519 5464 2607 5525 είς
2639 5462 2744 5516 τὸν
2783 5461 2952 5518 οἶκον
2997 5467 3223 5535 Φαραὼ,
3256 5471 3352 5523 καί
3387 5471 3464 5537 τῷ
3497 5475 3714 5545 ’Λϐραμ

2040 5539 2111 5597 εὖ
2129 5545 2475 5632 ,ἐχρήσαντο
2503 5547 2578 5600 δι’
2600 5550 2811 5615 αὑτήν.
2841 5553 2946 5605 Καὶ
2978 5553 3212 5623 ἐγένετο
3239 5557 3398 5623 αὑτῷ
3425 5539 3710 5632 πρόϐατα,

2043 5631 2142 5684 καί
2173 5633 2416 5701 μόσχοι,
2461 5635 2561 5688 καὶ
2609 5637 2762 5703 ὄνοι,
2798 5641 2895 5692 καί
2931 5641 3171 5710 παῖδες,
3217 5644 3316 5697 καὶ
3363 5631 3710 5714 παιδίσκαι,

2042 5718 2141 5771 καί
2179 5719 2438 5788 ἡμίονοι,
2469 5723 2567 5776 καὶ
2602 5723 2874 5794 κάμηλοι.
2901 5729 3041 5798 Ὅρα
3076 5731 3192 5792 πῶς
3239 5733 3382 5805 ἅπερ
3427 5737 3712 5806 προλαϐὼν

2043 5807 2291 5861 ὑπείδετο
2319 5811 2348 5863 6
2387 5810 2613 5878 δίκαιος,
2639 5815 2810 5869 ταῦτα
2844 5818 2922 5880 είς
2946 5818 3104 5891 ἔργον
3125 5820 3302 5890 ἐξέϐη.
3339 5822 3429 5887 Ὠς
3459 5826 3570 5896 γὰρ
3598 5826 3704 5880 εισ-

2105 5943 2130 5972 ⁶
2152 5943 2247 5995 Αιιι
2289 5951 2374 6005 τῆς
2396 5944 2481 5997 :05
2510 5947 2636 6000 Θεοῦ
2660 5953 2895 6014 προνοίας.
2959 5955 2988 5995 δ
3011 5956 3110 6007 Sex
3147 5970 3263 6006 mss.
3293 5959 3555 6026 ἐπιγράψω.

3165 6038 3242 6100 19
