4084 6214
280 340 373 392 501

283 462 388 513 tur,
423 465 480 505 re
507 449 619 518 ipsa
645 456 954 505 evenerunt.
981 448 1111 503 Nam
1138 458 1192 502 ut
1233 449 1284 503 in
1314 436 1601 518 Egyptian
1622 448 1855 514 intravit,

286 541 353 597 Ut
396 542 628 596 viderunt
679 540 921 612 ﬂgyptii
972 539 1249 606 mulierem,
1303 541 1437 606 quod
1480 540 1690 609 pulchra
1739 548 1864 592 esset

285 635 445 687 rntde.
486 633 598 686 Non
629 630 941 701 simpliciter
971 630 1155 700 inquit,
1191 630 1426 698 pulchra,
1466 629 1556 684 sed
1593 628 1867 683 excellen-

290 734 390 788 ter,
419 724 490 778 ita
516 732 573 777 ut
598 738 807 789 omnes,
839 722 928 791 qui
951 736 1070 776 eam
1096 721 1361 783 videbant,
1408 721 1764 773 allicerentur.
1799 717 1865 771 Et

290 825 346 867 ut
377 816 603 868 viderunt
626 829 736 866 eam
759 813 1009 880 principes
1033 810 1340 875 Pharaonis,
1387 809 1713 863 laudauerunt
1759 825 1867 861 eam

292 923 463 964 coram
486 906 776 961 Pharaone.
797 904 926 971 Oro,
974 904 1188 969 dilecte,
1233 918 1301 957 ne
1347 912 1547 956 temere
1587 909 1871 971 prietereas

293 999 434 1069 quod
463 998 664 1053 dictum
684 1007 784 1060 est,
813 996 905 1050 sed
933 996 1194 1050 admirare
1219 995 1483 1064 quomodo
1510 990 1683 1046 nullus
1708 991 1873 1060 Egy-

298 1092 531 1160 ptiornm
560 1088 765 1143 mulicii
792 1097 976 1156 utpote
1012 1087 1327 1156 peregriuze,
1359 1097 1412 1140 et
1436 1100 1464 1137 a
1509 1094 1650 1138 terra
1702 1084 1871 1136 aliena

299 1179 608 1235 adventanti
638 1193 822 1231 manus
864 1176 1123 1245 iujecerit,
1145 1190 1320 1244 neque
1348 1172 1763 1241 contempserint
1791 1172 1873 1224 vi-

303 1285 422 1323 rum
453 1287 466 1324 :
494 1269 587 1323 sed
616 1269 841 1338 ingressi
894 1267 1003 1337 regi
1038 1268 1213 1320 omnia
1253 1264 1565 1320 tutntiarint.
1613 1264 1876 1318 Caeterum

304 1362 407 1415 hoc
427 1361 625 1415 factum
652 1369 751 1424 est,
779 1368 834 1413 ut
872 1373 961 1413 res
991 1358 1138 1412 fieret
1157 1356 1506 1420 manifestior,
1539 1364 1591 1409 et
1617 1355 1748 1408 ultio
1772 1370 1877 1407 non

304 1453 359 1505 in
392 1452 656 1522 privatum
680 1460 733 1503 et
753 1448 1015 1518 plebeium
1044 1448 1294 1516 aliquem,
1326 1444 1417 1500 sed
1445 1446 1497 1498 in
1523 1456 1704 1512 regem
1729 1442 1880 1496 saavi-

307 1550 411 1605 ret,
441 1550 494 1594 ut
526 1539 719 1609 ubique
742 1538 1102 1607 divulgaretur
1132 1538 1230 1591 hoc
1258 1536 1473 1589 factum.
1506 1534 1569 1587 Et
1596 1534 1884 1587 introduxe-

307 1639 425 1682 runt
467 1644 579 1683 eam
623 1629 677 1682 in
719 1628 921 1680 domum
970 1626 1274 1680 Pharaonis.
1326 1624 1571 1679 Protinus
1615 1622 1683 1677 ab
1722 1637 1885 1678 uxore

309 1723 485 1788 justus
510 1718 807 1784 abducitur,
836 1726 892 1771 et
915 1718 1029 1786 ipsa
1057 1716 1123 1770 ad
1151 1715 1481 1769 Pharaonem
1515 1713 1883 1767 introducitur.

311 1808 603 1863 Considera
623 1816 816 1878 quanta
849 1807 940 1861 Dei
964 1807 1215 1877 patientia
1244 1806 1440 1872 fuerit;
1487 1804 1754 1874 quomodo
1783 1818 1887 1857 non

313 1898 381 1952 ab
402 1898 572 1964 initio,
603 1912 774 1967 neque
795 1911 824 1950 a
848 1897 1117 1966 prooemiis
1138 1911 1289 1951 suam
1328 1896 1675 1951 declaraverit
1709 1893 1889 1963 provi-

318 1989 579 2054 dentiam,
601 1989 695 2043 sed
716 1990 1011 2058 permiserit
1036 1988 1211 2044 omnia
1238 1990 1373 2053 ﬁeri,
1401 1987 1616 2058 etquasi
1632 1987 1687 2040 in
1712 1984 1893 2040 fauces

321 2079 506 2135 bestia!
552 2079 828 2133 mulierem
879 2077 1151 2144 incidere;
1191 2087 1246 2133 et
1274 2088 1398 2132 tunc
1428 2076 1641 2131 tandem
1670 2076 1891 2129 manife-

322 2179 460 2224 stam
478 2168 723 2223 omnibus
749 2184 898 2223 suam
916 2170 1161 2223 virtutem
1189 2168 1393 2223 fecerit.
1422 2167 1486 2221 Et
1510 2166 1894 2220 introduxerunt

322 2275 438 2312 eam
459 2258 512 2311 in
539 2257 742 2311 domum
771 2256 1076 2311 Pharaonis.
1109 2256 1165 2310 ln
1187 2273 1294 2327 quo
1318 2267 1457 2311 statu
1485 2271 1577 2325 per
1602 2254 1731 2308 illud
1757 2264 1893 2308 tem-

326 2363 426 2418 pus
449 2356 565 2403 erat
589 2347 821 2402 mulieris
850 2348 1033 2402 mens?
1060 2347 1324 2418 quomodo
1353 2348 1556 2402 turbata
1582 2354 1696 2400 erat
1724 2343 1898 2399 ratio?

323 2437 593 2506 quomodo
601 2436 791 2492 ﬂuctus
801 2438 1160 2507 erigebantur?
1170 2437 1438 2508 quomodo
1455 2437 1780 2506 naufragium
1794 2450 1898 2489 non

326 2528 473 2596 fecit,
490 2529 586 2585 sed
602 2530 796 2584 mansit
807 2531 955 2600 quasi
974 2530 1256 2585 immobilis
1270 2539 1412 2600 petra
1425 2530 1490 2585 ad
1501 2531 1767 2585 ctelestem
1783 2544 1903 2598 grao

330 2623 456 2676 tiam
490 2608 701 2690 semper
727 2624 1007 2692 spectans?
1038 2623 1172 2690 Quid
1193 2633 1368 2677 autem
1389 2623 1561 2677 dicam
1590 2620 1904 2677 mulierem?

332 2711 551 2778 Qualem
567 2713 803 2766 animum
830 2713 1114 2767 verisimile
1140 2723 1222 2767 est
1244 2712 1404 2767 fuisse
1414 2713 1578 2781 justo,
1607 2711 1695 2765 illa
1721 2711 1774 2765 in
1802 2709 1902 2765 do-

333 2816 478 2855 mum
500 2801 786 2857 Pharaonis
803 2801 1209 2857 iutroducta?Et
1226 2803 1335 2871 ipso
1352 2801 1559 2867 Abram,
1581 2800 1766 2871 inquit,
1786 2800 1905 2853 bene

333 2892 547 2945 usisunt
587 2901 789 2962 propter
811 2893 973 2956 illam,
1014 2904 1279 2965 tamquam
1328 2893 1491 2949 fratre
1521 2892 1782 2948 videlicet.
1842 2890 1909 2944 Et

336 2986 536 3054 fuerunt
559 2984 604 3036 ei
622 2999 754 3049 oves,
782 2992 829 3036 et
856 2983 1018 3050 vituli,
1045 2995 1090 3038 et
1127 2984 1276 3050 asini,
1322 2993 1369 3037 et
1400 2983 1549 3050 servi,
1595 2992 1640 3037 et
1684 2981 1904 3046 ancillis,

336 3082 384 3125 et
407 3072 604 3136 cameli,
646 3083 693 3126 et
737 3073 881 3135 muli.
910 3072 1032 3128 llazc
1076 3083 1252 3128 autem
1306 3073 1418 3143 ipsa
1465 3088 1584 3142 qua:
1614 3072 1829 3126 honoris
1856 3080 1911 3125 et

340 3163 617 3218 ministerii
644 3164 812 3233 gratia
853 3164 972 3218 data
1010 3175 1131 3219 sunt
1157 3164 1207 3220 ei
1230 3205 1245 3231 ,
1278 3175 1534 3235 quantum
1574 3180 1679 3218 non
1724 3177 1909 3233 rogum

341 3254 395 3306 in
422 3267 488 3308 eo
513 3252 944 3308 succenderunt?
980 3254 1249 3324 quomodo
1275 3265 1452 3309 autem
1477 3270 1582 3308 non
1607 3253 1723 3322 ejus
1747 3268 1909 3308 exus-

340 3342 411 3395 sit
460 3351 694 3398 mentem
714 3382 732 3407 ,
763 3358 859 3398 nec
881 3343 1223 3398 inﬂammavit
1250 3344 1626 3413 cogitationem
1647 3342 1910 3397 donorum

345 3433 640 3502 bujnsmodi
671 3436 1084 3503 argumentum?
1130 3435 1315 3489 Vidisti
1359 3434 1624 3504 quomodo
1655 3449 1816 3504 prepe
1844 3434 1909 3488 ad

346 3524 504 3577 finem
548 3528 881 3593 pervenerint
925 3525 1198 3592 pericula?
1244 3525 1418 3578 vidisti
1463 3526 1728 3594 quomodo
1770 3525 1914 3579 nulla

347 3616 641 3669 secundum
661 3630 834 3669 rerum
853 3615 1202 3670 humanarum
1221 3617 1412 3670 seriem
1433 3631 1555 3685 spes
1570 3617 1918 3671 correctionis

350 3706 530 3760 relicta
550 3704 773 3760 Tvidisti
795 3706 1060 3775 quomodo
1083 3706 1373 3761 secundum
1400 3706 1685 3762 humanam
1708 3707 1915 3778 opinio~

355 3810 475 3850 nem
503 3811 591 3851 res
615 3795 900 3865 deploratae
929 3796 1115 3852 fuere?
1157 3796 1331 3851 vidisti
1374 3798 1639 3866 quomodo
1686 3800 1833 3867 quasi
1866 3798 1917 3853 in

348 3888 525 3956 gulam
547 3884 673 3941 fera:
698 3886 887 3941 mulier
911 3886 1189 3943 inciderit?
1213 3888 1329 3944 vide
1343 3889 1590 3958 deinceps
1605 3889 1921 3945 incﬂabilem

354 3976 445 4030 itei
494 3977 906 4031 misericordiam
930 4019 946 4044 ,
974 3985 1029 4032 et
1054 3977 1364 4046 obstupesce
1393 3980 1640 4047 potentiae
1666 3980 1782 4047 ejus
1810 3995 1922 4033 ma-

349 4066 698 4135 gnitudinem.
750 4068 833 4121 l7.
869 4066 933 4121 Et
967 4068 1183 4138 amisit,
1205 4069 1401 4137 inquit,
1433 4068 1569 4122 Deus
1600 4067 1923 4143 Pharaonem

351 4157 695 4226 afﬂictionibus
734 4159 925 4228 magnis
950 4169 995 4212 et
1015 4159 1264 4229 grauibus,
1291 4168 1337 4213 et
1358 4161 1560 4213 domum
1586 4160 1696 4229 ejus
1719 4171 1924 4229 propter

355 4247 543 4302 Seram
584 4264 787 4302 uxorem
834 4250 1039 4303 Abram.
1091 4250 1226 4316 Quid
1251 4260 1372 4315 est,
1401 4251 1633 4320 Aﬁlia‘it?
1668 4251 1917 4316 Putnam,

352 4338 557 4407 inquit,
595 4339 768 4410 exegit
812 4338 991 4410 ﬂagitii
1036 4350 1092 4395 et
1116 4342 1237 4396 mali
1278 4352 1519 4395 conatus.
1566 4342 1924 4412 Aﬂlictionibus

352 4429 546 4498 magnis
580 4444 599 4482 :
627 4445 731 4483 non
764 4430 1073 4498 simpliciter
1111 4432 1311 4499 punivit
1352 4447 1531 4501 regem
1554 4471 1570 4497 ,
1616 4433 1709 4488 sed
1756 4433 1923 4489 Poenis

352 4520 566 4588 magnis.
607 4519 740 4587 Quia
783 4519 1064 4590 ﬂagitium‘
1080 4537 1184 4576 non
1230 4532 1347 4577 erat
1374 4525 1585 4594 vulgare
1607 4568 1622 4592 ,
1651 4526 1745 4580 sed
1773 4528 1924 4582 valde

352 4623 619 4677 magnum,
647 4610 765 4664 ideo
789 4624 837 4664 et
863 4626 1014 4679 paena
1044 4627 1251 4680 magna.
1275 4612 1339 4666 Et
1359 4614 1564 4668 domum
1585 4617 1712 4686 ejus,
1736 4618 1922 4687 inquit;

354 4714 457 4751 non
503 4700 671 4768 ipsum
728 4701 925 4769 solum,
976 4702 1070 4756 sed
1097 4700 1162 4755 Et
1201 4704 1402 4756 domum
1443 4706 1570 4774 ejus.
1627 4706 1691 4760 Et
1736 4723 1837 4776 qua
1858 4708 1927 4763 de

351 4804 530 4853 causa,
559 4805 678 4843 cum
709 4807 799 4845 rex
834 4802 1044 4860 peccet,
1073 4808 1259 4848 oniucs
1301 4795 1368 4849 de
1409 4796 1567 4851 domo
1596 4797 1710 4867 ejus
1754 4814 1917 4868 ptent!

352 4887 474 4932 sunt
504 4881 824 4949 participes?
864 4883 981 4938 Non
1029 4885 1230 4954 absque
1254 4884 1456 4942 ratione
1484 4887 1584 4942 hoc
1612 4904 1821 4959 quoque
1844 4890 1919 4947 lit,

352 4970 445 5021 sed
478 4978 533 5021 ot
563 4985 655 5035 per
682 4970 782 5024 hoc
820 4974 959 5041 regis
1010 4974 1212 5028 iustitia
1262 4986 1651 5045 compescatur.
1682 4976 1925 5033 Graviori

354 5058 503 5128 plaga
529 5060 814 5129 indigebat,
847 5063 914 5116 ita
947 5073 1003 5117 ut
1038 5067 1149 5134 ipse
1194 5082 1229 5122 a
1266 5067 1498 5121 facinore
1517 5067 1923 5123 .deterreretur.

355 5149 420 5202 lit
447 5150 556 5218 qui,
585 5152 716 5217 aies,
750 5151 849 5207 hoc
872 5154 1071 5222 justum
1114 5157 1199 5221 sit,
1225 5167 1442 5225 propter
1490 5157 1635 5210 illum
1673 5159 1804 5212 alios
1831 5173 1923 5227 pu-

353 5239 496 5292 niri't
519 5238 636 5293 Non
665 5253 878 5311 promer
906 5245 1051 5300 illum
1094 5248 1264 5301 solum
1304 5262 1513 5316 pinnam
1537 5248 1921 5314 sustinuerunt,

353 5330 447 5383 sed
480 5332 762 5389 verisimile
808 5346 891 5391 est
915 5353 1011 5393 eos
1050 5348 1364 5409 cooperatos
1393 5339 1587 5405 fuisse,
1640 5352 1697 5395 ut
1743 5351 1925 5411 postea

354 5422 1056 5497 committereturiniquitas.
1098 5430 1301 5485 Audisti
1328 5430 1467 5485 enim
1508 5445 1665 5500 supra
1687 5432 1923 5500 Scriptu-

357 5526 469 5567 ’πη
494 5512 755 5571 dicentem
790 5537 804 5574 :
838 5517 907 5574 Ut
932 5521 1159 5574 viderunt
1178 5537 1289 5576 eam
1331 5522 1582 5592 principes
1614 5520 1922 5591 Pharaonis,

357 5603 705 5674 laudauerunt,
757 5618 802 5664 et
842 5613 1228 5669 introduxerunt
1278 5630 1392 5670 eam
1440 5613 1493 5667 in
1539 5613 1742 5666 domum
1793 5615 1923 5683 ejus.

365 5698 577 5757 Vidistis
600 5715 697 5758 eos
717 5703 965 5762 lenonum
996 5722 1153 5776 agere
1173 5706 1405 5765 ofﬁcium
1437 5709 1488 5764 iu
1511 5707 1649 5780 regis
1674 5707 1922 5779 gratiam,

1303 334 1368 391 iN
1407 336 1555 389 car.
1598 333 1712 390 xu.
1753 334 1997 391 anuus.
2042 334 2265 390 unum.
2310 329 2522 393 xxxn.

3433 335 3535 389 εὸοἳ

1966 449 2254 505 auferendo
2274 451 2404 519 justi
2436 451 2691 506 uxorem?
2736 453 3066 520 Quapromcr
3094 468 3195 506 non
3235 454 3345 524 ipse
3372 456 3534 518 solus,

1967 540 2058 593 sed
2085 550 2138 594 et
2166 558 2352 595 otnues
2368 542 2644 596 domestici
2672 541 2785 610 ejus
2808 558 2975 611 pmua:
3004 542 3212 597 fuerunt
3233 542 3535 613 participes,

1970 644 2027 684 ut
2051 629 2315 685 discerent
2344 647 2403 686 se
2431 648 2532 686 non
2558 633 2607 685 in
2633 633 2964 701 peregrinum
2983 632 3290 702 simpliciter
3308 635 3537 687 furorem

1970 734 2123 772 suum
2153 722 2471 781 excreuisse.
2503 738 2672 790 neque
2702 723 2751 776 in
2783 721 3049 776 hominem
3077 738 3107 776 e
3144 722 3319 777 medio
3368 723 3543 791 \ulgo,

1974 811 2065 865 sed
2095 812 2144 864 in
2168 811 2335 865 virum
2366 813 2695 867 carissimum
2747 814 2873 877 fico,
2924 812 3010 883 qui
3056 821 3201 867 tanta
3244 812 3393 867 illum
3420 827 3544 867 cura

1976 901 2305 971 dignaretur.
2330 902 2395 955 Et
2418 904 2613 957 idcirco
2646 903 2986 957 acerbissima
3035 917 3188 972 pmna
3240 904 3546 957 concutiens

1977 994 2091 1062 ejus
2121 1002 2373 1057 mentem,
2402 994 2619 1048 abduxit
2653 1010 2680 1047 a
2713 995 2913 1048 nefario
2954 992 3168 1063 ﬂagitio,
3212 993 3445 1047 coercuit
3483 993 3550 1045 ab

1979 1086 2269 1140 irrationali
2300 1087 2531 1153 impetu,
2563 1086 2797 1140 cohibuit
2834 1086 3245 1140 incontinentem
3278 1091 3509 1136 mentem
3533 1122 3548 1144 ,

1977 1177 2211 1246 alligavit
2234 1176 2711 1247 concupiscentiam
2739 1177 3066 1242 indomitam,
3095 1173 3379 1230 refrenavit
3404 1169 3557 1227 furoo

1981 1267 2053 1321 ris
2083 1266 2361 1320 insaniam.

2054 1357 2105 1409 7.
2148 1355 2433 1425 Propterea
2470 1356 2589 1411 vide
2626 1366 2818 1426 quanta
2850 1364 3031 1425 postea
3071 1354 3283 1409 lenitate
3322 1351 3556 1421 loquitur

1986 1462 2080 1502 rex
2105 1490 2121 1515 ,
2151 1458 2407 1520 tyrannus
2443 1449 2531 1503 ille
2562 1448 2753 1518 hospiti
2780 1491 2793 1515 ,
2823 1451 2971 1517 quasi
3000 1460 3133 1516 vago
3159 1442 3518 1502 obambulauti
3539 1482 3553 1504 ,

1985 1540 2068 1593 cui
2101 1548 2152 1594 et
2183 1554 2398 1594 uxorem
2428 1538 2638 1595 auferre
2663 1554 2825 1594 ausus
2853 1538 2968 1593 fuit.
3002 1538 3066 1591 Et
3096 1536 3232 1591 bene
3255 1534 3385 1589 dixit
3409 1532 3557 1588 Scri-

1990 1640 2161 1702 ptura,
2194 1632 2379 1702 Afﬂixit
2421 1630 2741 1685 Pharaonem
2786 1642 2832 1685 et
2876 1631 3081 1685 domum
3124 1629 3232 1700 ejus
3273 1627 3336 1681 ob
3374 1626 3560 1680 Soram

1989 1739 2193 1777 uxorem
2252 1723 2417 1777 Abrae.
2470 1724 2695 1776 Sensum
2740 1723 2789 1776 ei
2834 1735 2989 1790 ptena
3031 1727 3241 1788 praestat
3266 1757 3282 1782 ,
3326 1714 3465 1785 quod
3494 1714 3562 1768 sit

1992 1813 2285 1881 uxorjusti.
2316 1811 2519 1866 Etenim
2542 1812 2666 1865 etin
2689 1811 2902 1865 domum
2928 1807 3216 1863 Pharaonis
3243 1806 3557 1867 introducta,

1993 1907 2186 1959 mansit
2207 1917 2340 1960 uxor
2363 1904 2511 1975 justi.
2537 1906 2623 1960 l8.
2648 1903 2773 1959 Cum
2788 1912 3006 1957 uocasset
3029 1910 3195 1955 autem
3222 1898 3407 1953 Abram
3427 1896 3564 1950 Plia-

1994 2012 2103 2060 rao,
2130 1997 2256 2049 dixit
2282 1997 2327 2048 ei
2343 2011 2362 2049 :
2385 1995 2551 2059 Quare
2576 1995 2668 2048 hoc
2691 1994 2854 2063 fecisti
2877 1992 3038 2045 mihi?
3061 1990 3190 2045 Vide
3208 1989 3383 2058 qualia
3404 1986 3564 2042 verba

1996 2102 2090 2141 rex
2112 2085 2382 2157 profatur:
2405 2085 2573 2152 Quare
2587 2085 2680 2138 hoc
2695 2084 2857 2155 fecisti
2877 2083 2999 2135 mihi
3016 2082 3043 2136 7
3069 2080 3257 2149 inquit.
3276 2078 3453 2148 Egone
3475 2075 3564 2129 tibi

2000 2176 2121 2243 feci,
2153 2179 2241 2245 qui
2271 2175 2577 2245 peregrinus
2601 2215 2614 2234 ,
2643 2173 2733 2243 qui
2763 2173 2887 2226 nulli
2919 2179 3108 2234 notus,
3140 2169 3229 2238 qtti
3253 2175 3469 2239 propter
3494 2165 3569 2217 fa-

2000 2281 2138 2321 mem
2165 2266 2348 2320 adsum
2373 2306 2387 2328 ,
2432 2264 2521 2319 tibi
2556 2264 2697 2333 regi,
2726 2272 2950 2334 tyranno
2972 2302 2987 2327 ,
3017 2268 3071 2315 et
3106 2257 3386 2337 imperanti
3410 2269 3573 2326 super

2001 2355 2324 2428 Egyptum?
2343 2354 2477 2422 Quid
2501 2353 2599 2409 feci
2628 2354 2718 2407 tibi
2738 2353 2855 2408 ?Tu
2878 2351 3005 2405 mihi
3027 2349 3287 2404 abstulisti
3315 2362 3531 2401 uxorem
3555 2365 3568 2397 :

2003 2446 2139 2500 sicut
2163 2447 2493 2514 peregrinum
2524 2459 2610 2497 me
2632 2442 2935 2511 despexisti,
2964 2438 3351 2508 contempsisti,
3379 2436 3573 2490 nullius

2004 2537 2256 2590 momenti
2285 2548 2371 2589 me
2401 2533 2627 2587 habuisti
2656 2551 2669 2586 :
2702 2532 2919 2586 omnino
2964 2527 3334 2599 intemperanti
3374 2540 3574 2580 emicu-

2005 2625 2275 2697 piscentiae
2303 2634 2405 2680 tua:
2433 2626 2758 2692 obseqnutus
2783 2637 2842 2676 es
2860 2663 2875 2688 ,
2911 2631 2965 2677 et
2993 2636 3112 2692 quae
3141 2619 3232 2674 tibi
3264 2616 3536 2687 placebant
3556 2654 3571 2677 .

2006 2728 2168 2785 opere
2197 2713 2411 2769 volebas
2437 2714 2725 2782 cowplere.
2754 2711 3014 2778 Quidnam
3037 2723 3165 2779 ergo
3190 2708 3289 2762 feci
3312 2706 3441 2761 tibi?
3471 2704 3578 2758 Ma-

2006 2820 2129 2875 gna,
2159 2803 2360 2874 inquit,
2389 2804 2514 2858 mihi
2544 2803 2747 2870 fecisti,
2777 2811 2831 2857 et
2854 2802 3032 2872 gravia
3059 2802 3111 2855 in
3135 2815 3220 2854 me
3244 2796 3575 2853 commisisti.

2011 2894 2144 2949 Vide
2180 2903 2376 2963 quanta
2422 2908 2599 2947 rerum
2641 2892 2991 2947 vicissitudo:
3033 2905 3122 2944 rex
3165 2888 3370 2960 privato
3405 2885 3576 2939 dicit:

2009 2986 2144 3052 Quid
2169 2984 2338 3040 fecisti
2366 2983 2493 3038 mihi
2519 2983 2543 3035 ?
2574 2983 2761 3047 Deum,
2788 2982 2978 3052 inquit,
3002 2980 3270 3034 inimicum
3301 2976 3431 3030 mihi
3459 2973 3583 3029 red-

2010 3075 2209 3138 didisti,
2229 3075 2359 3129 iram
2381 3077 2495 3143 ejus
2509 3087 2670 3143 super
2693 3087 2779 3126 me
2803 3070 3074 3135 induxis-ti,
3099 3065 3581 3143 pmnaLOiiuoxinm

2012 3182 2097 3222 me
2118 3134 2425 3229 reddidisti,
2441 3134 2612 3219 fecisti
2628 3171 2683 3217 ut
2705 3176 2914 3231 ianuam
2935 3134 3115 3214 lueret
3131 3168 3237 3211 tota
3248 3134 3376 3211 utea
3395 3157 3587 3209 domus

2013 3272 2198 3310 eorum
2224 3270 2343 3326 qua:
2383 3254 2435 3309 in
2476 3263 2528 3309 te
2555 3254 2782 3308 admissa
2811 3261 2953 3308 sunt.
2982 3250 3083 3304 Cur
3112 3251 3207 3304 hoc
3235 3248 3358 3302 mihi
3388 3247 3547 3317 fecisti
3563 3247 3588 3298 .’

2019 3348 2190 3416 Quare
2219 3363 2321 3400 non
2348 3346 2656 3400 annuntiasti
2683 3344 2808 3397 mihi
2834 3343 2967 3411 quod
2998 3357 3129 3395 uxor
3163 3350 3249 3393 tua
3285 3337 3458 3392 esset?
3497 3336 3584 3390 l9.

2021 3440 2189 3506 Quare
2215 3436 2387 3492 desisti
2409 3450 2429 3490 :
2450 3435 2611 3491 Soror
2638 3450 2747 3488 mea
2770 3433 2878 3487 est?
2907 3441 2954 3487 et
2977 3431 3148 3501 accepi
3169 3444 3282 3483 eam
3312 3428 3436 3482 milii
3458 3441 3589 3479 uxo-

2017 3547 2140 3584 rem.
2160 3529 2290 3598 Ego,
2312 3526 2497 3597 inquit,
2520 3525 2668 3595 quasi
2694 3539 2932 3579 sororem
2950 3532 3090 3575 tuam
3110 3518 3349 3574 volebam
3370 3517 3583 3571 ducere.

2021 3621 2085 3674 At
2114 3619 2252 3674 unde
2276 3617 2502 3672 didicisti
2531 3631 2746 3671 uxorem
2775 3627 2894 3669 esse
2916 3612 3086 3682 justi?
3114 3610 3264 3666 Ultor
3299 3615 3457 3662 tantm
3484 3607 3586 3659 ini-

2020 3710 2233 3779 quitatis
2253 3750 2268 3774 ,
2297 3708 2383 3763 ille
2410 3708 2535 3762 mihi
2566 3722 2678 3761 rem
2710 3704 2971 3759 indicavit.
2999 3703 3101 3756 Cur
3124 3700 3283 3771 fecisti
3311 3697 3434 3752 mihi
3458 3696 3587 3757 hoc,

2022 3814 2066 3854 et
2094 3817 2191 3855 non
2211 3800 2444 3855 indicasti
2468 3798 2589 3852 mihi
2608 3796 2741 3868 quod
2763 3812 2891 3850 uxor
2910 3805 2997 3849 tua
3024 3791 3189 3848 esset?
3215 3801 3260 3844 et
3290 3790 3459 3859 accepi
3480 3805 3589 3842 eam

2024 3890 2146 3943 mihi
2175 3890 2273 3959 ipsi
2297 3905 2503 3944 uxorem
2531 3898 2859 3957 peccaturus.
2891 3883 3050 3952 Quasi
3074 3896 3311 3938 sororem
3335 3889 3476 3934 tuam
3500 3878 3592 3931 Ita-

2024 3983 2229 4037 biturus
2271 3982 2371 4036 hoc
2412 3979 2526 4036 feci.
2561 3978 2787 4035 Attende
2811 3976 3075 4047 quomodo
3100 3972 3339 4044 supplicii
3365 3972 3594 4042 gravitas

2025 4073 2292 4130 Concussit
2316 4070 2435 4139 ejus
2462 4080 2713 4135 mentem,
2745 4070 2815 4122 ita
2844 4075 2979 4120 utet
3002 4065 3150 4135 justo
3176 4065 3434 4118 rationem
3465 4058 3590 4114 red-

2026 4166 2176 4220 deret
2199 4205 2213 4230 ,
2254 4173 2310 4220 et
2345 4177 2503 4217 omne
2526 4177 2647 4231 erga
2676 4176 2796 4216 eum
2826 4159 3119 4214 declararet
3157 4154 3410 4209 oﬂicium.
3434 4151 3592 4220 Atqui

2027 4256 2127 4312 nisi
2157 4256 2248 4311 Dei
2274 4253 2458 4309 fuisset
2484 4254 2648 4323 gratia
2674 4294 2690 4317 ,
2714 4266 2831 4322 qua:
2861 4257 3093 4305 mentem
3115 4246 3229 4317 ejus
3253 4241 3558 4300 emolliebat
3577 4281 3592 4301 ,

2026 4355 2080 4402 et
2110 4356 2306 4401 metum
2337 4344 2409 4399 illi
2432 4343 2736 4408 incutiebat,
2763 4354 3094 4410 consequens
3123 4346 3378 4396 eratcum
3401 4333 3453 4387 in
3486 4344 3598 4384 ma-

2022 4438 2195 4507 jorem
2240 4435 2473 4490 furorem
2521 4434 2789 4488 inductum
2827 4429 2976 4501 quasi
3021 4430 3359 4497 deceptorem
3394 4424 3599 4493 justum

2029 4529 2332 4597 puniturum
2364 4527 2559 4591 fuisse,
2598 4535 2651 4581 et
2680 4524 2933 4580 extremis
2960 4521 3271 4577 aﬂ'ecturum
3302 4513 3598 4585 suppliciis.

2027 4620 2097 4672 At
2123 4617 2251 4672 nihil
2278 4616 2463 4671 horum
2490 4615 2648 4669 fecit:
2678 4616 2836 4670 timor
2858 4613 3002 4668 enim
3032 4610 3272 4680 supplicii
3299 4606 3600 4661 inﬂamma-

2030 4719 2133 4764 tam
2164 4711 2280 4779 ejus
2303 4710 2434 4764 iram
2469 4708 2721 4777 repressit
2746 4714 2799 4759 et
2828 4704 3071 4759 restinxit
3101 4719 3115 4755 :
3146 4699 3285 4754 unde
3309 4711 3469 4751 unum
3501 4692 3603 4747 hoc

2027 4801 2263 4866 curabat,
2287 4808 2345 4853 ut
2362 4813 2484 4868 erga
2508 4798 2707 4868 justum
2728 4796 2995 4850 oflieiosus
3013 4800 3174 4845 esset.
3204 4786 3436 4843 Rescivit
3455 4783 3599 4839 enim

2030 4891 2240 4945 tandem
2264 4930 2279 4953 ,
2308 4904 2413 4944 non
2441 4903 2559 4944 esse
2580 4887 2829 4957 possibile
2852 4900 2972 4939 eum
3001 4883 3274 4952 vulgarem
3298 4876 3600 4947 quempiam

2027 4995 2148 5036 esse
2170 5019 2187 5046 ,
2224 4980 2312 5049 qui
2355 4988 2497 5033 tanta
2534 4991 2761 5046 superna
2799 4973 3167 5031 benevolentia
3204 4969 3485 5024 frueretur.
3534 4963 3601 5019 Et

2028 5085 2160 5122 nunc
2199 5083 2311 5122 ecce
2346 5083 2475 5121 uxor
2506 5076 2593 5120 tua
2624 5081 2796 5118 coram
2829 5074 2877 5118 te
2898 5104 2914 5127 ,
2947 5072 3153 5132 accepta
3188 5076 3247 5116 ea
3287 5060 3425 5113 ocius
3452 5054 3597 5110 uade.

2027 5161 2177 5219 Nunc
2198 5202 2213 5225 ,
2244 5160 2446 5229 inquit,
2475 5158 2596 5229 quia
2623 5157 2844 5228 cognovi
2875 5172 2979 5211 non
3008 5170 3129 5211 esse
3153 5166 3391 5208 sororem
3417 5159 3560 5204 tuam
3582 5188 3601 5213 ,

2027 5252 2122 5307 sed
2147 5265 2365 5305 uxorem
2387 5290 2401 5314 ,
2429 5264 2556 5305 ecce
2590 5250 2754 5308 habes
2777 5264 2916 5305 eam.
2948 5247 3130 5317 Neque
3155 5243 3296 5300 enim
3324 5242 3429 5297 ulla
3459 5241 3513 5297 in
3542 5254 3603 5293 re

2027 5342 2298 5410 deturpavi
2323 5340 2623 5412 conjugium
2651 5351 2907 5405 vestrum,
2936 5352 3107 5408 neque
3132 5333 3329 5406 privavi
3355 5341 3406 5387 te
3437 5344 3606 5386 uxore

2030 5442 2136 5489 tua.
2169 5433 2275 5489 Sed
2299 5448 2410 5487 ecce
2437 5449 2563 5487 uxor
2587 5441 2672 5486 tua
2691 5447 2860 5486 coram
2886 5442 2954 5499 te,
2980 5436 3187 5498 accepta
3208 5442 3267 5481 ea
3292 5424 3428 5478 ocius
3454 5420 3599 5474 uade.

2028 5524 2156 5593 Qum
2182 5538 2333 5579 mens
2359 5524 2552 5594 poterit
2576 5523 2731 5592 digne
2758 5537 2878 5593 qua:
2902 5521 3037 5578 facta
3065 5527 3191 5575 sunt
3215 5514 3489 5577 admirari,
3513 5520 3606 5566 aut

2025 5631 2145 5688 qua:
2167 5615 2341 5685 lingua
2366 5614 2676 5671 miraculum
2699 5614 2890 5670 valebit
2908 5611 3195 5674 enarrare?
3217 5609 3404 5664 Mulier
3421 5606 3603 5676 splen-

2037 5709 2155 5765 didJ
2192 5710 2360 5767 forma
2388 5709 2545 5767 simul
2568 5723 2687 5766 cum
2714 5708 2829 5765 viro
2856 5707 3108 5782 Egyptio
3128 5748 3145 5778 ,
3176 5715 3231 5762 et
3254 5715 3378 5773 rege
3397 5740 3412 5767 ,
3436 5710 3493 5755 et
3520 5707 3607 5771 ty-
