4084 6214
535 287 632 339 ὖοὶδ
1240 248 1243 249 ν
1307 285 1360 338 S.
1403 285 1678 341 Jll.\.\'NlS
1715 289 2188 346 CIIRYSOSTOMI
2230 291 2545 349 ARCIIIEP.
2589 295 3122 354 CONSTANTINOP.

529 413 712 465 ranno,
742 407 794 454 ct
821 398 898 453 sic
920 399 1127 466 insano,
1146 407 1200 452 et
1226 399 1611 454 incontinenter
1635 400 1824 458 allecto
1846 417 2102 459 concum'

525 492 652 544 bcns
673 531 690 558 ,
743 491 937 544 intacta
981 490 1268 560 egreditur,
1316 503 1522 548 servata
1549 495 1788 550 castitate
1814 511 1931 551 sua.
1963 498 2105 553 Talia

519 582 682 644 enim,
711 582 847 636 sicut
878 583 1020 650 prius
1049 581 1156 637 dixi
1177 625 1191 645 ,
1225 593 1346 637 sunt
1370 599 1485 655 quae
1515 601 1544 639 a
1574 587 1684 641 Deo
1708 587 2104 657 dispensanlur,

520 691 636 727 rara
659 689 873 742 semper
898 684 951 728 ct
979 673 1307 729 admirabilia
1335 693 1348 729 :
1377 685 1431 732 et
1456 677 1668 746 quando
1693 679 1830 749 apud
1863 679 2104 736 homines

517 768 853 835 desperatum
885 776 964 821 est
988 808 1003 831 ,
1035 777 1159 822 tunc
1187 768 1433 824 invictam
1463 771 1512 824 in
1539 771 1786 826 omnibus
1813 775 2101 843 potentiam

516 875 665 912 suam
713 859 852 914 Deus
890 859 1143 914 declarat.
1194 861 1477 916 Enimvero
1521 863 1654 917 sicut
1699 863 2012 921 admirabile
2050 876 2104 922 et

490 936 693 1004 'rarum
725 960 839 1005 erat
871 951 1052 1006 videre
1072 952 1240 1006 virum
1267 952 1652 1009 desideriorum
1679 965 1821 1010 stare
1852 958 1902 1010 in
1929 959 2103 1014 medio

516 1042 744 1095 terarum
773 1042 791 1112 (
818 1040 952 1096 Dan.
983 1043 1103 1114 14),
1131 1053 1185 1099 et
1211 1043 1341 1098 nihil
1368 1045 1499 1114 pati,
1527 1046 1625 1100 sed
1651 1047 1800 1116 quasi
1828 1062 1954 1102 oves
1978 1065 2098 1102 cum

475 1135 1032 1202 _circnmstetissent,
1080 1136 1151 1190 ita
1195 1137 1418 1192 ilhesum
1463 1139 1640 1207 egredi
1671 1154 1702 1194 e
1730 1140 1885 1206 lacu;
1913 1151 1963 1194 ct
1994 1148 2102 1195 tres

512 1240 707 1294 pueros
747 1226 799 1280 in
828 1227 1038 1282 camino
1065 1229 1215 1298 quasi
1247 1229 1298 1282 in
1337 1237 1492 1298 prato
1520 1239 1576 1284 et
1603 1231 1653 1284 in
1681 1231 1838 1285 horto
1861 1233 2096 1300 versari,

510 1327 563 1371 et
591 1318 721 1374 nihil
764 1319 832 1374 ab
861 1320 980 1391 igne
1009 1319 1132 1374 lzedi
1157 1319 1176 1390 (
1194 1318 1280 1374 ld.
1310 1321 1344 1377 5
1367 1321 1388 1393 )
1409 1363 1422 1384 .
1455 1322 1548 1377 sed
1595 1324 1773 1394 egredi
1805 1323 1930 1380 inde
1962 1335 2098 1379 tam—

511 1427 670 1479 quam
697 1420 898 1467 statuas
925 1429 939 1467 :
972 1412 1192 1482 perinde
1223 1413 1293 1468 ita
1319 1414 1669 1470 admiratione
1692 1416 1908 1488 dignum
1935 1428 2016 1474 est
2045 1429 2098 1474 et

513 1502 613 1557 hoc
654 1501 895 1570 facinus,
941 1504 1081 1573 quod
1121 1504 1252 1575 justi
1301 1521 1434 1561 uxor
1481 1508 1678 1562 nullam
1721 1510 2093 1565 contumeliam

510 1603 727 1662 experta
771 1609 800 1648 a
843 1609 966 1664 rege
993 1595 1246 1666 JEgyptio
1275 1637 1292 1664 ,
1338 1605 1568 1668 tyranno
1592 1638 1608 1662 ,
1664 1599 2051 1669 intemperante
2077 1641 2096 1668 ,

511 1685 702 1738 exierit
739 1685 904 1740 salva.
939 1686 1076 1741 Dens
1105 1687 1246 1742 enim
1273 1697 1385 1743 erat
1411 1691 1501 1759 qui
1535 1690 1762 1746 faciebat
1789 1694 1966 1748 omnia
1995 1736 2009 1759 ,
2043 1704 2094 1748 et

511 1774 562 1828 in
592 1775 750 1830 inviis
772 1775 910 1830 viam
930 1776 1111 1842 dabat,
1127 1776 1216 1848 qui
1241 1793 1389 1847 spem
1411 1779 1604 1835 bonam
1621 1793 1834 1852 semper
1853 1783 1906 1838 in
1934 1785 2095 1842 rebus

509 1867 795 1936 deploratis
823 1868 1014 1924 afferre
1037 1871 1196 1926 valet.
1226 1872 1291 1926 Et
1320 1891 1472 1936 nunc,
1504 1876 1694 1944 inquit,
1723 1894 1833 1933 ecce
1859 1895 1987 1934 uxor
2007 1890 2094 1935 tua

508 1976 678 2012 coram
708 1969 772 2023 te,
801 1972 1001 2032 accepta
1027 1980 1086 2017 ea
1113 1965 1251 2019 ocius
1278 1966 1424 2020 vade.
1457 1966 1532 2022 Ne
1556 1969 1831 2025 existimes
1854 2011 1869 2034 ,
1905 1971 2090 2042 inquit,

510 2061 561 2106 te
585 2067 614 2104 a
645 2053 799 2106 nobis
830 2053 1018 2123 injuria
1046 2054 1291 2111 allectum
1323 2073 1463 2113 esse.
1499 2059 1630 2113 Nam
1679 2061 1800 2116 licet
1827 2077 1921 2132 per
1947 2065 2094 2132 igno-

507 2145 731 2200 rantiam
757 2148 1195 2204 attentaverimus
1219 2165 1338 2219 qua:
1381 2150 1514 2205 facta
1555 2162 1676 2206 sunt
1706 2195 1720 2218 ,
1751 2171 1890 2209 nunc
1916 2166 2090 2210 tamen

507 2251 632 2290 ecce
653 2239 996 2307 cognovimus
1020 2255 1178 2309 quem
1201 2240 1400 2298 habeas
1421 2243 1781 2302 defensorem:
1803 2247 2092 2318 indignatio

506 2327 647 2382 enim
673 2343 792 2398 qua:
819 2329 868 2383 in
895 2345 992 2384 nos
1019 2330 1240 2386 desatvit
1262 2373 1277 2399 ,
1311 2333 1490 2389 docuit
1516 2351 1610 2390 nos
1633 2349 1884 2406 quantum
1911 2341 2092 2410 gratia:

507 2417 598 2471 tibi
623 2419 691 2472 sit
721 2419 858 2488 apud
888 2421 1056 2475 Deum
1084 2423 1344 2478 omnium.
1368 2427 1595 2496 Accepta
1625 2429 1782 2498 igitur
1810 2445 1975 2486 uxore
2005 2440 2090 2487 tua

505 2511 655 2564 orius
675 2510 825 2565 vade.
847 2511 1123 2569 Terribilis
1157 2526 1336 2585 postea
1355 2529 1470 2573 erat
1495 2519 1573 2574 cis
1589 2520 1781 2588 justus,
1813 2532 2089 2590 propterea

506 2601 710 2668 magnis
751 2601 939 2657 ofﬁciis
973 2619 1095 2659 eum
1134 2607 1378 2677 prosequi
1407 2610 1734 2665 contendunt
1763 2653 1778 2678 ,
1820 2613 2092 2683 placantes

508 2693 672 2759 ipsius
717 2694 995 2752 Dominum
1038 2707 1258 2770 pr0pter
1296 2715 1359 2757 ea
1403 2717 1522 2772 quae
1567 2703 1618 2757 in
1673 2704 1820 2758 illum
1863 2707 2129 2760 commi-‘

505 2793 702 2837 Serani.

576 2873 629 2926 8.
665 2873 873 2938 Vidisti,
900 2875 1092 2932 dilecte
1116 2919 1128 2942 ,
1160 2888 1414 2948 quantum
1441 2879 1637 2936 bonum
1663 2883 1731 2937 sit
1756 2885 2004 2951 patientia
2034 2895 2090 2941 et

505 2965 942 3030 perseverantia?
971 2967 1086 3033 llic,
1114 2984 1316 3037 quaeso,
1349 2986 1554 3024 memor
1575 2981 1690 3027 esto
1720 2975 2000 3030 verborum
2027 2977 2089 3032 il-

505 3053 675 3107 lorum
703 3057 1147 3152 quiepatriarcba
1172 3058 1383 3115 dicebat
1411 3060 1697 3132 JEgyptum
1723 3064 2086 3135 ingressurus:

505 3141 627 3196 Seio
661 3144 796 3212 quod
834 3141 1015 3199 mulier
1041 3147 1257 3216 pulchra
1281 3151 1351 3204 sis
1374 3166 1393 3204 :
1421 3152 1649 3220 futurum
1693 3165 1766 3210 est
1803 3156 2002 3228 itaque,
2032 3170 2088 3214 ut

504 3247 618 3284 cum
644 3242 691 3286 te
715 3234 926 3288 viderint
947 3235 1205 3308 ngyptii,
1237 3255 1316 3294 me
1338 3242 1539 3311 quidem
1568 3244 1819 3312 occidant,
1849 3258 1898 3303 te
1918 3259 2086 3304 autem

502 3331 713 3375 servent.
737 3322 845 3378 Illis
862 3324 1020 3394 igitur
1039 3327 1089 3380 in
1113 3337 1290 3384 mente
1307 3333 1615 3403 resumptis,
1629 3336 1909 3393 considera
1924 3339 2084 3396 etiam

501 3427 621 3481 quae
651 3429 790 3470 nunc
821 3415 986 3480 fiunt,
1019 3427 1074 3472 et
1107 3418 1372 3476 admirare
1400 3422 1556 3478 simul
1593 3423 1720 3494 justi
1749 3428 2083 3486 tolerantiam

501 3512 556 3558 et
572 3505 928 3563 misericordis
953 3508 1044 3564 Dei
1069 3510 1337 3580 virtutem,
1357 3523 1551 3583 quanta
1579 3530 1699 3571 cum
1718 3516 1884 3588 gloria
1909 3520 2087 3578 redire

499 3607 648 3651 curet
670 3597 868 3667 justum
895 3642 908 3664 ,
935 3602 1024 3671 qui
1053 3617 1172 3658 cum
1203 3612 1350 3660 tanto
1377 3606 1566 3662 timore
1591 3616 1645 3663 ct
1671 3619 1815 3666 metu
1843 3621 2083 3668 venerat.

497 3687 586 3742 ξι).
617 3689 684 3743 Et
713 3693 966 3762 prwsepit.
1001 3694 1189 3765 inquit,
1223 3695 1428 3753 Pharao
1453 3699 1578 3755 viris
1601 3716 1754 3772 super
1775 3703 1962 3759 Abram
1983 3745 1998 3769 ,
2031 3715 2085 3760 ut

498 3782 616 3834 inde
639 3781 889 3838 deducant
913 3801 1028 3838 eum
1049 3827 1064 3851 ,
1092 3796 1139 3841 et
1165 3804 1374 3844 uxorem
1399 3791 1511 3860 ejus
1529 3833 1545 3858 ,
1571 3801 1618 3846 et
1642 3795 1812 3848 omnia
1834 3811 1949 3864 quae
1974 3801 2082 3862 eius

486 3858 674 3937 erant;
702 3882 749 3926 et
783 3873 874 3928 Lat
900 3891 1014 3930 eum
1055 3893 1131 3931 eo.
1162 3877 1347 3950 Magna
1373 3858 1492 3936 cum
1517 3882 1760 3939 claritate
1785 3893 1839 3939 et
1873 3885 2039 3956 gloria
2063 3928 2078 3952 ,

503 3961 955 4035 hicupletatusque
981 3966 1180 4023 divitiis
1209 3968 1346 4024 redit
1366 3970 1542 4039 justus
1568 3989 1582 4026 :
1611 3981 1664 4027 et
1689 3971 1749 4028 ﬁt
1775 3973 1964 4030 doctor
1990 3991 2084 4044 per

501 4065 566 4104 ea
592 4067 710 4121 qua:
745 4056 1084 4124 contigerunt
1108 4099 1121 4122 ,
1153 4072 1262 4113 non
1291 4059 1462 4114 solum
1489 4059 1769 4132 Egyptiis,
1801 4064 1894 4118 sed
1921 4065 2080 4118 etiam

499 4147 746 4202 onmilms
770 4149 858 4217 qui
890 4149 940 4202 in
972 4150 1162 4205 itinere
1191 4160 1378 4214 erant,
1407 4161 1461 4206 et
1491 4153 1553 4207 iis
1579 4153 1669 4223 qui
1711 4155 1762 4208 in
1801 4155 2081 4211 Palaestina

500 4237 823 4291 habitabant.
869 4237 999 4291 Nam
1024 4247 1279 4308 quotquot
1306 4241 1546 4296 viderant
1579 4258 1700 4297 eum
1740 4244 1951 4313 quando
1984 4245 2079 4300 de-

499 4327 708 4380 scendit
751 4327 888 4382 fame
921 4337 1137 4381 coactus
1159 4368 1174 4393 ,
1213 4331 1404 4384 timore
1432 4341 1486 4384 et
1514 4341 1743 4386 tremore
1768 4342 2043 4404 correptus
2063 4377 2078 4402 ,

496 4433 638 4472 nunc
661 4433 789 4471 vero
810 4418 1119 4474 redeuntem
1155 4435 1277 4475 cum
1307 4429 1449 4475 tanta
1478 4421 1720 4478 claritate
1743 4433 1797 4478 et
1823 4424 2085 4480 facultati-

497 4507 597 4560 bus
621 4516 682 4562 et
721 4507 918 4564 divitiis
942 4551 957 4576 ,
1001 4509 1276 4566 discebant
1308 4512 1556 4568 virtutem
1597 4516 1942 4583 providentia:
1984 4518 2078 4575 Dei

495 4613 618 4669 erga
641 4599 810 4654 illum.
844 4600 973 4669 Quis
999 4601 1131 4658 vidit
1157 4605 1444 4674 umquam?
1464 4605 1582 4676 quis
1598 4606 1837 4666 audivit?
1860 4609 2003 4665 Abiit
2025 4621 2082 4668 ut

494 4691 688 4746 iamem
719 4707 868 4746 suam
898 4695 1196 4765 mitigaret;
1227 4705 1283 4775 et
1310 4697 1507 4753 divitiis
1533 4699 1810 4756 abundans
1836 4702 2080 4760 inelfabi-

495 4783 635 4852 lique
660 4799 780 4838 cum
809 4785 973 4854 gloria
1006 4786 1158 4843 redit.
1193 4786 1270 4843 Ne
1298 4789 1609 4856 admireris,
1636 4790 1831 4849 dilecte
1852 4833 1869 4859 ,
1901 4809 1966 4849 ne
1999 4793 2078 4849 fa-

493 4884 636 4929 ctum
665 4874 766 4930 hoc
797 4878 865 4930 ita
900 4879 1220 4947 stupendum
1249 4880 1340 4935 tibi
1369 4881 1608 4937 videatur
1633 4900 1646 4936 :
1679 4884 1786 4938 imo
1812 4884 2078 4941 admirare

492 4976 547 5020 et
570 4967 906 5037 obstupesce,
936 4978 988 5024 et
1013 4971 1222 5026 celebra
1251 4975 1550 5030 communis
1575 4976 1810 5030 omnium
1839 4986 2078 5032 nostrum

496 5058 703 5113 Domini
749 5062 1018 5117 virtutem.
1073 5064 1140 5118 Et
1185 5063 1308 5121 vide
1359 5067 1519 5121 etiam
1567 5068 1707 5122 illius
1746 5081 1964 5138 nepotes
2009 5071 2080 5126 ob

492 5150 733 5205 eamdem
764 5151 915 5207 famis
935 5156 1305 5210 necessitatem
1328 5157 1379 5211 in
1406 5157 1692 5229 Egyptum
1715 5159 2076 5222 descendisse,

491 5249 542 5293 et
570 5255 691 5296 cum
715 5243 782 5296 ibi
811 5243 860 5296 in
886 5245 1030 5312 gravi
1052 5245 1306 5302 servitute
1328 5247 1602 5315 vixissent,
1627 5250 1923 5319 multasque
1953 5267 2074 5320 per.

493 5333 736 5388 tulissent
751 5350 1036 5402 :erumnas,
1056 5337 1387 5394 facultatibus
1403 5350 1587 5394 auctos
1605 5342 1814 5396 tandem
1832 5343 2076 5400 rediisse.

492 5422 635 5476 Talis
669 5424 808 5478 enim
837 5437 918 5481 est
964 5430 1385 5498 sapientissimus
1431 5431 1566 5484 Deus
1610 5440 1822 5496 noster,
1865 5433 2078 5501 quando

492 5517 743 5582 permittit
777 5520 956 5588 augeri
985 5530 1038 5574 et
1062 5523 1364 5577 coacervari
1399 5522 1668 5578 molestias
1691 5565 1705 5590 ,
1736 5532 1860 5579 tunc
1886 5525 2075 5580 iterum

491 5606 728 5685 discussa
776 5619 1128 5680 tempestate,
1175 5614 1514 5670 serenitatem
1560 5631 1845 5687 rerumque
1886 5617 2074 5674 miram

494 5694 912 5755 vicissitudinem
941 5703 1083 5770 facit,
1106 5704 1306 5760 docens
1335 5720 1430 5760 nos
1447 5721 1556 5762 suzc
1587 5710 1837 5776 potentiae
1866 5711 2041 5778 magni
2060 5740 2074 5751 ο

3699 309 3802 362 SOI

2214 406 2471 462 tudinem.
2493 410 2542 463 l.
2565 410 2584 478 (
2607 409 2733 480 (ἰαρ-
2757 413 2823 468 15
2844 415 2861 482 )
2883 414 3116 468 Ascendit
3143 424 3307 469 autem
3325 417 3508 471 Abram
3538 435 3602 473 ea:
3623 417 3806 491 Λίμν-

2211 509 2318 568 pta,
2341 498 2448 568 ipse
2477 510 2524 554 et
2550 517 2678 554 uxor
2701 505 2808 574 ejus
2829 546 2843 569 ,
2871 514 2919 559 et
2947 506 3116 559 omnia
3140 522 3252 576 qua:
3277 508 3387 577 ejus
3413 523 3554 563 erant
3577 552 3592 575 ,
3628 524 3675 566 et
3705 513 3809 566 Lot

2211 604 2325 641 cum
2365 606 2422 643 eo
2446 632 2461 656 ,
2513 591 2566 644 in
2595 594 2932 648 solitudinem.
2981 595 3288 666 Opportune
3318 599 3404 654 hic
3440 602 3560 672 quis
3578 618 3810 657 accoun-

2211 683 2438 738 modarit
2467 686 2626 740 verba
2659 687 2744 740 illa
2769 730 2784 752 ,
2817 703 2934 757 quae
2961 689 3144 745 beatus
3175 689 3336 745 David
3365 693 3428 747 iis
3452 696 3540 764 qui
3565 709 3597 749 e
3625 697 3810 768 Baby~

2209 771 2379 828 ionica
2419 775 2662 830 redibant
2701 779 3008 847 captivitate
3043 780 3290 836 dicebat:
3322 783 3423 848 Qui
3467 787 3722 840 sentinam
3747 791 3811 842 in

2211 865 2470 936 lacrymis,
2499 868 2551 921 in
2580 869 2912 926 exsultatione
2939 881 3140 926 metent.
3163 871 3354 929 Euntcs
3374 877 3510 930 ibant
3532 888 3578 931 et
3603 880 3807 948 ﬂebant

2209 958 2454 1012 mittentes
2471 961 2661 1014 semina
2681 977 2791 1015 sua.
2821 961 3077 1018 Venientes
3101 977 3267 1019 autem
3283 968 3475 1022 uenient
3489 970 3541 1023 in
3563 975 3805 1026 exsulta-

2208 1051 2362 1118 tione,
2385 1063 2631 1122 gestantes
2651 1055 2936 1122 manipulos
2956 1073 3072 1111 suos
3096 1057 3263 1130 (Paul.
3285 1061 3406 1115 125.
3421 1062 3475 1117 5.
3499 1063 3577 1133 6).
3603 1064 3804 1120 Vidisti

2207 1139 2520 1198 descensum
2551 1146 2814 1201 anxietate
2839 1158 2998 1217 atque
3024 1149 3211 1205 timore
3238 1151 3471 1220 plenum,
3501 1153 3798 1211 habentem

2207 1245 2385 1287 secum
2411 1244 2465 1288 et
2491 1235 2677 1290 mortis
2707 1238 3086 1293 formidinem?
3116 1241 3244 1295 Vide
3267 1258 3405 1298 nunc
3428 1245 3654 1299 reditum
3682 1249 3803 1301 eia-

2205 1323 2361 1378 ritate
2387 1334 2442 1378 et
2466 1324 2719 1395 dignitate
2759 1329 2922 1384 multa
2959 1333 3324 1402 conspicuum.
3355 1333 3614 1392 Omnibus
3643 1340 3797 1395 enim

2207 1414 2427 1483 posthac
2452 1419 2771 1475 venerabilis
2815 1429 2930 1475 erat
2976 1421 3151 1490 justus
3197 1423 3286 1479 ille
3329 1433 3435 1480 tam
3483 1427 3549 1482 iis
3593 1431 3684 1499 qui
3740 1433 3800 1484 in

2205 1503 2435 1576 )Egypto
2455 1549 2468 1574 ,
2502 1524 2661 1578 quam
2707 1510 2772 1564 iis
2813 1513 2901 1581 qui
2942 1512 2996 1566 in
3022 1512 3322 1569 Palaestina.
3353 1515 3483 1582 Quis
3507 1519 3650 1572 enim
3683 1536 3797 1575 non

2203 1598 2463 1654 reveritus
2496 1598 2680 1654 fuisset
2705 1617 2825 1655 eum
2853 1605 2942 1673 qui
2972 1604 3051 1657 sic
3075 1618 3105 1658 a
3133 1604 3247 1659 Deo
3272 1607 3567 1664 custoditus
3593 1610 3704 1676 sit,
3737 1623 3798 1668 et

2203 1695 2400 1742 tamam
2449 1689 2873 1747 benevolentiam
2917 1697 3281 1764 assequutus?
3319 1696 3594 1754 Neminem
3641 1704 3795 1758 enim

2203 1779 2338 1836 forte
2368 1782 2601 1838 latebant
2627 1799 2710 1849 ea,
2741 1799 2859 1855 quae
2889 1786 3001 1856 regi
3025 1795 3081 1842 et
3105 1787 3288 1842 domui
3315 1789 3431 1859 ejus
3457 1792 3788 1850 acciderant.

2199 1872 2390 1928 Omnia
2413 1876 2552 1929 enim
2583 1877 2720 1932 Deus
2746 1888 3026 1948 propterea
3057 1880 3315 1949 permisit,
3345 1890 3402 1937 et
3425 1898 3661 1955 eousque
3680 1887 3758 1942 du
3775 1920 3790 1928 -

2200 1975 2448 2034 raverunt
2471 1969 2787 2044 tentationes
2809 1969 2956 2039 justi,
2979 1977 3037 2024 ut
3056 1971 3173 2041 ejus
3199 1973 3448 2041 patientia
3477 1976 3670 2031 clarior
3693 1979 3792 2033 lie-

2163 2090 2170 2102 ι
2200 2064 2302 2119 ret,
2326 2066 2381 2110 et
2401 2056 2536 2112 facta
2562 2058 2680 2128 ejus
2705 2059 2758 2113 in
2792 2068 2957 2114 totum
2981 2062 3163 2116 orbem
3191 2062 3611 2134 divulgarentur,
3640 2070 3710 2122 ita
3729 2080 3794 2124 ut

2200 2146 2377 2200 nullus
2401 2160 2542 2204 esset
2570 2150 2658 2220 qui
2684 2150 2813 2218 justi
2839 2150 3087 2206 virtutem
3115 2152 3401 2223 ignoraret.

2268 2237 2322 2293 9.
2368 2237 2580 2296 bloralis
2629 2242 2930 2296 exhortatio.
2971 2243 3180 2314 A/Ilictio
3219 2246 3420 2316 signum
3461 2249 3792 2317 providentia.-

2197 2331 2398 2384 divime.
2430 2361 2501 2371 —
2527 2331 2769 2398 Vidistis,
2795 2332 2971 2388 dilecti
2989 2375 3004 2401 ,
3034 2345 3289 2404 quantum
3313 2351 3380 2390 ex
3406 2339 3790 2393 tentationibus

2198 2421 2441 2475 lucrum?
2461 2421 2667 2477 vidistis
2683 2433 2938 2492 quantum
2955 2424 3223 2493 patientiae
3242 2428 3557 2495 praemium?
3578 2429 3785 2486 vidistis

2196 2524 2248 2565 et
2276 2512 2470 2576 virum,
2504 2522 2556 2567 et
2584 2513 2896 2582 mulierem,
2930 2523 2986 2569 et
3008 2529 3213 2581 seem,
3247 2525 3302 2571 et
3329 2518 3581 2585 vetulam,
3614 2537 3783 2590 quan-

2197 2611 2306 2655 tum
2335 2601 2684 2673 philosophia:
2711 2620 2818 2673 prae
2846 2620 2906 2660 se
2930 2606 3202 2661 tulerunt?
3231 2617 3483 2678 quantum
3513 2611 3781 2667 fortitudi-

2197 2693 2283 2747 nis
2306 2732 2324 2759 ,
2351 2703 2603 2763 quantum
2650 2705 2845 2749 muturc
2884 2681 3216 2762 dilectionis,
3249 2707 3501 2769 quantum
3543 2703 3784 2757 caritatis

2195 2785 2462 2838 vinculum
2491 2784 2967 2842 demonstrarunt?
3003 2788 3152 2842 Illum
3183 2804 3372 2846 ornnes
3400 2791 3686 2857 imitemur,
3720 2804 3780 2847 et

2195 2891 2482 2949 numquam
2503 2879 2792 2935 tristemur.
2812 2879 2890 2935 Ne
2903 2879 3266 2936 existimemus
3280 2897 3399 2937 esse
3411 2883 3618 2952 signum
3635 2886 3779 2954 quod

2194 2982 2294 3023 nos
2321 2968 2663 3040 dereliquerit
2687 2980 2741 3025 et
2775 2969 3033 3040 despiciat
3061 2971 3317 3026 Dominus
3337 3014 3353 3040 ,
3384 2973 3430 3028 si
3456 2975 3784 3030 tentationes

2194 3062 2346 3118 nobis
2376 3062 2672 3118 inferantur
2703 3083 2718 3119 :
2747 3064 2844 3119 sed
2872 3067 2972 3119 hoc
3012 3065 3298 3120 maximum
3335 3065 3406 3120 sit
3447 3066 3598 3121 nobis
3640 3067 3780 3121 indi-

2191 3153 2354 3221 cium,
2382 3155 2523 3224 quod
2547 3155 2684 3210 Dens
2709 3156 2874 3210 nostri
2896 3171 3076 3210 curam
3097 3166 3264 3226 gerat.
3293 3156 3424 3211 Nam
3451 3158 3548 3212 etsi
3578 3158 3780 3212 habea-

2193 3260 2310 3300 mus
2331 3254 2668 3314 peccatorum
2689 3247 2924 3300 sarcinas
2939 3261 3058 3315 qua:
3085 3261 3182 3301 nos
3197 3256 3456 3317 premant,
3482 3250 3778 3316 poterimus

2192 3350 2435 3404 magnam
2461 3336 2766 3404 patientiam
2785 3347 2834 3392 et
2856 3337 3144 3406 gratiarum
3170 3337 3432 3391 actionem
3453 3338 3779 3393 declaranda

2193 3426 2420 3481 leviores
2444 3441 2536 3482 eas
2570 3425 2747 3482 facere
2776 3445 2789 3482 :
2821 3437 2876 3483 et
2912 3427 2956 3482 si
2996 3441 3101 3485 non
3132 3427 3294 3481 multa
3322 3426 3614 3482 habeamus
3643 3443 3768 3498 pee-

2191 3525 2328 3583 cata,
2351 3516 2544 3571 iterum
2568 3517 2752 3586 majori
2781 3515 3015 3571 fruemur
3032 3515 3220 3586 gratia,
3251 3516 3295 3569 si
3317 3526 3468 3585 grato
3491 3517 3670 3570 animo
3691 3526 3775 3571 tu-

2193 3605 2428 3660 lerimus.
2443 3605 2576 3673 Quia
2595 3607 2736 3662 enim
2761 3605 2900 3660 Deus
2924 3616 3105 3660 noster
3121 3605 3350 3660 liberalis
3372 3613 3476 3671 est,
3499 3614 3548 3660 et
3577 3616 3774 3660 nostrae

2190 3697 2376 3753 salutis
2399 3713 2580 3752 curam
2603 3697 2740 3768 gerit
2765 3715 2778 3751 :
2806 3712 2870 3753 ea
2893 3696 2961 3752 de
2983 3711 3140 3752 causa
3157 3698 3306 3767 quasi
3323 3697 3519 3752 luetam
3541 3707 3595 3753 et
3615 3713 3770 3752 exer-

2189 3791 2345 3847 cendi
2375 3793 2650 3847 materiam
2685 3784 2838 3845 nobis
2876 3789 3120 3859 pr0ponit
3141 3829 3157 3855 ,
3189 3803 3287 3860 pro
3323 3787 3493 3843 stadio
3523 3798 3575 3844 et
3607 3803 3771 3844 arena

2191 3882 2511 3936 tentationes
2535 3881 2764 3936 inferens
2797 3898 2810 3935 :
2843 3887 2902 3934 ut
2931 3878 2976 3932 si
3001 3880 3141 3950 quod
3168 3887 3404 3934 nostrum
3434 3887 3516 3934 est
3549 3887 3772 3949 praeste-

2191 3988 2330 4041 mus,
2355 3973 2581 4044 largiore
2596 3972 2843 4043 dignetur
2867 3987 2964 4028 nos
2986 3987 3080 4026 sua
3102 3971 3450 4041 providentia.
3473 3970 3625 4038 Quod
3647 3987 3769 4027 eum
3851 4047 3856 4052 ἦ

2189 4067 2450 4131 sciamus,
2481 4081 2546 4120 ne
2575 4066 2753 4119 tristes
2781 4066 2948 4119 simus
2975 4065 3028 4119 in
3059 4063 3458 4128 tentationibus,
3491 4079 3662 4133 neque
3685 4063 3770 4116 af-

2188 4158 2450 4212 llictiones
2476 4157 2731 4228 gravatim
2762 4138 2994 4211 feramus
3022 4173 3035 4210 :
3069 4155 3162 4210 sed
3189 4164 3244 4209 et
3278 4153 3603 4225 gaudeamus
3625 4193 3641 4218 ,
3673 4169 3734 4208 se
3753 4184 3770 4195 -

2187 4248 2416 4305 cundum
2447 4249 2658 4304 beatum
2687 4247 2909 4302 Paulum
2937 4264 2951 4300 :
2985 4245 3139 4300 Nunc
3163 4245 3328 4308 enim,
3353 4245 3540 4314 inquit,
3567 4244 3768 4314 gaudeo

2186 4341 2239 4394 in
2265 4339 2610 4411 afflictionibus
2632 4339 2753 4394 meis
2774 4337 2908 4408 (Col.
2939 4338 2992 4393 l.
3019 4337 3089 4392 24
3118 4337 3156 4406 ).
3191 4335 3373 4390 Vidisti
3399 4335 3628 4388 animam
3650 4349 3779 4402 gra-

2192 4431 2344 4486 tam?
2372 4431 2502 4485 Nam
2531 4431 2575 4485 si
2601 4429 2652 4484 in
2676 4428 3051 4485 afﬂictionibus
3075 4426 3356 4497 gaudebat,
3381 4423 3646 4494 quomodo
3673 4438 3778 4494 po-

2191 4527 2290 4579 tuit
2320 4539 2548 4594 unquam
2581 4524 2632 4578 in
2662 4522 2872 4577 tristitia
2912 4519 3078 4576 esse?
3113 4519 3157 4573 si
3202 4533 3320 4588 quae
3361 4516 3494 4570 alios
3529 4515 3774 4575 afficiunt

2187 4614 2400 4669 tristitia
2431 4614 2531 4682 ipsi
2562 4613 2767 4682 pariant
2792 4610 2988 4666 laetitiae
3015 4607 3349 4664 occasionem
3375 4647 3389 4669 ,
3417 4605 3616 4674 cogita,
3645 4619 3768 4666 oro.

2189 4705 2242 4760 in
2268 4721 2370 4774 quo
2396 4713 2537 4759 statu
2564 4703 2707 4758 illius
2735 4712 2849 4757 erat
2872 4700 3068 4755 anima.
3097 4699 3163 4754 Et
3188 4706 3246 4753 ut
3272 4697 3449 4751 discas
3472 4710 3576 4750 non
3603 4708 3767 4764 posse

2186 4798 2340 4854 aliter
2363 4811 2460 4852 nos
2488 4796 2748 4866 promissa
2787 4796 2923 4851 bona
2961 4793 3206 4862 assequi,
3237 4798 3293 4846 et
3317 4803 3483 4860 regno
3511 4787 3769 4843 cazlorum

2184 4890 2374 4959 dignos
2412 4887 2565 4952 fieri,
2607 4886 2707 4941 nisi
2753 4901 2846 4956 per
2875 4883 3214 4938 afﬂictionem
3243 4881 3403 4935 vitam
3443 4887 3768 4950 praesentem

2186 4990 2538 5042 transeamus,
2568 4977 2688 5032 audi
2719 4976 2990 5046 apostolos
3016 4974 3254 5030 dicentes
3279 4972 3357 5027 eis
3383 4970 3472 5041 qui
3501 4984 3669 5038 nuper
3695 4968 3768 5022 ad

2185 5071 2343 5126 fidem
2389 5069 2634 5125 conversi
2675 5076 2829 5124 erant
2871 5064 2981 5124 ειΕι
3028 5081 3142 5119 cum
3189 5062 3506 5125 docuissent,
3547 5058 3768 5128 inquit,

2183 5165 2388 5228 multos,
2405 5161 2588 5216 reversi
2605 5168 2721 5216 sunt
2735 5158 2990 5230 Lystram,
3012 5165 3058 5211 et
3080 5154 3328 5216 Iconium,
3351 5162 3399 5206 et
3425 5150 3771 5214 Antiochiam,

2180 5255 2347 5308 denuo
2369 5254 2723 5322 conﬁrmantes
2739 5252 2932 5304 animas
2952 5247 3338 5318 discipulorum,
3356 5245 3774 5308 altortantesqus

2183 5353 2238 5398 ut
2265 5353 2632 5414 perseverarent
2657 5344 2709 5397 in
2733 5343 2836 5412 ﬁde
2857 5383 2874 5408 ,
2905 5351 2951 5394 et
2987 5338 3120 5409 quod
3152 5355 3241 5408 per
3266 5335 3453 5390 multas
3477 5335 3775 5405 aﬂlictioncs

2182 5445 2373 5507 oportet
2395 5452 2486 5490 nos
2505 5440 2695 5490 intrare
2710 5434 2763 5488 in
2777 5449 2985 5504 regnum
3007 5431 3246 5484 calorum
3269 5429 3401 5497 (Act.
3429 5428 3517 5482 M.
3533 5425 3594 5479 2i
3611 5463 3624 5477 .
3645 5424 3770 5490 22).

2181 5528 2363 5597 Qualis
2391 5527 2548 5596 igitur
2576 5526 2795 5596 posthac
2822 5523 2926 5578 erit
2957 5521 3108 5576 nobis
3133 5518 3430 5580 excusatio,
3457 5516 3500 5570 si
3531 5516 3777 5569 uolucri-

2183 5635 2301 5674 mus
2328 5632 2587 5688 generose
2608 5632 2670 5671 ac
2697 5615 2902 5671 fortiter
2921 5613 3098 5669 omnia
3131 5609 3271 5666 ferre
3294 5625 3412 5679 qua:
3439 5608 3772 5662 inferuntur:

2187 5721 2479 5779 pneserttm
2521 5707 2751 5762 scientes
2791 5719 2895 5759 non
2937 5717 3095 5773 posse
3121 5701 3272 5756 aliter
3297 5713 3395 5753 nos
3424 5697 3646 5751 salutem
3674 5709 3774 5749 as-
