4070 6194
272 263 378 323 303

212 418 222 426 -
272 378 574 451 Αἰγυπτίῳ,
628 378 722 433 καὶ
755 376 996 449 βασιλεῖ,
1030 376 1122 432 καὶ
1152 377 1427 449 τυράννῳ,
1483 378 1578 434 καί⁵
1622 378 1763 433 οὕτω
1813 398 1941 452 μαι-

272 465 485 537 νομένῳ
502 503 519 530 ,
566 464 662 517 καὶ⁸
713 462 1028 526 ἀκολάστως
1068 460 1399 533 διακειμένῳ
1456 463 1946 531 συγκατακλιθεῖσα

272 550 554 618 ἀνέπαφος
584 547 753 618 ἐξῄει,
782 550 882 617 τὴν
919 545 1125 600 οἰκείαν
1158 543 1511 616 σωφροσύνην
1538 546 1795 616 ἀκέραιον
1829 547 1946 600 δια-

271 628 848 715 τηρήσασα-Τοιαῦτα
873 628 1016 715 γὰρ,
1039 627 1289 715 καθάπερ
1322 627 1493 715 ἔφθην
1537 629 1727 715 εἰπὼν,
1761 629 1848 715 ἀεὶ
1862 630 1943 715 Aci
1967 668 2014 715 ρ

274 716 425 786 παρά
448 713 544 768 τοῦ
576 712 712 766 Θεοῦ
737 711 1186 782 οἰκονομούμενα,
1218 711 1507 781 θαυμαστά
1527 713 1623 765 καὶ
1645 711 1940 783 παράδοξα.

273 798 383 852 Καὶ
407 797 535 850 ὅταν
561 793 712 866 παρά
730 792 841 848 τῶν
859 792 1163 865 ἀνθρώπων
1184 792 1511 865 ἀπογνωσθῇ
1534 794 1601 847 τά
1621 795 1941 865 πράγματα,

271 881 395 935 τότε
424 879 586 942 αὐτὸς
611 879 881 931 δείκνυσιν
917 875 1083 930 αὑτοῦ
1112 876 1211 947 τὴν
1242 876 1454 948 ἄμαχον
1495 880 1553 931 ἐν
1583 880 1755 933 ᾶπασι
1778 878 1943 931 δύνα-

273 979 387 1034 μιν.
416 962 627 1030 Ὥσπερ
652 960 761 1029 γάρ
796 957 1105 1028 θαυμαστὸν
1128 952 1196 1029 ὴν
1228 958 1321 1012 καὶ
1353 960 1689 1029 παράδοξον,
1722 959 1814 1013 τὸν
1851 959 1944 1014 ἀν⁹

269 1046 372 1117 δρα
414 1044 523 1098 τῶν
566 1041 873 1112 ἐπιθυμιῶν
904 1041 1029 1094 ἰδεῖν
1061 1042 1119 1093 ἐν
1149 1040 1301 1112 μέσῳ
1343 1043 1451 1095 τῶν
1484 1043 1687 1117 Θηρίων
1719 1043 1943 1097 ἐκείνων

271 1127 658 1198 κυκλούμενον,
700 1126 797 1179 καὶ
844 1124 1010 1195 μηδὲν
1041 1125 1340 1194 πάσχοντα,
1372 1125 1507 1179 ἀλλά
1547 1124 1797 1196 καθάπερ
1835 1126 1941 1180 ὑπὸ

269 1212 558 1284 προϐάτων
590 1209 1144 1282 περιστοιχιζόμενον,
1172 1208 1345 1273 οὕτως
1375 1211 1533 1282 ἀσινῆ
1578 1212 1643 1263 ἐκ
1681 1211 1775 1264 τοῦ
1812 1211 1943 1265 λάκ-

267 1309 366 1345 κου
399 1292 634 1354 ἀνιόντα.
683 1293 780 1347 καὶ
824 1292 951 1355 τοὺς
1002 1293 1151 1363 τρεῖς
1205 1291 1401 1355 παῖδας
1457 1294 1517 1346 ἐν
1569 1295 1636 1365 τῇ
1684 1292 1937 1364 καμίνῳ,

268 1374 520 1446 καθάπερ
566 1375 624 1427 ἐν
651 1372 878 1447 λειμῶνι
917 1374 1010 1427 καὶ
1046 1373 1356 1445 παραδείσῳ
1403 1374 1798 1449 διατρίϐοντας,
1846 1377 1942 1428 καὶ

270 1458 435 1529 μηδὲν
471 1458 576 1513 ὑπὸ
604 1457 699 1512 τοῦ
728 1457 898 1529 πυρὸς
927 1456 1355 1527 βλαπτομένους,
1385 1457 1520 1511 ἀλλά
1552 1457 1802 1530 καθάπερ
1844 1459 1938 1513 ἀν-

264 1539 520 1611 δριάντας
547 1539 719 1604 οὕτως
745 1539 955 1593 ἐκεῖθεν
984 1538 1314 1604 ἐξελθόντας
1342 1538 1433 1593 τδν
1460 1539 1623 1593 αὐτὸν
1642 1540 1705 1611 δὴ
1739 1540 1938 1612 τρόπον

267 1622 545 1691 θαυμάσαι
574 1621 725 1686 ἄξιον
754 1622 847 1674 καὶ
878 1622 939 1675 τὸ
968 1622 1063 1675 νῦν
1105 1620 1326 1689 γεγονὸς
1345 1661 1362 1688 ,
1395 1621 1477 1676 ὅτι
1518 1622 1551 1692 ή
1594 1621 1689 1675 τοῦ
1726 1622 1936 1676 δικαίου

265 1700 401 1771 γυνὴ
444 1700 701 1771 οὐδεμίαν
748 1699 907 1772 ὓϐριν
961 1701 1301 1771 ὑπομείνασα
1344 1702 1494 1772 παρά
1533 1702 1629 1756 τοῦ
1671 1704 1937 1774 βασιλέως

262 1782 359 1836 τοῦ
389 1782 707 1852 Αἰγυπτίου,
733 1782 826 1836 τοῦ
852 1782 1141 1855 τυράννου,
1162 1782 1259 1837 τοῦ
1280 1784 1602 1848 ἀκολάστου,
1624 1784 1773 1857 ἐξῄει
1796 1785 1932 1842 σώα.

264 1866 395 1929 Θεδς
422 1868 531 1937 γάρ
557 1862 626 1938 ἦν
647 1867 676 1920 6
706 1865 775 1919 τά
800 1866 979 1920 πάντα
1010 1866 1384 1937 ἐργασάμενος
1401 1907 1417 1931 ,
1443 1869 1472 1921 6
1496 1870 1589 1922 καὶ
1619 1871 1677 1922 ἐν
1705 1869 1934 1941 ἀπόροις

265 1952 431 2021 πόρον
458 1950 652 2014 διδοὺς,
697 1949 792 2003 καὶ
833 1949 904 2003 τὰ
944 1950 1244 2020 πράγματα
1289 1949 1349 2015 ἐξ
1379 1951 1820 2022 ἀπεγνωσμένων
1854 1954 1933 2017 εἰς

265 2032 455 2085 ἐλπίδα
480 2031 724 2103 χρηστὴν
751 2030 906 2098 ἄγειν
946 2031 1036 2085 ἀεὶ
1072 2030 1389 2101 δυνάμενος.
1422 2033 1531 2087 Καὶ
1568 2033 1686 2088 νῦν
1709 2027 1849 2088 ’ἰδοὺ
1892 2036 1933 2104 ἠ

265 2115 420 2185 γυνή
453 2128 572 2168 σου
592 2113 872 2167 ἐναντίον
903 2128 1041 2167 σουο
1079 2112 1283 2167 λαϐὼν
1305 2114 1619 2183 ἀπότρεχε.
1652 2114 1745 2186 Μὴ
1780 2115 1934 2186 νομί-

266 2212 389 2268 σῃς,
428 2196 614 2266 φησὶν,
655 2194 949 2265 ἠδικῆσθαί
987 2211 1049 2249 σε
1098 2194 1228 2265 παρ’
1274 2196 1455 2265 ήμῶν.
1492 2196 1556 2249 Εἰ
1600 2196 1709 2268 γὰρ
1750 2198 1848 2251 καὶ
1875 2198 1935 2264 ἐξ

264 2278 489 2346 ἀγνοίας
519 2277 590 2330 τά
620 2277 721 2348 τῆς
755 2277 1148 2348 ἐπιχειρήσεως
1192 2278 1325 2348 ἡμῖν
1372 2277 1616 2346 γέγονεν,
1656 2278 1774 2332 ἀλλ’
1820 2279 1933 2334 ἰδοὺ

265 2365 360 2419 νῦν
390 2365 655 2436 ἔγνωμεν,
690 2360 803 2418 οἷον
836 2364 980 2435 ἐχεις
1010 2366 1340 2436 προστάτην·
1374 2366 1470 2420 καὶ
1499 2367 1533 2437 ή
1562 2366 1935 2439 ἀγανάκτησις

261 2453 296 2518 ἡ
325 2448 444 2503 καθ’
468 2447 625 2520 ήμῶν
650 2448 919 2517 γενομένη
962 2446 1198 2511 ἐδίδαξεν
1241 2449 1426 2519 ἡμᾶς,
1462 2448 1595 2520 ὅσης
1639 2449 1934 2513 ἀπολαύεις

265 2530 417 2602 παρὰ
448 2529 543 2583 τοῦ
576 2529 685 2584 τῶν
721 2530 977 2584 ἀπάντων
1019 2528 1156 2582 Θεοῦ
1193 2530 1292 2602 τῆς
1334 2531 1567 2595 εὐνοίας.
1606 2530 1804 2585 Λαϐὼν
1838 2528 1933 2586 οὖν

264 2615 361 2684 τὴν
398 2614 631 2680 γυναῖκά
652 2629 748 2665 σου
774 2611 1066 2683 ἀπότρεχε.
1096 2611 1329 2685 Φοϐερὸς
1359 2613 1544 2668 λοιπὸν
1580 2610 1648 2686 ἦν
1681 2614 1865 2678 αὐτοῖς
1902 2614 1933 2667 6

257 2698 490 2762 δίκαιος,
526 2694 592 2748 δι’
643 2694 672 2747 δ
724 2696 820 2748 καὶ
873 2695 1011 2765 μετά
1063 2694 1263 2766 πολλῆς
1294 2696 1394 2767 τῆς
1426 2696 1721 2768 θεραπείας
1767 2696 1933 2750 αὐτὸν

266 2779 585 2849 προπέμψαι
614 2777 946 2846 ἐπείγονται.
997 2777 1086 2831 διὰ
1132 2777 1242 2832 τῶν
1287 2780 1367 2844 εἰς
1423 2780 1584 2836 αὐτὸν
1632 2781 1933 2853 γινομένων

264 2863 354 2916 τὸν
385 2861 551 2916 αὐτοῦ
577 2860 856 2930 Δεσπότην
887 2859 1384 2933 ἐξευμενιζόμενοι.

330 2961 400 3026 η’.
432 2950 604 3019 Εἶδες,
632 2953 907 3024 ἀγαπητέ,
932 2955 1056 3009 ὅσον
1078 2955 1225 3009 ἐστὶν
1248 2956 1495 3027 ὑπομονὴ
1516 2958 1610 3011 καὶ
1629 2959 1926 3031 καρτερία;

269 3036 533 3090 Ἐνταῦθα
568 3053 657 3107 μοι
685 3036 1107 3108 ἀναμιμνήσκου
1136 3037 1243 3091 τῶν
1267 3040 1529 3110 ῥημάτων
1558 3041 1805 3107 ἐκείνων,
1829 3035 1926 3110 ὧν,

256 3121 333 3173 δτν
384 3117 609 3189 εμελλον
664 3117 985 3189 πλησιάζειν
1033 3122 1098 3192 τῇ
1154 3120 1446 3193 Αιγύπτῳ.
1503 3123 1532 3175 ὁ
1583 3124 1929 3197 πατριάρχης

257 3202 428 3272 ἔλεγε
469 3201 754 3257 Γινὼσκω
781 3202 874 3256 ὅτι
899 3201 1053 3273 γυνὴ
1080 3204 1472 3272 εὐπρόσωπος
1495 3199 1567 3259 εἶ’
1589 3206 1761 3260 ἔσται
1791 3202 1925 3271 οὖν,

254 3286 334 3354 ὠς
358 3284 435 3340 ἂν
466 3285 639 3338 ἴδωσί
661 3299 736 3338 σε
769 3287 824 3338 οί
863 3286 1192 3355 Αἰγύπτιοι,
1228 3286 1334 3355 ἐμὲ
1376 3287 1802 3355 ἀποκτενοῦσι,
1853 3289 1929 3343 σὲ

252 3369 324 3423 δὲ
356 3368 868 3436 περιποιήσονται.
913 3368 1125 3421 Ἐκεῖνα
1156 3368 1335 3420 τοίνυν
1382 3370 1440 3421 ἐν
1488 3368 1696 3439 διανοίᾳ
1744 3369 1926 3424 λαϐὼν

259 3452 448 3505 σκόπει
476 3451 547 3503 τά
581 3449 677 3501 νῦν
714 3449 996 3518 γινόμενα,
1025 3449 1121 3502 καὶ
1164 3448 1411 3518 θαύμαζε
1450 3450 1543 3502 καὶ
1581 3450 1674 3503 τοῦ
1716 3451 1925 3506 δικαίου

256 3533 354 3603 τὴν
391 3530 687 3602 ὑπομονὴν,
720 3530 815 3582 καὶ
844 3529 938 3583 τοῦ
968 3528 1353 3599 φιλανθρώπου
1383 3529 1517 3583 Θεοῦ
1538 3529 1637 3601 τὴν
1665 3531 1924 3602 δύναμιν,

261 3616 379 3686 μεθ’
405 3615 537 3684 ὅσης
589 3613 747 3681 δόξης
774 3612 1091 3668 ἐπανελθεῖν
1125 3612 1535 3683 παρασκευάζει
1556 3612 1648 3666 τὸν
1680 3613 1887 3668 δίκαιον
1907 3658 1923 3683 ,

257 3697 350 3751 τὸν
390 3696 527 3767 μετά
553 3694 806 3749 τοσούτου
851 3695 1019 3764 φόϐου
1042 3757 1046 3762 ,
1068 3695 1163 3748 καὶ¹
1204 3694 1353 3765 δέρους
1404 3695 1646 3750 ἐλθόντα.
1694 3698 1801 3751 Καὶ
1829 3698 1929 3753 ἐν·

258 3780 544 3841 ετείλατο,
561 3777 715 3848 φησί,
738 3776 949 3845 Φαραὼ
963 3776 1219 3846 ἀνδράσι
1240 3776 1374 3845 περὶ
1398 3777 1631 3847 Ἀϐραμ,
1657 3792 1927 3849 συμπρο-

257 3863 485 3932 πέμψαι
510 3862 697 3916 αὑτὸν
741 3862 838 3916 καί
881 3861 996 3929 τὴν
1039 3860 1294 3930 γυναῖκα
1320 3860 1543 3926 αὑτοῦ,
1586 3862 1687 3916 καί
1728 3862 1926 3917 πάντα

252 3940 668 4013 ὄσαῆναὺτῷ,
694 3944 793 3997 καί
838 3941 949 3997 τὸν
995 3942 1127 3997 Λὼτ
1166 3941 1294 4013 μετ’
1316 3941 1525 3999 αὐτοῦ.
1571 3945 1724 4000 Μετά
1762 3963 1924 4018 περι-

255 4027 481 4095 φανείας
512 4025 694 4079 λοιπὸν
728 4027 945 4097 ἀπάσης
979 4026 1009 4078 6
1039 4024 1247 4091 δίκαιος
1286 4027 1535 4081 ἐπάνεισι
1571 4028 1667 4083 καὶ⁸
1706 4046 1925 4100 περιου-

255 4110 377 4171 σίας
404 4109 622 4179 πολλῆς,
669 4110 764 4163 καὶ
803 4109 1014 4178 γίνεται
1065 4108 1127 4162 οὐ
1186 4108 1346 4180 μόνον
1390 4109 1501 4165 τῶν
1551 4112 1612 4164 ἐν
1661 4113 1924 4185 Αἰγύπτῳ

250 4190 569 4256 διδάσκαλος
600 4191 689 4245 διὰ
718 4191 825 4246 τῶν
847 4191 1293 4263 συμϐεϐηκότων,
1323 4192 1462 4246 ἀλλὰ
1506 4193 1602 4247 καὶ
1634 4198 1746 4258 τοῖς
1781 4197 1924 4251 κατά

250 4272 350 4344 τὴν
379 4273 495 4328 ὁδὸν
524 4274 718 4341 ἅπασι,
749 4274 845 4326 καί⁵
871 4276 983 4337 τοῖς
1015 4275 1097 4339 εἰς
1129 4273 1230 4345 τὴν
1262 4274 1628 4347 Παλαιστίνην
1656 4276 1919 4332 οἰκοῦσιν.

249 4359 313 4410 Οἱ
340 4355 450 4428 γάρ
480 4357 681 4418 ἰδόντες
710 4356 896 4421 αὐτὸν,
939 4356 1100 4427 ήνίκα
1131 4355 1326 4429 κατῄει
1362 4356 1453 4412 διά
1477 4358 1577 4429 τὴν
1618 4360 1713 4414 τοῦ
1757 4360 1920 4433 λιμοῦ

248 4445 516 4515 ἀνάγκην,
568 4444 708 4515 μετά
744 4442 910 4513 φόϐου
958 4443 1052 4498 καὶ
1100 4444 1306 4515 τρόμου
1362 4446 1643 4508 κατιόντα.
1693 4449 1786 4502 καὶ
1826 4449 1921 4503 νῦν

250 4527 413 4579 πάλιν
429 4528 487 4580 ἐν
514 4525 752 4597 τοσαύτη
781 4527 1111 4598 περιφανείᾳ
1135 4519 1230 4581 καῖ
1256 4531 1546 4602 περιουσίᾳ
1567 4532 1661 4584 καὶ
1683 4532 1917 4604 πλούτῳ,

247 4610 551 4681 ἐμάνθανον
574 4610 675 4681 τῆς
690 4611 833 4682 περὶ
867 4610 1028 4663 αὑτὸν
1054 4609 1148 4664 τοῦ
1178 4610 1313 4664 Θεοῦ
1349 4613 1603 4682 προνοίας
1632 4614 1730 4685 τὴν
1757 4614 1919 4669 δύνα-

249 4712 364 4766 μιν.
400 4693 496 4757 Τίς
524 4689 627 4748 εἶδέ
656 4712 823 4763 me;
848 4694 930 4759 τίς
968 4695 1235 4766 ἧκουσεν;
1278 4696 1514 4767 ’Δπῆλθε
1550 4696 1709 4769 λιμοῦ
1742 4717 1921 4770 παρα-

251 4777 453 4847 μυθίαν
466 4776 747 4851 εὕρασθαιο
764 4781 859 4833 καὶ⁵
878 4778 1108 4833 πλοῦτον
1131 4779 1637 4853 περιϐαλίλ]όμενος
1655 4783 1749 4836 καὶ
1763 4783 1919 4848 δόξαν

247 4859 489 4928 ἄφατον,
550 4860 721 4925 οὓτως
754 4862 1133 4933 ἐπανέρχεται.
1169 4861 1260 4933 Μὴ
1311 4862 1591 4937 ξενισθῇς,
1628 4867 1916 4937 άγατητὲ,

252 4942 390 5016 μηδέ
415 4941 568 5015 [529]
601 4942 890 5017 θαυμάσῃς
919 4944 1017 4998 ἐπῖ
1059 4944 1138 5016 τῷ
1167 4947 1435 5014 γεγονότι·
1481 4947 1682 5018 μᾶλλον
1724 4949 1781 5001 δέ
1821 4948 1918 5001 καὶ

250 5025 553 5099 θαύμασον,
586 5027 682 5081 καὶ
711 5027 1040 5100 ἐκπλάγηθι.
1075 5028 1171 5083 καὶ
1201 5029 1391 5094 δόξαζε
1434 5029 1529 5083 τοῦ
1564 5030 1745 5084 κοινοῦ
1781 5032 1919 5085 πάν-

250 5127 360 5164 των
389 5108 550 5180 ήμῶν
575 5111 847 5164 Δεσπότου
876 5111 975 5183 τὴν
1005 5111 1256 5185 δύναμιν.
1283 5113 1391 5166 Καὶ
1410 5113 1511 5185 δρα
1538 5114 1633 5170 καὶ
1653 5117 1776 5180 τοὺς
1796 5116 1920 5171 τού-

250 5190 346 5247 του
380 5193 699 5260 ἀπογόνους,
735 5194 878 5249 κατά
908 5195 999 5249 τὸν
1050 5197 1214 5251 αὐτὸν
1246 5196 1449 5268 τρόπον
1498 5197 1781 5262 κατιόντας
1818 5200 1919 5270 μὲν

251 5278 333 5340 εἰς
358 5277 632 5346 Αἴγυπτον
661 5278 821 5333 πάλιν
851 5278 941 5333 διὰ
970 5280 1069 5351 τὴν
1113 5280 1359 5350 ἀνάγκην
1386 5279 1479 5334 τοῦ
1511 5280 1691 5352 λιμοῦ,
1732 5286 1917 5336 κακεῖ-

250 5357 344 5413 θεν
370 5359 552 5421 πάλιν,
579 5361 717 5431 μετά
749 5361 948 5434 πολλὴν
976 5362 1219 5416 δουλείαν
1249 5364 1344 5416 καὶ
1367 5362 1764 5435 ταλαιπωρίαν,
1791 5368 1912 5437 μετ’

247 5444 509 5514 εὐπορίας
532 5444 802 5507 ἀνιόντας.
830 5444 1082 5498 Τοιοῦτον
1112 5445 1223 5518 γάρ
1253 5446 1561 5518 εὐμήχανος
1591 5448 1620 5501 6
1640 5449 1917 5518 Δεσπότης

246 5526 276 5578 6
308 5526 596 5597 ἡμέτερος.
633 5528 806 5581 Ὅταν
838 5529 1167 5599 συγχωρήσῃ
1199 5529 1583 5599 κορυφωθῆναι
1630 5528 1701 5583 τά
1742 5530 1915 5595 δεινά,

247 5608 371 5662 τότε
398 5608 562 5663 πάλιν
577 5609 935 5672 διασκεδάσας
946 5608 1037 5662 τὸν
1062 5610 1325 5680 χειμῶνα,
1350 5611 1589 5683 γαλήνην
1602 5611 1917 5684 ἐργάζεται,

257 5692 346 5746 καὶ
381 5691 582 5762 πολλὴν
616 5693 725 5748 τῶν
771 5690 1111 5764 πραγμάτων
1157 5693 1252 5764 τὴν
1278 5694 1597 5768 μεταϐολὴν,
1649 5695 1915 5751 διδάσκων

1402 259 1471 318 ΙΝ
1500 261 1655 319 CAP.
1695 260 1788 318 XII
1820 259 2065 319 GENES.
2108 259 2339 318 IIOMIL.
2379 257 2593 317 XXXII.

2051 380 2199 449 ἡμᾶς
2213 378 2317 448 τῆς
2332 377 2497 431 αὑτοῦ
2520 374 2801 447 δυνάμεως
2820 374 2882 429 τὸ
2903 374 3152 448 μέγεθος.
3168 374 3376 443 Ἀνέϐη
3396 373 3465 429 δὲ
3495 375 3720 448 ’Λϐραμ

2045 466 2114 530 ἐξ
2137 467 2454 535 Αἰγύπτου,
2485 464 2669 530 αὐτὸς
2692 466 2787 517 καί
2822 465 2860 532 ἡ
2882 463 3034 535 γυνὴ
3057 464 3264 528 αὑτοῦ,
3298 464 3398 517 καὶ
3430 463 3626 518 πάντα
3648 468 3722 519 τὰ

2044 546 2250 611 αὐτοῦ,
2271 547 2367 600 καί
2392 546 2521 601 Λὼτ
2537 546 2667 615 μετ’
2692 546 2900 609 αὑτοῦ,
2926 548 3014 612 εἰς
3029 545 3146 614 τὴν
3170 546 3416 615 ἔρημον.
3436 546 3720 618 Εὐκαίρως

2043 631 2109 684 άν
2124 647 2207 694 τις
2236 629 2495 700 ἁρμόσειε
2515 626 2591 698 τῷ
2618 628 2809 699 δικαίῳ
2825 627 3001 699 τούτῳ
3021 630 3203 681 ἐκεῖνα
3220 629 3288 682 τὰ
3310 630 3554 700 ῥήματα,
3576 630 3719 700 ἅπερ

2043 716 2079 767 6'
2102 712 2368 784 μακάριος
2393 710 2557 763 Δαυῒδ
2577 714 2689 774 τοῖς
2708 711 2817 764 ἀπὸ
2834 711 2933 782 τῆς
2956 713 3013 764 ἐν
3042 711 3321 765 Βαϐυλῶνι
3341 712 3721 783 αἰχμαλωσίας

2042 794 2429 850 ἐπανελθοῦσιν
2454 793 2659 862 ἔλεγεν·
2679 796 2745 847 Ol
2778 794 3133 862 σπείροντες
3165 794 3237 848 ἐν
3266 793 3601 863 δάκρυσιν,
3647 796 3721 849 ἐν

2042 875 2398 944 ἀγαλλιάσει
2450 876 2733 945 θεριοῦσι.
2763 876 3158 946 Πορευόμενοι
3193 877 3575 945 ἐπορεύοντο,
3616 880 3718 933 καὶ

2041 960 2296 1014 ἔκλαιον
2311 958 2659 1024 βάλλοντες
2687 959 2759 1011 τὰ
2786 956 3100 1028 σπέρματα
3122 956 3342 1013 αὐτῶν.
3374 959 3720 1029 Ἑρχόμενοι

2042 1040 2111 1093 δὲ
2138 1040 2400 1110 ἥξουσιν
2432 1042 2503 1095 ὲν
2533 1040 2925 1112 ἀγαλλιάσει,
2971 1041 3246 1109 αἴροντες
3290 1041 3363 1097 τὰ
3411 1041 3719 1113 δράγματα

2040 1120 2259 1179 αὐτῶν.
2277 1121 2431 1189 Εἶδες
2452 1123 2677 1177 κάθοδον
2701 1123 2912 1192 ἀγῶνος
2947 1123 3043 1177 καὶ
3071 1123 3226 1188 δέους
3252 1125 3434 1197 πεπλη
3444 1127 3717 1199 ρωμένην,

2042 1207 2137 1261 καὶ
2169 1209 2298 1280 περὶ
2327 1207 2494 1262 αὐτοῦ
2525 1205 2618 1261 τοῦ
2651 1206 2882 1261 θανάτου
2911 1207 3001 1259 τὸν
3036 1207 3201 1276 φόϐον
3251 1206 3480 1279 ἐχουσαν
3509 1210 3720 1264 ἐπικεί-

2040 1289 2399 1363 μενον;”ορα
2431 1290 2593 1345 πάλιν
2616 1290 2798 1345 ἄνοδον
2815 1290 3172 1360 περιφανείας
3206 1290 3410 1362 πολλῆς
3441 1292 3718 1362 γέμουσαν

2041 1372 2134 1426 καὶ
2156 1372 2557 1445 λαμπρότητος.
2572 1373 2714 1426 Πᾶσι
2734 1372 2840 1442 γὰρ
2860 1371 3045 1426 λοιπδν
3070 1371 3346 1443 αἰδέσιμος
3362 1368 3431 1445 ἦν
3447 1375 3475 1426 6
3487 1374 3715 1439 δίκαιος,

2040 1455 2134 1510 καὶ
2154 1457 2263 1519 τοῖς
2296 1456 2355 1509 ἐν
2373 1454 2654 1525 Αἰγύπτῳ,
2672 1456 2765 1508 καὶ
2788 1456 2899 1517 τοῖς
2935 1456 2992 1508 ἐν
3011 1454 3361 1528 Παλαιστίνῃ.
3378 1456 3475 1518 Τίς
3490 1457 3598 1528 γὰρ
3619 1460 3720 1512 οὐκ

2039 1535 2105 1591 ἂν
2125 1536 2323 1609 ᾐδέσθη
2339 1538 2430 1591 τὸν
2444 1536 2616 1602 οὕτως
2636 1536 2740 1591 ὑπὸ
2756 1536 2850 1589 τοῦ
2871 1536 3005 1589 Θεοῦ
3030 1536 3457 1608 φρουρούμενον,
3481 1540 3575 1592 καί⁸
3594 1558 3721 1593 τοσ-

2037 1619 2210 1693 αύτης
2244 1620 2563 1691 ἀξιούμενον
2595 1620 2887 1693 προνοίας;
2923 1617 3133 1675 Οὐδένα
3162 1618 3273 1691 γὰρ
3304 1620 3434 1684 ἴσως
3464 1621 3619 1675 ἔλαθε
3649 1623 3719 1677 τά

2037 1704 2118 1766 είς
2132 1703 2223 1757 τὸν
2256 1704 2481 1775 βασιλέα
2499 1704 2781 1772 γεγονότα,
2800 1701 3000 1755 καὶτὸν
3028 1698 3175 1755 οἰκον
3196 1702 3381 1757 αὐτοῦ.
3403 1704 3588 1756 Πάντα
3609 1705 3718 1776 γάρ

2034 1784 2124 1839 διά
2149 1786 2307 1841 τοῦτο
2342 1786 2726 1859 συνεχωρήθη,
2777 1786 2872 1839 καὶ
2918 1785 3006 1838 διὰ
3052 1784 3210 1839 τοῦτο
3254 1787 3415 1857 μέχρι
3464 1788 3718 1844 τοσούτου

2037 1868 2278 1942 προῆλθε
2299 1869 2368 1923 τά
2393 1870 2503 1924 τῶν
2534 1868 2856 1942 πειρασμῶν
2889 1868 2968 1940 τῷ
2998 1868 3215 1941 δικαίῳ,
3243 1870 3332 1923 ἴνα
3357 1871 3450 1923 καὶ
3490 1872 3656 1925 αὐτοῦ
3683 1876 3715 1942 ἠ

2035 1952 2281 2025 ὑπομονὴ
2308 1952 2667 2025 λαμπροτέρα
2706 1952 2952 2022 γένηται,
2998 1952 3095 2004 καὶ
3142 1950 3214 2004 τά
3262 1954 3394 2023 παρ’
3436 1952 3603 2006 αὐτοῦ
3638 1956 3719 2016 εἰς

2036 2035 2253 2089 ἅπασαν
2288 2035 2542 2106 ἐξενεχθῇ
2575 2034 2675 2105 τὴν
2712 2033 3067 2104 οἰκουμένην,
3113 2035 3210 2089 καὶ
3252 2035 3443 2105 μηδεὶς
3489 2037 3717 2107 ἀνήκοος

2034 2115 2266 2186 γένηται
2296 2118 2396 2188 τῆς
2427 2116 2629 2188 ἀρετῆς
2656 2115 2752 2169 τοῦ
2784 2115 3016 2169 δικαίου.

2106 2196 2173 2253 θ’.
2203 2197 2409 2264 Εῖδετε,
2445 2198 2741 2268 ἀγαπητοὶ,
2767 2198 2889 2253 ὅσον
2919 2196 3029 2250 τῶν
3060 2196 3384 2269 πειρασμῶν
3404 2197 3467 2251 τὸ
3487 2197 3715 2269 κέρδος;

2035 2280 2205 2335 εἰδετε
2236 2282 2335 2354 ὅση
2365 2285 2465 2354 τῆς
2500 2280 2779 2352 ὑπομονῆς
2815 2283 2849 2352 ἡ
2895 2280 3097 2353 ἀμοιϐή
3122 2298 3137 2348 ;
3166 2282 3335 2335 εἴδετε
3375 2283 3470 2336 καὶ
3503 2283 3673 2356 ἄνδρα
3699 2324 3714 2349 ,

2035 2364 2134 2419 καὶ
2179 2368 2432 2434 γυναῖκα,
2488 2366 2582 2419 καὶ
2631 2364 2884 2436 γέροντα,
2948 2365 3042 2418 καὶ
3092 2366 3534 2438 προϐεϐηκυῖαν,
3582 2368 3717 2438 ὅσην

2034 2445 2376 2512 ἐπεδείξαντο
2418 2446 2517 2517 τὴν
2549 2446 2894 2517 φιλοσοφίαν,
2948 2448 3082 2519 ὅσην
3117 2447 3218 2520 τὴν
3267 2449 3543 2521 ἀνδρείαν,
3583 2450 3718 2522 ὅσην

2033 2529 2135 2600 τὴν
2196 2530 2325 2600 περὶ
2381 2528 2648 2600 ἀλλήλους
2701 2529 3108 2603 φιλοστοργίαν,
3155 2531 3287 2602 ὅσην
3339 2530 3440 2601 τῆς
3490 2532 3716 2603 ἀγάπης

2033 2611 2125 2665 τὸν
2189 2612 2520 2683 σύνδεσμον;
2583 2612 2788 2667 Τοῦτον
2842 2612 3084 2677 ἅπαντες
3146 2614 3521 2686 μιμησώμεοα
3547 2655 3564 2681 ,
3619 2616 3716 2670 καὶ

2037 2693 2307 2763 μηδέποτε
2357 2694 2715 2765 ἀσχάλλωμεν
2739 2735 2756 2762 ,
2821 2695 2959 2767 μηδέ
3016 2695 3328 2767 νομίζωμεν
3386 2696 3710 2765 ἐγκαταλεί-

2031 2773 2178 2844 qm;
2207 2770 2349 2829 εἶναι
2388 2776 2483 2831 τοῦ
2523 2775 2660 2830 Θεοῦ
2711 2777 2806 2831 καὶ
2853 2777 2948 2831 τοῦ
2995 2776 3358 2849 περιορᾶσθαι
3412 2779 3715 2849 τεκμήριον

2031 2856 2130 2928 τὴν
2167 2857 2276 2911 τῶν
2314 2858 2636 2930 πειρασμῶν
2683 2860 3003 2929 ἐπαγωγὴν,
3056 2858 3193 2914 ἀλλά
3242 2858 3403 2912 τοῦτο
3454 2860 3714 2931 μέγιστον
3804 2895 3809 2900 -

2032 2938 2314 3010 ποιώμεθα
2350 2940 2547 3011 μᾶλλον
2574 2940 2773 3010 δεῖγμα
2802 2941 2899 3012 τῆς
2921 2940 3052 3010 περὶ
3072 2941 3223 3011 ἡμᾶς
3255 2939 3350 2993 τοῦ
3381 2939 3519 2994 θεοῦ
3554 2938 3712 3011 κηδε-

2034 3028 2245 3096 μονίας.
2281 3028 2381 3081 "Av
2431 3044 2492 3081 τε
2547 3026 2657 3099 γάρ
2684 3027 3100 3098 ἁμαρτημάτων
3133 3026 3347 3097 ἔχωμεν
3389 3026 3712 3097 ἐπικείμενα

2030 3115 2162 3185 ἡμῖν
2188 3112 2411 3185 φορτία,
2441 3113 2806 3186 δυνησόμεθα,
2838 3113 3038 3185 πολλὴν
3063 3112 3161 3185 τὴν
3188 3113 3466 3184 ὑπομονὴν
3494 3113 3587 3167 καὶ
3614 3113 3712 3179 τὴν

2029 3202 2377 3273 εὐχαριστίαν
2394 3201 2816 3273 ἐπιδειξάμενοι,
2831 3202 3139 3273 κουφότερα
3154 3201 3331 3257 ταῦτα
3348 3201 3683 3273 ἐργάσασθαι
3694 3221 3707 3234 ’

2029 3289 2095 3343 ἄν
2130 3305 2191 3342 τε
2227 3289 2304 3360 μὴ
2333 3289 2504 3343 πολλά
2533 3289 2747 3359 ἔχωμεν
2796 3290 3193 3360 ἁμαρτήματα,
3235 3287 3401 3342 πάλιν
3432 3289 3527 3342 καὶ⁵
3568 3289 3712 3343 οὕτω

2029 3376 2270 3439 πλείονος
2294 3375 2674 3446 ἀπολαύσομεν
2691 3375 2792 3445 τῆς
2818 3373 3024 3429 ἄνωθεν
3044 3372 3276 3438 εὐνοίας,
3298 3374 3347 3427 εἰ
3370 3374 3709 3445 εὐχαρίστως

2028 3461 2365 3531 ἐνέγκοιμεν.
2402 3460 2683 3530 Φιλότιμος
2718 3459 2827 3531 γάρ
2859 3458 2935 3512 ὢν
2963 3461 2991 3512 6
3024 3458 3305 3528 Δεσπότης
3348 3461 3377 3513 6
3418 3460 3709 3532 ἡμέτερος,

2029 3548 2123 3601 καὶ
2154 3547 2255 3618 τῆς
2279 3546 2553 3618 ἡμετέρας
2582 3545 2877 3616 κηδόμενος
2903 3545 3201 3616 σωτηρίας,
3235 3545 3325 3599 διὰ
3354 3545 3511 3599 τοῦτο
3540 3548 3709 3601 καθά-

2028 3651 2135 3706 περ
2159 3632 2458 3705 γυμνάσιόν
2505 3649 2560 3686 τι
2613 3633 2707 3686 καὶ
2751 3631 2972 3701 ἀγῶνας
3021 3631 3342 3704 προτίθησιν
3398 3634 3530 3705 ἡμῖν
3586 3635 3709 3689 ἀντὶ

2029 3722 2368 3793 σκαμμάτων
2409 3719 2666 3785 πολλάκις
2717 3719 2819 3791 τὴν
2854 3718 2965 3774 τῶν
3009 3719 3337 3793 πειρασμῶν
3386 3722 3706 3792 ἐπαγωγὴν,

2027 3811 2117 3865 ἴνα
2142 3810 2211 3864 τά
2238 3809 2367 3881 παρ’
2410 3807 2619 3864 ἐαυτῶν
2648 3808 2743 3861 καὶ
2781 3809 2945 3879 ἡμεῖς
2996 3807 3421 3881 ἐπιδειξάμενοι,
3452 3810 3707 3880 δαψιλοῦς

2025 3898 2420 3971 ἀπολαύσωμεν
2452 3900 2552 3969 τῆς
2596 3899 2727 3970 παρ’
2771 3894 2939 3950 αὐτοῦ
2987 3897 3268 3969 προνοίας.
3300 3898 3477 3968 Ὅπερ
3508 3898 3705 3962 εἰδότες

2028 3986 2104 4059 μὴ
2134 3988 2424 4059 ναρκῶμεν
2451 3987 2510 4040 ἐν
2535 3988 2645 4050 τοῖς
2685 3987 3015 4056 πειρασμοῖς
3038 4026 3053 4048 ,
3090 3985 3227 4055 μηδέ
3260 3979 3705 4056 δυσχεραίνωμεν

2024 4076 2083 4128 ἐν
2097 4078 2218 4138 ταῖς
2233 4075 2496 4144 θλίψεσιν,
2528 4074 2667 4128 ἀλλά
2696 4074 2791 4128 καὶ
2818 4073 3122 4144 χαίρωμεν,
3152 4072 3293 4126 κατά
3322 4072 3414 4125 τὸν
3437 4073 3707 4144 μακάριον

2023 4163 2237 4219 Παῦλον
2257 4181 2272 4197 ⁸
2311 4164 2443 4220 Νῦν
2471 4165 2599 4237 γὰρ,
2628 4165 2783 4236 φησὶ,
2818 4164 3004 4233 χαίρω
3031 4162 3103 4217 ἐν
3130 4160 3260 4224 ταῖς
3285 4161 3536 4231 θλίψεσί
3551 4160 3705 4233 [530]

2017 4270 2159 4322 μου.
2195 4246 2348 4317 Εἶδες
2380 4252 2557 4324 ψυχὴν
2596 4250 2915 4322 εὐγνώμονα
2941 4266 2956 4316 ;
2987 4251 3051 4304 Εἰ
3077 4248 3187 4322 γάρ
3217 4250 3276 4303 ἐν
3312 4252 3433 4313 ταῖς
3462 4248 3706 4317 θλίψεσιν

2022 4340 2229 4413 ἔχαιρε,
2253 4340 2379 4394 πότε
2402 4339 2635 4411 ἠδύνατο
2658 4337 2831 4403 οὑτως
2851 4339 2909 4392 ἐν
2941 4337 3088 4411 λύπῃ
3117 4336 3372 4406 γενέσθαι
3394 4353 3408 4402 ;
3433 4337 3495 4390 Εί
3514 4336 3582 4390 τὰ
3611 4336 3706 4390 ἐπὶ

2021 4428 2130 4481 τῶν
2142 4427 2316 4483 ἀλλων
2332 4427 2604 4481 λυποῦντα
2620 4427 2815 4499 ἐκείνῳ
2831 4424 3171 4499 εὐφροσύνης
3191 4424 3450 4494 ὑπόθεσιν
3471 4423 3701 4489 ἔτικτεν,

2023 4515 2195 4570 ἐννόει
2226 4532 2316 4587 μοι
2344 4514 2448 4587 ’τῆς
2478 4515 2657 4587 ψυχῆς
2709 4514 2876 4570 αὑτοῦ
2928 4513 3028 4586 τὴν
3060 4513 3419 4568 κατάστασιν.
3474 4511 3584 4565 Καὶ
3616 4511 3705 4565 ἵνα

2025 4601 2202 4674 μάθῃς
2228 4603 2311 4656 ὅτι
2331 4603 2429 4673 οὐχ
2466 4599 2578 4656 οἷόν
2608 4618 2668 4655 τε
2720 4602 2920 4672 ἐτέρως
2952 4599 3063 4653 τῶν
3115 4596 3543 4669 ἐπηγγελμένων
3572 4598 3704 4667 ἡμῖν

2020 4689 2242 4759 ἀγαθῶν
2268 4692 2567 4761 ἐπιτυχεῖν,
2591 4690 2686 4742 καὶ
2703 4688 2803 4759 τῆς
2823 4686 2933 4740 τῶν
2958 4684 3206 4757 οὐρανῶν
3237 4682 3513 4756 βασιλείας
3541 4682 3703 4749 ἀξιω-

2021 4778 2204 4850 θῆναι,
2234 4779 2283 4832 εἰ
2314 4778 2389 4849 μὴ
2412 4777 2501 4831 διὰ
2527 4775 2762 4846 θλίψεως
2789 4773 3112 4844 ὁδεύσαιμεν
3161 4771 3252 4826 τὸν
3279 4770 3525 4841 παρόντα
3558 4767 3698 4839 βίον,

2020 4866 2185 4920 ἄκουε
2204 4864 2314 4919 τῶν
2336 4864 2651 4918 ἀποστόλων
2674 4861 2944 4931 λεγόντων
2971 4858 3109 4930 πρὸς
3138 4859 3266 4922 τοὺς
3283 4857 3409 4930 άρτι
3432 4859 3498 4928 τῇ
3519 4855 3701 4911 πίστει

2020 4954 2347 5026 προσιόντας
2366 4968 2382 4984 ο
2423 4951 2528 5006 Kal
2576 4949 3065 5020 μαθητεύσαντες
3095 4987 3110 5011 ,
3146 4945 3314 5018 φησὶν
3346 4984 3363 5010 ,
3422 4943 3696 5021 ἱκανοὺς.

2022 5034 2420 5105 ὑπέστρεψαν
2451 5036 2539 5101 εἰς
2566 5034 2872 5101 Λύστραν,
2900 5031 3000 5085 καί
3041 5032 3317 5095 Ἰκόνιον,
3341 5027 3439 5083 καί
3483 5028 3697 5082 Ἀντιόο

2017 5135 2212 5189 χειαν,
2247 5114 2728 5186 ἐπιστηρίζοντες
2748 5114 2855 5181 τὰς
2882 5111 3089 5183 ψυχὰς
3110 5110 3229 5166 τῶν
3254 5109 3559 5181 μαθητῶν,
3595 5111 3696 5165 καί

2019 5201 2518 5271 παρακαλοῦντες
2534 5198 2811 5268 ἐμμένειν
2836 5194 2912 5265 τῇ
2940 5197 3162 5263 πίστει,
3190 5195 3287 5251 καί
3316 5195 3407 5248 ὅτι
3433 5193 3532 5247 διὰ
3557 5196 3698 5246 πολ-

2018 5284 2149 5341 λῶν
2174 5288 2443 5356 θλίψεων
2466 5284 2558 5341 δεῖ
2584 5281 2743 5355 ἡμᾶς
2765 5279 3066 5337 εἰσελθεῖν
3109 5280 3196 5347 εἰς
3233 5277 3348 5347 τὴν
3369 5276 3698 5343 ,βασιλείαν

2018 5368 2138 5425 τῶν
2157 5370 2449 5440 οὐρανῶν.
2478 5367 2617 5423 Ποία
2644 5363 2737 5422 οῦν
2757 5363 3020 5433 ἀπολογία
3048 5362 3197 5416 ἔσται
3221 5363 3373 5433 ἡμῖν,
3403 5358 3479 5430 μὴ
3506 5357 3693 5440 βουλοδ

2022 5451 2206 5522 μένοις
2231 5439 2511 5521 γενναίως
2556 5449 2653 5505 καὶ
2698 5446 2958 5518 ἀνδρείως
3015 5444 3111 5497 καὶ
3147 5442 3484 5514 εὐχαρίστως
3514 5439 3694 5522 πάντα
3756 5506 3757 5509 η

2018 5521 2205 5604 φέρειν
2230 5532 2298 5586 τὰ
2329 5533 2665 5603 ἐπαγόμενα,
2714 5530 2845 5583 ὅταν
2898 5527 3117 5598 ῐδωμεν,
3169 5526 3252 5580 ὅτι
3300 5522 3423 5577 οὐδέ
3471 5521 3691 5576 δυνατὸν

2017 5617 2220 5687 ἑτέρως
2249 5617 2399 5688 ἡμᾶς
2426 5615 2526 5687 τῆς
2549 5614 2821 5685 σωτηρίας
2850 5613 3146 5681 ἐπιτυχεῖν,
3185 5609 3260 5681 μὴ
3309 5607 3514 5680 ταύτην
3543 5607 3693 5661 ὁδεύ-

2024 5716 2219 5761 σαιιτας
2248 5697 2346 5771 τὴν
2377 5697 2529 5765 666v;
2558 5696 2690 5753 ’Ότι
2718 5697 2828 5768 γὰρ
2857 5694 3008 5795 οὐδὲν
3025 5693 3172 5760 ξένον
3194 5693 3284 5747 καὶ
3310 5690 3495 5747 καινὸν
3518 5688 3689 5749 οὐδεὶς
