4084 6214
463 258 568 315 505

467 372 657 443 sequi,
706 369 810 425 nisi
849 367 950 423 hac
993 364 1365 421 incesserimus
1403 362 1529 417 via?
1554 360 1707 429 Quod
1734 362 1876 417 enim
1916 358 2047 413 nihil

468 464 705 519 insolens
729 469 821 513 aut
845 472 1036 512 novum
1063 456 1133 511 sit
1159 469 1343 525 passus
1370 454 1635 524 justorum
1661 453 1819 516 nllus,
1843 452 1933 522 qui
1957 466 2053 519 per

466 553 782 608 afflictiones
805 548 1058 618 transegit
1076 546 1214 601 hanc
1235 545 1419 608 vitam,
1444 543 1563 598 audi
1581 542 1848 598 Christum
1870 541 2051 595 dicen-

467 654 618 700 tem:
654 640 723 696 In
767 639 958 694 mundo
996 638 1309 710 nﬁiictionem
1349 635 1590 689 habebitis
1619 675 1635 699 ,
1676 633 1770 688 sed
1813 631 2053 700 conﬁdite

472 734 649 799 (Joan.
674 732 762 787 Ili.
788 731 859 787 55
879 730 920 798 ).
948 727 1080 783 Nam
1107 742 1176 781 ne
1201 725 1379 785 audita
1403 725 1636 788 tristitia,
1663 738 1759 792 spe
1777 722 2047 788 excidant,

467 825 645 877 statim
673 821 919 875 ﬁduciam
944 818 1022 874 eis
1049 818 1228 882 affert,
1247 826 1299 871 et
1325 831 1474 871 suam
1502 814 1781 884 pollicetur
1800 813 2046 883 gratiam.

470 912 576 967 Sed
595 910 854 978 conﬁdite,
878 908 1044 977 inquit
1070 923 1085 970 ;
1107 923 1198 976 ego
1218 906 1313 960 uici
1338 905 1599 958 mundum.
1634 901 1829 967 Iiabes,
1859 901 2047 971 inquit,

469 1017 592 1056 eum
613 1001 703 1070 qui
724 999 893 1069 gratia
911 997 1143 1063 allevict,
1168 995 1257 1065 qui
1279 1010 1383 1048 non
1408 993 1686 1064 permittat
1705 1003 1756 1046 te
1782 989 2047 1058 submergi

468 1091 537 1146 ab
565 1089 723 1143 illatis
752 1087 1152 1150 tentationibus,
1185 1084 1275 1155 qui
1305 1098 1425 1138 enm
1457 1081 1746 1137 tentatione
1772 1088 1826 1134 et
1848 1079 2048 1133 exitum

472 1181 738 1252 przebcat,
765 1189 818 1236 et
847 1194 951 1233 non
983 1176 1253 1247 permittat
1279 1189 1438 1244 supra
1469 1182 1677 1228 nostras
1703 1172 1843 1226 vires
1868 1169 2049 1224 inferri

467 1272 645 1344 gravia
669 1272 691 1341 (
712 1273 761 1326 I.
793 1269 911 1325 Cor.
937 1268 1023 1324 IO.
1051 1268 1119 1324 I3
1138 1268 1179 1339 ).
1207 1266 1343 1335 Quid
1369 1262 1637 1320 tristaris?
1661 1262 1785 1333 quid
1817 1261 2050 1317 matres?

468 1363 593 1430 quid
624 1361 901 1433 impatiens
920 1360 1017 1416 es?
1036 1373 1202 1429 quare
1229 1366 1333 1413 tam
1359 1355 1566 1426 abjecto
1591 1354 1770 1409 animo
1795 1354 1891 1409 es?
1915 1353 2049 1407 Num

469 1455 515 1508 si
539 1468 658 1523 qua:
687 1460 866 1507 nostra
907 1460 1031 1506 sunt
1068 1448 1402 1505 attulerimus
1425 1489 1441 1515 ,
1472 1447 1780 1516 patientiam
1807 1446 1926 1500 dico
1953 1487 1966 1510 ,
1998 1455 2049 1501 et

471 1546 857 1611 fortitudinem,
889 1554 945 1600 et
970 1552 1177 1615 gratum
1205 1542 1439 1596 animum
1460 1582 1474 1608 ,
1506 1554 1607 1595 nos
1631 1540 1772 1594 sinet
1800 1538 2001 1607 despici
2026 1539 2050 1593 1

469 1638 602 1693 Num
625 1636 724 1691 etsi
747 1635 1040 1705 desperatae
1066 1642 1191 1688 sunt
1217 1648 1323 1699 res,
1347 1626 1563 1687 vincere
1590 1640 1812 1700 possunt
1835 1630 2050 1700 sapien-

468 1729 594 1784 tiam
615 1727 820 1783 Domini
845 1726 1050 1781 nostri?
1071 1724 1177 1779 Nos
1196 1739 1315 1793 qua:
1336 1731 1515 1778 nostra
1538 1730 1661 1777 sunt
1682 1720 2047 1788 exltibeamns,

466 1828 521 1873 et
544 1818 807 1874 sinceram
837 1814 1129 1870 habeamus
1156 1813 1314 1869 fidem
1340 1854 1357 1879 ,
1387 1813 1619 1868 scientes
1648 1812 1917 1867 solertiam
1944 1810 2051 1865 Tu-

468 1910 600 1966 toris
640 1909 938 1963 animarum
981 1915 1305 1960 nostrarum.
1356 1904 1421 1957 Et
1460 1903 1573 1971 ipse
1610 1916 1829 1971 prorsus
1860 1902 2050 1955 melius

471 2001 617 2055 novit
640 2014 798 2070 quam
822 2013 919 2052 nos
937 2038 952 2060 ,
977 1995 1101 2065 quid
1130 1994 1425 2058 conducat,
1452 1994 1542 2062 qui
1565 1993 1633 2046 ita
1662 2008 1749 2048 res
1774 1992 2051 2062 dispensa-

472 2092 552 2145 bit
572 2132 588 2154 ,
633 2097 689 2143 ut
739 2089 839 2158 ipsi
870 2086 1027 2141 fuerit
1054 2083 1404 2140 honorificum
1431 2125 1445 2149 ,
1486 2094 1539 2139 et
1568 2084 1722 2139 nobis
1749 2084 1876 2138 utile
1903 2101 1916 2137 :
1946 2098 2051 2153 quo

470 2191 523 2238 et
548 2179 813 2252 patientia:
842 2176 1141 2232 mercedem
1169 2175 1510 2245 accipiamus,
1537 2183 1589 2229 et
1611 2175 1726 2243 ejus
1752 2174 2049 2244 benignita-

473 2283 576 2327 tem
606 2269 962 2332 ohtineamus,
989 2265 1158 2337 gratia
1183 2275 1236 2321 et
1256 2263 1688 2319 miserationibus
1720 2264 1926 2318 Domini
1954 2279 2051 2319 no-

468 2364 564 2419 stri
603 2362 727 2417 Jcsu
767 2358 1002 2425 Christi,
1031 2372 1150 2412 cum
1198 2370 1307 2426 quo
1349 2355 1493 2411 Patri
1540 2354 1698 2409 simul
1737 2363 1791 2408 et
1832 2354 2050 2424 Spiritui

470 2462 653 2510 sancto
678 2452 748 2507 sit
774 2451 972 2522 gloria,
1004 2447 1306 2517 imperium,
1336 2445 1531 2512 honor,
1563 2460 1704 2500 nunc
1731 2453 1786 2500 et
1811 2460 2044 2514 semper,

471 2556 524 2601 ct
550 2544 601 2599 in
629 2542 822 2599 swcula
850 2540 1189 2596 satculorum.
1220 2537 1414 2592 Amen.

976 2666 1257 2724 HOMIIJA
1293 2664 1536 2721 XXXIII.

474 2784 659 2839 Abram
702 2790 867 2835 autem
899 2788 1004 2833 erat
1052 2778 1187 2832 dives
1222 2776 1369 2831 valde
1412 2775 1693 2845 pecoribus,
1728 2785 1774 2829 et
1816 2783 2044 2846 argento,

542 2882 591 2928 et
618 2887 763 2926 auro.
792 2869 860 2924 Et
890 2871 1144 2940 profectus
1185 2875 1275 2931 est,
1304 2865 1440 2920 unde
1466 2873 1688 2930 venerat,
1721 2866 1774 2919 in
1809 2864 2047 2918 solitudi-

543 2980 656 3019 nem
681 2977 839 3031 usque
876 2959 1072 3027 Bethel,
1099 2973 1256 3028 usque
1287 2956 1355 3010 od
1383 2956 1549 3010 locum
1578 2955 1633 3009 in
1659 2970 1757 3024 quo
1790 2956 1929 3024 prius
1953 2957 2049 3026 fuit

543 3052 918 3109 tabernaculum
941 3052 1050 3121 ejus
1075 3050 1204 3103 inter
1220 3046 1397 3102 Bethel
1409 3053 1459 3101 et
1480 3045 1658 3118 Agger,
1683 3047 1751 3099 ad
1779 3046 1944 3100 locum
1969 3045 2050 3100 al-

543 3146 666 3200 taris
689 3141 824 3215 quod
849 3142 916 3197 ibi
944 3141 1194 3213 principio
1223 3142 1411 3210 fecerat
1438 3136 1589 3208 (Gen.
1623 3138 1710 3192 l5.
1741 3136 1880 3207 24).

543 3280 594 3330 1.
635 3272 769 3330 Cum
806 3272 1036 3326 alacrem
1086 3277 1322 3324 vestrum
1367 3274 1707 3332 conventum,
1759 3274 1815 3321 et
1864 3265 2051 3336 ingens

472 3366 719 3422 audiendi
739 3362 1061 3419 desiderium
1093 3359 1252 3415 hodie
1276 3358 1507 3422 videam,
1536 3357 1656 3411 volo
1679 3357 1913 3412 debitum
1938 3356 2052 3412 sol-

474 3473 620 3521 vere,
651 3472 757 3526 quo
781 3469 908 3524 erga
946 3452 1224 3508 caritatem
1250 3458 1479 3504 vestram
1502 3449 1788 3505 obstrictus
1816 3463 1955 3503 sum.
1989 3448 2055 3504 Et

474 3551 588 3605 scio
611 3549 729 3618 ejus
757 3546 986 3602 fortasse
1009 3558 1105 3598 vos
1126 3542 1320 3597 oblitos
1345 3554 1466 3595 esse
1486 3555 1554 3596 eo
1579 3538 1719 3610 quod
1753 3540 1904 3594 multi
1937 3539 2054 3595 dies

476 3638 891 3701 intercesserint,
937 3647 1221 3703 sermoque
1267 3639 1450 3687 noster
1492 3631 1558 3686 ad
1595 3631 1699 3687 alia
1728 3631 1939 3689 interim
1986 3633 2057 3687 sit

476 3730 754 3786 deductus.
799 3726 933 3782 Nam
970 3733 1169 3781 sancta:
1209 3722 1513 3800 festivitatis
1559 3721 1819 3779 adventus
1860 3724 2055 3781 seriem

479 3821 632 3876 nobis
670 3815 1041 3888 interpellavit.
1087 3814 1268 3886 Neque
1309 3814 1451 3870 enim
1497 3829 1592 3885 par
1634 3823 1751 3869 erat
1802 3823 1879 3880 ut,
1930 3815 2055 3873 dum

476 3927 687 3969 crucem
721 3909 925 3964 Domini
963 3906 1356 3964 celebrarentus
1387 3905 1483 3977 (a),
1512 3906 1580 3962 de
1606 3907 1726 3961 aliis
1754 3923 2054 3963 sermonem

477 4003 788 4059 atl‘erremus
807 4020 820 4055 :
839 4015 1023 4056 mensa
1044 4008 1222 4055 autem
1258 3998 1410 4053 vobis
1436 3997 1778 4068 proponenda
1803 4007 1919 4053 erat
1946 3999 2058 4053 suis

477 4109 706 4163 congrua
764 4090 1115 4161 temporibus.
1155 4088 1218 4143 Et
1264 4088 1462 4141 idcirco
1508 4087 1721 4159 quando
1760 4087 1904 4142 venit
1940 4087 2056 4144 δία-8

476 4182 816 4248 Traditionis,
842 4181 1091 4237 continua
1118 4179 1372 4234 doctrina:
1399 4178 1537 4232 serie
1562 4186 1788 4240 resecta,
1820 4193 2056 4246 przesen-

478 4274 617 4328 tibus
643 4288 760 4344 qua:
786 4272 1047 4342 urgebant
1087 4284 1185 4323 nos
1213 4266 1700 4331 accommodantes,
1741 4267 1793 4321 in
1821 4267 2057 4336 prodito-

479 4382 592 4423 rem
629 4364 861 4433 linguam
906 4360 1201 4415 laxavimus
1229 4358 1301 4429 (b)
1334 4376 1346 4411 :
1375 4356 1568 4412 deinde
1596 4356 1663 4411 de
1692 4372 1852 4414 cruce
1877 4359 2053 4428 aliqua

478 4457 530 4509 in
560 4453 793 4510 medium
836 4450 1171 4522 pretulimus.
1215 4448 1430 4514 Postea,
1480 4447 1819 4503 illucescente
1862 4449 2059 4505 Resur-

478 4544 729 4602 rectionis
767 4542 875 4606 die,
906 4538 1267 4595 necessarium
1308 4547 1423 4593 erat
1461 4546 1517 4592 ut
1557 4538 1624 4593 de
1671 4541 2058 4595 resurrectione

482 4635 688 4692 Domini
716 4634 993 4690 caritatem
1015 4639 1245 4685 vestram
1268 4628 1582 4684 doeeremus
1604 4645 1619 4683 :
1641 4638 1696 4685 et
1715 4630 2060 4700 sequentibus

561 4748 614 4806 (ι)
647 4755 715 4798 De
736 4744 863 4797 festo
885 4744 1051 4796 Crucis
1065 4743 1314 4794 dominica;
1336 4741 1565 4806 loquitur.

565 4801 614 4871 ὁ)
646 4810 728 4857 ttic
761 4806 1365 4871 loquitur_t‘.brysos_t0tuus
1401 4801 1467 4853 de
1506 4816 1651 4855 causa
1688 4802 2060 4871 interpellan

479 4864 629 4937 seriei
652 4864 954 4937 bomiliarum
978 4869 1027 4915 in
1045 4864 1271 4937 Geoesim
1288 4904 1303 4924 ,
1327 4878 1448 4937 quas
1468 4877 1675 4937 numero
1707 4864 1906 4936 triginta
1940 4864 2061 4913 duas

474 4934 573 4993 jam
597 4931 784 4993 habitas
801 4942 887 4993 per
907 4937 1055 4979 totam
1070 4928 1515 4993 Quadragesimam,
1530 4933 1637 4993 post
1659 4928 1954 4993 triggsimattt
1977 4938 2060 4973 se-

478 4986 686 5062 }:undam
705 4986 911 5062 aliudin
937 4998 1131 5062 tempus
1151 4986 1369 5062 distulit,
1407 4995 1459 5062 ut
1479 4986 1827 5062 rferiaAquintaA
1842 4986 1891 5062 in
1907 4990 2062 5062 fama

482 5052 665 5102 nomini
689 5051 753 5100 de
773 5052 890 5113 Juda
923 5045 1170 5113 proditore
1192 5045 1507 5113 loqueretur,
1541 5054 1595 5113 nt
1617 5045 1762 5113 etiam
1785 5052 1954 5113 monet
1976 5045 2062 5096 ille

482 5064 665 5102 nomint
689 5064 753 5100 oe
773 5064 890 5099 Juoa
957 5064 1170 5101 routtore
1204 5064 1506 5113 loqueretur,
1541 5064 1595 5096 ut.
1617 5064 1762 5096 etiam
1785 5064 1954 5095 monet
1976 5064 2062 5096 itte

482 5115 531 5162 in
553 5113 748 5178 ltomilia
773 5112 839 5162 de
859 5064 995 5178 ipsa,
1018 5112 1392 5178 cujusinitiutn,
1425 5106 1663 5178 Volebam,
1688 5105 1851 5178 dilecti
1881 5118 2062 5178 :quam

481 5173 699 5224 secundo
720 5181 863 5222 Temo
885 5167 1055 5223 habes.
1075 5167 1275 5223 'I)einde
1307 5171 1367 5220 de
1384 5167 1544 5231 cruce
1574 5167 1738 5231 aliqua
1768 5167 1820 5217 in
1850 5167 2063 5231 medium

483 5233 785 5292 prolationis.
819 5236 981 5296 Pergit
1008 5235 1397 5297 chrysostomus,
1431 5229 1712 5297 alterutram
1738 5242 1810 5297 ex
1849 5230 2064 5278 ttomiliis

483 5290 549 5343 de
579 5308 727 5359 cruce
745 5331 760 5356 ,
783 5308 895 5359 qum
911 5290 1036 5359 'post
1066 5290 1291 5359 ltbmilias
1309 5292 1374 5343 de
1397 5292 1644 5359 proditore
1664 5290 1782 5338 Juda
1804 5298 1951 5359 ftonto
1982 5304 2063 5359 se-

484 5357 642 5406 cundo
664 5351 1176 5414 ponunturfindicans.
1203 5355 1287 5403 ltie
1310 5351 1475 5403 autem
1499 5351 1685 5414 Pascha:
1707 5357 1873 5399 contra
1899 5352 2057 5400 ebrio-

485 5431 567 5467 sos
589 5425 640 5468 et
659 5413 723 5467 de
745 5419 1108 5468 resurrectione
1131 5416 1441 5465 concionatus
1472 5420 1549 5463 est
1572 5425 1586 5475 ξ
1611 5413 1807 5460 demum
1840 5420 2061 5475 tempore
2084 5420 2103 5441 ·

450 5526 453 5529 .
489 5479 696 5529 Pas-diali
720 5480 948 5529 Itomilias
970 5479 1140 5528 habuit
1171 5478 1219 5526 itt
1253 5478 1534 5540 priucipium
1559 5472 2065 5540 Actornmatiacfplu-

486 5543 620 5590 ribus
653 5549 875 5591 enarrata
910 5542 1019 5590 side
1050 5548 1193 5587 Touto
1223 5535 1435 5590 secundo
1467 5538 1524 5586 ad
1558 5535 1777 5598 ltmnilias
1810 5538 1856 5583 in
1887 5535 2062 5598 princi-

487 5601 897 5717 [lilbﬁlkﬂOl‘llllh
934 5604 1150 5664 itemque
1172 5609 1313 5650 “fonto
1347 5604 1491 5650 tertio
1524 5600 1569 5647 izt
1606 5597 1776 5645 .‘IOlliIO
1828 5593 1899 5648 de
1939 5593 2061 5648 Iuda

488 5679 541 5735 ιη·
617 5674 752 5717 lIUl'C.

1498 248 1562 305 IN
1600 248 1750 305 CAP.
1793 246 1927 304 XIII.
1970 244 2212 303 GENES.
2254 245 2482 303 HOMiL.
2526 247 2763 305 XXXIII.

3624 257 3729 314 396

2159 356 2365 424 diebus,
2396 375 2492 430 per
2523 375 2585 414 ea
2616 361 2868 417 miracula
2894 378 3012 433 qua:
3043 372 3168 420 tunc
3205 363 3345 421 facta
3382 376 3525 436 sunt,
3554 383 3727 424 resur-

2154 450 2405 506 rectionis
2430 450 2809 507 demonstratio
2831 454 3020 508 iterum
3048 455 3312 511 afferenda
3337 466 3450 512 erat
3479 460 3728 529 :quando

2154 540 2314 595 etiam
2358 542 2733 610 Apostolorum
2781 545 2910 598 Acta
2962 545 3248 615 explanare
3287 548 3567 618 coepimus,
3605 550 3726 604 inde

2154 632 2305 688 vobis
2321 634 2569 688 continua
2601 644 2961 704 proponentes
2985 636 3246 704 convivia,
3285 648 3343 694 et
3365 640 3569 695 crebris
3596 656 3724 711 quo-

2157 721 2475 793 tidianisque
2516 724 2968 780 admonitionibus
3006 742 3121 793 eos,
3157 728 3247 798 qui
3288 744 3457 799 nuper
3480 729 3724 801 baptismi

2151 811 2373 881 gratiam
2411 823 2746 882 acceperant,
2786 814 3148 870 exhortantes.
3179 815 3327 871 Nunc
3356 818 3513 888 igitur
3538 833 3721 875 neces-

2153 900 2349 954 sarium
2376 912 2459 956 est
2489 910 2546 957 ut
2564 901 2727 957 debiti
2751 919 2954 958 memor
2975 904 3098 968 sim,
3127 912 3182 959 et
3205 906 3355 961 vobis
3383 908 3722 963 satisfaciam.

2153 989 2385 1046 Tametsi
2413 992 2554 1047 enim
2577 1008 2669 1048 vos
2693 993 2858 1049 debiti
2887 1010 3051 1065 genus
3081 994 3351 1066 ignoretis,
3378 1004 3559 1065 utpote
3585 1000 3726 1055 curis

2154 1079 2331 1134 nmltis
2360 1080 2619 1150 impliciti,
2642 1083 2923 1138 etsolliciti
2957 1100 3051 1152 pro
3073 1084 3343 1149 uxoribus,
3372 1094 3426 1139 et
3446 1086 3644 1151 liberis,
3672 1096 3721 1142 et

2152 1169 2457 1240 quotidiana
2486 1172 2754 1238 alimonia,
2782 1173 3067 1243 multisque
3109 1175 3229 1230 aliis
3263 1175 3607 1232 sa‘cularibus
3644 1193 3719 1232 ne-

2151 1262 2337 1332 gotiis:
2360 1279 2543 1319 verum
2575 1281 2671 1320 nos
2699 1266 2790 1336 qui
2819 1266 2975 1321 nullis
2996 1267 3046 1322 id
3073 1283 3239 1338 genus
3267 1269 3409 1323 curis
3432 1272 3720 1333 turbamur,

2153 1365 2207 1410 et
2225 1356 2373 1411 vobis
2392 1357 2552 1413 debiti
2579 1359 2885 1413 memoriam
2908 1360 3255 1430 suggerimus,
3278 1369 3333 1414 et
3352 1360 3416 1414 ad
3444 1362 3717 1416 restituen-

2154 1447 2279 1501 dum
2312 1463 2409 1501 nos
2438 1463 2705 1517 paramus.
2751 1448 2934 1519 Neque
2974 1449 3329 1514 admiremini,
3357 1450 3400 1505 si
3435 1459 3537 1504 tam
3571 1458 3730 1521 grato

2152 1539 2331 1593 animo
2362 1539 2412 1593 id
2438 1550 2769 1609 prazstamus.
2804 1541 2971 1612 Hujus
3000 1542 3140 1596 enim
3169 1541 3330 1596 debiti
3358 1559 3523 1613 genus
3542 1559 3570 1596 a
3600 1558 3721 1599 sen-

2152 1626 2393 1683 sibilibus
2435 1629 2671 1698 pecuniis
2698 1630 2968 1687 diversum
3012 1640 3112 1686 est.
3147 1630 3202 1685 In
3234 1631 3335 1687 illis
3377 1634 3521 1687 enim
3567 1649 3721 1689 nunt-

2151 1733 2308 1786 qnam
2336 1717 2541 1773 debitor
2572 1728 2675 1773 tam
2717 1730 2923 1789 gratum
2971 1736 3079 1790 pra:
3108 1735 3167 1775 se
3206 1720 3303 1775 fert
3332 1721 3587 1775 animum.
3615 1722 3721 1777 Scit

2151 1808 2292 1863 enim
2308 1825 2364 1864 se
2381 1808 2557 1865 debita
2574 1809 2825 1865 solvendo
2839 1825 2986 1865 suam
3014 1812 3329 1868 imminuere
3353 1813 3720 1878 substantiam,

2152 1908 2203 1952 et
2232 1899 2539 1967 accipientis
2567 1914 2762 1971 augere
2799 1900 3091 1956 facultates.
3112 1900 3226 1957 Non
3255 1903 3325 1956 ita
3355 1912 3529 1958 autem
3558 1914 3640 1959 est
3668 1906 3720 1959 iu

2151 1988 2409 2058 Spirituali
2452 1989 2553 2044 hoc
2579 1990 2778 2053 debito,
2825 1991 2917 2046 scd
2956 1993 3008 2046 in
3052 1992 3351 2048 eodebitor
3377 1993 3501 2048 dum
3544 1995 3719 2060 solvit,

2151 2080 2319 2149 magis
2356 2080 2587 2135 abundat
2613 2080 2830 2148 divitiis,
2874 2089 2927 2135 ct
2954 2082 3333 2151 accipientibus
3360 2085 3589 2152 majores
3628 2101 3720 2139 ac-

2150 2177 2397 2223 crescunt
2423 2184 2572 2239 opes.
2603 2169 2671 2225 Et
2702 2171 2898 2225 idcirco
2927 2171 3035 2227 illic
3063 2172 3267 2243 ingrata
3310 2173 3593 2228 admodum
3624 2192 3718 2229 vu-

2151 2256 2349 2313 lnntate
2376 2260 2458 2329 agi
2498 2260 2668 2325 solet;
2702 2260 2787 2315 hic
2812 2271 2987 2316 autem
3016 2262 3252 2333 utrisque
3280 2263 3483 2319 lucrum
3530 2274 3632 2331 est,
3665 2277 3719 2319 et

2151 2347 2529 2417 dinumeranti,
2576 2360 2629 2404 et
2674 2352 3074 2421 accipientibus.
3125 2353 3190 2408 Et
3220 2353 3319 2408 hoc
3360 2364 3443 2409 est
3484 2355 3623 2424 quod
3656 2357 3722 2410 de

2150 2439 2372 2493 caritate
2420 2439 2694 2495 admonuit
2738 2440 2922 2496 beatus
2975 2442 3171 2496 Paulus
3222 2442 3403 2498 dicens
3449 2461 3462 2496 :
3517 2443 3723 2499 Nemini

2149 2529 2421 2599 quidquam
2453 2530 2689 2597 debeatis,
2734 2532 2832 2585 nisi
2860 2541 2912 2586 ut
2949 2531 3170 2603 diligatis
3196 2535 3403 2589 invicem
3429 2535 3601 2608 (Rom.
3634 2540 3718 2593 13.

2150 2619 2226 2689 8).
2258 2621 2373 2687 Quo
2402 2621 2616 2689 indicat,
2648 2622 2751 2679 hoc
2774 2624 3005 2679 debitum
3036 2639 3248 2694 semper
3267 2627 3420 2695 solvi,
3447 2639 3499 2683 et
3525 2629 3721 2684 nihilo-

2151 2709 2327 2763 minus
2351 2708 2546 2766 durare
2574 2725 2805 2781 semper.
2836 2711 3016 2782 Neque
3057 2714 3324 2785 negligere
3365 2732 3459 2772 vos
3487 2729 3719 2787 oportet,

2149 2798 2215 2851 ad
2243 2800 2602 2869 recipiendum
2634 2810 2845 2871 paratos
2876 2820 2888 2854 :
2920 2802 3023 2859 hoc
3062 2805 3203 2859 enim
3238 2815 3292 2861 et
3331 2822 3427 2861 nos
3452 2807 3720 2864 debitores

2151 2888 2521 2959 locupletiores
2552 2890 2697 2954 facit,
2725 2900 2779 2947 et
2805 2892 2952 2951 vobis
2979 2892 3197 2961 majoris
3222 2895 3465 2951 utilitatis
3490 2898 3593 2953 erit
3617 2915 3721 2953 ma-

2156 2979 2309 3034 teria.
2343 2980 2503 3052 Igitur
2529 2983 2777 3052 quoniam
2808 2983 2926 3038 talis
2952 2991 3037 3038 est
3056 2983 3211 3054 hujus
3234 2986 3395 3042 debiti
3429 2999 3634 3053 natura,
3668 3001 3726 3046 ut

2153 3080 2350 3139 quanto
2401 3071 2569 3141 magis
2614 3070 2966 3142 dependitur,
3016 3082 3160 3130 tanto
3216 3077 3481 3133 auctiores
3530 3090 3724 3134 nostr.e

2153 3161 2443 3216 reddantur
2466 3176 2597 3233 opes
2621 3181 2633 3217 :
2662 3178 2757 3234 age
2782 3163 3070 3221 doceamus
3112 3182 3251 3222 nunc
3291 3178 3345 3224 ct
3369 3168 3531 3224 debiti
3560 3182 3728 3228 matc-

2152 3252 2309 3317 riam,
2340 3260 2396 3306 ut
2415 3259 2469 3307 ct
2495 3252 2593 3322 ipsi
2622 3251 2906 3309 alacriores
2934 3253 3154 3309 dicenda
3186 3258 3504 3326 suscipiatis,
3528 3271 3574 3315 c:
3602 3277 3724 3331 gra-

2155 3352 2264 3397 tam
2315 3355 2550 3399 nostram
2609 3346 2933 3401 voluntatem
2987 3358 3260 3420 acceptam
3309 3348 3585 3418 habentes,
3631 3370 3726 3406 nos

2153 3436 2391 3507 diligenti
2443 3438 2778 3493 auscultandi
2824 3439 3000 3494 studio
3052 3442 3424 3496 remuneretis.
3467 3443 3721 3510 Qua-nam

2156 3530 2313 3599 igitur
2330 3529 2493 3584 debiti
2519 3530 2773 3585 materia?
2791 3529 2970 3596 Scitis,
2992 3540 3043 3586 et
3067 3548 3328 3587 memores
3348 3536 3497 3602 estis,
3519 3539 3728 3607 quando

2155 3619 2221 3674 de
2246 3620 2544 3689 patriarcha
2563 3616 2803 3691 qumdam
2827 3621 2878 3675 in
2903 3622 3131 3676 mediunt
3150 3623 3435 3688 attulimus,
3462 3630 3727 3695 quomodo

2155 3711 2693 3765 demonstraverimus
2716 3708 3027 3766 descensum
3057 3711 3175 3780 ejus
3205 3713 3255 3766 in
3282 3712 3568 3785 Egyptum
3601 3732 3722 3785 pro-

2159 3811 2274 3870 pter
2299 3801 2510 3867 famem,
2542 3810 2596 3856 et
2638 3809 2842 3871 raptam
2885 3801 3069 3857 Saram
3109 3818 3138 3856 a
3169 3802 3465 3871 Pharaone,
3493 3814 3547 3861 et
3591 3807 3727 3861 indi-

2156 3895 2456 3962 guationem
2500 3893 2615 3961 Dei,
2647 3908 2806 3964 quam
2837 3892 2893 3948 in
2931 3892 3259 3949 Pharaonem
3285 3904 3339 3950 et
3365 3895 3582 3950 domum
3612 3898 3729 3967 ejus

2157 3987 2225 4041 ob
2249 4001 2396 4040 suam
2428 4000 2551 4056 erga
2573 3987 2773 4053 justum
2803 4000 2983 4040 curam
3012 3986 3252 4053 immisit,
3287 3996 3340 4040 et
3374 3986 3602 4044 reditum
3636 4005 3722 4058 pa-

2159 4077 2402 4130 lriarchtc
2444 4076 2511 4130 ab
2551 4073 2783 4146 Egypto
2829 4091 3016 4145 magna
3056 4093 3178 4131 cum
3224 4077 3414 4147 gloria.
3464 4078 3728 4134 Mandavit

2158 4167 2310 4233 enim,
2368 4167 2554 4236 inquit,
2615 4164 2822 4220 Pharao
2876 4167 2993 4219 ciris
3037 4183 3186 4237 super
3227 4167 3435 4236 Abram,
3484 4178 3536 4222 ut
3574 4168 3732 4223 dedu-

2158 4267 2274 4310 cant
2300 4274 2435 4325 eum,
2462 4267 2509 4311 et
2534 4273 2737 4311 uxorem
2758 4257 2885 4330 ejus,
2919 4267 2963 4310 et
2984 4259 3152 4311 oznnia
3178 4274 3289 4328 qua:
3313 4258 3540 4323 habebat,
3564 4270 3609 4313 ct
3636 4259 3730 4313 Lot

2158 4366 2270 4403 cum
2294 4350 2409 4404 εοί.
2438 4349 2674 4404 Ascendit
2720 4359 2886 4403 autem
2916 4350 3102 4402 Abram
3140 4366 3202 4404 ea:
3243 4348 3493 4422 ngypto,
3525 4353 3633 4422 ipse
3678 4366 3724 4407 et

2159 4459 2288 4496 uxor
2311 4442 2440 4508 cius,
2470 4450 2517 4495 et
2545 4440 2712 4495 omnia
2741 4456 2853 4512 quia
2880 4451 3023 4495 erant
3050 4442 3204 4504 illius,
3233 4452 3278 4495 et
3305 4441 3401 4496 Lat
3414 4459 3529 4497 cum
3552 4444 3662 4513 ipsa
3683 4445 3731 4496 in

2159 4534 2497 4587 solitudinem.
2528 4531 2625 4587 IIic
2662 4546 2964 4587 sermonem
2998 4533 3215 4586 missum
3246 4531 3490 4599 fecimus,
3521 4534 3734 4589 mediis-

2159 4640 2263 4693 que
2283 4623 2470 4679 diebus
2493 4623 2784 4678 doctrinam
2810 4625 3175 4677 transtulimus
3208 4623 3257 4676 in
3281 4634 3588 4694 argumenta
3614 4634 3735 4679 tunc

2162 4713 2417 4782 temporis
2478 4714 2830 4768 occurrentia.
2887 4713 3011 4789 Ideo
3066 4713 3225 4767 hodie
3276 4728 3452 4782 Opera:
3507 4718 3734 4784 pretimn

2160 4803 2336 4868 fuerit,
2374 4811 2434 4857 ut
2461 4803 2655 4858 seriem
2696 4812 3016 4872 repetamus,
3067 4813 3119 4858 ct
3163 4804 3383 4858 dicenda
3427 4820 3548 4859 cum
3577 4805 3734 4860 dictis

2161 4896 2310 4964 quasi
2350 4895 2403 4949 in
2432 4910 2594 4950 unum
2641 4909 2836 4964 corpus
2873 4905 3179 4964 coaptemus
3210 4913 3224 4949 :
3254 4896 3331 4950 sic
3371 4896 3512 4951 enim
3559 4914 3737 4955 sermo

2160 4985 2418 5041 doctrinae
2446 4986 2595 5056 quasi
2636 5000 2799 5039 unum
2848 4986 2948 5039 sub
2983 4996 3251 5056 aspecutm
3282 4986 3456 5042 cadet.
3497 4988 3602 5044 Sed
3632 5004 3738 5058 quo

2165 5075 2526 5130 manifestiora
2572 5079 2681 5128 sint
2717 5089 2780 5129 ca
2822 5090 2941 5144 qua:
2979 5075 3249 5143 dicuntur,
3290 5093 3467 5147 opera:
3512 5080 3737 5148 pretium

2166 5166 2345 5230 fuerit,
2378 5175 2435 5221 ut
2459 5166 2667 5220 caritati
2708 5177 2898 5222 vestras
2940 5178 3269 5237 proponatur
3298 5169 3613 5240 principium
3641 5187 3734 5225 co-

2165 5275 2281 5316 rum
2318 5276 2435 5329 qua:
2462 5257 2623 5313 hodie
2650 5268 2773 5315 sunt
2808 5260 2968 5315 lecta.
3008 5259 3063 5314 2.
3096 5260 3283 5314 Abram
3322 5273 3507 5326 autem,
3542 5264 3730 5334 inquit.

2164 5359 2272 5405 erat
2312 5349 2449 5406 dives
2473 5348 2619 5404 valde
2651 5351 2930 5421 pecoribus,
2961 5361 3006 5404 et
3049 5361 3279 5422 argento,
3320 5362 3367 5406 et
3395 5369 3543 5408 auro.
3575 5355 3630 5409 5.
3669 5354 3735 5415 Et

2168 5442 2420 5515 profectus
2462 5447 2555 5507 est,
2598 5442 2734 5495 unde
2774 5451 2993 5508 venerat,
3042 5442 3094 5495 in
3133 5442 3454 5498 solitudinem
3482 5460 3635 5515 usque
3675 5448 3741 5501 ad

2228 5596 2242 5627 ί
2281 5602 2360 5645 "re
2384 5600 2638 5659 rectumst
2669 5601 2747 5644 tot
2787 5606 2897 5659 cum
2917 5605 2991 5650 eo,
3012 5594 3191 5645 «lauat
3225 5596 3275 5649 in
3304 5596 3500 5659 Movet;
3534 5597 3631 5651 sed
3658 5595 3738 5646 ha-

2172 5657 2351 5707 bentur
2375 5660 2423 5707 in
2454 5655 2589 5707 ξ-ωιι.
2618 5664 2669 5707 et
2692 5660 2738 5706 iu
2764 5655 2927 5707 multis
2947 5662 3053 5707 llas.
