4070 6194
403 193 509 251 δθτ

402 307 602 374 Bethel,
629 323 784 377 usque
814 307 883 360 ad
911 307 1075 363 locum
1115 307 1166 360 in
1191 323 1290 376 quo
1321 308 1462 378 prius
1484 309 1582 378 fuit
1609 309 1980 364 tabernaculum

401 401 534 468 ejus,
577 399 707 452 inter
743 395 918 450 Betltel
952 406 998 450 et
1025 398 1154 450 inter
1192 397 1370 468 Aggtr,
1412 399 1468 453 4.
1510 401 1579 451 ad
1609 399 1771 452 locum
1802 402 1980 453 altaris

399 489 538 556 quod
570 487 675 542 illic
699 487 947 557 principio
979 489 1166 557 fecerat
1190 504 1210 542 :
1237 500 1283 542 et
1308 489 1553 542 invocavit
1581 491 1652 542 ibi
1680 490 1864 544 Abram
1888 509 1980 543 no-

398 596 510 632 men
543 577 749 631 Domini
778 575 889 631 Dei.
914 576 991 632 Ne
1018 587 1400 640 praetereamus
1420 580 1592 634 obiter
1609 597 1670 635 ea
1698 597 1816 651 qum
1840 582 1977 636 lecta

396 677 544 732 sunt,
590 667 682 722 sed
726 669 995 723 discamus
1022 681 1166 725 ctare
1198 670 1496 725 divinarum
1523 671 1815 726 Liter-arum
1856 673 1978 726 dili-

395 760 655 827 gentiam,
687 759 956 828 quomodo
986 761 1117 815 nihil
1142 763 1295 816 nobis
1319 777 1706 833 supervacuum
1735 775 1973 819 narrent.

397 850 586 903 Abram
609 861 796 912 (intem,
831 851 1018 920 inquit,
1052 863 1158 906 erat
1185 855 1321 908 dives
1338 853 1501 908 valde.
1533 855 1826 910 Considera
1865 856 1975 925 pri-

395 955 542 995 munt
585 939 724 994 istud
755 939 927 1009 ipsum
971 957 1076 995 non
1116 943 1334 1010 frustra,
1379 961 1553 1016 neque
1594 955 1796 1002 temere
1839 947 1975 1001 indi-

393 1032 544 1097 cari;
595 1048 696 1090 nec
741 1036 792 1090 in
837 1053 1029 1092 vanum
1074 1039 1291 1092 divitem
1341 1055 1482 1094 nunc
1518 1050 1691 1106 vocat,
1739 1041 1788 1094 id
1833 1041 1972 1111 quod

395 1137 660 1193 nusquam
697 1127 826 1182 alias
855 1129 1116 1193 meminit,
1149 1130 1242 1184 sed
1272 1146 1410 1185 iiunc
1450 1131 1678 1201 primum
1714 1132 1863 1194 dicit,
1894 1131 1975 1185 di-

391 1214 558 1270 vitem
602 1214 784 1272 fuisse.
837 1218 1011 1287 Quare
1058 1221 1158 1276 hoc
1210 1231 1262 1277 et
1299 1239 1456 1291 quam
1506 1222 1576 1275 ob
1615 1223 1872 1277 causam?
1906 1223 1974 1278 Ut

393 1305 568 1364 discas
596 1307 788 1364 divina:
831 1312 1103 1381 sapientia:
1142 1315 1433 1381 solertiam,
1476 1324 1529 1369 et
1555 1331 1666 1370 sua:
1697 1317 1748 1368 in
1773 1321 1969 1384 justum

395 1396 738 1464 providentia:
768 1399 1078 1456 immensam
1106 1405 1478 1476 ingentemque
1507 1407 1813 1475 potentiam.
1841 1407 1970 1462 Nam

394 1487 483 1550 qui
506 1485 660 1542 famis
681 1491 997 1548 necessitate
1022 1494 1072 1547 in
1098 1493 1384 1566 Egyptum
1411 1499 1733 1568 peregrinari
1756 1511 1972 1556 coactus

397 1575 512 1640 fuit,
543 1593 610 1632 eo
635 1580 774 1649 quod
805 1585 1074 1652 angustias
1101 1601 1232 1656 quas
1263 1587 1314 1640 in
1340 1587 1637 1643 Chananzea
1661 1590 1969 1660 experiebao

397 1678 480 1722 tur
509 1671 648 1726 ferre
674 1689 777 1727 non
805 1687 1005 1744 posset,
1053 1679 1098 1732 is
1127 1679 1305 1734 subito
1346 1680 1496 1736 dives
1526 1680 1696 1736 factus
1720 1693 1802 1737 cst
1829 1701 1843 1736 :
1873 1698 1972 1738 nec

393 1758 706 1828 simpliciter
745 1764 913 1832 dives,
945 1767 1038 1822 sed
1070 1769 1244 1837 valde,
1289 1785 1394 1824 non
1435 1779 1638 1828 tantum
1667 1773 1967 1843 pecoribus,

392 1849 484 1910 sed
514 1858 567 1904 et
591 1863 808 1920 argento
833 1864 886 1910 et
908 1871 1057 1912 auro.

461 1937 514 1991 2.
562 1939 780 1997 Vidistis
817 1956 1011 2013 quanta
1061 1948 1131 2002 sit
1173 1948 1264 2003 Dei
1309 1949 1684 2018 providentia?
1716 1952 1877 2021 Abiit,
1912 1965 1970 2009 ιιι

392 2029 620 2096 aliquam
647 2031 797 2088 famis
824 2037 1243 2100 consolationem
1271 2041 1552 2104 inveniret.
1582 2052 1636 2097 et
1661 2044 1837 2108 rediit,
1863 2060 1969 2101 non

388 2119 562 2176 solum
591 2119 729 2176 fame
758 2123 1013 2195 mitigata,
1044 2126 1139 2182 sed
1168 2140 1222 2183 et
1248 2129 1448 2184 divitiis
1473 2141 1526 2186 et
1566 2132 1822 2188 immensa
1852 2135 1969 2206 glo-

391 2209 464 2260 ria
491 2211 846 2280 conspicuus;
893 2217 1245 2288 omnibusque
1289 2221 1624 2277 manifestum
1655 2224 1752 2280 fuit
1781 2227 1968 2296 qualis-

389 2314 511 2361 nam
542 2313 684 2357 esset
716 2322 728 2357 :
763 2305 1060 2378 deindeque
1088 2309 1402 2366 Chananmte
1433 2314 1621 2369 incola:
1647 2316 1772 2386 justi
1804 2319 1969 2373 virtu-

391 2397 494 2442 tem
523 2391 719 2448 clarius
763 2395 1079 2466 didicerunt,
1112 2402 1353 2463 videntes
1397 2420 1574 2459 rerum
1620 2409 1965 2465 mutationem

390 2489 496 2537 tam
518 2485 868 2554 repentinam,
899 2497 952 2543 et
980 2491 1135 2544 tantis
1165 2491 1362 2548 divitiis
1386 2494 1688 2551 afﬂuentem
1716 2513 1836 2553 eum
1875 2500 1964 2569 qui

388 2582 445 2626 ut
486 2577 810 2646 peregrinus,
845 2591 897 2632 et
923 2583 1072 2651 quasi
1117 2584 1381 2655 fugitivus,
1411 2599 1466 2644 et
1490 2604 1674 2660 vagus.
1708 2591 1760 2645 in
1802 2590 1964 2664 Egy-

386 2673 533 2731 ptum
581 2665 946 2726 descenderat.
978 2677 1045 2727 At
1091 2684 1146 2729 tu
1189 2676 1310 2732 vide
1354 2681 1621 2748 quomodo
1666 2681 1751 2736 hic
1796 2699 1967 2754 neque

387 2757 772 2824 prosperitate,
805 2776 976 2832 neque
1026 2763 1327 2822 divitiarum
1372 2768 1641 2826 afﬂuentia
1690 2773 1967 2828 remissior

383 2844 466 2898 vel
515 2848 862 2917 negligentior
899 2853 1066 2909 factus
1101 2866 1184 2910 est
1237 2871 1258 2914 :
1309 2858 1403 2914 sed
1457 2859 1648 2914 iterum
1692 2864 1965 2918 contendit

382 2934 449 2986 ad
477 2950 599 2989 eum
627 2938 824 3006 locum,
869 2943 956 2996 ubi
989 2946 1132 3012 prius
1159 2947 1351 3014 fuerat,
1385 2950 1688 3020 priusquam
1718 2954 1770 3008 in
1798 2953 1964 3025 Egy-

385 3034 530 3089 ptum
561 3029 896 3084 concederet.
939 3031 1082 3087 Venit
1103 3035 1265 3098 enim,
1291 3037 1481 3108 inquit,
1513 3041 1565 3094 in
1603 3042 1959 3110 solitudinem,

382 3132 538 3183 usque
583 3119 652 3170 ad
697 3118 860 3174 locum
903 3124 986 3176 ubi
1019 3129 1158 3194 prius
1187 3129 1284 3198 fuit
1326 3131 1699 3186 tabernaculum
1723 3135 1852 3204 ejus,
1893 3138 1962 3190 ad

383 3207 547 3259 locum
571 3209 748 3262 altaris
773 3214 908 3282 quod
943 3215 1060 3283 fecit
1098 3217 1164 3270 ibi
1193 3219 1470 3292 principia,
1497 3231 1544 3276 et
1582 3223 1827 3279 inuocauit
1863 3243 1958 3281 no-

381 3311 492 3360 men
516 3295 720 3352 Domini
746 3300 858 3356 Dei.
886 3305 1092 3375 Cogita,
1120 3307 1366 3376 obsecro,
1393 3321 1648 3382 quantum
1673 3325 1790 3371 erat
1808 3318 1959 3387 quie-

382 3387 527 3479 tiset
559 3393 946 3462 tranquillitatis
969 3408 1195 3468 amator,
1241 3411 1294 3456 et
1323 3403 1373 3457 in
1403 3404 1583 3461 divino
1611 3407 1756 3462 cultu
1795 3425 1954 3479 quam

379 3477 613 3570 sedulus.
638 3481 716 3536 Ad
744 3499 864 3538 eum
893 3488 1034 3542 enim
1059 3489 1256 3559 locum,
1286 3492 1474 3564 inquit,
1501 3497 1746 3558 accessit,
1775 3477 1826 3552 in
1850 3515 1956 3570 quo

381 3568 526 3636 prius
571 3571 737 3628 altare
768 3575 1143 3646 :edilicaverat,
1185 3589 1238 3635 et
1273 3582 1325 3636 in
1369 3599 1475 3654 quo
1505 3600 1698 3642 nomen
1742 3568 1952 3644 Domini

381 3658 735 3748 invocaverat.
766 3665 902 3721 Ecce
926 3665 1034 3736 jam
1079 3670 1259 3726 multis
1285 3682 1439 3728 antea
1467 3676 1677 3732 smculis
1719 3678 1954 3748 implevit

379 3745 482 3802 hoc
510 3750 648 3818 quod
681 3763 860 3820 postea
897 3771 926 3808 a
960 3756 1122 3812 David
1167 3761 1364 3815 dictum
1393 3773 1476 3818 est
1505 3783 1518 3819 :
1551 3765 1696 3837 Elogi
1730 3745 1952 3838 abiectus

377 3852 483 3906 esse
505 3838 556 3892 in
583 3840 732 3894 domo
761 3843 857 3899 Dei
899 3847 995 3899 mei
1019 3850 1178 3920 magis
1201 3867 1352 3922 quam
1385 3853 1609 3910 habitare
1633 3857 1684 3910 in
1719 3858 1952 3914 taberna-

377 3929 507 3993 culis
552 3944 865 4002 peccatorum
910 3937 1076 4010 (Psal.
1107 3942 1196 3997 83.
1229 3945 1342 4014 ll).
1384 3946 1626 4003 Solitudo
1651 3952 1791 4005 enim
1825 3969 1950 4022 pro-

379 4029 494 4116 pter
521 4022 904 4086 invocationem
937 4033 1163 4087 nominis
1191 4034 1282 4090 Dei
1309 4037 1509 4105 gratior
1547 4041 1594 4094 ei
1625 4051 1760 4108 erat,
1790 4059 1950 4116 quam

375 4112 637 4182 civitates.
669 4115 883 4175 Sciebat
920 4129 1086 4191 enim,
1113 4126 1316 4182 sciebat
1345 4130 1548 4198 utique,
1579 4112 1949 4192 civitatisvma-

372 4203 697 4279 guitudincm
726 4226 828 4265 non
860 4227 924 4268 ex
951 4214 1292 4270 aedificiorum
1341 4221 1750 4292 pulchritudine,
1779 4242 1950 4296 neque

373 4311 434 4350 ex
464 4297 656 4352 civium
702 4303 1040 4374 multitudine
1082 4317 1330 4363 constare
1363 4327 1375 4360 :
1408 4312 1502 4366 sed
1531 4329 1594 4368 ex
1642 4315 1947 4373 inhabitan-

375 4385 502 4438 tium
532 4388 744 4454 virtute,
777 4403 991 4460 propter
1017 4410 1174 4464 quam
1217 4398 1326 4466 ipsa
1371 4401 1602 4457 solitudo
1647 4405 1948 4466 civitatibus

371 4475 580 4543 dignior
607 4478 723 4553 fuit,
746 4497 866 4551 qua:
890 4485 1089 4545 virtute
1111 4485 1242 4556 justi
1268 4491 1575 4560 ornabatur,
1604 4505 1658 4550 et
1678 4497 1808 4552 orbe
1837 4508 1948 4556 toto

371 4566 619 4636 fulgidior
643 4581 778 4653 erat.
807 4575 860 4628 5.
894 4574 959 4628 Et
987 4575 1097 4644 Lat,
1129 4581 1317 4649 inquit,
1345 4583 1429 4653 qui
1464 4601 1577 4640 cum
1605 4587 1789 4643 Abram
1820 4592 1943 4659 ibat,

367 4668 510 4711 erant
537 4671 582 4713 et
607 4678 737 4725 om,
767 4675 814 4751 et
842 4666 1004 4738 boves,
1035 4679 1083 4722 et
1103 4687 1283 4740 pecora
1301 4715 1316 4740 ,
1346 4675 1397 4729 6.
1424 4692 1581 4746 neque
1603 4681 1832 4751 capiebat
1861 4701 1944 4738 eos

366 4759 521 4816 terra,
551 4764 607 4805 ut
625 4748 775 4828 simul
799 4758 1097 4831 habitarent.
1125 4761 1252 4817 Erat
1271 4767 1454 4837 quippe
1471 4748 1746 4826 substantia
1769 4790 1941 4829 eorum

365 4841 540 4905 multa,
573 4853 620 4896 et
657 4862 755 4900 nan
784 4858 1011 4917 poterant
1037 4852 1262 4914 habitare
1288 4857 1458 4922 simul.
1501 4859 1615 4916 Non
1641 4863 1812 4918 solum
1844 4882 1940 4935 pa-

364 4932 611 4988 triarclue
661 4935 937 5004 facultates
982 4953 1151 4998 aucta:
1193 4956 1336 5012 sunt,
1369 4949 1461 5009 sed
1490 4948 1557 5026 Et
1587 4950 1716 5021 Lat,
1746 4932 1936 5026 inquit,

361 5034 502 5078 erum
539 5041 672 5093 aves,
704 5039 750 5098 et
779 5029 943 5108 boues,
988 5042 1034 5086 et
1061 5051 1259 5103 pecora.
1293 5038 1450 5106 Forte
1481 5041 1668 5111 partim
1699 5044 1895 5100 Abram
1918 5089 1934 5114 ,

360 5125 540 5184 utpote
569 5118 818 5186 liberalis,
845 5121 930 5198 illa
959 5121 1056 5178 Lat
1078 5123 1254 5180 fratris
1281 5127 1387 5180 lilio
1411 5129 1718 5200 donaverat,
1742 5138 1933 5208 partim

355 5208 445 5262 alii
473 5209 729 5265 dederant
757 5213 808 5266 in
839 5216 1153 5292 patriarchae
1178 5219 1421 5288 gratiam.
1464 5222 1528 5276 Et
1556 5242 1655 5287 non
1685 5231 1930 5298 capiebat,

359 5301 546 5372 inquit,
574 5321 657 5358 eas
687 5315 839 5367 terra,
868 5319 973 5378 erat
999 5310 1187 5379 quippe
1225 5311 1507 5366 substantia
1550 5331 1722 5375 eorum
1752 5320 1930 5386 multa.

359 5395 490 5449 \‘ide
538 5397 805 5470 quomodo
844 5399 1150 5476 facultatum
1197 5403 1348 5472 copia
1405 5406 1584 5460 statim
1631 5421 1786 5461 causa
1836 5410 1930 5464 fuit
1963 5429 1977 5444 -

355 5488 711 5560 separationis
735 5505 748 5541 :
775 5488 1087 5571 divisionem
1115 5493 1256 5548 enim
1287 5504 1556 5564 operatur,
1587 5498 1926 5554 concordiam

351 5583 595 5656 impedit,
623 5594 679 5658 et
707 5587 1035 5678 cognationis
1057 5587 1330 5670 vinculum
1371 5587 1589 5673 dirimit.
1617 5590 1649 5645 7
1692 5591 1760 5649 Et
1791 5592 1934 5676 facta

1150 191 1208 248 S.
1247 192 1522 250 JOANNlS
1547 193 2017 252 CllRYSOSTOMI
2059 197 2374 252 AR-ClliEP.
2416 196 2950 253 CONSTANTINOP.

3565 199 3676 255 308

2088 320 2160 364 est
2186 327 2354 379 pugna
2375 310 2503 363 inter
2524 318 2748 376 pastores
2768 327 3003 378 pecorum
3032 310 3190 375 Alme,
3219 319 3266 366 et
3291 311 3420 366 inter
3443 327 3680 381 pastores

2086 400 2200 454 Lat.
2229 399 2506 454 Chanantri
2550 412 2717 453 autent
2757 410 2803 452 et
2855 398 3124 460 Phertfznzi
3161 411 3280 454 tunc
3322 404 3675 459 inhabitﬁant

2085 500 2290 543 terram.
2316 490 2545 544 Attende
2569 489 2838 558 quomodo
2861 504 3061 559 genere
3084 491 3294 556 cognati
3322 494 3676 551 discessionis

2085 581 2290 634 initium
2319 579 2540 635 faciunt.
2571 579 2706 634 Hinc
2747 579 2888 633 enim
2919 595 3136 648 semper
3159 583 3337 635 omnia
3368 585 3506 638 mala
3552 587 3675 651 pul-

2084 670 2270 732 lulant.
2301 686 2329 723 a
2361 670 2673 724 famulorum
2705 669 2962 740 nequitia.
2991 669 3153 724 Facta
3179 683 3253 725 est
3276 675 3439 737 enim,
3473 676 3672 744 inquit,

2084 777 2252 830 pugna
2273 761 2404 812 inter
2430 769 2673 828 pastores.
2700 759 2762 813 Hi
2785 760 3134 814 dissensionis
3163 764 3496 817 occasionem
3522 781 3672 834 pra:-

2082 851 2329 916 buerunt,
2359 850 2392 904 ii
2419 851 2762 906 concordiam
2788 850 3129 914 dirimebant,
3154 852 3187 904 ii
3211 852 3429 906 multam
3453 869 3668 908 morum

2085 940 2476 1010 improbitatem
2522 955 2632 1010 pra:
2681 954 2742 994 se
2789 939 3051 995 ferebant.
3097 941 3373 996 Chananari
3414 956 3578 998 autem
3621 956 3670 1000 et

2087 1033 2342 1088 Phereztei
2381 1045 2498 1088 tunc
2536 1033 2879 1086 inhabitabant
2919 1043 3123 1088 terram.
3162 1033 3337 1101 Quare
3383 1037 3535 1090 nobis
3561 1037 3667 1091 hnc

2080 1127 2434 1196 significavit?
2461 1126 2722 1192 Quoniam
2753 1123 2980 1189 dixerat,
3029 1123 3149 1179 Non
3174 1126 3399 1196 capiebat
3423 1143 3507 1182 eos
3526 1139 3667 1181 terra

2079 1229 2132 1269 ut
2182 1217 2463 1270 habitarent
2505 1217 2674 1283 simul,
2726 1230 2941 1270 causam
2987 1231 3201 1286 quoque
3245 1219 3441 1272 docere
3494 1220 3665 1274 voluit

2079 1307 2255 1361 divina
2287 1307 2580 1376 Scriptura,
2613 1306 2732 1362 ideo
2757 1321 2855 1361 nos
2878 1322 3070 1376 capere
3098 1323 3202 1362 non
3233 1309 3490 1377 potuisse,
3520 1326 3655 1380 quo-

2079 1398 2218 1452 niam
2241 1397 2416 1452 adhuc
2439 1413 2470 1453 a
2495 1398 2740 1468 gentibus
2769 1397 2870 1451 illis
2898 1406 3260 1467 pneoecupata
3289 1407 3422 1452 erat.
3458 1399 3662 1456 Verum

2080 1503 2177 1542 nos
2227 1488 2527 1559 religiosam
2558 1488 2875 1558 patriarchae
2918 1497 3152 1542 mentem
3198 1487 3495 1554 videamus,
3525 1506 3664 1560 quo—

2079 1581 2238 1634 modo
2264 1595 2357 1634 sua
2390 1581 2609 1636 lenitate
2647 1594 2961 1634 exarsurum
2993 1578 3296 1633 incendium
3340 1580 3661 1650 reSIinguat.

2075 1670 2128 1725 8.
2164 1669 2302 1723 Dixit
2325 1679 2512 1734 autem,
2543 1669 2732 1739 inquit,
2751 1669 2938 1725 Abram
2958 1667 3027 1720 ad
3052 1666 3148 1721 Lat
3178 1682 3198 1722 :
3221 1683 3285 1722 ne
3309 1668 3375 1721 sit
3399 1671 3511 1724 rixa
3526 1670 3665 1724 inter

2075 1779 2154 1815 me
2177 1773 2222 1816 et
2239 1773 2305 1827 te,
2330 1772 2380 1816 et
2406 1763 2534 1814 inter
2561 1769 2784 1830 pastores
2811 1775 2946 1813 meas
2969 1768 3016 1812 et
3051 1767 3184 1824 tuas,
3213 1759 3333 1829 quia
3359 1763 3545 1827 fratres
3568 1778 3664 1814 su-

2077 1870 2187 1906 mus
2224 1869 2336 1906 nos.
2363 1852 2498 1907 Vide
2536 1851 2794 1921 insignem
2835 1848 3172 1915 modestiam,
3203 1849 3325 1904 vide
3372 1851 3661 1906 sublimem

2076 1944 2483 2015 philosophiam.
2513 1943 2693 1999 Attale
2734 1952 2788 1997 ct
2833 1941 3088 2012 dignitate
3127 1942 3310 1997 senior
3353 1943 3608 2012 juvenem
3641 1987 3660 2008 ,

2075 2037 2250 2091 fratris
2281 2036 2446 2090 filium
2478 2035 2693 2089 fratrem
2736 2035 2986 2103 appellat,
3013 2043 3068 2088 et
3095 2035 3145 2087 in
3173 2034 3434 2099 eamdem,
3469 2035 3521 2088 in
3550 2051 3663 2104 qua

2074 2129 2188 2197 ipse
2209 2136 2342 2193 erat,
2369 2127 2678 2196 dignitatem
2701 2124 2899 2190 evehit,
2931 2125 3168 2195 nihilque
3196 2126 3371 2181 minus
3393 2127 3465 2181 illi
3491 2143 3662 2196 quam

2073 2220 2171 2274 sibi
2205 2219 2388 2273 tribuit
2416 2235 2430 2272 :
2458 2216 2552 2272 sed
2578 2217 2706 2272 dicit
2735 2235 2749 2271 :
2779 2215 2863 2271 Ne
2895 2217 2959 2270 sit
2995 2217 3109 2270 rixa
3133 2218 3261 2270 inter
3290 2234 3368 2271 me
3397 2228 3445 2271 et
3473 2229 3539 2283 te,
3566 2219 3660 2272 in-

2071 2317 2146 2364 ter
2192 2319 2414 2380 pastores
2453 2325 2585 2363 meas
2629 2319 2674 2362 et
2722 2318 2855 2362 tuas.
2886 2306 3104 2379 lndigne
3131 2309 3276 2363 enim
3323 2307 3426 2364 hoc
3455 2309 3607 2365 ﬂeret
3637 2353 3656 2376 ,

2073 2402 2263 2472 inquit,
2319 2402 2565 2478 quoniam
2622 2400 2816 2457 fratres
2867 2416 3072 2456 sumus.
3130 2401 3320 2458 Vidisti
3373 2403 3658 2473 quomodo

2068 2498 2309 2567 Apostoli
2325 2492 2711 2569 legemimplet,
2736 2507 2855 2562 qua:
2881 2492 3010 2547 dicit
3040 2509 3053 2544 :
3081 2492 3200 2544 Jam
3218 2493 3420 2561 quidem
3445 2497 3657 2550 omnino

2071 2581 2308 2638 delictum
2333 2583 2388 2637 in
2427 2582 2564 2637 nobis
2599 2591 2702 2650 est,
2746 2583 2881 2651 quod
2916 2582 3116 2652 judicia
3160 2583 3352 2637 habetis
3393 2584 3524 2638 inter
3565 2599 3659 2639 vos

2068 2673 2298 2726 invicem.
2327 2671 2431 2728 Cur
2458 2689 2559 2726 non
2608 2673 2776 2743 potius
2824 2674 3066 2742 injuriam
3113 2674 3393 2743 patimini?
3417 2691 3508 2727 cur
3548 2693 3658 2729 non

2070 2763 2236 2831 potius
2263 2764 2505 2816 damnum
2532 2763 2760 2833 accipitis
2781 2763 2807 2817 ἲ
2835 2751 2949 2816 Ima
2979 2779 3065 2817 uas
3105 2764 3347 2826 iniuriam
3370 2765 3556 2834 facitis,
3600 2779 3656 2821 et

2068 2854 2348 2926 fraudatis,
2377 2853 2526 2924 idque
2550 2853 2734 2922 fratres
2769 2855 2846 2922 (l.
2875 2854 2992 2908 Car.
3022 2853 3076 2908 6.
3107 2854 3160 2908 7.
3207 2852 3285 2926 8).
3322 2855 3446 2910 Htcc
3468 2857 3653 2911 omnia

2065 2945 2318 3016 operibus
2361 2945 2588 3014 impleas
2616 2943 2912 3013 patriarcha
2938 2943 3072 2998 dixit
3103 2960 3116 2997 :
3149 2942 3233 2998 Ne
3257 2945 3323 2998 sit
3367 2947 3480 2998 rixa
3517 2946 3653 3001 inter

2065 3053 2145 3090 nte
2170 3045 2219 3090 et
2246 3045 2311 3101 te,
2342 3045 2388 3089 et
2414 3035 2542 3089 inter
2566 3045 2792 3104 pastores
2819 3051 2955 3091 meos
2982 3045 3028 3090 et
3057 3045 3192 3100 tuas,
3217 3037 3458 3106 quoniam
3484 3037 3651 3092 hami-

2063 3145 2152 3183 nes
2199 3128 2382 3197 fratres
2433 3143 2525 3180 nos
2570 3143 2766 3181 sumus.
2810 3126 2945 3194 Quid
2998 3126 3098 3182 hac
3143 3127 3319 3182 anima
3366 3129 3650 3197 pacatius?

2065 3219 2294 3276 Proinde
2323 3233 2428 3272 non
2473 3217 2691 3283 frustra,
2721 3231 2820 3271 nec
2865 3217 2982 3271 sine
3011 3231 3171 3272 causa
3211 3218 3478 3287 principio
3500 3218 3650 3273 dice-

2065 3310 2208 3377 bam,
2232 3325 2352 3363 eum
2375 3324 2558 3363 amore
2583 3308 2776 3378 quietis
2803 3317 2855 3362 et
2879 3305 3277 3377 tranquillitatis
3301 3308 3643 3364 solitudinem

2062 3401 2193 3456 locis
2219 3397 2581 3469 frequentibus
2606 3398 2922 3468 praetulisse.
2948 3395 3177 3452 Attende
3203 3399 3343 3451 enim
3373 3399 3648 3467 quomodo

2061 3502 2110 3549 et
2146 3506 2286 3546 nunc
2323 3489 2514 3544 videns
2559 3498 2800 3560 pastores
2842 3486 3150 3555 conﬂigere,
3181 3487 3358 3541 statim
3407 3489 3460 3541 in
3489 3488 3645 3544 initio

2061 3597 2230 3643 tentat
2255 3585 2589 3655 restinguere
2633 3583 2933 3637 incendium
2963 3581 3104 3654 quod
3146 3591 3454 3653 erupturum
3482 3592 3640 3654 erat,

2058 3690 2114 3733 et
2149 3677 2546 3732 contentionem
2592 3673 2763 3729 sedat.
2798 3674 3031 3729 Debebat
3077 3674 3218 3729 enim
3271 3675 3405 3744 ipse,
3453 3685 3642 3744 utpote

2059 3768 2304 3824 omnibus
2342 3765 2638 3822 Palaestina:
2676 3764 2866 3819 incolis
2887 3765 3163 3834 sapientia:
3191 3764 3378 3819 doctor
3405 3767 3596 3820 missus
3618 3808 3634 3829 ,

2058 3859 2254 3914 nullam
2281 3857 2577 3913 ollendiculi
2621 3856 2750 3910 dare
2777 3857 3136 3922 occasionem,
3165 3856 3245 3910 vel
3274 3871 3458 3910 ansam
3501 3871 3632 3914 con-

2057 3950 2268 4015 cedere,
2293 3949 2386 4005 scd
2430 3963 2638 4004 morum
2669 3948 2887 4003 lenitate
2928 3948 3052 4003 tuba
3078 3948 3273 4002 clarius
3300 3963 3486 4002 omnes
3511 3963 3636 4003 eru-

2057 4041 2193 4106 dire,
2227 4051 2280 4096 et
2298 4057 2407 4095 sua:
2429 4041 2640 4095 virtutis
2667 4038 2840 4094 facere
2865 4040 3181 4094 imitatores.
3217 4038 3299 4092 Ne
3323 4039 3410 4104 sit,
3442 4039 3630 4108 inquit,

2056 4133 2168 4187 rixa
2196 4134 2324 4186 inter
2352 4143 2490 4186 meet
2515 4141 2581 4198 te,
2604 4132 2732 4186 inter
2757 4141 2982 4202 pastores
3005 4147 3139 4184 meas
3165 4141 3212 4184 et
3239 4141 3369 4197 tuos,
3395 4132 3634 4200 quoniam

2057 4225 2280 4277 homines
2309 4225 2488 4294 fratres
2515 4239 2712 4278 sumus.
2744 4221 2903 4276 Multa
2935 4221 3218 4276 verborum
3249 4220 3458 4285 lenitas,
3490 4219 3634 4275 Inter

2057 4331 2135 4369 me
2157 4323 2203 4367 et
2233 4323 2298 4368 te.

2124 4407 2178 4462 3.
2212 4405 2355 4460 Rixte
2386 4414 2430 4459 et
2457 4405 2794 4459 contentiones
2819 4403 3055 4459 vitandae.
3075 4432 3146 4443 —
3169 4402 3455 4458 Considera
3492 4418 3630 4474 quo-

2055 4495 2212 4550 modo
2242 4496 2290 4551 ei
2323 4496 2552 4566 loquitur
2579 4509 2676 4550 ceu
2720 4495 2922 4550 honore
2959 4495 3071 4564 pari
3100 4510 3114 4558 ;
3158 4496 3402 4564 quamvis
3437 4495 3631 4565 opinor

2053 4603 2159 4642 non
2181 4586 2391 4640 aliunde
2418 4587 2562 4640 rixas
2587 4585 2746 4640 fuisse
2766 4594 3008 4651 exortas,
3035 4600 3194 4655 quam
3217 4585 3357 4656 quod
3387 4597 3631 4654 pastores
3715 4602 3726 4610 ·

2051 4678 2368 4749 patriarchae
2415 4692 2519 4732 non
2547 4679 2888 4746 permiserint
2915 4679 3019 4733 illis
3047 4678 3234 4735 eadem
3263 4679 3470 4734 licentia
3498 4679 3626 4745 frui,

2049 4788 2150 4842 qua
2183 4773 2302 4842 ipsi.
2347 4771 2452 4826 Sed
2491 4771 2666 4842 justus
2693 4772 3022 4840 aequabiliter
3057 4773 3234 4826 omnia
3273 4772 3418 4840 facit,
3454 4775 3628 4842 speci-

2047 4880 2170 4919 men
2202 4864 2444 4934 prmbcns
2487 4863 2776 4919 eminentis
2823 4877 2934 4916 sua:
2981 4863 3271 4932 patientiae,
3319 4878 3383 4916 ac
3423 4865 3630 4919 docens

2048 4972 2153 5010 non
2194 4965 2395 5010 tantum
2427 4964 2738 5025 praesentes,
2767 4954 2860 5009 sed
2902 4962 3143 5023 posteros
3187 4955 3344 5008 etiam
3388 4969 3577 5009 omnes
3605 4993 3627 5022 ,

2044 5063 2332 5118 numquam
2383 5062 2504 5102 esse
2553 5045 2960 5108 admittendum,
3017 5055 3073 5099 ut
3122 5046 3288 5099 nostri
3332 5045 3624 5101 familiares

2040 5154 2164 5198 eum
2217 5138 2471 5208 proximis
2517 5137 2864 5193 contendant.
2918 5135 3050 5190 Nam
3113 5152 3299 5192 eorum
3352 5139 3628 5194 contentio

2042 5243 2286 5297 magnam
2314 5227 2464 5282 nobis
2505 5226 2658 5281 all'ert
2698 5226 3062 5302 ignominiam,
3093 5235 3148 5281 et
3179 5241 3283 5280 non
3315 5227 3416 5282 illis
3445 5227 3624 5295 impu-

2043 5330 2221 5376 tantur
2245 5335 2362 5390 qua:
2389 5319 2540 5382 fiunt,
2568 5319 2661 5373 sed
2691 5321 2742 5372 in
2772 5335 2867 5372 nos
2894 5320 3213 5374 transfertur
3249 5318 3621 5385 reprehensio.

2041 5409 2319 5477 Quomodo
2357 5409 2498 5463 enim
2540 5409 2732 5463 rationi
2777 5418 3195 5464 consentaneum
3237 5409 3326 5473 sit,
3375 5407 3624 5466 homines

2041 5501 2129 5572 qui
2163 5499 2353 5555 fratres
2380 5509 2535 5564 sunt,
2567 5501 2656 5570 qui
2707 5500 2951 5555 eamdem
2999 5511 3243 5556 naturam
3283 5502 3478 5562 sortiti.
3523 5505 3619 5571 qui

2042 5595 2280 5688 ejusdem
2327 5604 2449 5669 sunt
2499 5594 2733 5666 familiae,
2780 5598 2868 5667 qui
2918 5606 3187 5670 tamquam
3244 5597 3505 5668 peregrini
3559 5606 3617 5664 et
