4084 6214
202 277 310 334 307

209 392 550 450 σκαιέσατο
575 393 705 448 ἐκεῖ
743 395 958 465 Ἅϐραμ
989 395 1054 450 τὸ
1103 397 1290 468 ὄνομα
1332 400 1554 468 Kvplov
1591 399 1697 456 τοῦ
1725 399 1893 453 Θεοῦ.

209 481 305 550 Μὴ
333 479 520 544 ἁπλῶς
550 481 1003 552 παραδράμωμεν
1031 483 1097 535 τὰ
1127 485 1536 555 ἀνεγνωσμένα,
1564 485 1697 538 ἀλλά
1721 503 1891 538 κατα-

213 567 478 638 μάθωμεν
507 568 695 637 σαφῶς
729 569 827 640 τῆς
857 571 1008 634 θείας
1039 571 1260 642 Γραφῆς
1282 572 1380 642 τὴν
1403 571 1710 640 ἀκρίϐειαν,
1744 572 1893 634 ὅπως

209 655 365 708 οὐδὲν
391 657 522 726 ἡμῖν
573 657 864 728 παρέργως
903 657 1190 726 διηγεῖται.
1229 659 1456 726 ’Λϐραμ
1482 658 1570 720 δὲ,
1603 659 1784 728 φησὶν,
1814 654 1893 727 ἦν

209 743 509 809 πλούσιος
543 741 800 811 σφόδρα.
835 743 1035 796 Σκόπει
1066 743 1280 815 πρῶτον
1306 745 1436 797 αὐτὸ
1473 744 1650 808 τοῦτο,
1681 745 1764 797 δτι
1791 744 1890 813 οὐχ

207 827 399 892 άπλῶς
423 830 966 900 ἐπεσημήνατο,ούδὲ
995 831 1327 901 μάτην,ούδὲ
1357 833 1479 902 εἰκῆ
1508 831 1602 885 νῦν
1637 831 1890 885 πλούσιον

208 914 374 969 αὑτὸν
406 916 582 972 καλεῖ.
636 916 888 986 Οὐδαμοῦ
922 917 1032 988 γάρ
1086 917 1316 989 ἐτέρωθι
1375 919 1779 990 ἐμνημόνευσεν
1808 920 1889 973 δτι

209 1000 464 1066 πλούσιος
488 997 576 1072 ἦν,
608 1002 746 1056 άλλά
775 1002 871 1056 νῦν
895 1002 1135 1074 πρῶτον.
1163 1004 1319 1069 Τίνος
1351 1005 1536 1058 ἕνεκεν
1566 1005 1660 1059 καὶ
1691 1005 1777 1059 διὰ
1798 1004 1848 1059 τί
1871 1024 1885 1072 ;

210 1088 331 1141 Ἵνα
363 1088 542 1158 μάθῃς
573 1090 670 1161 τῆς
693 1090 788 1144 τοῦ
813 1090 950 1143 Θεοῦ
989 1091 1181 1159 σοφίας
1214 1091 1274 1144 τὸ
1303 1092 1634 1162 εὐμήχανον,
1676 1091 1890 1162 καὶτῆς

211 1172 492 1244 προνοίας,
524 1175 590 1244 ἣν
618 1174 748 1244 περί
765 1173 855 1227 τὸν
882 1173 1087 1228 δίκαιον
1102 1175 1363 1236 ἐποιεῖτο,
1395 1177 1492 1245 τὴν
1517 1173 1888 1244 ὑπερϐάλλου-

213 1259 314 1312 σάν
343 1276 404 1312 τε
430 1259 524 1312 καὶ
554 1258 705 1330 [555]
735 1260 960 1331 ἄπειρον
990 1260 1240 1330 δύναμιν.
1281 1261 1338 1314 '0
1362 1260 1470 1330 γάρ
1496 1260 1582 1314 διὰ
1605 1259 1703 1330 τὴν
1720 1259 1889 1328 ἀνάγ-

211 1363 316 1416 κην
341 1345 434 1398 τοῦ
465 1344 623 1416 λιμοῦ
653 1346 752 1416 τὴν
779 1346 1088 1418 ἀποδημίαν
1111 1349 1480 1419 ποιησάμενος
1505 1347 1601 1419 τὴν
1622 1349 1702 1410 εἰς
1722 1345 1889 1414 Λίγυ-

211 1449 369 1494 πτον,
409 1433 502 1486 καὶ
524 1431 614 1486 διά
637 1433 698 1485 τὸ
731 1432 808 1504 μὴ
843 1433 1030 1504 φέρειν
1076 1434 1174 1504 τὴν
1206 1434 1267 1486 ἐν
1303 1436 1370 1504 τῇ
1395 1433 1675 1504 Χαναναία
1708 1449 1888 1486 στενο-

209 1520 439 1590 χωρίαν,
463 1517 658 1590 άθρόον
681 1519 933 1583 πλούσιος
950 1520 1160 1589 γέγονε,
1185 1520 1280 1574 καὶ
1296 1519 1549 1584 πλούσιος
1564 1519 1662 1591 οὐχ
1679 1519 1884 1586 ἁπλῶς,

209 1607 350 1660 ἀλλά
382 1607 608 1678 σφόδρα,
643 1607 737 1660 καὶ
763 1606 824 1660 ού
862 1607 1087 1678 κτήνεσι
1138 1606 1319 1678 μόνον,
1347 1606 1484 1661 ἀλλὰ
1516 1607 1609 1660 καὶ
1638 1606 1888 1678 ἀργυρίῳ

209 1692 308 1746 καὶ
339 1694 565 1764 χρυσίῳ.
813 1722 840 1748 ο

280 1779 347 1850 β’.
365 1775 515 1843 Εἶδες
539 1779 638 1850 ὅση
655 1778 749 1832 τοῦ
766 1777 902 1832 Θεοῦ
919 1779 1142 1850 πρόνοια
1161 1796 1176 1845 ;
1206 1779 1439 1851 Ἀπῆλθε
1453 1778 1612 1850 λιμοῦ
1630 1797 1887 1851 παραμυ-

207 1866 335 1922 θίαν
367 1866 644 1939 εὑρέσθαι,
681 1865 774 1919 καὶ
799 1865 1100 1936 ἐπανῆλθεν
1124 1865 1186 1918 οὐ
1216 1865 1308 1919 τὸν
1335 1866 1493 1938 λιμὸν
1525 1867 1685 1936 μόνον
1717 1884 1890 1939 παρα-

210 1953 616 2025 μυθησάμενος,
650 1951 788 2006 ἀλλά
813 1952 908 2006 καὶ
935 1951 1164 2007 πλοῦτον
1187 1952 1355 2007 πολὺν
1387 1942 1889 2025 περιϐαλ[λ]όμενος

211 2042 311 2096 καὶ
331 2041 487 2107 δόξαν
521 2039 748 2108 ἄφατον,
780 2041 875 2093 καὶ
909 2041 1044 2093 πᾶσι
1102 2039 1404 2110 κατάδηλος
1454 2039 1712 2109 γεγονὼς,
1741 2042 1890 2106 ὅστις

208 2125 282 2201 ἦν
306 2145 322 2160 ο
360 2129 454 2181 καὶ
473 2127 658 2180 λοιπὸν
679 2127 772 2180 καὶ
808 2127 858 2179 οί
904 2125 1002 2197 τὴν
1027 2126 1339 2182 Χαναναίαν
1362 2126 1638 2192 οἰκοῦντες
1662 2127 1889 2200 ἀκριϐέ-

214 2233 408 2288 στερον
424 2213 724 2286 ἐμάνθανον
746 2212 839 2266 τοῦ
863 2213 1072 2267 δικαίου
1097 2213 1195 2284 τὴν
1217 2215 1440 2286 ἀρετὴν,
1457 2213 1691 2286 δρῶντες
1719 2213 1890 2278 οὕτως

213 2303 284 2358 ἀθ
293 2303 422 2376 ρόαν
445 2301 821 2372 γεγενημένην
842 2301 941 2373 τήν
965 2300 1284 2372 μεταϐολὴν,
1311 2302 1406 2355 καὶ
1422 2301 1661 2372 τοσούτῳ
1678 2300 1891 2372 πλούτῳ

214 2391 645 2464 περιρρεόμενον
681 2390 772 2444 τὸν
805 2391 975 2457 ξένον,
999 2389 1090 2442 τὸν
1113 2390 1365 2461 καθάπερ
1389 2391 1604 2460 φυγάδα
1643 2391 1736 2445 καὶ
1759 2391 1892 2463 ἀλή-

211 2498 318 2551 την
350 2482 428 2544 εἰς
459 2479 558 2552 τὴν
595 2479 872 2548 Αἴγυπτον
903 2477 1251 2552 κατελθόντα.
1289 2481 1397 2532 Καὶ
1438 2481 1539 2552 δρα
1571 2479 1732 2533 αὑτὸν
1770 2480 1891 2534 οὐδὲ

214 2567 326 2628 ὑπὸ
359 2568 457 2637 τῆς
488 2566 687 2636 πολλῆς
717 2565 1014 2637 εὐημερίας
1047 2551 1285 2636 καῖ’τῆς
1324 2565 1418 2619 τοῦ
1473 2551 1708 2620 πλούτου
1739 2584 1894 2638 περι·
1930 2578 1937 2585 '

214 2656 407 2720 ουσίας
461 2654 786 2725 χαυνότερον
843 2653 1122 2723 γεγονότα,
1161 2653 1281 2706 οὐδὲ
1331 2653 1724 2726 ῥαθυμότερον,
1758 2653 1894 2708 ἀλλὰ

215 2744 384 2799 πάλιν
423 2744 501 2806 εἰς
527 2743 730 2794 ἐκεῖνον
754 2740 844 2794 τὸν
864 2740 1028 2793 τόπον
1058 2739 1432 2810 ἐπειγόμενον,
1464 2739 1592 2794 ἔνθα
1616 2741 1710 2794 καὶ
1761 2741 1896 2811 πρό-

214 2849 380 2904 τερον
409 2825 498 2902 ἦν,
528 2829 656 2899 πρὶν
687 2829 841 2900 ήτήν
863 2827 1138 2896 Αἴγυπτον
1167 2826 1510 2881 καταλαϐεῖν.
1544 2823 1732 2883 Ἦλθε
1760 2828 1891 2900 γάρ,

220 2919 413 2991 φησὶν,
443 2921 530 2984 εἰς
550 2916 666 2984 τὴν
691 2917 916 2985 ἔρημον
946 2915 1056 2982 ἕως
1084 2914 1189 2969 τοῦ
1218 2915 1406 2968 τόπου
1434 2910 1506 2969 οὗ
1530 2910 1609 2985 ἦν
1631 2916 1668 2983 ἠ
1691 2914 1893 2984 σκηνὴ

214 3005 412 3061 αὑτοῦ
432 3005 498 3058 τὸ
521 3006 829 3073 πρότερον,
858 3004 946 3069 εἰς
969 3003 1079 3056 τὸν
1101 3003 1288 3056 τόπον
1307 3001 1415 3055 τοῦ
1439 3004 1892 3071 θυσιαστηρίου,

215 3090 292 3151 οὗ
336 3093 631 3158 ἐποίησεν
657 3089 788 3144 ἐκεῖ
807 3089 922 3157 τὴν
952 3088 1171 3158 ἀρχὴν,
1221 3089 1320 3143 καί
1361 3089 1772 3146 ἐπεκαλέσατο
1829 3089 1894 3144 τὸ

215 3182 411 3250 ὄνομα
442 3178 662 3246 Κυρίου
690 3176 798 3231 τοῦ
839 3175 1008 3234 Θεοῦ.
1056 3175 1257 3229 Ἐννόει
1311 3192 1398 3246 μοι
1433 3176 1552 3240 πῶς
1575 3171 1644 3247 ἦν
1671 3177 1897 3248 ἡσυχίας

216 3265 460 3335 ἐραστὴς
486 3263 581 3316 καὶ
605 3260 1064 3334 ἀπραγμοσύνης,
1096 3262 1194 3314 καὶ
1237 3260 1500 3332 διηνεκῶς
1540 3262 1898 3333 ἀνακείμενος

215 3356 286 3424 τῇ
307 3351 450 3422 πρὸς
473 3349 534 3402 τὸ
553 3349 705 3402 Θεῖον
728 3349 1016 3420 θεραπεία.
1043 3349 1282 3402 Ἐκεῖνον
1302 3348 1432 3420 γάρ,
1449 3349 1604 3418 φησὶ,
1625 3348 1716 3400 τὸν
1737 3349 1898 3404 τόπον

219 3437 546 3498 κατέλαϐεν,
576 3435 704 3490 ἔνθα
727 3432 795 3506 ἦν
818 3437 1083 3508 πρότερον
1113 3435 1174 3488 τὸ
1207 3435 1590 3506 θυσιαστήριον
1617 3437 1900 3508 οἰκοδομή-

222 3543 346 3589 σας,
387 3524 480 3575 καὶ
518 3522 980 3592 ἐπικαλεσάμενος
999 3521 1062 3573 τὸ
1089 3521 1260 3590 δνομα
1277 3520 1371 3574 τοῦ
1401 3521 1558 3582 Θεοῦ,
1588 3523 1684 3575 καὶ
1709 3524 1902 3594 προλα-

221 3610 338 3663 ϐὼν
371 3605 717 3680 ήδηάνωθεν
763 3609 857 3660 καὶ
893 3606 952 3670 ἐξ
1003 3605 1180 3676 ἀρχῆς
1231 3606 1467 3677 ἐπλήρου
1518 3607 1580 3660 τὸ
1610 3609 1759 3678 παρά
1806 3609 1900 3664 τοῦ

223 3696 395 3752 Δαυῖδ
421 3693 730 3766 εἰρημένον.
753 3695 833 3747 δτι
860 3692 1272 3762 Ἐξελεξὰμην
1288 3693 1353 3747 τὸ
1372 3695 1902 3762 παραρῤιπτεῖσθαι

222 3787 296 3840 έν
348 3782 432 3849 τῷ
462 3783 606 3847 οῑκφ
656 3780 762 3835 τοῦ
823 3779 972 3835 Θεοῦ
996 3798 1118 3850 μου
1157 3779 1421 3850 μᾶλλον,
1454 3780 1492 3850 ἢ
1523 3781 1712 3835 οίκεῖν
1725 3800 1802 3852 με
1833 3784 1903 3837 ἐν

224 3871 626 3941 σκηνώμασιν
653 3867 1034 3936 ἁμαρτωλῶν.
1076 3868 1144 3920 Ἦ
1175 3867 1284 3940 γάρ
1305 3868 1509 3940 ἐρημία
1539 3868 1629 3922 διὰ
1653 3869 1752 3941 τὴν
1779 3871 1902 3924 ἐπί-

226 3961 424 4029 κλησιν
455 3955 550 4010 τοῦ
574 3955 836 4025 ὀνόματος
863 3953 958 4008 τοῦ
1006 3953 1142 4008 Θεοῦ
1165 3955 1536 4026 προτιμοτέρα
1563 3956 1714 4028 αύτῷ
1739 3957 1901 4028 ἐτύγ-

225 4063 360 4118 χανε
400 4043 510 4098 τῶν
542 4043 769 4096 πόλεων.
809 4040 964 4113 ᾜδει
996 4041 1125 4112 γάρ,
1175 4042 1292 4113 ᾔδει
1321 4042 1401 4095 δτι
1431 4041 1639 4107 πόλεως
1673 4044 1902 4116 μέγεθος

225 4136 327 4188 οὐκ
355 4131 804 4201 οἰκοδομημάτων
821 4131 964 4182 ποιεῖ
984 4129 1197 4192 κάλλος,
1219 4129 1338 4182 οὐδὲ
1358 4130 1657 4203 οἰκητόρων
1678 4131 1900 4203 πλῆθος,

226 4219 342 4275 ἀλλ’
370 4223 404 4292 ή
431 4217 538 4271 τῶν
570 4215 919 4270 ἐνοικούντων
957 4215 1146 4287 ἀρετὴ.
1180 4216 1248 4270 δι’
1280 4217 1349 4288 ἢν
1376 4218 1470 4270 καὶ
1494 4219 1528 4288 ή
1555 4217 1759 4289 ἕρημος
1796 4219 1904 4272 τῶν

225 4309 437 4361 πόλεων
458 4304 758 4376 τιμιωτέρα
778 4303 1071 4374 ἐτύγχανεν
1095 4303 1200 4356 ὑπὸ
1222 4305 1321 4373 τῆς
1342 4304 1436 4357 τοῦ
1463 4303 1669 4357 δικαίου
1702 4305 1906 4377 ἀρετῆς

229 4393 600 4466 κοσμουμένη,
624 4393 718 4446 καὶ
739 4391 1098 4462 λαμπροτέρα
1114 4391 1210 4460 τῆς
1233 4391 1559 4462 οἰκουμένης
1581 4392 1900 4463 φαινομένη.

229 4483 337 4538 Καὶ
368 4481 518 4543 Λὼτ,
548 4480 701 4551 φησὶ.
726 4478 806 4544 τῷ
835 4478 1345 4548 συμπορευομένφ
1390 4479 1542 4547 μετὰ
1566 4480 1781 4548 Ἀϐραμ
1825 4475 1904 4548 ἥν

228 4567 327 4621 καί
362 4567 646 4635 πρόϐατα,
680 4565 776 4618 καί
807 4564 976 4629 βόες,
1024 4562 1121 4616 καί
1162 4562 1386 4629 κτήνη⁶
1418 4563 1517 4620 καί
1568 4566 1677 4618 οὐκ
1699 4564 1903 4634 ἐχώρει

229 4654 454 4718 αὐτοὺς
495 4654 534 4720 ἡ
583 4651 659 4721 τῆ
693 4649 994 4705 κατοικεῖν
1021 4650 1161 4720 ἅμα,
1217 4648 1306 4702 ὅτι
1349 4645 1425 4720 ἦν
1463 4650 1533 4704 τὰ
1558 4652 1905 4721 ὑπάρχοντα

229 4741 431 4796 αὐτῶν
463 4741 682 4801 πολλὰ,
707 4741 806 4793 καί
837 4741 948 4793 οὐκ
978 4737 1280 4804 ἠδύναντο
1320 4739 1616 4793 κατοικεῖν
1649 4740 1789 4810 ἅμα.
1828 4742 1902 4796 Οὐ

237 4829 396 4898 μόνον
444 4826 522 4896 τῷ
570 4828 883 4898 πατριάρχῃ
915 4825 983 4879 τά
1013 4826 1112 4894 τῆς
1157 4826 1472 4896 περιουσίας
1505 4827 1720 4898 ηῦξετο,
1771 4830 1906 4884 άλλά

234 4918 344 4972 Καὶ
370 4914 452 4980 τῷ
476 4915 605 4969 Λὼτ
631 4911 910 4984 ἦν,“φησὶ,
938 4915 1225 4982 πρόϐατα,
1257 4915 1354 4968 καί
1373 4915 1543 4981 βόες.
1567 4918 1663 4970 καί
1688 4917 1902 4984 κτήνη.

238 5004 401 5064 Ἴσως
433 4999 504 5053 τά
538 5001 636 5071 μὲν
691 5000 854 5062 αὐτὸς
873 5039 888 5061 ,
920 4999 1199 5069 φιλότιμος
1230 4999 1330 5061 ὢν,
1366 5000 1617 5070 ἐδωρεῖτο
1646 5002 1724 5070 τῷ
1756 5001 1906 5054 ἀδελ-

235 5089 394 5161 φιδῷ,
416 5090 487 5142 τὰ
513 5089 570 5142 δέ
615 5089 709 5140 καὶ
753 5088 929 5157 ἐτεροι
977 5087 1127 5157 αὐτῷ
1159 5090 1416 5157 παρεῖχον
1449 5087 1538 5140 διά
1582 5089 1680 5157 τὴν
1704 5089 1782 5151 εἰς
1816 5089 1906 5140 τὸν

236 5175 580 5246 πατριάρχην
600 5172 783 5242 τιμήν.
819 5172 926 5224 Καὶ
955 5175 1066 5226 οὐκ
1101 5171 1306 5241 ἐχώρει
1359 5172 1603 5237 αὐτοὺς,
1651 5174 1835 5242 φησιν,
1864 5172 1903 5238 ἡ

235 5261 336 5330 τῆ,
395 5260 485 5314 ὅτι
522 5255 601 5328 ἦν
640 5257 711 5311 τὰ
749 5257 1098 5327 ὑπάρχοντα
1144 5258 1344 5313 αὐτῶν
1389 5259 1611 5312 πολλὰ.
1651 5260 1792 5329 Ὅρα
1845 5260 1908 5312 τὸ

238 5343 439 5414 πλῆθος
488 5343 586 5411 τῆς
617 5341 932 5412 περιουσίας
961 5341 1160 5404 ευθέως
1189 5342 1523 5403 διαστάσεως
1574 5340 1745 5394 αἴτιον
1772 5343 1908 5410 γινό-

242 5449 422 5500 μενον,
457 5431 554 5485 καὶ
581 5429 681 5499 τὴν
705 5429 970 5500 διαίρεσιν
999 5430 1386 5500 ἐργαζόμενον,
1409 5428 1505 5482 καὶ
1537 5428 1634 5499 τὴν
1657 5429 1909 5498 ὁμόνοιαν

238 5515 546 5577 διακόπτον,
571 5515 664 5567 καὶ⁵
695 5511 794 5582 τῆς
833 5513 1152 5580 συγγενείας
1198 5512 1288 5565 τὸν
1320 5511 1614 5581 σύνδεσμον
1643 5511 1904 5581 διαιροῦν.

240 5601 346 5656 Καί
381 5599 616 5669 ἐγένετο
653 5601 817 5670 μάχη
869 5600 986 5655 ἀνὰ
1023 5599 1220 5668 μέσον
1278 5598 1398 5654 τῶν
1453 5599 1751 5669 ποιμένων
1790 5598 1909 5652 τῶν

240 5687 472 5753 κτηνῶν
501 5688 607 5741 τοῦ
645 5690 881 5757 Ἀϐραμ.
910 5688 1008 5741 καί
1055 5687 1174 5741 ἀνὰ
1213 5687 1406 5759 μέσον
1446 5686 1564 5740 τῶν
1609 5686 1906 5755 ποιμένων

241 5773 344 5828 τοῦ
380 5776 530 5829 Λώτ.
574 5778 640 5828 Ol
681 5774 749 5827 δέ
808 5774 1126 5829 Χαναναῖοι
1182 5773 1280 5826 καί
1333 5776 1388 5827 cl
1448 5773 1735 5842 Φερεζαῖοι
1777 5775 1908 5829 τότε

240 5858 544 5925 κατῴκουν
588 5861 698 5930 τὴν
738 5860 872 5931 γῆν.
914 5861 1112 5916 Σκόπει
1154 5859 1266 5925 πῶς
1312 5863 1359 5914 οἰ
1421 5865 1781 5949 ξροσήκοντες
1812 5862 1907 5935 τὴν

1274 281 1340 339 IN
1377 281 1530 340 CAP.
1575 282 1694 340 XIII
1733 282 1978 342 GENES.
2021 283 2254 344 IIOMIL.
2296 289 2535 349 XXXIII.

3550 305 3656 364 308

1996 401 2171 491 ἀρχὴν
2196 405 2293 491 τῆς
2345 405 2680 472 διαστάσεως
2713 411 3058 484 ἐργάζονται.
3097 414 3372 470 Ἐντεῦθεν
3407 419 3517 491 γάρ
3571 422 3659 477 ἀεὶ

1995 489 2171 576 πάντα.
2198 489 2391 557 φύεται
2431 493 2498 546 τά
2525 493 2670 548 κακά
2694 497 2800 550 ἀπὸ
2827 499 2924 568 τῆς
2951 499 3060 553 τῶν
3087 502 3301 554 οἰκείων
3331 489 3654 576 μοχθηρίας.

2005 575 2274 660 ’ξγένετο
2302 580 2428 650 γάρ,
2454 583 2606 652 φησὶ,
2633 582 2800 652 μάχη
2833 586 2950 639 ἀνὰ
2967 587 3162 656 μέσον
3194 589 3312 643 τῶν
3337 575 3651 660 ποιμένων.

1993 654 2152 715 Οὗτοί
2181 665 2316 716 είσιν
2342 667 2390 718 οἰ
2422 667 2520 736 τῆς
2545 667 2865 739 διαιρέσεως
2899 654 2998 742 τὴν
3021 674 3274 746 ἀφορμὴν
3304 654 3656 748 παρέχοντες,

1990 750 2040 801 οἰ
2079 749 2174 836 τήν
2199 752 2452 836 ὁμόνοιαν
2476 754 2624 828 [5541
2660 757 3014 822 διασπῶντες.
3055 763 3103 813 οἰ
3136 763 3335 834 πολλὴν
3361 765 3460 836 τήν
3482 766 3658 834 ἀγνω-

1993 831 2231 914 μοσύνην
2258 834 2708 907 ἐπιδεικνύμενοι.
2747 843 2811 893 οι
2831 839 2900 893 δὲ
2932 843 3250 898 Χαναναῖοι
3281 831 3459 900 καίοι
3492 831 3658 914 φερε-

1989 912 2132 998 ᾷιῖοι
2153 915 2283 969 τότε
2304 915 2613 982 κατῴκουν
2640 920 2755 988 τὴν
2781 921 2919 992 γῆν.
2943 924 3098 988 Τίνος
3123 926 3307 979 ἕνεκεν
3345 931 3477 998 ἡμῖν
3501 912 3658 983 τοῦτο

1988 997 2406 1068 ἐπεσημήνατο;
2447 1001 2663 1075 Ἐπειδὴ
2700 1000 2888 1071 εἶπεν,
2923 1007 3006 1061 δτι
3039 1011 3160 1061 Οὐκ
3206 997 3409 1077 ἐχώρει
3439 1013 3658 1078 αὐτοὺς

1987 1082 2026 1148 ἡ
2051 1081 2126 1150 γῆ
2159 1086 2458 1139 κατοικεῖν
2479 1087 2619 1156 ἅμα,
2655 1089 2752 1161 τὴν
2783 1092 2963 1145 αἰτίαν
2985 1095 3132 1163 ἡμᾶς
3160 1095 3364 1160 διδάξαι
3398 1096 3660 1166 ἠθέλησεν

1985 1170 2018 1237 ή
2053 1169 2170 1223 θεία
2200 1172 2412 1245 Γραφὴ.
2446 1175 2528 1228 ὅτι
2556 1176 2643 1230 διὰ
2674 1177 2833 1232 τοῦτο
2869 1180 3067 1244 αὐτοὺς
3087 1181 3187 1234 οὐκ
3220 1181 3437 1252 ἐχώρει,
3471 1183 3660 1254 ἐπειδὴ

1988 1254 2069 1309 ἐτι
2099 1260 2490 1330 προκατείχετο
2519 1263 2625 1317 ὑπὸ
2647 1265 2852 1319 τούτων
2895 1267 3003 1320 τῶν
3054 1264 3244 1324 ἐθνῶν.
3292 1268 3430 1322 Ἀλλ’
3464 1270 3660 1339 ῐδωμεν

1986 1339 2080 1392 τοῦ
2103 1344 2438 1416 πατριάρχου
2467 1347 2566 1416 τὴν
2598 1347 2843 1417 φιλόθεον
2875 1349 3119 1420 γνώμην,
3142 1351 3289 1416 ὅπως
3313 1352 3660 1407 καταστέλλει

1989 1426 2086 1498 τήν
2121 1429 2418 1500 μέλλουσαν
2439 1434 2770 1500 ἐξάπτεσθαι
2799 1436 2980 1504 πυράν
3007 1437 3096 1491 διά
3121 1437 3220 1508 τῆς
3249 1439 3454 1502 οἰκείας
3485 1442 3659 1492 ἐπιει-

1989 1511 2161 1576 κείας.
2184 1509 2330 1567 Εἷπε
2355 1515 2443 1578 δὲ,
2467 1518 2652 1588 φησὶν,
2680 1519 2896 1588 Ἀϐραμ
2925 1517 3004 1584 τῷ
3022 1521 3148 1574 Λώτ
3169 1537 3184 1550 ⁶
3218 1519 3312 1588 Μὴ
3329 1520 3485 1574 ἔστω
3494 1519 3660 1590 μάχη

1987 1597 2104 1651 ἀνὰ
2131 1600 2327 1668 μέσον
2347 1603 2494 1672 ἐμοῦ
2521 1604 2618 1657 καί
2647 1605 2786 1668 σοῦ,
2821 1606 2919 1659 καὶ
2955 1607 3072 1660 ἀνὰ
3094 1610 3292 1676 μέσον
3315 1607 3434 1661 τῶν
3460 1606 3662 1676 ποιμέ-

1988 1701 2109 1737 νων
2125 1705 2245 1755 μου
2273 1689 2371 1742 καὶ
2397 1689 2516 1744 τῶν
2543 1692 2841 1760 ποιμένων
2877 1709 3017 1758 σου,
3047 1693 3138 1747 ὅτι
3188 1693 3439 1764 ἀδελφοί
3490 1694 3665 1764 ἡμεῖς

1987 1775 2192 1842 ἐσμεν.
2215 1776 2357 1848 Ὅρα
2389 1779 2886 1850 ταπεινοφροσύνης
2941 1781 3270 1853 ὑπερϐολὴν,
3318 1783 3420 1854 δρα
3459 1783 3666 1852 φιλοσο-

1989 1860 2117 1928 φίας
2141 1861 2292 1930 ῦψος.
2329 1863 2388 1916 '0
2420 1863 2618 1935 γέρων,
2648 1865 2677 1918 ό
2701 1867 3011 1939 πρεσϐύτης
3049 1868 3138 1922 τδν
3166 1869 3304 1935 νέον,
3328 1869 3415 1923 τὸν
3452 1869 3665 1938 ἀδελφι-

1988 1946 2110 2000 δοῦν
2143 1947 2366 2017 ἀδελφδν
2425 1951 2841 2023 προσαγορεύει,
2896 1955 2988 2007 καὶ
3036 1955 3118 2018 είς
3150 1953 3246 2026 τὴν
3294 1954 3463 2025 αὐτὴν
3509 1953 3658 2025 αὐτῷ

1988 2034 2153 2106 τιμήν
2187 2035 2400 2103 ἀνάγει,
2429 2039 2520 2090 καὶ
2545 2039 2696 2092 οὐδὲν
2735 2039 2912 2111 ἐαυτῷ
2935 2040 3093 2093 πλέον
3123 2041 3310 2107 νέμει·
3341 2041 3477 2095 ἀλλά
3503 2057 3657 2110 φησι,

1988 2123 2046 2174 Μ
2051 2120 2086 2188 ἡ
2108 2123 2263 2175 έστω
2282 2122 2445 2192 μάχη
2471 2125 2588 2178 ἀνὰ
2612 2124 2803 2194 μέσον
2819 2127 2966 2193 ἐμοῦ
2991 2127 3090 2180 καὶ
3110 2127 3248 2190 σοῦ,
3267 2127 3363 2180 καί
3393 2127 3509 2180 τῶν
3527 2141 3658 2180 ποι-

1985 2211 2184 2280 μένων
2204 2229 2322 2280 μου
2371 2212 2468 2265 καί
2506 2211 2624 2265 τῶν
2646 2213 2945 2282 ποιμένων
2979 2231 3116 2269 σου.
3151 2215 3289 2268 Ούδέ
3311 2214 3419 2284 γάρ
3451 2215 3518 2268 ἂν
3551 2214 3660 2284 εῐη,

1991 2298 2175 2368 φησὶν,
2218 2298 2438 2366 εὔλογον
2472 2299 2629 2353 τοῦτο
2658 2300 2932 2369 γενέσθαι,
2984 2301 3171 2372 ἐπειδὴ
3200 2301 3417 2371 ἀδελφοί
3473 2302 3660 2371 ἐσμεν.

1992 2381 2142 2448 Εἶδες
2167 2386 2522 2444 άποστολικδν
2550 2389 2714 2458 νόμον
2743 2388 2904 2442 αὑτὸν
2937 2388 3266 2459 πληροῦντα,
3295 2388 3384 2441 τὸν
3414 2387 3660 2456 λέγοντα’

1996 2474 2138 2539 Ἤδη
2166 2473 2283 2544 μέν
2316 2471 2430 2529 οὖν
2461 2476 2616 2543 ὅλως
2648 2475 2880 2545 ἥττημα
2909 2475 3050 2546 ὑμῖν
3075 2477 3265 2538 ἐστιν,
3299 2475 3388 2530 ὅτι
3413 2478 3666 2544 κρίματα

1993 2561 2164 2629 ἔχετε
2211 2563 2340 2630 μεθ’
2367 2562 2614 2617 ἑαυτῶν.
2652 2565 2754 2618 Διά
2782 2565 2838 2617 τί
2880 2564 3016 2632 οὑχί
3044 2562 3284 2633 μᾶλλον
3319 2563 3624 2618 ἀδικεῖσθε
3645 2579 3668 2626 ,'

1992 2649 2089 2702 διὰ
2114 2649 2169 2702 τί
2187 2652 2260 2704 οὐ
2275 2649 2515 2719 μᾶλλον
2537 2650 3004 2720 ἁποστερεῖσθε;
3048 2653 3198 2706 Ἀλλ’
3223 2651 3390 2720 ὑμεῖς
3411 2651 3667 2706 ἀδικεῖτε

1994 2736 2094 2789 καί
2116 2736 2516 2805 ἀποστερεῖτε,
2545 2736 2644 2790 καί
2687 2738 2876 2792 ταῦτα
2905 2737 3228 2808 ἀδελφούς.
3274 2737 3460 2794 Ταῦτα
3491 2738 3668 2794 πάντα

1993 2823 2082 2877 διὰ
2109 2825 2216 2876 τῶν
2254 2823 2429 2895 ἔργων
2463 2823 2684 2896 πληρῶν
2714 2827 2744 2879 ό
2793 2827 3135 2897 πατριάρχης
3165 2826 3316 2898 φησί·
3371 2825 3467 2893 Μὴ
3511 2827 3668 2880 έστω

1989 2911 2154 2982 μάχη
2182 2911 2298 2966 ἀνὰ
2328 2911 2524 2981 μέσον
2552 2923 2579 2951 α
2611 2909 2731 2964 τῶν
2761 2912 3060 2981 ποιμένων
3083 2930 3227 2980 μου,
3259 2913 3355 2966 καί
3385 2911 3505 2966 τῶν
3535 2927 3667 2967 ποι-

1991 2999 2193 3070 μένων
2221 3014 2358 3061 σου,
2397 2998 2484 3052 ὅτι
2517 2997 2813 3068 ἄνθρωποι
2859 2997 3111 3068 ἀδελφοί
3167 2999 3336 3068 ἡμεῖς
3361 2999 3571 3068 ἐσμεν.
3603 2999 3670 3054 Τί

1997 3089 2199 3162 ταύτης
2229 3089 2327 3160 τῆς
2377 3087 2554 3159 ψυχῆς
2610 3089 3027 3161 εἰρηνικώτερον
3069 3091 3264 3159 γένοιτ’
3297 3090 3362 3144 άν
3389 3109 3404 3157 ;
3441 3093 3581 3164 Ἀρα
3608 3091 3670 3146 ού

2003 3179 2178 3251 μάτην
2194 3178 2314 3231 ούδέ
2346 3177 2470 3246 είκῆ
2490 3178 2548 3230 ἐν
2571 3177 2878 3250 προοιμίοις
2905 3177 3110 3245 ἔλεγον,
3133 3179 3215 3232 δτι
3243 3178 3330 3232 διά
3361 3178 3421 3232 τὸ
3445 3181 3671 3251 ήσυχίας

1997 3267 2128 3338 ἐρᾷν
2164 3265 2257 3318 καὶ
2309 3263 2776 3335 ἀπραγμοσύνης,
2829 3264 2917 3318 διὰ
2949 3263 3106 3318 τοῦτο
3150 3267 3248 3335 τὴν
3287 3265 3522 3337 ἐρημίαν
3576 3266 3674 3335 τῆς

1997 3350 2319 3422 οἰκουμένης
2358 3349 2651 3422 προετίμα.
2687 3352 2829 3421 Ὅρα
2875 3351 2982 3420 γάρ
3012 3351 3172 3403 αὑτὸν
3211 3352 3304 3404 καὶ
3330 3352 3446 3417 νῦν,
3484 3352 3673 3424 ἐπειδὴ

1997 3439 2134 3502 δλως
2193 3433 2301 3491 εῖδε
2348 3437 2474 3500 τοὺς
2527 3436 2792 3504 ποιμένας
2826 3435 3397 3506 διαπληκτιζομένους,
3465 3439 3583 3501 πῶς
3612 3439 3675 3504 ἐξ

1999 3525 2174 3598 ἀρχῆς
2199 3523 2398 3586 εὐθέως
2437 3524 2692 3594 πειρᾶται
2725 3523 3077 3575 καταστεῖλαι
3116 3523 3215 3593 τὴν
3256 3521 3551 3592 μέλλουσαν
3587 3524 3673 3589 ἐξ.

1999 3613 2267 3668 ἀπτεσθαι
2309 3610 2508 3682 πυράν,
2544 3611 2638 3663 καὶ
2668 3609 2830 3662 παύει
2871 3611 2968 3680 τὴν
3001 3609 3353 3679 φιλονεικίαν.
3387 3610 3534 3663 Ἔδει
3563 3611 3674 3683 γάρ

2001 3701 2163 3756 αὐτὸν
2219 3700 2355 3754 πᾶσι
2407 3700 2520 3762 τοῖς
2545 3698 2643 3770 τὴν
2697 3696 3062 3767 Παλαιστίνην
3089 3696 3297 3750 οἰκοῦσι
3356 3697 3673 3752 διδάσκαλον

2003 3785 2315 3856 φιλοσοφίας
2333 3784 2631 3856 ἀφιγμένον
2661 3783 2931 3854 μηδεμίαν
2953 3783 3211 3854 παρέχειν
3241 3783 3512 3856 ἀφορμὴν,
3538 3785 3674 3856 μηδὲ

2001 3873 2171 3945 λαϐήν
2197 3872 2398 3935 δοῦναι,
2420 3870 2555 3924 ἀλλά
2577 3870 2664 3924 διά
2682 3870 2792 3940 ’τῆς
2815 3869 2926 3923 τῶν
2958 3870 3174 3939 τρόποιν
3223 3871 3518 3936 ἐπιεικείας
3557 3873 3673 3936 ϐάλ’

2004 3978 2200 4030 πιγγος
2232 3959 2608 4031 λαμπρότερον
2635 3955 2841 4021 πάντας
2883 3956 3078 4020 αὐτοὺς
3110 3957 3415 4022 παιδεῦσαι,
3468 3960 3560 4012 καὶ
3591 3978 3674 4030 μυ

2007 4047 2183 4119 μητάς
2209 4045 2545 4116 καταστῆσαι
2574 4045 2672 4114 τῆς
2695 4044 2900 4108 οίκείας
2930 4044 3148 4115 ἀρετῆς.
3184 4044 3283 4112 Μὴ
3321 4045 3494 4100 ἔστω.
3517 4047 3672 4116 φησί,

1998 4136 2164 4207 μάχη
2216 4133 2334 4189 άνὰ
2354 4133 2548 4204 μέσον
2573 4131 2718 4201 ἐμοῦ
2751 4130 2850 4185 καί
2888 4127 3026 4195 σοῦ,
3067 4132 3164 4184 καί
3194 4131 3310 4186 ἀνὰ
3333 4129 3526 4200 μέσον
3555 4130 3675 4184 τῶν

2003 4221 2300 4292 ποιμένων
2321 4237 2440 4290 μου
2479 4217 2576 4272 καί
2609 4216 2728 4272 τῶν
2757 4217 3055 4288 ποιμένων
3081 4233 3218 4281 σου,
3252 4217 3341 4271 ὅτι
3376 4218 3672 4285 ἄνθρωποι

2001 4308 2252 4379 ἀδελφοί
2285 4306 2454 4378 ἡμεῖς
2475 4305 2681 4376 ἐσμεν.
2707 4305 2885 4378 Πολλὴ
2910 4304 3018 4358 τῶν
3047 4306 3304 4377 ῥημάτων
3329 4305 3362 4376 ή
3385 4304 3672 4372 ἐπιείκεια,

2017 4398 2149 4453 Ἀνὰ
2163 4397 2360 4466 μέσον
2389 4393 2536 4464 ἐμοῦ
2565 4393 2660 4448 καί
2686 4391 2826 4448 σοῦ.

2073 4492 2144 4555 γ’.
2168 4484 2366 4537 Σκόπει
2387 4481 2502 4544 πῶς
2518 4477 2576 4546 ἐξ
2595 4480 2860 4550 ἰσοτιμίας
2886 4478 3034 4550 αὐτῷ
3050 4479 3386 4549 διαλέγεται·
3415 4481 3589 4536 καίτοι
3609 4481 3676 4537 τά

2003 4571 2103 4642 τῆς
2133 4571 2311 4642 μάχης
2349 4569 2445 4638 οὐχ
2488 4566 2750 4638 ἑτέρωθεν
2781 4562 2934 4636 οἶμαι
2968 4565 3065 4637 τὴν
3093 4567 3268 4639 ἀρχὴν
3297 4568 3606 4638 ἐσχηκέναι,
3641 4569 3674 4638 ἢ

2003 4659 2113 4714 ἀπὸ
2165 4657 2259 4712 τοῦ
2304 4657 2430 4718 τοὺς
2462 4653 2729 4724 ποιμένας
2759 4651 2856 4706 τοῦ
2899 4654 3236 4724 πατριάρχου
3270 4655 3345 4724 μὴ
3376 4658 3677 4725 συγχωρεῖν

2004 4746 2232 4806 ἐκείνοις
2260 4744 2357 4814 τῆς
2389 4742 2558 4811 αὐτῆς
2587 4741 2768 4802 αὐτοῖς
2802 4739 2986 4802 ἀδείας
3017 4739 3329 4794 ἀπολαύειν.
3373 4741 3511 4792 Ἀλλ’
3544 4740 3573 4790 ό
3596 4740 3675 4792 δί-

2004 4849 2158 4895 καιος
2192 4829 2446 4892 ἐπιεικῶς
2485 4829 2660 4880 πάντα
2683 4828 2824 4878 ποιεῖ
2854 4825 2904 4890 δ,
2933 4825 3268 4894 δεικνὺςτῆς
3291 4826 3497 4888 οἰκείας
3528 4825 3676 4893 φιλο-

2005 4919 2193 4989 σοφίας
2226 4917 2322 4987 τὴν
2355 4914 2679 4986 ὑπερϐολὴν,
2713 4913 2808 4964 καὶ
2842 4910 3110 4964 παιδεύων
3140 4914 3201 4965 ού
3234 4915 3359 4975 τοὺς
3388 4913 3508 4966 τότε
3535 4931 3677 4983 παρ-

2002 5009 2162 5070 όντας
2203 5007 2382 5077 μόνον,
2417 5004 2551 5058 ἀλλὰ
2575 5003 2666 5055 καὶ
2697 5001 2904 5064 πάντας
2925 5001 3049 5062 τοὺς
3079 5000 3228 5069 ἑξῆς,
3251 5000 3517 5070 μηδέποτε
3541 5001 3676 5071 πρὸς

2003 5098 2129 5159 τοὺς
2161 5094 2386 5164 πλησίον
2433 5089 2914 5161 διαπληκτίζεσθαι
2954 5088 3082 5152 τοὺς
3128 5091 3260 5158 ἡμῖν
3302 5089 3674 5158 διαφέροντας.

2016 5183 2079 5235 ’II
2111 5183 2216 5252 γάρ
2259 5181 2483 5234 ἐκείνων
2535 5177 2833 5247 φιλονεικία
2885 5178 3016 5248 ήμῖν
3050 5175 3249 5247 πολλὴν
3292 5175 3677 5246 προστρίϐεται

2003 5268 2102 5338 τήν
2126 5266 2360 5332 άδοξίαν.
2395 5267 2489 5321 καὶ
2520 5265 2669 5339 [335]
2696 5266 2846 5319 οὐδὲν
2872 5265 3097 5327 ἐκείνοις
3136 5264 3391 5331 λογιεῖται
3427 5273 3449 5301 ε
3482 5263 3549 5316 τά
3595 5281 3678 5331 γι-

2005 5358 2226 5428 νόμενα,
2254 5354 2368 5409 ἀλλ’
2395 5356 2475 5418 εἰς
2508 5355 2655 5424 ἡμᾶς
2685 5351 2972 5423 ἀνατρέχει
2999 5351 3067 5404 τά
3102 5350 3202 5420 τῆς
3239 5347 3520 5419 μέμψεως.
3565 5347 3677 5402 Ποῦ

2006 5441 2100 5499 οὖν
2126 5443 2343 5512 εῦλογον
2387 5440 2704 5512 ἀνθρώπους
2732 5440 2991 5507 ἀδελφοὺς
3025 5438 3204 5500 ὂντας,
3257 5437 3350 5490 καὶ
3378 5435 3479 5504 τῆς
3507 5435 3679 5504 αὐτῆς

2011 5532 2227 5601 φύσεως
2274 5529 2638 5600 τυγχάνοντας
2670 5569 2686 5593 ,
2747 5527 2842 5580 καὶ
2873 5527 2969 5596 τῆς
3001 5525 3170 5594 αὐτῆς
3203 5523 3542 5592 συγγενείας,
3582 5522 3679 5576 καὶ

2076 5690 2100 5717 ⁸
2127 5687 2221 5737 Alii
2248 5688 2335 5735 ἀνὰ
2358 5687 2502 5747 μέσον
2525 5683 2641 5746 ἐμοῦ
2666 5684 2745 5732 καὶ
2766 5680 2876 5747 σοῦ,
2900 5681 2978 5747 καὶ
3002 5683 3089 5731 ἀνὰ
3109 5682 3419 5747 μίσονηεια,
3440 5687 3587 5742 atque
3611 5683 3678 5729 Ila

2018 5750 2142 5809 Ιοειίι
2164 5741 2368 5814 ωερε-ηδ
2410 5748 2438 5788 b
2461 5741 2668 5814 δίου-ρει
2687 5745 3054 5814 πιῳηίηςάιιίε
3075 5741 3322 5792 εὸιιιριιιία
3345 5741 3512 5814 τηερε-ε
3532 5751 3676 5814 πει-ε

2018 5803 2105 5858 ερῖι
2129 5803 2450 5869 ιιιιοτρξὶιοηο
2476 5809 2684 5865 Ιοκιιῐιιι.
2755 5809 2870 5854 'Sic
2893 5807 3069 5854 Sanum
3091 5820 3176 5852 sus
3205 5818 3315 5869 mss.
3343 5805 3404 5854 At
3429 5803 3544 5854 ιιυτ.
3570 5803 3680 5852 ούδέ

2021 5875 2208 5928 ἐκείνοις
2234 5864 2481 5932 λογίζεται.
2523 5864 2672 5921 Savil.
2720 5870 2766 5919 in
2803 5883 2953 5930 marg.
3005 5871 3130 5931 conj.
3165 5864 3330 5922 οὐδείς.
