  <div class='ocr_page' id='page_1' title='image "/cluster/home/n/w/nwhite01/storage/ocr_20150623/53/hvd.32044054086673/307.png"; bbox 0 0 4070 6194; ppageno 0'>
   <div class='ocr_carea' id='block_1_1' title="bbox 441 296 550 351">
    <p class='ocr_par' dir='ltr' id='par_1_1' title="bbox 441 296 550 351">
     <span class='ocr_line' id='line_1_1' title="bbox 441 296 550 351; baseline 0 0"><span class='ocrx_word' id='word_1_1' title='bbox 441 296 550 351; x_wconf 71' lang='lat'><strong>30‘.)</strong></span> 
     </span>
    </p>
   </div>
   <div class='ocr_carea' id='block_1_2' title="bbox 438 397 2116 483">
    <p class='ocr_par' dir='ltr' id='par_1_2' title="bbox 438 397 2116 483">
     <span class='ocr_line' id='line_1_2' title="bbox 438 397 2116 483; baseline -0.01 -17"><span class='ocrx_word' id='word_1_2' title='bbox 438 410 723 483; x_wconf 69' lang='grc' dir='ltr'>παροικεῖν</span> <span class='ocrx_word' id='word_1_3' title='bbox 773 402 1005 460; x_wconf 82' lang='grc' dir='ltr'>ἐνταῦθα</span> <span class='ocrx_word' id='word_1_4' title='bbox 1036 401 1350 473; x_wconf 87' lang='grc' dir='ltr'>μέλλοντας,</span> <span class='ocrx_word' id='word_1_5' title='bbox 1411 402 1491 464; x_wconf 81' lang='grc' dir='ltr'>εἰς</span> <span class='ocrx_word' id='word_1_6' title='bbox 1523 397 1790 471; x_wconf 82' lang='grc' dir='ltr'>τοσαύτην</span> <span class='ocrx_word' id='word_1_7' title='bbox 1818 397 2116 468; x_wconf 75' lang='grc' dir='ltr'>ἐμπίπτειν</span> 
     </span>
    </p>
   </div>
   <div class='ocr_carea' id='block_1_3' title="bbox 440 488 2120 568">
    <p class='ocr_par' dir='ltr' id='par_1_3' title="bbox 440 488 2120 568">
     <span class='ocr_line' id='line_1_3' title="bbox 440 488 2120 568; baseline -0.007 -17"><span class='ocrx_word' id='word_1_8' title='bbox 440 497 790 568; x_wconf 80' lang='grc' dir='ltr'>φιλονεικίαν,</span> <span class='ocrx_word' id='word_1_9' title='bbox 825 492 1138 560; x_wconf 80' lang='grc' dir='ltr'>ὀφείλοντας</span> <span class='ocrx_word' id='word_1_10' title='bbox 1171 489 1500 553; x_wconf 84' lang='grc' dir='ltr'>ἐπιεικείας,</span> <span class='ocrx_word' id='word_1_11' title='bbox 1535 489 1630 542; x_wconf 68' lang='grc' dir='ltr'>καὶ</span> <span class='ocrx_word' id='word_1_12' title='bbox 1662 488 1992 558; x_wconf 80' lang='grc' dir='ltr'>πραΰτητος,</span> <span class='ocrx_word' id='word_1_13' title='bbox 2025 488 2120 540; x_wconf 72' lang='grc' dir='ltr'>καὶ</span> 
     </span>
    </p>
   </div>
   <div class='ocr_carea' id='block_1_4' title="bbox 439 573 2121 653">
    <p class='ocr_par' dir='ltr' id='par_1_4' title="bbox 439 573 2121 653">
     <span class='ocr_line' id='line_1_4' title="bbox 439 573 2121 653; baseline -0.007 -16"><span class='ocrx_word' id='word_1_14' title='bbox 439 582 758 653; x_wconf 82' lang='grc' dir='ltr'>φιλοσοφίας</span> <span class='ocrx_word' id='word_1_15' title='bbox 808 581 1029 650; x_wconf 88' lang='grc' dir='ltr'>ἀπάσης</span> <span class='ocrx_word' id='word_1_16' title='bbox 1076 576 1433 640; x_wconf 80' lang='grc' dir='ltr'>διδασκάλους</span> <span class='ocrx_word' id='word_1_17' title='bbox 1495 574 1858 629; x_wconf 79' lang='grc' dir='ltr'>καθίστασθαι</span> <span class='ocrx_word' id='word_1_18' title='bbox 1909 573 2121 636; x_wconf 82' lang='grc' dir='ltr'>τούτοις</span> 
     </span>
    </p>
   </div>
   <div class='ocr_carea' id='block_1_5' title="bbox 440 658 2120 734">
    <p class='ocr_par' dir='ltr' id='par_1_5' title="bbox 440 658 2120 734">
     <span class='ocr_line' id='line_1_5' title="bbox 440 658 2120 734; baseline -0.008 -11"><span class='ocrx_word' id='word_1_19' title='bbox 440 672 639 734; x_wconf 73' lang='grc' dir='ltr'>πᾶσινς</span> <span class='ocrx_word' id='word_1_20' title='bbox 686 667 1057 720; x_wconf 84' lang='grc' dir='ltr'>’Δκουέτωσαν</span> <span class='ocrx_word' id='word_1_21' title='bbox 1078 664 1252 717; x_wconf 90' lang='grc' dir='ltr'>ταῦτα</span> <span class='ocrx_word' id='word_1_22' title='bbox 1274 665 1321 716; x_wconf 82' lang='grc' dir='ltr'>οἱ</span> <span class='ocrx_word' id='word_1_23' title='bbox 1351 661 1664 732; x_wconf 77' lang='grc' dir='ltr'>νομίζοντες</span> <span class='ocrx_word' id='word_1_24' title='bbox 1698 658 1804 724; x_wconf 82' lang='grc' dir='ltr'>ἐξω</span> <span class='ocrx_word' id='word_1_25' title='bbox 1829 660 2120 729; x_wconf 81' lang='grc' dir='ltr'>τυγχάνειν</span> 
     </span>
    </p>
   </div>
   <div class='ocr_carea' id='block_1_6' title="bbox 440 746 2120 827">
    <p class='ocr_par' dir='ltr' id='par_1_6' title="bbox 440 746 2120 827">
     <span class='ocr_line' id='line_1_6' title="bbox 440 746 2120 827; baseline -0.007 -16"><span class='ocrx_word' id='word_1_26' title='bbox 440 757 608 827; x_wconf 81' lang='grc' dir='ltr'>ἑγκλη</span> <span class='ocrx_word' id='word_1_27' title='bbox 617 756 824 826; x_wconf 90' lang='grc' dir='ltr'>μάτων,</span> <span class='ocrx_word' id='word_1_28' title='bbox 844 753 1061 806; x_wconf 77' lang='grc' dir='ltr'>ἐπειδάν</span> <span class='ocrx_word' id='word_1_29' title='bbox 1082 754 1207 815; x_wconf 85' lang='grc' dir='ltr'>τοὺς</span> <span class='ocrx_word' id='word_1_30' title='bbox 1228 752 1409 814; x_wconf 82' lang='grc' dir='ltr'>αὐτοῖς</span> <span class='ocrx_word' id='word_1_31' title='bbox 1430 750 1800 821; x_wconf 82' lang='grc' dir='ltr'>προσήκοντας</span> <span class='ocrx_word' id='word_1_32' title='bbox 1823 746 2120 819; x_wconf 84' lang='grc' dir='ltr'>περιορῶσι</span> 
     </span>
    </p>
   </div>
   <div class='ocr_carea' id='block_1_7' title="bbox 438 833 2121 915">
    <p class='ocr_par' dir='ltr' id='par_1_7' title="bbox 438 833 2121 915">
     <span class='ocr_line' id='line_1_7' title="bbox 438 833 2121 915; baseline -0.009 -16"><span class='ocrx_word' id='word_1_33' title='bbox 438 846 528 899; x_wconf 70' lang='grc' dir='ltr'>διὰ</span> <span class='ocrx_word' id='word_1_34' title='bbox 559 846 659 915; x_wconf 83' lang='grc' dir='ltr'>τὴν</span> <span class='ocrx_word' id='word_1_35' title='bbox 713 843 853 915; x_wconf 83' lang='grc' dir='ltr'>πρὸς</span> <span class='ocrx_word' id='word_1_36' title='bbox 901 843 1100 905; x_wconf 80' lang='grc' dir='ltr'>αὐτοὺς</span> <span class='ocrx_word' id='word_1_37' title='bbox 1137 840 1446 908; x_wconf 80' lang='grc' dir='ltr'>οἰκειότητα</span> <span class='ocrx_word' id='word_1_38' title='bbox 1494 834 1860 907; x_wconf 80' lang='grc' dir='ltr'>ἁρπάζοντας,</span> <span class='ocrx_word' id='word_1_39' title='bbox 1900 833 2121 885; x_wconf 83' lang='grc' dir='ltr'>πλεονε-</span> 
     </span>
    </p>
   </div>
   <div class='ocr_carea' id='block_1_8' title="bbox 440 919 2119 1002">
    <p class='ocr_par' dir='ltr' id='par_1_8' title="bbox 440 919 2119 1002">
     <span class='ocr_line' id='line_1_8' title="bbox 440 919 2119 1002; baseline -0.009 -16"><span class='ocrx_word' id='word_1_40' title='bbox 440 932 722 995; x_wconf 85' lang='grc' dir='ltr'>κτοῦντας,</span> <span class='ocrx_word' id='word_1_41' title='bbox 758 931 927 1002; x_wconf 89' lang='grc' dir='ltr'>μυρία</span> <span class='ocrx_word' id='word_1_42' title='bbox 975 927 1122 981; x_wconf 87' lang='grc' dir='ltr'>κακά</span> <span class='ocrx_word' id='word_1_43' title='bbox 1170 923 1526 988; x_wconf 81' lang='grc' dir='ltr'>διατιθέντας,</span> <span class='ocrx_word' id='word_1_44' title='bbox 1577 922 1672 976; x_wconf 77' lang='grc' dir='ltr'>καὶ</span> <span class='ocrx_word' id='word_1_45' title='bbox 1699 922 1757 974; x_wconf 85' lang='grc' dir='ltr'>ἐν</span> <span class='ocrx_word' id='word_1_46' title='bbox 1791 919 1997 984; x_wconf 85' lang='grc' dir='ltr'>πόλεσι,</span> <span class='ocrx_word' id='word_1_47' title='bbox 2030 922 2119 972; x_wconf 75' lang='grc' dir='ltr'>καὶ</span> 
     </span>
    </p>
   </div>
   <div class='ocr_carea' id='block_1_9' title="bbox 440 1008 2123 1090">
    <p class='ocr_par' dir='ltr' id='par_1_9' title="bbox 440 1008 2123 1090">
     <span class='ocr_line' id='line_1_9' title="bbox 440 1008 2123 1090; baseline -0.01 -17"><span class='ocrx_word' id='word_1_48' title='bbox 440 1023 500 1073; x_wconf 84' lang='grc' dir='ltr'>ἐν</span> <span class='ocrx_word' id='word_1_49' title='bbox 527 1021 736 1090; x_wconf 76' lang='grc' dir='ltr'>ἀγροῖς,</span> <span class='ocrx_word' id='word_1_50' title='bbox 763 1018 889 1080; x_wconf 71' lang='grc' dir='ltr'>τοὺς</span> <span class='ocrx_word' id='word_1_51' title='bbox 914 1017 1096 1078; x_wconf 78' lang='grc' dir='ltr'>αὐτοῖς</span> <span class='ocrx_word' id='word_1_52' title='bbox 1119 1010 1493 1082; x_wconf 84' lang='grc' dir='ltr'>γειτνιῶντας,</span> <span class='ocrx_word' id='word_1_53' title='bbox 1525 1009 1621 1062; x_wconf 72' lang='grc' dir='ltr'>καὶ</span> <span class='ocrx_word' id='word_1_54' title='bbox 1648 1008 2123 1079; x_wconf 86' lang='grc' dir='ltr'>παρασπωμένους</span> 
     </span>
    </p>
   </div>
   <div class='ocr_carea' id='block_1_10' title="bbox 438 1092 2123 1177">
    <p class='ocr_par' dir='ltr' id='par_1_10' title="bbox 438 1092 2123 1177">
     <span class='ocr_line' id='line_1_10' title="bbox 438 1092 2123 1177; baseline -0.01 -16"><span class='ocrx_word' id='word_1_55' title='bbox 438 1109 535 1161; x_wconf 88' lang='grc' dir='ltr'>τοῦ</span> <span class='ocrx_word' id='word_1_56' title='bbox 569 1106 667 1177; x_wconf 83' lang='grc' dir='ltr'>μὲν</span> <span class='ocrx_word' id='word_1_57' title='bbox 696 1106 789 1160; x_wconf 83' lang='grc' dir='ltr'>τὸν</span> <span class='ocrx_word' id='word_1_58' title='bbox 818 1104 1008 1176; x_wconf 82' lang='grc' dir='ltr'>ἀγρὸν,</span> <span class='ocrx_word' id='word_1_59' title='bbox 1032 1101 1126 1155; x_wconf 81' lang='grc' dir='ltr'>τοῦ</span> <span class='ocrx_word' id='word_1_60' title='bbox 1151 1101 1208 1154; x_wconf 86' lang='grc' dir='ltr'>δέ</span> <span class='ocrx_word' id='word_1_61' title='bbox 1240 1099 1336 1170; x_wconf 80' lang='grc' dir='ltr'>τὴν</span> <span class='ocrx_word' id='word_1_62' title='bbox 1361 1099 1559 1161; x_wconf 86' lang='grc' dir='ltr'>οίκίαν,</span> <span class='ocrx_word' id='word_1_63' title='bbox 1584 1095 1871 1177; x_wconf 71' lang='grc' dir='ltr'>καὶταύτῃ</span> <span class='ocrx_word' id='word_1_64' title='bbox 1908 1092 2123 1145; x_wconf 80' lang='grc' dir='ltr'>πλείονα</span> 
     </span>
    </p>
   </div>
   <div class='ocr_carea' id='block_1_11' title="bbox 445 1171 2124 1264">
    <p class='ocr_par' dir='ltr' id='par_1_11' title="bbox 445 1171 2124 1264">
     <span class='ocr_line' id='line_1_11' title="bbox 445 1171 2124 1264; baseline -0.01 -17"><span class='ocrx_word' id='word_1_65' title='bbox 445 1171 645 1264; x_wconf 81' lang='grc' dir='ltr'>μᾶλλον</span> <span class='ocrx_word' id='word_1_66' title='bbox 677 1192 776 1263; x_wconf 82' lang='grc' dir='ltr'>τὴν</span> <span class='ocrx_word' id='word_1_67' title='bbox 797 1171 1008 1244; x_wconf 77' lang='grc' dir='ltr'>εὔνοιαν</span> <span class='ocrx_word' id='word_1_68' title='bbox 1039 1190 1166 1260; x_wconf 76' lang='grc' dir='ltr'>περὶ</span> <span class='ocrx_word' id='word_1_69' title='bbox 1197 1189 1395 1250; x_wconf 78' lang='grc' dir='ltr'>αὐτοὺς</span> <span class='ocrx_word' id='word_1_70' title='bbox 1438 1171 1892 1253; x_wconf 75' lang='grc' dir='ltr'>ἐπιδεῖκνύμενοι.</span> <span class='ocrx_word' id='word_1_71' title='bbox 1922 1182 1985 1233; x_wconf 68' lang='lat' dir='ltr'>El</span> <span class='ocrx_word' id='word_1_72' title='bbox 2015 1179 2124 1250; x_wconf 80' lang='grc' dir='ltr'>γὰρ</span> 
     </span>
    </p>
   </div>
   <div class='ocr_carea' id='block_1_12' title="bbox 442 1266 2123 1348">
    <p class='ocr_par' dir='ltr' id='par_1_12' title="bbox 442 1266 2123 1348">
     <span class='ocr_line' id='line_1_12' title="bbox 442 1266 2123 1348; baseline -0.01 -13"><span class='ocrx_word' id='word_1_73' title='bbox 442 1282 537 1335; x_wconf 77' lang='grc' dir='ltr'>καὶ</span> <span class='ocrx_word' id='word_1_74' title='bbox 565 1280 753 1348; x_wconf 83' lang='grc' dir='ltr'>ἐτέρου</span> <span class='ocrx_word' id='word_1_75' title='bbox 781 1279 843 1332; x_wconf 80' lang='grc' dir='ltr'>τὸ</span> <span class='ocrx_word' id='word_1_76' title='bbox 873 1278 975 1346; x_wconf 78' lang='grc' dir='ltr'>τῆς</span> <span class='ocrx_word' id='word_1_77' title='bbox 1005 1278 1221 1339; x_wconf 79' lang='grc' dir='ltr'>ἀδικίας</span> <span class='ocrx_word' id='word_1_78' title='bbox 1255 1274 1414 1345; x_wconf 74' lang='grc' dir='ltr'>ἔργον</span> <span class='ocrx_word' id='word_1_79' title='bbox 1440 1270 1529 1343; x_wconf 83' lang='grc' dir='ltr'>ἦν,</span> <span class='ocrx_word' id='word_1_80' title='bbox 1560 1270 1673 1324; x_wconf 85' lang='grc' dir='ltr'>ἀλλ’</span> <span class='ocrx_word' id='word_1_81' title='bbox 1708 1268 1869 1333; x_wconf 72' lang='grc' dir='ltr'>αὐτὸς</span> <span class='ocrx_word' id='word_1_82' title='bbox 1900 1266 2123 1321; x_wconf 83' lang='grc' dir='ltr'>ἐκοινώ-</span> 
     </span>
    </p>
   </div>
   <div class='ocr_carea' id='block_1_13' title="bbox 441 1355 2125 1438">
    <p class='ocr_par' dir='ltr' id='par_1_13' title="bbox 441 1355 2125 1438">
     <span class='ocr_line' id='line_1_13' title="bbox 441 1355 2125 1438; baseline -0.01 -16"><span class='ocrx_word' id='word_1_83' title='bbox 441 1385 610 1438; x_wconf 85' lang='grc' dir='ltr'>νησας</span> <span class='ocrx_word' id='word_1_84' title='bbox 631 1364 727 1419; x_wconf 89' lang='grc' dir='ltr'>τοῦ</span> <span class='ocrx_word' id='word_1_85' title='bbox 768 1365 1113 1435; x_wconf 81' lang='grc' dir='ltr'>πράγματος,</span> <span class='ocrx_word' id='word_1_86' title='bbox 1150 1363 1210 1415; x_wconf 87' lang='grc' dir='ltr'>ού</span> <span class='ocrx_word' id='word_1_87' title='bbox 1242 1362 1400 1431; x_wconf 88' lang='grc' dir='ltr'>μόνον</span> <span class='ocrx_word' id='word_1_88' title='bbox 1432 1360 1512 1430; x_wconf 83' lang='grc' dir='ltr'>τῷ</span> <span class='ocrx_word' id='word_1_89' title='bbox 1546 1357 1837 1429; x_wconf 73' lang='grc' dir='ltr'>ἐφήδεσθαι</span> <span class='ocrx_word' id='word_1_90' title='bbox 1866 1355 1942 1425; x_wconf 84' lang='grc' dir='ltr'>τῷ</span> <span class='ocrx_word' id='word_1_91' title='bbox 1964 1372 2125 1424; x_wconf 82' lang='grc' dir='ltr'>γεγε-</span> 
     </span>
    </p>
   </div>
   <div class='ocr_carea' id='block_1_14' title="bbox 443 1442 2122 1525">
    <p class='ocr_par' dir='ltr' id='par_1_14' title="bbox 443 1442 2122 1525">
     <span class='ocr_line' id='line_1_14' title="bbox 443 1442 2122 1525; baseline -0.01 -16"><span class='ocrx_word' id='word_1_92' title='bbox 443 1455 683 1525; x_wconf 82' lang='grc' dir='ltr'>νημένῳ,</span> <span class='ocrx_word' id='word_1_93' title='bbox 706 1453 800 1507; x_wconf 71' lang='grc' dir='ltr'>καὶ</span> <span class='ocrx_word' id='word_1_94' title='bbox 832 1452 1071 1522; x_wconf 77' lang='grc' dir='ltr'>νομίζειν</span> <span class='ocrx_word' id='word_1_95' title='bbox 1098 1451 1161 1503; x_wconf 81' lang='grc' dir='ltr'>ἐκ</span> <span class='ocrx_word' id='word_1_96' title='bbox 1190 1448 1379 1502; x_wconf 85' lang='grc' dir='ltr'>τούτου</span> <span class='ocrx_word' id='word_1_97' title='bbox 1401 1464 1480 1500; x_wconf 93' lang='grc' dir='ltr'>σοι</span> <span class='ocrx_word' id='word_1_98' title='bbox 1511 1445 1607 1517; x_wconf 84' lang='grc' dir='ltr'>τὴν</span> <span class='ocrx_word' id='word_1_99' title='bbox 1640 1445 1829 1496; x_wconf 76' lang='grc' dir='ltr'>οὐσίαν</span> <span class='ocrx_word' id='word_1_100' title='bbox 1844 1442 2122 1508; x_wconf 73' lang='grc' dir='ltr'>αὔξεσθαι,</span> 
     </span>
    </p>
   </div>
   <div class='ocr_carea' id='block_1_15' title="bbox 444 1530 2123 1612">
    <p class='ocr_par' dir='ltr' id='par_1_15' title="bbox 444 1530 2123 1612">
     <span class='ocr_line' id='line_1_15' title="bbox 444 1530 2123 1612; baseline -0.01 -17"><span class='ocrx_word' id='word_1_101' title='bbox 444 1543 537 1596; x_wconf 55' lang='grc' dir='ltr'>καί¹</span> <span class='ocrx_word' id='word_1_102' title='bbox 572 1542 669 1612; x_wconf 80' lang='grc' dir='ltr'>τὴν</span> <span class='ocrx_word' id='word_1_103' title='bbox 701 1538 1017 1611; x_wconf 85' lang='grc' dir='ltr'>περιουσίαν</span> <span class='ocrx_word' id='word_1_104' title='bbox 1055 1538 1275 1591; x_wconf 83' lang='grc' dir='ltr'>πλείονα</span> <span class='ocrx_word' id='word_1_105' title='bbox 1308 1534 1580 1603; x_wconf 86' lang='grc' dir='ltr'>γενέσθαι,</span> <span class='ocrx_word' id='word_1_106' title='bbox 1623 1532 1757 1587; x_wconf 82' lang='grc' dir='ltr'>ἀλλὰ</span> <span class='ocrx_word' id='word_1_107' title='bbox 1809 1530 2007 1600; x_wconf 77' lang='grc' dir='ltr'>καὶτῷ</span> <span class='ocrx_word' id='word_1_108' title='bbox 2049 1530 2123 1600; x_wconf 79' lang='grc' dir='ltr'>μὴ</span> 
     </span>
    </p>
   </div>
   <div class='ocr_carea' id='block_1_16' title="bbox 446 1617 2125 1699">
    <p class='ocr_par' dir='ltr' id='par_1_16' title="bbox 446 1617 2125 1699">
     <span class='ocr_line' id='line_1_16' title="bbox 446 1617 2125 1699; baseline -0.009 -14"><span class='ocrx_word' id='word_1_109' title='bbox 446 1630 686 1685; x_wconf 89' lang='grc' dir='ltr'>κωλῦσαι</span> <span class='ocrx_word' id='word_1_110' title='bbox 724 1627 1022 1699; x_wconf 88' lang='grc' dir='ltr'>μέλλουσαν</span> <span class='ocrx_word' id='word_1_111' title='bbox 1055 1625 1151 1696; x_wconf 84' lang='grc' dir='ltr'>τὴν</span> <span class='ocrx_word' id='word_1_112' title='bbox 1181 1625 1395 1678; x_wconf 85' lang='grc' dir='ltr'>ἀδικίαν</span> <span class='ocrx_word' id='word_1_113' title='bbox 1420 1625 1500 1685; x_wconf 88' lang='grc' dir='ltr'>είς</span> <span class='ocrx_word' id='word_1_114' title='bbox 1529 1620 1690 1693; x_wconf 76' lang='grc' dir='ltr'>ἔργον</span> <span class='ocrx_word' id='word_1_115' title='bbox 1728 1618 2019 1673; x_wconf 85' lang='grc' dir='ltr'>ἐκϐαίνειν.</span> <span class='ocrx_word' id='word_1_116' title='bbox 2065 1617 2125 1670; x_wconf 84' lang='lat'><strong>&#39;0</strong></span> 
     </span>
    </p>
   </div>
   <div class='ocr_carea' id='block_1_17' title="bbox 445 1703 2127 1789">
    <p class='ocr_par' dir='ltr' id='par_1_17' title="bbox 445 1703 2127 1789">
     <span class='ocr_line' id='line_1_17' title="bbox 445 1703 2127 1789; baseline -0.009 -17"><span class='ocrx_word' id='word_1_117' title='bbox 445 1719 556 1789; x_wconf 77' lang='grc' dir='ltr'>γὰρ</span> <span class='ocrx_word' id='word_1_118' title='bbox 591 1716 886 1785; x_wconf 88' lang='grc' dir='ltr'>δυνάμενος</span> <span class='ocrx_word' id='word_1_119' title='bbox 922 1712 1163 1767; x_wconf 85' lang='grc' dir='ltr'>κωλῦσαι</span> <span class='ocrx_word' id='word_1_120' title='bbox 1210 1712 1301 1765; x_wconf 73' lang='grc' dir='ltr'>τὸν</span> <span class='ocrx_word' id='word_1_121' title='bbox 1350 1708 1661 1770; x_wconf 86' lang='grc' dir='ltr'>ἀδικοῦντα,</span> <span class='ocrx_word' id='word_1_122' title='bbox 1697 1707 1791 1761; x_wconf 72' lang='grc' dir='ltr'>καὶ</span> <span class='ocrx_word' id='word_1_123' title='bbox 1845 1705 1919 1777; x_wconf 85' lang='grc' dir='ltr'>μὴ</span> <span class='ocrx_word' id='word_1_124' title='bbox 1970 1703 2127 1758; x_wconf 85' lang='grc' dir='ltr'>τοῦτο</span> 
     </span>
    </p>
   </div>
   <div class='ocr_carea' id='block_1_18' title="bbox 448 1789 2123 1865">
    <p class='ocr_par' dir='ltr' id='par_1_18' title="bbox 448 1789 2123 1865">
     <span class='ocr_line' id='line_1_18' title="bbox 448 1789 2123 1865; baseline -0.008 -8"><span class='ocrx_word' id='word_1_125' title='bbox 448 1803 640 1865; x_wconf 85' lang='grc' dir='ltr'>ποιῶν,</span> <span class='ocrx_word' id='word_1_126' title='bbox 670 1802 768 1855; x_wconf 78' lang='grc' dir='ltr'>οὐκ</span> <span class='ocrx_word' id='word_1_127' title='bbox 797 1800 1018 1853; x_wconf 75' lang='grc' dir='ltr'>ἔλαττον</span> <span class='ocrx_word' id='word_1_128' title='bbox 1049 1799 1142 1852; x_wconf 90' lang='grc' dir='ltr'>τοῦ</span> <span class='ocrx_word' id='word_1_129' title='bbox 1171 1796 1484 1858; x_wconf 79' lang='grc' dir='ltr'>ἀδικοῦντος</span> <span class='ocrx_word' id='word_1_130' title='bbox 1514 1795 1614 1857; x_wconf 80' lang='grc' dir='ltr'>τὰς</span> <span class='ocrx_word' id='word_1_131' title='bbox 1649 1791 1880 1855; x_wconf 78' lang='grc' dir='ltr'>εὐθύνας</span> <span class='ocrx_word' id='word_1_132' title='bbox 1916 1789 2123 1859; x_wconf 79' lang='grc' dir='ltr'>ὑφέξει.</span> 
     </span>
    </p>
   </div>
   <div class='ocr_carea' id='block_1_19' title="bbox 517 1892 2128 1978">
    <p class='ocr_par' dir='ltr' id='par_1_19' title="bbox 517 1892 2128 1978">
     <span class='ocr_line' id='line_1_19' title="bbox 517 1892 2128 1978; baseline -0.009 -17"><span class='ocrx_word' id='word_1_133' title='bbox 517 1907 611 1978; x_wconf 83' lang='grc' dir='ltr'>Μὴ</span> <span class='ocrx_word' id='word_1_134' title='bbox 631 1905 810 1959; x_wconf 83' lang='grc' dir='ltr'>τοίνυν</span> <span class='ocrx_word' id='word_1_135' title='bbox 831 1903 1130 1974; x_wconf 83' lang='grc' dir='ltr'>ἀπατῶμεν</span> <span class='ocrx_word' id='word_1_136' title='bbox 1151 1902 1396 1965; x_wconf 81' lang='grc' dir='ltr'>ἑαυτοὺς,</span> <span class='ocrx_word' id='word_1_137' title='bbox 1418 1898 1739 1971; x_wconf 84' lang='grc' dir='ltr'>παρακαλῶ,</span> <span class='ocrx_word' id='word_1_138' title='bbox 1764 1895 1900 1950; x_wconf 81' lang='grc' dir='ltr'>ἀλλὰ</span> <span class='ocrx_word' id='word_1_139' title='bbox 1919 1894 2013 1948; x_wconf 71' lang='grc' dir='ltr'>καὶ</span> <span class='ocrx_word' id='word_1_140' title='bbox 2032 1892 2128 1948; x_wconf 86' lang='grc' dir='ltr'>αύ-</span> 
     </span>
    </p>
   </div>
   <div class='ocr_carea' id='block_1_20' title="bbox 443 1982 2127 2063">
    <p class='ocr_par' dir='ltr' id='par_1_20' title="bbox 443 1982 2127 2063">
     <span class='ocr_line' id='line_1_20' title="bbox 443 1982 2127 2063; baseline -0.008 -16"><span class='ocrx_word' id='word_1_141' title='bbox 443 1994 529 2047; x_wconf 76' lang='grc' dir='ltr'>τοὶ</span> <span class='ocrx_word' id='word_1_142' title='bbox 548 1991 838 2063; x_wconf 82' lang='grc' dir='ltr'>φεύγωμεν</span> <span class='ocrx_word' id='word_1_143' title='bbox 857 1990 955 2054; x_wconf 84' lang='grc' dir='ltr'>τὰς</span> <span class='ocrx_word' id='word_1_144' title='bbox 976 1988 1252 2059; x_wconf 86' lang='grc' dir='ltr'>ἀρπαγάς,</span> <span class='ocrx_word' id='word_1_145' title='bbox 1270 1988 1370 2050; x_wconf 78' lang='grc' dir='ltr'>τάς</span> <span class='ocrx_word' id='word_1_146' title='bbox 1390 1984 1721 2050; x_wconf 84' lang='grc' dir='ltr'>πλεονεξίας,</span> <span class='ocrx_word' id='word_1_147' title='bbox 1742 1984 1834 2036; x_wconf 77' lang='grc' dir='ltr'>καὶ</span> <span class='ocrx_word' id='word_1_148' title='bbox 1854 1982 1916 2035; x_wconf 82' lang='grc' dir='ltr'>τὸ</span> <span class='ocrx_word' id='word_1_149' title='bbox 1937 1984 2001 2035; x_wconf 89' lang='grc' dir='ltr'>ἐκ</span> <span class='ocrx_word' id='word_1_150' title='bbox 2019 1982 2127 2035; x_wconf 82' lang='grc' dir='ltr'>τῶν</span> 
     </span>
    </p>
   </div>
   <div class='ocr_carea' id='block_1_21' title="bbox 443 2070 2129 2149">
    <p class='ocr_par' dir='ltr' id='par_1_21' title="bbox 443 2070 2129 2149">
     <span class='ocr_line' id='line_1_21' title="bbox 443 2070 2129 2149; baseline -0.008 -15"><span class='ocrx_word' id='word_1_151' title='bbox 443 2079 701 2135; x_wconf 82' lang='grc' dir='ltr'>τοιούτων</span> <span class='ocrx_word' id='word_1_152' title='bbox 720 2078 906 2143; x_wconf 74' lang='grc' dir='ltr'>αὔξειν</span> <span class='ocrx_word' id='word_1_153' title='bbox 928 2079 1057 2149; x_wconf 78' lang='grc' dir='ltr'>ἡμῖν</span> <span class='ocrx_word' id='word_1_154' title='bbox 1079 2076 1176 2147; x_wconf 81' lang='grc' dir='ltr'>τήν</span> <span class='ocrx_word' id='word_1_155' title='bbox 1197 2073 1536 2146; x_wconf 86' lang='grc' dir='ltr'>περιουσίαν,</span> <span class='ocrx_word' id='word_1_156' title='bbox 1559 2074 1796 2134; x_wconf 70' lang='grc' dir='ltr'>καὶτοὺς</span> <span class='ocrx_word' id='word_1_157' title='bbox 1816 2070 1948 2140; x_wconf 79' lang='grc' dir='ltr'>ἡμῖν</span> <span class='ocrx_word' id='word_1_158' title='bbox 1968 2085 2129 2140; x_wconf 83' lang='grc' dir='ltr'>προσ-</span> 
     </span>
    </p>
   </div>
   <div class='ocr_carea' id='block_1_22' title="bbox 444 2153 2128 2238">
    <p class='ocr_par' dir='ltr' id='par_1_22' title="bbox 444 2153 2128 2238">
     <span class='ocr_line' id='line_1_22' title="bbox 444 2153 2128 2238; baseline -0.009 -18"><span class='ocrx_word' id='word_1_159' title='bbox 444 2168 680 2238; x_wconf 85' lang='grc' dir='ltr'>ήκοντας</span> <span class='ocrx_word' id='word_1_160' title='bbox 701 2163 1043 2233; x_wconf 79' lang='grc' dir='ltr'>παιδεύωμεν</span> <span class='ocrx_word' id='word_1_161' title='bbox 1068 2161 1233 2232; x_wconf 84' lang='grc' dir='ltr'>μηδὲν</span> <span class='ocrx_word' id='word_1_162' title='bbox 1254 2159 1462 2212; x_wconf 90' lang='grc' dir='ltr'>τοιοῦτο</span> <span class='ocrx_word' id='word_1_163' title='bbox 1482 2155 1828 2229; x_wconf 78' lang='grc' dir='ltr'>ἐργάζεσθαι.</span> <span class='ocrx_word' id='word_1_164' title='bbox 1865 2155 2000 2209; x_wconf 81' lang='grc' dir='ltr'>Οὐδὲ</span> <span class='ocrx_word' id='word_1_165' title='bbox 2019 2153 2128 2224; x_wconf 87' lang='grc' dir='ltr'>γὰρ</span> 
     </span>
    </p>
   </div>
   <div class='ocr_carea' id='block_1_23' title="bbox 445 2241 2124 2324">
    <p class='ocr_par' dir='ltr' id='par_1_23' title="bbox 445 2241 2124 2324">
     <span class='ocr_line' id='line_1_23' title="bbox 445 2241 2124 2324; baseline -0.009 -15"><span class='ocrx_word' id='word_1_166' title='bbox 445 2253 771 2316; x_wconf 85' lang='grc' dir='ltr'>ἀνευθύνους</span> <span class='ocrx_word' id='word_1_167' title='bbox 792 2254 939 2324; x_wconf 76' lang='grc' dir='ltr'>ἡμᾶς</span> <span class='ocrx_word' id='word_1_168' title='bbox 959 2248 1117 2304; x_wconf 84' lang='grc' dir='ltr'>τοῦτο</span> <span class='ocrx_word' id='word_1_169' title='bbox 1136 2249 1379 2317; x_wconf 85' lang='grc' dir='ltr'>ἀφίησιν,</span> <span class='ocrx_word' id='word_1_170' title='bbox 1403 2245 1540 2301; x_wconf 89' lang='grc' dir='ltr'>ἀλλά</span> <span class='ocrx_word' id='word_1_171' title='bbox 1572 2244 1793 2299; x_wconf 89' lang='grc' dir='ltr'>πλείονα</span> <span class='ocrx_word' id='word_1_172' title='bbox 1828 2243 1926 2315; x_wconf 87' lang='grc' dir='ltr'>τὴν</span> <span class='ocrx_word' id='word_1_173' title='bbox 1963 2241 2124 2295; x_wconf 81' lang='grc' dir='ltr'>κατά·</span> 
     </span>
    </p>
   </div>
   <div class='ocr_carea' id='block_1_24' title="bbox 446 2327 2129 2415">
    <p class='ocr_par' dir='ltr' id='par_1_24' title="bbox 446 2327 2129 2415">
     <span class='ocr_line' id='line_1_24' title="bbox 446 2327 2129 2415; baseline -0.008 -19"><span class='ocrx_word' id='word_1_174' title='bbox 446 2327 625 2415; x_wconf 80' lang='grc' dir='ltr'>κρισιν</span> <span class='ocrx_word' id='word_1_175' title='bbox 662 2339 993 2413; x_wconf 75' lang='grc' dir='ltr'>ἐργάζεταιο</span> <span class='ocrx_word' id='word_1_176' title='bbox 1036 2336 1173 2409; x_wconf 82' lang='grc' dir='ltr'>πρὸς</span> <span class='ocrx_word' id='word_1_177' title='bbox 1218 2337 1326 2407; x_wconf 77' lang='grc' dir='ltr'>γάρ</span> <span class='ocrx_word' id='word_1_178' title='bbox 1380 2336 1476 2407; x_wconf 79' lang='grc' dir='ltr'>τὴν</span> <span class='ocrx_word' id='word_1_179' title='bbox 1523 2334 1798 2406; x_wconf 81' lang='grc' dir='ltr'>ἡμετέραν</span> <span class='ocrx_word' id='word_1_180' title='bbox 1834 2330 2129 2402; x_wconf 87' lang='grc' dir='ltr'>ἀρέσκειαν</span> 
     </span>
    </p>
   </div>
   <div class='ocr_carea' id='block_1_25' title="bbox 444 2418 2128 2502">
    <p class='ocr_par' dir='ltr' id='par_1_25' title="bbox 444 2418 2128 2502">
     <span class='ocr_line' id='line_1_25' title="bbox 444 2418 2128 2502; baseline -0.008 -18"><span class='ocrx_word' id='word_1_181' title='bbox 444 2431 643 2486; x_wconf 82' lang='grc' dir='ltr'>ἐκεῖνοι</span> <span class='ocrx_word' id='word_1_182' title='bbox 680 2429 777 2502; x_wconf 83' lang='grc' dir='ltr'>τὴν</span> <span class='ocrx_word' id='word_1_183' title='bbox 814 2426 1022 2482; x_wconf 82' lang='grc' dir='ltr'>ἑαυτῶν</span> <span class='ocrx_word' id='word_1_184' title='bbox 1061 2424 1401 2495; x_wconf 84' lang='grc' dir='ltr'>προδιδόντες</span> <span class='ocrx_word' id='word_1_185' title='bbox 1440 2422 1746 2496; x_wconf 81' lang='grc' dir='ltr'>σωτηρίαν,</span> <span class='ocrx_word' id='word_1_186' title='bbox 1784 2420 1883 2492; x_wconf 79' lang='grc' dir='ltr'>τὴν</span> <span class='ocrx_word' id='word_1_187' title='bbox 1916 2418 2128 2475; x_wconf 86' lang='grc' dir='ltr'>ἀδικίαν</span> 
     </span>
    </p>
   </div>
   <div class='ocr_carea' id='block_1_26' title="bbox 423 2508 2129 2596">
    <p class='ocr_par' dir='ltr' id='par_1_26' title="bbox 423 2508 2129 2596">
     <span class='ocr_line' id='line_1_26' title="bbox 423 2508 2129 2596; baseline -0.008 -25"><span class='ocrx_word' id='word_1_188' title='bbox 423 2516 710 2596; x_wconf 46' lang='grc' dir='ltr'>,τολμῶση</span> <span class='ocrx_word' id='word_1_189' title='bbox 736 2513 875 2587; x_wconf 83' lang='grc' dir='ltr'>μετὰ</span> <span class='ocrx_word' id='word_1_190' title='bbox 907 2514 1006 2584; x_wconf 87' lang='grc' dir='ltr'>τῆς</span> <span class='ocrx_word' id='word_1_191' title='bbox 1039 2511 1249 2566; x_wconf 78' lang='grc' dir='ltr'>ἑαυτῶν</span> <span class='ocrx_word' id='word_1_192' title='bbox 1270 2509 1548 2573; x_wconf 89' lang='grc' dir='ltr'>ἀπωλείας</span> <span class='ocrx_word' id='word_1_193' title='bbox 1566 2508 1662 2563; x_wconf 77' lang='grc' dir='ltr'>καὶ</span> <span class='ocrx_word' id='word_1_194' title='bbox 1680 2509 1830 2580; x_wconf 80' lang='grc' dir='ltr'>ἡμᾶς</span> <span class='ocrx_word' id='word_1_195' title='bbox 1850 2522 2129 2576; x_wconf 79' lang='grc' dir='ltr'>συγκατα-</span> 
     </span>
    </p>
   </div>
   <div class='ocr_carea' id='block_1_27' title="bbox 447 2593 2129 2673">
    <p class='ocr_par' dir='ltr' id='par_1_27' title="bbox 447 2593 2129 2673">
     <span class='ocr_line' id='line_1_27' title="bbox 447 2593 2129 2673; baseline -0.005 -16"><span class='ocrx_word' id='word_1_196' title='bbox 447 2604 709 2667; x_wconf 88' lang='grc' dir='ltr'>σπῶντες.</span> <span class='ocrx_word' id='word_1_197' title='bbox 733 2603 795 2656; x_wconf 67' lang='lat' dir='ltr'>Et</span> <span class='ocrx_word' id='word_1_198' title='bbox 826 2603 884 2655; x_wconf 74' lang='grc' dir='ltr'>δὲ</span> <span class='ocrx_word' id='word_1_199' title='bbox 919 2599 1222 2673; x_wconf 84' lang='grc' dir='ltr'>βουλόμεθα</span> <span class='ocrx_word' id='word_1_200' title='bbox 1241 2600 1452 2669; x_wconf 84' lang='grc' dir='ltr'>νήφειν,</span> <span class='ocrx_word' id='word_1_201' title='bbox 1476 2597 1570 2652; x_wconf 72' lang='grc' dir='ltr'>καὶ</span> <span class='ocrx_word' id='word_1_202' title='bbox 1589 2596 1744 2652; x_wconf 76' lang='grc' dir='ltr'>αὐτοὶ</span> <span class='ocrx_word' id='word_1_203' title='bbox 1763 2599 1863 2667; x_wconf 82' lang='grc' dir='ltr'>τῆς</span> <span class='ocrx_word' id='word_1_204' title='bbox 1882 2593 2129 2649; x_wconf 86' lang='grc' dir='ltr'>ἐντεῦθεν</span> 
     </span>
    </p>
   </div>
   <div class='ocr_carea' id='block_1_28' title="bbox 445 2681 2131 2761">
    <p class='ocr_par' dir='ltr' id='par_1_28' title="bbox 445 2681 2131 2761">
     <span class='ocr_line' id='line_1_28' title="bbox 445 2681 2131 2761; baseline -0.007 -18"><span class='ocrx_word' id='word_1_205' title='bbox 445 2689 624 2761; x_wconf 84' lang='grc' dir='ltr'>λύμης</span> <span class='ocrx_word' id='word_1_206' title='bbox 642 2686 1141 2758; x_wconf 84' lang='grc' dir='ltr'>ἀπαλλαγησόμεθα</span> <span class='ocrx_word' id='word_1_207' title='bbox 1164 2727 1178 2749; x_wconf 88' lang='grc'>,</span> <span class='ocrx_word' id='word_1_208' title='bbox 1200 2684 1491 2747; x_wconf 83' lang='grc' dir='ltr'>κάκείνους</span> <span class='ocrx_word' id='word_1_209' title='bbox 1510 2682 1893 2752; x_wconf 88' lang='grc' dir='ltr'>ἀποστήσομεν</span> <span class='ocrx_word' id='word_1_210' title='bbox 1914 2681 2013 2751; x_wconf 88' lang='grc' dir='ltr'>τῆς</span> <span class='ocrx_word' id='word_1_211' title='bbox 2032 2698 2131 2733; x_wconf 91' lang='grc' dir='ltr'>κα-</span> 
     </span>
    </p>
   </div>
   <div class='ocr_carea' id='block_1_29' title="bbox 446 2767 2131 2846">
    <p class='ocr_par' dir='ltr' id='par_1_29' title="bbox 446 2767 2131 2846">
     <span class='ocr_line' id='line_1_29' title="bbox 446 2767 2131 2846; baseline -0.008 -16"><span class='ocrx_word' id='word_1_212' title='bbox 446 2777 552 2837; x_wconf 82' lang='grc' dir='ltr'>κῆς</span> <span class='ocrx_word' id='word_1_213' title='bbox 572 2776 989 2846; x_wconf 87' lang='grc' dir='ltr'>ἐπιχειρήσεως.</span> <span class='ocrx_word' id='word_1_214' title='bbox 1011 2773 1123 2827; x_wconf 73' lang='grc' dir='ltr'>Καὶ</span> <span class='ocrx_word' id='word_1_215' title='bbox 1160 2773 1232 2843; x_wconf 90' lang='grc' dir='ltr'>μή</span> <span class='ocrx_word' id='word_1_216' title='bbox 1272 2787 1360 2843; x_wconf 89' lang='grc' dir='ltr'>μοι</span> <span class='ocrx_word' id='word_1_217' title='bbox 1393 2770 1519 2838; x_wconf 84' lang='grc' dir='ltr'>λέγε</span> <span class='ocrx_word' id='word_1_218' title='bbox 1536 2769 1605 2822; x_wconf 81' lang='grc' dir='ltr'>τὰ</span> <span class='ocrx_word' id='word_1_219' title='bbox 1623 2767 1808 2840; x_wconf 81' lang='grc' dir='ltr'>ψυχρά</span> <span class='ocrx_word' id='word_1_220' title='bbox 1827 2769 2010 2821; x_wconf 88' lang='grc' dir='ltr'>ἐκεῖνα</span> <span class='ocrx_word' id='word_1_221' title='bbox 2032 2767 2131 2838; x_wconf 80' lang='grc' dir='ltr'>ρή-</span> 
     </span>
    </p>
   </div>
   <div class='ocr_carea' id='block_1_30' title="bbox 450 2855 2132 2936">
    <p class='ocr_par' dir='ltr' id='par_1_30' title="bbox 450 2855 2132 2936">
     <span class='ocr_line' id='line_1_30' title="bbox 450 2855 2132 2936; baseline -0.005 -20"><span class='ocrx_word' id='word_1_222' title='bbox 450 2881 597 2936; x_wconf 87' lang='grc' dir='ltr'>ματα</span> <span class='ocrx_word' id='word_1_223' title='bbox 616 2884 627 2894; x_wconf 92' lang='grc'><strong>·</strong></span> <span class='ocrx_word' id='word_1_224' title='bbox 652 2863 819 2917; x_wconf 82' lang='grc' dir='ltr'>Οὐδέν</span> <span class='ocrx_word' id='word_1_225' title='bbox 841 2880 931 2935; x_wconf 91' lang='grc' dir='ltr'>μοι</span> <span class='ocrx_word' id='word_1_226' title='bbox 954 2862 1123 2934; x_wconf 84' lang='grc' dir='ltr'>μέλει.</span> <span class='ocrx_word' id='word_1_227' title='bbox 1146 2862 1237 2932; x_wconf 78' lang='grc' dir='ltr'>Μὴ</span> <span class='ocrx_word' id='word_1_228' title='bbox 1258 2860 1369 2930; x_wconf 89' lang='grc' dir='ltr'>γάρ</span> <span class='ocrx_word' id='word_1_229' title='bbox 1389 2858 1501 2928; x_wconf 85' lang='grc' dir='ltr'>ἐγὼ</span> <span class='ocrx_word' id='word_1_230' title='bbox 1520 2856 1999 2928; x_wconf 66' lang='grc' dir='ltr'>παρεσωσάμην;</span> <span class='ocrx_word' id='word_1_231' title='bbox 2027 2855 2132 2909; x_wconf 64' lang='lat'><strong>01’)-</strong></span> 
     </span>
    </p>
   </div>
   <div class='ocr_carea' id='block_1_31' title="bbox 446 2943 2127 3022">
    <p class='ocr_par' dir='ltr' id='par_1_31' title="bbox 446 2943 2127 3022">
     <span class='ocr_line' id='line_1_31' title="bbox 446 2943 2127 3022; baseline -0.005 -17"><span class='ocrx_word' id='word_1_232' title='bbox 446 2953 536 3005; x_wconf 85' lang='grc' dir='ltr'>δέν</span> <span class='ocrx_word' id='word_1_233' title='bbox 554 2947 671 3004; x_wconf 77' lang='grc' dir='ltr'>οἶδα</span> <span class='ocrx_word' id='word_1_234' title='bbox 690 2968 704 2981; x_wconf 89' lang='grc'><strong>·</strong></span> <span class='ocrx_word' id='word_1_235' title='bbox 730 2951 816 3003; x_wconf 83' lang='grc' dir='ltr'>ἐτε</span> <span class='ocrx_word' id='word_1_236' title='bbox 827 2968 915 3022; x_wconf 86' lang='grc' dir='ltr'>ρος</span> <span class='ocrx_word' id='word_1_237' title='bbox 938 2950 1254 3020; x_wconf 81' lang='grc' dir='ltr'>εἰργάσατο,</span> <span class='ocrx_word' id='word_1_238' title='bbox 1288 2947 1389 2999; x_wconf 89' lang='grc' dir='ltr'>ούκ</span> <span class='ocrx_word' id='word_1_239' title='bbox 1426 2945 1758 3014; x_wconf 75' lang='grc' dir='ltr'>ἐκοινώνησα</span> <span class='ocrx_word' id='word_1_240' title='bbox 1775 2944 1875 3014; x_wconf 88' lang='grc' dir='ltr'>τῆς</span> <span class='ocrx_word' id='word_1_241' title='bbox 1896 2943 2127 3007; x_wconf 88' lang='grc' dir='ltr'>ἀδικίας.</span> 
     </span>
    </p>
   </div>
   <div class='ocr_carea' id='block_1_32' title="bbox 448 3030 2133 3106">
    <p class='ocr_par' dir='ltr' id='par_1_32' title="bbox 448 3030 2133 3106">
     <span class='ocr_line' id='line_1_32' title="bbox 448 3030 2133 3106; baseline -0.005 -15"><span class='ocrx_word' id='word_1_242' title='bbox 448 3038 657 3106; x_wconf 72' lang='grc' dir='ltr'>Σκῆψις</span> <span class='ocrx_word' id='word_1_243' title='bbox 673 3036 843 3089; x_wconf 89' lang='grc' dir='ltr'>ταῦτα</span> <span class='ocrx_word' id='word_1_244' title='bbox 864 3036 959 3088; x_wconf 66' lang='grc' dir='ltr'>καὶ</span> <span class='ocrx_word' id='word_1_245' title='bbox 980 3035 1274 3105; x_wconf 89' lang='grc' dir='ltr'>πρόφασις.</span> <span class='ocrx_word' id='word_1_246' title='bbox 1299 3034 1362 3087; x_wconf 69' lang='lat' dir='ltr'>Et</span> <span class='ocrx_word' id='word_1_247' title='bbox 1388 3031 1564 3102; x_wconf 86' lang='grc' dir='ltr'>βούλει</span> <span class='ocrx_word' id='word_1_248' title='bbox 1582 3031 1749 3095; x_wconf 80' lang='grc' dir='ltr'>δεῖξαι</span> <span class='ocrx_word' id='word_1_249' title='bbox 1767 3032 1850 3085; x_wconf 85' lang='grc' dir='ltr'>ὅτι</span> <span class='ocrx_word' id='word_1_250' title='bbox 1870 3031 1971 3084; x_wconf 75' lang='grc' dir='ltr'>οὐκ</span> <span class='ocrx_word' id='word_1_251' title='bbox 1992 3030 2133 3083; x_wconf 87' lang='grc' dir='ltr'>ἐκοι-</span> 
     </span>
    </p>
   </div>
   <div class='ocr_carea' id='block_1_33' title="bbox 447 3117 2131 3195">
    <p class='ocr_par' dir='ltr' id='par_1_33' title="bbox 447 3117 2131 3195">
     <span class='ocr_line' id='line_1_33' title="bbox 447 3117 2131 3195; baseline -0.004 -18"><span class='ocrx_word' id='word_1_252' title='bbox 447 3124 698 3195; x_wconf 86' lang='grc' dir='ltr'>νώνησας</span> <span class='ocrx_word' id='word_1_253' title='bbox 716 3123 813 3193; x_wconf 84' lang='grc' dir='ltr'>τῆς</span> <span class='ocrx_word' id='word_1_254' title='bbox 833 3121 1067 3184; x_wconf 82' lang='grc' dir='ltr'>ἀδικίας,</span> <span class='ocrx_word' id='word_1_255' title='bbox 1090 3122 1183 3174; x_wconf 73' lang='grc' dir='ltr'>καὶ</span> <span class='ocrx_word' id='word_1_256' title='bbox 1202 3121 1263 3173; x_wconf 87' lang='grc' dir='ltr'>ού</span> <span class='ocrx_word' id='word_1_257' title='bbox 1285 3117 1649 3190; x_wconf 83' lang='grc' dir='ltr'>συνέπραξας,</span> <span class='ocrx_word' id='word_1_258' title='bbox 1672 3121 1766 3172; x_wconf 82' lang='grc' dir='ltr'>καὶ</span> <span class='ocrx_word' id='word_1_259' title='bbox 1784 3120 1883 3187; x_wconf 90' lang='grc' dir='ltr'>τῆς</span> <span class='ocrx_word' id='word_1_260' title='bbox 1909 3119 2131 3171; x_wconf 61' lang='grc' dir='ltr'>πλεονεκ</span> 
     </span>
    </p>
   </div>
   <div class='ocr_carea' id='block_1_34' title="bbox 452 3204 2132 3279">
    <p class='ocr_par' dir='ltr' id='par_1_34' title="bbox 452 3204 2132 3279">
     <span class='ocr_line' id='line_1_34' title="bbox 452 3204 2132 3279; baseline -0.004 -15"><span class='ocrx_word' id='word_1_261' title='bbox 452 3209 571 3275; x_wconf 72' lang='grc' dir='ltr'>ξίας</span> <span class='ocrx_word' id='word_1_262' title='bbox 590 3210 651 3263; x_wconf 78' lang='grc' dir='ltr'>οὗ</span> <span class='ocrx_word' id='word_1_263' title='bbox 671 3210 900 3277; x_wconf 84' lang='grc' dir='ltr'>γέγονας</span> <span class='ocrx_word' id='word_1_264' title='bbox 922 3207 1181 3279; x_wconf 85' lang='grc' dir='ltr'>ἐργάτης,</span> <span class='ocrx_word' id='word_1_265' title='bbox 1205 3206 1494 3278; x_wconf 84' lang='grc' dir='ltr'>διόρθωσαι</span> <span class='ocrx_word' id='word_1_266' title='bbox 1512 3207 1574 3259; x_wconf 79' lang='grc' dir='ltr'>τὸ</span> <span class='ocrx_word' id='word_1_267' title='bbox 1593 3206 1835 3274; x_wconf 73' lang='grc' dir='ltr'>γεγονὸς,</span> <span class='ocrx_word' id='word_1_268' title='bbox 1875 3223 1949 3257; x_wconf 90' lang='grc' dir='ltr'>πα</span> <span class='ocrx_word' id='word_1_269' title='bbox 1957 3204 2132 3276; x_wconf 83' lang='grc' dir='ltr'>ραμύ-</span> 
     </span>
    </p>
   </div>
   <div class='ocr_carea' id='block_1_35' title="bbox 449 3291 2133 3368">
    <p class='ocr_par' dir='ltr' id='par_1_35' title="bbox 449 3291 2133 3368">
     <span class='ocr_line' id='line_1_35' title="bbox 449 3291 2133 3368; baseline -0.003 -18"><span class='ocrx_word' id='word_1_270' title='bbox 449 3298 611 3368; x_wconf 86' lang='grc' dir='ltr'>θησαι</span> <span class='ocrx_word' id='word_1_271' title='bbox 631 3297 722 3350; x_wconf 81' lang='grc' dir='ltr'>τὸν</span> <span class='ocrx_word' id='word_1_272' title='bbox 742 3295 1089 3366; x_wconf 75' lang='grc' dir='ltr'>ἠδικημένον,</span> <span class='ocrx_word' id='word_1_273' title='bbox 1113 3294 1310 3357; x_wconf 87' lang='grc' dir='ltr'>ἀπόδος</span> <span class='ocrx_word' id='word_1_274' title='bbox 1342 3293 1411 3347; x_wconf 77' lang='grc' dir='ltr'>τὰ</span> <span class='ocrx_word' id='word_1_275' title='bbox 1443 3292 1826 3365; x_wconf 81' lang='grc' dir='ltr'>ἀφαιρεθέντα.</span> <span class='ocrx_word' id='word_1_276' title='bbox 1850 3291 2005 3346; x_wconf 73' lang='grc' dir='ltr'>Οὕτω</span> <span class='ocrx_word' id='word_1_277' title='bbox 2024 3291 2133 3364; x_wconf 84' lang='grc' dir='ltr'>γάρ</span> 
     </span>
    </p>
   </div>
   <div class='ocr_carea' id='block_1_36' title="bbox 451 3380 2133 3453">
    <p class='ocr_par' dir='ltr' id='par_1_36' title="bbox 451 3380 2133 3453">
     <span class='ocr_line' id='line_1_36' title="bbox 451 3380 2133 3453; baseline -0.002 -16"><span class='ocrx_word' id='word_1_278' title='bbox 451 3386 548 3438; x_wconf 67' lang='grc' dir='ltr'>καὶ</span> <span class='ocrx_word' id='word_1_279' title='bbox 568 3384 762 3437; x_wconf 74' lang='grc' dir='ltr'>σαυτὸν</span> <span class='ocrx_word' id='word_1_280' title='bbox 784 3381 1172 3452; x_wconf 78' lang='grc' dir='ltr'>ἐλευθερώσεις</span> <span class='ocrx_word' id='word_1_281' title='bbox 1192 3380 1578 3453; x_wconf 79' lang='grc' dir='ltr'>ἐγκλημάτων,</span> <span class='ocrx_word' id='word_1_282' title='bbox 1615 3380 1816 3434; x_wconf 78' lang='grc' dir='ltr'>καὶτὸν</span> <span class='ocrx_word' id='word_1_283' title='bbox 1836 3380 2133 3451; x_wconf 72' lang='grc' dir='ltr'>ἠδικηκότα</span> 
     </span>
    </p>
   </div>
   <div class='ocr_carea' id='block_1_37' title="bbox 448 3467 2132 3545">
    <p class='ocr_par' dir='ltr' id='par_1_37' title="bbox 448 3467 2132 3545">
     <span class='ocr_line' id='line_1_37' title="bbox 448 3467 2132 3545; baseline -0.003 -19"><span class='ocrx_word' id='word_1_284' title='bbox 448 3470 739 3545; x_wconf 86' lang='grc' dir='ltr'>διορθώσῃ,</span> <span class='ocrx_word' id='word_1_285' title='bbox 761 3471 941 3536; x_wconf 86' lang='grc' dir='ltr'>δείξας</span> <span class='ocrx_word' id='word_1_286' title='bbox 979 3471 1055 3534; x_wconf 85' lang='grc' dir='ltr'>ὡς</span> <span class='ocrx_word' id='word_1_287' title='bbox 1093 3470 1155 3524; x_wconf 87' lang='grc' dir='ltr'>ού</span> <span class='ocrx_word' id='word_1_288' title='bbox 1195 3469 1336 3524; x_wconf 86' lang='grc' dir='ltr'>κατά</span> <span class='ocrx_word' id='word_1_289' title='bbox 1368 3468 1593 3539; x_wconf 84' lang='grc' dir='ltr'>γνώμην</span> <span class='ocrx_word' id='word_1_290' title='bbox 1616 3485 1709 3522; x_wconf 91' lang='grc' dir='ltr'>σου</span> <span class='ocrx_word' id='word_1_291' title='bbox 1731 3467 1798 3522; x_wconf 86' lang='grc' dir='ltr'>τὰ</span> <span class='ocrx_word' id='word_1_292' title='bbox 1819 3468 1947 3540; x_wconf 88' lang='grc' dir='ltr'>παρ’</span> <span class='ocrx_word' id='word_1_293' title='bbox 1968 3468 2132 3522; x_wconf 84' lang='grc' dir='ltr'>αὑτοῦ</span> 
     </span>
    </p>
   </div>
   <div class='ocr_carea' id='block_1_38' title="bbox 451 3553 2134 3630">
    <p class='ocr_par' dir='ltr' id='par_1_38' title="bbox 451 3553 2134 3630">
     <span class='ocr_line' id='line_1_38' title="bbox 451 3553 2134 3630; baseline -0.001 -21"><span class='ocrx_word' id='word_1_294' title='bbox 451 3558 788 3630; x_wconf 85' lang='grc' dir='ltr'>πέπρακται,</span> <span class='ocrx_word' id='word_1_295' title='bbox 828 3557 925 3611; x_wconf 62' lang='grc' dir='ltr'>καὶ⁵</span> <span class='ocrx_word' id='word_1_296' title='bbox 960 3557 1051 3612; x_wconf 84' lang='grc' dir='ltr'>τὸν</span> <span class='ocrx_word' id='word_1_297' title='bbox 1087 3555 1296 3628; x_wconf 85' lang='grc' dir='ltr'>πένητα</span> <span class='ocrx_word' id='word_1_298' title='bbox 1333 3553 1724 3627; x_wconf 83' lang='grc' dir='ltr'>παρακαλέσας</span> <span class='ocrx_word' id='word_1_299' title='bbox 1759 3554 1862 3609; x_wconf 77' lang='grc' dir='ltr'>οὐκ</span> <span class='ocrx_word' id='word_1_300' title='bbox 1898 3555 2134 3626; x_wconf 82' lang='grc' dir='ltr'>ἀφήσεις</span> 
     </span>
    </p>
   </div>
   <div class='ocr_carea' id='block_1_39' title="bbox 452 3641 2134 3717">
    <p class='ocr_par' dir='ltr' id='par_1_39' title="bbox 452 3641 2134 3717">
     <span class='ocr_line' id='line_1_39' title="bbox 452 3641 2134 3717; baseline -0.002 -19"><span class='ocrx_word' id='word_1_301' title='bbox 452 3645 559 3698; x_wconf 73' lang='grc' dir='ltr'>ὑπὸ</span> <span class='ocrx_word' id='word_1_302' title='bbox 592 3646 691 3717; x_wconf 88' lang='grc' dir='ltr'>τῆς</span> <span class='ocrx_word' id='word_1_303' title='bbox 728 3644 965 3716; x_wconf 86' lang='grc' dir='ltr'>ἀθυμίας</span> <span class='ocrx_word' id='word_1_304' title='bbox 999 3643 1398 3715; x_wconf 81' lang='grc' dir='ltr'>καταποθῆναι,</span> <span class='ocrx_word' id='word_1_305' title='bbox 1418 3642 1485 3714; x_wconf 79' lang='grc' dir='ltr'>ἢν</span> <span class='ocrx_word' id='word_1_306' title='bbox 1503 3642 1591 3696; x_wconf 87' lang='grc' dir='ltr'>διὰ</span> <span class='ocrx_word' id='word_1_307' title='bbox 1610 3641 1706 3714; x_wconf 83' lang='grc' dir='ltr'>τὴν</span> <span class='ocrx_word' id='word_1_308' title='bbox 1725 3641 2014 3715; x_wconf 86' lang='grc' dir='ltr'>ἀφαίρεσιν</span> <span class='ocrx_word' id='word_1_309' title='bbox 2034 3642 2134 3713; x_wconf 85' lang='grc' dir='ltr'>ύφ-</span> 
     </span>
    </p>
   </div>
   <div class='ocr_carea' id='block_1_40' title="bbox 455 3728 2133 3803">
    <p class='ocr_par' dir='ltr' id='par_1_40' title="bbox 455 3728 2133 3803">
     <span class='ocr_line' id='line_1_40' title="bbox 455 3728 2133 3803; baseline 0 -19"><span class='ocrx_word' id='word_1_310' title='bbox 455 3731 704 3786; x_wconf 86' lang='grc' dir='ltr'>ίστασθαι</span> <span class='ocrx_word' id='word_1_311' title='bbox 725 3730 939 3803; x_wconf 73' lang='grc' dir='ltr'>ἔμελλε.</span> <span class='ocrx_word' id='word_1_312' title='bbox 963 3728 1061 3799; x_wconf 78' lang='grc' dir='ltr'>Μὴ</span> <span class='ocrx_word' id='word_1_313' title='bbox 1089 3730 1266 3793; x_wconf 73' lang='grc' dir='ltr'>ἔστω,</span> <span class='ocrx_word' id='word_1_314' title='bbox 1286 3728 1438 3800; x_wconf 76' lang='grc' dir='ltr'>φησὶ.</span> <span class='ocrx_word' id='word_1_315' title='bbox 1458 3728 1623 3799; x_wconf 83' lang='grc' dir='ltr'>μάχη</span> <span class='ocrx_word' id='word_1_316' title='bbox 1644 3729 1759 3783; x_wconf 82' lang='grc' dir='ltr'>ἀνὰ</span> <span class='ocrx_word' id='word_1_317' title='bbox 1770 3729 1968 3798; x_wconf 82' lang='grc' dir='ltr'>μέσον</span> <span class='ocrx_word' id='word_1_318' title='bbox 1987 3730 2133 3799; x_wconf 83' lang='grc' dir='ltr'>ἐμοῦ</span> 
     </span>
    </p>
   </div>
   <div class='ocr_carea' id='block_1_41' title="bbox 452 3815 2135 3888">
    <p class='ocr_par' dir='ltr' id='par_1_41' title="bbox 452 3815 2135 3888">
     <span class='ocr_line' id='line_1_41' title="bbox 452 3815 2135 3888; baseline 0 -16"><span class='ocrx_word' id='word_1_319' title='bbox 452 3820 552 3872; x_wconf 74' lang='grc' dir='ltr'>καὶ</span> <span class='ocrx_word' id='word_1_320' title='bbox 590 3818 732 3882; x_wconf 87' lang='grc' dir='ltr'>σοῦ,</span> <span class='ocrx_word' id='word_1_321' title='bbox 758 3820 856 3873; x_wconf 77' lang='grc' dir='ltr'>καὶ</span> <span class='ocrx_word' id='word_1_322' title='bbox 898 3817 1018 3872; x_wconf 86' lang='grc' dir='ltr'>τῶν</span> <span class='ocrx_word' id='word_1_323' title='bbox 1056 3817 1355 3888; x_wconf 81' lang='grc' dir='ltr'>ποιμένων</span> <span class='ocrx_word' id='word_1_324' title='bbox 1386 3833 1506 3887; x_wconf 88' lang='grc' dir='ltr'>μου</span> <span class='ocrx_word' id='word_1_325' title='bbox 1544 3816 1643 3871; x_wconf 74' lang='grc' dir='ltr'>καὶ</span> <span class='ocrx_word' id='word_1_326' title='bbox 1684 3815 1804 3869; x_wconf 85' lang='grc' dir='ltr'>τῶν</span> <span class='ocrx_word' id='word_1_327' title='bbox 1837 3818 2135 3886; x_wconf 82' lang='grc' dir='ltr'>ποιμένων</span> 
     </span>
    </p>
   </div>
   <div class='ocr_carea' id='block_1_42' title="bbox 453 3897 2136 3975">
    <p class='ocr_par' dir='ltr' id='par_1_42' title="bbox 453 3897 2136 3975">
     <span class='ocr_line' id='line_1_42' title="bbox 453 3897 2136 3975; baseline -0.001 -16"><span class='ocrx_word' id='word_1_328' title='bbox 453 3924 594 3972; x_wconf 84' lang='grc' dir='ltr'>σου,</span> <span class='ocrx_word' id='word_1_329' title='bbox 615 3905 705 3959; x_wconf 88' lang='grc' dir='ltr'>ὅτι</span> <span class='ocrx_word' id='word_1_330' title='bbox 726 3903 1023 3974; x_wconf 75' lang='grc' dir='ltr'>ἅνθρωποι</span> <span class='ocrx_word' id='word_1_331' title='bbox 1043 3904 1293 3974; x_wconf 71' lang='grc' dir='ltr'>ἀδελφοί</span> <span class='ocrx_word' id='word_1_332' title='bbox 1313 3903 1483 3973; x_wconf 74' lang='grc' dir='ltr'>ἡμεῖς</span> <span class='ocrx_word' id='word_1_333' title='bbox 1501 3903 1706 3971; x_wconf 83' lang='grc' dir='ltr'>ἐσμεν.</span> <span class='ocrx_word' id='word_1_334' title='bbox 1722 3897 1877 3966; x_wconf 81' lang='grc' dir='ltr'>Εἶδες</span> <span class='ocrx_word' id='word_1_335' title='bbox 1896 3904 2136 3975; x_wconf 76' lang='grc' dir='ltr'>πραΰτη·</span> 
     </span>
    </p>
   </div>
   <div class='ocr_carea' id='block_1_43' title="bbox 454 3989 2135 4063">
    <p class='ocr_par' dir='ltr' id='par_1_43' title="bbox 454 3989 2135 4063">
     <span class='ocr_line' id='line_1_43' title="bbox 454 3989 2135 4063; baseline -0.002 -16"><span class='ocrx_word' id='word_1_336' title='bbox 454 4011 524 4048; x_wconf 92' lang='grc' dir='ltr'>τα</span> <span class='ocrx_word' id='word_1_337' title='bbox 543 4013 554 4024; x_wconf 92' lang='grc'><strong>·</strong></span> <span class='ocrx_word' id='word_1_338' title='bbox 581 3991 721 4058; x_wconf 82' lang='grc' dir='ltr'>είδες</span> <span class='ocrx_word' id='word_1_339' title='bbox 741 3992 1072 4059; x_wconf 86' lang='grc' dir='ltr'>ἑπιείκειαν;</span> <span class='ocrx_word' id='word_1_340' title='bbox 1098 3994 1295 4046; x_wconf 82' lang='grc' dir='ltr'>Ἀκουε</span> <span class='ocrx_word' id='word_1_341' title='bbox 1318 3990 1535 4046; x_wconf 77' lang='grc' dir='ltr'>καὶτῶν</span> <span class='ocrx_word' id='word_1_342' title='bbox 1557 3989 1706 4060; x_wconf 87' lang='grc' dir='ltr'>ἑξῆς,</span> <span class='ocrx_word' id='word_1_343' title='bbox 1731 3989 1819 4043; x_wconf 79' lang='grc' dir='ltr'>ἵνα</span> <span class='ocrx_word' id='word_1_344' title='bbox 1840 3989 2017 4063; x_wconf 82' lang='grc' dir='ltr'>μάθῃς</span> <span class='ocrx_word' id='word_1_345' title='bbox 2038 3990 2135 4044; x_wconf 84' lang='grc' dir='ltr'>αύ-</span> 
     </span>
    </p>
   </div>
   <div class='ocr_carea' id='block_1_44' title="bbox 455 4073 2135 4153">
    <p class='ocr_par' dir='ltr' id='par_1_44' title="bbox 455 4073 2135 4153">
     <span class='ocr_line' id='line_1_44' title="bbox 455 4073 2135 4153; baseline -0.001 -18"><span class='ocrx_word' id='word_1_346' title='bbox 455 4082 547 4136; x_wconf 86' lang='grc' dir='ltr'><strong>τοῦ</strong></span> <span class='ocrx_word' id='word_1_347' title='bbox 567 4082 665 4153; x_wconf 85' lang='grc' dir='ltr'>τῆς</span> <span class='ocrx_word' id='word_1_348' title='bbox 686 4082 1002 4153; x_wconf 87' lang='grc' dir='ltr'>φιλοσοφίας</span> <span class='ocrx_word' id='word_1_349' title='bbox 1022 4081 1120 4153; x_wconf 83' lang='grc' dir='ltr'>τὴν</span> <span class='ocrx_word' id='word_1_350' title='bbox 1140 4079 1465 4153; x_wconf 80' lang='grc' dir='ltr'>ὑπερϐολήν.</span> <span class='ocrx_word' id='word_1_351' title='bbox 1490 4078 1617 4143; x_wconf 88' lang='grc' dir='ltr'>Πῶς</span> <span class='ocrx_word' id='word_1_352' title='bbox 1636 4073 1728 4133; x_wconf 76' lang='grc' dir='ltr'>οὖν</span> <span class='ocrx_word' id='word_1_353' title='bbox 1747 4078 1815 4132; x_wconf 88' lang='grc' dir='ltr'>τά</span> <span class='ocrx_word' id='word_1_354' title='bbox 1832 4079 1933 4150; x_wconf 89' lang='grc' dir='ltr'>τῆς</span> <span class='ocrx_word' id='word_1_355' title='bbox 1955 4079 2135 4150; x_wconf 84' lang='grc' dir='ltr'>μάχης</span> 
     </span>
    </p>
   </div>
   <div class='ocr_carea' id='block_1_45' title="bbox 454 4165 2135 4243">
    <p class='ocr_par' dir='ltr' id='par_1_45' title="bbox 454 4165 2135 4243">
     <span class='ocr_line' id='line_1_45' title="bbox 454 4165 2135 4243; baseline -0.002 -19"><span class='ocrx_word' id='word_1_356' title='bbox 454 4170 608 4224; x_wconf 84' lang='grc' dir='ltr'>λύσιν</span> <span class='ocrx_word' id='word_1_357' title='bbox 646 4170 809 4243; x_wconf 89' lang='grc' dir='ltr'>λάϐῃ,</span> <span class='ocrx_word' id='word_1_358' title='bbox 834 4172 929 4224; x_wconf 63' lang='grc' dir='ltr'>καὶ¹</span> <span class='ocrx_word' id='word_1_359' title='bbox 971 4169 1172 4240; x_wconf 84' lang='grc' dir='ltr'>σϐεσθῇ</span> <span class='ocrx_word' id='word_1_360' title='bbox 1195 4169 1263 4223; x_wconf 85' lang='grc' dir='ltr'>τὰ</span> <span class='ocrx_word' id='word_1_361' title='bbox 1280 4171 1381 4240; x_wconf 85' lang='grc' dir='ltr'>τῆς</span> <span class='ocrx_word' id='word_1_362' title='bbox 1402 4166 1765 4237; x_wconf 86' lang='grc' dir='ltr'>φιλονεικίας;</span> <span class='ocrx_word' id='word_1_363' title='bbox 1799 4166 1943 4221; x_wconf 85' lang='grc' dir='ltr'>Ἰδοὺ</span> <span class='ocrx_word' id='word_1_364' title='bbox 1966 4165 2135 4221; x_wconf 83' lang='grc' dir='ltr'>πᾶσα</span> 
     </span>
    </p>
   </div>
   <div class='ocr_carea' id='block_1_46' title="bbox 455 4258 2134 4333">
    <p class='ocr_par' dir='ltr' id='par_1_46' title="bbox 455 4258 2134 4333">
     <span class='ocr_line' id='line_1_46' title="bbox 455 4258 2134 4333; baseline -0.002 -18"><span class='ocrx_word' id='word_1_365' title='bbox 455 4262 494 4329; x_wconf 75' lang='grc' dir='ltr'><em>ἠ</em></span> <span class='ocrx_word' id='word_1_366' title='bbox 538 4261 635 4333; x_wconf 74' lang='grc' dir='ltr'>γῆ,</span> <span class='ocrx_word' id='word_1_367' title='bbox 673 4263 858 4333; x_wconf 69' lang='grc' dir='ltr'>φησὶν,</span> <span class='ocrx_word' id='word_1_368' title='bbox 889 4261 1169 4316; x_wconf 79' lang='grc' dir='ltr'>ἐναντίον</span> <span class='ocrx_word' id='word_1_369' title='bbox 1211 4274 1327 4314; x_wconf 81' lang='grc' dir='ltr'>σου</span> <span class='ocrx_word' id='word_1_370' title='bbox 1367 4259 1520 4314; x_wconf 83' lang='grc' dir='ltr'>ἐστί.</span> <span class='ocrx_word' id='word_1_371' title='bbox 1568 4258 1991 4327; x_wconf 82' lang='grc' dir='ltr'>Διαχωρίσθητι</span> <span class='ocrx_word' id='word_1_372' title='bbox 2032 4258 2134 4312; x_wconf 80' lang='grc' dir='ltr'>ἀπ’</span> 
     </span>
    </p>
   </div>
   <div class='ocr_carea' id='block_1_47' title="bbox 456 4345 2134 4417">
    <p class='ocr_par' dir='ltr' id='par_1_47' title="bbox 456 4345 2134 4417">
     <span class='ocr_line' id='line_1_47' title="bbox 456 4345 2134 4417; baseline -0.002 -15"><span class='ocrx_word' id='word_1_373' title='bbox 456 4348 603 4417; x_wconf 86' lang='grc' dir='ltr'>ἐμοῦ</span> <span class='ocrx_word' id='word_1_374' title='bbox 622 4366 636 4379; x_wconf 93' lang='grc'><strong>·</strong></span> <span class='ocrx_word' id='word_1_375' title='bbox 660 4351 713 4402; x_wconf 84' lang='grc' dir='ltr'>ει</span> <span class='ocrx_word' id='word_1_376' title='bbox 752 4348 834 4403; x_wconf 89' lang='grc' dir='ltr'>σὺ</span> <span class='ocrx_word' id='word_1_377' title='bbox 871 4351 958 4414; x_wconf 82' lang='grc' dir='ltr'>είς</span> <span class='ocrx_word' id='word_1_378' title='bbox 997 4347 1298 4415; x_wconf 80' lang='grc' dir='ltr'>ἀριστερὰ,</span> <span class='ocrx_word' id='word_1_379' title='bbox 1324 4346 1439 4416; x_wconf 80' lang='grc' dir='ltr'>ἐγὼ</span> <span class='ocrx_word' id='word_1_380' title='bbox 1459 4350 1543 4413; x_wconf 84' lang='grc' dir='ltr'>εὶς</span> <span class='ocrx_word' id='word_1_381' title='bbox 1563 4345 1731 4411; x_wconf 82' lang='grc' dir='ltr'>δεξιά</span> <span class='ocrx_word' id='word_1_382' title='bbox 1749 4364 1763 4377; x_wconf 87' lang='grc'><strong>·</strong></span> <span class='ocrx_word' id='word_1_383' title='bbox 1784 4348 1836 4400; x_wconf 81' lang='grc' dir='ltr'>εί</span> <span class='ocrx_word' id='word_1_384' title='bbox 1856 4345 1923 4399; x_wconf 82' lang='grc' dir='ltr'>δὲ</span> <span class='ocrx_word' id='word_1_385' title='bbox 1944 4345 2025 4399; x_wconf 86' lang='grc' dir='ltr'>σὺ</span> <span class='ocrx_word' id='word_1_386' title='bbox 2047 4348 2134 4413; x_wconf 82' lang='grc' dir='ltr'>είς</span> 
     </span>
    </p>
   </div>
   <div class='ocr_carea' id='block_1_48' title="bbox 457 4432 2132 4504">
    <p class='ocr_par' dir='ltr' id='par_1_48' title="bbox 457 4432 2132 4504">
     <span class='ocr_line' id='line_1_48' title="bbox 457 4432 2132 4504; baseline 0 -17"><span class='ocrx_word' id='word_1_387' title='bbox 457 4433 648 4499; x_wconf 79' lang='grc' dir='ltr'>δεξιὰ,</span> <span class='ocrx_word' id='word_1_388' title='bbox 672 4433 787 4503; x_wconf 80' lang='grc' dir='ltr'>ἐγὼ</span> <span class='ocrx_word' id='word_1_389' title='bbox 804 4435 892 4500; x_wconf 77' lang='grc' dir='ltr'>εὶς</span> <span class='ocrx_word' id='word_1_390' title='bbox 914 4433 1215 4501; x_wconf 81' lang='grc' dir='ltr'>ἀριστερά.</span> <span class='ocrx_word' id='word_1_391' title='bbox 1240 4432 1441 4486; x_wconf 89' lang='grc' dir='ltr'>Σκόπει</span> <span class='ocrx_word' id='word_1_392' title='bbox 1458 4432 1551 4486; x_wconf 86' lang='grc' dir='ltr'>τοῦ</span> <span class='ocrx_word' id='word_1_393' title='bbox 1572 4434 1779 4487; x_wconf 86' lang='grc' dir='ltr'>δικαίου</span> <span class='ocrx_word' id='word_1_394' title='bbox 1798 4432 1896 4504; x_wconf 84' lang='grc' dir='ltr'>τὴν</span> <span class='ocrx_word' id='word_1_395' title='bbox 1919 4433 2132 4501; x_wconf 85' lang='grc' dir='ltr'>φιλοσο-</span> 
     </span>
    </p>
   </div>
   <div class='ocr_carea' id='block_1_49' title="bbox 460 4518 2131 4593">
    <p class='ocr_par' dir='ltr' id='par_1_49' title="bbox 460 4518 2131 4593">
     <span class='ocr_line' id='line_1_49' title="bbox 460 4518 2131 4593; baseline 0.001 -20"><span class='ocrx_word' id='word_1_396' title='bbox 460 4521 590 4591; x_wconf 85' lang='grc' dir='ltr'>φίαν</span> <span class='ocrx_word' id='word_1_397' title='bbox 619 4520 713 4574; x_wconf 71' lang='grc' dir='ltr'>καὶ</span> <span class='ocrx_word' id='word_1_398' title='bbox 741 4520 842 4591; x_wconf 87' lang='grc' dir='ltr'>τῆς</span> <span class='ocrx_word' id='word_1_399' title='bbox 871 4520 1369 4593; x_wconf 86' lang='grc' dir='ltr'>ταπεινοφροσύνης</span> <span class='ocrx_word' id='word_1_400' title='bbox 1387 4521 1486 4592; x_wconf 84' lang='grc' dir='ltr'>τὴν</span> <span class='ocrx_word' id='word_1_401' title='bbox 1506 4520 1776 4574; x_wconf 91' lang='grc' dir='ltr'>ἐπίτασιν.</span> <span class='ocrx_word' id='word_1_402' title='bbox 1800 4520 1912 4592; x_wconf 82' lang='grc' dir='ltr'>Πρὸ</span> <span class='ocrx_word' id='word_1_403' title='bbox 1930 4520 1987 4573; x_wconf 83' lang='grc' dir='ltr'>δὲ</span> <span class='ocrx_word' id='word_1_404' title='bbox 2007 4518 2131 4574; x_wconf 89' lang='grc' dir='ltr'>τού-</span> 
     </span>
    </p>
   </div>
   <div class='ocr_carea' id='block_1_50' title="bbox 456 4606 2135 4680">
    <p class='ocr_par' dir='ltr' id='par_1_50' title="bbox 456 4606 2135 4680">
     <span class='ocr_line' id='line_1_50' title="bbox 456 4606 2135 4680; baseline 0.001 -19"><span class='ocrx_word' id='word_1_405' title='bbox 456 4626 564 4661; x_wconf 90' lang='grc' dir='ltr'>των</span> <span class='ocrx_word' id='word_1_406' title='bbox 584 4607 755 4661; x_wconf 83' lang='grc' dir='ltr'>ἐννόει</span> <span class='ocrx_word' id='word_1_407' title='bbox 777 4626 889 4680; x_wconf 86' lang='grc' dir='ltr'>μοι,</span> <span class='ocrx_word' id='word_1_408' title='bbox 909 4607 1183 4679; x_wconf 88' lang='grc' dir='ltr'>ἀγαπητέ,</span> <span class='ocrx_word' id='word_1_409' title='bbox 1206 4609 1304 4679; x_wconf 84' lang='grc' dir='ltr'>ὅση</span> <span class='ocrx_word' id='word_1_410' title='bbox 1326 4607 1417 4661; x_wconf 87' lang='grc' dir='ltr'>τοῦ</span> <span class='ocrx_word' id='word_1_411' title='bbox 1438 4607 1670 4661; x_wconf 87' lang='grc' dir='ltr'>πλούτου</span> <span class='ocrx_word' id='word_1_412' title='bbox 1694 4609 1726 4678; x_wconf 73' lang='grc' dir='ltr'><strong>ἡ</strong></span> <span class='ocrx_word' id='word_1_413' title='bbox 1745 4606 1914 4679; x_wconf 89' lang='grc' dir='ltr'>λύμη,</span> <span class='ocrx_word' id='word_1_414' title='bbox 1929 4607 2135 4678; x_wconf 72' lang='grc' dir='ltr'>καὶτῆς</span> 
     </span>
    </p>
   </div>
   <div class='ocr_carea' id='block_1_51' title="bbox 457 4696 2131 4771">
    <p class='ocr_par' dir='ltr' id='par_1_51' title="bbox 457 4696 2131 4771">
     <span class='ocr_line' id='line_1_51' title="bbox 457 4696 2131 4771; baseline 0 -20"><span class='ocrx_word' id='word_1_415' title='bbox 457 4697 775 4771; x_wconf 87' lang='grc' dir='ltr'>περιουσίας</span> <span class='ocrx_word' id='word_1_416' title='bbox 816 4697 916 4769; x_wconf 86' lang='grc' dir='ltr'>τῆς</span> <span class='ocrx_word' id='word_1_417' title='bbox 959 4696 1210 4768; x_wconf 84' lang='grc' dir='ltr'>πολλῆςή</span> <span class='ocrx_word' id='word_1_418' title='bbox 1233 4698 1484 4769; x_wconf 89' lang='grc' dir='ltr'>διαφορά.</span> <span class='ocrx_word' id='word_1_419' title='bbox 1517 4696 1741 4767; x_wconf 82' lang='grc' dir='ltr'>Ηύξήθη</span> <span class='ocrx_word' id='word_1_420' title='bbox 1779 4697 1847 4750; x_wconf 75' lang='grc' dir='ltr'>τὰ</span> <span class='ocrx_word' id='word_1_421' title='bbox 1884 4696 2131 4767; x_wconf 89' lang='grc' dir='ltr'>ποίμνια,</span> 
     </span>
    </p>
   </div>
   <div class='ocr_carea' id='block_1_52' title="bbox 457 4783 2135 4858">
    <p class='ocr_par' dir='ltr' id='par_1_52' title="bbox 457 4783 2135 4858">
     <span class='ocr_line' id='line_1_52' title="bbox 457 4783 2135 4858; baseline 0 -21"><span class='ocrx_word' id='word_1_422' title='bbox 457 4784 815 4858; x_wconf 86' lang='grc' dir='ltr'>προσεγένετο</span> <span class='ocrx_word' id='word_1_423' title='bbox 835 4784 1063 4849; x_wconf 85' lang='grc' dir='ltr'>πλοῦτος</span> <span class='ocrx_word' id='word_1_424' title='bbox 1082 4783 1228 4857; x_wconf 78' lang='grc'>[556]</span> <span class='ocrx_word' id='word_1_425' title='bbox 1247 4785 1431 4849; x_wconf 81' lang='grc' dir='ltr'>πολὺς,</span> <span class='ocrx_word' id='word_1_426' title='bbox 1451 4786 1545 4838; x_wconf 73' lang='grc' dir='ltr'>καὶ</span> <span class='ocrx_word' id='word_1_427' title='bbox 1564 4783 1765 4848; x_wconf 76' lang='grc' dir='ltr'>εὐθέως</span> <span class='ocrx_word' id='word_1_428' title='bbox 1785 4783 2135 4838; x_wconf 85' lang='grc' dir='ltr'>διακόπτεται</span> 
     </span>
    </p>
   </div>
   <div class='ocr_carea' id='block_1_53' title="bbox 456 4868 2135 4945">
    <p class='ocr_par' dir='ltr' id='par_1_53' title="bbox 456 4868 2135 4945">
     <span class='ocr_line' id='line_1_53' title="bbox 456 4868 2135 4945; baseline -0.001 -19"><span class='ocrx_word' id='word_1_429' title='bbox 456 4875 490 4944; x_wconf 91' lang='grc' dir='ltr'>ή</span> <span class='ocrx_word' id='word_1_430' title='bbox 514 4872 736 4945; x_wconf 82' lang='grc' dir='ltr'>ὁμόνοια</span> <span class='ocrx_word' id='word_1_431' title='bbox 753 4888 765 4902; x_wconf 90' lang='grc'><strong>·</strong></span> <span class='ocrx_word' id='word_1_432' title='bbox 788 4872 886 4926; x_wconf 72' lang='grc' dir='ltr'>καὶ</span> <span class='ocrx_word' id='word_1_433' title='bbox 906 4872 1032 4925; x_wconf 76' lang='grc' dir='ltr'>ἔνθα</span> <span class='ocrx_word' id='word_1_434' title='bbox 1051 4868 1120 4942; x_wconf 78' lang='grc' dir='ltr'>ῆν</span> <span class='ocrx_word' id='word_1_435' title='bbox 1139 4874 1173 4943; x_wconf 90' lang='grc' dir='ltr'>ή</span> <span class='ocrx_word' id='word_1_436' title='bbox 1193 4874 1384 4945; x_wconf 78' lang='grc' dir='ltr'>εἰρήνη</span> <span class='ocrx_word' id='word_1_437' title='bbox 1405 4873 1498 4926; x_wconf 72' lang='grc' dir='ltr'>καὶ</span> <span class='ocrx_word' id='word_1_438' title='bbox 1516 4873 1544 4925; x_wconf 89' lang='grc' dir='ltr'>ό</span> <span class='ocrx_word' id='word_1_439' title='bbox 1564 4870 1857 4942; x_wconf 90' lang='grc' dir='ltr'>σύνδεσμος</span> <span class='ocrx_word' id='word_1_440' title='bbox 1876 4872 1975 4942; x_wconf 87' lang='grc' dir='ltr'>τῆς</span> <span class='ocrx_word' id='word_1_441' title='bbox 1996 4871 2135 4940; x_wconf 72' lang='grc' dir='ltr'>ἀγάσ-</span> 
     </span>
    </p>
   </div>
   <div class='ocr_carea' id='block_1_54' title="bbox 458 4956 2136 5031">
    <p class='ocr_par' dir='ltr' id='par_1_54' title="bbox 458 4956 2136 5031">
     <span class='ocr_line' id='line_1_54' title="bbox 458 4956 2136 5031; baseline 0 -18"><span class='ocrx_word' id='word_1_442' title='bbox 458 4977 589 5031; x_wconf 89' lang='grc' dir='ltr'>πης,</span> <span class='ocrx_word' id='word_1_443' title='bbox 613 4961 727 5013; x_wconf 85' lang='grc' dir='ltr'>ἐκεῖ</span> <span class='ocrx_word' id='word_1_444' title='bbox 748 4961 894 5031; x_wconf 85' lang='grc' dir='ltr'>μάχη</span> <span class='ocrx_word' id='word_1_445' title='bbox 915 4961 1010 5014; x_wconf 73' lang='grc' dir='ltr'>καὶ</span> <span class='ocrx_word' id='word_1_446' title='bbox 1030 4960 1531 5029; x_wconf 82' lang='grc' dir='ltr'>φιλονεικία.”οπου</span> <span class='ocrx_word' id='word_1_447' title='bbox 1552 4956 1663 5030; x_wconf 89' lang='grc' dir='ltr'>γάρ</span> <span class='ocrx_word' id='word_1_448' title='bbox 1694 4958 1756 5011; x_wconf 84' lang='grc' dir='ltr'>τὸ</span> <span class='ocrx_word' id='word_1_449' title='bbox 1793 4959 1924 5028; x_wconf 82' lang='grc' dir='ltr'>ἐμὸν</span> <span class='ocrx_word' id='word_1_450' title='bbox 1961 4959 2136 5013; x_wconf 80' lang='grc' dir='ltr'>καὶτὸ</span> 
     </span>
    </p>
   </div>
   <div class='ocr_carea' id='block_1_55' title="bbox 459 5046 2132 5119">
    <p class='ocr_par' dir='ltr' id='par_1_55' title="bbox 459 5046 2132 5119">
     <span class='ocr_line' id='line_1_55' title="bbox 459 5046 2132 5119; baseline -0.001 -18"><span class='ocrx_word' id='word_1_451' title='bbox 459 5048 573 5108; x_wconf 62' lang='grc' dir='ltr'>σὺν.</span> <span class='ocrx_word' id='word_1_452' title='bbox 611 5049 730 5101; x_wconf 78' lang='grc' dir='ltr'>ἐκεῖ</span> <span class='ocrx_word' id='word_1_453' title='bbox 766 5050 915 5102; x_wconf 82' lang='grc' dir='ltr'>πᾶσα</span> <span class='ocrx_word' id='word_1_454' title='bbox 953 5047 1134 5119; x_wconf 85' lang='grc' dir='ltr'>μάχης</span> <span class='ocrx_word' id='word_1_455' title='bbox 1173 5046 1304 5114; x_wconf 84' lang='grc' dir='ltr'>ἰδέα,</span> <span class='ocrx_word' id='word_1_456' title='bbox 1346 5048 1440 5101; x_wconf 80' lang='grc' dir='ltr'>καὶ</span> <span class='ocrx_word' id='word_1_457' title='bbox 1477 5046 1809 5116; x_wconf 84' lang='grc' dir='ltr'>φιλονεικίας</span> <span class='ocrx_word' id='word_1_458' title='bbox 1845 5046 2132 5110; x_wconf 75' lang='grc' dir='ltr'>ὑπόθεσιςο</span> 
     </span>
    </p>
   </div>
   <div class='ocr_carea' id='block_1_56' title="bbox 456 5132 2137 5210">
    <p class='ocr_par' dir='ltr' id='par_1_56' title="bbox 456 5132 2137 5210">
     <span class='ocr_line' id='line_1_56' title="bbox 456 5132 2137 5210; baseline -0.001 -22"><span class='ocrx_word' id='word_1_459' title='bbox 456 5135 587 5189; x_wconf 78' lang='grc' dir='ltr'>ἔνθα</span> <span class='ocrx_word' id='word_1_460' title='bbox 622 5136 679 5189; x_wconf 82' lang='grc' dir='ltr'>δὲ</span> <span class='ocrx_word' id='word_1_461' title='bbox 714 5135 871 5190; x_wconf 83' lang='grc' dir='ltr'>τοῦτο</span> <span class='ocrx_word' id='word_1_462' title='bbox 910 5135 985 5209; x_wconf 77' lang='grc' dir='ltr'>μή</span> <span class='ocrx_word' id='word_1_463' title='bbox 1023 5132 1079 5210; x_wconf 83' lang='grc' dir='ltr'>ᾖ,</span> <span class='ocrx_word' id='word_1_464' title='bbox 1100 5136 1169 5190; x_wconf 88' lang='grc' dir='ltr'>τὰ</span> <span class='ocrx_word' id='word_1_465' title='bbox 1197 5136 1299 5207; x_wconf 88' lang='grc' dir='ltr'>τῆς</span> <span class='ocrx_word' id='word_1_466' title='bbox 1324 5135 1578 5206; x_wconf 87' lang='grc' dir='ltr'>ὁμονοίας</span> <span class='ocrx_word' id='word_1_467' title='bbox 1597 5133 1690 5188; x_wconf 78' lang='grc' dir='ltr'>καὶ</span> <span class='ocrx_word' id='word_1_468' title='bbox 1708 5133 1776 5187; x_wconf 90' lang='grc' dir='ltr'>τά</span> <span class='ocrx_word' id='word_1_469' title='bbox 1795 5136 1894 5205; x_wconf 80' lang='grc' dir='ltr'>τῆς</span> <span class='ocrx_word' id='word_1_470' title='bbox 1914 5135 2137 5206; x_wconf 82' lang='grc' dir='ltr'>είρήνης</span> 
     </span>
    </p>
   </div>
   <div class='ocr_carea' id='block_1_57' title="bbox 461 5221 2135 5294">
    <p class='ocr_par' dir='ltr' id='par_1_57' title="bbox 461 5221 2135 5294">
     <span class='ocr_line' id='line_1_57' title="bbox 461 5221 2135 5294; baseline -0.001 -20"><span class='ocrx_word' id='word_1_471' title='bbox 461 5223 599 5291; x_wconf 83' lang='grc' dir='ltr'>μετά</span> <span class='ocrx_word' id='word_1_472' title='bbox 622 5223 803 5292; x_wconf 83' lang='grc' dir='ltr'>πάσης</span> <span class='ocrx_word' id='word_1_473' title='bbox 821 5222 1107 5294; x_wconf 90' lang='grc' dir='ltr'>ἀκριϐείας</span> <span class='ocrx_word' id='word_1_474' title='bbox 1128 5222 1486 5275; x_wconf 87' lang='grc' dir='ltr'>πολιτεύεται.</span> <span class='ocrx_word' id='word_1_475' title='bbox 1508 5222 1619 5275; x_wconf 69' lang='grc' dir='ltr'>Καὶ</span> <span class='ocrx_word' id='word_1_476' title='bbox 1639 5221 1725 5275; x_wconf 83' lang='grc' dir='ltr'>ἴνα</span> <span class='ocrx_word' id='word_1_477' title='bbox 1748 5221 1946 5293; x_wconf 76' lang='grc' dir='ltr'>μάθῃς,</span> <span class='ocrx_word' id='word_1_478' title='bbox 1968 5221 2135 5276; x_wconf 75' lang='grc' dir='ltr'>ἄκουε</span> 
     </span>
    </p>
   </div>
   <div class='ocr_carea' id='block_1_58' title="bbox 457 5308 2136 5383">
    <p class='ocr_par' dir='ltr' id='par_1_58' title="bbox 457 5308 2136 5383">
     <span class='ocr_line' id='line_1_58' title="bbox 457 5308 2136 5383; baseline 0 -20"><span class='ocrx_word' id='word_1_479' title='bbox 457 5311 513 5363; x_wconf 89' lang='grc' dir='ltr'>τί</span> <span class='ocrx_word' id='word_1_480' title='bbox 533 5328 699 5381; x_wconf 83' lang='grc' dir='ltr'>φησιν</span> <span class='ocrx_word' id='word_1_481' title='bbox 734 5313 763 5365; x_wconf 91' lang='grc' dir='ltr'>ό</span> <span class='ocrx_word' id='word_1_482' title='bbox 797 5311 1068 5383; x_wconf 86' lang='grc' dir='ltr'>μακάριος</span> <span class='ocrx_word' id='word_1_483' title='bbox 1087 5311 1302 5373; x_wconf 82' lang='grc' dir='ltr'>Λουκᾶς</span> <span class='ocrx_word' id='word_1_484' title='bbox 1322 5309 1574 5381; x_wconf 75' lang='grc' dir='ltr'>περὶτῶν</span> <span class='ocrx_word' id='word_1_485' title='bbox 1595 5308 1653 5373; x_wconf 87' lang='grc' dir='ltr'>ἐξ</span> <span class='ocrx_word' id='word_1_486' title='bbox 1672 5308 1848 5379; x_wconf 82' lang='grc' dir='ltr'>ἀρχῆς</span> <span class='ocrx_word' id='word_1_487' title='bbox 1867 5311 1932 5381; x_wconf 78' lang='grc' dir='ltr'>τῇ</span> <span class='ocrx_word' id='word_1_488' title='bbox 1955 5308 2136 5364; x_wconf 88' lang='grc' dir='ltr'>πίστει</span> 
     </span>
    </p>
   </div>
   <div class='ocr_carea' id='block_1_59' title="bbox 459 5394 2133 5470">
    <p class='ocr_par' dir='ltr' id='par_1_59' title="bbox 459 5394 2133 5470">
     <span class='ocr_line' id='line_1_59' title="bbox 459 5394 2133 5470; baseline -0.002 -20"><span class='ocrx_word' id='word_1_489' title='bbox 459 5394 952 5470; x_wconf 82' lang='grc' dir='ltr'>προσιόντων.ἾΙν,</span> <span class='ocrx_word' id='word_1_490' title='bbox 978 5397 1134 5470; x_wconf 74' lang='grc' dir='ltr'>φησὶ,</span> <span class='ocrx_word' id='word_1_491' title='bbox 1170 5396 1410 5451; x_wconf 83' lang='grc' dir='ltr'>πάντων</span> <span class='ocrx_word' id='word_1_492' title='bbox 1430 5398 1469 5465; x_wconf 73' lang='grc' dir='ltr'>ἡ</span> <span class='ocrx_word' id='word_1_493' title='bbox 1494 5394 1707 5464; x_wconf 80' lang='grc' dir='ltr'>καρδία</span> <span class='ocrx_word' id='word_1_494' title='bbox 1743 5394 1842 5448; x_wconf 75' lang='grc' dir='ltr'>καὶ</span> <span class='ocrx_word' id='word_1_495' title='bbox 1881 5397 1920 5465; x_wconf 81' lang='grc' dir='ltr'><strong><em>ἠ</em></strong></span> <span class='ocrx_word' id='word_1_496' title='bbox 1961 5395 2133 5466; x_wconf 71' lang='grc' dir='ltr'>ψυχὴ</span> 
     </span>
    </p>
   </div>
   <div class='ocr_carea' id='block_1_60' title="bbox 454 5479 2134 5559">
    <p class='ocr_par' dir='ltr' id='par_1_60' title="bbox 454 5479 2134 5559">
     <span class='ocr_line' id='line_1_60' title="bbox 454 5479 2134 5559; baseline 0.001 -21"><span class='ocrx_word' id='word_1_497' title='bbox 454 5486 598 5555; x_wconf 78' lang='grc' dir='ltr'>μίαο</span> <span class='ocrx_word' id='word_1_498' title='bbox 637 5485 736 5540; x_wconf 82' lang='grc' dir='ltr'>οὐκ</span> <span class='ocrx_word' id='word_1_499' title='bbox 772 5485 959 5559; x_wconf 79' lang='grc' dir='ltr'>ἐπειδὴ</span> <span class='ocrx_word' id='word_1_500' title='bbox 992 5487 1170 5557; x_wconf 78' lang='grc' dir='ltr'>ψυχήν</span> <span class='ocrx_word' id='word_1_501' title='bbox 1195 5485 1320 5557; x_wconf 87' lang='grc' dir='ltr'>μίαν</span> <span class='ocrx_word' id='word_1_502' title='bbox 1358 5479 1503 5555; x_wconf 76' lang='grc' dir='ltr'>εἶχον</span> <span class='ocrx_word' id='word_1_503' title='bbox 1539 5483 1914 5555; x_wconf 87' lang='grc' dir='ltr'>πάντες(πῶς</span> <span class='ocrx_word' id='word_1_504' title='bbox 1932 5484 2041 5556; x_wconf 80' lang='grc' dir='ltr'>γὰρ</span> <span class='ocrx_word' id='word_1_505' title='bbox 2077 5487 2134 5539; x_wconf 89' lang='grc' dir='ltr'>ἐν</span> 
     </span>
    </p>
   </div>
   <div class='ocr_carea' id='block_1_61' title="bbox 459 5571 2129 5646">
    <p class='ocr_par' dir='ltr' id='par_1_61' title="bbox 459 5571 2129 5646">
     <span class='ocr_line' id='line_1_61' title="bbox 459 5571 2129 5646; baseline 0 -20"><span class='ocrx_word' id='word_1_506' title='bbox 459 5573 734 5645; x_wconf 85' lang='grc' dir='ltr'>διαφόροις</span> <span class='ocrx_word' id='word_1_507' title='bbox 756 5575 1001 5646; x_wconf 89' lang='grc' dir='ltr'>σώμασιν</span> <span class='ocrx_word' id='word_1_508' title='bbox 1020 5576 1203 5638; x_wconf 75' lang='grc' dir='ltr'>δντεςε</span> <span class='ocrx_word' id='word_1_509' title='bbox 1226 5574 1269 5643; x_wconf 88' lang='grc'>),</span> <span class='ocrx_word' id='word_1_510' title='bbox 1302 5572 1437 5627; x_wconf 90' lang='grc' dir='ltr'>ἀλλά</span> <span class='ocrx_word' id='word_1_511' title='bbox 1466 5572 1563 5644; x_wconf 79' lang='grc' dir='ltr'>τὴν</span> <span class='ocrx_word' id='word_1_512' title='bbox 1588 5571 1984 5644; x_wconf 83' lang='grc' dir='ltr'>ἐπιτεταμένην</span> <span class='ocrx_word' id='word_1_513' title='bbox 2005 5572 2129 5643; x_wconf 87' lang='grc' dir='ltr'>ὁμό-</span> 
     </span>
    </p>
   </div>
   <div class='ocr_carea' id='block_1_62' title="bbox 460 5656 2134 5732">
    <p class='ocr_par' dir='ltr' id='par_1_62' title="bbox 460 5656 2134 5732">
     <span class='ocr_line' id='line_1_62' title="bbox 460 5656 2134 5732; baseline 0.001 -21"><span class='ocrx_word' id='word_1_514' title='bbox 460 5676 607 5713; x_wconf 89' lang='grc' dir='ltr'>νοιαν</span> <span class='ocrx_word' id='word_1_515' title='bbox 624 5664 756 5730; x_wconf 83' lang='grc' dir='ltr'>ἡμῖν</span> <span class='ocrx_word' id='word_1_516' title='bbox 776 5663 1030 5718; x_wconf 87' lang='grc' dir='ltr'>δείκνυσι.</span> <span class='ocrx_word' id='word_1_517' title='bbox 1058 5661 1169 5715; x_wconf 69' lang='grc' dir='ltr'>Καὶ</span> <span class='ocrx_word' id='word_1_518' title='bbox 1187 5663 1235 5714; x_wconf 86' lang='grc' dir='ltr'>εί</span> <span class='ocrx_word' id='word_1_519' title='bbox 1258 5661 1332 5731; x_wconf 76' lang='grc' dir='ltr'>μὴ</span> <span class='ocrx_word' id='word_1_520' title='bbox 1355 5661 1559 5732; x_wconf 85' lang='grc' dir='ltr'>σφόδρα</span> <span class='ocrx_word' id='word_1_521' title='bbox 1583 5659 1933 5731; x_wconf 86' lang='grc' dir='ltr'>μακρόθυμός</span> <span class='ocrx_word' id='word_1_522' title='bbox 1953 5677 2036 5723; x_wconf 87' lang='grc' dir='ltr'>τις</span> <span class='ocrx_word' id='word_1_523' title='bbox 2067 5656 2134 5731; x_wconf 82' lang='grc' dir='ltr'>ἦν</span> 
     </span>
    </p>
   </div>
   <div class='ocr_carea' id='block_1_63' title="bbox 464 5746 2137 5824">
    <p class='ocr_par' dir='ltr' id='par_1_63' title="bbox 464 5746 2137 5824">
     <span class='ocr_line' id='line_1_63' title="bbox 464 5746 2137 5824; baseline 0.004 -27"><span class='ocrx_word' id='word_1_524' title='bbox 464 5746 732 5815; x_wconf 83' lang='grc' dir='ltr'>ὁδίγαιος,</span> <span class='ocrx_word' id='word_1_525' title='bbox 757 5754 849 5806; x_wconf 75' lang='grc' dir='ltr'>καὶ</span> <span class='ocrx_word' id='word_1_526' title='bbox 890 5751 1196 5824; x_wconf 75' lang='grc' dir='ltr'>φιλοσοφεῖν</span> <span class='ocrx_word' id='word_1_527' title='bbox 1222 5748 1399 5814; x_wconf 71' lang='grc' dir='ltr'>εἰδὼς,</span> <span class='ocrx_word' id='word_1_528' title='bbox 1424 5750 1517 5803; x_wconf 66' lang='grc' dir='ltr'>καὶ</span> <span class='ocrx_word' id='word_1_529' title='bbox 1548 5749 1881 5822; x_wconf 79' lang='grc' dir='ltr'>ἐχαλέπηνεν</span> <span class='ocrx_word' id='word_1_530' title='bbox 1918 5748 2003 5812; x_wconf 83' lang='grc' dir='ltr'>ἂν,</span> <span class='ocrx_word' id='word_1_531' title='bbox 2040 5750 2137 5803; x_wconf 77' lang='grc' dir='ltr'>καὶ</span> 
     </span>
    </p>
   </div>
   <div class='ocr_carea' id='block_1_64' title="bbox 1231 266 3112 341">
    <p class='ocr_par' dir='ltr' id='par_1_64' title="bbox 1231 266 3112 341">
     <span class='ocr_line' id='line_1_64' title="bbox 1231 266 3112 341; baseline -0.011 0"><span class='ocrx_word' id='word_1_532' title='bbox 1231 283 1290 341; x_wconf 90' lang='lat' dir='ltr'>S.</span> <span class='ocrx_word' id='word_1_533' title='bbox 1331 280 1621 341; x_wconf 71' lang='lat' dir='ltr'><strong>JOANNIS</strong></span> <span class='ocrx_word' id='word_1_534' title='bbox 1658 278 2155 339; x_wconf 74' lang='lat' dir='ltr'>CHRYSOSTOMI</span> <span class='ocrx_word' id='word_1_535' title='bbox 2193 273 2519 333; x_wconf 80' lang='lat' dir='ltr'>ARCHIEP.</span> <span class='ocrx_word' id='word_1_536' title='bbox 2561 266 3112 329; x_wconf 81' lang='lat' dir='ltr'>CONSTANTINOP.</span> 
     </span>
    </p>
   </div>
   <div class='ocr_carea' id='block_1_65' title="bbox 3818 261 3931 316">
    <p class='ocr_par' dir='ltr' id='par_1_65' title="bbox 3818 261 3931 316">
     <span class='ocr_line' id='line_1_65' title="bbox 3818 261 3931 316; baseline 0 0"><span class='ocrx_word' id='word_1_537' title='bbox 3818 261 3931 316; x_wconf 71' lang='lat'>310</span> 
     </span>
    </p>
   </div>
   <div class='ocr_carea' id='block_1_66' title="bbox 2229 376 3932 463">
    <p class='ocr_par' dir='ltr' id='par_1_66' title="bbox 2229 376 3932 463">
     <span class='ocr_line' id='line_1_66' title="bbox 2229 376 3932 463; baseline -0.011 -16"><span class='ocrx_word' id='word_1_538' title='bbox 2229 390 2349 447; x_wconf 75' lang='grc' dir='ltr'>εἷπε</span> <span class='ocrx_word' id='word_1_539' title='bbox 2392 391 2528 463; x_wconf 76' lang='grc' dir='ltr'>πρὸς</span> <span class='ocrx_word' id='word_1_540' title='bbox 2564 389 2743 444; x_wconf 79' lang='grc' dir='ltr'>αὐτόν·</span> <span class='ocrx_word' id='word_1_541' title='bbox 2786 387 2951 456; x_wconf 78' lang='grc' dir='ltr'>Τίςοή</span> <span class='ocrx_word' id='word_1_542' title='bbox 2990 381 3228 451; x_wconf 83' lang='grc' dir='ltr'>τοσαύτη</span> <span class='ocrx_word' id='word_1_543' title='bbox 3269 376 3555 453; x_wconf 75' lang='grc' dir='ltr'>παροινίας</span> <span class='ocrx_word' id='word_1_544' title='bbox 3581 376 3770 439; x_wconf 84' lang='grc' dir='ltr'>Ὅλως</span> <span class='ocrx_word' id='word_1_545' title='bbox 3814 376 3932 445; x_wconf 77' lang='grc' dir='ltr'>γάρ</span> 
     </span>
    </p>
   </div>
   <div class='ocr_carea' id='block_1_67' title="bbox 2224 464 3934 551">
    <p class='ocr_par' dir='ltr' id='par_1_67' title="bbox 2224 464 3934 551">
     <span class='ocr_line' id='line_1_67' title="bbox 2224 464 3934 551; baseline -0.013 -16"><span class='ocrx_word' id='word_1_546' title='bbox 2224 482 2529 551; x_wconf 87' lang='grc' dir='ltr'>ἐτόλμησαν</span> <span class='ocrx_word' id='word_1_547' title='bbox 2567 480 2616 531; x_wconf 89' lang='grc' dir='ltr'>οί</span> <span class='ocrx_word' id='word_1_548' title='bbox 2655 472 3026 548; x_wconf 76' lang='grc' dir='ltr'>προσήκοντές</span> <span class='ocrx_word' id='word_1_549' title='bbox 3066 487 3148 523; x_wconf 91' lang='grc' dir='ltr'>σοι</span> <span class='ocrx_word' id='word_1_550' title='bbox 3187 467 3370 539; x_wconf 82' lang='grc' dir='ltr'>διᾶραι</span> <span class='ocrx_word' id='word_1_551' title='bbox 3407 466 3585 535; x_wconf 82' lang='grc' dir='ltr'>στόμα</span> <span class='ocrx_word' id='word_1_552' title='bbox 3625 464 3774 534; x_wconf 75' lang='grc' dir='ltr'>πρὸς</span> <span class='ocrx_word' id='word_1_553' title='bbox 3798 464 3934 527; x_wconf 73' lang='grc' dir='ltr'>τοὺς</span> 
     </span>
    </p>
   </div>
   <div class='ocr_carea' id='block_1_68' title="bbox 2226 553 3933 639">
    <p class='ocr_par' dir='ltr' id='par_1_68' title="bbox 2226 553 3933 639">
     <span class='ocr_line' id='line_1_68' title="bbox 2226 553 3933 639; baseline -0.011 -17"><span class='ocrx_word' id='word_1_554' title='bbox 2226 569 2350 639; x_wconf 79' lang='grc' dir='ltr'>ἐμοὶ</span> <span class='ocrx_word' id='word_1_555' title='bbox 2365 566 2724 636; x_wconf 86' lang='grc' dir='ltr'>διαφέροντας</span> <span class='ocrx_word' id='word_1_556' title='bbox 2748 580 2762 625; x_wconf 85' lang='grc'><strong>;</strong></span> <span class='ocrx_word' id='word_1_557' title='bbox 2801 562 2896 615; x_wconf 72' lang='grc' dir='ltr'>καὶ</span> <span class='ocrx_word' id='word_1_558' title='bbox 2925 561 3025 613; x_wconf 84' lang='grc' dir='ltr'>οὐκ</span> <span class='ocrx_word' id='word_1_559' title='bbox 3046 557 3356 626; x_wconf 86' lang='grc' dir='ltr'>ἐνενόησαν,</span> <span class='ocrx_word' id='word_1_560' title='bbox 3378 555 3500 608; x_wconf 81' lang='grc' dir='ltr'>ὅσον</span> <span class='ocrx_word' id='word_1_561' title='bbox 3521 554 3582 606; x_wconf 72' lang='grc' dir='ltr'>τὸ</span> <span class='ocrx_word' id='word_1_562' title='bbox 3605 553 3782 624; x_wconf 82' lang='grc' dir='ltr'>μέσον</span> <span class='ocrx_word' id='word_1_563' title='bbox 3807 553 3933 604; x_wconf 75' lang='grc' dir='ltr'>ἐστὶ</span> 
     </span>
    </p>
   </div>
   <div class='ocr_carea' id='block_1_69' title="bbox 2229 641 3935 729">
    <p class='ocr_par' dir='ltr' id='par_1_69' title="bbox 2229 641 3935 729">
     <span class='ocr_line' id='line_1_69' title="bbox 2229 641 3935 729; baseline -0.012 -19"><span class='ocrx_word' id='word_1_564' title='bbox 2229 656 2431 729; x_wconf 76' lang='grc' dir='ltr'>μεταξὺ</span> <span class='ocrx_word' id='word_1_565' title='bbox 2453 654 2639 726; x_wconf 85' lang='grc' dir='ltr'>ήμῶν;</span> <span class='ocrx_word' id='word_1_566' title='bbox 2662 651 2831 705; x_wconf 84' lang='grc' dir='ltr'>ῐῐόθεν</span> <span class='ocrx_word' id='word_1_567' title='bbox 2851 651 2961 720; x_wconf 89' lang='grc' dir='ltr'>γάρ</span> <span class='ocrx_word' id='word_1_568' title='bbox 2982 665 3064 701; x_wconf 94' lang='grc' dir='ltr'>σοι</span> <span class='ocrx_word' id='word_1_569' title='bbox 3084 645 3151 699; x_wconf 89' lang='grc' dir='ltr'>τά</span> <span class='ocrx_word' id='word_1_570' title='bbox 3169 644 3269 715; x_wconf 87' lang='grc' dir='ltr'>τῆς</span> <span class='ocrx_word' id='word_1_571' title='bbox 3288 641 3550 714; x_wconf 78' lang='grc' dir='ltr'>εὐπορίας</span> <span class='ocrx_word' id='word_1_572' title='bbox 3570 641 3790 709; x_wconf 81' lang='grc' dir='ltr'>ταύτης</span> <span class='ocrx_word' id='word_1_573' title='bbox 3836 657 3935 707; x_wconf 81' lang='grc' dir='ltr'>γε-</span> 
     </span>
    </p>
   </div>
   <div class='ocr_carea' id='block_1_70' title="bbox 2226 729 3936 813">
    <p class='ocr_par' dir='ltr' id='par_1_70' title="bbox 2226 729 3936 813">
     <span class='ocr_line' id='line_1_70' title="bbox 2226 729 3936 813; baseline -0.011 -15"><span class='ocrx_word' id='word_1_574' title='bbox 2226 744 2488 813; x_wconf 85' lang='grc' dir='ltr'>γένηται;</span> <span class='ocrx_word' id='word_1_575' title='bbox 2520 742 2619 795; x_wconf 76' lang='grc' dir='ltr'>οὐκ</span> <span class='ocrx_word' id='word_1_576' title='bbox 2652 741 2716 792; x_wconf 88' lang='grc' dir='ltr'>ἐκ</span> <span class='ocrx_word' id='word_1_577' title='bbox 2751 739 2849 810; x_wconf 87' lang='grc' dir='ltr'>τῆς</span> <span class='ocrx_word' id='word_1_578' title='bbox 2883 738 3021 807; x_wconf 85' lang='grc' dir='ltr'>ἐμῆς</span> <span class='ocrx_word' id='word_1_579' title='bbox 3055 733 3416 804; x_wconf 85' lang='grc' dir='ltr'>κηδεμονίας;</span> <span class='ocrx_word' id='word_1_580' title='bbox 3438 731 3533 793; x_wconf 87' lang='grc' dir='ltr'>Τίς</span> <span class='ocrx_word' id='word_1_581' title='bbox 3554 730 3609 783; x_wconf 80' lang='grc' dir='ltr'>δέ</span> <span class='ocrx_word' id='word_1_582' title='bbox 3636 729 3702 811; x_wconf 74' lang='grc' dir='ltr'>σε</span> <span class='ocrx_word' id='word_1_583' title='bbox 3724 732 3815 791; x_wconf 88' lang='grc' dir='ltr'>εἰς</span> <span class='ocrx_word' id='word_1_584' title='bbox 3838 730 3936 781; x_wconf 74' lang='grc' dir='ltr'>ἀν⁸</span> 
     </span>
    </p>
   </div>
   <div class='ocr_carea' id='block_1_71' title="bbox 2227 808 3934 904">
    <p class='ocr_par' dir='ltr' id='par_1_71' title="bbox 2227 808 3934 904">
     <span class='ocr_line' id='line_1_71' title="bbox 2227 808 3934 904; baseline -0.01 -19"><span class='ocrx_word' id='word_1_585' title='bbox 2227 808 2480 904; x_wconf 82' lang='grc' dir='ltr'>θρώπους</span> <span class='ocrx_word' id='word_1_586' title='bbox 2514 828 2745 898; x_wconf 80' lang='grc' dir='ltr'>ὀφθῆναι</span> <span class='ocrx_word' id='word_1_587' title='bbox 2781 808 3116 895; x_wconf 85' lang='grc' dir='ltr'>πεποίηκεν;</span> <span class='ocrx_word' id='word_1_588' title='bbox 3156 821 3257 874; x_wconf 76' lang='grc' dir='ltr'>οὐκ</span> <span class='ocrx_word' id='word_1_589' title='bbox 3293 818 3404 888; x_wconf 86' lang='grc' dir='ltr'>ἐγὼ</span> <span class='ocrx_word' id='word_1_590' title='bbox 3441 818 3561 871; x_wconf 73' lang='grc' dir='ltr'>ἀντὶ</span> <span class='ocrx_word' id='word_1_591' title='bbox 3584 808 3825 870; x_wconf 80' lang='grc' dir='ltr'>πάντων</span> <span class='ocrx_word' id='word_1_592' title='bbox 3850 835 3934 869; x_wconf 81' lang='grc' dir='ltr'>σοι</span> 
     </span>
    </p>
   </div>
   <div class='ocr_carea' id='block_1_72' title="bbox 2226 903 3934 987">
    <p class='ocr_par' dir='ltr' id='par_1_72' title="bbox 2226 903 3934 987">
     <span class='ocr_line' id='line_1_72' title="bbox 2226 903 3934 987; baseline -0.01 -16"><span class='ocrx_word' id='word_1_593' title='bbox 2226 903 2487 987; x_wconf 83' lang='grc' dir='ltr'>γεγονὼς,</span> <span class='ocrx_word' id='word_1_594' title='bbox 2509 916 2603 970; x_wconf 71' lang='grc' dir='ltr'>καλ⁸</span> <span class='ocrx_word' id='word_1_595' title='bbox 2622 914 2723 984; x_wconf 81' lang='grc' dir='ltr'>τὴν</span> <span class='ocrx_word' id='word_1_596' title='bbox 2744 912 2947 983; x_wconf 90' lang='grc' dir='ltr'>πατρός</span> <span class='ocrx_word' id='word_1_597' title='bbox 2952 928 3051 987; x_wconf 52' lang='grc' dir='ltr'>μοι</span> <span class='ocrx_word' id='word_1_598' title='bbox 3070 908 3260 978; x_wconf 87' lang='grc' dir='ltr'>χρείαν</span> <span class='ocrx_word' id='word_1_599' title='bbox 3280 904 3370 959; x_wconf 80' lang='grc' dir='ltr'>διὰ</span> <span class='ocrx_word' id='word_1_600' title='bbox 3389 906 3611 959; x_wconf 91' lang='grc' dir='ltr'>πάντων</span> <span class='ocrx_word' id='word_1_601' title='bbox 3641 903 3934 967; x_wconf 75' lang='grc' dir='ltr'>ἐπιδειξά-</span> 
     </span>
    </p>
   </div>
   <div class='ocr_carea' id='block_1_73' title="bbox 2231 990 3935 1074">
    <p class='ocr_par' dir='ltr' id='par_1_73' title="bbox 2231 990 3935 1074">
     <span class='ocr_line' id='line_1_73' title="bbox 2231 990 3935 1074; baseline -0.009 -18"><span class='ocrx_word' id='word_1_602' title='bbox 2231 1021 2391 1074; x_wconf 88' lang='grc' dir='ltr'>μενος</span> <span class='ocrx_word' id='word_1_603' title='bbox 2410 1022 2424 1069; x_wconf 90' lang='grc'><strong>;</strong></span> <span class='ocrx_word' id='word_1_604' title='bbox 2444 1001 2658 1065; x_wconf 86' lang='grc' dir='ltr'>Ταύτας</span> <span class='ocrx_word' id='word_1_605' title='bbox 2682 1017 2770 1072; x_wconf 88' lang='grc' dir='ltr'>μοι</span> <span class='ocrx_word' id='word_1_606' title='bbox 2788 998 2888 1063; x_wconf 84' lang='grc' dir='ltr'>τάς</span> <span class='ocrx_word' id='word_1_607' title='bbox 2906 994 3142 1067; x_wconf 89' lang='grc' dir='ltr'>ἀμοιϐἀς</span> <span class='ocrx_word' id='word_1_608' title='bbox 3163 993 3428 1055; x_wconf 87' lang='grc' dir='ltr'>ἀποδίδως</span> <span class='ocrx_word' id='word_1_609' title='bbox 3446 991 3546 1062; x_wconf 89' lang='grc' dir='ltr'>τῆς</span> <span class='ocrx_word' id='word_1_610' title='bbox 3566 990 3782 1060; x_wconf 83' lang='grc' dir='ltr'>πολλῆς</span> <span class='ocrx_word' id='word_1_611' title='bbox 3805 990 3935 1058; x_wconf 69' lang='grc' dir='ltr'>περὶ</span> 
     </span>
    </p>
   </div>
   <div class='ocr_carea' id='block_1_74' title="bbox 2230 1077 3933 1162">
    <p class='ocr_par' dir='ltr' id='par_1_74' title="bbox 2230 1077 3933 1162">
     <span class='ocr_line' id='line_1_74' title="bbox 2230 1077 3933 1162; baseline -0.009 -18"><span class='ocrx_word' id='word_1_612' title='bbox 2230 1091 2289 1144; x_wconf 87' lang='grc' dir='ltr'>σέ</span> <span class='ocrx_word' id='word_1_613' title='bbox 2326 1089 2657 1162; x_wconf 89' lang='grc' dir='ltr'>θεραπείας;</span> <span class='ocrx_word' id='word_1_614' title='bbox 2709 1086 2893 1143; x_wconf 81' lang='grc' dir='ltr'>Ταῦτα</span> <span class='ocrx_word' id='word_1_615' title='bbox 2932 1080 3166 1149; x_wconf 77' lang='grc' dir='ltr'>ἐλπίζων</span> <span class='ocrx_word' id='word_1_616' title='bbox 3203 1078 3479 1149; x_wconf 87' lang='grc' dir='ltr'>πανταχοῦ</span> <span class='ocrx_word' id='word_1_617' title='bbox 3518 1095 3578 1131; x_wconf 93' lang='grc' dir='ltr'>σε</span> <span class='ocrx_word' id='word_1_618' title='bbox 3621 1078 3745 1147; x_wconf 83' lang='grc' dir='ltr'>μετ’</span> <span class='ocrx_word' id='word_1_619' title='bbox 3793 1077 3933 1146; x_wconf 77' lang='grc' dir='ltr'>ἐμοῦ</span> 
     </span>
    </p>
   </div>
   <div class='ocr_carea' id='block_1_75' title="bbox 2234 1164 3933 1250">
    <p class='ocr_par' dir='ltr' id='par_1_75' title="bbox 2234 1164 3933 1250">
     <span class='ocr_line' id='line_1_75' title="bbox 2234 1164 3933 1250; baseline -0.011 -17"><span class='ocrx_word' id='word_1_620' title='bbox 2234 1180 2526 1250; x_wconf 86' lang='grc' dir='ltr'>περιῆγον;</span> <span class='ocrx_word' id='word_1_621' title='bbox 2564 1177 2765 1240; x_wconf 87' lang='grc' dir='ltr'>Ἔστω,</span> <span class='ocrx_word' id='word_1_622' title='bbox 2786 1172 2939 1227; x_wconf 81' lang='grc' dir='ltr'>οὐδὲν</span> <span class='ocrx_word' id='word_1_623' title='bbox 2969 1171 3078 1224; x_wconf 87' lang='grc' dir='ltr'>τῶν</span> <span class='ocrx_word' id='word_1_624' title='bbox 3114 1168 3483 1241; x_wconf 78' lang='grc' dir='ltr'>ὑπηργμένων</span> <span class='ocrx_word' id='word_1_625' title='bbox 3521 1184 3604 1220; x_wconf 88' lang='grc' dir='ltr'>σοι</span> <span class='ocrx_word' id='word_1_626' title='bbox 3626 1165 3769 1235; x_wconf 83' lang='grc' dir='ltr'>παρ’</span> <span class='ocrx_word' id='word_1_627' title='bbox 3794 1164 3933 1234; x_wconf 72' lang='grc' dir='ltr'>ἐμοῦ</span> 
     </span>
    </p>
   </div>
   <div class='ocr_carea' id='block_1_76' title="bbox 2230 1253 3933 1329">
    <p class='ocr_par' dir='ltr' id='par_1_76' title="bbox 2230 1253 3933 1329">
     <span class='ocr_line' id='line_1_76' title="bbox 2230 1253 3933 1329; baseline -0.009 -10"><span class='ocrx_word' id='word_1_628' title='bbox 2230 1267 2310 1329; x_wconf 84' lang='grc' dir='ltr'>είς</span> <span class='ocrx_word' id='word_1_629' title='bbox 2347 1266 2556 1318; x_wconf 78' lang='grc' dir='ltr'>ἔννοιαν</span> <span class='ocrx_word' id='word_1_630' title='bbox 2590 1261 2781 1325; x_wconf 74' lang='grc' dir='ltr'>ἔλαϐες</span> <span class='ocrx_word' id='word_1_631' title='bbox 2800 1278 2814 1292; x_wconf 76' lang='grc' dir='ltr'><strong><em>ο</em></strong></span> <span class='ocrx_word' id='word_1_632' title='bbox 2847 1260 2950 1314; x_wconf 83' lang='grc' dir='ltr'>κάν</span> <span class='ocrx_word' id='word_1_633' title='bbox 2972 1277 3072 1328; x_wconf 86' lang='grc' dir='ltr'>μου</span> <span class='ocrx_word' id='word_1_634' title='bbox 3092 1256 3223 1325; x_wconf 89' lang='grc' dir='ltr'>γοῦν</span> <span class='ocrx_word' id='word_1_635' title='bbox 3241 1256 3301 1309; x_wconf 77' lang='grc' dir='ltr'>τὸ</span> <span class='ocrx_word' id='word_1_636' title='bbox 3319 1256 3497 1326; x_wconf 88' lang='grc' dir='ltr'>γῆρας</span> <span class='ocrx_word' id='word_1_637' title='bbox 3517 1253 3857 1323; x_wconf 76' lang='grc' dir='ltr'>αἰδεσθῆναί</span> <span class='ocrx_word' id='word_1_638' title='bbox 3880 1270 3933 1304; x_wconf 82' lang='grc' dir='ltr'>σε</span> 
     </span>
    </p>
   </div>
   <div class='ocr_carea' id='block_1_77' title="bbox 2230 1341 3935 1423">
    <p class='ocr_par' dir='ltr' id='par_1_77' title="bbox 2230 1341 3935 1423">
     <span class='ocr_line' id='line_1_77' title="bbox 2230 1341 3935 1423; baseline -0.009 -16"><span class='ocrx_word' id='word_1_639' title='bbox 2230 1354 2329 1407; x_wconf 83' lang='grc' dir='ltr'>οὐκ</span> <span class='ocrx_word' id='word_1_640' title='bbox 2348 1352 2536 1423; x_wconf 89' lang='grc' dir='ltr'>ἐχρῆν,</span> <span class='ocrx_word' id='word_1_641' title='bbox 2559 1352 2655 1404; x_wconf 68' lang='grc' dir='ltr'>καὶ</span> <span class='ocrx_word' id='word_1_642' title='bbox 2672 1349 2899 1420; x_wconf 87' lang='grc' dir='ltr'>τιμῆσαι</span> <span class='ocrx_word' id='word_1_643' title='bbox 2918 1347 3017 1409; x_wconf 82' lang='grc' dir='ltr'>τὰς</span> <span class='ocrx_word' id='word_1_644' title='bbox 3038 1344 3230 1408; x_wconf 78' lang='grc' dir='ltr'>πολιὰς</span> <span class='ocrx_word' id='word_1_645' title='bbox 3248 1346 3348 1405; x_wconf 85' lang='grc' dir='ltr'>τάς</span> <span class='ocrx_word' id='word_1_646' title='bbox 3368 1343 3507 1414; x_wconf 87' lang='grc' dir='ltr'>ἐμάς</span> <span class='ocrx_word' id='word_1_647' title='bbox 3528 1360 3544 1408; x_wconf 88' lang='grc'><strong>;</strong></span> <span class='ocrx_word' id='word_1_648' title='bbox 3578 1341 3749 1394; x_wconf 78' lang='grc' dir='ltr'>Ἀλλά</span> <span class='ocrx_word' id='word_1_649' title='bbox 3774 1358 3935 1413; x_wconf 79' lang='grc' dir='ltr'>περι-</span> 
     </span>
    </p>
   </div>
   <div class='ocr_carea' id='block_1_78' title="bbox 2229 1432 3933 1509">
    <p class='ocr_par' dir='ltr' id='par_1_78' title="bbox 2229 1432 3933 1509">
     <span class='ocr_line' id='line_1_78' title="bbox 2229 1432 3933 1509; baseline -0.008 -14"><span class='ocrx_word' id='word_1_650' title='bbox 2229 1441 2369 1505; x_wconf 88' lang='grc' dir='ltr'>εῖδες</span> <span class='ocrx_word' id='word_1_651' title='bbox 2399 1441 2526 1503; x_wconf 78' lang='grc' dir='ltr'>τοὺς</span> <span class='ocrx_word' id='word_1_652' title='bbox 2556 1438 2825 1509; x_wconf 85' lang='grc' dir='ltr'>ποιμένας</span> <span class='ocrx_word' id='word_1_653' title='bbox 2844 1435 2969 1499; x_wconf 80' lang='grc' dir='ltr'>τοὺς</span> <span class='ocrx_word' id='word_1_654' title='bbox 2989 1436 3118 1496; x_wconf 82' lang='grc' dir='ltr'>σοὺς</span> <span class='ocrx_word' id='word_1_655' title='bbox 3138 1432 3610 1504; x_wconf 86' lang='grc' dir='ltr'>ἐμπαροινοῦντας</span> <span class='ocrx_word' id='word_1_656' title='bbox 3631 1434 3753 1493; x_wconf 83' lang='grc' dir='ltr'>τοῖς</span> <span class='ocrx_word' id='word_1_657' title='bbox 3778 1432 3805 1482; x_wconf 81' lang='grc' dir='ltr'>ἐ</span> <span class='ocrx_word' id='word_1_658' title='bbox 3815 1434 3933 1499; x_wconf 69' lang='grc' dir='ltr'>μοῖς</span> 
     </span>
    </p>
   </div>
   <div class='ocr_carea' id='block_1_79' title="bbox 2231 1518 3932 1597">
    <p class='ocr_par' dir='ltr' id='par_1_79' title="bbox 2231 1518 3932 1597">
     <span class='ocr_line' id='line_1_79' title="bbox 2231 1518 3932 1597; baseline -0.008 -16"><span class='ocrx_word' id='word_1_659' title='bbox 2231 1527 2507 1597; x_wconf 83' lang='grc' dir='ltr'>ποιμέσιν,</span> <span class='ocrx_word' id='word_1_660' title='bbox 2525 1525 2625 1579; x_wconf 83' lang='grc' dir='ltr'>οὐκ</span> <span class='ocrx_word' id='word_1_661' title='bbox 2644 1524 2800 1586; x_wconf 86' lang='grc' dir='ltr'>είδὼς</span> <span class='ocrx_word' id='word_1_662' title='bbox 2818 1525 2899 1576; x_wconf 84' lang='grc' dir='ltr'>ὅτι</span> <span class='ocrx_word' id='word_1_663' title='bbox 2920 1522 3109 1591; x_wconf 82' lang='grc' dir='ltr'>ὥσπερ</span> <span class='ocrx_word' id='word_1_664' title='bbox 3126 1523 3159 1591; x_wconf 83' lang='grc' dir='ltr'><strong>ἡ</strong></span> <span class='ocrx_word' id='word_1_665' title='bbox 3182 1523 3261 1583; x_wconf 87' lang='grc' dir='ltr'>είς</span> <span class='ocrx_word' id='word_1_666' title='bbox 3277 1520 3520 1583; x_wconf 87' lang='grc' dir='ltr'>ἐκείνους</span> <span class='ocrx_word' id='word_1_667' title='bbox 3540 1518 3704 1587; x_wconf 78' lang='grc' dir='ltr'>ὕϐρις</span> <span class='ocrx_word' id='word_1_668' title='bbox 3727 1519 3816 1579; x_wconf 80' lang='grc' dir='ltr'>εἰς</span> <span class='ocrx_word' id='word_1_669' title='bbox 3836 1518 3932 1587; x_wconf 78' lang='grc' dir='ltr'>ἐμὲ</span> 
     </span>
    </p>
   </div>
   <div class='ocr_carea' id='block_1_80' title="bbox 2228 1606 3933 1683">
    <p class='ocr_par' dir='ltr' id='par_1_80' title="bbox 2228 1606 3933 1683">
     <span class='ocr_line' id='line_1_80' title="bbox 2228 1606 3933 1683; baseline -0.008 -14"><span class='ocrx_word' id='word_1_670' title='bbox 2228 1614 2517 1681; x_wconf 84' lang='grc' dir='ltr'>διαϐαίνει,</span> <span class='ocrx_word' id='word_1_671' title='bbox 2530 1612 2673 1667; x_wconf 71' lang='grc' dir='ltr'>οὕτω</span> <span class='ocrx_word' id='word_1_672' title='bbox 2692 1612 2787 1666; x_wconf 79' lang='grc' dir='ltr'>καὶ</span> <span class='ocrx_word' id='word_1_673' title='bbox 2805 1613 2839 1683; x_wconf 88' lang='grc' dir='ltr'>ή</span> <span class='ocrx_word' id='word_1_674' title='bbox 2861 1609 3083 1664; x_wconf 79' lang='grc' dir='ltr'>ἐκείνων</span> <span class='ocrx_word' id='word_1_675' title='bbox 3104 1607 3406 1682; x_wconf 88' lang='grc' dir='ltr'>προπέτεια</span> <span class='ocrx_word' id='word_1_676' title='bbox 3425 1609 3506 1671; x_wconf 82' lang='grc' dir='ltr'>εἰς</span> <span class='ocrx_word' id='word_1_677' title='bbox 3527 1606 3587 1659; x_wconf 88' lang='grc' dir='ltr'>σέ</span> <span class='ocrx_word' id='word_1_678' title='bbox 3607 1606 3713 1676; x_wconf 80' lang='grc' dir='ltr'>τὴν</span> <span class='ocrx_word' id='word_1_679' title='bbox 3729 1606 3933 1673; x_wconf 76' lang='grc' dir='ltr'>ἀναφο-</span> 
     </span>
    </p>
   </div>
   <div class='ocr_carea' id='block_1_81' title="bbox 2236 1686 3274 1776">
    <p class='ocr_par' dir='ltr' id='par_1_81' title="bbox 2236 1686 3274 1776">
     <span class='ocr_line' id='line_1_81' title="bbox 2236 1686 3274 1776; baseline -0.003 -19"><span class='ocrx_word' id='word_1_680' title='bbox 2236 1703 2334 1776; x_wconf 74' lang='grc' dir='ltr'>ρὰν</span> <span class='ocrx_word' id='word_1_681' title='bbox 2354 1702 2489 1774; x_wconf 79' lang='grc' dir='ltr'>ἔχει.</span> <span class='ocrx_word' id='word_1_682' title='bbox 3239 1686 3274 1715; x_wconf 70' lang='grc'><strong><em>⁸</em></strong></span> 
     </span>
    </p>
   </div>
   <div class='ocr_carea' id='block_1_82' title="bbox 2301 1800 3930 1867">
    <p class='ocr_par' dir='ltr' id='par_1_82' title="bbox 2301 1800 3930 1867">
     <span class='ocr_line' id='line_1_82' title="bbox 2301 1800 3930 1867; baseline -0.006 -5"><span class='ocrx_word' id='word_1_683' title='bbox 2301 1809 2364 1862; x_wconf 84' lang='grc' dir='ltr'>δ’.</span> <span class='ocrx_word' id='word_1_684' title='bbox 2409 1807 2548 1861; x_wconf 82' lang='grc' dir='ltr'>Ἀλλ’</span> <span class='ocrx_word' id='word_1_685' title='bbox 2568 1806 2717 1860; x_wconf 80' lang='grc' dir='ltr'>οὐδὲν</span> <span class='ocrx_word' id='word_1_686' title='bbox 2734 1806 2938 1860; x_wconf 89' lang='grc' dir='ltr'>τούτων</span> <span class='ocrx_word' id='word_1_687' title='bbox 2957 1805 2985 1859; x_wconf 89' lang='grc' dir='ltr'>ό</span> <span class='ocrx_word' id='word_1_688' title='bbox 3001 1805 3210 1867; x_wconf 84' lang='grc' dir='ltr'>δίκαιος</span> <span class='ocrx_word' id='word_1_689' title='bbox 3229 1801 3353 1856; x_wconf 71' lang='grc' dir='ltr'>οὔτε</span> <span class='ocrx_word' id='word_1_690' title='bbox 3374 1802 3455 1864; x_wconf 80' lang='grc' dir='ltr'>εἰς</span> <span class='ocrx_word' id='word_1_691' title='bbox 3470 1800 3725 1855; x_wconf 89' lang='grc' dir='ltr'>διάνοιαν</span> <span class='ocrx_word' id='word_1_692' title='bbox 3742 1801 3930 1853; x_wconf 74' lang='grc' dir='ltr'>λαϐεῖν</span> 
     </span>
    </p>
   </div>
   <div class='ocr_carea' id='block_1_83' title="bbox 2233 1888 3925 1960">
    <p class='ocr_par' dir='ltr' id='par_1_83' title="bbox 2233 1888 3925 1960">
     <span class='ocr_line' id='line_1_83' title="bbox 2233 1888 3925 1960; baseline -0.005 -12"><span class='ocrx_word' id='word_1_693' title='bbox 2233 1893 2577 1959; x_wconf 80' lang='grc' dir='ltr'>κατεδέξατο,</span> <span class='ocrx_word' id='word_1_694' title='bbox 2597 1893 2732 1947; x_wconf 83' lang='grc' dir='ltr'>ἀλλά</span> <span class='ocrx_word' id='word_1_695' title='bbox 2768 1893 2945 1947; x_wconf 90' lang='grc' dir='ltr'>πάντα</span> <span class='ocrx_word' id='word_1_696' title='bbox 2978 1891 3219 1945; x_wconf 85' lang='grc' dir='ltr'>τοιοῦτον</span> <span class='ocrx_word' id='word_1_697' title='bbox 3249 1888 3508 1960; x_wconf 74' lang='grc' dir='ltr'>λογισμὸν</span> <span class='ocrx_word' id='word_1_698' title='bbox 3529 1888 3925 1958; x_wconf 78' lang='grc' dir='ltr'>ἀπωσάμενος,</span> 
     </span>
    </p>
   </div>
   <div class='ocr_carea' id='block_1_84' title="bbox 2234 1977 3925 2056">
    <p class='ocr_par' dir='ltr' id='par_1_84' title="bbox 2234 1977 3925 2056">
     <span class='ocr_line' id='line_1_84' title="bbox 2234 1977 3925 2056; baseline -0.005 -18"><span class='ocrx_word' id='word_1_699' title='bbox 2234 1985 2352 2049; x_wconf 83' lang='grc' dir='ltr'>ἑνὸς</span> <span class='ocrx_word' id='word_1_700' title='bbox 2383 1984 2591 2053; x_wconf 89' lang='grc' dir='ltr'>γίνεται</span> <span class='ocrx_word' id='word_1_701' title='bbox 2629 1985 2812 2056; x_wconf 88' lang='grc' dir='ltr'>μόνου,</span> <span class='ocrx_word' id='word_1_702' title='bbox 2834 1983 2985 2046; x_wconf 82' lang='grc' dir='ltr'>ὅπως</span> <span class='ocrx_word' id='word_1_703' title='bbox 3015 1982 3112 2035; x_wconf 65' lang='grc' dir='ltr'>καὶ⁸</span> <span class='ocrx_word' id='word_1_704' title='bbox 3140 1979 3240 2051; x_wconf 85' lang='grc' dir='ltr'>τήν</span> <span class='ocrx_word' id='word_1_705' title='bbox 3261 1978 3565 2050; x_wconf 85' lang='grc' dir='ltr'>μέλλουσαν</span> <span class='ocrx_word' id='word_1_706' title='bbox 3585 1977 3925 2042; x_wconf 79' lang='grc' dir='ltr'>ἐξάπτεσθαι</span> 
     </span>
    </p>
   </div>
   <div class='ocr_carea' id='block_1_85' title="bbox 2235 2066 3926 2143">
    <p class='ocr_par' dir='ltr' id='par_1_85' title="bbox 2235 2066 3926 2143">
     <span class='ocr_line' id='line_1_85' title="bbox 2235 2066 3926 2143; baseline -0.005 -17"><span class='ocrx_word' id='word_1_707' title='bbox 2235 2072 2568 2143; x_wconf 88' lang='grc' dir='ltr'>φιλονεικίαν</span> <span class='ocrx_word' id='word_1_708' title='bbox 2586 2070 2920 2142; x_wconf 86' lang='grc' dir='ltr'>κατασϐέσῃ,</span> <span class='ocrx_word' id='word_1_709' title='bbox 2942 2068 3144 2124; x_wconf 76' lang='grc' dir='ltr'>καὶτὸν</span> <span class='ocrx_word' id='word_1_710' title='bbox 3163 2066 3439 2139; x_wconf 76' lang='grc' dir='ltr'>χωρισμὸν</span> <span class='ocrx_word' id='word_1_711' title='bbox 3458 2066 3694 2129; x_wconf 83' lang='grc' dir='ltr'>ἀλύπως</span> <span class='ocrx_word' id='word_1_712' title='bbox 3715 2068 3926 2135; x_wconf 69' lang='grc' dir='ltr'>ἐπινοή-</span> 
     </span>
    </p>
   </div>
   <div class='ocr_carea' id='block_1_86' title="bbox 2236 2154 3925 2231">
    <p class='ocr_par' dir='ltr' id='par_1_86' title="bbox 2236 2154 3925 2231">
     <span class='ocr_line' id='line_1_86' title="bbox 2236 2154 3925 2231; baseline -0.011 -5"><span class='ocrx_word' id='word_1_713' title='bbox 2236 2177 2336 2224; x_wconf 85' lang='grc' dir='ltr'>σας</span> <span class='ocrx_word' id='word_1_714' title='bbox 2367 2160 2549 2229; x_wconf 84' lang='grc' dir='ltr'>πάσης</span> <span class='ocrx_word' id='word_1_715' title='bbox 2581 2157 2827 2231; x_wconf 76' lang='grc' dir='ltr'>ταραχῆς</span> <span class='ocrx_word' id='word_1_716' title='bbox 2863 2157 3018 2221; x_wconf 78' lang='grc' dir='ltr'>ἐκτὸς</span> <span class='ocrx_word' id='word_1_717' title='bbox 3051 2158 3254 2228; x_wconf 89' lang='grc' dir='ltr'>ποιήσῃ</span> <span class='ocrx_word' id='word_1_718' title='bbox 3271 2156 3371 2226; x_wconf 82' lang='grc' dir='ltr'>τὴν</span> <span class='ocrx_word' id='word_1_719' title='bbox 3389 2154 3591 2208; x_wconf 83' lang='grc' dir='ltr'>οἰκίαν.</span> <span class='ocrx_word' id='word_1_720' title='bbox 3617 2157 3757 2208; x_wconf 79' lang='grc' dir='ltr'>Οὐκ</span> <span class='ocrx_word' id='word_1_721' title='bbox 3780 2155 3925 2218; x_wconf 65' lang='grc' dir='ltr'>ἰδοὺ,</span> 
     </span>
    </p>
   </div>
   <div class='ocr_carea' id='block_1_87' title="bbox 2235 2242 3925 2317">
    <p class='ocr_par' dir='ltr' id='par_1_87' title="bbox 2235 2242 3925 2317">
     <span class='ocr_line' id='line_1_87' title="bbox 2235 2242 3925 2317; baseline -0.002 -18"><span class='ocrx_word' id='word_1_722' title='bbox 2235 2248 2390 2317; x_wconf 77' lang='grc' dir='ltr'>φησὶ,</span> <span class='ocrx_word' id='word_1_723' title='bbox 2411 2245 2579 2301; x_wconf 82' lang='grc' dir='ltr'>πᾶσα</span> <span class='ocrx_word' id='word_1_724' title='bbox 2616 2249 2655 2314; x_wconf 75' lang='grc' dir='ltr'>ἡ</span> <span class='ocrx_word' id='word_1_725' title='bbox 2695 2245 2772 2315; x_wconf 72' lang='grc' dir='ltr'>γῆ</span> <span class='ocrx_word' id='word_1_726' title='bbox 2815 2244 3096 2299; x_wconf 79' lang='grc' dir='ltr'>ἐναντιον</span> <span class='ocrx_word' id='word_1_727' title='bbox 3132 2257 3249 2298; x_wconf 86' lang='grc' dir='ltr'>σου</span> <span class='ocrx_word' id='word_1_728' title='bbox 3288 2242 3454 2305; x_wconf 82' lang='grc' dir='ltr'>ἐστί;</span> <span class='ocrx_word' id='word_1_729' title='bbox 3491 2243 3925 2310; x_wconf 77' lang='grc' dir='ltr'>Διαχωρίσθητι</span> 
     </span>
    </p>
   </div>
   <div class='ocr_carea' id='block_1_88' title="bbox 2233 2327 3925 2403">
    <p class='ocr_par' dir='ltr' id='par_1_88' title="bbox 2233 2327 3925 2403">
     <span class='ocr_line' id='line_1_88' title="bbox 2233 2327 3925 2403; baseline -0.004 -16"><span class='ocrx_word' id='word_1_730' title='bbox 2233 2334 2335 2388; x_wconf 81' lang='grc' dir='ltr'>ἀπ’</span> <span class='ocrx_word' id='word_1_731' title='bbox 2355 2333 2501 2403; x_wconf 86' lang='grc' dir='ltr'>ἐμοῦ</span> <span class='ocrx_word' id='word_1_732' title='bbox 2521 2351 2535 2364; x_wconf 77' lang='grc'><em>’</em></span> <span class='ocrx_word' id='word_1_733' title='bbox 2578 2335 2631 2386; x_wconf 85' lang='grc' dir='ltr'>εί</span> <span class='ocrx_word' id='word_1_734' title='bbox 2670 2332 2752 2387; x_wconf 84' lang='grc' dir='ltr'>σὺ</span> <span class='ocrx_word' id='word_1_735' title='bbox 2786 2335 2872 2397; x_wconf 85' lang='grc' dir='ltr'>είς</span> <span class='ocrx_word' id='word_1_736' title='bbox 2890 2330 3078 2396; x_wconf 80' lang='grc' dir='ltr'>δεξιὰ,</span> <span class='ocrx_word' id='word_1_737' title='bbox 3098 2329 3212 2400; x_wconf 64' lang='grc' dir='ltr'>ἐγὼ</span> <span class='ocrx_word' id='word_1_738' title='bbox 3232 2332 3321 2395; x_wconf 84' lang='grc' dir='ltr'>είς</span> <span class='ocrx_word' id='word_1_739' title='bbox 3339 2327 3626 2397; x_wconf 80' lang='grc' dir='ltr'>ἀριστερά</span> <span class='ocrx_word' id='word_1_740' title='bbox 3647 2346 3664 2358; x_wconf 69' lang='grc' dir='ltr'>ο</span> <span class='ocrx_word' id='word_1_741' title='bbox 3692 2332 3748 2382; x_wconf 83' lang='grc' dir='ltr'>εὶ</span> <span class='ocrx_word' id='word_1_742' title='bbox 3770 2329 3837 2382; x_wconf 83' lang='grc' dir='ltr'>δέ</span> <span class='ocrx_word' id='word_1_743' title='bbox 3852 2331 3925 2382; x_wconf 79' lang='grc' dir='ltr'>σὺ</span> 
     </span>
    </p>
   </div>
   <div class='ocr_carea' id='block_1_89' title="bbox 2233 2414 3927 2489">
    <p class='ocr_par' dir='ltr' id='par_1_89' title="bbox 2233 2414 3927 2489">
     <span class='ocr_line' id='line_1_89' title="bbox 2233 2414 3927 2489; baseline -0.004 -16"><span class='ocrx_word' id='word_1_744' title='bbox 2233 2422 2338 2486; x_wconf 74' lang='grc' dir='ltr'>εἰς’</span> <span class='ocrx_word' id='word_1_745' title='bbox 2359 2419 2663 2488; x_wconf 79' lang='grc' dir='ltr'>ἀριστερὰ,</span> <span class='ocrx_word' id='word_1_746' title='bbox 2689 2419 2805 2489; x_wconf 75' lang='grc' dir='ltr'>ἐγὼ</span> <span class='ocrx_word' id='word_1_747' title='bbox 2840 2421 2929 2483; x_wconf 84' lang='grc' dir='ltr'>εις</span> <span class='ocrx_word' id='word_1_748' title='bbox 2967 2416 3151 2480; x_wconf 73' lang='grc' dir='ltr'>δεξιά.</span> <span class='ocrx_word' id='word_1_749' title='bbox 3169 2416 3313 2486; x_wconf 86' lang='grc' dir='ltr'>Ὅρα</span> <span class='ocrx_word' id='word_1_750' title='bbox 3346 2416 3447 2485; x_wconf 80' lang='grc' dir='ltr'>τὴν</span> <span class='ocrx_word' id='word_1_751' title='bbox 3483 2415 3805 2468; x_wconf 78' lang='grc' dir='ltr'>ἐπιείκειαν</span> <span class='ocrx_word' id='word_1_752' title='bbox 3841 2414 3927 2468; x_wconf 71' lang='grc' dir='ltr'>τοῦ</span> 
     </span>
    </p>
   </div>
   <div class='ocr_carea' id='block_1_90' title="bbox 2233 2501 3927 2575">
    <p class='ocr_par' dir='ltr' id='par_1_90' title="bbox 2233 2501 3927 2575">
     <span class='ocr_line' id='line_1_90' title="bbox 2233 2501 3927 2575; baseline -0.005 -14"><span class='ocrx_word' id='word_1_753' title='bbox 2233 2506 2466 2562; x_wconf 90' lang='grc' dir='ltr'>δικαίου.</span> <span class='ocrx_word' id='word_1_754' title='bbox 2488 2506 2711 2569; x_wconf 83' lang='grc' dir='ltr'>Δεικνὺς</span> <span class='ocrx_word' id='word_1_755' title='bbox 2748 2505 2857 2575; x_wconf 83' lang='grc' dir='ltr'>γὰρ</span> <span class='ocrx_word' id='word_1_756' title='bbox 2895 2503 3042 2575; x_wconf 80' lang='grc' dir='ltr'>αὐτῷ</span> <span class='ocrx_word' id='word_1_757' title='bbox 3060 2503 3149 2556; x_wconf 83' lang='grc' dir='ltr'>διὰ</span> <span class='ocrx_word' id='word_1_758' title='bbox 3166 2503 3274 2556; x_wconf 87' lang='grc' dir='ltr'>τῶν</span> <span class='ocrx_word' id='word_1_759' title='bbox 3295 2501 3672 2573; x_wconf 83' lang='grc' dir='ltr'>πραγμάτων,</span> <span class='ocrx_word' id='word_1_760' title='bbox 3716 2502 3805 2557; x_wconf 82' lang='grc' dir='ltr'>ὅτι</span> <span class='ocrx_word' id='word_1_761' title='bbox 3837 2505 3927 2572; x_wconf 59' lang='grc' dir='ltr'>οὔχ</span> 
     </span>
    </p>
   </div>
   <div class='ocr_carea' id='block_1_91' title="bbox 2234 2589 3930 2663">
    <p class='ocr_par' dir='ltr' id='par_1_91' title="bbox 2234 2589 3930 2663">
     <span class='ocr_line' id='line_1_91' title="bbox 2234 2589 3930 2663; baseline -0.002 -14"><span class='ocrx_word' id='word_1_762' title='bbox 2234 2595 2376 2649; x_wconf 84' lang='grc' dir='ltr'>ἑκὼν</span> <span class='ocrx_word' id='word_1_763' title='bbox 2393 2594 2551 2648; x_wconf 87' lang='grc' dir='ltr'>τοῦτο</span> <span class='ocrx_word' id='word_1_764' title='bbox 2570 2594 2866 2662; x_wconf 83' lang='grc' dir='ltr'>ποιεί,ούδὲ</span> <span class='ocrx_word' id='word_1_765' title='bbox 2888 2591 3208 2663; x_wconf 87' lang='grc' dir='ltr'>βουλόμενος</span> <span class='ocrx_word' id='word_1_766' title='bbox 3223 2590 3388 2644; x_wconf 72' lang='grc' dir='ltr'>αὐτὸν</span> <span class='ocrx_word' id='word_1_767' title='bbox 3403 2589 3781 2661; x_wconf 83' lang='grc' dir='ltr'>χωρισθῆναι,</span> <span class='ocrx_word' id='word_1_768' title='bbox 3800 2591 3930 2645; x_wconf 66' lang='lat' dir='ltr'><strong><em>am</em></strong></span> 
     </span>
    </p>
   </div>
   <div class='ocr_carea' id='block_1_92' title="bbox 2234 2677 3932 2754">
    <p class='ocr_par' dir='ltr' id='par_1_92' title="bbox 2234 2677 3932 2754">
     <span class='ocr_line' id='line_1_92' title="bbox 2234 2677 3932 2754; baseline -0.002 -18"><span class='ocrx_word' id='word_1_769' title='bbox 2234 2682 2322 2737; x_wconf 89' lang='grc' dir='ltr'>διά</span> <span class='ocrx_word' id='word_1_770' title='bbox 2338 2683 2437 2754; x_wconf 83' lang='grc' dir='ltr'>τὴν</span> <span class='ocrx_word' id='word_1_771' title='bbox 2454 2683 2553 2751; x_wconf 83' lang='grc' dir='ltr'>τῆς</span> <span class='ocrx_word' id='word_1_772' title='bbox 2572 2680 2904 2751; x_wconf 88' lang='grc' dir='ltr'>φιλονεικίας</span> <span class='ocrx_word' id='word_1_773' title='bbox 2925 2680 3194 2750; x_wconf 86' lang='grc' dir='ltr'>ἀνάγκην,</span> <span class='ocrx_word' id='word_1_774' title='bbox 3212 2680 3307 2733; x_wconf 78' lang='grc' dir='ltr'>καὶ</span> <span class='ocrx_word' id='word_1_775' title='bbox 3325 2678 3466 2732; x_wconf 81' lang='grc' dir='ltr'>ὥστε</span> <span class='ocrx_word' id='word_1_776' title='bbox 3489 2677 3567 2748; x_wconf 80' lang='grc' dir='ltr'>μὴ</span> <span class='ocrx_word' id='word_1_777' title='bbox 3588 2679 3828 2748; x_wconf 78' lang='grc' dir='ltr'>διηνεκῆ</span> <span class='ocrx_word' id='word_1_778' title='bbox 3844 2679 3932 2732; x_wconf 68' lang='grc' dir='ltr'>τὸν</span> 
     </span>
    </p>
   </div>
   <div class='ocr_carea' id='block_1_93' title="bbox 2236 2764 3931 2842">
    <p class='ocr_par' dir='ltr' id='par_1_93' title="bbox 2236 2764 3931 2842">
     <span class='ocr_line' id='line_1_93' title="bbox 2236 2764 3931 2842; baseline -0.003 -18"><span class='ocrx_word' id='word_1_779' title='bbox 2236 2770 2470 2842; x_wconf 88' lang='grc' dir='ltr'>πόλεμον</span> <span class='ocrx_word' id='word_1_780' title='bbox 2508 2765 2647 2824; x_wconf 72' lang='grc' dir='ltr'>εἶναι</span> <span class='ocrx_word' id='word_1_781' title='bbox 2686 2770 2744 2823; x_wconf 81' lang='grc' dir='ltr'>ἐν</span> <span class='ocrx_word' id='word_1_782' title='bbox 2762 2772 2829 2841; x_wconf 81' lang='grc' dir='ltr'>τῇ</span> <span class='ocrx_word' id='word_1_783' title='bbox 2851 2768 3019 2839; x_wconf 80' lang='grc' dir='ltr'>οἰκίᾳ,</span> <span class='ocrx_word' id='word_1_784' title='bbox 3042 2765 3372 2829; x_wconf 87' lang='grc' dir='ltr'>σκόπει·πῶς</span> <span class='ocrx_word' id='word_1_785' title='bbox 3388 2764 3478 2820; x_wconf 88' lang='grc' dir='ltr'>διά</span> <span class='ocrx_word' id='word_1_786' title='bbox 3494 2765 3607 2819; x_wconf 82' lang='grc' dir='ltr'>τῶν</span> <span class='ocrx_word' id='word_1_787' title='bbox 3626 2766 3817 2833; x_wconf 82' lang='grc' dir='ltr'>λόγων</span> <span class='ocrx_word' id='word_1_788' title='bbox 3834 2784 3931 2819; x_wconf 70' lang='lat' dir='ltr'>za-</span> 
     </span>
    </p>
   </div>
   <div class='ocr_carea' id='block_1_94' title="bbox 2235 2854 3932 2931">
    <p class='ocr_par' dir='ltr' id='par_1_94' title="bbox 2235 2854 3932 2931">
     <span class='ocr_line' id='line_1_94' title="bbox 2235 2854 3932 2931; baseline -0.003 -17"><span class='ocrx_word' id='word_1_789' title='bbox 2235 2860 2537 2931; x_wconf 82' lang='grc' dir='ltr'>ταπραΰνει</span> <span class='ocrx_word' id='word_1_790' title='bbox 2573 2858 2739 2913; x_wconf 77' lang='grc' dir='ltr'>αὐτοῦ</span> <span class='ocrx_word' id='word_1_791' title='bbox 2777 2858 2876 2930; x_wconf 78' lang='grc' dir='ltr'>τὴν</span> <span class='ocrx_word' id='word_1_792' title='bbox 2914 2855 3254 2928; x_wconf 77' lang='grc' dir='ltr'>φλεγμονὴν,</span> <span class='ocrx_word' id='word_1_793' title='bbox 3291 2856 3388 2909; x_wconf 74' lang='grc' dir='ltr'>καὶ</span> <span class='ocrx_word' id='word_1_794' title='bbox 3420 2854 3575 2927; x_wconf 84' lang='grc' dir='ltr'>αὐτῷ</span> <span class='ocrx_word' id='word_1_795' title='bbox 3610 2858 3808 2910; x_wconf 75' lang='grc' dir='ltr'>πᾶσαν</span> <span class='ocrx_word' id='word_1_796' title='bbox 3842 2856 3932 2925; x_wconf 71' lang='grc' dir='ltr'>τὴν</span> 
     </span>
    </p>
   </div>
   <div class='ocr_carea' id='block_1_95' title="bbox 2237 2944 3932 3016">
    <p class='ocr_par' dir='ltr' id='par_1_95' title="bbox 2237 2944 3932 3016">
     <span class='ocr_line' id='line_1_95' title="bbox 2237 2944 3932 3016; baseline -0.001 -16"><span class='ocrx_word' id='word_1_797' title='bbox 2237 2947 2482 3013; x_wconf 86' lang='grc' dir='ltr'>ἐξουσίαν</span> <span class='ocrx_word' id='word_1_798' title='bbox 2516 2947 2699 3000; x_wconf 90' lang='grc' dir='ltr'>δίδωσι</span> <span class='ocrx_word' id='word_1_799' title='bbox 2736 2946 2837 3014; x_wconf 85' lang='grc' dir='ltr'>τῆς</span> <span class='ocrx_word' id='word_1_800' title='bbox 2875 2945 3128 3016; x_wconf 84' lang='grc' dir='ltr'>ἐκλογῆς,</span> <span class='ocrx_word' id='word_1_801' title='bbox 3150 2946 3245 2998; x_wconf 78' lang='grc' dir='ltr'>καὶ</span> <span class='ocrx_word' id='word_1_802' title='bbox 3281 2944 3607 3015; x_wconf 84' lang='grc' dir='ltr'>προτίθησιν</span> <span class='ocrx_word' id='word_1_803' title='bbox 3646 2944 3812 3016; x_wconf 72' lang='grc' dir='ltr'>αὐτῷ</span> <span class='ocrx_word' id='word_1_804' title='bbox 3840 2946 3932 3014; x_wconf 59' lang='grc' dir='ltr'>τὴν</span> 
     </span>
    </p>
   </div>
   <div class='ocr_carea' id='block_1_96' title="bbox 2236 3029 3932 3106">
    <p class='ocr_par' dir='ltr' id='par_1_96' title="bbox 2236 3029 3932 3106">
     <span class='ocr_line' id='line_1_96' title="bbox 2236 3029 3932 3106; baseline -0.004 -17"><span class='ocrx_word' id='word_1_805' title='bbox 2236 3035 2338 3106; x_wconf 86' lang='grc' dir='ltr'>γῆν</span> <span class='ocrx_word' id='word_1_806' title='bbox 2361 3034 2602 3099; x_wconf 77' lang='grc' dir='ltr'>ἃπασαν,</span> <span class='ocrx_word' id='word_1_807' title='bbox 2624 3033 2716 3086; x_wconf 88' lang='grc' dir='ltr'>καί</span> <span class='ocrx_word' id='word_1_808' title='bbox 2738 3050 2904 3103; x_wconf 89' lang='grc' dir='ltr'>φησιν</span> <span class='ocrx_word' id='word_1_809' title='bbox 2922 3050 2936 3064; x_wconf 88' lang='grc'><strong>·</strong></span> <span class='ocrx_word' id='word_1_810' title='bbox 2963 3034 3087 3087; x_wconf 82' lang='grc' dir='ltr'>Οὐκ</span> <span class='ocrx_word' id='word_1_811' title='bbox 3126 3031 3256 3088; x_wconf 72' lang='grc' dir='ltr'>ἰδοὺ</span> <span class='ocrx_word' id='word_1_812' title='bbox 3295 3032 3466 3087; x_wconf 83' lang='grc' dir='ltr'>πᾶσα</span> <span class='ocrx_word' id='word_1_813' title='bbox 3484 3032 3522 3100; x_wconf 81' lang='grc' dir='ltr'>ή</span> <span class='ocrx_word' id='word_1_814' title='bbox 3548 3029 3626 3101; x_wconf 78' lang='grc' dir='ltr'>γῆ</span> <span class='ocrx_word' id='word_1_815' title='bbox 3646 3033 3932 3087; x_wconf 68' lang='grc' dir='ltr'>ἐναντίω</span> 
     </span>
    </p>
   </div>
   <div class='ocr_carea' id='block_1_97' title="bbox 2237 3117 3928 3194">
    <p class='ocr_par' dir='ltr' id='par_1_97' title="bbox 2237 3117 3928 3194">
     <span class='ocr_line' id='line_1_97' title="bbox 2237 3117 3928 3194; baseline -0.002 -18"><span class='ocrx_word' id='word_1_816' title='bbox 2237 3136 2387 3188; x_wconf 85' lang='grc' dir='ltr'>σου;</span> <span class='ocrx_word' id='word_1_817' title='bbox 2410 3123 2512 3175; x_wconf 88' lang='grc' dir='ltr'>Ἦν</span> <span class='ocrx_word' id='word_1_818' title='bbox 2531 3121 2597 3174; x_wconf 85' lang='grc' dir='ltr'>ἂν</span> <span class='ocrx_word' id='word_1_819' title='bbox 2620 3121 2807 3194; x_wconf 79' lang='grc' dir='ltr'>βούλῃ,</span> <span class='ocrx_word' id='word_1_820' title='bbox 2821 3118 2967 3184; x_wconf 86' lang='grc' dir='ltr'>ἐλοῦ,</span> <span class='ocrx_word' id='word_1_821' title='bbox 2984 3117 3140 3185; x_wconf 87' lang='grc' dir='ltr'>κάγὼ</span> <span class='ocrx_word' id='word_1_822' title='bbox 3158 3119 3375 3189; x_wconf 88' lang='grc' dir='ltr'>ἐκείνην</span> <span class='ocrx_word' id='word_1_823' title='bbox 3395 3118 3782 3189; x_wconf 80' lang='grc' dir='ltr'>καταδέξομαι</span> <span class='ocrx_word' id='word_1_824' title='bbox 3800 3122 3928 3192; x_wconf 79' lang='grc' dir='ltr'>μετά</span> 
     </span>
    </p>
   </div>
   <div class='ocr_carea' id='block_1_98' title="bbox 2240 3206 3929 3285">
    <p class='ocr_par' dir='ltr' id='par_1_98' title="bbox 2240 3206 3929 3285">
     <span class='ocr_line' id='line_1_98' title="bbox 2240 3206 3929 3285; baseline -0.001 -22"><span class='ocrx_word' id='word_1_825' title='bbox 2240 3209 2438 3279; x_wconf 86' lang='grc' dir='ltr'>πολλῆς</span> <span class='ocrx_word' id='word_1_826' title='bbox 2475 3210 2576 3279; x_wconf 88' lang='grc' dir='ltr'>τῆς</span> <span class='ocrx_word' id='word_1_827' title='bbox 2610 3209 2826 3285; x_wconf 69' lang='grc' dir='ltr'>ἡδονῆς,</span> <span class='ocrx_word' id='word_1_828' title='bbox 2850 3208 2915 3279; x_wconf 82' lang='grc' dir='ltr'>ἢν</span> <span class='ocrx_word' id='word_1_829' title='bbox 2949 3207 3015 3262; x_wconf 83' lang='grc' dir='ltr'>ἂν</span> <span class='ocrx_word' id='word_1_830' title='bbox 3049 3207 3210 3270; x_wconf 84' lang='grc' dir='ltr'>αὐτὸς</span> <span class='ocrx_word' id='word_1_831' title='bbox 3229 3206 3554 3278; x_wconf 84' lang='grc' dir='ltr'>καταλίπῃς.</span> <span class='ocrx_word' id='word_1_832' title='bbox 3579 3208 3929 3279; x_wconf 81' lang='grc' dir='ltr'>Μεγάλητοῦ</span> 
     </span>
    </p>
   </div>
   <div class='ocr_carea' id='block_1_99' title="bbox 2237 3294 3931 3367">
    <p class='ocr_par' dir='ltr' id='par_1_99' title="bbox 2237 3294 3931 3367">
     <span class='ocr_line' id='line_1_99' title="bbox 2237 3294 3931 3367; baseline 0 -17"><span class='ocrx_word' id='word_1_833' title='bbox 2237 3295 2445 3351; x_wconf 91' lang='grc' dir='ltr'>δικαίου</span> <span class='ocrx_word' id='word_1_834' title='bbox 2482 3298 2517 3367; x_wconf 83' lang='grc' dir='ltr'>ἡ</span> <span class='ocrx_word' id='word_1_835' title='bbox 2559 3296 2869 3365; x_wconf 83' lang='grc' dir='ltr'>φιλοσοφία.</span> <span class='ocrx_word' id='word_1_836' title='bbox 2927 3295 3027 3350; x_wconf 87' lang='grc' dir='ltr'>Διά</span> <span class='ocrx_word' id='word_1_837' title='bbox 3064 3296 3283 3349; x_wconf 89' lang='grc' dir='ltr'>πάντων</span> <span class='ocrx_word' id='word_1_838' title='bbox 3319 3294 3637 3365; x_wconf 77' lang='grc' dir='ltr'>ἀνεπαχθὴς</span> <span class='ocrx_word' id='word_1_839' title='bbox 3683 3295 3931 3365; x_wconf 76' lang='grc' dir='ltr'>βούλεται</span> 
     </span>
    </p>
   </div>
   <div class='ocr_carea' id='block_1_100' title="bbox 2238 3383 3933 3457">
    <p class='ocr_par' dir='ltr' id='par_1_100' title="bbox 2238 3383 3933 3457">
     <span class='ocr_line' id='line_1_100' title="bbox 2238 3383 3933 3457; baseline -0.001 -16"><span class='ocrx_word' id='word_1_840' title='bbox 2238 3386 2494 3456; x_wconf 88' lang='grc' dir='ltr'>γενέσθαι</span> <span class='ocrx_word' id='word_1_841' title='bbox 2513 3386 2591 3457; x_wconf 82' lang='grc' dir='ltr'>τῷ</span> <span class='ocrx_word' id='word_1_842' title='bbox 2610 3385 2894 3456; x_wconf 80' lang='grc' dir='ltr'>ἀδελφιδῷ.</span> <span class='ocrx_word' id='word_1_843' title='bbox 2912 3383 3130 3456; x_wconf 78' lang='grc' dir='ltr'>Ἐπειδὴ</span> <span class='ocrx_word' id='word_1_844' title='bbox 3150 3384 3279 3453; x_wconf 83' lang='grc' dir='ltr'>γὰρ,</span> <span class='ocrx_word' id='word_1_845' title='bbox 3295 3383 3482 3453; x_wconf 73' lang='grc' dir='ltr'>φησὶν,</span> <span class='ocrx_word' id='word_1_846' title='bbox 3497 3384 3641 3455; x_wconf 80' lang='grc' dir='ltr'>ὅπερ</span> <span class='ocrx_word' id='word_1_847' title='bbox 3661 3387 3773 3439; x_wconf 79' lang='grc' dir='ltr'>οὐκ</span> <span class='ocrx_word' id='word_1_848' title='bbox 3790 3387 3933 3440; x_wconf 67' lang='grc' dir='ltr'>ἐϐαδ-</span> 
     </span>
    </p>
   </div>
   <div class='ocr_carea' id='block_1_101' title="bbox 2239 3471 3929 3547">
    <p class='ocr_par' dir='ltr' id='par_1_101' title="bbox 2239 3471 3929 3547">
     <span class='ocr_line' id='line_1_101' title="bbox 2239 3471 3929 3547; baseline 0 -19"><span class='ocrx_word' id='word_1_849' title='bbox 2239 3475 2435 3547; x_wconf 90' lang='grc' dir='ltr'>λόμην,</span> <span class='ocrx_word' id='word_1_850' title='bbox 2454 3476 2612 3530; x_wconf 87' lang='grc' dir='ltr'>τοῦτο</span> <span class='ocrx_word' id='word_1_851' title='bbox 2649 3475 2881 3543; x_wconf 88' lang='grc' dir='ltr'>γίνεται,</span> <span class='ocrx_word' id='word_1_852' title='bbox 2905 3474 3002 3527; x_wconf 78' lang='grc' dir='ltr'>καὶ</span> <span class='ocrx_word' id='word_1_853' title='bbox 3037 3472 3124 3526; x_wconf 82' lang='grc' dir='ltr'>ἴνα</span> <span class='ocrx_word' id='word_1_854' title='bbox 3155 3472 3223 3526; x_wconf 84' lang='grc' dir='ltr'>τὰ</span> <span class='ocrx_word' id='word_1_855' title='bbox 3246 3472 3344 3542; x_wconf 84' lang='grc' dir='ltr'>τῆς</span> <span class='ocrx_word' id='word_1_856' title='bbox 3366 3471 3710 3539; x_wconf 80' lang='grc' dir='ltr'>φιλονεικίας</span> <span class='ocrx_word' id='word_1_857' title='bbox 3732 3476 3929 3545; x_wconf 72' lang='grc' dir='ltr'>παυθῇ,</span> 
     </span>
    </p>
   </div>
   <div class='ocr_carea' id='block_1_102' title="bbox 2237 3557 3934 3635">
    <p class='ocr_par' dir='ltr' id='par_1_102' title="bbox 2237 3557 3934 3635">
     <span class='ocr_line' id='line_1_102' title="bbox 2237 3557 3934 3635; baseline 0.002 -21"><span class='ocrx_word' id='word_1_858' title='bbox 2237 3563 2330 3615; x_wconf 82' lang='grc' dir='ltr'>τὸν</span> <span class='ocrx_word' id='word_1_859' title='bbox 2350 3562 2628 3635; x_wconf 82' lang='grc' dir='ltr'>χωρισμὸν</span> <span class='ocrx_word' id='word_1_860' title='bbox 2647 3561 2864 3630; x_wconf 89' lang='grc' dir='ltr'>ἀνάγκη</span> <span class='ocrx_word' id='word_1_861' title='bbox 2886 3560 3157 3631; x_wconf 88' lang='grc' dir='ltr'>συμϐῆναι</span> <span class='ocrx_word' id='word_1_862' title='bbox 3172 3574 3185 3588; x_wconf 88' lang='grc'><strong>·</strong></span> <span class='ocrx_word' id='word_1_863' title='bbox 3208 3558 3298 3612; x_wconf 86' lang='grc' dir='ltr'>διὰ</span> <span class='ocrx_word' id='word_1_864' title='bbox 3316 3557 3475 3612; x_wconf 88' lang='grc' dir='ltr'>τοῦτό</span> <span class='ocrx_word' id='word_1_865' title='bbox 3498 3576 3559 3612; x_wconf 91' lang='grc' dir='ltr'>σε</span> <span class='ocrx_word' id='word_1_866' title='bbox 3578 3560 3785 3631; x_wconf 81' lang='grc' dir='ltr'>κύριον</span> <span class='ocrx_word' id='word_1_867' title='bbox 3804 3564 3934 3617; x_wconf 70' lang='grc' dir='ltr'>καθ-</span> 
     </span>
    </p>
   </div>
   <div class='ocr_carea' id='block_1_103' title="bbox 2243 3645 3935 3720">
    <p class='ocr_par' dir='ltr' id='par_1_103' title="bbox 2243 3645 3935 3720">
     <span class='ocr_line' id='line_1_103' title="bbox 2243 3645 3935 3720; baseline 0.001 -17"><span class='ocrx_word' id='word_1_868' title='bbox 2243 3649 2432 3720; x_wconf 89' lang='grc' dir='ltr'>ίστημι</span> <span class='ocrx_word' id='word_1_869' title='bbox 2469 3649 2571 3720; x_wconf 89' lang='grc' dir='ltr'>τῆς</span> <span class='ocrx_word' id='word_1_870' title='bbox 2590 3649 2876 3720; x_wconf 80' lang='grc' dir='ltr'>αἱρέσεως,</span> <span class='ocrx_word' id='word_1_871' title='bbox 2898 3648 2993 3703; x_wconf 77' lang='grc' dir='ltr'>καὶ</span> <span class='ocrx_word' id='word_1_872' title='bbox 3011 3647 3109 3720; x_wconf 79' lang='grc' dir='ltr'>τήν</span> <span class='ocrx_word' id='word_1_873' title='bbox 3130 3645 3380 3713; x_wconf 88' lang='grc' dir='ltr'>ἐξουσίαν</span> <span class='ocrx_word' id='word_1_874' title='bbox 3401 3663 3485 3699; x_wconf 90' lang='grc' dir='ltr'>σοι</span> <span class='ocrx_word' id='word_1_875' title='bbox 3504 3649 3700 3701; x_wconf 78' lang='grc' dir='ltr'>πᾶσαν</span> <span class='ocrx_word' id='word_1_876' title='bbox 3719 3650 3935 3720; x_wconf 81' lang='grc' dir='ltr'>δίδωμι,</span> 
     </span>
    </p>
   </div>
   <div class='ocr_carea' id='block_1_104' title="bbox 2239 3732 3937 3809">
    <p class='ocr_par' dir='ltr' id='par_1_104' title="bbox 2239 3732 3937 3809">
     <span class='ocr_line' id='line_1_104' title="bbox 2239 3732 3937 3809; baseline 0.001 -18"><span class='ocrx_word' id='word_1_877' title='bbox 2239 3738 2329 3791; x_wconf 79' lang='grc' dir='ltr'>ἵνα</span> <span class='ocrx_word' id='word_1_878' title='bbox 2346 3739 2413 3809; x_wconf 74' lang='grc' dir='ltr'>ἢν</span> <span class='ocrx_word' id='word_1_879' title='bbox 2435 3738 2500 3792; x_wconf 85' lang='grc' dir='ltr'>ἂν</span> <span class='ocrx_word' id='word_1_880' title='bbox 2521 3737 2753 3809; x_wconf 88' lang='grc' dir='ltr'>νομίσῃς</span> <span class='ocrx_word' id='word_1_881' title='bbox 2769 3732 2909 3790; x_wconf 76' lang='grc' dir='ltr'>εἶναι</span> <span class='ocrx_word' id='word_1_882' title='bbox 2924 3735 3260 3808; x_wconf 87' lang='grc' dir='ltr'>τιμιωτέραν</span> <span class='ocrx_word' id='word_1_883' title='bbox 3274 3734 3399 3805; x_wconf 87' lang='grc' dir='ltr'>γῆν,</span> <span class='ocrx_word' id='word_1_884' title='bbox 3415 3734 3636 3806; x_wconf 87' lang='grc' dir='ltr'>ἐκείνην</span> <span class='ocrx_word' id='word_1_885' title='bbox 3652 3737 3937 3808; x_wconf 79' lang='grc' dir='ltr'>ἑλόμενος,</span> 
     </span>
    </p>
   </div>
   <div class='ocr_carea' id='block_1_105' title="bbox 2239 3820 3941 3898">
    <p class='ocr_par' dir='ltr' id='par_1_105' title="bbox 2239 3820 3941 3898">
     <span class='ocr_line' id='line_1_105' title="bbox 2239 3820 3941 3898; baseline 0.003 -20"><span class='ocrx_word' id='word_1_886' title='bbox 2239 3826 2337 3897; x_wconf 85' lang='grc' dir='ltr'>τὴν</span> <span class='ocrx_word' id='word_1_887' title='bbox 2371 3825 2566 3897; x_wconf 81' lang='grc' dir='ltr'>λοιπήν</span> <span class='ocrx_word' id='word_1_888' title='bbox 2601 3825 2726 3895; x_wconf 73' lang='grc' dir='ltr'>ἐμοὶ</span> <span class='ocrx_word' id='word_1_889' title='bbox 2765 3820 3246 3898; x_wconf 71' lang='grc' dir='ltr'>καταλίπῃς.”Αρα</span> <span class='ocrx_word' id='word_1_890' title='bbox 3286 3825 3352 3879; x_wconf 81' lang='grc' dir='ltr'>ἂν</span> <span class='ocrx_word' id='word_1_891' title='bbox 3371 3825 3529 3879; x_wconf 88' lang='grc' dir='ltr'>τοῦτο</span> <span class='ocrx_word' id='word_1_892' title='bbox 3548 3827 3791 3898; x_wconf 77' lang='grc' dir='ltr'>ποιῆσαί</span> <span class='ocrx_word' id='word_1_893' title='bbox 3809 3832 3941 3882; x_wconf 73' lang='grc' dir='ltr'>ποτέ</span> 
     </span>
    </p>
   </div>
   <div class='ocr_carea' id='block_1_106' title="bbox 2239 3911 3945 3987">
    <p class='ocr_par' dir='ltr' id='par_1_106' title="bbox 2239 3911 3945 3987">
     <span class='ocr_line' id='line_1_106' title="bbox 2239 3911 3945 3987; baseline -0.001 -20"><span class='ocrx_word' id='word_1_894' title='bbox 2239 3931 2324 3978; x_wconf 87' lang='grc' dir='ltr'>τις</span> <span class='ocrx_word' id='word_1_895' title='bbox 2343 3911 2664 3976; x_wconf 80' lang='grc' dir='ltr'>κατεδέξατο</span> <span class='ocrx_word' id='word_1_896' title='bbox 2685 3911 2820 3983; x_wconf 82' lang='grc' dir='ltr'>πρὸς</span> <span class='ocrx_word' id='word_1_897' title='bbox 2838 3911 3078 3982; x_wconf 88' lang='grc' dir='ltr'>ὁμήλικα</span> <span class='ocrx_word' id='word_1_898' title='bbox 3095 3911 3345 3980; x_wconf 82' lang='grc' dir='ltr'>ἀδελφὸν,</span> <span class='ocrx_word' id='word_1_899' title='bbox 3374 3913 3513 3984; x_wconf 80' lang='grc' dir='ltr'>ὅπερ</span> <span class='ocrx_word' id='word_1_900' title='bbox 3531 3914 3561 3966; x_wconf 87' lang='grc' dir='ltr'>ό</span> <span class='ocrx_word' id='word_1_901' title='bbox 3582 3917 3945 3987; x_wconf 53' lang='grc' dir='ltr'>πατριάρῃς</span> 
     </span>
    </p>
   </div>
   <div class='ocr_carea' id='block_1_107' title="bbox 2240 3998 3945 4074">
    <p class='ocr_par' dir='ltr' id='par_1_107' title="bbox 2240 3998 3945 4074">
     <span class='ocr_line' id='line_1_107' title="bbox 2240 3998 3945 4074; baseline 0 -20"><span class='ocrx_word' id='word_1_902' title='bbox 2240 4001 2376 4069; x_wconf 85' lang='grc' dir='ltr'>πρὸς</span> <span class='ocrx_word' id='word_1_903' title='bbox 2395 4001 2484 4054; x_wconf 85' lang='grc' dir='ltr'>τὸν</span> <span class='ocrx_word' id='word_1_904' title='bbox 2505 3998 2825 4068; x_wconf 80' lang='grc' dir='ltr'>ἀδελφιδοῦν</span> <span class='ocrx_word' id='word_1_905' title='bbox 2845 3998 3157 4063; x_wconf 83' lang='grc' dir='ltr'>ἐπεδείξατο</span> <span class='ocrx_word' id='word_1_906' title='bbox 3177 4016 3191 4065; x_wconf 87' lang='grc'>;</span> <span class='ocrx_word' id='word_1_907' title='bbox 3214 4000 3277 4053; x_wconf 74' lang='lat' dir='ltr'>El</span> <span class='ocrx_word' id='word_1_908' title='bbox 3296 3999 3406 4072; x_wconf 67' lang='grc' dir='ltr'>γάρ</span> <span class='ocrx_word' id='word_1_909' title='bbox 3425 4000 3521 4054; x_wconf 69' lang='grc' dir='ltr'>καὶ</span> <span class='ocrx_word' id='word_1_910' title='bbox 3540 4001 3719 4065; x_wconf 74' lang='grc' dir='ltr'>αὐτὸς</span> <span class='ocrx_word' id='word_1_911' title='bbox 3741 4005 3945 4074; x_wconf 60' lang='lat'>7:901:-</span> 
     </span>
    </p>
   </div>
   <div class='ocr_carea' id='block_1_108' title="bbox 2239 4085 3943 4159">
    <p class='ocr_par' dir='ltr' id='par_1_108' title="bbox 2239 4085 3943 4159">
     <span class='ocr_line' id='line_1_108' title="bbox 2239 4085 3943 4159; baseline 0.003 -18"><span class='ocrx_word' id='word_1_912' title='bbox 2239 4086 2351 4141; x_wconf 85' lang='grc' dir='ltr'>ϐὼν</span> <span class='ocrx_word' id='word_1_913' title='bbox 2385 4087 2483 4159; x_wconf 81' lang='grc' dir='ltr'>τὴν</span> <span class='ocrx_word' id='word_1_914' title='bbox 2509 4085 2658 4158; x_wconf 79' lang='lat'>[5&#39;57]</span> <span class='ocrx_word' id='word_1_915' title='bbox 2681 4085 2912 4156; x_wconf 82' lang='grc' dir='ltr'>ἐκλογὴν</span> <span class='ocrx_word' id='word_1_916' title='bbox 2951 4086 3341 4157; x_wconf 89' lang='grc' dir='ltr'>ποιησάμενος,</span> <span class='ocrx_word' id='word_1_917' title='bbox 3363 4088 3460 4141; x_wconf 69' lang='grc' dir='ltr'>καὶ</span> <span class='ocrx_word' id='word_1_918' title='bbox 3478 4088 3548 4142; x_wconf 81' lang='grc' dir='ltr'>τὰ</span> <span class='ocrx_word' id='word_1_919' title='bbox 3567 4094 3837 4158; x_wconf 82' lang='grc' dir='ltr'>πρωτεῖα</span> <span class='ocrx_word' id='word_1_920' title='bbox 3855 4093 3943 4146; x_wconf 74' lang='grc' dir='ltr'>λαο</span> 
     </span>
    </p>
   </div>
   <div class='ocr_carea' id='block_1_109' title="bbox 2240 4171 3948 4246">
    <p class='ocr_par' dir='ltr' id='par_1_109' title="bbox 2240 4171 3948 4246">
     <span class='ocr_line' id='line_1_109' title="bbox 2240 4171 3948 4246; baseline 0.003 -18"><span class='ocrx_word' id='word_1_921' title='bbox 2240 4174 2350 4228; x_wconf 88' lang='grc' dir='ltr'>ϐὼν</span> <span class='ocrx_word' id='word_1_922' title='bbox 2372 4171 2769 4246; x_wconf 82' lang='grc' dir='ltr'>παρεχώρησεν</span> <span class='ocrx_word' id='word_1_923' title='bbox 2789 4172 2984 4243; x_wconf 86' lang='grc' dir='ltr'>ἐκείνῳ</span> <span class='ocrx_word' id='word_1_924' title='bbox 3003 4172 3071 4226; x_wconf 83' lang='grc' dir='ltr'>τὰ</span> <span class='ocrx_word' id='word_1_925' title='bbox 3092 4173 3508 4243; x_wconf 74' lang='grc' dir='ltr'>ὑπολειφθέντα,</span> <span class='ocrx_word' id='word_1_926' title='bbox 3528 4175 3654 4245; x_wconf 72' lang='grc' dir='ltr'>οὐχὶ</span> <span class='ocrx_word' id='word_1_927' title='bbox 3676 4179 3784 4231; x_wconf 73' lang='grc' dir='ltr'>καὶ</span> <span class='ocrx_word' id='word_1_928' title='bbox 3801 4180 3948 4233; x_wconf 78' lang='grc' dir='ltr'>οὓτω</span> 
     </span>
    </p>
   </div>
   <div class='ocr_carea' id='block_1_110' title="bbox 2243 4258 3945 4333">
    <p class='ocr_par' dir='ltr' id='par_1_110' title="bbox 2243 4258 3945 4333">
     <span class='ocr_line' id='line_1_110' title="bbox 2243 4258 3945 4333; baseline 0.002 -19"><span class='ocrx_word' id='word_1_929' title='bbox 2243 4263 2383 4333; x_wconf 86' lang='grc' dir='ltr'>μέγα</span> <span class='ocrx_word' id='word_1_930' title='bbox 2399 4258 2466 4332; x_wconf 77' lang='grc' dir='ltr'>ἦν</span> <span class='ocrx_word' id='word_1_931' title='bbox 2484 4261 2547 4314; x_wconf 82' lang='grc' dir='ltr'>τὸ</span> <span class='ocrx_word' id='word_1_932' title='bbox 2568 4262 2699 4333; x_wconf 86' lang='grc' dir='ltr'>παρ’</span> <span class='ocrx_word' id='word_1_933' title='bbox 2719 4259 2885 4315; x_wconf 86' lang='grc' dir='ltr'>αὐτοῦ</span> <span class='ocrx_word' id='word_1_934' title='bbox 2904 4260 3186 4331; x_wconf 87' lang='grc' dir='ltr'>γινόμενον</span> <span class='ocrx_word' id='word_1_935' title='bbox 3213 4278 3228 4327; x_wconf 91' lang='grc'><strong>;</strong></span> <span class='ocrx_word' id='word_1_936' title='bbox 3271 4262 3411 4314; x_wconf 76' lang='grc' dir='ltr'>Ἀλλ’</span> <span class='ocrx_word' id='word_1_937' title='bbox 3430 4263 3584 4333; x_wconf 84' lang='grc' dir='ltr'>ὅμως</span> <span class='ocrx_word' id='word_1_938' title='bbox 3605 4262 3945 4333; x_wconf 78' lang='grc' dir='ltr'>βουλόμενος</span> 
     </span>
    </p>
   </div>
   <div class='ocr_carea' id='block_1_111' title="bbox 2240 4346 3945 4421">
    <p class='ocr_par' dir='ltr' id='par_1_111' title="bbox 2240 4346 3945 4421">
     <span class='ocr_line' id='line_1_111' title="bbox 2240 4346 3945 4421; baseline 0 -18"><span class='ocrx_word' id='word_1_939' title='bbox 2240 4350 2334 4403; x_wconf 80' lang='grc' dir='ltr'>καὶ</span> <span class='ocrx_word' id='word_1_940' title='bbox 2370 4350 2470 4420; x_wconf 84' lang='grc' dir='ltr'>τῆς</span> <span class='ocrx_word' id='word_1_941' title='bbox 2508 4348 2712 4421; x_wconf 87' lang='grc' dir='ltr'>ἀρετῆς</span> <span class='ocrx_word' id='word_1_942' title='bbox 2746 4346 2920 4412; x_wconf 83' lang='grc' dir='ltr'>δεῖξαι</span> <span class='ocrx_word' id='word_1_943' title='bbox 2957 4347 3054 4419; x_wconf 80' lang='grc' dir='ltr'>τὴν</span> <span class='ocrx_word' id='word_1_944' title='bbox 3095 4348 3422 4420; x_wconf 81' lang='grc' dir='ltr'>ὑπερϐολὴν,</span> <span class='ocrx_word' id='word_1_945' title='bbox 3445 4349 3538 4403; x_wconf 85' lang='grc' dir='ltr'>καὶ</span> <span class='ocrx_word' id='word_1_946' title='bbox 3568 4350 3670 4404; x_wconf 76' lang='grc' dir='ltr'>τοῦ</span> <span class='ocrx_word' id='word_1_947' title='bbox 3694 4353 3832 4406; x_wconf 78' lang='grc' dir='ltr'>νέου</span> <span class='ocrx_word' id='word_1_948' title='bbox 3852 4356 3945 4420; x_wconf 61' lang='grc' dir='ltr'>τὴν</span> 
     </span>
    </p>
   </div>
   <div class='ocr_carea' id='block_1_112' title="bbox 2239 4434 3942 4511">
    <p class='ocr_par' dir='ltr' id='par_1_112' title="bbox 2239 4434 3942 4511">
     <span class='ocr_line' id='line_1_112' title="bbox 2239 4434 3942 4511; baseline 0.002 -23"><span class='ocrx_word' id='word_1_949' title='bbox 2239 4435 2536 4506; x_wconf 87' lang='grc' dir='ltr'>ἐπιθυμίαν</span> <span class='ocrx_word' id='word_1_950' title='bbox 2568 4435 2870 4506; x_wconf 88' lang='grc' dir='ltr'>ἐμπλῆσαι,</span> <span class='ocrx_word' id='word_1_951' title='bbox 2891 4434 3032 4489; x_wconf 83' lang='grc' dir='ltr'>ὥστε</span> <span class='ocrx_word' id='word_1_952' title='bbox 3053 4434 3324 4506; x_wconf 89' lang='grc' dir='ltr'>μηδεμίαν</span> <span class='ocrx_word' id='word_1_953' title='bbox 3359 4435 3469 4489; x_wconf 80' lang='grc' dir='ltr'>ἀπὸ</span> <span class='ocrx_word' id='word_1_954' title='bbox 3501 4434 3599 4488; x_wconf 86' lang='grc' dir='ltr'>τοῦ</span> <span class='ocrx_word' id='word_1_955' title='bbox 3641 4442 3942 4511; x_wconf 69' lang='grc' dir='ltr'>χωρισμιῦ</span> 
     </span>
    </p>
   </div>
   <div class='ocr_carea' id='block_1_113' title="bbox 2239 4522 3947 4596">
    <p class='ocr_par' dir='ltr' id='par_1_113' title="bbox 2239 4522 3947 4596">
     <span class='ocr_line' id='line_1_113' title="bbox 2239 4522 3947 4596; baseline 0.001 -20"><span class='ocrx_word' id='word_1_956' title='bbox 2239 4523 2492 4592; x_wconf 88' lang='grc' dir='ltr'>γενέσθαι</span> <span class='ocrx_word' id='word_1_957' title='bbox 2528 4522 2707 4594; x_wconf 90' lang='grc' dir='ltr'>λύπης</span> <span class='ocrx_word' id='word_1_958' title='bbox 2744 4522 3022 4594; x_wconf 85' lang='grc' dir='ltr'>ἀφορμὴν,</span> <span class='ocrx_word' id='word_1_959' title='bbox 3047 4522 3197 4593; x_wconf 79' lang='grc' dir='ltr'>αὐτῷ</span> <span class='ocrx_word' id='word_1_960' title='bbox 3235 4522 3459 4595; x_wconf 74' lang='grc' dir='ltr'>προθεὶς</span> <span class='ocrx_word' id='word_1_961' title='bbox 3478 4523 3713 4578; x_wconf 74' lang='grc' dir='ltr'>ἅπασαν</span> <span class='ocrx_word' id='word_1_962' title='bbox 3734 4528 3843 4596; x_wconf 66' lang='grc' dir='ltr'>τὴν</span> <span class='ocrx_word' id='word_1_963' title='bbox 3863 4529 3947 4591; x_wconf 69' lang='grc' dir='ltr'>ἐξ.</span> 
     </span>
    </p>
   </div>
   <div class='ocr_carea' id='block_1_114' title="bbox 2240 4609 3947 4685">
    <p class='ocr_par' dir='ltr' id='par_1_114' title="bbox 2240 4609 3947 4685">
     <span class='ocr_line' id='line_1_114' title="bbox 2240 4609 3947 4685; baseline 0.003 -21"><span class='ocrx_word' id='word_1_964' title='bbox 2240 4611 2449 4677; x_wconf 88' lang='grc' dir='ltr'>ουσίαν,</span> <span class='ocrx_word' id='word_1_965' title='bbox 2473 4611 2636 4682; x_wconf 85' lang='grc' dir='ltr'>φησίν</span> <span class='ocrx_word' id='word_1_966' title='bbox 2656 4628 2670 4640; x_wconf 85' lang='grc'>·</span> <span class='ocrx_word' id='word_1_967' title='bbox 2705 4611 2861 4666; x_wconf 83' lang='grc' dir='ltr'>Ἰδοὺ</span> <span class='ocrx_word' id='word_1_968' title='bbox 2881 4609 3051 4666; x_wconf 82' lang='grc' dir='ltr'>πᾶσα</span> <span class='ocrx_word' id='word_1_969' title='bbox 3072 4613 3110 4679; x_wconf 79' lang='grc' dir='ltr'><em>ἠ</em></span> <span class='ocrx_word' id='word_1_970' title='bbox 3138 4611 3212 4681; x_wconf 78' lang='grc' dir='ltr'>γῆ</span> <span class='ocrx_word' id='word_1_971' title='bbox 3234 4612 3515 4668; x_wconf 80' lang='grc' dir='ltr'>ἐναντίον</span> <span class='ocrx_word' id='word_1_972' title='bbox 3533 4630 3656 4667; x_wconf 85' lang='grc' dir='ltr'>σου</span> <span class='ocrx_word' id='word_1_973' title='bbox 3684 4633 3701 4646; x_wconf 89' lang='grc'><strong>·</strong></span> <span class='ocrx_word' id='word_1_974' title='bbox 3728 4615 3947 4685; x_wconf 79' lang='grc' dir='ltr'>διαχω-</span> 
     </span>
    </p>
   </div>
   <div class='ocr_carea' id='block_1_115' title="bbox 2234 4698 3947 4772">
    <p class='ocr_par' dir='ltr' id='par_1_115' title="bbox 2234 4698 3947 4772">
     <span class='ocr_line' id='line_1_115' title="bbox 2234 4698 3947 4772; baseline 0.003 -22"><span class='ocrx_word' id='word_1_975' title='bbox 2234 4699 2475 4767; x_wconf 62' lang='lat'><strong>9100712:</strong></span> <span class='ocrx_word' id='word_1_976' title='bbox 2513 4698 2615 4752; x_wconf 81' lang='grc' dir='ltr'>ἀπ’</span> <span class='ocrx_word' id='word_1_977' title='bbox 2636 4698 2805 4768; x_wconf 87' lang='grc' dir='ltr'>ἐμοῦ,</span> <span class='ocrx_word' id='word_1_978' title='bbox 2828 4699 2925 4752; x_wconf 82' lang='grc' dir='ltr'>καὶ</span> <span class='ocrx_word' id='word_1_979' title='bbox 2958 4700 3079 4754; x_wconf 80' lang='grc' dir='ltr'>οἵαν</span> <span class='ocrx_word' id='word_1_980' title='bbox 3111 4699 3178 4754; x_wconf 81' lang='grc' dir='ltr'>ἂν</span> <span class='ocrx_word' id='word_1_981' title='bbox 3221 4700 3382 4772; x_wconf 87' lang='grc' dir='ltr'>βούλῃ</span> <span class='ocrx_word' id='word_1_982' title='bbox 3419 4699 3563 4754; x_wconf 87' lang='grc' dir='ltr'>ἐλοῦ.</span> <span class='ocrx_word' id='word_1_983' title='bbox 3586 4702 3733 4757; x_wconf 71' lang='grc' dir='ltr'>Δέον</span> <span class='ocrx_word' id='word_1_984' title='bbox 3760 4708 3947 4759; x_wconf 73' lang='grc' dir='ltr'>τοίνυν</span> 
     </span>
    </p>
   </div>
   <div class='ocr_carea' id='block_1_116' title="bbox 2239 4784 3947 4861">
    <p class='ocr_par' dir='ltr' id='par_1_116' title="bbox 2239 4784 3947 4861">
     <span class='ocr_line' id='line_1_116' title="bbox 2239 4784 3947 4861; baseline 0.005 -23"><span class='ocrx_word' id='word_1_985' title='bbox 2239 4785 2332 4838; x_wconf 78' lang='grc' dir='ltr'>τὸν</span> <span class='ocrx_word' id='word_1_986' title='bbox 2349 4784 2665 4854; x_wconf 82' lang='grc' dir='ltr'>ἀδελφιδοῦν</span> <span class='ocrx_word' id='word_1_987' title='bbox 2684 4785 2951 4858; x_wconf 89' lang='grc' dir='ltr'>τοσαύτης</span> <span class='ocrx_word' id='word_1_988' title='bbox 2971 4787 3274 4852; x_wconf 82' lang='grc' dir='ltr'>ἐπιεικείας</span> <span class='ocrx_word' id='word_1_989' title='bbox 3294 4788 3628 4859; x_wconf 82' lang='grc' dir='ltr'>πειραθέντα</span> <span class='ocrx_word' id='word_1_990' title='bbox 3645 4791 3843 4845; x_wconf 82' lang='grc' dir='ltr'>ἀντιτι</span> <span class='ocrx_word' id='word_1_991' title='bbox 3852 4794 3947 4861; x_wconf 72' lang='grc' dir='ltr'>μῆο</span> 
     </span>
    </p>
   </div>
   <div class='ocr_carea' id='block_1_117' title="bbox 2243 4867 3944 4950">
    <p class='ocr_par' dir='ltr' id='par_1_117' title="bbox 2243 4867 3944 4950">
     <span class='ocr_line' id='line_1_117' title="bbox 2243 4867 3944 4950; baseline 0.005 -26"><span class='ocrx_word' id='word_1_992' title='bbox 2243 4888 2333 4925; x_wconf 92' lang='grc' dir='ltr'>σαι</span> <span class='ocrx_word' id='word_1_993' title='bbox 2350 4872 2440 4925; x_wconf 83' lang='grc' dir='ltr'>τὸν</span> <span class='ocrx_word' id='word_1_994' title='bbox 2462 4889 2567 4926; x_wconf 88' lang='grc' dir='ltr'>πατ</span> <span class='ocrx_word' id='word_1_995' title='bbox 2577 4872 2830 4945; x_wconf 90' lang='grc' dir='ltr'>ριάρχην.</span> <span class='ocrx_word' id='word_1_996' title='bbox 2845 4876 2939 4928; x_wconf 79' lang='grc' dir='ltr'>καὶ</span> <span class='ocrx_word' id='word_1_997' title='bbox 2961 4867 3160 4946; x_wconf 79' lang='grc' dir='ltr'>μᾶλλον</span> <span class='ocrx_word' id='word_1_998' title='bbox 3176 4875 3338 4930; x_wconf 80' lang='grc' dir='ltr'>αὐτὸν</span> <span class='ocrx_word' id='word_1_999' title='bbox 3355 4875 3505 4947; x_wconf 78' lang='grc' dir='ltr'>αὐτῷ</span> <span class='ocrx_word' id='word_1_1000' title='bbox 3521 4880 3944 4950; x_wconf 72' lang='grc' dir='ltr'>παραχωρῆσαι</span> 
     </span>
    </p>
   </div>
   <div class='ocr_carea' id='block_1_118' title="bbox 2239 4959 3943 5037">
    <p class='ocr_par' dir='ltr' id='par_1_118' title="bbox 2239 4959 3943 5037">
     <span class='ocr_line' id='line_1_118' title="bbox 2239 4959 3943 5037; baseline 0.004 -24"><span class='ocrx_word' id='word_1_1001' title='bbox 2239 4961 2340 5031; x_wconf 82' lang='grc' dir='ltr'>τῆς</span> <span class='ocrx_word' id='word_1_1002' title='bbox 2367 4959 2633 5032; x_wconf 74' lang='grc' dir='ltr'>αἱρέσεως</span> <span class='ocrx_word' id='word_1_1003' title='bbox 2652 4962 2749 5032; x_wconf 86' lang='grc' dir='ltr'>τὴν</span> <span class='ocrx_word' id='word_1_1004' title='bbox 2771 4962 3025 5033; x_wconf 87' lang='grc' dir='ltr'>ἐκλογήν.</span> <span class='ocrx_word' id='word_1_1005' title='bbox 3046 4962 3333 5035; x_wconf 80' lang='grc' dir='ltr'>Εἰώθαμεν</span> <span class='ocrx_word' id='word_1_1006' title='bbox 3350 4964 3461 5037; x_wconf 86' lang='grc' dir='ltr'>γάρ</span> <span class='ocrx_word' id='word_1_1007' title='bbox 3481 4982 3600 5029; x_wconf 88' lang='grc' dir='ltr'>πως</span> <span class='ocrx_word' id='word_1_1008' title='bbox 3618 4965 3881 5032; x_wconf 56' lang='lat' dir='ltr'>imm;</span> <span class='ocrx_word' id='word_1_1009' title='bbox 3898 4971 3943 5020; x_wconf 66' lang='grc' dir='ltr'>ιι</span> 
     </span>
    </p>
   </div>
   <div class='ocr_carea' id='block_1_119' title="bbox 2239 5048 3943 5127">
    <p class='ocr_par' dir='ltr' id='par_1_119' title="bbox 2239 5048 3943 5127">
     <span class='ocr_line' id='line_1_119' title="bbox 2239 5048 3943 5127; baseline 0.004 -23"><span class='ocrx_word' id='word_1_1010' title='bbox 2239 5048 2337 5104; x_wconf 85' lang='grc' dir='ltr'>ἀνθ</span> <span class='ocrx_word' id='word_1_1011' title='bbox 2347 5066 2540 5122; x_wconf 87' lang='grc' dir='ltr'>ρωποι,</span> <span class='ocrx_word' id='word_1_1012' title='bbox 2557 5051 2779 5113; x_wconf 81' lang='grc' dir='ltr'>ἐπειδὰν</span> <span class='ocrx_word' id='word_1_1013' title='bbox 2796 5051 3193 5116; x_wconf 89' lang='grc' dir='ltr'>ἀντιτείνοντας</span> <span class='ocrx_word' id='word_1_1014' title='bbox 3217 5053 3315 5123; x_wconf 86' lang='grc' dir='ltr'>μὲν</span> <span class='ocrx_word' id='word_1_1015' title='bbox 3337 5052 3533 5124; x_wconf 75' lang='grc' dir='ltr'>ἴδωμεν</span> <span class='ocrx_word' id='word_1_1016' title='bbox 3550 5055 3691 5118; x_wconf 77' lang='grc' dir='ltr'>τοὺς</span> <span class='ocrx_word' id='word_1_1017' title='bbox 3718 5057 3943 5127; x_wconf 74' lang='grc' dir='ltr'>μέλλον-</span> 
     </span>
    </p>
   </div>
   <div class='ocr_carea' id='block_1_120' title="bbox 2237 5137 3946 5211">
    <p class='ocr_par' dir='ltr' id='par_1_120' title="bbox 2237 5137 3946 5211">
     <span class='ocr_line' id='line_1_120' title="bbox 2237 5137 3946 5211; baseline 0.006 -21"><span class='ocrx_word' id='word_1_1018' title='bbox 2237 5154 2339 5201; x_wconf 89' lang='grc' dir='ltr'>τας</span> <span class='ocrx_word' id='word_1_1019' title='bbox 2377 5137 2512 5210; x_wconf 77' lang='grc' dir='ltr'>πρὸς</span> <span class='ocrx_word' id='word_1_1020' title='bbox 2548 5139 2699 5210; x_wconf 79' lang='grc' dir='ltr'>ἡμᾶς</span> <span class='ocrx_word' id='word_1_1021' title='bbox 2736 5156 2790 5191; x_wconf 89' lang='grc' dir='ltr'>τι</span> <span class='ocrx_word' id='word_1_1022' title='bbox 2828 5139 3206 5211; x_wconf 80' lang='grc' dir='ltr'>διερευνᾶσθαι</span> <span class='ocrx_word' id='word_1_1023' title='bbox 3225 5141 3321 5195; x_wconf 83' lang='grc' dir='ltr'>καὶ</span> <span class='ocrx_word' id='word_1_1024' title='bbox 3339 5140 3794 5210; x_wconf 84' lang='grc' dir='ltr'>φιλονεικοῦντας</span> <span class='ocrx_word' id='word_1_1025' title='bbox 3835 5148 3946 5207; x_wconf 73' lang='grc' dir='ltr'>τοῖς</span> 
     </span>
    </p>
   </div>
   <div class='ocr_carea' id='block_1_121' title="bbox 2242 5224 3947 5303">
    <p class='ocr_par' dir='ltr' id='par_1_121' title="bbox 2242 5224 3947 5303">
     <span class='ocr_line' id='line_1_121' title="bbox 2242 5224 3947 5303; baseline 0.007 -27"><span class='ocrx_word' id='word_1_1026' title='bbox 2242 5224 2528 5295; x_wconf 88' lang='grc' dir='ltr'>πρωτείοις</span> <span class='ocrx_word' id='word_1_1027' title='bbox 2563 5224 2867 5296; x_wconf 83' lang='grc' dir='ltr'>ἐπιπηδᾷν,</span> <span class='ocrx_word' id='word_1_1028' title='bbox 2909 5224 2985 5296; x_wconf 81' lang='grc' dir='ltr'>μὴ</span> <span class='ocrx_word' id='word_1_1029' title='bbox 3022 5225 3311 5296; x_wconf 87' lang='grc' dir='ltr'>ἀνέχεσθαι</span> <span class='ocrx_word' id='word_1_1030' title='bbox 3348 5227 3718 5283; x_wconf 84' lang='grc' dir='ltr'>ἐλαττοῦσθαι</span> <span class='ocrx_word' id='word_1_1031' title='bbox 3741 5273 3757 5294; x_wconf 84' lang='grc'>,</span> <span class='ocrx_word' id='word_1_1032' title='bbox 3807 5233 3947 5303; x_wconf 75' lang='grc' dir='ltr'>μηδὲ</span> 
     </span>
    </p>
   </div>
   <div class='ocr_carea' id='block_1_122' title="bbox 2241 5311 3949 5388">
    <p class='ocr_par' dir='ltr' id='par_1_122' title="bbox 2241 5311 3949 5388">
     <span class='ocr_line' id='line_1_122' title="bbox 2241 5311 3949 5388; baseline 0.005 -23"><span class='ocrx_word' id='word_1_1033' title='bbox 2241 5312 2501 5367; x_wconf 87' lang='grc' dir='ltr'>ἐνδιδόναι</span> <span class='ocrx_word' id='word_1_1034' title='bbox 2520 5311 2701 5375; x_wconf 79' lang='grc' dir='ltr'>αὐτοῖς</span> <span class='ocrx_word' id='word_1_1035' title='bbox 2715 5328 2730 5343; x_wconf 88' lang='grc'><strong>·</strong></span> <span class='ocrx_word' id='word_1_1036' title='bbox 2751 5313 2880 5366; x_wconf 83' lang='grc' dir='ltr'>ὅταν</span> <span class='ocrx_word' id='word_1_1037' title='bbox 2897 5313 2956 5366; x_wconf 83' lang='grc' dir='ltr'>δέ</span> <span class='ocrx_word' id='word_1_1038' title='bbox 2975 5314 3439 5385; x_wconf 83' lang='grc' dir='ltr'>παραχωροῦντας</span> <span class='ocrx_word' id='word_1_1039' title='bbox 3458 5314 3829 5388; x_wconf 78' lang='grc' dir='ltr'>θεασώμεθα,</span> <span class='ocrx_word' id='word_1_1040' title='bbox 3852 5322 3949 5373; x_wconf 71' lang='grc' dir='ltr'>καὶ</span> 
     </span>
    </p>
   </div>
   <div class='ocr_carea' id='block_1_123' title="bbox 2242 5399 3952 5479">
    <p class='ocr_par' dir='ltr' id='par_1_123' title="bbox 2242 5399 3952 5479">
     <span class='ocr_line' id='line_1_123' title="bbox 2242 5399 3952 5479; baseline 0.002 -25"><span class='ocrx_word' id='word_1_1041' title='bbox 2242 5399 2661 5469; x_wconf 76' lang='grc' dir='ltr'>καθυφειμένοις</span> <span class='ocrx_word' id='word_1_1042' title='bbox 2683 5399 2890 5470; x_wconf 81' lang='grc' dir='ltr'>ῥήμασι</span> <span class='ocrx_word' id='word_1_1043' title='bbox 2909 5401 3010 5472; x_wconf 81' lang='grc' dir='ltr'>τὴν</span> <span class='ocrx_word' id='word_1_1044' title='bbox 3028 5401 3277 5468; x_wconf 77' lang='grc' dir='ltr'>ἐξουσίαν</span> <span class='ocrx_word' id='word_1_1045' title='bbox 3311 5402 3530 5457; x_wconf 78' lang='grc' dir='ltr'>ἅπασαν</span> <span class='ocrx_word' id='word_1_1046' title='bbox 3548 5406 3692 5475; x_wconf 83' lang='grc' dir='ltr'>ἡμῖν</span> <span class='ocrx_word' id='word_1_1047' title='bbox 3713 5408 3952 5479; x_wconf 75' lang='grc' dir='ltr'>ἐπιτρέο</span> 
     </span>
    </p>
   </div>
   <div class='ocr_carea' id='block_1_124' title="bbox 2243 5485 3952 5563">
    <p class='ocr_par' dir='ltr' id='par_1_124' title="bbox 2243 5485 3952 5563">
     <span class='ocr_line' id='line_1_124' title="bbox 2243 5485 3952 5563; baseline 0.005 -24"><span class='ocrx_word' id='word_1_1048' title='bbox 2243 5502 2463 5549; x_wconf 85' lang='grc' dir='ltr'>ποντας,</span> <span class='ocrx_word' id='word_1_1049' title='bbox 2486 5485 2674 5557; x_wconf 84' lang='grc' dir='ltr'>ὥσπερ</span> <span class='ocrx_word' id='word_1_1050' title='bbox 2693 5487 2996 5557; x_wconf 80' lang='grc' dir='ltr'>αἰδούμενοι</span> <span class='ocrx_word' id='word_1_1051' title='bbox 3016 5487 3115 5560; x_wconf 83' lang='grc' dir='ltr'>τὴν</span> <span class='ocrx_word' id='word_1_1052' title='bbox 3135 5489 3335 5561; x_wconf 80' lang='grc' dir='ltr'>πολλὴν</span> <span class='ocrx_word' id='word_1_1053' title='bbox 3355 5490 3687 5554; x_wconf 87' lang='grc' dir='ltr'>ἐπιείκειαν,</span> <span class='ocrx_word' id='word_1_1054' title='bbox 3712 5495 3821 5546; x_wconf 82' lang='grc' dir='ltr'>καὶ</span> <span class='ocrx_word' id='word_1_1055' title='bbox 3850 5496 3952 5563; x_wconf 75' lang='grc' dir='ltr'>τῆς</span> 
     </span>
    </p>
   </div>
   <div class='ocr_carea' id='block_1_125' title="bbox 2244 5574 3953 5652">
    <p class='ocr_par' dir='ltr' id='par_1_125' title="bbox 2244 5574 3953 5652">
     <span class='ocr_line' id='line_1_125' title="bbox 2244 5574 3953 5652; baseline 0.002 -24"><span class='ocrx_word' id='word_1_1056' title='bbox 2244 5574 2572 5645; x_wconf 89' lang='grc' dir='ltr'>φιλονεικίας</span> <span class='ocrx_word' id='word_1_1057' title='bbox 2588 5574 2957 5646; x_wconf 82' lang='grc' dir='ltr'>ἀφιστάμεθα,</span> <span class='ocrx_word' id='word_1_1058' title='bbox 2975 5578 3070 5631; x_wconf 79' lang='grc' dir='ltr'>καὶ</span> <span class='ocrx_word' id='word_1_1059' title='bbox 3090 5578 3252 5631; x_wconf 88' lang='grc' dir='ltr'>πάλιν</span> <span class='ocrx_word' id='word_1_1060' title='bbox 3272 5579 3731 5652; x_wconf 86' lang='grc' dir='ltr'>ἀντιστρέφοντες</span> <span class='ocrx_word' id='word_1_1061' title='bbox 3752 5584 3953 5635; x_wconf 68' lang='grc' dir='ltr'>πᾶσαν</span> 
     </span>
    </p>
   </div>
   <div class='ocr_carea' id='block_1_126' title="bbox 2242 5660 3958 5739">
    <p class='ocr_par' dir='ltr' id='par_1_126' title="bbox 2242 5660 3958 5739">
     <span class='ocr_line' id='line_1_126' title="bbox 2242 5660 3958 5739; baseline 0.005 -24"><span class='ocrx_word' id='word_1_1062' title='bbox 2242 5663 2341 5731; x_wconf 78' lang='grc' dir='ltr'>τὴν</span> <span class='ocrx_word' id='word_1_1063' title='bbox 2380 5660 2626 5725; x_wconf 85' lang='grc' dir='ltr'>ἐξουσίαν</span> <span class='ocrx_word' id='word_1_1064' title='bbox 2665 5663 3119 5734; x_wconf 85' lang='grc' dir='ltr'>παραχωροῦμεν,</span> <span class='ocrx_word' id='word_1_1065' title='bbox 3142 5665 3244 5719; x_wconf 82' lang='grc' dir='ltr'>κᾶν</span> <span class='ocrx_word' id='word_1_1066' title='bbox 3279 5666 3521 5720; x_wconf 81' lang='grc' dir='ltr'>ἐλάττων</span> <span class='ocrx_word' id='word_1_1067' title='bbox 3555 5662 3704 5719; x_wconf 87' lang='grc' dir='ltr'>εἶναι</span> <span class='ocrx_word' id='word_1_1068' title='bbox 3744 5669 3902 5739; x_wconf 78' lang='grc' dir='ltr'>δοκῇ</span> <span class='ocrx_word' id='word_1_1069' title='bbox 3930 5670 3958 5723; x_wconf 81' lang='grc'>6</span> 
     </span>
    </p>
   </div>
   <div class='ocr_carea' id='block_1_127' title="bbox 2248 5747 3955 5823">
    <p class='ocr_par' dir='ltr' id='par_1_127' title="bbox 2248 5747 3955 5823">
     <span class='ocr_line' id='line_1_127' title="bbox 2248 5747 3955 5823; baseline 0.002 -22"><span class='ocrx_word' id='word_1_1070' title='bbox 2248 5749 2378 5822; x_wconf 77' lang='grc' dir='ltr'>πρὸς</span> <span class='ocrx_word' id='word_1_1071' title='bbox 2400 5750 2546 5819; x_wconf 78' lang='grc' dir='ltr'>ἡμᾶς</span> <span class='ocrx_word' id='word_1_1072' title='bbox 2565 5747 3004 5823; x_wconf 83' lang='grc' dir='ltr'>διερευνώμενος.</span> <span class='ocrx_word' id='word_1_1073' title='bbox 3035 5750 3298 5823; x_wconf 79' lang='grc' dir='ltr'>Ὀφείλων</span> <span class='ocrx_word' id='word_1_1074' title='bbox 3318 5754 3497 5808; x_wconf 82' lang='grc' dir='ltr'>τοίνυν</span> <span class='ocrx_word' id='word_1_1075' title='bbox 3518 5754 3613 5807; x_wconf 68' lang='grc' dir='ltr'>καὶ</span> <span class='ocrx_word' id='word_1_1076' title='bbox 3633 5755 3662 5806; x_wconf 86' lang='grc' dir='ltr'>ό</span> <span class='ocrx_word' id='word_1_1077' title='bbox 3687 5755 3835 5810; x_wconf 81' lang='grc' dir='ltr'>Λὼτ</span> <span class='ocrx_word' id='word_1_1078' title='bbox 3860 5760 3955 5811; x_wconf 73' lang='grc' dir='ltr'>ἐπὶ</span> 
     </span>
    </p>
   </div>
  </div>
