4084 6214
392 320 496 377 509

392 438 615 494 advena:
643 433 731 488 hic
759 432 1019 489 versaturi
1043 440 1190 495 sunt,
1219 446 1353 499 quos
1379 431 1822 497 mansuetudinis,
1850 429 1986 484 leni-

396 531 539 593 tatis,
566 536 622 584 et
652 526 829 580 omnis
864 523 1218 594 philosophia:
1256 523 1503 580 doctores
1541 538 1661 578 esse
1683 522 1981 591 oportebat,

394 624 534 676 inter
576 614 637 675 se
680 618 1008 673 contendere
1048 626 1103 672 et
1131 616 1451 686 digladiari?
1475 616 1708 670 Audiam
1750 614 1869 670 haec
1894 613 1984 684 qui

392 723 632 769 seextrs
674 709 1155 780 reprehensionem
1203 715 1393 778 putant
1438 721 1579 771 esse,
1621 706 1835 776 quando
1862 718 1985 774 pro-

392 811 513 872 pter
544 799 956 855 familiaritatem
980 796 1292 867 propinquis
1321 796 1434 849 suis
1457 795 1747 849 connivent
1771 795 1986 863 rapien-

396 896 560 958 tibus,
606 891 1018 962 decipientibus,
1052 890 1216 943 multa
1266 888 1404 943 mala
1452 887 1901 950 machinantibus,
1932 894 1987 940 et

397 985 448 1037 in
478 983 802 1046 civitatibus,
833 989 888 1036 et
915 982 965 1035 in
988 980 1151 1049 agris,
1176 978 1545 1034 auferentibus
1570 993 1600 1031 a
1628 977 1815 1033 vicinis
1846 991 1989 1032 nunc

397 1089 606 1141 agrum,
654 1087 796 1127 nunc
840 1071 1081 1133 domum,
1114 1084 1284 1138 eaque
1322 1068 1389 1123 de
1429 1082 1588 1122 causa
1639 1067 1824 1136 majori
1854 1066 1989 1121 tales

400 1162 646 1218 homines
685 1159 1057 1217 benewlentia
1100 1168 1514 1228 prosequuntur.
1555 1156 1685 1211 Nam
1725 1157 1849 1210 licet
1885 1156 1986 1209 ini-

399 1268 564 1322 quum
585 1266 722 1322 opus
749 1252 818 1305 ab
837 1250 944 1307 alio
971 1259 1238 1320 patratum
1266 1252 1357 1314 sit,
1399 1258 1571 1301 tamen
1601 1255 1657 1301 et
1685 1246 1798 1315 ipse
1827 1260 1992 1314 nego-

403 1344 459 1399 tii
488 1342 754 1413 particeps
781 1338 929 1395 fuisti
958 1357 971 1392 :
1002 1354 1107 1394 non
1138 1339 1312 1393 solum
1340 1337 1482 1407 quod
1505 1336 1790 1391 oblecteris
1820 1334 1982 1401 facto,

401 1442 459 1489 et
498 1430 688 1487 credas
734 1429 857 1486 inde
898 1428 1238 1484 facultatibus
1272 1428 1380 1483 tuis
1419 1428 1806 1481 incrementum
1835 1439 1988 1479 acce-

401 1522 569 1589 dere;
600 1520 695 1577 sed
722 1520 865 1591 quod
906 1518 1210 1589 prohibeas,
1239 1533 1307 1572 ne
1359 1518 1561 1571 facinus
1604 1516 1987 1570 committatur.

404 1613 534 1671 Nam
556 1613 643 1682 qui
675 1610 962 1681 prohibere
980 1617 1157 1681 potest
1180 1623 1302 1664 eum
1331 1607 1421 1677 qui
1447 1606 1694 1676 injuriam
1722 1605 1903 1670 infert,
1938 1613 1994 1660 et

403 1719 510 1760 non
560 1703 825 1773 prohibet,
869 1703 916 1757 is
951 1717 1060 1757 non
1104 1701 1369 1756 minorem
1415 1699 1528 1755 luet
1555 1713 1788 1769 pmnam,
1831 1712 1993 1768 quam

401 1795 491 1865 qui
524 1794 768 1864 injuriam
795 1792 978 1847 infert.

473 1888 516 1941 Α
536 1886 800 1957 fraudibus
812 1894 858 1939 et
879 1884 1073 1955 rapinis
1091 1892 1364 1937 auocat.—
1375 1881 1614 1937 Obsecro
1628 1880 1807 1949 igitur,
1826 1895 1893 1933 ne
1907 1892 1994 1933 se-

404 1977 662 2033 ducamus
688 1977 1067 2045 nosmetipsos,
1089 1974 1185 2031 sed
1209 1986 1266 2029 et
1289 1974 1388 2044 ipsi
1416 1972 1680 2042 fugiamus
1704 1971 1916 2039 rapinas
1939 1976 1996 2024 et

407 2069 642 2135 fraudes,
686 2077 743 2124 et
783 2084 849 2124 es
891 2066 1190 2122 istiusmodi
1232 2066 1439 2121 artibus
1456 2064 1813 2119 emolumenta
1835 2071 1890 2116 et
1912 2062 1995 2115 ln-

407 2177 539 2217 cra:
589 2171 645 2217 et
684 2160 973 2216 familiares
1009 2167 1222 2214 nostros
1265 2156 1596 2223 erudiamus,
1627 2170 1696 2209 ne
1728 2153 1856 2224 quid
1887 2153 1994 2207 tale

407 2260 718 2321 operentur.
748 2244 863 2306 Nan
892 2250 1034 2305 enim
1076 2249 1180 2305 hoc
1208 2263 1307 2304 nos
1346 2249 1583 2303 insontes
1618 2252 1858 2317 praestat,
1898 2243 1992 2299 sed

411 2344 590 2414 potius
614 2342 804 2412 majori
830 2340 1261 2398 condemnationi
1288 2340 1581 2396 obnoxios:
1599 2338 1724 2409 quia
1742 2339 1794 2391 in
1824 2337 1993 2392 nostri

408 2436 631 2506 gratiam
660 2435 734 2489 illi
761 2449 913 2490 suam
941 2434 1251 2489 amittentes
1284 2433 1533 2497 salutem,
1561 2431 1873 2500 iniustitiam
1901 2444 1996 2484 au-

408 2530 559 2593 dent,
587 2536 643 2583 et
668 2527 766 2598 ipsi
796 2528 848 2582 in
879 2528 1168 2597 perniciem
1197 2535 1389 2581 euntes
1415 2539 1515 2580 nos
1542 2538 1725 2579 secum
1756 2523 1989 2591 rapiunt.

407 2619 561 2686 Quod
585 2618 631 2673 si
661 2618 845 2689 vigiles
872 2633 994 2674 esse
1019 2617 1367 2681 voluerimus,
1395 2623 1452 2672 et
1477 2614 1578 2684 ipsi
1603 2614 1673 2669 ab
1706 2628 1775 2668 eo
1798 2613 1995 2668 damno

411 2708 775 2787 liberabimur.
829 2714 886 2763 et
936 2708 1059 2762 illos
1095 2722 1126 2761 a
1156 2705 1311 2762 malis
1348 2705 1629 2760 conatibus
1668 2703 1990 2759 arcebimus.

412 2799 582 2855 Porro
627 2814 695 2854 ne
741 2797 873 2853 mihi
910 2797 1060 2853 dicas
1097 2797 1285 2853 frivola
1330 2797 1426 2851 illa
1467 2792 1835 2850 verbazNihil
1862 2792 1993 2847 mihi

410 2906 556 2948 ουτω
594 2899 697 2946 est.
741 2890 1006 2960 Numquid
1032 2906 1133 2961 ego
1159 2890 1355 2960 rapui?
1383 2888 1526 2944 Nihil
1565 2887 1696 2943 mihi
1739 2903 1803 2941 ea
1841 2886 1908 2941 de
1935 2902 1997 2941 re

410 2988 653 3036 constat:
682 2980 817 3035 alius
841 2978 987 3044 fecit,
1008 2994 1115 3034 non
1138 2978 1210 3033 fui
1234 2979 1508 3049 particeps
1528 2967 1817 3046 i'njustitiae.
1851 2976 1996 3031 Prae-

412 3081 587 3127 textus
612 3070 702 3127 illa
741 3079 886 3137 sunt,
914 3079 970 3127 et
1000 3071 1159 3127 inane
1196 3071 1584 3125 commentum.
1613 3067 1669 3123 Si
1704 3068 1784 3123 vis
1812 3066 2001 3135 declag

411 3178 533 3219 rare
558 3172 608 3218 te
631 3178 737 3218 non
760 3175 1065 3231 consortem
1102 3161 1267 3217 fuisse
1302 3161 1595 3231 injustitite,
1622 3174 1795 3230 neque
1820 3156 1996 3211 avari-

410 3254 498 3309 tia:
522 3252 810 3321 studuisse,
832 3253 1057 3310 emenda
1084 3254 1304 3320 factum,
1332 3254 1510 3308 solare
1533 3267 1657 3308 eum
1687 3252 1776 3321 qui
1804 3249 1994 3319 injuria

408 3345 630 3402 affectus
649 3355 752 3412 est,
788 3346 956 3402 redde
986 3346 1184 3401 ablata.
1213 3347 1306 3399 Sic
1330 3345 1472 3400 enim
1503 3352 1558 3399 et
1585 3344 1811 3413 teipsmn
1832 3357 1861 3395 a
1886 3341 1994 3396 cri-

411 3437 644 3493 minibus
672 3437 945 3503 liberabis,
973 3445 1029 3490 et
1050 3451 1172 3489 eum
1199 3436 1290 3503 qui
1314 3434 1560 3503 injuriam
1589 3433 1712 3486 fecit
1734 3432 1992 3502 corriges,

412 3527 458 3579 si
499 3526 872 3591 declaraveris,
914 3528 1031 3579 haec
1069 3541 1175 3578 non
1215 3523 1379 3578 fuisse
1404 3524 1541 3577 facta
1579 3523 1871 3578 secundum
1904 3538 1997 3576 vo~

414 3619 671 3673 luntatem
718 3625 883 3679 tuam,
922 3626 979 3672 et
1006 3616 1290 3671 consolans
1316 3627 1625 3685 pauperem,
1661 3630 1764 3668 non
1804 3615 1998 3669 siveris

414 3723 539 3763 eum
579 3722 611 3762 a
657 3708 871 3763 tristitia
913 3707 1210 3772 absorberi,
1252 3723 1410 3777 quam
1451 3706 1644 3761 ablatis
1691 3706 1846 3761 bonis
1889 3706 1999 3759 suis

416 3813 673 3869 passurus
691 3809 827 3854 erat.
858 3797 942 3853 Ne
964 3799 1050 3865 sit,
1081 3799 1271 3869 inquit,
1293 3799 1410 3852 rixa
1436 3799 1568 3852 inter
1601 3814 1679 3851 me
1704 3806 1749 3851 et
1774 3808 1840 3863 te,
1872 3799 2001 3852 inter

417 3899 641 3958 pastores
669 3905 803 3943 meos
826 3898 870 3943 et
894 3897 1027 3953 tuos,
1067 3890 1185 3958 quia
1211 3889 1435 3944 homines
1463 3891 1645 3959 fratres
1671 3905 1761 3944 nos
1803 3905 1995 3943 sumus.

421 3980 608 4035 Vidisti
674 3980 1181 4036 mansuetudinem?
1243 3982 1424 4039 vidisti
1483 3982 1796 4037 lenitatem?
1861 3982 2001 4038 Audi

415 4080 472 4126 et
523 4074 821 4142 sequentia,
874 4080 931 4127 ut
980 4072 1158 4128 discas
1206 4075 1560 4130 excellentem
1606 4076 1724 4145 ejus
1759 4075 2000 4145 philoso-

419 4166 619 4235 phiam.
659 4164 937 4231 Quomodo
980 4166 1140 4235 igitur
1179 4166 1294 4221 rixa
1332 4166 1621 4232 dirimitur,
1650 4178 1702 4220 et
1729 4168 2002 4222 contentio

419 4257 805 4328 restinguitur?
857 4257 912 4314 9.
965 4257 1097 4312 Ecce
1140 4260 1303 4313 omnis
1342 4249 1494 4322 terra,
1526 4259 1717 4328 inquit,
1755 4275 1926 4312 coram
1955 4269 2002 4314 te

414 4361 506 4403 est.
531 4348 741 4402 Discede
760 4365 791 4402 a
814 4365 893 4403 me
912 4366 932 4404 :
957 4350 999 4403 si
1026 4358 1079 4402 tu
1108 4350 1175 4402 ad
1198 4350 1476 4413 sinistram,
1506 4366 1596 4420 ego
1615 4350 1682 4402 ad
1706 4351 2001 4416 dexteram;

415 4442 460 4496 si
500 4452 553 4494 tu
594 4441 662 4495 ad
690 4441 970 4505 dexteram,
1015 4458 1107 4512 ego
1136 4442 1204 4493 ad
1249 4442 1529 4495 sinistram.
1570 4442 1769 4497 Tecum
1815 4454 1999 4512 reputa

417 4532 830 4602 phil050phiam,
855 4541 909 4588 et
930 4533 1192 4602 insignem
1216 4533 1529 4588 modestiam
1553 4533 1711 4605 hujus
1724 4535 1872 4605 justi.
1895 4537 1999 4591 Sed

416 4630 537 4675 ante
563 4621 712 4686 hzec,
745 4624 971 4677 obsecro
995 4663 1009 4683 .
1051 4624 1222 4693 cogita
1274 4635 1525 4694 quantum
1563 4642 1629 4681 es
1667 4626 1866 4682 divitiis
1911 4627 2003 4682 da-

420 4727 625 4778 mnum,
651 4721 706 4767 et
732 4722 930 4783 quanta
964 4728 1029 4768 es
1059 4715 1238 4768 multis
1282 4716 1471 4784 opibus
1499 4719 1789 4773 contentio.
1835 4720 2001 4773 Aucta

418 4811 542 4855 sunt
578 4812 840 4868 armenta,
891 4794 1222 4873 multiplicati
1257 4821 1466 4877 greges,
1507 4808 1826 4864 afﬂuxerunt
1863 4809 2002 4863 divi—

420 4892 507 4944 tia:
551 4893 753 4958 multze,
793 4905 849 4949 et
888 4896 1069 4949 statim
1109 4897 1425 4954 discinditur
1465 4901 1788 4956 concordia:
1817 4911 1870 4955 et
1913 4900 2000 4955 ubi

414 4993 530 5037 erat
559 4999 661 5053 pax
689 4993 744 5039 et
765 4988 1003 5044 caritatis
1031 4989 1322 5057 vinculum,
1358 5007 1498 5047 nunc
1524 4996 1660 5058 rixa,
1689 5003 1743 5048 et
1772 5003 1998 5047 conten-

417 5074 513 5128 tio.
551 5072 648 5129 Ubi
674 5075 816 5130 enim
843 5093 1018 5133 meum
1045 5089 1099 5134 et
1116 5090 1284 5145 tuum,
1314 5083 1420 5136 illic
1447 5097 1607 5137 omne
1635 5083 1804 5137 litium
1831 5099 2001 5153 genus

413 5177 471 5221 et
490 5168 849 5224 contentionis
871 5173 1110 5227 occasio:
1147 5175 1232 5227 ubi
1260 5184 1435 5227 autem
1478 5174 1591 5229 haec
1618 5191 1723 5229 non
1750 5185 1893 5242 sunt,
1928 5176 1999 5232 ibi

415 5273 607 5314 secura
638 5270 883 5315 versatur
908 5278 1007 5332 pax
1047 5275 1101 5318 et
1141 5264 1449 5319 concordia.
1482 5265 1543 5318 Et
1574 5266 1688 5320 lucc
1717 5276 1776 5321 ut
1802 5268 2030 5332 discas.,

415 5348 539 5402 andi
584 5349 710 5420 quid
753 5350 893 5406 dicat
936 5353 1121 5408 beatus
1155 5355 1325 5409 Lucas
1360 5354 1428 5409 de
1450 5355 1513 5409 iis
1543 5356 1629 5424 qui
1660 5356 1726 5410 ab
1754 5358 1907 5413 initio
1931 5336 2025 5414 ad)

417 5438 576 5493 fidem
615 5442 858 5495 conversi
890 5452 1035 5497 sunt.
1076 5443 1226 5509 Erat,
1258 5444 1446 5514 inquit,
1480 5447 1702 5498 omnium
1730 5463 1817 5500 cor
1842 5464 1999 5502 unum

416 5536 460 5578 et
482 5530 653 5581 anima
680 5546 783 5584 una
809 5532 964 5601 (Act.
1002 5532 1055 5588 ι.
1086 5534 1155 5588 52
1179 5535 1234 5605 ):
1269 5551 1373 5589 non
1399 5536 1538 5607 quod
1568 5551 1724 5590 unam
1765 5537 1997 5594 animam

414 5617 694 5675 habuerint
723 5636 933 5687 omnes,
954 5624 1247 5695 (quomodo
1270 5625 1413 5682 enim
1441 5628 1562 5693 hoc,
1589 5644 1709 5682 eum
1741 5630 1792 5683 in
1819 5629 1996 5686 diver-

413 5711 825 5802 sis’eorporibus
857 5715 1136 5786 fuerint?)
1180 5720 1272 5775 sed
1302 5722 1643 5778 concordiam
1670 5721 1989 5793 illorumtar-

1426 317 1488 373 IN
1525 316 1677 374 CAP.
1717 314 1857 372 Xlll.
1896 312 2140 371 GENES.
2182 316 2415 376 ιιοιιιι.
2458 322 2699 383 XXXIII.

3573 336 3669 389 3l0

2094 431 2384 488 ctissimam
2433 436 2585 492 nobis
2625 437 2973 496 demonstrat.
3020 439 3137 499 Jam
3179 446 3280 502 nisi
3320 448 3560 518 plurima:
3592 466 3671 520 pa-

2093 524 2294 579 tientiae
2325 525 2515 584 fuisset
2537 530 2709 598 justus
2741 531 2847 596 ille,
2875 544 2929 589 et
2955 534 3214 606 insignem
3242 552 3352 608 prae
3378 553 3439 594 se
3467 539 3674 595 tulisset

2094 615 2501 686 philosophiam,
2538 625 2930 681 succensuisset
2960 625 3199 692 forsitan,
3229 638 3283 685 et
3323 628 3395 686 ita
3420 631 3471 686 ei
3508 631 3680 688 disia-

2090 714 2213 760 set:
2256 708 2387 775 Quis
2420 709 2568 766 furor
2606 712 2736 767 ille?
2768 713 2970 770 Ausine
2997 726 3119 771 sunt
3144 717 3328 773 famuli
3362 721 3437 776 tui
3460 736 3522 776 os
3545 738 3672 792 ape-

2089 796 2197 849 rirc
2225 797 2481 854 adversus
2511 815 2702 870 operas
2732 818 2880 858 meas
2907 805 2931 859 ?
2963 820 3066 858 non
3093 809 3393 877 cogitarunt
3416 825 3674 881 quantum

2093 885 2233 941 inter
2277 903 2375 942 nos
2421 891 2490 944 sit
2532 892 2859 948 discrimen?
2900 895 3050 951 Unde
3088 898 3229 951 enim
3261 900 3354 954 tibi
3389 901 3474 956 illa
3502 903 3673 957 abun-

2091 978 2317 1034 dantis?
2357 998 2532 1039 nonne
2572 1000 2639 1040 ex
2678 1003 2792 1041 mea
2836 990 3002 1043 cura?
3039 990 3171 1056 Quis
3199 1002 3249 1047 te
3294 993 3347 1048 in
3398 996 3673 1050 hominum

2091 1080 2438 1139 conspectum
2468 1077 2726 1142 protulit?
2752 1094 2929 1133 nonne
2957 1095 3056 1150 ego
3076 1082 3162 1151 qni
3191 1099 3286 1153 pro
3312 1085 3560 1139 omnibus
3582 1087 3673 1140 tibi

2093 1156 2188 1223 fui,
2232 1169 2286 1214 et
2337 1164 2498 1230 patris
2545 1165 2635 1219 tibi
2679 1168 2825 1222 vices
2862 1170 2946 1238 egi
3000 1187 3092 1240 per
3129 1174 3348 1227 orlinia?
3382 1177 3555 1246 Atque
3579 1175 3674 1230 has

2093 1250 2223 1304 mihi
2272 1267 2368 1320 pro
2416 1262 2493 1308 tot
2536 1257 2844 1315 ministeriis
2880 1263 3154 1317 merci-des
3187 1264 3404 1319 reddis?
3444 1266 3675 1323 Haecine

2093 1356 2190 1410 spe
2241 1343 2436 1412 ubique
2483 1355 2535 1399 te
2574 1350 2825 1404 comitem
2878 1353 3083 1408 itineris
3121 1354 3319 1409 habui?
3360 1356 3508 1420 Esto,
3543 1357 3673 1414 nihil

2093 1447 2278 1487 eorum
2304 1451 2421 1504 qua:
2440 1451 2471 1490 a
2497 1453 2582 1493 me
2608 1438 2771 1494 habes
2800 1442 2850 1495 in
2880 1456 3109 1499 mentem
3139 1446 3231 1501 tibi
3264 1448 3437 1502 veniat
3462 1466 3475 1499 :
3499 1464 3673 1502 nomze

2093 1522 2281 1577 saltem
2306 1525 2390 1578 vel
2411 1536 2681 1582 senectam
2710 1545 2881 1584 meam
2909 1541 2963 1585 et
2990 1548 3154 1588 canos
3188 1537 3420 1590 revereri
3452 1548 3672 1605 oporte-

2094 1610 2220 1666 bat?
2241 1612 2346 1667 Sed
2371 1616 2707 1671 connivendo
2732 1622 3016 1687 permisisti
3040 1632 3279 1690 pastores
3306 1632 3423 1678 tuos
3449 1626 3500 1678 in
3528 1641 3676 1679 meos

2094 1701 2434 1769 debacchari,
2472 1709 2684 1761 nescius
2722 1710 2861 1778 quod
2906 1712 3043 1765 sicut
3078 1714 3424 1778 contumelia,
3466 1730 3565 1784 qna
3600 1715 3674 1769 illi

2096 1791 2268 1846 affecti
2310 1804 2457 1859 sunt,
2504 1797 2556 1850 in
2601 1812 2689 1853 me
2731 1802 2939 1867 transit,
2969 1803 3039 1856 ita
3073 1813 3127 1858 et
3160 1813 3370 1860 tuorum
3408 1809 3677 1861 temeritas

2099 1880 2190 1934 tibi
2213 1881 2552 1940 adscribitur.

2168 1971 2224 2026 4.
2268 1972 2373 2028 Sed
2410 1974 2541 2028 nihil
2570 1975 2756 2030 horum
2779 1978 2953 2047 justus
2979 1981 3061 2035 vel
3090 1982 3139 2035 in
3173 1993 3406 2038 mentem
3438 1984 3672 2048 admisit,

2096 2060 2192 2115 sed
2220 2062 2470 2118 omnibus
2499 2066 2602 2119 illis
2628 2067 2695 2121 ab
2719 2069 2898 2123 animo
2924 2071 3173 2139 repulsis,
3215 2090 3375 2127 unum
3420 2074 3521 2129 hoc
3546 2091 3675 2145 age-

2096 2151 2208 2215 bat,
2236 2154 2503 2222 qnomodo
2528 2157 2667 2225 quod
2702 2168 3011 2229 erupturum
3052 2171 3168 2217 erat
3194 2166 3551 2219 contentionis
3592 2167 3675 2219 in.

2096 2242 2342 2298 cendium
2368 2232 2748 2316 exstingueret,
2791 2258 2847 2304 et
2881 2250 3032 2305 suavi
3083 2256 3419 2323 separatione
3466 2256 3677 2326 excogi-

2095 2337 2441 2408 tata,absque
2468 2339 2636 2392 turbis
2663 2339 2953 2396 habitaret:
2980 2343 3110 2397 dicit
3130 2345 3272 2398 enim
3308 2362 3321 2399 :
3350 2345 3481 2400 Ecce
3507 2363 3677 2400 annon

2096 2428 2259 2481 omnis
2281 2437 2415 2481 terra
2437 2444 2607 2483 coram
2639 2440 2687 2483 te
2713 2431 2827 2485 est?
2855 2431 3067 2486 Discede
3086 2450 3117 2486 a
3147 2450 3224 2487 me
3245 2449 3264 2487 :
3305 2434 3346 2487 si
3376 2444 3428 2487 tu
3454 2434 3523 2487 ad
3549 2435 3676 2488 sini-

2095 2529 2275 2589 stram,
2295 2536 2388 2593 ego
2408 2520 2477 2575 ad
2509 2522 2804 2587 dexteram;
2829 2524 2872 2578 si
2911 2534 2967 2578 tn
2988 2524 3058 2578 ad
3085 2527 3361 2591 dexteram,
3392 2543 3485 2597 ego
3518 2526 3588 2579 ad
3606 2527 3679 2579 si-

2097 2612 2329 2666 nistram.
2369 2610 2505 2667 Vide
2545 2614 3009 2669 mansuetudinem
3051 2616 3199 2686 justi.
3232 2616 3497 2685 Operibns
3536 2617 3677 2671 enim

2097 2702 2351 2770 ostendit,
2393 2718 2453 2759 se
2479 2720 2585 2758 non
2616 2720 2707 2759 sua
2735 2714 2923 2775 sponte
2951 2704 3127 2761 facere
3160 2706 3284 2773 hoc,
3318 2722 3488 2776 neque
3527 2722 3680 2776 sepa-
3742 2710 3745 2715 '

2097 2797 2203 2851 rari
2225 2797 2382 2863 velle,
2411 2796 2507 2852 sed
2533 2797 2602 2853 ob
2634 2798 2991 2853 contentionis
3018 2799 3414 2864 necessitatem,
3445 2808 3502 2852 ut
3530 2813 3596 2852 ne
3623 2799 3677 2852 in

2097 2889 2261 2944 domo
2290 2889 2359 2943 sit
2398 2899 2715 2959 perpetuum
2761 2891 2958 2946 bellum
2986 2909 3000 2946 :
3027 2892 3149 2947 vide
3191 2891 3462 2962 quomodo
3509 2890 3685 2945 Verbis

2078 2979 2243 3034 illius
2268 2979 2426 3035 bilem
2458 2981 2828 3046 mansuefacit,
2873 2991 2928 3037 et
2959 2997 3173 3037 omnem
3200 2984 3248 3037 ei
3270 2980 3545 3036 electionis
3584 2996 3680 3049 po-

2101 3077 2348 3125 testatem
2385 3069 2497 3137 dat,
2530 3073 2882 3141 proponitque
2919 3086 3132 3127 omnem
3164 3081 3387 3138 terram,
3422 3086 3485 3126 ac
3516 3071 3679 3126 dicit:

2098 3159 2232 3216 Ecce
2246 3177 2415 3215 annon
2442 3162 2604 3216 omnis
2628 3171 2761 3216 terra
2783 3179 2954 3216 coram
2982 3163 3067 3217 te?
3091 3163 3261 3229 Quam
3290 3163 3389 3228 vis,
3422 3162 3558 3231 elige
3584 3180 3596 3215 :
3628 3172 3684 3217 et

2098 3268 2216 3325 ego,
2231 3270 2387 3325 qttam
2399 3264 2454 3309 tu
2474 3255 2773 3325 reliqueris,
2791 3270 2978 3326 magna
2993 3271 3112 3310 cum
3129 3257 3395 3325 voluptate
3406 3253 3681 3325 accipiam.

2100 3343 2285 3414 Magna
2317 3354 2400 3398 est
2422 3345 2551 3414 justi
2595 3344 2752 3415 hujus
2792 3344 3147 3415 philosophia.
3181 3344 3297 3399 Non
3333 3345 3446 3398 vult
3468 3345 3687 3399 omnino

2099 3451 2365 3493 onerosus
2408 3452 2529 3492 esse
2570 3436 2748 3491 fratris
2788 3437 2933 3501 filio;
2966 3438 3115 3505 quasi
3143 3436 3381 3491 diceret:
3424 3437 3685 3504 Quoniam

2100 3527 2155 3583 id
2191 3526 2333 3598 quod
2378 3526 2628 3582 nolebam
2672 3526 2883 3591 accidit,
2916 3541 3021 3596 quo
3054 3534 3267 3579 cessent
3293 3525 3684 3589 contentiones,

2103 3618 2461 3673 necessarium
2502 3625 2587 3671 est
2627 3625 2683 3670 ut
2719 3631 3065 3684 separemur:
3109 3624 3388 3685 propterea
3425 3623 3477 3668 te
3513 3614 3685 3667 domi-

2103 3728 2231 3767 num
2257 3710 2535 3767 electionis
2564 3717 2619 3764 et
2646 3709 2904 3763 arbitrum
2931 3707 3234 3769 constituo;
3270 3715 3321 3759 et
3345 3721 3555 3759 omnem
3593 3705 3683 3759 tibi

2105 3810 2421 3872 potestatem
2462 3799 2554 3866 do,
2581 3809 2638 3853 ut
2666 3808 2860 3854 terram
2906 3813 3065 3866 quam
3108 3797 3381 3851 meliorem
3412 3809 3600 3850 censes
3631 3804 3686 3848 tu

2104 3895 2290 3965 eligas,
2330 3901 2386 3949 et
2428 3892 2687 3962 reliquam
2727 3891 2873 3945 sinas
2902 3904 3019 3943 esse
3052 3903 3247 3942 meam.
3277 3886 3410 3941 Num
3443 3885 3544 3940 hoc
3568 3886 3687 3955 quis

2103 4002 2354 4056 umquam
2394 3985 2613 4056 :cqualis
2644 3982 2814 4037 aztatis
2851 3981 2999 4036 fratri
3034 3979 3332 4035 faciendum
3372 3979 3599 4042 censuit,
3629 3976 3679 4030 id

2103 4076 2246 4147 quod
2275 4074 2451 4130 fratris
2484 4074 2594 4128 filio
2621 4070 2963 4143 patriarcha?
2999 4069 3128 4125 Nam
3159 4070 3202 4123 si
3235 4070 3348 4140 ipse
3377 4068 3508 4122 facta
3542 4067 3688 4136 prius

2104 4168 2368 4223 electione
2395 4167 2621 4238 primum
2644 4166 2815 4220 locum
2844 4163 2943 4218 sibi
2976 4171 3264 4228 servasset,
3297 4161 3682 4216 concessisset-

2104 4262 2297 4333 queilli
2322 4261 2546 4331 reliqua,
2573 4273 2750 4314 nonne
2777 4267 2830 4313 et
2858 4258 2958 4311 hoc
2983 4265 3137 4327 pacto
3169 4270 3414 4325 magnum
3436 4251 3687 4323 quiddam

2109 4353 2362 4409 fecisset?
2394 4355 2462 4407 At
2492 4352 2719 4423 ingentis
2746 4349 2954 4404 virtutis
2975 4364 3084 4403 sua:
3112 4348 3379 4417 specimen
3407 4344 3683 4410 exhibere,

2106 4457 2161 4501 et
2188 4447 2511 4502 desiderium
2532 4443 2741 4516 juvenis
2761 4444 2976 4513 explere
3000 4440 3234 4508 volebat,
3268 4441 3339 4495 ita
3362 4448 3417 4494 ut
3449 4438 3589 4493 nulla
3620 4454 3683 4491 cx

2105 4542 2443 4610 separatione
2491 4545 2803 4593 nasceretur
2849 4536 3097 4591 mmroris
3145 4534 3396 4596 occasio,
3448 4531 3586 4585 unde
3638 4530 3687 4584 oi

2107 4633 2377 4702 proposita
2410 4639 2672 4699 potestate
2700 4627 2869 4691 omni,
2897 4627 3063 4681 dicit:
3095 4624 3223 4678 Ecce
3257 4624 3419 4676 omnis
3441 4632 3572 4674 terra
3597 4635 3684 4672 co-

2105 4741 2214 4777 ram
2251 4734 2298 4777 te
2320 4739 2338 4776 :
2380 4738 2618 4791 separare
2652 4738 2683 4773 a
2720 4736 2819 4783 me,
2864 4727 2920 4774 et
2955 4716 3165 4787 qualem
3204 4715 3434 4767 vulneris
3489 4722 3683 4766 terram

2106 4815 2262 4885 elige.
2293 4813 2578 4883 Oportebat
2606 4811 2765 4880 igitur
2792 4808 2971 4863 fratris
3000 4809 3184 4871 lilium,
3214 4820 3333 4859 cum
3367 4812 3564 4859 tantam
3586 4818 3677 4857 cx-

2109 4906 2374 4974 reriretur
2413 4904 2716 4971 mquitatem
2760 4898 3115 4969 patriarclue.
3173 4912 3352 4964 parem
3392 4892 3691 4965 rependere

2109 4996 2393 5060 honorem,
2422 5002 2477 5047 et
2497 4992 2547 5048 ei
2573 4991 2748 5061 potius
2778 4991 2995 5044 liberam
3020 4992 3338 5043 electiOnem
3367 4984 3686 5041 concedere.

2105 5086 2354 5142 Solemus
2395 5083 2535 5138 enim
2579 5081 2744 5136 ferme
2782 5080 2957 5135 cuncti
2989 5079 3251 5143 homines,
3280 5079 3324 5133 si
3354 5076 3690 5132 obluctantes

2094 5174 2381 5229 videamus
2410 5173 2769 5239 adversarios,
2792 5187 2855 5226 ac
2870 5170 3256 5226 contendentes
3280 5170 3333 5223 in
3359 5169 3588 5239 primum
3609 5167 3686 5221 ln-

2114 5275 2228 5321 mm
2253 5265 2564 5330 ascendere,
2597 5279 2701 5317 non
2730 5263 2871 5317 ferre
2896 5277 2995 5316 nos
3025 5258 3303 5314 inferiores
3334 5274 3474 5322 esse,
3516 5274 3689 5327 neque

2108 5375 2188 5415 ets
2213 5358 2444 5414 cedere:
2484 5370 2619 5427 quos
2656 5356 2699 5410 si
2726 5355 2918 5411 cedere
2956 5353 3267 5417 viderimus,
3314 5360 3363 5404 et
3401 5349 3690 5403 humilibus

2108 5451 2287 5507 verbis
2322 5458 2637 5521 potestatem
2687 5462 2902 5503 onmem
2953 5445 3107 5499 nobis
3158 5444 3487 5515 permittere,
3537 5441 3686 5510 quasi

2107 5550 2415 5598 reverentes
2437 5554 2681 5610 magnam
2711 5536 3192 5602 mansuetudinem,
3218 5552 3273 5591 et
3291 5550 3321 5589 a
3345 5532 3688 5589 contentione

2107 5632 2433 5697 desistimus,
2464 5639 2520 5687 et
2544 5630 2660 5685 vice
2691 5642 2846 5683 versa
2868 5643 3081 5683 omnem
3106 5634 3419 5698 potestatem
3449 5624 3528 5677 eis
3554 5637 3687 5677 con-

2112 5726 2376 5783 cedimus.
2423 5724 2629 5782 etiamsi
2675 5724 2851 5779 minor
2883 5739 3002 5781 esse
3034 5723 3271 5780 videatur
3311 5725 3357 5781 is
3385 5721 3475 5797 qul
3510 5721 3696 5777 nobis-
