4070 6194
293 357 385 412 ει,
1368 353 1435 406 IN
1473 351 1626 408 CAP.
1669 350 1784 406 xm
1819 329 2302 410 GENESJIOMIL
2367 357 2604 414 xxxw.

291 475 758 547 τοῦπατριάρχου
794 473 951 526 τοῦτο
989 468 1409 542 διαπράξασθαι,
1434 468 1683 538 καθάπερ
1725 466 1957 529 νεοστδς,

293 563 388 615 καὶ
423 563 528 615 ὑπὸ
566 563 665 631 τῆς
701 559 795 614 τοῦ
833 560 1075 621 πλείονος
1114 556 1409 626 ἐπιθυμίας
1449 555 1816 624 ἐξελκόμενος.
1852 555 1963 614 τοῖς

295 650 582 720 πρωτείοις
601 647 860 718 ἐπιηδᾷ,
876 646 950 710 ὡς
971 643 1208 715 ἐνόμιζε,
1229 644 1322 696 καὶ
1339 643 1437 714 τὴν
1459 641 1685 712 ἐκλογὴν
1707 643 1958 693 ποιεῖται.

294 737 398 790 Καὶ
424 735 670 804 ἐπάρας,
695 735 849 805 φησι,
871 733 999 788 Λὼτ
1035 731 1177 797 τοὺς
1215 730 1561 799 ὀφθαλμοὺς
1601 729 1807 792 αὑτοῦ,
1843 723 1964 781 εἶδε

294 819 502 875 πᾶσαν
538 820 652 888 τὴν
690 821 1019 890 περίχωρον
1055 819 1162 872 τοῦ
1193 815 1509 885 Ἰορδάνου,
1548 815 1636 869 ὅτι
1678 813 1847 870 πᾶσα
1885 809 1965 883 ἦν

294 905 661 976 ποτιζομένῃ,
687 908 799 974 πρὸ
843 906 948 960 τοῦ
987 905 1392 974 καταστρέψαι
1428 903 1532 957 τὸν
1555 902 1702 956 Θεὸν
1733 900 1964 970 Σόδομα

295 994 392 1046 καί
415 995 707 1062 Γόμορρα,
734 994 814 1059 ώς
831 997 864 1048 ό
885 992 1246 1060 παράδεισος
1267 991 1372 1046 τοῦ
1397 991 1563 1055 Θεοῦ,
1598 990 1693 1043 καὶ
1725 989 1806 1054 ὼς
1827 989 1864 1056 ἡ
1888 987 1964 1058 γῆ

294 1083 596 1149 Αἰγύπτου
622 1121 636 1142 ,
678 1081 789 1146 ἕως
833 1079 1032 1134 ἐλθεῖν
1076 1082 1162 1146 εἰς
1206 1080 1448 1147 Ζόγορα.
1492 1077 1601 1131 Καὶ
1644 1075 1964 1142 ἐξελέξατο

295 1168 486 1234 ἐαυτῷ
510 1169 640 1222 Λὼτ
661 1168 869 1223 πᾶσαν
896 1168 1010 1236 τὴν
1030 1168 1366 1236 περίχωρον
1389 1165 1494 1220 τοῦ
1527 1164 1843 1232 Ἰορδάνου,
1867 1164 1966 1219 καί

294 1253 490 1322 ἀπῆρε
525 1254 653 1308 Λὼτ
689 1255 808 1309 ἀπὸ
830 1254 1162 1318 ἀνατολῶν,
1198 1253 1292 1306 καὶ
1318 1253 1795 1322 διεχωρίσθησαν
1825 1252 1964 1306 ἕκα-

295 1358 442 1408 στος
465 1342 583 1396 ἀπὸ
619 1342 724 1396 τοῦ
745 1342 1014 1410 ἀδελφοῦ
1034 1341 1242 1395 αὑτοῦ.
1265 1336 1416 1402 Εἶδες
1433 1340 1532 1410 τῆς
1553 1340 1753 1410 ἀρετῆς
1771 1339 1864 1393 τοῦ
1883 1341 1964 1393 δι-

297 1447 366 1482 κα
375 1431 453 1483 ίου
473 1429 570 1500 τήν
591 1430 920 1500 ὑπερϐολὴν,
943 1430 1091 1491 ὅπως
1110 1429 1170 1482 οὑ
1193 1428 1568 1500 συνεχώρησεν
1588 1428 1708 1481 οὑδέ
1730 1427 1964 1498 βλαστῆ-

297 1537 387 1573 σαι
422 1519 521 1591 τὴν
560 1519 714 1590 ῥίζαν
753 1519 853 1589 τῆς
891 1519 1111 1582 κακίας,
1133 1517 1250 1571 ἀλλ’
1270 1517 1472 1582 εὐθέως
1490 1517 1585 1571 καὶ
1613 1517 1680 1570 τὰ
1703 1517 1965 1586 μέλλοντα

295 1610 525 1680 φύεσθαι
544 1609 787 1663 κάτωθεν
805 1609 1026 1678 ἐξέτεμε
1043 1610 1135 1662 καὶ
1149 1607 1379 1676 ήφάνισε
1393 1621 1408 1636 ·
1432 1606 1598 1678 πολλῇ
1614 1609 1678 1678 τῇ
1698 1605 1966 1676 ἐπιεικείᾳ

295 1698 660 1768 χρησάμενος,
686 1698 778 1749 καὶ
797 1696 864 1749 δι’
886 1695 1084 1768 ἀρετὴν
1117 1695 1225 1748 τῶν
1245 1695 1420 1748 ἄλλων
1442 1695 1742 1764 ὑπεροψίαν
1759 1693 1965 1762 ἄφατον

293 1785 723 1854 ἐπιδειξάμενος,
745 1784 840 1838 καὶ
858 1784 1071 1846 δεικνὺς
1103 1783 1306 1838 ἅπασιν
1325 1783 1474 1846 ὅπως
1492 1782 1671 1851 πάσης
1691 1781 1840 1851 αὑτῷ
1861 1798 1963 1834 πε-

295 1871 536 1943 ριουσίας
558 1872 928 1942 προτιμοτέρα
948 1870 1254 1940 τυγχάνειή
1278 1871 1488 1941 είρήνη,
1513 1870 1608 1923 καὶ
1640 1870 1701 1922 τὸ
1733 1868 1964 1938 φιλονει-

293 1960 417 2022 κίας
453 1959 827 2029 ἀπηλλάχθαι;
851 1959 968 2011 ’Ὶνα
1012 1959 1116 2030 γὰρ
1157 1959 1231 2028 μή
1266 1975 1348 2021 τις
1368 1957 1621 2027 καταγνῷ
1639 1956 1733 2010 τοῦ
1751 1957 1964 2010 δικαίου

293 2046 368 2108 ὡς
405 2045 715 2116 ἀγνώμονος
752 2045 1045 2114 γενομένου
1083 2044 1211 2114 περὶ
1248 2044 1338 2096 τὸν
1376 2043 1520 2104 Λὼτ,
1541 2045 1636 2096 καὶ
1653 2043 1963 2096 ὅτιοῐκοθεν

293 2131 456 2185 αὑτὸν
489 2131 816 2200 ἀναστήσας,
841 2130 934 2183 καὶ
967 2129 1189 2198 ἀγαγὼν
1209 2130 1301 2181 ἐπὶ
1320 2130 1418 2198 τῆς
1438 2129 1745 2199 ἀλλοτρίας,
1768 2129 1966 2181 ἐκϐάλ-

293 2217 375 2270 λει
409 2218 510 2286 τῆς
546 2217 739 2280 οἰκίας,
765 2217 897 2287 μηδέ
937 2216 1132 2286 νομίσῃ
1171 2233 1253 2278 τις
1286 2214 1579 2284 ἀπεχθείας
1599 2215 1760 2269 αὑτὸν
1780 2215 1966 2267 ἕνεκεν

293 2303 463 2358 ταῦτα
499 2303 846 2376 ἐργάζεσθαι,
868 2303 1004 2357 ἀλλά
1044 2302 1304 2374 μάθωμεν
1344 2302 1601 2366 ἅπαντες,
1624 2303 1705 2355 ὄτι
1740 2303 1965 2372 εἰρήνης

293 2391 650 2461 ἀντεχόμενος
683 2390 854 2444 ταῦτα
876 2392 1038 2453 ποιεῖ,
1058 2390 1146 2443 διὰ
1164 2389 1322 2442 τοῦτο
1340 2389 1434 2443 καλ⁸
1453 2388 1550 2460 τὴν
1569 2389 1798 2460 ἐκλογὴν
1817 2389 1966 2459 αὐτῷ

293 2479 676 2548 παρεχώρησε,
700 2479 790 2530 καὶ
827 2477 895 2530 τά
930 2479 1170 2546 πρωτεῖα
1192 2475 1399 2530 ἐκείνου
1420 2476 1672 2546 ἑλομένου
1694 2477 1794 2529 οὑκ
1815 2476 1968 2530 ἐδυσ-

294 2564 540 2633 χέρανεν,
559 2564 647 2617 ἴνα
665 2563 862 2627 πάντες
886 2563 1084 2616 εἰδέναι
1104 2562 1316 2634 ἔχωμεν
1348 2567 1448 2635 τῆς
1479 2563 1572 2616 τοῦ
1595 2564 1805 2617 δικαίου
1825 2563 1966 2632 γνώ-

299 2667 405 2720 μης
439 2649 499 2702 τὸ
537 2650 852 2718 φιλάγαθον,
876 2651 968 2703 καὶ
1005 2651 1102 2722 τῆς
1137 2651 1419 2720 εἰρηνικῆς
1455 2650 1620 2703 αὑτοῦ
1661 2651 1839 2721 ψυχῆς
1875 2651 1965 2704 τὸν

297 2735 735 2799 σκοπόν.”Αλλως
761 2737 817 2789 δέ
853 2738 946 2789 καὶ
965 2737 1151 2806 ἕτερόν
1169 2755 1222 2790 τι
1246 2739 1544 2807 μυστήριον
1561 2734 1628 2808 ἦν
1651 2754 1964 2809 προοικονο-

298 2820 584 2890 μούμενον,
609 2821 749 2875 ὥστε
788 2823 958 2876 πολλά
994 2824 1114 2876 κατ’
1135 2823 1296 2877 αὑτὸν
1325 2823 1597 2891 γενέσθαι,
1621 2823 1822 2877 καὶτὸν
1841 2823 1965 2877 Λὼτ

293 2906 381 2961 διὰ
401 2908 506 2961 τῶν
527 2909 864 2979 πραγμάτων
886 2909 1255 2979 παιδευθῆναι,
1276 2910 1351 2973 ῶς
1371 2911 1431 2963 οὑ
1450 2910 1676 2973 δεόντως
1695 2910 1791 2981 τὴν
1812 2910 1966 2963 ἐκλο-

294 2993 396 3064 γὴν
416 2995 731 3065 ἐποιήσατο,
757 2996 850 3048 καὶ
883 2998 1008 3060 τοὺς
1041 2997 1098 3051 ἐν
1130 2996 1384 3066 Σοδόμοις
1404 2997 1594 3067 μαθεῖν
1612 2996 1704 3049 τοῦ
1725 2996 1847 3050 Λὼτ
1866 2997 1966 3067 τὴν

296 3081 514 3150 ἀρετήν,
537 3080 742 3134 καὶτοῦ
763 3083 1043 3153 χωρισμοῦ
1067 3083 1378 3154 γενομένου,
1400 3084 1498 3154 τὴν
1517 3083 1848 3152 ἐπαγγελίαν
1865 3083 1965 3154 τὴν

296 3167 375 3228 είς
408 3166 498 3218 τὸν
533 3169 877 3240 πατριάρχην
916 3171 1290 3241 γεγενημένην
1310 3173 1389 3235 εἰς
1407 3171 1566 3242 ἔργον
1600 3171 1846 3242 ἐκϐῆναι,
1866 3172 1964 3243 τὴν

294 3251 554 3320 λέγουσαν
575 3271 588 3282 ·
612 3255 714 3308 Σοὶ
751 3257 846 3309 καί
884 3256 964 3322 τῷ
1001 3257 1296 3326 σπέρματί
1318 3257 1467 3330 [558]
1489 3274 1606 3312 σου
1643 3257 1815 3312 δώσω
1850 3258 1966 3326 τὴν

295 3338 412 3409 γῆν
431 3342 659 3406 ταύτην
678 3359 691 3372 ·
715 3343 998 3396 καὶταῦτα
1017 3344 1157 3396 κατά
1179 3345 1372 3415 μικρὸν
1401 3347 1680 3416 προϊόντες
1697 3345 1961 3415 ὀψόμεθα,

293 3425 392 3493 τῆς
413 3426 562 3489 θείας
583 3429 807 3497 Γραφῆς
828 3430 960 3499 ἡμῖν
999 3429 1212 3482 ἀπαντα
1247 3430 1522 3498 κατάδηλα
1557 3431 1833 3500 ποιούσης.
1855 3433 1962 3484 Καὶ

298 3511 544 3578 Ἀϐραμ,
585 3512 752 3580 φησὶ,
794 3512 1152 3579 παρῴκησεν
1188 3514 1258 3566 ἐν
1299 3512 1376 3583 γῆ
1420 3514 1689 3568 Χαναάνο
1733 3515 1865 3568 Λὼτ
1898 3515 1966 3567 δὲ

294 3594 648 3662 κατῴκησεν
668 3597 738 3650 ὲν
757 3598 929 3650 πόλει
965 3597 1083 3650 τῶν
1106 3598 1463 3667 περιχώρων,
1488 3601 1586 3654 καὶ
1611 3599 1967 3665 ἐσκήνωσεν

293 3680 364 3732 ὲν
384 3680 688 3750 Σοδόμοις.
719 3686 783 3736 Ol
817 3682 885 3735 δὲ
908 3683 1204 3751 ἅνθρωποι
1226 3688 1280 3739 οί
1312 3685 1384 3737 ἐν
1402 3684 1688 3754 Σοδόμοις
1711 3687 1964 3754 πονηροί

295 3767 391 3820 καὶ
429 3767 762 3836 ἁμαρτωλοὶ
799 3768 1078 3823 ἐναντίον
1109 3770 1215 3825 τοῦ
1250 3771 1398 3825 Θεοῦ
1415 3773 1670 3842 σφόδρα.
1691 3774 1852 3844 Ὁρᾷς
1873 3773 1965 3828 τὸν

294 3852 418 3906 Λὼτ
445 3853 580 3924 πρὸς
615 3855 712 3923 τὴν
735 3855 831 3926 τῆς
853 3857 955 3925 γῆς
975 3855 1135 3922 φύσιν
1161 3858 1318 3927 μόνον
1339 3859 1617 3924 ἀπιδόντα,
1639 3861 1732 3913 καὶ
1751 3862 1811 3913 οὑ
1837 3879 1964 3916 σκο-

293 3940 397 3992 πού
406 3957 562 4010 μενον
599 3941 705 3993 τῶν
731 3943 1080 3997 ἐνοικούντων
1099 3943 1198 4014 τὴν
1225 3947 1483 4017 πονηρίαν
1503 3963 1516 4010 ;
1540 3948 1604 3999 Τί
1623 3948 1731 4018 γὰρ
1750 3949 1961 4018 ὄφελος,

294 4027 413 4078 εἰπέ
438 4044 548 4096 μοι,
569 4029 670 4098 γῆς
693 4030 1067 4101 ἐπιτηδειότης
1107 4034 1202 4086 καὶ
1240 4033 1470 4102 καρπῶν
1490 4034 1739 4107 εὑφορία,
1760 4038 1888 4090 ὅταν
1913 4039 1961 4091 οί

293 4113 625 4176 ἐνοικοῦντες
651 4109 752 4167 ὦσι
793 4117 1057 4187 μοχθηροὶ¹
1094 4119 1184 4172 τὸν
1223 4120 1455 4191 τρόπον;
1491 4123 1556 4175 Τί
1575 4123 1631 4176 δὲ
1655 4123 1850 4194 βλάϐος
1868 4127 1963 4179 ἀπ’

291 4201 526 4270 ἐρημίας
544 4200 608 4253 ἂν
628 4203 836 4270 γένοιτο
855 4205 948 4258 καὶ
967 4205 1070 4275 γῆς
1094 4207 1400 4279 φαυλοτάτη
1410 4225 1454 4271 ς,
1474 4211 1600 4263 ὅταν
1619 4213 1668 4264 οί
1689 4213 1962 4266 ἐνοικοῦν-

290 4303 381 4348 τες
398 4280 530 4339 ῶσιν
550 4288 943 4360 ἐπιεικέστεροι
963 4307 977 4355 ;
1000 4291 1074 4344 Τὸ
1091 4292 1201 4363 γάρ
1219 4294 1509 4362 κεφάλαιον
1542 4295 1650 4350 τῶν
1686 4298 1905 4366 ἀγαθῶν
1927 4301 1960 4370 ή

289 4372 400 4425 τῶν
432 4375 782 4430 ἐνοικούντων
802 4377 950 4430 ἐστὶν
969 4378 1381 4451 εὐγνωμοσύνη.
1402 4382 1538 4434 Ἀλλ’
1558 4385 1586 4436 ό
1604 4383 1725 4436 Λὼτ
1749 4386 1883 4455 πρὸς
1902 4385 1960 4439 ἐν

293 4459 452 4528 μόνον
489 4456 617 4525 εἶδε,
639 4464 737 4533 τῆς
776 4463 882 4532 γῆς
921 4463 1017 4536 τὴν
1054 4466 1331 4538 εὐφορίαν.
1370 4469 1468 4522 Διά
1503 4470 1661 4524 τοῦτο
1700 4474 1732 4542 ή
1770 4473 1960 4545 Γραφὴ

292 4548 530 4614 σημᾶναι
564 4549 694 4619 ἡμῖν
716 4549 1013 4622 βουλομένη
1036 4552 1142 4606 τῶν
1165 4553 1350 4608 αὐτόθι
1371 4557 1660 4610 οἰκούντων
1679 4559 1776 4629 τὴν
1797 4577 1961 4630 πονη-

289 4631 433 4702 ρίαν,
456 4634 622 4704 φησίν
642 4651 658 4667 ο
703 4638 766 4689 Ol
802 4635 870 4688 δὲ
905 4636 1202 4706 ἅνθρωποι
1236 4645 1288 4694 οι
1320 4641 1390 4694 ἐν
1407 4642 1690 4711 Σοδόμοις
1711 4649 1959 4715 πονηροὶ

289 4720 386 4774 καὶ
425 4721 756 4789 ἁμαρτωλοὶ
796 4723 1078 4778 ἐναντίον
1098 4727 1203 4781 τοῦ
1228 4727 1374 4782 Θεοῦ
1396 4729 1650 4798 σφόδρα.
1678 4733 1750 4784 υὺ
1777 4734 1956 4804 μόνον,

289 4807 445 4876 φησὶ,
485 4811 762 4878 Πονηροί,
804 4812 940 4866 ἀλλὰ
978 4815 1085 4867 Καὶ
1130 4815 1480 4884 ἁμαρτωλοὶ,
1504 4819 1597 4871 καὶ
1630 4820 1728 4890 οὑχ
1773 4821 1957 4885 ἁπλῶς

301 4895 667 4962 Ἀμαρτωλοί,
691 4900 825 4953 ἀλλά
865 4903 959 4955 καὶ
991 4904 1301 4957 Ἐναντίον
1337 4905 1444 4959 τοῦ
1463 4907 1633 4970 Θεοῦ,
1654 4909 1796 4961 τοῦτ’
1818 4909 1952 4976 ἐστι,

289 4981 458 5051 πολλὴ
477 4983 584 5036 τῶν
604 4985 1014 5057 ἁμαρτημάτων
1033 4991 1212 5043 αὐτῶν
1232 4993 1264 5062 ή
1285 4992 1555 5057 ἐπίτασις,
1573 4995 1666 5047 καὶ
1685 4995 1956 5066 ὑπερϐάλ-

287 5066 450 5120 λουσα
482 5069 660 5123 αὑτῶν
686 5073 720 5140 ή
743 5075 1003 5144 πονηρίαο
1024 5077 1093 5130 δι’
1113 5077 1141 5130 δ
1173 5079 1266 5131 καὶ
1300 5079 1604 5148 ἐπήγαγεν·
1642 5082 1957 5138 Ἐναντίον

286 5154 392 5207 τοῦ
418 5155 564 5211 Θεοῦ
583 5159 836 5225 σφόδρα.
859 5157 1010 5226 Εἶδες
1032 5165 1232 5228 κακίας
1256 5165 1510 5234 μέγεθος;
1545 5164 1682 5231 εἶδες
1697 5169 1820 5222 ὅσον
1837 5171 1955 5224 ἐστὶ

287 5241 454 5293 κακὸν
488 5243 549 5295 τὺ
582 5248 691 5328 τοῖς
730 5249 1016 5316 πρωτείοις
1052 5251 1345 5323 ἐπιπηδᾷν,
1369 5255 1458 5306 και
1484 5253 1559 5323 μὴ
1577 5254 1639 5307 τὸ
1675 5257 1953 5328 συμφέρον

287 5330 509 5382 σκοπεῖν
529 5347 543 5395 ;
565 5327 702 5395 εἶδες
721 5333 843 5386 ὅσον
863 5336 1010 5389 ἐστὶν
1031 5339 1318 5403 ἐπιείκεια,
1341 5341 1512 5394 καὶτὸ
1531 5342 1640 5394 τῶν
1668 5327 1952 5414 πρωτείων

286 5420 656 5502 παραχωρεῖν,
679 5421 771 5472 καὶ
808 5420 1192 5492 ἐλαττοῦσθαι;
1231 5427 1360 5481 Ἰδοὺ
1381 5427 1489 5500 γὰρ
1518 5429 1813 5501 προϊούσης
1851 5431 1950 5502 τῆς

281 5493 628 5567 διδασκαλίας
663 5504 908 5576 ὀψόμεθα
926 5508 1017 5561 τὸν
1040 5511 1137 5578 μὲν
1155 5513 1225 5565 τὰ
1246 5493 1436 5583 πρῶτα
1455 5493 1836 5585 ἐκλεξάμενον,
1856 5493 1948 5570 ob:

281 5587 470 5656 ὃεμίαν
507 5590 714 5645 ἐκεῖθεν
751 5592 936 5662 ὄνησιν
976 5597 1475 5668 προσλαμϐάνοντα,
1497 5603 1588 5654 τὸν
1615 5602 1672 5656 δέ
1694 5601 1950 5658 ἐλάττονα

281 5673 551 5745 ἑλόμενον,
590 5679 1051 5752 περιφανέστερον
1093 5683 1210 5737 καθ’
1233 5687 1464 5760 ἐκάστην
1496 5691 1808 5762 γινόμενον,
1847 5693 1942 5748 καὶ

3635 361 3738 416 512

2063 468 2151 521 διὰ
2189 472 2406 526 πάντων
2448 472 2818 545 αὐξανομένην
2857 474 3024 528 αὑτοῦ
3044 475 3142 546 τὴν
3162 475 3443 547 εὐπορίαν,
3470 479 3564 530 καὶ
3602 480 3738 533 πᾶσι

2070 559 2429 628 περίϐλεπτον
2450 561 2866 631 καθιστάμενον.

2134 643 2195 698 ε’.
2215 647 2354 700 Ἀλλ’
2374 648 2462 700 ἵνα
2485 649 2558 720 μὴ
2579 651 2656 712 εἰς
2674 649 2806 702 πολὺ
2831 649 3005 719 μῆκος
3024 649 3734 721 ἐκτείνωμενπὴνδιδασκα-

2060 734 2202 798 λίαν,
2229 736 2388 806 μέχρι
2419 736 2607 790 τούτου
2649 737 2942 807 στήσαντες
2960 737 3051 789 τὸν
3069 736 3246 805 λόγον,
3271 739 3352 799 εἰς
3372 737 3469 808 τὴν
3489 737 3617 806 ἐξῆς
3636 757 3734 790 τα-

2066 820 2420 890 μιευσώμεθα
2441 822 2508 875 τὰ
2527 821 2844 890 λειπόμενα,
2866 823 3040 874 ἐκεῖνο
3061 821 3538 892 παρακαλέσαντες
3572 824 3737 893 ὑμᾶς,

2062 907 2201 961 ὥστε
2240 906 2479 978 ζηλῶσαι
2516 907 2608 961 τόν
2647 909 3011 984 πατριάρχην,
3033 908 3128 961 καὶ
3167 908 3436 979 μηδέποτε
3455 909 3564 962 τῶν
3585 927 3738 978 πρωυ

2061 993 2216 1047 τείων
2255 993 2522 1062 ἐφίεσθαι,
2555 994 2689 1048 ἀλλά
2727 995 3006 1048 πείθεσθαι
3044 993 3122 1065 τῷ
3163 995 3418 1065 μακαρίῳ
3437 994 3633 1064 Παύλῳ
3652 995 3738 1047 λέ-

2061 1097 2240 1146 γοντι·
2271 1081 2349 1150 Τῇ
2385 1081 2524 1151 τιμῇ
2570 1081 2882 1149 ἀλλήλους
2917 1082 3350 1152 προηγούμενοι
3371 1081 3737 1153 ὑπερέχοντας

2062 1169 2409 1234 ἐαυτῶν,καὶ
2447 1164 2868 1234 σπουδάζειν’ἐν
2907 1169 3110 1223 ἀπασιν
3150 1167 3524 1222 ἐλαττοῦσθαι.
3566 1168 3738 1222 Τοῦτο

2063 1258 2170 1330 γάρ
2189 1259 2304 1311 ἐστι
2328 1258 2384 1311 τὸ
2401 1257 2468 1310 τὰ
2489 1261 2732 1329 πρωτεῖα
2753 1258 2916 1328 ἔχειν,
2940 1256 3192 1328 καθάπερ
3216 1257 3312 1309 καὶ
3329 1257 3357 1309 6
3376 1256 3607 1327 Χριστός
3630 1273 3737 1325 φη-

2062 1362 2174 1398 σιν·
2227 1345 2281 1397 '0
2320 1343 2616 1398 ταπεινῶν
2658 1344 2895 1410 ἑαυτὸν,
2938 1345 3343 1412 ὑψωθήσεται.
3369 1343 3434 1395 Τί
3454 1339 3545 1396 οὖν
3565 1342 3630 1396 ἂν
3649 1343 3736 1413 εἴη

2061 1432 2250 1486 τούτου
2291 1431 2427 1498 ἴσον,
2447 1433 2575 1486 ὅταν
2607 1431 2673 1486 δι’
2694 1428 2768 1485 ὧν
2805 1431 3011 1502 ἐτέροις
3031 1431 3137 1485 τῶν
3159 1429 3444 1503 πρωτείων
3479 1445 3738 1500 παραχωο

2064 1519 2287 1591 ροῦμεν,
2309 1520 2463 1574 αὐτοὶ
2487 1519 2731 1589 μείζονος
2749 1519 3111 1590 ἀπολαύωμεν
3131 1519 3232 1588 τῆς
3251 1516 3439 1588 τιμῆς,
3461 1519 3553 1570 καὶ
3576 1517 3643 1570 δι’
3661 1511 3737 1571 ὧν

2060 1608 2284 1679 ἐτέρους
2325 1607 2710 1680 προτιμῶμεν,
2752 1607 2980 1670 ἐαυτοὺς
3021 1607 3100 1669 είς
3139 1605 3238 1676 τὴν
3277 1606 3538 1662 ἀνωτάτω
3571 1605 3739 1676 τιμὴν

2061 1697 2390 1767 ἀνάγωμεν;
2441 1695 2610 1749 Τοῦτο
2663 1696 2842 1750 τοίνυν
2865 1736 2880 1760 ,
2920 1695 3262 1766 παρακαλῶ,
3307 1693 3697 1763 σπουδάζωμεν
3719 1734 3737 1760 ,

2061 1782 2200 1836 ὥστε
2247 1781 2527 1853 μιμεῖσθαι
2565 1781 2660 1835 τοῦ
2699 1781 3040 1853 πατριάρχου
3080 1781 3178 1852 τὴν
3210 1781 3734 1851 ταπεινοφροσύνην,

2061 1869 2154 1922 καὶ
2173 1871 2295 1921 κατ’
2315 1869 2462 1940 ίχνος
2478 1855 2665 1922 τούτου
2685 1869 2780 1922 τοῦ
2800 1869 2905 1940 πρὸ
2925 1867 3018 1921 τοῦ
3039 1868 3203 1938 νόμου
3224 1869 3323 1939 τὴν
3341 1868 3594 1937 τοιαύτην
3616 1869 3738 1920 ἐπι·

2060 1955 2375 2027 δειξαμένου
2396 1955 2714 2025 φιλοσοφίαν
2736 1958 2894 2027 ἡμεῖς
2915 1956 2963 2007 οἰ
2985 1956 3043 2008 ἐν
3060 1957 3125 2025 τῇ
3147 1955 3329 2024 χάριτι
3349 1953 3733 2025 πορευώμεθα.

2063 2041 2541 2112 Ταπεινοφροσύνη
2564 2043 2673 2111 γὰρ
2692 2042 2910 2112 ἀληθῶς
2928 2041 3066 2111 αὕτη
3090 2042 3257 2105 ἐστὶν,
3278 2042 3454 2111 ἥνπερ
3472 2041 3500 2093 6
3520 2041 3735 2109 θαυμά-

2065 2145 2179 2191 σιος
2198 2124 2351 2191 οὗτος
2387 2129 2524 2199 ἀνὴρ
2555 2127 2865 2192 ἐπεδείξατο
2885 2127 3012 2197 περί
3032 2127 3121 2180 τὸν
3143 2127 3277 2183 πολὺ
3297 2127 3462 2181 αὑτοῦ
3485 2127 3736 2198 λειπόμε-

2064 2232 2174 2276 νον,
2195 2215 2255 2267 οὑ
2295 2215 2437 2267 κατά
2474 2215 2565 2267 τδν
2597 2215 2695 2284 τῆς
2715 2215 2916 2285 ἀρετῆς
2935 2215 3094 2283 λόγον
3117 2215 3296 2285 μόνον,
3319 2215 3453 2268 ἀλλά
3473 2215 3568 2269 καὶ
3590 2216 3735 2269 κατά

2063 2299 2159 2369 τὴν
2179 2300 2392 2370 ήλικίαν
2413 2301 2506 2354 καὶ
2526 2299 2594 2353 τὰ
2615 2301 2748 2355 ἄλλα
2769 2301 2964 2354 πάντα.
2984 2301 3267 2372 Ἐννόησον
3285 2302 3394 2374 γάρ
3414 2303 3496 2355 ὅτι
3531 2303 3560 2354 6
3601 2320 3736 2373 πρε-

2065 2385 2267 2456 σϐύτης
2294 2385 2372 2456 τῷ
2391 2387 2495 2456 νέῳ
2514 2387 2896 2459 παρεχώρησε,
2921 2389 3014 2441 καὶ⁵
3032 2389 3060 2440 6
3080 2388 3222 2451 θεῖος
3239 2388 3317 2459 τῷ
3337 2388 3618 2459 ἀδελφιδῷ,
3641 2390 3737 2443 καὶ

2063 2474 2091 2526 6
2124 2472 2392 2544 τοσαύτης
2427 2473 2714 2527 ἀπολαύων
2758 2474 2909 2546 παρά
2946 2474 3039 2528 τοῦ
3073 2474 3207 2528 Θεοῦ
3241 2475 3453 2539 εὑνοίας
3470 2473 3546 2546 τῷ
3570 2475 3736 2546 μηδὲν

2068 2559 2290 2630 μηδέπω
2329 2560 2469 2630 μέγα
2505 2577 2558 2614 τι
2595 2560 3016 2634 ἐπιδειξαμένῳο
3057 2563 3152 2616 καὶ
3181 2563 3324 2635 ἅπερ
3345 2564 3508 2634 ἐχρῆν
3527 2565 3738 2617 ἐκεῖνον

2064 2647 2256 2708 εἰπεῖν,
2277 2648 2353 2710 ώς
2393 2647 2512 2701 νέον
2547 2647 2684 2720 πρὸς
2725 2649 2817 2702 τὸν
2855 2651 3169 2721 πρεσϐύτην
3205 2651 3298 2704 καὶ
3337 2650 3478 2704 θεῖον
3517 2651 3733 2716 ἐαυτοῦ,

2061 2731 2234 2787 ταῦτα
2252 2735 2280 2787 6
2300 2735 2647 2807 πατριάρχης
2665 2736 2802 2807 πρὸς
2820 2737 2910 2790 τὸν
2932 2737 3085 2809 [559]
3109 2737 3226 2791 νέον
3247 2738 3420 2805 ἔλεγε.
3445 2738 3555 2790 Καὶ
3575 2739 3736 2808 ἡμεῖς

2061 2819 2243 2872 τοίνυν
2264 2819 2338 2892 μὴ
2360 2839 2426 2874 πε
2434 2822 2487 2892 ρὶ
2504 2823 2630 2886 τοὺς
2647 2823 3091 2894 ὑπερϐεϐηκότας
3107 2825 3276 2894 ἡμᾶς,
3294 2823 3327 2894 ἥ
3343 2826 3424 2886 είς
3440 2825 3567 2887 τοὺς
3588 2825 3735 2886 ῑσους

2061 2907 2238 2976 ήμῖνα
2275 2908 2644 2977 τυγχάνοντας
2686 2908 2846 2978 μόνον
2880 2909 2950 2961 τὰ
2989 2910 3087 2978 τῆς
3127 2909 3296 2979 τιμῆς
3318 2899 3736 2978 ἐπιδειξώμεθα.

2062 2991 2234 3046 Τοῦτο
2254 2993 2360 3064 γὰρ
2379 2993 2479 3047 οὐκ
2497 2993 2562 3048 ἂν
2583 2995 2667 3066 εἴη
2689 2995 3153 3068 ταπεινοφροσύνη
3181 3013 3194 3026 ’
3216 2998 3344 3050 ὅταν
3362 2997 3471 3067 γάρ
3487 3014 3570 3060 τις
3587 2997 3648 3050 τὸ
3676 2993 3740 3062 ἐξ

2061 3078 2308 3150 ἀνάγκης
2359 3080 2704 3152 ὀφειλόμενον
2747 3085 2872 3152 ποιῇ
2897 3121 2912 3144 ,
2953 3084 3013 3136 οὑ
3053 3082 3522 3154 ταπεινοφροσύνη
3575 3082 3738 3136 τοῦτό

2062 3167 2228 3229 ἐστιν,
2269 3165 2383 3219 ἀλλ’
2403 3167 2612 3238 ὀφειλή.
2637 3167 2703 3221 Ἡ
2740 3169 2797 3221 δὲ
2834 3159 3041 3240 ἀληθής
3078 3169 3568 3242 ταπεινοφροσύνη,
3607 3170 3739 3223 ὅταν

2061 3256 2172 3317 τοῖς
2192 3254 2468 3308 ἐλάττοσιν
2487 3251 2626 3309 εἶναι
2645 3255 2862 3309 δοκοῦσι
2890 3257 3329 3328 παραχωρῶμεν,
3363 3258 3458 3310 καὶ
3492 3257 3737 3320 ἐκείνους

2063 3340 2424 3410 προτιμῶμεν
2461 3342 2586 3404 τοὺς
2627 3341 2762 3393 πολὺ
2807 3343 3261 3412 καταδεεστέρους
3287 3340 3734 3411 εἷναινομιζομέ-

2063 3426 2314 3487 νους.”Αν
2355 3425 2412 3476 δὲ
2451 3426 2732 3495 νήφωμεν,
2771 3427 2892 3479 οὑδέ
2925 3427 3178 3489 ἐλάττους
3213 3427 3374 3496 ἡμῶν
3413 3423 3550 3479 εἶναί
3586 3444 3737 3491 τινας

2062 3507 2534 3577 νομίσομεν,ἀλλά
2573 3510 2784 3574 πάντας
2825 3511 3142 3582 ἀνθρώπους
3181 3512 3530 3583 ὑπερϐαίνειν
3565 3515 3734 3583 ἡμᾶς.

2063 3592 2174 3644 Καὶ
2211 3591 2368 3646 τοῦτο
2404 3593 2568 3662 λέγω,
2593 3595 2654 3649 οὑ
2686 3598 2814 3667 περὶ
2832 3598 2990 3668 ἡμῶν
3008 3597 3116 3650 τῶν
3139 3598 3352 3669 μυρίοις
3374 3599 3738 3670 ἁμαρτήμασι

2065 3675 2534 3748 βεϐαπτισμένων,
2557 3680 2695 3734 ἀλλὰ
2721 3681 2822 3735 κάν
2846 3680 3014 3752 μυρία
3033 3681 3168 3755 τιςῇ
3191 3682 3590 3754 κατορθώματα
3609 3687 3742 3738 ἐαυ--

2061 3761 2140 3834 τῷ
2160 3765 2437 3829 συνειδὼς,
2463 3767 2536 3839 μὴ
2557 3767 2714 3822 τοῦτο
2744 3769 2801 3823 δέ
2838 3769 3102 3838 λογίζοιτο
3123 3772 3244 3824 καθ’
3266 3771 3478 3837 ἐαυτὸν,
3497 3773 3579 3825 ὅτι
3601 3773 3738 3826 πάν-

2062 3867 2173 3904 των
2192 3853 2338 3906 ἐστὶν
2357 3853 2602 3924 ἔσχατος,
2625 3856 2775 3909 οὐδὲν
2795 3856 2942 3927 αὑτῷ
2962 3857 3150 3928 ὄφελος
3171 3857 3237 3913 ἂν
3255 3858 3462 3927 γένοιτο
3480 3860 3588 3913 τῶν
3609 3878 3734 3914 τοσ-

2061 3938 2234 3993 ούτων
2256 3941 2711 4011 κατορθωμάτων.
2737 3942 2908 3997 Τοῦτο
2943 3945 3051 4016 γάρ
3090 3947 3206 4000 ἐστι
3239 3947 3730 4018 ταπεινοφροσύνη,

2062 4027 2188 4080 ὅταν
2206 4043 2292 4091 τις
2311 4027 2565 4099 ἀφορμάς
2584 4028 2722 4099 ἔχων
2753 4030 2846 4083 τοῦ
2887 4031 3231 4104 ἐπαίρεσθαι,
3253 4034 3592 4108 καταστέλλῃ
3610 4037 3738 4088 ἐαυ-

2062 4113 2152 4164 τὸν
2172 4113 2266 4167 καὶ
2284 4117 2549 4179 ταπεινοῖ,
2573 4117 2667 4169 καὶ
2689 4117 2976 4190 μετριάξῃ.
3001 4119 3133 4172 Τότε
3170 4121 3279 4191 γὰρ
3307 4123 3402 4175 καὶ
3424 4123 3503 4185 είς
3521 4123 3581 4175 τὸ
3601 4122 3735 4193 ἀλη-

2063 4199 2153 4262 θὲς
2172 4199 2306 4270 ὕψος
2321 4201 2704 4273 ἀναχθήσεται,
2726 4204 2865 4258 κατὰ
2881 4205 2979 4276 τὴν
2999 4205 3092 4259 τοῦ
3110 4205 3308 4278 Κυρίου
3326 4208 3618 4279 ὑπόσχεσιν
3632 4210 3738 4281 τὴν

2062 4285 2344 4354 λέγουσαν,
2365 4287 2447 4340 ὅτι
2477 4287 2531 4341 '0
2552 4289 2849 4344 ταπεινῶν
2867 4291 3084 4346 ἑαυτὸν
3118 4293 3520 4360 ὑψωθήσεται.
3561 4296 3731 4352 Σπου-

2060 4372 2309 4443 δάσωμεν
2345 4374 2540 4442 τοίνυν,
2565 4378 2888 4449 παρακαλῶ,
2911 4379 3113 4442 πάντες
3133 4379 3224 4433 τοῦ
3248 4378 3415 4450 ὕψους
3451 4383 3736 4452 ἐπιτυχεῖν

2060 4460 2154 4513 τοῦ
2193 4460 2280 4514 διὰ
2314 4460 2414 4532 τῆς
2452 4465 2971 4536 ταπεινοφροσύνης,
2995 4467 3081 4520 ἵνα
3119 4469 3217 4538 τῆς
3251 4469 3421 4539 αὐτῆς
3439 4468 3516 4538 τῷ
3535 4469 3734 4536 δικαίῳ

2062 4548 2274 4612 εὐνοίας
2306 4550 2700 4623 ἀπολαύσωμεν
2722 4553 2870 4624 παρά
2889 4552 2983 4607 τοῦ
3005 4556 3294 4621 Δεσπότου,
3319 4557 3537 4609 καὶτῶν
3558 4558 3730 4626 ἀπορ-

2063 4639 2242 4708 ρήτων
2263 4640 2724 4710 ἐκείνωνξάγαθῶν
2745 4640 3080 4712 ἀξιωθῶμεν,
3104 4641 3288 4712 χάριτι
3309 4643 3402 4695 καὶ
3423 4644 3726 4714 φιλανθρωο

2062 4724 2160 4796 πίᾳ
2187 4725 2281 4778 τοῦ
2312 4727 2518 4798 Κυρίου
2537 4727 2696 4797 ήμῶν
2729 4718 2901 4797 Ἰησοῦ
2923 4727 3180 4798 Χριστοῦ,
3207 4729 3326 4798 μεθ’
3347 4723 3408 4782 οὗ
3426 4729 3505 4799 τῷ
3525 4731 3725 4800 Πατρὶ,

2058 4809 2176 4882 ἅμα
2204 4811 2282 4882 τῷ
2320 4812 2458 4882 ἁγίῳ
2478 4813 2776 4882 Πνεύματι,
2796 4811 2942 4878 δόξα,
2963 4813 3184 4884 κράτος,
3206 4813 3360 4885 τιμὴ,
3387 4814 3482 4869 νῦν
3501 4817 3595 4869 καὶ
3615 4815 3724 4877 ἀεὶ,

2058 4898 2151 4950 καὶ
2171 4899 2251 4962 είς
2268 4899 2393 4963 τοὺς
2412 4899 2612 4963 αίῶνας
2629 4899 2738 4954 τῶν
2756 4898 2985 4955 αἰώνων.
3005 4901 3196 4971 Ἀμήν.

2687 5023 2783 5075 ΟΜ
2793 5022 2930 5075 [AIA
2969 5023 3090 5077 ΛΔ’.

2055 5115 2202 5200 Εἶπε
2232 5122 2314 5200 διε)⁸
2334 5124 2545 5200 Κύριος
2568 5123 2660 5200 τῷ
2675 5126 2923 5200 Α”Αδζραέι⁸
2946 5129 3096 5196 μετὰ
3125 5129 3192 5183 τὸ
3225 5129 3586 5200 χωρισθῆναι
3614 5131 3724 5184 τὸν

2125 5191 2381 5268 Λὼτ-ἀπ’
2411 5193 2627 5268 agnon?
2675 5191 3051 5268 Ἀναϐλέψας
3090 5191 3580 5268 τοῖςᾟῷθαλρἄ
3602 5215 3719 5253 σου

2124 5259 2354 5347 τεεάπδ
2373 5261 2479 5347 em?
2511 5265 2719 5347 mese.
2746 5261 2818 5320 οὗ
2853 5259 3076 5347 sxw»
3102 5269 3173 5331 et.
3189 5259 3351 5347 ’περίεις
3366 5259 3599 5347 ﬂow
3621 5269 3720 5347 κριι

2123 5331 2286 5410 λίϐα,
2307 5333 2408 5410 zeal
2441 5333 2741 5410 ἀνατολὰς
2774 5337 2879 5410 καί
2909 5331 3584 5410 δάλασσανξὸέιπᾶσαν
3608 5338 3724 5404 τὴν

2123 5400 2259 5469 γῆν,
2294 5400 2374 5467 ήν
2404 5403 2486 5456 σὺ
2523 5402 2686 5472 δρᾷς,
2718 5400 2818 5458 σοί
2848 5405 3022 5459 δώσω
3048 5400 3260 5473 αὑτήν.

2121 5510 2189 5558 α’.
2229 5506 2576 5576 Κατεμάθετε
2607 5510 2754 5580 χθὲς,
2795 5513 3087 5582 ἀγαπητοὶ,
3119 5512 3214 5565 τοῦ
3251 5514 3582 5586 πατριάρχου
3618 5515 3717 5587 τὴν

2055 5591 2489 5663 ὑπερϐάλλουσαν
2504 5601 3020 5671 ταπεινοφροσύνην,
3040 5599 3208 5653 εἴδετε
3229 5601 3526 5666 ἐπιεικείας
3547 5603 3716 5675 ὑπερ-

2125 5716 2151 5744 ⁸
2182 5717 2328 5766 Savil.
2353 5724 2400 5767 el
2424 5719 2619 5780 quidam
2642 5719 2726 5770 alii
2746 5721 2854 5777 τοὺς
2870 5723 2917 5778 ἐξ
2951 5723 3058 5782 ’ίσης
3078 5723 3206 5787 ἡμῖν.
