4070 6194
363 313 471 369 515

362 428 549 498 ϐολήν.
563 425 696 480 Οὐδὲ
707 424 814 497 γάρ
827 420 895 495 ἦν
909 424 967 477 τὸ
978 422 1138 494 τυχὸν
1153 424 1213 477 τὸ
1230 422 1322 476 τὸν
1342 419 1676 493 πρεσϐύτην,
1693 418 1782 472 τὸν
1800 418 2036 470 τοσαῦτα

364 513 780 586 εὐεργετηκότα,
796 511 889 566 τὸν
901 510 1169 582 τοσαύτης
1184 509 1525 565 ἀπολαύοντα
1544 508 1640 578 τῆς
1660 508 1870 571 εὐνοίας
1889 508 2039 579 παρὰ

361 601 456 654 τοῦ
496 599 712 654 πάντων
749 596 1331 668 Δεσπότου,τοσαύτην
1369 595 1742 661 ἐπιδείξασθαι
1782 596 1910 666 περὶ
1945 592 2037 649 τὸν

363 688 504 749 νέον,
523 687 614 740 τὸν
645 685 981 756 ἀδελφιδοῦν,
1002 685 1102 756 τὴν
1143 684 1435 755 ἰσοτιμίαν,
1457 684 1595 738 ὥστε
1634 685 1728 738 καὶ
1754 682 1863 738 τῶν
1884 701 2036 755 πρω-

360 773 522 829 τείων
559 773 710 844 αύτῷ
750 776 1169 845 παραχωρῆσαι,
1192 772 1286 826 καί
1301 772 1369 826 τά
1392 773 1646 827 ἐλάττονα
1682 768 1917 835 ἑλέσθαι,
1942 766 2037 828 καὶ

362 864 541 918 πάντα
577 861 971 929 καταδέξασθαι
1014 861 1155 932 ὑπὲρ
1192 860 1283 914 τοῦ
1322 860 1413 913 τὸν
1444 861 1679 931 πόλεμον
1701 860 2033 926 ἀναστεῖλαι,

363 950 458 1005 καὶ
477 949 575 1021 τὴν
594 950 695 1020 τῆς
715 948 1045 1019 φιλονεικίας
1066 947 1319 1002 ὑπόθεσιν
1353 946 1592 1000 ἐκποδὼν
1630 948 1875 1019 ποιῆσαι.
1897 948 2037 1002 Τοῦ.-

360 1054 453 1090 τον
494 1036 730 1101 ἅπαντες
774 1034 967 1106 ζηλοῦν
1007 1035 1423 1105 σπουδὰξωμενς·
1451 1036 1546 1088 καί⁸
1589 1035 1854 1106 μηδέποτε
1896 1038 2035 1092 κατά

361 1124 471 1179 τῶν
511 1124 736 1194 πλησίον
773 1122 1151 1193 ἐπαιρώμεθα,
1175 1123 1308 1193 μηδὲ
1332 1122 1495 1191 ⁴μέγα
1534 1122 1822 1195 φρονῶμεν
1844 1140 1859 1154 ·
1901 1125 2035 1178 ἀλλά

363 1214 564 1285 πολλὴν
594 1212 693 1282 τὴν
712 1212 1213 1283 ταπεινοφροσύνην
1234 1212 1666 1282 ἐπιδεικνύμενοι
1687 1215 2033 1285 παραχωρῶ-

367 1318 487 1371 μεν,
510 1299 604 1354 καὶ
623 1299 974 1353 ἐλαττοῦσθαι
998 1299 1197 1369 μᾶλλον
1219 1300 1535 1368 σπεύδωμεν
1554 1301 1611 1354 ἐν
1633 1302 1921 1371 πράγμασι
1941 1301 2033 1354 καί

364 1388 423 1440 ἐν
444 1388 669 1458 ῥήμασι,
681 1386 775 1439 καί
797 1387 931 1456 μήτε
948 1384 1083 1455 πρὸς
1098 1385 1222 1447 τοὺς
1238 1384 1558 1448 ἀδικοῦντας
1577 1385 2032 1457 ἀπεχθανώμεθα,

365 1472 466 1529 κᾶν
504 1472 931 1544 εὐηργετημένοι
964 1471 1168 1544 τύχωσι
1205 1474 1334 1544 παρ’
1369 1472 1524 1541 ήμῶν
1557 1472 1708 1536 ὄντες
1729 1474 1906 1543 (τοῦτο
1924 1475 2033 1548 γάρ

362 1561 558 1631 ἀρίστη
582 1558 911 1628 φιλοσοφία),
934 1561 1071 1629 μήτε
1091 1558 1225 1629 πρὸς
1244 1559 1342 1621 τὰς
1364 1557 1513 1629 [540]
1535 1557 1665 1630 ὔϐρε
1675 1577 1720 1622 ις
1739 1561 2034 1631 ἀγριαίνω-

366 1665 486 1718 μεν,
507 1648 611 1701 κᾶν
630 1646 1006 1716 ὑποδεέστεροι
1039 1641 1148 1699 εἶεν
1178 1647 1226 1699 οἰ
1251 1646 1385 1716 πρὸς
1407 1648 1553 1716 ἡμᾶς
1572 1646 2033 1718 διαπληκτιζόμε-

362 1752 466 1799 νοι,
487 1733 622 1788 ἀλλά
656 1738 720 1805 τῇ
756 1732 1026 1803 ἐπιεικείᾳ
1058 1734 1153 1786 καὶ
1184 1735 1249 1803 τῇ
1274 1733 1548 1802 πραΰτητι
1568 1734 1658 1787 τὸν
1680 1733 1848 1804 θυμὸν
1867 1753 2034 1789 κατα-

364 1826 690 1898 στέλλωμεν.
714 1825 878 1878 Οὐδὲν
897 1822 1004 1895 γάρ
1025 1823 1228 1893 ταύτης
1269 1823 1639 1894 ἰσχυρότερον,
1659 1824 1812 1877 οὐδὲν
1830 1823 2033 1895 ταύτης

361 1912 748 1983 δυνατώτερον.
773 1908 922 1978 Αὕτη
940 1909 1037 1979 τὴν
1057 1909 1329 1980 ἡμετέραν
1357 1908 1533 1978 ψυχὴν
1544 1910 1610 1962 ἐν
1630 1910 1868 1978 διηνεκεῖ
1903 1911 2034 1964 καθ-

366 2001 544 2071 ίστησι
580 2002 647 2070 τῇ
688 1998 918 2067 γαλήνῃ,
941 1996 1191 2069 καθάπερ
1229 1999 1286 2050 ἐν
1325 1997 1505 2068 λιμένι
1522 1998 1692 2068 αὐτὴν
1710 1998 2031 2069 ὁρμίζεσθαι

363 2085 874 2159 παρασκευάζουσα,
898 2084 994 2138 καὶ
1033 2084 1214 2153 πάσης
1250 2084 1607 2148 ἀναπαύσεως
1627 2085 1881 2149 ὑπόθεσις
1900 2087 2031 2157 ἡμῖν

362 2174 642 2245 γινομένη.
665 2172 763 2226 Διά
800 2171 957 2225 τοῦτο
994 2173 1086 2225 καὶ
1117 2173 1146 2224 ὁ
1183 2172 1418 2243 Χριστὸς
1438 2172 1537 2243 τὴν
1557 2172 1706 2226 θείαν
1728 2172 1944 2246 ἐκείνην
1963 2173 2034 2228 δι-

361 2261 655 2316 δασκαλίαν
719 2255 1039 2329 ποιούμενος
1090 2256 1275 2327 ἔλεγε’
1323 2257 1554 2313 Μάθετε
1596 2259 1697 2314 ἀπ’
1715 2260 1860 2329 ἐμοῦ
1882 2301 1897 2325 ,
1942 2261 2033 2317 ὅτι

362 2349 553 2417 πρᾶός
589 2350 706 2416 εἰμι
742 2346 848 2400 καὶ.
876 2344 1156 2410 ταπεινὸς
1194 2342 1269 2413 τῇ
1308 2345 1517 2413 καρδίᾳ
1540 2388 1555 2411 ,
1596 2346 1696 2401 καὶ
1746 2347 2034 2415 εὑρήσετε

362 2436 710 2492 ἀνάπαυσιν
743 2433 872 2499 ταῖς
912 2432 1140 2501 ψυχαῖς
1178 2430 1363 2502 ὑμῶν.
1406 2433 1570 2486 Οὐδὲν
1610 2433 1721 2505 γὰρ
1756 2433 1900 2488 οὕτω
1935 2435 2032 2506 τὴν

360 2523 540 2594 ψυχὴν
578 2523 638 2575 ἐν
676 2516 979 2574 ἀναπαύσει
1020 2519 1312 2590 καθίστησι
1332 2521 1426 2572 καὶ
1445 2519 1610 2592 πολλῇ
1631 2524 1697 2592 τῇ
1717 2521 1938 2594 ἠσυχίᾳ,
1958 2522 2035 2588 ώς

362 2611 606 2683 πραότης
643 2607 738 2662 καὶ
773 2604 1261 2678 ταπεινοφροσύνη.
1283 2605 1453 2660 Τοῦτο
1485 2606 1685 2673 παντὸς
1704 2609 2033 2680 διαδήματος

361 2696 681 2769 τιμιώτερον
698 2695 764 2750 ἂν
778 2695 986 2764 γένοιτο
1003 2693 1081 2764 τῷ
1098 2693 1301 2765 ταύτην
1321 2694 1659 2766 κεκτημένῳ,
1678 2695 1833 2750 τοῦτο
1854 2697 2032 2768 πάσης

361 2784 717 2857 περιφανείας
756 2785 850 2837 καὶ
869 2782 1026 2854 δόξης
1043 2780 1499 2853 λυσιτελέστερον.
1523 2782 1588 2835 Τί
1606 2783 1716 2855 γάρ
1737 2783 1803 2838 ἂν
1821 2784 2033 2853 γένοιτο

364 2870 775 2942 μακαριώτερον
805 2866 902 2922 τοῦ
933 2868 1353 2940 ἀπηλλαγμένου
1372 2866 1466 2920 τοῦ
1487 2867 1696 2923 ἔνδοθεν
1715 2872 2031 2941 τικτομένου

361 2958 598 3028 πολέμου
617 2975 633 3024 ;
657 2955 773 3009 Κᾶν
803 2955 912 3026 γὰρ
938 2955 1195 3025 μυριάκις
1214 2954 1436 3025 εἰρήνης
1456 2953 1653 3019 ἔξωθεν
1671 2956 2032 3029 ἀπολαύωμεν

361 3046 455 3100 καὶ
472 3044 790 3116 θεραπείας,
810 3043 1019 3097 ἔνδοθεν
1038 3040 1095 3095 δὲ
1115 3041 1364 3111 τίκτηται
1396 3043 1529 3112 ἡμῖν
1566 3044 1630 3096 ἐκ
1665 3044 1763 3114 τῆς
1799 3045 1909 3097 τῶν
1947 3031 2034 3100 λο-

361 3131 577 3203 γισμῶν
616 3128 862 3201 ταραχῆς
901 3127 1129 3198 θόρυϐος
1166 3127 1262 3181 καὶ
1302 3127 1437 3198 ζάλη
1462 3167 1477 3190 ,
1521 3128 1671 3182 οὐδὲν
1704 3130 1898 3199 ὄφελος
1933 3136 2031 3204 τῆς

360 3219 559 3287 ἔξωθεν
617 3219 870 3290 εἰρήνης·
927 3215 1117 3288 ὥσπερ
1186 3215 1309 3269 οὐδέ
1366 3214 1573 3280 πόλεώς
1624 3234 1675 3271 τι
1736 3218 2029 3274 ἐλεεινότε-

362 3324 455 3379 ρον
477 3319 526 3369 ι,
569 3306 674 3359 κάν
707 3303 875 3376 μυρία
911 3322 995 3368 τις
1037 3303 1192 3374 τείχη
1227 3304 1322 3358 καὶ
1341 3301 1721 3374 χαρακώματα
1740 3307 1910 3378 αὐτὴν
1931 3325 2030 3361 πε-

362 3393 611 3465 ριϐάλλῃ,
648 3394 711 3445 ἐκ
746 3391 802 3444 δὲ
840 3389 948 3444 τῶν
988 3389 1198 3445 ἔνδοθεν
1236 3389 1589 3444 ἐνοικούντων
1620 3390 1719 3462 τὴν
1742 3392 2030 3463 προδοσίαν

359 3476 626 3547 ὑπομένῃ.
660 3473 829 3527 Τοῦτο
870 3473 1072 3538 τοίνυν,
1107 3472 1428 3543 παρακαλῶ,
1466 3473 1572 3545 πρὸ
1608 3473 1824 3529 πάντων
1859 3476 2029 3529 σπου-

360 3560 633 3632 δίιζωμεν,
679 3559 951 3631 ἀτάραχον
987 3558 1131 3629 ἔχειν
1168 3558 1267 3630 τὴν
1293 3559 1492 3630 ψυχὴν,
1526 3560 1584 3611 ἐν
1616 3560 1819 3630 ἡσυχίᾳ
1861 3560 2029 3633 αὐτὴν

359 3647 702 3711 καθιστάναι,
749 3646 932 3716 πάσης
966 3647 1156 3717 ἀηδίας
1203 3645 1568 3718 ἀπηλλάχθαι,
1614 3648 1700 3700 ἶνα
1750 3649 1844 3702 καὶ
1876 3649 2029 3702 αὐτοὶ

360 3737 558 3807 πολλῆς
581 3736 1075 3803 τῆς-ἀναπαύσεως
1106 3735 1488 3806 ἀπολαύωμεν,
1523 3735 1747 3799 καὶτοῖς
1776 3753 2027 3804 συγγινο-

363 3823 542 3894 μένοις
590 3825 722 3894 ήμῖν
768 3825 1059 3895 προσηνεῖς
1095 3821 1394 3892 γινώμεθα.
1434 3821 1605 3875 Τοῦτο
1649 3822 1758 3893 γὰρ
1795 3823 2027 3893 μάλιστα

360 3909 650 3981 γνώρισμα
695 3910 985 3980 ἀνθρώπου
1027 3909 1120 3963 τοῦ
1142 3909 1284 3981 λόγῳ
1310 3908 1696 3979 τετιμημένου,
1714 3909 1774 3962 τὸ
1798 3910 2024 3981 ἥμερον,

358 3997 421 4051 τὸ
443 3997 703 4061 ἐπιεικὲς,
747 3996 809 4051 τὸ
847 3998 1043 4068 πρᾶον,
1089 3996 1149 4049 τὸ
1183 3994 1458 4059 ταπεινὸν,
1479 3995 1541 4048 τὸ
1588 3995 1831 4067 ἦσυχονν
1855 3997 1916 4049 τὸ
1953 3997 2026 4069 μὴ

360 4084 609 4155 καθάπερ
628 4084 959 4156 ἀνδράποδον
978 4082 1148 4146 οὕτως
1167 4082 1421 4136 ἕλκεσθαι
1449 4081 1544 4135 καὶ
1564 4081 1844 4154 σύρεσθαι,
1866 4083 1898 4155 ἢ
1924 4085 2028 4138 ὑπὸ

357 4172 549 4243 ὀργῆς,
586 4171 619 4242 ἢ
654 4172 759 4224 ὑπὸ
788 4171 895 4224 τῶν
929 4170 1105 4224 ἄλλων
1142 4169 1350 4233 παθῶν,
1379 4168 1515 4221 ἁλλά
1536 4168 1615 4239 τῷ
1648 4170 1894 4241 λογισμῷ
1931 4190 2025 4225 πε⁹

362 4257 663 4327 ριγίνεσθαι
691 4257 800 4309 τῶν
846 4255 1056 4309 ἔνδοθεν
1102 4255 1508 4325 σκιρτημάτων,
1552 4256 1649 4308 καὶ
1692 4256 1790 4325 τὴν
1821 4257 2026 4311 οἰκείαν

358 4342 646 4417 διασώζειν
672 4342 970 4408 εὐγένειαν,
995 4342 1088 4393 καὶ
1125 4339 1198 4411 μὴ
1222 4340 1311 4394 διὰ
1351 4338 1621 4411 ῥᾳθυμίας
1652 4341 1680 4381 ι)
1700 4343 1781 4405 εἰς
1798 4344 1898 4414 τὴν
1916 4345 2025 4398 τῶν

362 4429 572 4496 ἀλόγων
620 4428 905 4481 ἐκπίπτειν
947 4427 1262 4498 θηριωδίαν.
1301 4427 1410 4480 Καὶ
1457 4427 1543 4480 ἴνα
1587 4428 1763 4502 μάθῃς
1789 4430 1888 4502 ὃση
1926 4434 2024 4503 τῆς

360 4516 671 4586 πραΰτητος
700 4514 793 4567 καὶ
832 4514 930 4583 τῆς
957 4513 1253 4578 ἐπιεικείας
1287 4516 1320 4586 ἡ
1363 4515 1531 4585 ἰσχὺς,
1553 4518 1646 4570 καὶ
1689 4518 1765 4581 ώς
1795 4520 2025 4591 ήρκεσεν

358 4603 499 4673 αῦτη
522 4603 655 4673 μόνη
678 4604 709 4673 ή
741 4602 909 4673 ἀρετὴ
928 4603 1019 4657 τὸν
1057 4601 1225 4674 αὐτὴν
1256 4605 1394 4674 μετὰ
1412 4604 1695 4675 ἀκριϐείας
1733 4609 2023 4680 κατωρθω-

358 4691 492 4745 κότα
530 4688 638 4743 τῶν
680 4691 1006 4761 ἀπορρήτων
1053 4690 1274 4743 ἐκείνων
1304 4691 1540 4744 ἐπαίνων
1577 4693 1829 4759 ἀξιῶσαι,
1860 4695 2024 4751 ἄκουε

357 4777 451 4831 τοῦ
475 4776 749 4849 μακαρίου
777 4776 1055 4840 Μωῦσέως
1073 4777 1172 4848 τὴν
1189 4777 1521 4849 ἀνακήρυξιν
1540 4779 1785 4834 ἐντεῦθεν
1805 4783 2025 4851 γινομέ-

356 4883 475 4936 νην,
498 4866 594 4920 καὶ
613 4864 874 4933 στέφανον
893 4863 1040 4933 αύτῷ
1071 4865 1140 4916 ἐκ
1155 4862 1358 4935 ταύτης
1378 4860 1518 4919 οῦτω
1540 4866 1890 4938 πλεκόμενον.
1915 4869 2023 4923 Καὶ

356 4950 617 5018 Μωῦσῆς
636 4946 735 5019 ἦν,
762 4950 915 5018 φησὶ,
939 4949 1268 5016 πραότατος
1289 4950 1530 5005 πάντων
1549 4951 1878 5020 ἀνθρώπων
1905 4953 2026 5008 τῶν

355 5039 453 5093 ἐπὶ
475 5038 584 5106 τῆς
621 5036 753 5107 γῆς.
788 5032 941 5101 Εἶδες
978 5037 1255 5107 ἐγκωμίου
1294 5036 1545 5108 μέγεθος,
1582 5039 1611 5091 ὃ
1638 5040 1819 5110 πάσης
1859 5041 2023 5095 αὐτὸν

352 5127 454 5197 τῆς
482 5124 829 5196 ἀνθρωπίνης
865 5122 1078 5192 φύσεως
1118 5121 1418 5176 ἰσοστάσιον
1451 5124 1718 5194 ἀπέφηνε,
1745 5124 1944 5194 μᾶλλον
1968 5126 2022 5179 δὲ

355 5215 556 5277 παντὸς
575 5212 668 5265 τοῦ
688 5212 794 5265 τῶν
815 5209 1119 5281 ἀνθρώπων
1148 5209 1339 5277 γένους
1370 5211 1694 5281 προέκρινε;
1730 5213 1839 5265 Kal
1863 5212 2022 5264 πάλιν

355 5303 484 5373 περὶ
508 5298 602 5354 τοῦ
622 5300 783 5353 Δαυῒδ
815 5315 978 5369 φησιν
1006 5299 1039 5369 ἡ
1075 5298 1283 5368 Γραφή·
1325 5297 1656 5363 Μνήσθητι,
1697 5299 1893 5365 Κύριε,
1917 5301 2021 5355 τοῦ

355 5387 556 5451 Δαυῖδ,
603 5385 700 5439 καί
751 5384 959 5453 πάσης
988 5381 1095 5449 τῆς
1134 5382 1466 5450 πραότητος
1493 5383 1699 5436 αὐτοῦ.
1745 5384 2021 5440 Ἐντεῦθεν

355 5474 450 5527 καὶ⁸
492 5475 521 5526 ό
564 5471 909 5544 πατριάρχης
949 5468 1127 5539 πολλῷ
1172 5469 1392 5522 πλείονα
1427 5469 1523 5540 τὴν
1563 5470 1767 5525 ἀνωθεν
1807 5470 2020 5527 εῦνοιαν

354 5562 725 5625 ἐπεσπάσατο,
763 5561 859 5612 καὶ
885 5557 954 5612 τὰ
992 5556 1123 5629 παρ’
1152 5554 1345 5609 ἐαυτοῦ
1386 5556 1729 5625 εἰσενεγκὼν,
1770 5560 1878 5613 τῶν
1901 5578 2019 5631 μει-

354 5645 523 5709 ζόνων
557 5645 765 5714 ἠξιώθη
802 5644 954 5715 παρά
984 5642 1079 5695 τοῦ
1122 5642 1502 5714 φιλανθρώπου
1535 5644 1689 5698 Θεοῦ.
1723 5647 1832 5700 Kal
1861 5647 2020 5702 τοῦτο

353 5730 586 5800 εἰσεσθε,
623 5730 842 5784 ἐπειδάν
871 5732 953 5793 εἰς
987 5729 1151 5800 μέσον
1181 5729 1470 5801 προθῶμεν
1504 5732 1631 5803 ὑμῖν
1663 5733 1733 5787 τὰ
1752 5735 2016 5790 ἀκόλουθα

417 5931 445 5961 ⁸
464 5926 565 5983 Alii
589 5927 894 5993 ἐλεεινότερον
923 5930 1122 5995 γένοιτο.
1188 5932 1216 5975 b
1242 5933 1445 5999 Septem
1467 5947 1580 5987 mss.
1608 5933 1685 5985 διὰ
1710 5934 1951 6005 ρᾳθυμίαν.

1203 305 1259 361 S.
1298 302 1585 360 ιοΑΝΝιε
1620 289 2028 358 CHRYSOSTO

2144 298 2459 356 ARCHIEP‘
2502 301 3044 362 CONSTANTINOP.

3614 278 3619 282 ’
3706 305 3814 370 3n

2139 418 2248 472 τῶν
2297 418 2423 489 χθὲς
2480 421 2818 492 εἰρημένων,
2869 422 2963 475 καὶ
3014 422 3083 475 τά
3134 423 3349 495 πρῶτον
3395 427 3818 497 ἀναγνωσθέντα

2136 503 2533 574 ἀναπτύξωμεν
2566 504 2659 557 ἐπὶ
2696 506 2794 574 τῆς
2841 505 3112 576 ὑμετέρας
3145 509 3386 579 ἀγάπης.
3440 509 3657 581 Ἐπειδὴ
3703 512 3816 583 γὰρ

2138 591 2338 662 πολλὴν
2391 592 2798 662 ἐπιδειξάμενος
2838 593 2935 664 τὴν
2981 595 3283 649 ἐπιείκειαν
3332 598 3700 670 παρεχώρησε
3730 588 3819 670 τῷ

2136 670 2262 734 Λὼτ
2290 679 2398 735 τῶν
2428 682 2728 752 πρωτείων,
2756 685 2849 737 καὶ
2878 683 2979 752 τῆς
3009 684 3239 753 ἐκλογῆς
3267 685 3415 757 αὐτῷ
3439 686 3536 757 τὴν
3558 687 3817 754 ἐξουσίαν

2134 766 2403 832 δεδωκὼς,
2440 769 2610 822 εἵλετο
2644 769 2941 841 προθύμως
2985 770 3082 844 τὴν
3122 762 3381 826 ἐλάττονα
3422 774 3613 843 μερίδα
3663 774 3818 844 ὑπὲρ

2135 855 2229 908 τοῦ
2287 857 2466 909 πᾶσαν
2520 845 2761 909 ἐκποδὼν
2813 856 3064 924 γενέσθαι
3103 856 3459 925 φιλονεικίαν·
3515 860 3617 924 ὅρα
3648 859 3813 933 [541]

2134 944 2265 1013 ὅσης
2315 945 2574 999 ἀπολαύει
2627 945 2965 1016 παραχρῆμα
3006 946 3152 1017 παρά
3199 945 3295 1000 τοῦ
3329 946 3462 1000 Θεοῦ
3508 948 3605 1018 τῆς
3644 950 3818 1018 ἀμοι-

2136 1032 2259 1101 ϐῆς,
2290 1031 2385 1086 καὶ
2414 1034 2561 1098 ὅπως
2601 1035 2665 1086 ἐκ
2692 1033 2891 1103 πολλῆς
2914 1033 3011 1103 τῆς
3044 1034 3359 1104 περιουσίας
3392 1034 3635 1104 μείζονος
3660 1028 3818 1102 ἀξιοῖ

2131 1118 2231 1188 τῆς
2266 1116 2585 1182 ἀντιδόσεως
2613 1119 2703 1172 τὸν
2729 1119 3091 1190 πατριάρχην.
3133 1118 3389 1182 Τοιοῦτος
3415 1119 3523 1191 γάρ
3542 1120 3571 1173 0
3596 1122 3815 1175 Δεσπό-

2131 1222 2231 1275 της
2260 1207 2289 1259 ό
2339 1205 2627 1277 ἡμέτερος·
2674 1204 2889 1259 ἐπειδὰν
2920 1205 3003 1279 ἴδῃ
3061 1208 3255 1275 μικρόν
3290 1224 3342 1259 τι
3393 1208 3815 1275 εἰσενεγκόντας

2133 1291 2301 1363 ἡμᾶς,
2330 1286 2571 1360 δαψιλεῖς
2601 1293 2732 1363 ἡμῖν
2765 1284 2988 1367 παρέχει
3019 1294 3116 1356 τὰς
3158 1294 3290 1363 παρ’
3316 1293 3508 1347 ἐαυτοῦ
3540 1294 3807 1364 ἀμοιϐὰς,

2133 1368 2227 1431 καί
2246 1374 2512 1449 τοσαύτην
2534 1378 2897 1433 ἐπιδείκνυται
2922 1378 3020 1450 τὴν
3054 1379 3383 1450 φιλοτιμίαν,
3418 1381 3493 1444 ὡς
3526 1380 3711 1452 πολλῷ
3728 1382 3813 1453 τῷ

2137 1463 2321 1536 μέτρῳ
2345 1466 2765 1536 ὑπερακοντίσαι
2798 1465 2865 1518 τά
2895 1468 3020 1537 παρ’
3048 1467 3202 1536 ἡμῶν
3236 1468 3513 1535 γεγονότα.

2206 1555 2270 1625 β’.
2294 1554 2402 1608 Kal
2421 1548 2580 1609 τοῦτο
2610 1554 2694 1624 ἐφ’
2721 1556 2936 1626 ἑκάστῳ
2964 1557 3070 1608 τῶν
3101 1555 3229 1629 παρ’
3257 1557 3414 1627 ήμῶν
3451 1552 3814 1629 ἐπιτελουμέ-

2133 1659 2246 1707 νων
2267 1642 2489 1713 εὑρήσει
2511 1661 2594 1708 τις
2617 1644 2745 1716 παρ’
2773 1644 2937 1698 αὑτοῦ
2968 1645 3266 1714 γινόμενον.
3296 1645 3361 1698 Τί
3386 1645 3515 1717 γὰρ,
3545 1648 3667 1699 εἰπέ
3688 1664 3809 1716 μοι,

2132 1732 2224 1785 δύο
2253 1732 2453 1785 ὀϐολῶν
2484 1731 2551 1786 ἂν
2607 1733 2815 1801 γένοιτο
2869 1733 3272 1801 εύτελέστερονς
3326 1734 3464 1787 Ἀλλ’
3507 1737 3655 1804 ὅμως
3708 1736 3812 1806 τὴν

2133 1820 2308 1889 χήραν
2333 1820 2566 1891 ἐκείνην,
2598 1812 2708 1890 τὴν
2744 1823 2869 1884 τοὺς
2906 1821 2997 1874 δύο
3032 1822 3249 1884 ὀϐολοὺς
3273 1822 3710 1883 καταϐαλοῦσαν,
3749 1822 3813 1888 ἐξ

2133 1902 2339 1961 ἐκείνου
2367 1907 2526 1979 μέχρι
2572 1907 2663 1961 τοῦ
2694 1909 2959 1981 παρόντος
3008 1909 3085 1971 εἰς
3116 1911 3293 1961 πᾶσαν
3343 1908 3440 1979 τὴν
3472 1911 3811 1979 οἰκουμένην

2133 1992 2601 2065 ἀνακηρύττεσθαι
2654 1994 2939 2065 πεποίηκε.
2976 1995 3084 2048 Kal
3132 1993 3184 2047 τί
3230 1995 3373 2064 λέγω
3406 1994 3498 2049 δύο
3538 1995 3807 2063 όϐολούςς

2132 2079 2252 2134 Κᾶν
2282 2082 2537 2152 ποτήριον
2566 2080 2775 2153 ψυχροῦ
2800 2099 2883 2145 τις
2917 2078 3012 2152 δῷ,
3042 2082 3134 2136 καὶ
3160 2083 3300 2154 ὑπὲρ
3326 2083 3517 2137 τούτου
3554 2084 3810 2154 μεγάλας

2132 2169 2302 2241 ὁρίζει
2327 2169 2426 2233 τάς
2458 2169 2710 2240 ἀμοιϐὰς,
2745 2169 2854 2223 ἀπὸ
2885 2170 2982 2241 τῆς
3006 2169 3229 2240 γνώμης
3261 2170 3347 2223 ἀεὶ
3365 2173 3644 2248 στεφανῶν
3673 2174 3809 2237 τοὺς

2133 2256 2230 2325 τὴν
2258 2256 2459 2327 ἀρετὴν
2508 2255 2928 2328 κατορθοῦντας.
2970 2256 3080 2311 Καὶ
3129 2254 3223 2311 ἐπί⁷
3254 2258 3353 2327 τῆς
3382 2248 3714 2331 προσεδρίας
3747 2256 3806 2313 δὲ

2131 2344 2239 2397 τῶν
2269 2344 2441 2413 εὐχῶν
2469 2342 2625 2397 τοῦτο
2656 2344 2755 2397 ἴδοι
2777 2361 2859 2408 τις
2896 2344 2962 2398 ἂν
2995 2346 3123 2415 παρ’
3149 2342 3313 2398 αὑτοῦ
3349 2342 3652 2416 γινόμενον.
3671 2345 3805 2401 Ἐάν

2130 2431 2239 2503 γὰρ
2274 2431 2358 2502 ἰδῃ
2421 2431 2560 2501 μετά
2589 2429 2916 2502 θερμότητός
2952 2448 3073 2485 τινα
3108 2428 3419 2501 προσιόντα,
3448 2433 3653 2498 εὐθέως
3683 2430 3806 2506 ἐρεῖ

2131 2521 2267 2591 πρὸς
2318 2520 2497 2573 αὐτόν’
2528 2521 2649 2572 Ἔτι
2676 2519 3014 2586 λαλοῦντός
3041 2535 3158 2574 σου
3186 2519 3315 2575 ἰδοὺ
3356 2522 3613 2593 πάρειμι.
3653 2526 3722 2579 Εἰ
3744 2528 3804 2580 δὲ

2132 2607 2350 2661 πλείονα
2382 2606 2480 2678 τὴν
2525 2607 2851 2678 προσεδρίαν
2900 2607 3250 2672 ἐπιδείξηται,
3297 2610 3391 2662 καὶ
3433 2611 3571 2681 μετά
3599 2613 3800 2667 πολλοῦ

2129 2696 2223 2750 τοῦ
2256 2695 2422 2750 πόθου
2447 2696 2541 2750 καὶ
2573 2694 2803 2765 ζεούοης
2842 2695 2938 2765 τῆς
2967 2695 3273 2766 προθυμίας
3298 2698 3365 2751 τά
3394 2692 3492 2769 τῆς
3525 2700 3803 2771 αἰτήσεως

2131 2782 2514 2853 φιλοτιμεῖται,
2562 2782 2656 2835 καλ⁵
2703 2779 2809 2851 πρὸ
2855 2781 2954 2852 τῆς
3002 2782 3267 2853 αἰτήσεως
3308 2781 3674 2856 ἀνακηρύττει
3703 2792 3803 2843 καὶ

2132 2872 2405 2940 στεφανοῐο
2459 2870 2598 2939 ὅπερ
2649 2868 2745 2921 καὶ
2799 2868 2893 2922 ἐπὶ
2954 2867 3052 2938 τῆς
3109 2870 3419 2934 Χαναναίας
3470 2872 3801 2943 πεποίηκεν.

2143 2958 2358 3028 Ἐπειδὴ
2408 2955 2517 3028 γάρ
2550 2952 2688 3011 εἶδεν
2721 2956 2888 3026 αὐτῆς
2925 2954 3016 3010 τὸν
3044 2955 3194 3008 τόνον
3223 2958 3318 3010 καλ⁸
3339 2957 3438 3027 τὴν
3464 2958 3667 3030 πολλὴν
3718 2963 3804 3014 ιν-

2131 3060 2339 3107 στασιν,
2379 3045 2641 3115 πρότερον
2693 3041 3039 3113 ἀνακηρύξας
3074 3043 3170 3096 καὶ
3209 3044 3577 3114 στεφανώσας,
3606 3045 3685 3111 ώς
3725 3049 3803 3102 εἰ-

2130 3133 2251 3185 πεῖν
2280 3130 2369 3184 διὰ
2399 3130 2507 3207 τῶν
2537 3130 2849 3200 ἐγκωμίων,
2891 3131 2984 3183 καὶ
3025 3130 3173 3203 πάγῃ
3203 3134 3267 3203 τῇ
3303 3133 3599 3206 οἰκουμένῃ
3623 3138 3801 3191 κατά-

2128 3219 2284 3290 δηλον
2312 3217 2480 3289 αὐτὴν
2514 3219 2766 3287 ποιήσας,
2788 3217 2909 3271 τότε
2938 3219 3031 3271 καὶ
3053 3218 3121 3271 τὰ
3147 3218 3246 3288 τῆς
3274 3220 3540 3289 αἰτήσεως
3567 3223 3803 3289 ἐφιλοτι.

2132 3309 2342 3379 μήσατο
2368 3304 2505 3377 μετὰ
2530 3304 2726 3374 πολλῆς
2750 3303 2849 3374 τῆς
2876 3304 3173 3374 δαψιλείας.
3212 3304 3394 3359 Εἰπὼν
3430 3305 3561 3377 γάρ,
3586 3304 3655 3361 Ὦ
3687 3311 3800 3379 τύ-

2128 3412 2247 3458 ναι,
2284 3392 2516 3462 μεγάλη
2560 3407 2686 3445 σου
2707 3393 2743 3457 ἠ
2770 3392 2994 3456 πίστις,
3022 3391 3142 3444 τότε
3172 3392 3436 3461 ἐπήγαγε,
3472 3395 3800 3462 Γενηθήτω

2129 3499 2227 3537 σοι
2254 3483 2334 3547 ὡς
2365 3479 2579 3546 θέλεις.
2619 3480 2729 3533 Καὶ
2757 3482 2803 3532 εἰ
2845 3478 3165 3548 βουλοίμεθα
3195 3479 3423 3533 ἕκαστον
3449 3480 3556 3534 τῶν
3585 3484 3643 3535 ἐν
3672 3482 3799 3549 ταῖς

2129 3570 2302 3634 θείαις
2324 3570 2563 3641 Γραφαῖς
2591 3566 2853 3633 ἐκλέγειν,
2894 3564 3169 3636 πανταχοῦ
3200 3565 3400 3637 πολλὴν
3429 3566 3670 3638 ὀψόμεθα
3695 3569 3797 3641 τὴν

2129 3658 2435 3728 φιλοτιμίαν
2472 3654 2565 3709 τοῦ
2589 3654 2878 3708 Δεσπότου.
2908 3654 3080 3723 Ὅπερ
3115 3652 3357 3724 ἀκριϐῶς
3397 3656 3425 3707 0
3450 3656 3798 3729 πατριάρχης

2127 3746 2507 3815 ἐπιστάμενος,
2537 3744 2631 3796 καὶ
2664 3740 2816 3803 εἰδὼς
2836 3741 2918 3794 δτι
2949 3741 2978 3792 0
3006 3739 3112 3793 τῶν
3140 3741 3435 3794 ἐλαττόνων
3458 3746 3799 3815 παραχωρή-

2130 3850 2228 3896 σας
2284 3831 2545 3902 μειζόνων
2609 3827 2968 3892 ἐπιτεύξεται,
3026 3827 3276 3897 καθάπερ
3326 3827 3453 3897 χθὲς
3488 3829 3798 3899 σηκούς-ατε,

2132 3917 2491 3990 παρεχώρησε
2513 3916 2591 3987 τῷ
2638 3915 2782 3981 Λὼτ,
2804 3915 2899 3968 καὶ
2929 3914 3103 3967 εἵλετο
3145 3913 3241 3984 τὴν
3273 3913 3655 3984 εὐτελεστέραν
3681 3917 3796 3986 χὼ-

2088 4012 2101 4020 ·
2131 4021 2250 4074 ραν,
2274 4003 2360 4057 ἵνα
2392 4002 2487 4056 καὶ
2504 4002 2602 4071 τῆς
2632 3999 2964 4069 φιλονεικίας
2990 3999 3088 4063 τὰς
3125 4000 3378 4071 ἀφορμάς
3411 4000 3665 4073 περιέλῃ,
3700 4004 3801 4056 καὶ

2060 4142 2071 4154 .
2128 4098 2224 4171 τὴν
2256 4098 2459 4152 οἰκείαν
2491 4098 2689 4168 ἀρετὴν
2713 4095 3063 4166 ἐπιδείξηται,
3099 4097 3193 4149 καὶ
3213 4096 3271 4148 ἐν
3297 4097 3487 4168 εἰρήνῃ
3505 4100 3802 4168 καταστή-

2132 4214 2199 4269 σῃ
2231 4197 2329 4267 τὴν
2366 4195 2542 4249 οἰκίαν
2574 4192 2808 4248 ἃπασαν.
2847 4192 2985 4245 Ἀλλ’
3020 4193 3218 4262 ἴδωμεν
3245 4194 3310 4245 ἐκ
3331 4192 3439 4245 τῶν
3465 4193 3802 4263 προσφάτως

2129 4291 2570 4362 ἀνεγνωσμένων,
2617 4289 2769 4353 τίνας
2814 4288 3077 4359 λαμϐάνει
3117 4287 3216 4351 τὰς
3234 4287 3467 4359 ἀμοιϐὰς
3509 4288 3659 4359 παρά
3696 4290 3799 4343 τοῦ

2128 4390 2396 4443 Δεσπότου
2436 4388 2576 4458 ύπέρ
2601 4387 2698 4456 τῆς
2722 4383 2988 4453 τοσαύτης
3024 4382 3340 4447 ἐπιεικείας.
3365 4384 3469 4437 Καὶ
3496 4379 3649 4446 εἷπε,
3684 4400 3795 4455 φη-

2130 4486 2234 4548 σίν,
2277 4488 2309 4539 ό
2343 4484 2486 4548 Θεὸς
2530 4480 2610 4546 τῷ
2641 4483 2867 4549 Ἀὄραμ
2914 4478 3063 4548 μετὰ
3084 4478 3150 4531 τὸ
3198 4477 3660 4547 δωχωρισθῆναι
3686 4480 3804 4532 τὸν

2128 4582 2259 4637 Λὼτ
2274 4582 2375 4635 ἀπ’
2395 4578 2601 4633 αὐτοῦ’
2643 4575 3005 4643 Ἀναϐλέψας
3028 4573 3151 4641 τοῖς
3183 4574 3511 4644 ὀφθαλμοῖς
3539 4590 3679 4639 σου,
3705 4577 3802 4629 Τδε

2126 4677 2243 4731 ἀπὸ
2262 4674 2366 4729 τοῦ
2393 4675 2599 4736 τόπου,
2627 4666 2700 4727 οὗ
2722 4671 2839 4725 νῦν
2858 4670 2938 4724 σὺ
2976 4665 3048 4735 εἴ,
3077 4669 3226 4737 πρός
3242 4668 3476 4738 ,ϐοῤῥᾶν
3502 4668 3598 4722 καί
3629 4669 3796 4730 116a.

2126 4772 2224 4826 καί
2259 4768 2561 4833 ἀνατολὰς
2604 4766 2702 4819 καὶ
2753 4765 3091 4819 θάλασσαν·
3127 4765 3216 4818 ὅτι
3269 4762 3475 4818 πᾶσαν
3516 4762 3633 4831 τὴν
3653 4763 3798 4833 γῆν,

2125 4867 2207 4936 ἣν
2237 4866 2317 4921 σὺ
2348 4862 2514 4933 ὁρᾷς,
2539 4862 2637 4916 σοί
2660 4861 2830 4915 δώσω
2859 4859 3073 4927 αὐτὴν,
3106 4858 3204 4913 καί
3240 4856 3322 4924 τῷ
3352 4855 3648 4927 σπέρματί
3674 4873 3799 4913 σου

2123 4966 2232 5029 ἕως
2255 4963 2362 5018 τοῦ
2409 4960 2643 5027 αἰῶνος.
2678 4961 2818 5031 Ὅρα
2849 4959 2911 5012 τὸ
2926 4958 3089 5028 τάχος
3112 4956 3212 5027 τῆς
3249 4955 3344 5009 τοῦ
3372 4955 3507 5009 Θεοῦ
3536 4956 3799 5027 προνοίας

2122 5061 2215 5113 καὶ
2245 5058 2343 5128 τῆς
2374 5055 2629 5127 ἀμοιϐῆς,
2660 5048 2728 5125 ἦς
2762 5052 2889 5121 περί
2905 5051 2994 5103 τὸν
3018 5050 3224 5104 δίκαιον
3255 5049 3643 5103 ἐπιδείκνυται.
3668 5048 3804 5101 Βου-

2120 5156 2322 5226 λομένη
2364 5151 2474 5222 γὰρ
2496 5151 2644 5223 ἡμᾶς
2673 5148 2930 5217 διδάξαιή
2956 5145 3074 5199 θεία
3105 5144 3319 5216 Γραφὴ,
3355 5145 3488 5215 ὅσης
3517 5144 3800 5217 ἀποδρχῆς

2120 5248 2325 5321 ἠξιώθη
2360 5247 2513 5319 παρά
2539 5244 2632 5299 τοῦ
2683 5240 3064 5313 φιλανθρώπου
3086 5240 3220 5294 Θεοῦ
3271 5242 3300 5294 ό
3330 5240 3675 5311 πατριάρχης
3702 5242 3801 5295 ἐπὶ

2121 5348 2186 5416 τῇ
2212 5342 2449 5413 τοσαύτῃ
2486 5336 2980 5409 ταπεινοφροσύνῃ,
3018 5333 3248 5388 εἰποῦσα
3276 5334 3359 5387 ὅτι
3402 5332 3729 5404 διεχωρίσθη
3766 5334 3799 5384 0

2125 5441 2264 5504 Λὼτ,
2300 5440 2395 5495 καὶ
2448 5435 2688 5504 ἀπῆλθεν
2730 5434 2810 5496 εἰς
2864 5431 2963 5502 τὴν
3004 5430 3129 5501 γῆν,
3174 5428 3453 5513 ῆνῗεῖλετο
3484 5427 3571 5513 ,ὡς
3618 5427 3804 5481 καλλι·

2123 5541 2439 5602 στεύουσαν,
2480 5533 2682 5595 εὐθέως
2711 5530 2981 5601 ἐπήγαγεο
3022 5527 3127 5581 Kal
3169 5512 3299 5580 εἴτε
3335 5512 3553 5593 Κύριος
3581 5528 3616 5579 ό
3647 5525 3803 5603 Θεὸς

2123 5635 2203 5703 τῷ
2223 5636 2470 5702 Ἀϐράμ.
2500 5625 2633 5685 Εἶτα
2653 5629 2739 5681 ἴνα
2788 5626 3046 5697 μάθωμεν
3067 5622 3204 5695 μετά
3236 5622 3522 5694 ἀκριϐείας
3542 5624 3622 5674 δτι
3651 5614 3803 5692 ὑπὲρ

2124 5732 2231 5786 τῶν
2265 5732 2343 5793 εἰς
2379 5728 2468 5781 τὸν
2492 5724 2613 5779 Λὼτ
2638 5723 3019 5792 γεγενημένων
3050 5717 3409 5788 ἀμειϐόμενος
3438 5715 3590 5788 [342]
3630 5715 3805 5768 αὐτὸν

2122 5826 2298 5881 ταῦτά
2328 5841 2481 5894 φησι,
2512 5819 2836 5891 προσέθηκε·
2874 5815 2981 5868 Καὶ
3013 5810 3183 5866 εἶπεν
3210 5816 3241 5866 ὁ
3274 5812 3420 5876 Θεὸς
3461 5809 3539 5875 τῷ
3576 5810 3804 5877 Ἅόρημ

2118 5920 2268 5995 μετὰ
2296 5919 2361 5973 τὸ
2387 5912 2847 5987 διαχωρισθῆνίιι
2874 5910 2980 5964 τὸν
2998 5908 3128 5964 Λὼτ
3152 5907 3254 5963 ἀπ’
3280 5906 3486 5962 αῦτοῖν
3507 5906 3803 5977 μονονουῄ
