4070 6194
330 316 434 372 315

329 440 601 490 ιηιιίιειιιιιη
625 478 640 502 ,
668 438 871 493 vidistis
922 438 1189 492 lenitatem
1233 439 1519 509 egregiam.
1550 437 1732 506 Neque
1769 439 1909 493 enim

329 537 440 580 erat
472 543 558 581 res
584 528 831 598 vulgaris,
862 529 1002 599 quod
1032 545 1226 595 senex,
1263 530 1351 599 qui
1382 539 1455 583 tot
1488 530 1742 584 beneficia
1777 545 1906 585 con-

335 619 547 683 tulerat,
576 635 732 689 quem
776 631 916 674 tanta
965 622 1330 677 benevolentia
1376 623 1631 677 Dominus
1671 624 1908 678 omnium

328 709 765 778 prosequebatur,
799 712 913 780 pari
958 711 1159 766 honore
1188 712 1496 782 dignaretur
1532 713 1782 781 juvenem
1806 754 1831 781 ,
1856 724 1908 769 et

326 798 507 852 fratris
548 799 746 859 lilium.
775 809 829 854 et
860 802 1085 870 primatu
1137 801 1211 855 illi
1263 802 1513 865 cederet,
1555 802 1907 873 inferioratu

238 941 245 947 _
326 888 439 956 ipse
463 887 736 958 deligeret,
768 889 1004 960 nihilque
1030 906 1136 945 non
1165 892 1362 946 faceret
1389 908 1492 962 quo
1516 892 1710 947 bellum
1739 893 1905 962 impe-

323 978 485 1043 diret,
537 990 591 1032 et
646 981 1006 1034 contentionis
1049 982 1327 1037 materiam
1371 996 1401 1036 e
1444 982 1621 1038 medio
1670 972 1906 1040 tolleret.

323 1068 473 1123 Hunc
514 1084 702 1124 omnes
742 1072 936 1129 imitari
978 1067 1308 1140 Studeamus,
1331 1083 1385 1129 et
1430 1091 1713 1144 numquam
1740 1091 1903 1146 super

323 1159 620 1225 proximum
671 1162 992 1218 extollantur
1011 1204 1026 1231 ,
1057 1181 1342 1234 numquam
1368 1164 1434 1220 de
1464 1166 1614 1220 nobis
1657 1166 1899 1221 sublimia

318 1251 646 1307 sentiamus:
677 1253 770 1308 sed
796 1254 1053 1309 modestia
1084 1256 1353 1325 conspicui
1384 1256 1633 1310 cedamus
1662 1257 1780 1309 aliis
1804 1298 1817 1315 .
1847 1264 1901 1310 et

321 1338 607 1397 inferiores
639 1342 820 1399 haberi
850 1360 1127 1411 conemur,
1158 1356 1263 1400 tam
1297 1347 1470 1401 verbis
1514 1362 1671 1416 quam
1716 1348 1897 1415 operi—

315 1427 446 1495 bus,
480 1446 577 1485 nec
604 1448 851 1502 umquam
880 1436 957 1489 eis
985 1437 1073 1504 qui
1113 1438 1267 1490 nobis
1308 1437 1549 1504 iniuriam
1584 1437 1897 1504 intulerunt,

313 1519 696 1590 adversentur,
739 1526 948 1580 etiamsi
1005 1528 1185 1581 multis
1238 1528 1432 1582 nostris
1470 1528 1642 1581 alfecti
1700 1530 1895 1583 fuerint

312 1610 588 1665 beneficiis
622 1631 635 1667 :
668 1615 781 1669 hmc
807 1618 950 1669 enim
978 1619 1175 1685 optima
1206 1627 1287 1671 est
1321 1616 1654 1687 philosophia
1681 1635 1694 1671 :
1723 1635 1892 1688 neque

310 1704 630 1756 contumelia
661 1704 835 1759 affecti
876 1705 1081 1761 feroces
1124 1709 1326 1771 simus,
1358 1720 1565 1763 ettamsr
1608 1709 1890 1765 inferiores

308 1792 463 1844 nobis
490 1795 595 1847 sint
626 1795 660 1848 ii
690 1796 778 1864 qui
810 1797 1087 1851 nobiscum
1121 1798 1448 1851 contendunt
1475 1814 1487 1849 :
1517 1797 1610 1852 sed
1640 1814 1889 1853 mansue-

307 1880 487 1936 tudine
526 1892 579 1935 et
623 1883 838 1940 lenitate
888 1887 1214 1941 iracundiam
1262 1889 1695 1958 comprimamus.
1743 1889 1885 1945 Nihil

305 1972 446 2023 enim
495 1973 582 2026 illa
614 1977 915 2042 potentius,
949 1978 1079 2030 nihil
1125 1979 1213 2031 illa
1273 1980 1480 2033 fortius.
1512 1979 1600 2032 Illa
1653 1982 1882 2036 animam

306 2068 545 2114 nostram
576 2062 626 2114 in
659 2073 910 2132 perpetua
939 2067 1350 2135 tranquillitate,
1375 2076 1427 2121 et
1457 2070 1607 2137 quasi
1647 2070 1696 2123 in
1729 2081 1881 2138 portu

302 2152 610 2215 constituit,
635 2161 688 2207 et
735 2156 910 2209 unmis
949 2156 1294 2210 recreationis
1335 2172 1397 2212 ac
1441 2159 1632 2227 quietis
1673 2162 1882 2216 occisia

306 2241 456 2294 nobis
485 2252 585 2295 est.
612 2243 909 2314 Eapropter
952 2256 1007 2301 et
1048 2246 1292 2303 Christus
1327 2248 1503 2302 divina
1554 2251 1641 2306 illa
1684 2253 1880 2309 docens

299 2330 507 2386 dictsbat
531 2351 542 2385 :
570 2332 757 2389 Discite
782 2353 813 2389 a
836 2354 930 2402 me,
949 2338 1066 2408 quia
1090 2324 1351 2394 mitis-sum
1382 2352 1429 2394 et
1457 2342 1660 2397 humilis
1683 2346 1833 2406 corde
1859 2361 1879 2399 :

299 2431 343 2472 et
378 2422 633 2478 invenietis
661 2427 873 2497 requiem
900 2429 1162 2484 animabus
1193 2431 1363 2485 vestris
1394 2430 1604 2501 (Matth.
1639 2435 1725 2489 11.
1758 2436 1873 2508 29).

299 2510 437 2565 Nihil
466 2514 605 2567 enim
632 2518 861 2571 animam
889 2519 955 2572 ita
985 2520 1037 2574 in
1066 2522 1441 2592 tranquillitate
1468 2532 1523 2579 et
1542 2526 1719 2594 quiete
1748 2542 1876 2581 con-

296 2602 489 2670 stituit,
519 2613 574 2658 ut
603 2608 954 2664 mansuetudo
982 2620 1035 2664 et
1058 2611 1338 2667 modestia.
1366 2613 1488 2668 llaec
1515 2616 1661 2670 omni
1692 2615 1875 2673 diade-

295 2703 435 2748 mate
474 2711 532 2750 se
560 2698 849 2765 possidenti
880 2711 959 2755 est
987 2703 1326 2769 honoratior;
1352 2706 1466 2759 haec
1494 2708 1637 2760 omni
1658 2709 1872 2763 claritu-

294 2782 417 2838 dine
443 2793 496 2839 et
512 2786 676 2854 gloria
700 2790 1099 2846 conducibilior.
1115 2792 1251 2861 Quid
1281 2795 1421 2849 enim
1452 2794 1678 2865 beatius,
1710 2813 1867 2867 quam

292 2875 542 2931 intestino
571 2878 780 2934 liberari
806 2882 943 2937 bello
959 2885 982 2937 ?
1000 2884 1132 2939 Nam
1157 2887 1398 2956 quamvis
1417 2888 1641 2957 plurima
1664 2904 1792 2958 pace
1814 2900 1868 2945 et

294 2964 545 3022 famulatu
571 2980 796 3026 externo
826 2971 1084 3041 fruamur,
1111 2976 1156 3030 si
1187 2977 1326 3032 intra
1354 2992 1450 3032 nos
1484 2980 1865 3048 cogitationum

288 3066 536 3110 nascatur
567 3067 876 3128 tempestas,
894 3066 1150 3119 tumultus
1170 3074 1224 3120 et
1250 3065 1464 3132 seditio,
1485 3067 1619 3122 nihil
1645 3079 1863 3124 externa

290 3161 387 3212 pax
440 3147 592 3202 nobis
646 3151 883 3220 proderit
916 3171 927 3206 ι
957 3155 1097 3209 sicut
1146 3171 1320 3225 neque
1377 3157 1733 3214 miserabilius
1779 3169 1863 3215 est

284 3234 424 3289 aliud
451 3239 698 3303 civitate,
729 3256 846 3309 qua:
876 3243 999 3299 licet
1021 3247 1302 3315 aggeribus
1330 3256 1385 3302 et
1422 3250 1590 3304 muris
1621 3248 1756 3305 bene
1794 3252 1862 3307 sit

284 3328 504 3393 munita,
529 3329 668 3384 intus
705 3341 882 3387 tamen
910 3336 1058 3390 cives
1078 3336 1256 3391 foveat
1285 3339 1603 3408 proditores.
1630 3341 1741 3396 [loc
1766 3343 1862 3412 igi-

285 3426 369 3469 tur
397 3419 623 3474 obsecro
644 3462 658 3481 ,
689 3431 746 3475 ut
764 3434 888 3478 ante
908 3427 1087 3479 omnia
1114 3427 1267 3482 nobis
1293 3428 1359 3482 sit
1386 3445 1529 3485 cura:
1549 3472 1565 3498 ,
1590 3436 1860 3501 quomodo

283 3508 513 3561 animam
542 3525 572 3563 a
602 3511 925 3568 turbulentis
953 3516 1283 3572 vindicemus
1303 3558 1317 3581 ,
1349 3530 1404 3575 et
1435 3521 1488 3573 in
1516 3524 1856 3592 tranquillum

282 3605 477 3650 statum
509 3599 796 3656 educamus
815 3642 831 3668 ,
856 3613 1014 3673 atque
1040 3605 1108 3659 ab
1127 3607 1271 3661 omni
1298 3608 1584 3664 liberemus
1608 3614 1859 3666 amaritu~

281 3686 427 3752 dine,
459 3702 565 3756 quo
592 3697 646 3742 et
674 3690 772 3758 ipsi
802 3693 965 3747 multa
999 3691 1235 3750 fruamur
1260 3697 1459 3767 quiete,
1490 3708 1542 3753 et
1572 3699 1637 3752 iis
1664 3700 1751 3769 qui
1781 3701 1858 3755 fa-

282 3775 641 3832 miliaritatem
701 3780 975 3836 nobiscum
1014 3782 1247 3849 habent,
1280 3787 1447 3842 simus
1499 3788 1697 3845 blandi.
1745 3791 1856 3847 lloc

280 3864 421 3917 enim
469 3867 823 3923 certissimum
860 3872 1092 3941 signmn,
1123 3888 1229 3943 quo
1259 3877 1635 3934 internoscitur
1662 3883 1741 3937 vir
1765 3899 1853 3938 ra-

280 3955 425 4010 tione
455 3957 706 4025 pr:editus
728 4001 744 4027 ,
770 3963 811 4015 si
836 3974 1146 4021 mansuetus
1175 3967 1352 4034 fuerit,
1376 3972 1418 4024 si
1448 3971 1601 4036 lenis,
1620 3973 1665 4028 si
1689 3976 1847 4043 mitis,

278 4048 321 4100 si
354 4049 630 4105 modestus
669 4063 722 4107 et
745 4054 954 4123 quietus
986 4075 998 4111 :
1030 4058 1074 4112 si
1100 4073 1207 4113 non
1233 4061 1385 4129 quasi
1412 4077 1598 4119 servus
1628 4065 1853 4120 ducatur

274 4147 328 4192 et
353 4137 592 4192 trahatur
618 4151 708 4195 aut
737 4144 804 4198 ab
831 4145 928 4208 ira,
958 4156 1048 4200 aut
1078 4149 1144 4203 ab
1174 4150 1291 4204 aliis
1317 4151 1721 4217 affectionibus;
1755 4155 1848 4211 sed

274 4227 482 4282 ratione
510 4230 687 4284 vincat
712 4232 947 4288 infernos
978 4235 1095 4291 illos
1125 4237 1504 4308 incompositos
1530 4252 1724 4309 tnotus,
1749 4261 1836 4299 no-

273 4316 640 4388 bilitatemque
678 4335 828 4375 suam
865 4332 1081 4390 servet,
1105 4341 1171 4379 ne
1204 4328 1254 4380 in
1294 4324 1569 4383 brutorutn
1599 4333 1846 4387 ferociam

272 4409 589 4478 negligentia
618 4412 925 4481 degeneret.
952 4415 1016 4469 Et
1038 4427 1092 4470 ut
1113 4417 1287 4473 discas
1311 4431 1566 4489 quantum
1595 4439 1845 4479 mansue-

272 4498 468 4555 tudinis
493 4509 548 4554 et
575 4500 810 4557 lenitatis
836 4504 905 4557 sit
934 4507 1124 4570 robur,
1146 4518 1199 4562 et
1234 4510 1374 4577 quod
1403 4511 1515 4565 sola
1542 4512 1653 4568 haec
1678 4514 1846 4569 virtus

271 4591 440 4657 possit
465 4606 524 4646 se
546 4594 811 4648 colentem
841 4596 1127 4666 diligenter
1154 4599 1506 4656 iucli'abilibus
1536 4604 1638 4658 illis
1675 4607 1846 4659 laudi-

268 4679 370 4733 hus
397 4680 611 4750 dignum
640 4687 888 4751 reddere,
913 4688 1035 4742 audi
1065 4689 1279 4744 beatum
1302 4692 1498 4748 Mosem
1525 4694 1647 4751 hinc
1675 4700 1842 4765 potis-

265 4774 460 4826 simum
503 4776 773 4843 pra2dicari
799 4820 814 4843 ,
847 4788 902 4834 et
945 4795 1010 4835 ex
1057 4782 1155 4837 hac
1196 4784 1244 4838 ei
1283 4799 1533 4841 coronam
1565 4790 1744 4856 plecti.
1778 4789 1842 4842 Et

268 4861 465 4924 Moses,
501 4863 700 4932 inquit,
730 4876 837 4920 erat
879 4869 1167 4925 mitissimus
1184 4873 1406 4927 omnium
1436 4876 1723 4940 hominum,
1755 4880 1842 4946 qui

263 4970 417 5019 super
444 4965 626 5010 terram
655 4957 842 5025 (Nunt.
868 4961 953 5015 12.
976 4963 1051 5033 5).
1068 4963 1253 5019 Vidisti
1298 4968 1525 5021 encomii
1574 4971 1792 5039 magnitt
1818 4999 1840 5011 -

264 5044 469 5111 dinem,
495 5047 632 5116 quod
665 5051 812 5105 omni
852 5068 971 5107 eum
1015 5054 1246 5110 humano
1272 5058 1452 5126 generi
1490 5074 1669 5128 parem
1713 5075 1839 5130 pto-

262 5137 502 5202 nuntiet,
531 5138 637 5192 imo
665 5143 807 5194 omni
841 5142 1112 5198 hominum
1136 5149 1315 5215 generi
1346 5148 1626 5217 praeferat?
1647 5151 1711 5204 Et
1736 5152 1836 5207 ite-

261 5242 378 5281 rum
401 5228 469 5282 de
498 5228 658 5283 David
683 5230 809 5286 dicit
834 5231 1104 5302 Scriptura
1129 5253 1141 5289 :
1168 5235 1442 5300 Memento,
1468 5236 1701 5307 Domine,
1734 5241 1838 5296 Da-

258 5317 362 5382 uid,
403 5319 452 5371 et
479 5320 639 5374 omnis
668 5326 1066 5381 mansuetudinis
1095 5328 1203 5396 ejus
1231 5327 1401 5399 (Psal.
1434 5332 1555 5385 151.
1592 5332 1667 5401 1).
1704 5334 1835 5389 lliuc

256 5405 562 5474 patriarcha
600 5411 699 5465 sibi
731 5413 985 5481 majorem
1029 5418 1230 5473 c:elitus
1268 5421 1569 5476 conciliavit
1603 5423 1833 5481 benevoo

254 5499 503 5562 tentiam,
531 5509 585 5554 et
629 5503 861 5557 alfcrens
900 5521 1019 5574 quae
1064 5522 1155 5567 sua
1209 5522 1387 5577 erant,
1417 5527 1446 5565 a
1486 5514 1830 5572 misericorde

255 5589 367 5644 Deo
405 5592 609 5661 majora
655 5606 979 5665 assequutus
1001 5608 1103 5653 est.
1138 5601 1250 5657 Hoc
1277 5604 1457 5659 scietis
1482 5615 1539 5661 et
1573 5622 1668 5662 vos
1693 5648 1707 5673 ,
1739 5609 1827 5667 ubi

253 5682 585 5740 attulerimus
630 5685 683 5741 in
737 5685 971 5744 medium
1018 5704 1080 5745 ea
1126 5708 1244 5761 qua:
1281 5693 1525 5754 hesterna
1556 5697 1694 5755 dicta
1739 5715 1826 5756 se-

1364 321 1429 375 IN
1467 321 1618 375 CAP.
1661 321 1798 377 XIII.
1838 320 2083 379 GENES.
2127 322 2349 377 IIl‘dilL.
2394 324 2630 380 XXXIV.

3490 330 3585 388 5M

2017 447 2276 508 quuutur,
2305 449 2358 493 et
2384 456 2505 510 qua:
2533 442 2679 510 prius
2709 450 2834 496 sunt
2863 443 2997 497 lecta
3039 444 3244 498 caritati
3276 455 3464 499 vestra:
3489 448 3557 500 de.

2015 529 2415 587 claraverimus.
2437 530 2564 585 Nam
2591 533 2709 600 quia
2734 533 2928 587 Abram
2956 536 3173 588 nmltam
3207 551 3313 604 pra:
3333 551 3391 591 se
3413 536 3585 593 ferens

2012 619 2476 674 mansuetudinem
2506 621 2637 676 Loto
2668 623 2928 691 potiorem
2960 634 3160 692 partem
3184 627 3365 692 cessit,
3388 643 3441 681 et
3466 642 3585 681 om-

2013 725 2135 764 nem
2161 711 2209 764 ei
2250 711 2474 779 eligendi
2522 712 2825 768 facultatem
2865 716 3341 782 pcrmittcns,cum
3392 719 3587 788 gaudio

2010 799 2169 870 elegit
2197 802 2460 855 minorem
2490 804 2786 872 portioaem
2811 844 2827 870 ,
2859 804 3017 859 modo
3056 805 3358 860 auferretur
3409 810 3584 864 omnis

2010 893 2323 947 contentio:
2357 892 2475 947 vide
2518 906 2769 964 quautam
2823 896 2998 949 statim
3048 897 3346 951 mercedem
3401 913 3429 951 a
3474 900 3585 953 Deo

2008 983 2370 1051 consequitur,
2403 993 2458 1037 et
2495 985 2762 1052 quomodo
2786 986 2959 1039 adhuc
2990 987 3174 1054 majori
3206 988 3577 1054 retributione,

2008 1073 2105 1125 etsi
2135 1072 2359 1126 multum
2399 1074 2596 1129 divitiis
2622 1077 2887 1140 abundet,
2920 1077 3279 1147 patriarcham
3331 1077 3582 1147 dignatur

2010 1162 2168 1218 Deus.
2197 1163 2343 1219 Talis
2365 1167 2507 1220 enim
2537 1176 2619 1221 est
2644 1168 2898 1222 Dominus
2920 1179 3102 1225 noster
3125 1179 3179 1224 ut
3195 1171 3238 1224 si
3269 1171 3480 1239 quando
3497 1173 3579 1227 vel

2004 1270 2224 1323 parvum
2264 1257 2391 1325 quid
2421 1259 2662 1314 attulisse
2704 1275 2800 1315 nos
2835 1261 3057 1327 viderit,
3090 1261 3418 1330 largissimas
3453 1279 3577 1319 suas

2001 1345 2155 1400 nobis
2186 1349 2641 1404 remunerationcs
2667 1351 3007 1420 suppeditet,
3041 1360 3348 1423 tantamque
3371 1368 3477 1422 prae
3516 1369 3576 1408 sc

1998 1433 2135 1490 ferat
2174 1437 2561 1505 liberalitatem,
2588 1451 2644 1495 ut
2684 1458 2744 1496 ea
2795 1460 2914 1512 qua:
2951 1459 2980 1497 a
3030 1445 3180 1499 nobis
3229 1454 3354 1500 sunt
3395 1446 3530 1501 facta
3555 1486 3571 1512 ,

1998 1527 2180 1582 multis
2206 1530 2441 1583 numeris
2463 1545 2492 1583 a
2523 1533 2674 1585 novis
2701 1532 2817 1600 ejus
2844 1534 3115 1589 beneficiis
3148 1536 3444 1592 vincantur.

2065 1616 2121 1672 2.
2154 1617 2209 1671 Ν
2210 1637 2276 1674 οη
2298 1621 2417 1675 doni
2438 1625 2750 1693 magnitudo,
2774 1624 2861 1679 sed
2886 1626 3050 1679 dantis
3080 1628 3277 1680 animus
3298 1637 3571 1695 spectatur.

1991 1701 2142 1760 —-Et
2168 1706 2268 1763 hoc
2298 1709 2349 1763 in
2377 1713 2623 1766 omnibus
2669 1716 2865 1768 nostris
2893 1715 3042 1770 laetis
3073 1716 3306 1771 inveniet
3346 1718 3465 1787 quis
3501 1719 3570 1771 ab

1991 1809 2056 1849 eo
2082 1796 2221 1852 fieri.
2247 1798 2382 1864 Quid
2417 1801 2596 1868 enim,
2626 1803 2710 1857 die
2737 1805 2863 1858 mihi
2881 1846 2894 1869 ,
2928 1805 3083 1859 vilius
3109 1805 3314 1860 duobus
3355 1808 3568 1862 obolis?

1989 1886 2237 1942 Attamen
2266 1890 2386 1956 quia
2416 1891 2570 1946 vidua
2598 1893 2681 1946 illa
2703 1894 2836 1949 duos
2857 1895 3043 1950 obolos
3071 1897 3123 1951 in
3152 1898 3436 1952 corhonam
3467 1900 3567 1953 mi-

1987 1976 2057 2030 sit
2076 1974 2407 2050 (Luc.21.5'),
2440 1981 2562 2036 inde
2582 1983 2805 2037 celebris
2827 1987 3071 2040 universo
3092 1988 3290 2042 mundo
3328 1989 3461 2043 facta
3483 1999 3565 2043 est

1986 2067 2055 2121 ab
2081 2083 2147 2122 eo
2174 2078 2411 2138 tempore
2448 2087 2615 2142 usque
2645 2075 2697 2127 in
2739 2090 2992 2143 prazsens.
3024 2077 3087 2130 Et
3117 2078 3240 2145 quid
3269 2078 3391 2132 dico
3426 2078 3563 2135 duos

1985 2158 2215 2212 obolos?
2247 2162 2464 2216 Etiamsi
2494 2164 2611 2233 quis
2637 2166 2857 2220 calicem
2902 2182 3053 2237 aquae
3083 2167 3286 2237 frigida:
3329 2171 3562 2238 pra-beat
3629 2232 3645 2248 .

1987 2245 2454 2322 (Man/1.10.42),
2486 2268 2584 2321 pro
2628 2268 2694 2308 eo
2739 2256 2899 2309 etiam
2954 2273 3157 2326 magna:
3203 2257 3560 2316 decernuntur

1981 2338 2395 2395 retributiones:
2423 2356 2633 2412 semper
2660 2345 2802 2399 enim
2833 2356 3053 2400 coronat
3079 2362 3173 2402 eos
3192 2349 3282 2418 qui
3308 2350 3555 2406 virtutem

1979 2438 2285 2498 operantur,
2317 2433 2606 2488 secundum
2638 2438 2968 2504 operantium
3015 2439 3363 2496 voluntatem.
3396 2440 3556 2497 Simi-
3616 2494 3627 2503 ,

1975 2517 2100 2574 liter
2126 2520 2177 2574 in
2211 2536 2424 2590 precum
2468 2526 2775 2583 assiduitate
2822 2528 2960 2584 istud
3001 2530 3170 2600 ipsum
3215 2534 3283 2588 ab
3324 2549 3392 2589 eo
3442 2534 3552 2590 lieri

1974 2610 2156 2665 videre
2184 2611 2329 2666 licet.
2357 2612 2488 2668 Nam
2519 2616 2565 2670 si
2597 2633 2755 2687 quem
2788 2618 2961 2674 videat
3002 2621 3246 2677 alacriter
3270 2638 3331 2678 se
3354 2623 3551 2680 adeun-

1974 2709 2080 2755 tem
2103 2744 2117 2766 ,
2154 2705 2332 2757 statim
2372 2707 2420 2760 ei
2447 2706 2575 2761 dicit
2606 2724 2620 2761 :
2653 2708 2833 2763 Adhuc
2870 2710 3099 2781 loquente
3138 2723 3184 2767 te
3217 2730 3329 2769 ecce
3370 2715 3552 2770 adsum

1973 2788 2120 2862 (lsai.
2148 2793 2235 2848 65.
2266 2792 2549 2863 2t).Quod
2568 2798 2614 2852 si
2639 2800 2949 2868 ampliorem
2981 2801 3316 2859 sedulitatem
3349 2816 3545 2871 teneat,

1970 2891 2024 2937 et
2047 2897 2238 2952 magno
2268 2884 2559 2953 desiderio,
2593 2887 2920 2959 ferventique
2947 2894 3143 2947 mentis
3163 2894 3434 2949 alacritate
3458 2911 3549 2964 pe-

1970 2969 2186 3027 titiones
2229 2974 2472 3029 emittat:
2502 2978 2661 3031 ctiam
2697 2988 2820 3034 ante
2862 2982 3171 3050 petitionem
3209 2986 3458 3054 prazdicat
3492 2997 3546 3041 et

1967 3072 2188 3119 coronat
2221 3082 2235 3118 :
2265 3065 2316 3120 id
2347 3068 2487 3136 quod
2516 3070 2641 3124 etin
2662 3069 2961 3127 Chananma
2989 3075 3210 3130 muliere
3233 3076 3539 3133 declaravit.

1964 3152 2226 3221 Quoniam
2253 3157 2395 3212 enim
2421 3159 2552 3213 vidit
2580 3161 3022 3233 indefatigabilem
3053 3165 3169 3236 ejus
3189 3170 3542 3225 constantiam

1963 3255 2018 3299 et
2044 3248 2514 3314 perseverantiam,
2542 3251 2629 3304 ubi
2662 3250 2891 3321 primum
2921 3270 3039 3309 eam
3065 3256 3389 3325 prmdicavit,
3411 3268 3544 3314 etut

1964 3337 2034 3391 ita
2054 3337 2247 3402 dicam,
2270 3342 2563 3404 coronavit,
2583 3344 2782 3413 totique
2805 3345 3003 3399 mundo
3033 3349 3339 3414 celebravit,
3358 3359 3538 3418 postea

1962 3425 2281 3482 liberalitate
2311 3444 2497 3498 magna
2530 3446 2714 3498 preces
2740 3433 2856 3502 ejus
2880 3435 3040 3488 etiam
3070 3441 3361 3506 superavit.
3385 3439 3536 3506 Nam,

1962 3522 2019 3567 ut
2047 3516 2213 3570 dixit:
2237 3516 2281 3568 0
2302 3520 2501 3581 mulier,
2526 3536 2708 3590 magna
2729 3519 2801 3575 ést
2824 3525 2950 3592 ﬁdes
2973 3535 3059 3578 tua
3079 3544 3100 3580 :
3128 3536 3252 3582 tunc
3277 3529 3534 3596 subdidit,

1960 3601 2080 3657 Fiat
2110 3604 2198 3659 tibi
2240 3606 2367 3660 sicut
2414 3607 2486 3662 vis
2517 3609 2728 3676 (Matth.
2763 3613 2849 3668 15.
2872 3613 2986 3685 28).
3022 3615 3086 3670 Et
3129 3618 3173 3670 si
3218 3619 3537 3676 voluerimus

1958 3695 2167 3764 singula
2213 3696 2502 3767 Scriptura:
2547 3700 2740 3756 divina:
2788 3706 3032 3774 exempla
3079 3707 3293 3773 afferre,
3341 3710 3536 3780 ubique

1958 3803 2202 3859 magnam
2228 3790 2434 3845 Domini
2458 3793 2873 3851 munificentiam
2896 3798 3207 3855 videbimus.
3234 3802 3346 3857 Hoc
3366 3805 3533 3874 probe

1956 3878 2158 3934 sciebat
2186 3881 2480 3948 patriarcha
2505 3884 2616 3950 ille,
2645 3886 2920 3955 cedentem
2954 3890 3247 3947 minoribus
3272 3909 3532 3963 assequu-

1956 3975 2131 4023 turum
2154 3972 2375 4042 majora,
2392 3975 2528 4028 sicut
2549 3973 2662 4029 heri
2684 3976 2956 4033 audivistis
2977 3998 2990 4034 :
3011 3983 3170 4036 cessit
3185 3983 3340 4042 Low.
3362 3987 3531 4053 regio-

1954 4075 2183 4131 nemque
2210 4063 2528 4120 deteriorem
2560 4068 2716 4138 elrgit
2741 4111 2756 4134 ,
2790 4080 2847 4125 ut
2875 4075 3232 4129 contentionis
3265 4089 3531 4131 resecaret

1954 4154 2376 4221 occasiones,et
2415 4169 2630 4213 ostensa
2680 4163 2874 4217 virtute
2914 4178 3007 4218 sua
3059 4166 3311 4234 peculiari
3366 4178 3528 4223 totam

1952 4243 2166 4299 domum
2215 4258 2454 4316 pacatam
2512 4251 2779 4307 redderet.
2830 4251 3094 4309 Caeterum
3149 4257 3423 4312 videamus
3461 4276 3526 4313 ex

1951 4350 2138 4392 recens
2165 4338 2334 4406 lectis,
2363 4356 2604 4411 quamam
2637 4359 2733 4412 pro
2756 4354 2897 4399 tanta
2943 4340 3348 4406 manSuetudine
3389 4353 3529 4406 acci-

1952 4430 2115 4499 piata
2143 4432 2251 4487 Deo
2281 4435 2521 4500 praemia.
2553 4433 2723 4489 M.Et
2745 4437 2910 4503 dixit,
2940 4438 3111 4507 inquit
3132 4480 3149 4505 ,
3181 4439 3317 4494 Deus
3339 4441 3485 4497 Abrae
3505 4483 3523 4507 ,

1948 4528 2207 4590 postquam
2244 4535 2504 4591 separatus
2525 4535 2596 4578 est
2625 4525 2686 4578 ab
2710 4542 2766 4579 eo
2800 4526 2889 4579 Lot
2915 4542 2934 4581 :
2960 4527 3179 4584 Elevatis
3221 4532 3381 4584 oculis
3418 4534 3520 4586 tuis

1948 4626 2091 4664 cerne
2110 4628 2141 4664 a
2158 4612 2267 4665 loco
2287 4613 2340 4665 in
2351 4630 2449 4682 quo
2470 4624 2520 4666 tu
2545 4631 2677 4668 nunc
2698 4632 2768 4682 es,
2787 4616 2854 4669 ad
2874 4618 3155 4684 aquilonem
3179 4628 3224 4671 et
3244 4621 3519 4684 meridiem,

1898 4714 1905 4719 '
1946 4710 1993 4754 et
2036 4702 2273 4755 orientem
2299 4712 2346 4755 et
2377 4720 2514 4756 mare
2539 4720 2558 4758 :
2586 4705 2670 4760 15.
2700 4707 2817 4775 quia
2841 4722 3037 4760 omnem
3080 4716 3264 4761 terram
3287 4724 3438 4778 quam
3468 4720 3522 4763 tu

1947 4789 2113 4855 vides,
2142 4792 2229 4845 tibi
2254 4792 2382 4844 dabo
2414 4810 2554 4859 eam,
2582 4802 2631 4847 et
2665 4796 2842 4848 semini
2868 4804 2954 4849 tuo
2979 4812 3133 4865 usque
3167 4797 3220 4850 in
3258 4799 3519 4853 sarculum.

1948 4882 2080 4937 Vide
2103 4884 2370 4953 quomodo
2394 4885 2570 4939 divina
2592 4885 2863 4954 Scriptura
2893 4887 3239 4943 acceleratam
3271 4888 3364 4944 Dei
3392 4905 3520 4960 pro.

1944 4975 2229 5033 videntiam
2265 4984 2320 5030 et
2352 4977 2754 5031 retributionem
2780 4978 2924 5047 justo
2952 4978 3138 5034 factam
3168 4979 3516 5037 demonstrat.

1950 5063 2141 5118 \‘olens
2169 5067 2309 5119 enim
2338 5082 2433 5120 nos
2477 5067 2672 5121 docere
2692 5107 2706 5129 ,
2740 5078 2995 5138 quantum
3026 5073 3315 5139 approbata
3362 5074 3517 5129 fuerit

1942 5168 1970 5205 a
2014 5154 2360 5213 misericorde
2413 5156 2519 5211 Deo
2560 5159 2871 5226 patriarcha:
2916 5161 3212 5228 humilitas,
3241 5175 3516 5234 postquam

1941 5243 2093 5312 dixit,
2115 5254 2414 5315 separatum
2442 5247 2603 5304 fuisse
2625 5248 2744 5317 Lot,
2776 5260 2828 5306 et
2855 5252 3051 5307 abiisse
3070 5254 3119 5307 in
3145 5263 3334 5308 terram
3359 5271 3516 5325 quam

1940 5335 2100 5406 elegit
2148 5347 2204 5392 ut
2244 5342 2665 5408 przestantiorcm
2690 5358 2704 5405 ;
2733 5343 2912 5398 statim
2964 5344 3199 5398 subdidit
3231 5363 3245 5399 :
3280 5344 3345 5399 Et
3387 5347 3516 5401 dixit

1939 5424 2076 5480 Deus
2104 5426 2267 5482 Abrae.
2294 5429 2493 5485 Deinde
2519 5439 2574 5485 ut
2601 5430 2877 5502 diligenter
2905 5432 3169 5488 discamus
3192 5427 3303 5489 hare
3319 5435 3517 5491 dixisse

1939 5516 2104 5570 Deum
2135 5517 2187 5571 in
2213 5520 2511 5574 mercedem
2542 5535 2725 5575 eorum
2756 5538 2873 5592 quae
2902 5524 3040 5578 circa
3066 5523 3254 5579 Letum
3284 5525 3506 5590 fecerat,

1939 5609 2055 5665 hare
2076 5611 2279 5665 addidit
2311 5630 2324 5666 :
2360 5611 2426 5665 Et
2448 5614 2576 5667 dixit
2604 5612 2742 5667 Deus
2768 5614 2935 5681 Abrle,
2959 5628 3226 5687 postquam
3253 5632 3514 5687 separatus

1939 5710 2011 5757 est
2031 5701 2091 5755 ab
2117 5719 2173 5756 eo
2201 5701 2313 5773 Lat,
2345 5705 2494 5776 quasi
2538 5706 2817 5763 manifeste
2855 5706 2969 5764 haec
3001 5710 3050 5765 ci
3092 5711 3255 5768 verba
3285 5711 3506 5775 dicens:
