4070 6194
467 305 477 315 η
544 349 648 404 515

542 463 623 516 0b
650 471 793 513 tuam
830 457 1284 513 mansuetudinem
1329 459 1542 528 regione
1578 457 1798 512 meliore
1846 467 1900 510 et
1943 471 2108 510 amo:-

544 553 694 606 niore
739 549 918 604 fratris
943 549 1049 602 ﬁlio
1073 549 1318 615 cessisti,
1345 557 1398 603 et
1442 548 1689 602 eximiam
1716 561 1826 617 prae
1855 555 1907 601 te
1951 545 2114 599 tulisti

548 642 921 705 humilitatem,
952 649 1258 710 tantamque
1281 640 1424 708 pacis
1459 639 1687 693 habuisti
1717 651 1898 694 curam
1916 677 1931 702 ,
1955 645 2011 690 ut
2039 636 2118 690 ni-

550 735 623 789 hil
652 749 757 789 non
785 735 957 804 potius
983 732 1265 802 delegeris,
1297 746 1456 800 quam
1478 744 1597 784 esse
1623 731 1760 784 intvr
1779 744 1872 782 vos
1895 739 2118 782 conten-

549 825 723 879 tiones
751 841 764 878 :
797 816 1079 892 capropter
1119 820 1288 890 largas
1331 819 1445 873 illas
1480 833 1510 872 a
1547 835 1632 873 me
1663 817 2121 872 remunerationcs

552 914 756 983 accipe.
783 911 1004 966 Elevatis
1022 952 1037 974 ,
1061 912 1252 981 inquit,
1272 911 1430 963 oculis
1456 910 1553 962 tuis
1573 950 1586 971 ,
1619 910 1730 962 vide
1755 925 1787 961 a
1816 908 1924 962 loco
1943 909 1994 960 in
2023 922 2120 976 quo

549 1017 603 1058 tu
633 1020 766 1058 nunc
792 1020 863 1070 es,
890 1002 959 1056 ad
999 1002 1280 1072 aquilonem
1325 1009 1370 1054 et
1413 999 1686 1063 meridiem,
1710 1005 1756 1051 et
1801 998 2035 1051 orientem
2074 1003 2122 1048 et

551 1103 691 1141 mare
718 1101 738 1140 :
761 1087 880 1156 quia
916 1100 1112 1138 onmem
1151 1094 1336 1136 terrant
1358 1123 1372 1147 ,
1400 1097 1550 1152 quant
1591 1090 1642 1134 tu
1667 1080 1802 1134 vides
1820 1122 1834 1145 ,
1868 1080 1956 1132 tibi
1993 1077 2122 1132 dabo

555 1195 684 1243 eam,
705 1188 752 1232 et
772 1178 949 1232 semini
973 1187 1058 1231 tuo
1085 1193 1240 1244 usque
1259 1176 1310 1229 in
1335 1174 1592 1229 steculum.
1611 1172 1798 1227 Vidisti
1823 1172 2119 1227 retributio-

559 1283 684 1322 nem
727 1277 874 1338 gesta
918 1267 1034 1336 ejus
1067 1268 1246 1321 multis
1286 1265 1458 1319 modis
1499 1265 1879 1333 superantem?
1933 1261 2126 1316 Iisdem

558 1358 735 1412 verbis
761 1357 923 1412 utitur
950 1358 1258 1411 misericors
1283 1355 1536 1410 Dominus
1554 1393 1570 1418 ,
1605 1354 1794 1422 quibus
1821 1359 1875 1406 et
1905 1351 2128 1420 patriar-

558 1449 658 1502 clta
685 1448 981 1502 cessionem
1010 1445 1228 1501 fecerat.
1252 1446 1382 1500 Nam
1412 1446 1547 1499 sicut
1568 1442 1863 1514 patriarcha
1881 1441 2126 1497 dicebat:

559 1537 710 1604 Ecce,
741 1554 911 1591 annon
949 1538 1110 1590 omnis
1151 1545 1284 1589 terra
1320 1551 1490 1590 coram
1543 1535 1628 1588 te?
1669 1532 1868 1586 discede
1889 1549 1920 1585 a
1945 1546 2063 1586 me:
2085 1532 2127 1586 si

563 1639 617 1681 tu
640 1627 708 1680 ad
735 1628 1011 1692 dexteram,
1041 1643 1132 1697 ego
1156 1627 1224 1679 ad
1251 1627 1544 1688 sinistram;
1565 1625 1609 1677 si
1637 1634 1692 1677 tu
1723 1624 1792 1676 ad
1832 1623 2085 1676 sinistram
2111 1663 2126 1688 ,

561 1735 652 1788 ego
677 1718 744 1771 ad
771 1719 1028 1771 dexteram
1056 1732 1075 1770 :
1105 1717 1174 1770 ita
1196 1725 1250 1771 et
1289 1716 1541 1770 Dominus
1564 1715 1726 1768 dicit:
1755 1713 1976 1767 Elevatis
2008 1727 2132 1765 ocu-

563 1811 623 1862 lis
650 1809 748 1861 tuis
775 1807 887 1860 vide
913 1823 945 1859 a
969 1807 1078 1860 loco
1107 1807 1160 1859 in
1186 1821 1283 1874 quo
1308 1816 1361 1858 tu
1388 1821 1522 1858 nunc
1550 1821 1601 1858 es
1622 1821 1641 1860 :
1667 1805 1786 1873 quia
1811 1819 2003 1857 omnem
2028 1813 2132 1855 ter-

564 1916 693 1961 ram,
721 1915 874 1967 quam
895 1907 946 1952 tu
975 1897 1132 1960 vides,
1151 1897 1237 1950 tibi
1260 1897 1390 1950 dabo
1419 1912 1529 1949 eam
1549 1936 1562 1959 ,
1594 1905 1640 1948 et
1667 1895 1844 1950 semini
1866 1903 1952 1947 tuo
1980 1907 2136 1961 usque

564 1990 618 2042 in
644 1987 904 2042 steculum.
935 1988 1050 2054 llic,
1082 2002 1264 2056 quaeso
1283 2029 1297 2052 ,
1326 1986 1687 2040 animadverte
1720 1985 1986 2053 ingentem
2018 1998 2136 2037 mu-

567 2079 909 2134 niﬁcentiam.
957 2078 1034 2131 'l‘u
1080 2077 1317 2146 quidem,
1344 2077 1546 2146 inquit,
1575 2076 1699 2130 dato
1733 2075 1822 2128 illi
1859 2071 2138 2130 electionis

567 2170 806 2236 arbitrio,
835 2183 919 2232 ea,
951 2183 1109 2236 quam
1134 2169 1222 2222 ille
1268 2167 1432 2220 voluit
1469 2167 1683 2235 eligere,
1717 2174 1856 2218 terra
1887 2161 2091 2218 cessisti
2119 2201 2135 2226 ,

569 2261 810 2316 relictam
829 2269 1008 2313 autem
1032 2259 1146 2328 ipse
1169 2258 1422 2328 accepisti
1446 2277 1460 2313 :
1488 2271 1588 2327 ego
1613 2271 1739 2313 vero
1761 2265 1905 2310 tanta
1935 2264 1986 2308 te
2010 2252 2142 2308 libe-

568 2351 776 2406 ralitate
803 2363 1114 2419 prosequar,
1138 2356 1196 2403 ut
1221 2362 1434 2403 omnem
1453 2361 1613 2417 quam
1647 2356 1772 2400 ante
1807 2344 1990 2399 oculos
2023 2352 2140 2398 tuos

574 2451 773 2497 terram
801 2441 947 2495 vides
976 2441 1151 2506 sitam,
1175 2455 1240 2494 ex
1267 2449 1494 2508 utroque
1523 2439 1691 2493 latere
1714 2436 1902 2492 dextro
1925 2443 1980 2492 et
2008 2434 2142 2490 sini-

574 2543 708 2595 stro,
734 2547 764 2586 a
803 2533 1164 2601 septentrione
1204 2539 1261 2586 et
1287 2531 1529 2595 meridie,
1561 2530 1628 2584 ab
1651 2528 1856 2584 oriente
1902 2536 1957 2583 et
1994 2527 2143 2582 occi-

573 2623 751 2688 dente,
777 2632 832 2677 et
861 2623 914 2676 in
943 2637 1169 2688 summa,
1197 2636 1410 2676 omnem
1435 2629 1630 2676 terram
1657 2633 1814 2690 quam
1832 2618 2026 2683 cernis,
2049 2617 2145 2672 tibi

575 2731 695 2771 sum
714 2729 1068 2770 concessurus
1095 2732 1109 2768 :
1141 2729 1313 2785 neque
1331 2713 1424 2769 tibi
1445 2714 1636 2778 solum,
1661 2711 1754 2768 sed
1777 2710 1842 2765 Et
1861 2710 2036 2765 semini
2061 2718 2146 2764 tuo

577 2822 732 2876 usque
757 2807 808 2859 in
825 2805 1276 2860 steculum.Vidisti
1297 2804 1509 2874 dignam
1524 2804 1700 2859 divina
1721 2802 1955 2858 bonitate
1974 2801 2148 2856 muni-

581 2897 848 2950 ﬁcentiam
868 2897 892 2948 ?
915 2895 1101 2949 Vidisti
1127 2895 1338 2965 quantis
1365 2896 1545 2960 cessit,
1572 2903 1767 2964 quanta
1797 2901 1880 2948 est
1904 2907 2152 2962 assequu-

585 2985 710 3037 tns?
738 2985 873 3038 llinc
913 2984 1254 3051 erudiamur,
1286 2995 1342 3038 ut
1371 2999 1559 3054 magna
1603 2984 1656 3038 in
1686 2984 1878 3039 dandis
1919 2985 2150 3040 elcemo-

581 3075 728 3145 synis
759 3075 1000 3145 largitate
1019 3067 1238 3129 htamur
1255 3113 1272 3140 ,
1300 3090 1407 3144 quo
1434 3075 1572 3130 datis
1595 3075 1770 3145 parvis
1797 3075 2154 3145 adipiscamur

585 3179 797 3234 magna.
825 3165 1102 3232 Quomodo
1123 3165 1264 3219 enim
1284 3167 1429 3235 paria
1451 3177 1592 3231 sunt,
1621 3166 1726 3234 dic,
1755 3167 1999 3233 obsecro,
2027 3167 2155 3222 dare

589 3274 777 3328 parum
805 3259 1034 3330 argenti,
1058 3271 1109 3315 et
1132 3260 1371 3316 obtinere
1400 3269 1741 3330 peccatorum
1763 3261 2156 3316 remissionem?

591 3367 809 3422 pascere
835 3353 1192 3422 esurientem,
1222 3363 1276 3408 et
1303 3354 1355 3408 in
1381 3353 1470 3409 die
1499 3354 1586 3408 illa
1627 3353 1866 3409 horribili
1909 3353 2156 3409 ﬁduciam

589 3445 832 3514 assequi.
866 3453 920 3498 ct
965 3444 1149 3501 audire
1197 3445 1385 3518 verba.
1411 3460 1532 3499 cum
1577 3459 1742 3515 regno
1791 3442 2157 3500 conferenda:

594 3533 815 3600 Esnrivi,
845 3546 890 3589 et
923 3535 1129 3592 dedistis
1163 3537 1291 3590 mihi
1333 3537 1636 3591 manducare
1664 3536 1877 3606 (Matth.
1907 3537 1998 3592 25.
2025 3536 2160 3606 35)?

593 3625 730 3682 Nunt
759 3629 848 3698 qui
879 3629 974 3684 tibi
1008 3639 1206 3684 tantam
1238 3645 1419 3685 rerum
1447 3630 1593 3686 dedit
1627 3630 1956 3698 ubertatem,
1992 3632 2162 3701 potuit

597 3727 654 3771 et
681 3717 826 3772 illius
851 3719 1087 3788 inopiam
1112 3719 1288 3774 levare
1314 3728 1370 3774 et
1392 3719 1594 3774 solari?
1617 3719 1723 3775 Sed
1763 3719 1862 3774 hac
1898 3719 1966 3776 de
2003 3735 2161 3774 causa

596 3807 849 3876 relinquit
895 3807 1044 3863 illum
1091 3809 1272 3878 inopia
1310 3812 1524 3877 vexari,
1561 3820 1618 3865 ut
1653 3819 1708 3866 et
1757 3811 1870 3881 ipse
1913 3811 2162 3880 patientia

600 3896 824 3950 multum
849 3897 1111 3954 mercedis
1135 3899 1433 3968 acquireret
1451 3940 1466 3966 ,
1496 3908 1550 3954 et
1575 3909 1629 3956 tu
1651 3915 1747 3969 per
1773 3901 2166 3972 elecmosynam

604 3985 698 4040 tibi
729 3984 934 4041 ﬁduciae
958 3987 1236 4042 materiam
1265 3988 1386 4043 illuc
1414 3989 1782 4058 prtemitteres.

672 4080 724 4133 5.
747 4078 929 4133 Vidisti
959 4079 1372 4135 misericordiam
1399 4080 1626 4143 Domini,
1656 4080 1924 4149 quomodo
1953 4090 2170 4150 propter

605 4179 841 4224 nostram
871 4169 1094 4224 salutem
1121 4169 1392 4240 dispenset
1419 4170 1641 4224 omnia?
1670 4170 1848 4240 Itaque
1873 4171 1997 4224 dum
2024 4170 2168 4240 cogi.

607 4267 716 4321 tas,
747 4267 966 4327 propter
991 4267 1043 4312 te
1071 4267 1125 4312 et
1149 4268 1368 4327 propter
1393 4268 1535 4312 tuam
1557 4259 1831 4314 utilitatem
1867 4261 2013 4314 illum
2051 4275 2172 4314 cum

609 4347 782 4414 inopia
807 4337 1199 4402 conﬂictantem
1244 4347 1382 4401 fame
1410 4348 1613 4416 perire,
1657 4363 1723 4403 ne
1746 4350 1943 4419 absque
1970 4350 2176 4405 miseri-

614 4436 788 4488 cordia
828 4446 1094 4501 transeas,
1134 4436 1228 4492 sed
1253 4447 1369 4492 esto
1397 4436 1570 4491 ﬁdelis
1608 4451 1825 4503 eorum,
1873 4454 1990 4508 quae
2025 4439 2175 4494 tibia

618 4528 840 4582 Domino
861 4543 1111 4584 concessa
1142 4538 1283 4594 sunt,
1308 4528 1568 4584 bonorum
1585 4529 1936 4600 dispensator,
1962 4543 2018 4585 ut
2039 4531 2178 4587 illius

617 4619 938 4674 sublevando
961 4621 1253 4688 penuriam,
1285 4620 1501 4675 multam
1518 4621 1611 4675 tibi
1628 4636 1906 4692 supernam
1928 4623 2179 4679 concilies

613 4708 856 4777 gratiam.
907 4709 972 4764 Et
993 4710 1226 4780 gloriﬁca
1255 4711 1531 4766 Dominum
1561 4721 1706 4766 tuum
1730 4753 1745 4778 ,
1792 4713 1933 4782 quod
1962 4723 2178 4783 propter
2211 4705 2219 4714 ”

618 4810 668 4854 te
709 4811 763 4855 et
809 4802 1028 4856 salutem
1079 4811 1222 4856 tuam
1259 4803 1557 4873 permiserit
1600 4803 1745 4857 illum
1785 4803 1836 4857 in
1876 4815 2184 4874 paupertate

618 4891 816 4945 versari
845 4931 862 4957 ,
909 4900 964 4946 ut
992 4893 1082 4946 tibi
1110 4893 1189 4946 via
1216 4901 1427 4962 pateat,
1469 4908 1563 4964 per
1589 4908 1746 4964 quam
1772 4903 1984 4964 peccata
2012 4896 2185 4966 possis

619 4982 832 5036 abluere
857 5023 871 5044 ,
915 4991 968 5036 et
991 4983 1310 5053 dispensatis
1339 4984 1473 5039 bene
1503 4985 1567 5038 iis
1587 4999 1704 5054 qua:
1746 4999 1774 5037 a
1820 4986 2042 5040 Domine
2088 4985 2186 5040 tibi

619 5081 742 5126 sunt
763 5087 1037 5139 concessa,
1067 5075 1246 5128 laudes
1271 5075 1388 5129 illas
1416 5090 1672 5140 mereare,
1701 5091 1818 5146 qum
1837 5091 2048 5131 omnem
2075 5091 2189 5133 ser-

623 5179 832 5218 monent
881 5173 935 5218 et
990 5166 1245 5219 rationem
1304 5167 1702 5222 transcendunt.
1755 5169 1950 5224 Audies
1999 5170 2140 5224 enim
2171 5210 2188 5236 ,

630 5252 798 5325 Euge,
821 5271 960 5311 serve
998 5257 1122 5312 bone
1145 5268 1189 5311 et
1211 5257 1406 5324 ﬁdelis,
1444 5274 1594 5330 super
1618 5279 1781 5331 pauca
1819 5262 1958 5329 fuisti
1991 5262 2188 5330 ﬁdelis,

626 5361 775 5413 super
801 5346 961 5399 multa
989 5357 1035 5402 te
1058 5349 1355 5402 constituam
1383 5365 1402 5404 :
1426 5350 1558 5403 intra
1603 5353 1654 5404 in
1699 5353 1938 5422 gaudium
1991 5351 2193 5404 Domini

621 5436 695 5488 tui
723 5435 947 5505 (Matth.
969 5437 1060 5494 25.
1089 5437 1216 5509 23).
1243 5439 1366 5494 llzec
1393 5441 1891 5504 animadvertentes,
1926 5442 1995 5496 ita
2026 5443 2194 5510 respi-

618 5545 825 5590 Hamus
873 5552 1167 5607 pauperes,
1211 5538 1361 5609 quasi
1406 5537 1702 5606 beneﬁcos,
1748 5538 1838 5607 qui
1889 5536 2195 5592 occasiones

625 5625 815 5680 salutis
839 5630 966 5682 dare
1007 5629 1162 5684 nobis
1190 5639 1438 5698 possunt,
1490 5639 1543 5685 et
1580 5631 1659 5685 e'is
1699 5630 1912 5698 largiter
1937 5627 2198 5696 hilarique

631 5714 809 5771 arimo
837 5733 1135 5789 erogctnus,
1163 5736 1446 5793 numquam
1479 5733 1760 5778 renuentes
1783 5721 1930 5788 dare,
1961 5718 2056 5775 sed
2086 5732 2196 5773 ma-

1283 342 1339 399 S.
1377 342 1654 399 JOANNIS
1689 340 2158 398 CllllYSOSTOMl
2199 339 2512 396 AllClllEl’.
2551 339 3074 398 CONSTANTINOP.

3700 344 3821 400 336

2220 470 2322 525 gna
2353 455 2567 510 lenitate
2590 471 2708 511 cum
2738 457 2816 511 eis
2839 456 3204 525 colloquentes
3227 498 3242 522 ,
3287 469 3341 512 et
3384 460 3602 513 multam
3647 479 3824 514 nian-

2220 547 2551 603 suetudinem
2579 548 2930 604 declarantes.
2961 548 3164 602 Inclina
3185 591 3201 614 ,
3232 550 3434 619 inquit,
3465 553 3676 619 pauperi
3708 569 3826 603 att-

2219 655 2324 692 rem
2353 649 2510 704 tuam,
2542 649 2588 692 et
2608 639 2853 708 responde
2877 640 2923 692 ei
2949 640 3159 709 paciﬁee
3182 642 3234 692 in
3265 642 3647 694 mansuetudine
3678 641 3824 707 (Ec—

2220 730 2306 783 cli.
2333 730 2384 784 4.
2417 729 2510 800 8),
2540 739 2597 784 ut
2629 738 2683 784 et
2709 739 2992 798 antequam
3035 730 3130 785 des
3149 770 3162 792 ,
3193 731 3474 785 verborum
3510 732 3826 786 clementia

2224 820 2389 873 multa
2433 820 2608 889 inopia
2635 819 2895 890 dejectum
2936 820 3052 888 ejus
3091 821 3326 874 animum
3353 821 3560 890 erigas;
3613 819 3829 874 Helior

2224 910 2355 964 enim
2379 919 2473 976 est,
2506 911 2692 980 inquit,
2720 927 2902 972 sermo,
2928 927 3080 980 quam
3113 913 3318 964 donatio
3346 911 3526 982 (Eccli.
3559 911 3655 967 18.
3691 911 3828 979 16).

2223 998 2373 1054 Adeo
2411 1000 2568 1054 etiam
2611 1000 2831 1054 verbum
2871 1000 3100 1056 animam
3144 1001 3430 1068 roborare,
3472 1003 3833 1058 consolatio-

2227 1105 2456 1157 ncmque
2479 1090 2696 1144 multam
2727 1088 2916 1144 afferre
2937 1090 3092 1145 solet.

2298 1181 2630 1250 Eleemosyna
2658 1181 2892 1234 alacriter
2927 1180 3202 1251 eroganda.
3247 1179 3463 1236 Serendi
3505 1191 3709 1252 tempus
3744 1194 3829 1236 ess

2228 1274 2334 1326 luet:
2358 1273 2477 1325 vita.
2505 1300 2578 1311 —
2602 1271 2763 1341 Igitur
2807 1285 2910 1324 non
2960 1279 3162 1325 tantum
3189 1272 3523 1326 attendentes
3547 1287 3678 1327 eum
3721 1274 3826 1342 qui

2229 1363 2439 1432 accipit,
2481 1363 2533 1416 in
2570 1354 2758 1416 dandis
2785 1361 3137 1433 electnosynis
3170 1363 3335 1417 simus
3364 1362 3616 1419 liberales
3660 1380 3675 1416 :
3717 1365 3824 1419 sed

2231 1455 2607 1509 ratiocinantes
2645 1454 2822 1523 potius
2848 1453 2965 1523 quis
2991 1452 3082 1506 ille
3105 1454 3175 1507 sit
3209 1454 3299 1523 qui
3342 1468 3404 1507 ea
3445 1469 3563 1524 quae
3589 1455 3648 1507 in
3681 1469 3825 1524 pau-

2233 1562 2412 1618 perem
2442 1548 2698 1602 collocata
2727 1555 2872 1612 sunt,
2901 1556 2959 1602 ut
2995 1548 3096 1602 sibi
3137 1547 3272 1603 facta
3300 1548 3532 1602 vindicat
3553 1589 3568 1613 ,
3615 1559 3676 1604 et
3717 1565 3822 1616 pro

2232 1639 2369 1694 datis
2407 1638 2724 1694 solutionem
2774 1637 3094 1707 pollicetur:
3123 1648 3280 1706 atque
3320 1637 3390 1692 ita
3433 1639 3616 1693 animo
3662 1640 3820 1693 illum

2235 1729 2499 1796 intuentes
2520 1769 2540 1796 ,
2584 1743 2769 1799 magna
2795 1728 3064 1783 alacritate
3086 1727 3214 1782 dare
3243 1728 3553 1782 Studeamus
3570 1768 3586 1793 ,
3623 1739 3680 1783 et
3708 1729 3812 1782 [ab

2235 1833 2378 1888 gam,
2403 1817 2526 1872 dum
2549 1817 2722 1872 adhuc
2747 1828 2953 1885 tempus
2977 1826 3079 1880 est,
3111 1825 3403 1870 sementem
3425 1817 3692 1885 jaciamus
3708 1856 3726 1880 ,
3760 1828 3823 1871 ut

2237 1917 2290 1962 et
2313 1907 2543 1962 ubertim
2572 1916 2851 1961 metamus.
2878 1905 3008 1960 Nam
3044 1905 3144 1972 Qui
3165 1921 3316 1974 parce
3335 1905 3579 1968 seminat,
3605 1906 3816 1975 inquit,

2240 2013 2388 2068 parce
2401 2007 2446 2052 et
2462 2006 2606 2051 metet
2630 1993 2714 2066 (ες
2733 1995 2849 2050 Cor.
2872 1997 2924 2052 9.
2949 1996 3027 2065 6).
3057 1995 3210 2050 Manu
3237 1995 3393 2066 igitur
3413 1995 3635 2050 minime
3657 2011 3817 2064 parca

2239 2088 2441 2143 semina
2466 2088 2553 2141 illa
2579 2089 2712 2142 bona
2743 2102 3070 2157 spargamns,
3103 2097 3160 2142 ut
3187 2103 3283 2143 suo
3311 2097 3551 2157 tempore
3577 2088 3819 2142 ubertim

2241 2187 2523 2235 metamus.
2554 2179 2704 2234 Nunc
2727 2180 2868 2234 enim
2896 2179 3188 2234 seminandi
3217 2189 3422 2248 tempus
3447 2187 3549 2243 est,
3574 2178 3722 2249 quod
3753 2194 3820 2233 re

2240 2279 2620 2343 praetereamus
2643 2269 2866 2326 obsecro
2886 2310 2901 2336 ,
2944 2279 3000 2325 ut
3041 2271 3094 2325 in
3121 2269 3208 2326 die
3233 2269 3595 2325 retributionis
3626 2285 3725 2339 pro
3754 2271 3820 2322 iis

2243 2379 2360 2433 qua:
2388 2363 2475 2418 hic
2502 2361 2881 2418 seminavimus
2902 2402 2918 2428 ,
2963 2359 3165 2416 fructus
3191 2361 3548 2432 percipiamus
3571 2402 3588 2426 ,
3625 2371 3682 2415 et
3712 2361 3818 2414 Do-

2245 2453 2373 2508 mini
2419 2451 2838 2507 misericordiam
2879 2465 3242 2521 assequamur.
3289 2450 3498 2505 Nullum
3525 2450 3670 2504 enim
3700 2467 3818 2503 0m-

2247 2545 2374 2600 nino
2401 2543 2542 2599 aliud
2566 2558 2698 2613 opus
2725 2544 2918 2599 bonum
2938 2543 3016 2598 sic
3044 2543 3238 2612 poterit
3264 2542 3592 2612 restinguere
3632 2555 3819 2610 pecea-

2250 2643 2423 2691 torum
2448 2644 2748 2690 nostrorum
2771 2633 3088 2698 incendium,
3115 2633 3544 2704 uteleemosynae
3563 2632 3819 2701 largitas:

2249 2727 2348 2782 ista
2374 2735 2429 2781 et
2457 2733 2790 2795 peccatorum
2818 2734 3119 2780 nostrorum
3157 2723 3498 2778 abolitionem
3543 2733 3821 2792 operatur,

2249 2825 2306 2872 et
2329 2815 2482 2871 nobis
2508 2814 2752 2870 ﬁduciam
2792 2814 3077 2879 conciliat,
3117 2822 3172 2869 et
3217 2812 3559 2868 inelfabilium
3604 2811 3824 2865 illorum

2251 2907 2511 2962 bonorum
2541 2907 2766 2962 fructum
2805 2913 3085 2976 praparat.
3113 2903 3309 2959 Verum
3361 2903 3430 2958 de
3477 2902 3561 2957 his
3604 2902 3826 2971 quidem

2255 3000 2384 3054 satis
2431 2999 2632 3052 dictum
2672 3005 2754 3051 est
2785 2996 2837 3050 in
2863 2993 3282 3051 cohortationem
3322 3002 3592 3055 vestram;
3639 3000 3699 3045 et
3735 2991 3829 3044 de-

2256 3097 2604 3145 monstratum
2635 3102 2734 3142 nos
2762 3086 2807 3142 si
2835 3100 2993 3156 parva
3014 3083 3316 3140 dederimus
3335 3123 3351 3147 ,
3382 3097 3412 3134 a
3459 3080 3687 3135 Domino
3728 3093 3827 3132 no-

2256 3189 2369 3235 stro
2396 3193 2582 3249 magna
2603 3184 3019 3246 consequuturos
3060 3188 3196 3229 esse.
3221 3172 3355 3227 Hinc
3379 3171 3520 3225 cnim
3563 3183 3746 3224 sermo
3773 3169 3829 3222 in

2257 3270 2610 3339 eleemosyna:
2635 3265 3050 3321 admonitionem
3077 3263 3358 3319 devolutus
3385 3272 3469 3315 est
3497 3278 3510 3313 :
3541 3260 3663 3330 quia
3686 3263 3829 3313 enim

2259 3359 2488 3415 diximus
2524 3357 2875 3429 patriarcham
2899 3397 2918 3424 ,
2947 3355 3074 3410 dum
3103 3362 3307 3425 partem
3351 3362 3508 3408 terra:
3554 3351 3832 3406 meliorem

2261 3450 2361 3506 Lot
2387 3449 2672 3514 concessit,
2700 3455 2754 3502 et
2776 3447 3016 3502 viliorem
3043 3445 3156 3516 ipse
3176 3443 3414 3508 retinuit,
3448 3449 3648 3495 tantam
3674 3455 3705 3493 a
3733 3441 3836 3494 Do.
3937 3450 3942 3454 ’

2262 3540 2409 3595 mino
2437 3546 2824 3608 consequutum
2850 3551 2970 3592 esse
2995 3534 3382 3597 liberalitatem,
3410 3538 3470 3586 ut
3490 3545 3706 3584 onmem
3741 3544 3838 3583 eo-

2264 3631 2570 3702 gitationem
2607 3628 2945 3684 transcendat
2984 3625 3265 3697 promissio
3290 3639 3446 3694 quam
3485 3623 3534 3678 ei
3580 3623 3839 3676 Dominus

2267 3725 2390 3780 fecit
2417 3741 2432 3776 :
2462 3722 2680 3777 Elevatis
2706 3723 2837 3776 enim
2865 3719 3024 3774 oculis
3067 3718 3185 3784 tuis,
3213 3715 3401 3786 inquit,
3444 3716 3556 3768 vide
3573 3730 3605 3766 a
3624 3715 3759 3776 loco,
3784 3714 3838 3765 in

2266 3832 2365 3886 quo
2389 3825 2441 3869 tu
2470 3829 2602 3868 nunc
2627 3829 2698 3877 es,
2727 3812 2795 3865 ad
2817 3810 3096 3881 aquilonem
3123 3817 3171 3862 et
3197 3805 3452 3860 meridiem
3472 3846 3486 3869 ,
3523 3814 3570 3858 et
3597 3803 3843 3857 orientem

2268 3917 2314 3962 et
2342 3922 2479 3961 mare
2502 3921 2521 3959 :
2548 3906 2666 3976 quia
2688 3918 2884 3957 omnem
2907 3911 3090 3956 terram
3109 3940 3124 3965 ,
3153 3914 3302 3968 quam
3328 3907 3380 3950 tu
3405 3897 3538 3950 sides
3560 3935 3576 3960 ,
3611 3910 3726 3948 eam
3755 3894 3845 3946 tibi

2271 3997 2424 4062 dabo,
2459 4005 2504 4050 et
2530 3993 2706 4050 semini
2726 4001 2812 4046 tuo
2837 4005 2996 4060 usque
3020 3989 3072 4043 in
3091 3988 3345 4043 steculum.
3375 3986 3529 4040 Parte
3554 3993 3734 4050 teme,
3765 3983 3849 4038 in-

2272 4085 2404 4154 quit,
2433 4082 2642 4139 cessisti
2672 4081 2848 4136 fratris
2878 4079 2988 4134 ﬁlio
3013 4095 3026 4132 :
3055 4092 3181 4132 ecce
3209 4091 3308 4145 ego
3336 4085 3500 4130 totam
3525 4074 3616 4128 tibi
3641 4081 3846 4127 terram

2274 4177 2531 4246 polliceor
2556 4189 2571 4240 ;
2600 4187 2772 4242 neque
2802 4171 2905 4225 hoc
2930 4170 3120 4233 solum,
3149 4167 3243 4222 sed
3267 4175 3321 4222 et
3349 4166 3536 4220 semini
3567 4174 3656 4218 tuo
3684 4163 3846 4232 polli-

2275 4279 2402 4320 ceor
2425 4277 2543 4319 eam
2567 4277 2733 4330 usque
2769 4259 2821 4314 in
2860 4257 3113 4313 satculum
3147 4275 3159 4310 :
3190 4257 3290 4310 hoc
3317 4264 3419 4320 est,
3443 4261 3723 4322 perpetuo.
3754 4249 3849 4303 Vi-

2277 4353 2399 4407 disti
2425 4351 2688 4422 quomodo
2718 4357 2897 4404 certat
2923 4346 3238 4402 beneﬁciis?
3285 4344 3471 4400 Sciens
3513 4341 3653 4395 enim
3708 4341 3853 4393 Deus

2281 4444 2382 4498 hoc
2409 4442 2638 4497 maxime
2663 4452 2856 4509 cupere
2881 4437 3256 4506 patriarcham,
3288 4443 3345 4490 et
3365 4434 3491 4487 nihil
3513 4433 3627 4501 ejus
3648 4429 3853 4484 alacri-

2283 4544 2442 4589 tatem
2471 4535 2542 4588 ita
2567 4532 2938 4587 roboraturum
2960 4543 3098 4595 esse,
3131 4528 3300 4599 inquit
3329 4545 3342 4581 :
3369 4526 3438 4581 Et
3461 4524 3564 4579 hoc
3603 4524 3694 4577 tibi
3723 4538 3854 4578 con-

2285 4627 2490 4692 cedam,
2519 4634 2578 4679 ut
2598 4625 2687 4694 qui
2716 4639 2780 4677 ex
2803 4631 2855 4678 te
2880 4628 3182 4684 nascentur,
3208 4617 3512 4679 succedant,
3534 4625 3588 4671 et
3607 4615 3855 4669 similiter

2287 4728 2426 4772 terra
2474 4719 2748 4780 fruantur,
2803 4712 3132 4781 habeantque
3171 4717 3479 4779 perpetuum
3510 4706 3650 4760 illius
3676 4703 3856 4759 domi.

2287 4807 2453 4861 nium.
2487 4801 2703 4868 Deinde,
2742 4809 2799 4856 ut
2827 4816 2896 4856 ne
2921 4800 3207 4867 respiciens
3226 4797 3292 4851 ad
3317 4805 3556 4851 naturam
3595 4802 3651 4849 et
3701 4809 3858 4848 senc-

2288 4904 2486 4952 ctutem
2515 4907 2663 4948 suam
2691 4933 2706 4958 ,
2733 4891 2982 4960 Sameque
3021 4889 3350 4944 sterilitatem
3374 4925 3390 4950 ,
3449 4884 3858 4954 promissionem

2289 4991 2464 5043 minus
2493 4993 2720 5048 curaret,
2753 4983 2846 5038 sed
2866 4982 3000 5036 bene
3029 4979 3213 5035 ﬁderet
3235 4977 3529 5048 pollicentis
3549 4975 3757 5036 virtuti,
3782 4976 3860 5026 itt-

2291 5083 2407 5152 quit
2435 5097 2449 5133 :
2474 5078 2559 5132 I6.
2589 5076 2654 5130 Et
2697 5075 2881 5146 faciam
2917 5087 3082 5126 semen
3121 5080 3262 5123 tuum
3287 5069 3415 5121 sicut
3447 5081 3655 5120 arenam
3693 5074 3856 5116 terra.

2296 5172 2356 5226 Si
2383 5170 2493 5239 quis
2522 5175 2679 5237 potest
2707 5178 2968 5218 numerare
2991 5176 3196 5214 arenam
3235 5169 3400 5223 terra,
3440 5165 3486 5210 et
3515 5169 3682 5209 semen
3723 5163 3866 5205 luunt

2295 5260 2653 5316 numerabitur.
2685 5257 2819 5311 Vere
2849 5269 3005 5323 supra
3031 5261 3267 5306 naturam
3298 5249 3580 5303 humanam
3608 5254 3729 5333 erat
3751 5243 3870 5298 habe

2297 5351 2578 5424 promissio
2615 5368 2629 5404 :
2673 5364 2776 5403 non
2803 5347 2974 5400 solum
3018 5345 3159 5399 enim
3209 5341 3451 5413 promisit
3496 5353 3556 5394 se
3602 5337 3870 5392 facturum

2299 5461 2419 5500 eum
2469 5451 2668 5512 patrem
2711 5442 2846 5494 inter
2903 5447 2979 5491 tot
3008 5429 3378 5505 impedimenta
3403 5473 3418 5498 ,
3442 5429 3534 5485 sed
3564 5430 3618 5483 in
3661 5437 3875 5482 tantm-

2301 5533 2764 5602 multiplicaturnm
2792 5528 2949 5590 ﬁlios,
2979 5535 3035 5580 ut
3053 5538 3227 5579 arena:
3250 5533 3405 5577 terra:
3427 5517 3878 5590 compararl'pos-

2301 5636 2440 5683 sent.
2485 5626 2817 5680 Innumeram
2855 5633 3015 5689 porro
3065 5614 3456 5670 multitudinem
3486 5613 3598 5668 fore
3620 5620 3732 5665 tam
3773 5608 3879 5672 Ity-

2308 5715 2568 5788 perbolica
2597 5709 2938 5769 similitudine
2965 5707 3235 5791 declarare
3261 5705 3443 5760 voluit.
