  <div class='ocr_page' id='page_1' title='image "/cluster/home/n/w/nwhite01/storage/ocr_20150623/53/hvd.32044054086673/315.png"; bbox 0 0 4070 6194; ppageno 0'>
   <div class='ocr_carea' id='block_1_1' title="bbox 396 333 496 392">
    <p class='ocr_par' dir='ltr' id='par_1_1' title="bbox 396 333 496 392">
     <span class='ocr_line' id='line_1_1' title="bbox 396 333 496 392; baseline -0.02 0"><span class='ocrx_word' id='word_1_1' title='bbox 396 333 496 392; x_wconf 68' lang='lat'>3|?</span> 
     </span>
    </p>
   </div>
   <div class='ocr_carea' id='block_1_2' title="bbox 468 437 2067 515">
    <p class='ocr_par' dir='ltr' id='par_1_2' title="bbox 468 437 2067 515">
     <span class='ocr_line' id='line_1_2' title="bbox 468 437 2067 515; baseline -0.011 -9"><span class='ocrx_word' id='word_1_2' title='bbox 468 451 665 506; x_wconf 80' lang='grc' dir='ltr'>Σκόπει</span> <span class='ocrx_word' id='word_1_3' title='bbox 714 449 828 512; x_wconf 85' lang='grc' dir='ltr'>πῶς</span> <span class='ocrx_word' id='word_1_4' title='bbox 871 448 900 499; x_wconf 92' lang='grc' dir='ltr'>ὁ</span> <span class='ocrx_word' id='word_1_5' title='bbox 942 444 1322 515; x_wconf 85' lang='grc' dir='ltr'>φιλάνθρωπος</span> <span class='ocrx_word' id='word_1_6' title='bbox 1365 441 1640 511; x_wconf 82' lang='grc' dir='ltr'>Δεσπότης</span> <span class='ocrx_word' id='word_1_7' title='bbox 1692 440 1833 494; x_wconf 85' lang='grc' dir='ltr'>κατά</span> <span class='ocrx_word' id='word_1_8' title='bbox 1875 437 2067 508; x_wconf 80' lang='grc' dir='ltr'>μικρὸν</span> 
     </span>
    </p>
   </div>
   <div class='ocr_carea' id='block_1_3' title="bbox 397 527 2070 611">
    <p class='ocr_par' dir='ltr' id='par_1_3' title="bbox 397 527 2070 611">
     <span class='ocr_line' id='line_1_3' title="bbox 397 527 2070 611; baseline -0.01 -17"><span class='ocrx_word' id='word_1_9' title='bbox 397 539 665 611; x_wconf 84' lang='grc' dir='ltr'>γυμνάζει</span> <span class='ocrx_word' id='word_1_10' title='bbox 693 537 786 590; x_wconf 90' lang='grc' dir='ltr'>τοῦ</span> <span class='ocrx_word' id='word_1_11' title='bbox 821 535 1032 589; x_wconf 80' lang='grc' dir='ltr'>δικαίου</span> <span class='ocrx_word' id='word_1_12' title='bbox 1059 533 1156 604; x_wconf 80' lang='grc' dir='ltr'>τὴν</span> <span class='ocrx_word' id='word_1_13' title='bbox 1187 533 1409 603; x_wconf 88' lang='grc' dir='ltr'>ἀρετήν.</span> <span class='ocrx_word' id='word_1_14' title='bbox 1435 531 1621 585; x_wconf 79' lang='grc' dir='ltr'>Εἰπὼν</span> <span class='ocrx_word' id='word_1_15' title='bbox 1648 530 1758 600; x_wconf 81' lang='grc' dir='ltr'>γὰρ</span> <span class='ocrx_word' id='word_1_16' title='bbox 1791 527 2070 597; x_wconf 85' lang='grc' dir='ltr'>ἀνωτέρω,</span> 
     </span>
    </p>
   </div>
   <div class='ocr_carea' id='block_1_4' title="bbox 397 613 2074 693">
    <p class='ocr_par' dir='ltr' id='par_1_4' title="bbox 397 613 2074 693">
     <span class='ocr_line' id='line_1_4' title="bbox 397 613 2074 693; baseline -0.01 -10"><span class='ocrx_word' id='word_1_17' title='bbox 397 630 478 682; x_wconf 81' lang='grc' dir='ltr'>δτι</span> <span class='ocrx_word' id='word_1_18' title='bbox 527 627 611 692; x_wconf 86' lang='grc' dir='ltr'>Τῷ</span> <span class='ocrx_word' id='word_1_19' title='bbox 663 623 960 693; x_wconf 77' lang='grc' dir='ltr'>σπέρματί</span> <span class='ocrx_word' id='word_1_20' title='bbox 1006 632 1123 675; x_wconf 84' lang='grc' dir='ltr'>σου</span> <span class='ocrx_word' id='word_1_21' title='bbox 1164 618 1342 673; x_wconf 83' lang='grc' dir='ltr'>δώσω</span> <span class='ocrx_word' id='word_1_22' title='bbox 1382 619 1494 686; x_wconf 79' lang='grc' dir='ltr'>τὴν</span> <span class='ocrx_word' id='word_1_23' title='bbox 1527 616 1642 688; x_wconf 59' lang='grc' dir='ltr'>γῆν</span> <span class='ocrx_word' id='word_1_24' title='bbox 1690 617 1939 682; x_wconf 76' lang='grc' dir='ltr'>ταύτην·</span> <span class='ocrx_word' id='word_1_25' title='bbox 1978 613 2074 667; x_wconf 91' lang='grc' dir='ltr'>νῦν</span> 
     </span>
    </p>
   </div>
   <div class='ocr_carea' id='block_1_5' title="bbox 397 703 2072 784">
    <p class='ocr_par' dir='ltr' id='par_1_5' title="bbox 397 703 2072 784">
     <span class='ocr_line' id='line_1_5' title="bbox 397 703 2072 784; baseline -0.01 -15"><span class='ocrx_word' id='word_1_26' title='bbox 397 716 560 770; x_wconf 88' lang='grc' dir='ltr'>πάλιν</span> <span class='ocrx_word' id='word_1_27' title='bbox 584 714 768 784; x_wconf 74' lang='grc' dir='ltr'>φησὶν,</span> <span class='ocrx_word' id='word_1_28' title='bbox 797 709 909 764; x_wconf 79' lang='grc' dir='ltr'>Καὶ</span> <span class='ocrx_word' id='word_1_29' title='bbox 932 709 1010 775; x_wconf 82' lang='grc' dir='ltr'>τῷ</span> <span class='ocrx_word' id='word_1_30' title='bbox 1040 706 1335 776; x_wconf 82' lang='grc' dir='ltr'>σπέρματί</span> <span class='ocrx_word' id='word_1_31' title='bbox 1367 723 1482 760; x_wconf 86' lang='grc' dir='ltr'>σου</span> <span class='ocrx_word' id='word_1_32' title='bbox 1513 705 1684 758; x_wconf 80' lang='grc' dir='ltr'>δώσω</span> <span class='ocrx_word' id='word_1_33' title='bbox 1702 705 1811 769; x_wconf 79' lang='grc' dir='ltr'>ἕως</span> <span class='ocrx_word' id='word_1_34' title='bbox 1838 703 2072 766; x_wconf 78' lang='grc' dir='ltr'>αἰῶνος,</span> 
     </span>
    </p>
   </div>
   <div class='ocr_carea' id='block_1_6' title="bbox 397 789 2074 867">
    <p class='ocr_par' dir='ltr' id='par_1_6' title="bbox 397 789 2074 867">
     <span class='ocr_line' id='line_1_6' title="bbox 397 789 2074 867; baseline -0.01 -10"><span class='ocrx_word' id='word_1_35' title='bbox 397 803 496 857; x_wconf 78' lang='grc' dir='ltr'>καί</span> <span class='ocrx_word' id='word_1_36' title='bbox 533 801 766 867; x_wconf 77' lang='grc' dir='ltr'>ποιήσω</span> <span class='ocrx_word' id='word_1_37' title='bbox 800 797 947 852; x_wconf 80' lang='grc' dir='ltr'>αὐτὸ</span> <span class='ocrx_word' id='word_1_38' title='bbox 992 797 1072 862; x_wconf 86' lang='grc' dir='ltr'>ὡς</span> <span class='ocrx_word' id='word_1_39' title='bbox 1111 795 1226 863; x_wconf 78' lang='grc' dir='ltr'>τὴν</span> <span class='ocrx_word' id='word_1_40' title='bbox 1254 796 1451 864; x_wconf 77' lang='grc' dir='ltr'>ἄμμον</span> <span class='ocrx_word' id='word_1_41' title='bbox 1479 792 1589 862; x_wconf 81' lang='grc' dir='ltr'>τῆς</span> <span class='ocrx_word' id='word_1_42' title='bbox 1618 789 1750 862; x_wconf 72' lang='grc' dir='ltr'>τῆς.</span> <span class='ocrx_word' id='word_1_43' title='bbox 1793 791 1902 843; x_wconf 97' lang='lat' dir='ltr'>Kal</span> <span class='ocrx_word' id='word_1_44' title='bbox 1939 790 2074 851; x_wconf 88' lang='grc' dir='ltr'>τέως</span> 
     </span>
    </p>
   </div>
   <div class='ocr_carea' id='block_1_7' title="bbox 401 875 2075 962">
    <p class='ocr_par' dir='ltr' id='par_1_7' title="bbox 401 875 2075 962">
     <span class='ocr_line' id='line_1_7' title="bbox 401 875 2075 962; baseline -0.01 -19"><span class='ocrx_word' id='word_1_45' title='bbox 401 890 564 962; x_wconf 83' lang='grc' dir='ltr'>μέχρι</span> <span class='ocrx_word' id='word_1_46' title='bbox 614 887 789 956; x_wconf 88' lang='grc' dir='ltr'>λόγων</span> <span class='ocrx_word' id='word_1_47' title='bbox 829 884 900 938; x_wconf 86' lang='grc' dir='ltr'>τά</span> <span class='ocrx_word' id='word_1_48' title='bbox 937 883 1038 954; x_wconf 83' lang='grc' dir='ltr'>τῆς</span> <span class='ocrx_word' id='word_1_49' title='bbox 1082 883 1449 952; x_wconf 79' lang='grc' dir='ltr'>ὑποσχέσεως,</span> <span class='ocrx_word' id='word_1_50' title='bbox 1494 881 1588 934; x_wconf 66' lang='grc' dir='ltr'>καὶ</span> <span class='ocrx_word' id='word_1_51' title='bbox 1624 879 1787 941; x_wconf 81' lang='grc' dir='ltr'>πολὺς</span> <span class='ocrx_word' id='word_1_52' title='bbox 1835 880 1892 930; x_wconf 88' lang='grc' dir='ltr'>ἐν</span> <span class='ocrx_word' id='word_1_53' title='bbox 1927 875 2075 944; x_wconf 88' lang='grc' dir='ltr'>μέσῳ</span> 
     </span>
    </p>
   </div>
   <div class='ocr_carea' id='block_1_8' title="bbox 401 963 2076 1048">
    <p class='ocr_par' dir='ltr' id='par_1_8' title="bbox 401 963 2076 1048">
     <span class='ocr_line' id='line_1_8' title="bbox 401 963 2076 1048; baseline -0.01 -16"><span class='ocrx_word' id='word_1_54' title='bbox 401 977 767 1048; x_wconf 86' lang='grc' dir='ltr'>παραγίνεται</span> <span class='ocrx_word' id='word_1_55' title='bbox 795 974 1009 1045; x_wconf 86' lang='grc' dir='ltr'>χρόνος,</span> <span class='ocrx_word' id='word_1_56' title='bbox 1047 973 1138 1026; x_wconf 79' lang='grc' dir='ltr'>ἵνα</span> <span class='ocrx_word' id='word_1_57' title='bbox 1167 970 1260 1023; x_wconf 69' lang='grc' dir='ltr'>καὶ</span> <span class='ocrx_word' id='word_1_58' title='bbox 1289 970 1388 1038; x_wconf 82' lang='grc' dir='ltr'>τῆς</span> <span class='ocrx_word' id='word_1_59' title='bbox 1422 969 1647 1039; x_wconf 83' lang='grc' dir='ltr'>γνώμης</span> <span class='ocrx_word' id='word_1_60' title='bbox 1683 963 1777 1020; x_wconf 87' lang='grc' dir='ltr'>τοῦ</span> <span class='ocrx_word' id='word_1_61' title='bbox 1809 963 2076 1034; x_wconf 85' lang='grc' dir='ltr'>πατριάρ-</span> 
     </span>
    </p>
   </div>
   <div class='ocr_carea' id='block_1_9' title="bbox 403 1050 2076 1137">
    <p class='ocr_par' dir='ltr' id='par_1_9' title="bbox 403 1050 2076 1137">
     <span class='ocr_line' id='line_1_9' title="bbox 403 1050 2076 1137; baseline -0.01 -19"><span class='ocrx_word' id='word_1_62' title='bbox 403 1081 498 1137; x_wconf 83' lang='grc' dir='ltr'>χου</span> <span class='ocrx_word' id='word_1_63' title='bbox 528 1064 790 1135; x_wconf 81' lang='grc' dir='ltr'>μάθωμεν</span> <span class='ocrx_word' id='word_1_64' title='bbox 816 1062 878 1113; x_wconf 79' lang='grc' dir='ltr'>τὸ</span> <span class='ocrx_word' id='word_1_65' title='bbox 906 1059 1169 1129; x_wconf 81' lang='grc' dir='ltr'>φιλόθεον,</span> <span class='ocrx_word' id='word_1_66' title='bbox 1193 1059 1287 1110; x_wconf 69' lang='grc' dir='ltr'>καὶ</span> <span class='ocrx_word' id='word_1_67' title='bbox 1307 1057 1400 1110; x_wconf 89' lang='grc' dir='ltr'>τοῦ</span> <span class='ocrx_word' id='word_1_68' title='bbox 1426 1056 1562 1110; x_wconf 86' lang='grc' dir='ltr'>Θεοῦ</span> <span class='ocrx_word' id='word_1_69' title='bbox 1589 1055 1686 1126; x_wconf 81' lang='grc' dir='ltr'>τήν</span> <span class='ocrx_word' id='word_1_70' title='bbox 1709 1050 2076 1122; x_wconf 88' lang='grc' dir='ltr'>ὑπερϐάλλου-</span> 
     </span>
    </p>
   </div>
   <div class='ocr_carea' id='block_1_10' title="bbox 403 1137 2076 1221">
    <p class='ocr_par' dir='ltr' id='par_1_10' title="bbox 403 1137 2076 1221">
     <span class='ocr_line' id='line_1_10' title="bbox 403 1137 2076 1221; baseline -0.01 -17"><span class='ocrx_word' id='word_1_71' title='bbox 403 1171 504 1206; x_wconf 91' lang='grc' dir='ltr'>σαν</span> <span class='ocrx_word' id='word_1_72' title='bbox 525 1152 774 1221; x_wconf 90' lang='grc' dir='ltr'>δύναμιν.</span> <span class='ocrx_word' id='word_1_73' title='bbox 793 1148 1078 1218; x_wconf 87' lang='grc' dir='ltr'>Ἐπίτηδες</span> <span class='ocrx_word' id='word_1_74' title='bbox 1108 1145 1216 1216; x_wconf 88' lang='grc' dir='ltr'>γὰρ</span> <span class='ocrx_word' id='word_1_75' title='bbox 1249 1144 1432 1213; x_wconf 82' lang='grc' dir='ltr'>μέλλει</span> <span class='ocrx_word' id='word_1_76' title='bbox 1455 1144 1548 1197; x_wconf 76' lang='grc' dir='ltr'>καὶ</span> <span class='ocrx_word' id='word_1_77' title='bbox 1577 1141 1961 1197; x_wconf 89' lang='grc' dir='ltr'>ἀναϐάλλεται,</span> <span class='ocrx_word' id='word_1_78' title='bbox 1989 1137 2076 1189; x_wconf 86' lang='grc' dir='ltr'>ἵνα</span> 
     </span>
    </p>
   </div>
   <div class='ocr_carea' id='block_1_11' title="bbox 401 1229 2074 1311">
    <p class='ocr_par' dir='ltr' id='par_1_11' title="bbox 401 1229 2074 1311">
     <span class='ocr_line' id='line_1_11' title="bbox 401 1229 2074 1311; baseline -0.01 -16"><span class='ocrx_word' id='word_1_79' title='bbox 401 1243 481 1304; x_wconf 88' lang='grc' dir='ltr'>είς</span> <span class='ocrx_word' id='word_1_80' title='bbox 525 1240 661 1311; x_wconf 86' lang='grc' dir='ltr'>βαθύ</span> <span class='ocrx_word' id='word_1_81' title='bbox 697 1239 874 1308; x_wconf 86' lang='grc' dir='ltr'>γῆρας</span> <span class='ocrx_word' id='word_1_82' title='bbox 907 1236 1198 1297; x_wconf 76' lang='grc' dir='ltr'>ἐλάσαντες</span> <span class='ocrx_word' id='word_1_83' title='bbox 1241 1233 1290 1285; x_wconf 82' lang='grc' dir='ltr'>οἱ</span> <span class='ocrx_word' id='word_1_84' title='bbox 1330 1233 1428 1304; x_wconf 78' lang='grc' dir='ltr'>τὴν</span> <span class='ocrx_word' id='word_1_85' title='bbox 1459 1232 1744 1301; x_wconf 83' lang='grc' dir='ltr'>ὑπόσχεσιν</span> <span class='ocrx_word' id='word_1_86' title='bbox 1772 1229 2074 1298; x_wconf 81' lang='grc' dir='ltr'>δεξάμενοι,</span> 
     </span>
    </p>
   </div>
   <div class='ocr_carea' id='block_1_12' title="bbox 402 1317 2079 1398">
    <p class='ocr_par' dir='ltr' id='par_1_12' title="bbox 402 1317 2079 1398">
     <span class='ocr_line' id='line_1_12' title="bbox 402 1317 2079 1398; baseline -0.01 -13"><span class='ocrx_word' id='word_1_87' title='bbox 402 1333 495 1385; x_wconf 69' lang='grc' dir='ltr'>καὶ</span> <span class='ocrx_word' id='word_1_88' title='bbox 530 1328 882 1398; x_wconf 83' lang='grc' dir='ltr'>ἀπογνόντες,</span> <span class='ocrx_word' id='word_1_89' title='bbox 911 1327 985 1388; x_wconf 86' lang='grc' dir='ltr'>ὼς</span> <span class='ocrx_word' id='word_1_90' title='bbox 1015 1327 1210 1387; x_wconf 83' lang='grc' dir='ltr'>εἰπεῖν,</span> <span class='ocrx_word' id='word_1_91' title='bbox 1241 1324 1378 1386; x_wconf 87' lang='grc' dir='ltr'>τέως</span> <span class='ocrx_word' id='word_1_92' title='bbox 1422 1321 1558 1374; x_wconf 82' lang='grc' dir='ltr'>κατά</span> <span class='ocrx_word' id='word_1_93' title='bbox 1586 1319 1930 1390; x_wconf 83' lang='grc' dir='ltr'>ἀνθρωπίνην</span> <span class='ocrx_word' id='word_1_94' title='bbox 1952 1317 2079 1370; x_wconf 90' lang='grc' dir='ltr'>ἀκο-</span> 
     </span>
    </p>
   </div>
   <div class='ocr_carea' id='block_1_13' title="bbox 402 1404 2080 1482">
    <p class='ocr_par' dir='ltr' id='par_1_13' title="bbox 402 1404 2080 1482">
     <span class='ocr_line' id='line_1_13' title="bbox 402 1404 2080 1482; baseline -0.008 -12"><span class='ocrx_word' id='word_1_95' title='bbox 402 1417 642 1480; x_wconf 89' lang='grc' dir='ltr'>λουθίαν,</span> <span class='ocrx_word' id='word_1_96' title='bbox 673 1415 794 1468; x_wconf 88' lang='grc' dir='ltr'>τότε</span> <span class='ocrx_word' id='word_1_97' title='bbox 824 1415 917 1467; x_wconf 73' lang='grc' dir='ltr'>καὶ</span> <span class='ocrx_word' id='word_1_98' title='bbox 941 1413 1040 1482; x_wconf 87' lang='grc' dir='ltr'>τῆς</span> <span class='ocrx_word' id='word_1_99' title='bbox 1077 1411 1282 1474; x_wconf 73' lang='grc' dir='ltr'>οἰκείας</span> <span class='ocrx_word' id='word_1_100' title='bbox 1313 1410 1594 1471; x_wconf 77' lang='grc' dir='ltr'>ἀσθενείας</span> <span class='ocrx_word' id='word_1_101' title='bbox 1619 1409 1716 1478; x_wconf 77' lang='grc' dir='ltr'>τὴν</span> <span class='ocrx_word' id='word_1_102' title='bbox 1744 1409 1958 1476; x_wconf 87' lang='grc' dir='ltr'>πεῖραν,</span> <span class='ocrx_word' id='word_1_103' title='bbox 1985 1404 2080 1457; x_wconf 71' lang='grc' dir='ltr'>καὶ</span> 
     </span>
    </p>
   </div>
   <div class='ocr_carea' id='block_1_14' title="bbox 403 1494 2006 1577">
    <p class='ocr_par' dir='ltr' id='par_1_14' title="bbox 403 1494 2006 1577">
     <span class='ocr_line' id='line_1_14' title="bbox 403 1494 2006 1577; baseline -0.009 -18"><span class='ocrx_word' id='word_1_104' title='bbox 403 1508 500 1577; x_wconf 81' lang='grc' dir='ltr'>τῆς</span> <span class='ocrx_word' id='word_1_105' title='bbox 528 1503 738 1574; x_wconf 90' lang='grc' dir='ltr'>ἀφάτου</span> <span class='ocrx_word' id='word_1_106' title='bbox 765 1503 1047 1572; x_wconf 88' lang='grc' dir='ltr'>δυνάμεως</span> <span class='ocrx_word' id='word_1_107' title='bbox 1069 1498 1163 1552; x_wconf 89' lang='grc' dir='ltr'>τοῦ</span> <span class='ocrx_word' id='word_1_108' title='bbox 1192 1498 1326 1551; x_wconf 86' lang='grc' dir='ltr'>Θεοῦ</span> <span class='ocrx_word' id='word_1_109' title='bbox 1357 1498 1454 1568; x_wconf 85' lang='grc' dir='ltr'>τὴν</span> <span class='ocrx_word' id='word_1_110' title='bbox 1472 1495 1774 1568; x_wconf 81' lang='grc' dir='ltr'>ὑπερϐολὴν</span> <span class='ocrx_word' id='word_1_111' title='bbox 1803 1494 2006 1547; x_wconf 75' lang='grc' dir='ltr'>ἴδωσιν.</span> 
     </span>
    </p>
   </div>
   <div class='ocr_carea' id='block_1_15' title="bbox 473 1622 2077 1701">
    <p class='ocr_par' dir='ltr' id='par_1_15' title="bbox 473 1622 2077 1701">
     <span class='ocr_line' id='line_1_15' title="bbox 473 1622 2077 1701; baseline -0.007 -15"><span class='ocrx_word' id='word_1_112' title='bbox 473 1634 534 1686; x_wconf 86' lang='grc' dir='ltr'>δ’.</span> <span class='ocrx_word' id='word_1_113' title='bbox 564 1631 764 1685; x_wconf 84' lang='grc' dir='ltr'>Ἐννόει</span> <span class='ocrx_word' id='word_1_114' title='bbox 775 1631 832 1684; x_wconf 89' lang='grc' dir='ltr'>δέ</span> <span class='ocrx_word' id='word_1_115' title='bbox 856 1647 943 1701; x_wconf 91' lang='grc' dir='ltr'>μοι</span> <span class='ocrx_word' id='word_1_116' title='bbox 962 1631 1026 1683; x_wconf 90' lang='grc' dir='ltr'>ἐκ</span> <span class='ocrx_word' id='word_1_117' title='bbox 1044 1630 1143 1698; x_wconf 82' lang='grc' dir='ltr'>τῆς</span> <span class='ocrx_word' id='word_1_118' title='bbox 1159 1627 1516 1699; x_wconf 83' lang='grc' dir='ltr'>παρατάσεως</span> <span class='ocrx_word' id='word_1_119' title='bbox 1529 1625 1620 1679; x_wconf 81' lang='grc' dir='ltr'>τοῦ</span> <span class='ocrx_word' id='word_1_120' title='bbox 1640 1626 1698 1678; x_wconf 91' lang='grc' dir='ltr'>ἐν</span> <span class='ocrx_word' id='word_1_121' title='bbox 1720 1624 1869 1695; x_wconf 93' lang='grc' dir='ltr'>μέσῳ</span> <span class='ocrx_word' id='word_1_122' title='bbox 1887 1622 2077 1694; x_wconf 87' lang='grc' dir='ltr'>χρόνου</span> 
     </span>
    </p>
   </div>
   <div class='ocr_carea' id='block_1_16' title="bbox 399 1709 2078 1789">
    <p class='ocr_par' dir='ltr' id='par_1_16' title="bbox 399 1709 2078 1789">
     <span class='ocr_line' id='line_1_16' title="bbox 399 1709 2078 1789; baseline -0.007 -15"><span class='ocrx_word' id='word_1_123' title='bbox 399 1721 464 1774; x_wconf 77' lang='grc' dir='ltr'>τὸ</span> <span class='ocrx_word' id='word_1_124' title='bbox 494 1719 719 1789; x_wconf 74' lang='grc' dir='ltr'>στερρὸν</span> <span class='ocrx_word' id='word_1_125' title='bbox 751 1717 853 1787; x_wconf 83' lang='grc' dir='ltr'>τῆς</span> <span class='ocrx_word' id='word_1_126' title='bbox 879 1716 974 1770; x_wconf 87' lang='grc' dir='ltr'>τοῦ</span> <span class='ocrx_word' id='word_1_127' title='bbox 1011 1715 1346 1786; x_wconf 85' lang='grc' dir='ltr'>πατριάρχου</span> <span class='ocrx_word' id='word_1_128' title='bbox 1382 1713 1627 1783; x_wconf 80' lang='grc' dir='ltr'>γνώμης,</span> <span class='ocrx_word' id='word_1_129' title='bbox 1663 1710 1778 1773; x_wconf 86' lang='grc' dir='ltr'>πῶς</span> <span class='ocrx_word' id='word_1_130' title='bbox 1806 1710 1981 1762; x_wconf 88' lang='grc' dir='ltr'>πάντα</span> <span class='ocrx_word' id='word_1_131' title='bbox 2011 1709 2078 1762; x_wconf 89' lang='grc' dir='ltr'>τά</span> 
     </span>
    </p>
   </div>
   <div class='ocr_carea' id='block_1_17' title="bbox 401 1797 2078 1878">
    <p class='ocr_par' dir='ltr' id='par_1_17' title="bbox 401 1797 2078 1878">
     <span class='ocr_line' id='line_1_17' title="bbox 401 1797 2078 1878; baseline -0.008 -17"><span class='ocrx_word' id='word_1_132' title='bbox 401 1805 721 1878; x_wconf 85' lang='grc' dir='ltr'>ἀνθρώπινα</span> <span class='ocrx_word' id='word_1_133' title='bbox 752 1804 1132 1875; x_wconf 85' lang='grc' dir='ltr'>παρατρέχων,</span> <span class='ocrx_word' id='word_1_134' title='bbox 1168 1802 1304 1872; x_wconf 87' lang='grc' dir='ltr'>πρὸς</span> <span class='ocrx_word' id='word_1_135' title='bbox 1334 1801 1394 1852; x_wconf 78' lang='grc' dir='ltr'>τὸ</span> <span class='ocrx_word' id='word_1_136' title='bbox 1420 1800 1642 1852; x_wconf 82' lang='grc' dir='ltr'>δυνατὸν</span> <span class='ocrx_word' id='word_1_137' title='bbox 1661 1797 1756 1851; x_wconf 90' lang='grc' dir='ltr'>τοῦ</span> <span class='ocrx_word' id='word_1_138' title='bbox 1778 1798 2078 1866; x_wconf 89' lang='grc' dir='ltr'>ὑποσχομέ-</span> 
     </span>
    </p>
   </div>
   <div class='ocr_carea' id='block_1_18' title="bbox 404 1885 2081 1964">
    <p class='ocr_par' dir='ltr' id='par_1_18' title="bbox 404 1885 2081 1964">
     <span class='ocr_line' id='line_1_18' title="bbox 404 1885 2081 1964; baseline -0.007 -15"><span class='ocrx_word' id='word_1_139' title='bbox 404 1913 499 1949; x_wconf 87' lang='grc' dir='ltr'>νου</span> <span class='ocrx_word' id='word_1_140' title='bbox 537 1895 719 1956; x_wconf 86' lang='grc' dir='ltr'>τείνας</span> <span class='ocrx_word' id='word_1_141' title='bbox 750 1893 847 1964; x_wconf 80' lang='grc' dir='ltr'>τὴν</span> <span class='ocrx_word' id='word_1_142' title='bbox 877 1892 1135 1956; x_wconf 88' lang='grc' dir='ltr'>διάνοιαν,</span> <span class='ocrx_word' id='word_1_143' title='bbox 1166 1891 1267 1944; x_wconf 90' lang='grc' dir='ltr'>οὑκ</span> <span class='ocrx_word' id='word_1_144' title='bbox 1313 1887 1641 1960; x_wconf 90' lang='grc' dir='ltr'>ἐθορυϐεῖτο,</span> <span class='ocrx_word' id='word_1_145' title='bbox 1689 1887 1808 1940; x_wconf 83' lang='grc' dir='ltr'>οὐδὲ</span> <span class='ocrx_word' id='word_1_146' title='bbox 1853 1885 2081 1956; x_wconf 89' lang='grc' dir='ltr'>ἐταράτ-</span> 
     </span>
    </p>
   </div>
   <div class='ocr_carea' id='block_1_19' title="bbox 401 1973 2078 2050">
    <p class='ocr_par' dir='ltr' id='par_1_19' title="bbox 401 1973 2078 2050">
     <span class='ocr_line' id='line_1_19' title="bbox 401 1973 2078 2050; baseline -0.006 -16"><span class='ocrx_word' id='word_1_147' title='bbox 401 1998 543 2034; x_wconf 83' lang='grc' dir='ltr'>τετο.</span> <span class='ocrx_word' id='word_1_148' title='bbox 566 1979 706 2033; x_wconf 82' lang='grc' dir='ltr'>Ἶστε</span> <span class='ocrx_word' id='word_1_149' title='bbox 740 1979 848 2050; x_wconf 91' lang='grc' dir='ltr'>γάρ</span> <span class='ocrx_word' id='word_1_150' title='bbox 879 1978 1158 2042; x_wconf 84' lang='grc' dir='ltr'>πολλάκις,</span> <span class='ocrx_word' id='word_1_151' title='bbox 1186 1978 1264 2030; x_wconf 84' lang='grc' dir='ltr'>ὅτι</span> <span class='ocrx_word' id='word_1_152' title='bbox 1290 1976 1510 2029; x_wconf 86' lang='grc' dir='ltr'>ἐπειδάν</span> <span class='ocrx_word' id='word_1_153' title='bbox 1545 1992 1628 2038; x_wconf 91' lang='grc' dir='ltr'>τις</span> <span class='ocrx_word' id='word_1_154' title='bbox 1660 1973 1804 2039; x_wconf 74' lang='grc' dir='ltr'>ἅπαξ</span> <span class='ocrx_word' id='word_1_155' title='bbox 1837 1973 2078 2050; x_wconf 17' lang='grc' dir='ltr'>καὶᾼδεύ-</span> 
     </span>
    </p>
   </div>
   <div class='ocr_carea' id='block_1_20' title="bbox 403 2048 2082 2137">
    <p class='ocr_par' dir='ltr' id='par_1_20' title="bbox 403 2048 2082 2137">
     <span class='ocr_line' id='line_1_20' title="bbox 403 2048 2082 2137; baseline -0.005 -18"><span class='ocrx_word' id='word_1_156' title='bbox 403 2083 561 2137; x_wconf 86' lang='grc' dir='ltr'>τερον</span> <span class='ocrx_word' id='word_1_157' title='bbox 584 2048 955 2135; x_wconf 84' lang='grc' dir='ltr'>ὑποσχόμενος</span> <span class='ocrx_word' id='word_1_158' title='bbox 980 2064 1204 2134; x_wconf 82' lang='grc' dir='ltr'>μηδέπω</span> <span class='ocrx_word' id='word_1_159' title='bbox 1234 2064 1312 2125; x_wconf 83' lang='grc' dir='ltr'>είς</span> <span class='ocrx_word' id='word_1_160' title='bbox 1338 2061 1494 2133; x_wconf 89' lang='grc' dir='ltr'>ἔργον</span> <span class='ocrx_word' id='word_1_161' title='bbox 1525 2061 1707 2130; x_wconf 80' lang='grc' dir='ltr'>ἀγάγῃ</span> <span class='ocrx_word' id='word_1_162' title='bbox 1726 2059 1796 2111; x_wconf 84' lang='grc' dir='ltr'>τὰ</span> <span class='ocrx_word' id='word_1_163' title='bbox 1818 2048 2082 2126; x_wconf 85' lang='grc' dir='ltr'>ἐπαγγελ-</span> 
     </span>
    </p>
   </div>
   <div class='ocr_carea' id='block_1_21' title="bbox 399 2144 2080 2224">
    <p class='ocr_par' dir='ltr' id='par_1_21' title="bbox 399 2144 2080 2224">
     <span class='ocr_line' id='line_1_21' title="bbox 399 2144 2080 2224; baseline -0.007 -16"><span class='ocrx_word' id='word_1_164' title='bbox 399 2154 586 2216; x_wconf 86' lang='grc' dir='ltr'>θέντα,</span> <span class='ocrx_word' id='word_1_165' title='bbox 630 2153 748 2216; x_wconf 88' lang='grc' dir='ltr'>πῶς</span> <span class='ocrx_word' id='word_1_166' title='bbox 779 2152 1129 2224; x_wconf 86' lang='grc' dir='ltr'>ὁκνηρὸτεροι</span> <span class='ocrx_word' id='word_1_167' title='bbox 1169 2149 1430 2219; x_wconf 85' lang='grc' dir='ltr'>γινόμεθα</span> <span class='ocrx_word' id='word_1_168' title='bbox 1472 2149 1608 2217; x_wconf 85' lang='grc' dir='ltr'>πρὸς</span> <span class='ocrx_word' id='word_1_169' title='bbox 1649 2147 1710 2200; x_wconf 78' lang='grc' dir='ltr'>τὸ</span> <span class='ocrx_word' id='word_1_170' title='bbox 1743 2145 1905 2198; x_wconf 87' lang='grc' dir='ltr'>πάλιν</span> <span class='ocrx_word' id='word_1_171' title='bbox 1932 2144 2080 2216; x_wconf 90' lang='grc' dir='ltr'>αὐτῷ</span> 
     </span>
    </p>
   </div>
   <div class='ocr_carea' id='block_1_22' title="bbox 405 2229 2082 2311">
    <p class='ocr_par' dir='ltr' id='par_1_22' title="bbox 405 2229 2082 2311">
     <span class='ocr_line' id='line_1_22' title="bbox 405 2229 2082 2311; baseline -0.007 -15"><span class='ocrx_word' id='word_1_172' title='bbox 405 2241 692 2296; x_wconf 88' lang='grc' dir='ltr'>πιστεῦσαι</span> <span class='ocrx_word' id='word_1_173' title='bbox 719 2229 1154 2311; x_wconf 81' lang='grc' dir='ltr'>ὑπισχνουμένῳ.</span> <span class='ocrx_word' id='word_1_174' title='bbox 1197 2237 1334 2290; x_wconf 80' lang='grc' dir='ltr'>Ἀλλ’</span> <span class='ocrx_word' id='word_1_175' title='bbox 1371 2237 1462 2289; x_wconf 72' lang='grc' dir='ltr'>ἐπὶ</span> <span class='ocrx_word' id='word_1_176' title='bbox 1501 2235 1598 2306; x_wconf 79' lang='grc' dir='ltr'>μὲν</span> <span class='ocrx_word' id='word_1_177' title='bbox 1631 2234 1916 2304; x_wconf 84' lang='grc' dir='ltr'>ἀνθρώπου</span> <span class='ocrx_word' id='word_1_178' title='bbox 1945 2233 2082 2286; x_wconf 86' lang='grc' dir='ltr'>είκό-</span> 
     </span>
    </p>
   </div>
   <div class='ocr_carea' id='block_1_23' title="bbox 403 2320 2082 2396">
    <p class='ocr_par' dir='ltr' id='par_1_23' title="bbox 403 2320 2082 2396">
     <span class='ocr_line' id='line_1_23' title="bbox 403 2320 2082 2396; baseline -0.006 -13"><span class='ocrx_word' id='word_1_179' title='bbox 403 2349 514 2394; x_wconf 87' lang='grc' dir='ltr'>τως</span> <span class='ocrx_word' id='word_1_180' title='bbox 544 2329 611 2384; x_wconf 82' lang='grc' dir='ltr'>ἀν</span> <span class='ocrx_word' id='word_1_181' title='bbox 639 2327 798 2382; x_wconf 90' lang='grc' dir='ltr'>τοῦτο</span> <span class='ocrx_word' id='word_1_182' title='bbox 829 2328 1066 2396; x_wconf 90' lang='grc' dir='ltr'>γένοιτο·</span> <span class='ocrx_word' id='word_1_183' title='bbox 1105 2325 1197 2377; x_wconf 73' lang='grc' dir='ltr'>ἐπὶ</span> <span class='ocrx_word' id='word_1_184' title='bbox 1228 2325 1284 2377; x_wconf 83' lang='grc' dir='ltr'>δέ</span> <span class='ocrx_word' id='word_1_185' title='bbox 1317 2323 1410 2376; x_wconf 88' lang='grc' dir='ltr'>τοῦ</span> <span class='ocrx_word' id='word_1_186' title='bbox 1433 2323 1564 2376; x_wconf 84' lang='grc' dir='ltr'>Θεοῦ</span> <span class='ocrx_word' id='word_1_187' title='bbox 1595 2321 1686 2375; x_wconf 87' lang='grc' dir='ltr'>τοῦ</span> <span class='ocrx_word' id='word_1_188' title='bbox 1716 2322 1853 2390; x_wconf 87' lang='grc' dir='ltr'>μετά</span> <span class='ocrx_word' id='word_1_189' title='bbox 1880 2320 2082 2390; x_wconf 82' lang='grc' dir='ltr'>πολλῆς</span> 
     </span>
    </p>
   </div>
   <div class='ocr_carea' id='block_1_24' title="bbox 408 2407 2081 2486">
    <p class='ocr_par' dir='ltr' id='par_1_24' title="bbox 408 2407 2081 2486">
     <span class='ocr_line' id='line_1_24' title="bbox 408 2407 2081 2486; baseline -0.006 -17"><span class='ocrx_word' id='word_1_190' title='bbox 408 2416 597 2486; x_wconf 85' lang='grc' dir='ltr'>σοφίας</span> <span class='ocrx_word' id='word_1_191' title='bbox 639 2415 709 2469; x_wconf 90' lang='grc' dir='ltr'>τά</span> <span class='ocrx_word' id='word_1_192' title='bbox 743 2415 985 2486; x_wconf 78' lang='grc' dir='ltr'>ἡμέτερα</span> <span class='ocrx_word' id='word_1_193' title='bbox 1015 2411 1441 2482; x_wconf 84' lang='grc' dir='ltr'>οἰκονομοῦντος.</span> <span class='ocrx_word' id='word_1_194' title='bbox 1475 2409 1692 2462; x_wconf 74' lang='grc' dir='ltr'>ἐπειδὰν</span> <span class='ocrx_word' id='word_1_195' title='bbox 1721 2407 1868 2472; x_wconf 68' lang='grc' dir='ltr'>ἅπαξ</span> <span class='ocrx_word' id='word_1_196' title='bbox 1911 2411 2081 2475; x_wconf 83' lang='grc' dir='ltr'>ἐπαγ-</span> 
     </span>
    </p>
   </div>
   <div class='ocr_carea' id='block_1_25' title="bbox 405 2494 2078 2575">
    <p class='ocr_par' dir='ltr' id='par_1_25' title="bbox 405 2494 2078 2575">
     <span class='ocr_line' id='line_1_25' title="bbox 405 2494 2078 2575; baseline -0.007 -19"><span class='ocrx_word' id='word_1_197' title='bbox 405 2504 676 2575; x_wconf 86' lang='grc' dir='ltr'>γείληται,</span> <span class='ocrx_word' id='word_1_198' title='bbox 716 2502 821 2556; x_wconf 83' lang='grc' dir='ltr'>κᾶν</span> <span class='ocrx_word' id='word_1_199' title='bbox 859 2500 1025 2572; x_wconf 87' lang='grc' dir='ltr'>μυρία</span> <span class='ocrx_word' id='word_1_200' title='bbox 1055 2501 1112 2552; x_wconf 90' lang='grc' dir='ltr'>ἐν</span> <span class='ocrx_word' id='word_1_201' title='bbox 1144 2498 1223 2568; x_wconf 83' lang='grc' dir='ltr'>τῷ</span> <span class='ocrx_word' id='word_1_202' title='bbox 1271 2499 1418 2568; x_wconf 84' lang='grc' dir='ltr'>μέσῳ</span> <span class='ocrx_word' id='word_1_203' title='bbox 1458 2495 1755 2566; x_wconf 84' lang='grc' dir='ltr'>κωλύματα</span> <span class='ocrx_word' id='word_1_204' title='bbox 1795 2494 2078 2566; x_wconf 73' lang='grc' dir='ltr'>παρεμπίο</span> 
     </span>
    </p>
   </div>
   <div class='ocr_carea' id='block_1_26' title="bbox 407 2581 2078 2660">
    <p class='ocr_par' dir='ltr' id='par_1_26' title="bbox 407 2581 2078 2660">
     <span class='ocr_line' id='line_1_26' title="bbox 407 2581 2078 2660; baseline -0.007 -16"><span class='ocrx_word' id='word_1_205' title='bbox 407 2609 554 2653; x_wconf 88' lang='grc' dir='ltr'>πτοι,</span> <span class='ocrx_word' id='word_1_206' title='bbox 583 2589 718 2660; x_wconf 77' lang='grc' dir='ltr'>πρὸς</span> <span class='ocrx_word' id='word_1_207' title='bbox 741 2588 802 2641; x_wconf 85' lang='grc' dir='ltr'>τὸ</span> <span class='ocrx_word' id='word_1_208' title='bbox 834 2587 1063 2658; x_wconf 88' lang='grc' dir='ltr'>μέγεθος</span> <span class='ocrx_word' id='word_1_209' title='bbox 1094 2587 1190 2656; x_wconf 81' lang='grc' dir='ltr'>τῆς</span> <span class='ocrx_word' id='word_1_210' title='bbox 1212 2584 1306 2638; x_wconf 92' lang='grc' dir='ltr'>τοῦ</span> <span class='ocrx_word' id='word_1_211' title='bbox 1342 2583 1477 2637; x_wconf 87' lang='grc' dir='ltr'>Θεοῦ</span> <span class='ocrx_word' id='word_1_212' title='bbox 1517 2583 1796 2652; x_wconf 88' lang='grc' dir='ltr'>δυνάμεως</span> <span class='ocrx_word' id='word_1_213' title='bbox 1837 2581 2078 2652; x_wconf 86' lang='grc' dir='ltr'>ὁρῶντας</span> 
     </span>
    </p>
   </div>
   <div class='ocr_carea' id='block_1_27' title="bbox 405 2668 2080 2749">
    <p class='ocr_par' dir='ltr' id='par_1_27' title="bbox 405 2668 2080 2749">
     <span class='ocr_line' id='line_1_27' title="bbox 405 2668 2080 2749; baseline -0.006 -19"><span class='ocrx_word' id='word_1_214' title='bbox 405 2678 629 2749; x_wconf 78' lang='grc' dir='ltr'>θαρρεῖν</span> <span class='ocrx_word' id='word_1_215' title='bbox 654 2674 783 2748; x_wconf 82' lang='grc' dir='ltr'>χρὴ,</span> <span class='ocrx_word' id='word_1_216' title='bbox 821 2675 918 2728; x_wconf 79' lang='grc' dir='ltr'>καὶ</span> <span class='ocrx_word' id='word_1_217' title='bbox 947 2668 1341 2744; x_wconf 72' lang='grc' dir='ltr'>ἐστηριγμένον</span> <span class='ocrx_word' id='word_1_218' title='bbox 1381 2671 1524 2741; x_wconf 88' lang='grc' dir='ltr'>ἔχειν</span> <span class='ocrx_word' id='word_1_219' title='bbox 1550 2671 1640 2723; x_wconf 82' lang='grc' dir='ltr'>τὸν</span> <span class='ocrx_word' id='word_1_220' title='bbox 1671 2669 1947 2738; x_wconf 79' lang='grc' dir='ltr'>λογισμὸν,</span> <span class='ocrx_word' id='word_1_221' title='bbox 1986 2670 2080 2721; x_wconf 74' lang='lat' dir='ltr'><em>xal</em></span> 
     </span>
    </p>
   </div>
   <div class='ocr_carea' id='block_1_28' title="bbox 405 2757 2078 2832">
    <p class='ocr_par' dir='ltr' id='par_1_28' title="bbox 405 2757 2078 2832">
     <span class='ocr_line' id='line_1_28' title="bbox 405 2757 2078 2832; baseline -0.005 -13"><span class='ocrx_word' id='word_1_222' title='bbox 405 2767 602 2820; x_wconf 86' lang='grc' dir='ltr'>είδέναι</span> <span class='ocrx_word' id='word_1_223' title='bbox 631 2765 708 2828; x_wconf 84' lang='grc' dir='ltr'>ὡς</span> <span class='ocrx_word' id='word_1_224' title='bbox 743 2764 960 2826; x_wconf 89' lang='grc' dir='ltr'>πάντως</span> <span class='ocrx_word' id='word_1_225' title='bbox 989 2763 1068 2826; x_wconf 84' lang='grc' dir='ltr'>είς</span> <span class='ocrx_word' id='word_1_226' title='bbox 1097 2761 1257 2832; x_wconf 91' lang='grc' dir='ltr'>ἔργον</span> <span class='ocrx_word' id='word_1_227' title='bbox 1293 2760 1518 2830; x_wconf 80' lang='grc' dir='ltr'>ἐκϐῆναι</span> <span class='ocrx_word' id='word_1_228' title='bbox 1543 2760 1623 2812; x_wconf 87' lang='grc' dir='ltr'>δεῖ</span> <span class='ocrx_word' id='word_1_229' title='bbox 1655 2758 1724 2812; x_wconf 87' lang='grc' dir='ltr'>τὰ</span> <span class='ocrx_word' id='word_1_230' title='bbox 1755 2759 1882 2828; x_wconf 85' lang='grc' dir='ltr'>παρ’</span> <span class='ocrx_word' id='word_1_231' title='bbox 1913 2757 2078 2811; x_wconf 90' lang='grc' dir='ltr'>αὑτοῦ</span> 
     </span>
    </p>
   </div>
   <div class='ocr_carea' id='block_1_29' title="bbox 404 2845 2080 2926">
    <p class='ocr_par' dir='ltr' id='par_1_29' title="bbox 404 2845 2080 2926">
     <span class='ocr_line' id='line_1_29' title="bbox 404 2845 2080 2926; baseline -0.005 -20"><span class='ocrx_word' id='word_1_232' title='bbox 404 2852 671 2926; x_wconf 76' lang='grc' dir='ltr'>εἰρημένα</span> <span class='ocrx_word' id='word_1_233' title='bbox 691 2869 705 2882; x_wconf 74' lang='grc' dir='ltr'>ο</span> <span class='ocrx_word' id='word_1_234' title='bbox 761 2851 926 2905; x_wconf 86' lang='grc' dir='ltr'>Οὐδὲν</span> <span class='ocrx_word' id='word_1_235' title='bbox 970 2850 1080 2920; x_wconf 90' lang='grc' dir='ltr'>γάρ</span> <span class='ocrx_word' id='word_1_236' title='bbox 1126 2851 1274 2902; x_wconf 90' lang='grc' dir='ltr'>ἐστιν</span> <span class='ocrx_word' id='word_1_237' title='bbox 1301 2849 1329 2901; x_wconf 85' lang='grc' dir='ltr'><strong>ὃ</strong></span> <span class='ocrx_word' id='word_1_238' title='bbox 1356 2847 1642 2918; x_wconf 80' lang='grc' dir='ltr'>δυνήσεταί</span> <span class='ocrx_word' id='word_1_239' title='bbox 1672 2864 1798 2899; x_wconf 90' lang='grc' dir='ltr'>ποτε</span> <span class='ocrx_word' id='word_1_240' title='bbox 1830 2845 2080 2914; x_wconf 81' lang='grc' dir='ltr'>διακόψαι</span> 
     </span>
    </p>
   </div>
   <div class='ocr_carea' id='block_1_30' title="bbox 397 2926 2080 3011">
    <p class='ocr_par' dir='ltr' id='par_1_30' title="bbox 397 2926 2080 3011">
     <span class='ocr_line' id='line_1_30' title="bbox 397 2926 2080 3011; baseline -0.005 -16"><span class='ocrx_word' id='word_1_241' title='bbox 397 2942 474 2995; x_wconf 76' lang='grc' dir='ltr'>τά</span> <span class='ocrx_word' id='word_1_242' title='bbox 503 2941 632 3011; x_wconf 88' lang='grc' dir='ltr'>παρ’</span> <span class='ocrx_word' id='word_1_243' title='bbox 662 2938 827 2993; x_wconf 84' lang='grc' dir='ltr'>αὑτοῦ</span> <span class='ocrx_word' id='word_1_244' title='bbox 854 2936 1240 3008; x_wconf 71' lang='grc' dir='ltr'>ἐπηγγελμένα</span> <span class='ocrx_word' id='word_1_245' title='bbox 1261 2951 1274 2963; x_wconf 88' lang='grc'><strong>·</strong></span> <span class='ocrx_word' id='word_1_246' title='bbox 1327 2935 1456 2998; x_wconf 82' lang='grc' dir='ltr'>Θεὸς</span> <span class='ocrx_word' id='word_1_247' title='bbox 1490 2934 1599 3005; x_wconf 89' lang='grc' dir='ltr'>γάρ</span> <span class='ocrx_word' id='word_1_248' title='bbox 1629 2936 1798 2994; x_wconf 89' lang='grc' dir='ltr'>ἐστιν,</span> <span class='ocrx_word' id='word_1_249' title='bbox 1829 2926 1873 3000; x_wconf 83' lang='grc' dir='ltr'><strong>ᾧ</strong></span> <span class='ocrx_word' id='word_1_250' title='bbox 1904 2936 2080 2987; x_wconf 87' lang='grc' dir='ltr'>πάντα</span> 
     </span>
    </p>
   </div>
   <div class='ocr_carea' id='block_1_31' title="bbox 391 3020 2080 3094">
    <p class='ocr_par' dir='ltr' id='par_1_31' title="bbox 391 3020 2080 3094">
     <span class='ocr_line' id='line_1_31' title="bbox 391 3020 2080 3094; baseline -0.006 -10"><span class='ocrx_word' id='word_1_251' title='bbox 391 3027 635 3084; x_wconf 89' lang='grc' dir='ltr'>.·δυνατά·</span> <span class='ocrx_word' id='word_1_252' title='bbox 678 3027 774 3078; x_wconf 65' lang='grc' dir='ltr'>καλ⁸</span> <span class='ocrx_word' id='word_1_253' title='bbox 807 3023 896 3077; x_wconf 86' lang='grc' dir='ltr'>διὰ</span> <span class='ocrx_word' id='word_1_254' title='bbox 933 3023 1094 3076; x_wconf 86' lang='grc' dir='ltr'>τοῦτο</span> <span class='ocrx_word' id='word_1_255' title='bbox 1139 3022 1275 3094; x_wconf 81' lang='grc' dir='ltr'>πρὸς</span> <span class='ocrx_word' id='word_1_256' title='bbox 1312 3022 1340 3074; x_wconf 86' lang='grc' dir='ltr'><strong>ὃ</strong></span> <span class='ocrx_word' id='word_1_257' title='bbox 1385 3021 1651 3091; x_wconf 79' lang='grc' dir='ltr'>βούλεται,</span> <span class='ocrx_word' id='word_1_258' title='bbox 1700 3020 2080 3092; x_wconf 89' lang='grc' dir='ltr'>μεθίστησιτά</span> 
     </span>
    </p>
   </div>
   <div class='ocr_carea' id='block_1_32' title="bbox 405 3107 2081 3187">
    <p class='ocr_par' dir='ltr' id='par_1_32' title="bbox 405 3107 2081 3187">
     <span class='ocr_line' id='line_1_32' title="bbox 405 3107 2081 3187; baseline -0.006 -18"><span class='ocrx_word' id='word_1_259' title='bbox 405 3111 732 3187; x_wconf 81' lang='grc' dir='ltr'>πράγματα,</span> <span class='ocrx_word' id='word_1_260' title='bbox 767 3112 862 3165; x_wconf 67' lang='grc' dir='ltr'>κα)⁵</span> <span class='ocrx_word' id='word_1_261' title='bbox 889 3112 1090 3181; x_wconf 81' lang='grc' dir='ltr'>πόρους</span> <span class='ocrx_word' id='word_1_262' title='bbox 1119 3108 1178 3172; x_wconf 83' lang='grc' dir='ltr'>ἐξ</span> <span class='ocrx_word' id='word_1_263' title='bbox 1201 3110 1419 3179; x_wconf 88' lang='grc' dir='ltr'>ἀπόρων</span> <span class='ocrx_word' id='word_1_264' title='bbox 1441 3109 1618 3178; x_wconf 85' lang='grc' dir='ltr'>εὑρεῖν</span> <span class='ocrx_word' id='word_1_265' title='bbox 1640 3107 1956 3176; x_wconf 78' lang='grc' dir='ltr'>δυνάμενος,</span> <span class='ocrx_word' id='word_1_266' title='bbox 1987 3108 2081 3161; x_wconf 71' lang='grc' dir='ltr'>καὶ</span> 
     </span>
    </p>
   </div>
   <div class='ocr_carea' id='block_1_33' title="bbox 411 3195 2080 3273">
    <p class='ocr_par' dir='ltr' id='par_1_33' title="bbox 411 3195 2080 3273">
     <span class='ocr_line' id='line_1_33' title="bbox 411 3195 2080 3273; baseline -0.005 -16"><span class='ocrx_word' id='word_1_267' title='bbox 411 3205 551 3273; x_wconf 84' lang='grc' dir='ltr'>μετὰ</span> <span class='ocrx_word' id='word_1_268' title='bbox 580 3201 679 3272; x_wconf 80' lang='grc' dir='ltr'>τὴν</span> <span class='ocrx_word' id='word_1_269' title='bbox 707 3199 1022 3268; x_wconf 84' lang='grc' dir='ltr'>ἀπόγνωσιν</span> <span class='ocrx_word' id='word_1_270' title='bbox 1054 3197 1154 3268; x_wconf 81' lang='grc' dir='ltr'>τὴν</span> <span class='ocrx_word' id='word_1_271' title='bbox 1182 3196 1455 3267; x_wconf 80' lang='grc' dir='ltr'>ἡμετέραν</span> <span class='ocrx_word' id='word_1_272' title='bbox 1484 3197 1562 3258; x_wconf 77' lang='grc' dir='ltr'>εἰς</span> <span class='ocrx_word' id='word_1_273' title='bbox 1591 3195 1832 3266; x_wconf 84' lang='grc' dir='ltr'>χρηστὰς</span> <span class='ocrx_word' id='word_1_274' title='bbox 1862 3195 2080 3259; x_wconf 80' lang='grc' dir='ltr'>ἐλπίδας</span> 
     </span>
    </p>
   </div>
   <div class='ocr_carea' id='block_1_34' title="bbox 405 3281 2082 3359">
    <p class='ocr_par' dir='ltr' id='par_1_34' title="bbox 405 3281 2082 3359">
     <span class='ocr_line' id='line_1_34' title="bbox 405 3281 2082 3359; baseline -0.006 -15"><span class='ocrx_word' id='word_1_275' title='bbox 405 3294 577 3359; x_wconf 78' lang='grc' dir='ltr'>ἄγων,</span> <span class='ocrx_word' id='word_1_276' title='bbox 605 3289 672 3342; x_wconf 77' lang='grc' dir='ltr'>ἵν’</span> <span class='ocrx_word' id='word_1_277' title='bbox 703 3286 848 3341; x_wconf 80' lang='grc' dir='ltr'>οὑτω</span> <span class='ocrx_word' id='word_1_278' title='bbox 873 3285 1203 3356; x_wconf 89' lang='grc' dir='ltr'>σαφέστερον</span> <span class='ocrx_word' id='word_1_279' title='bbox 1229 3284 1394 3338; x_wconf 88' lang='grc' dir='ltr'>αὑτοῦ</span> <span class='ocrx_word' id='word_1_280' title='bbox 1429 3282 1786 3352; x_wconf 87' lang='grc' dir='ltr'>μανθάνωμεν</span> <span class='ocrx_word' id='word_1_281' title='bbox 1810 3281 1959 3354; x_wconf 68' lang='grc'>[545]</span> <span class='ocrx_word' id='word_1_282' title='bbox 1983 3283 2082 3353; x_wconf 85' lang='grc' dir='ltr'>τῆς</span> 
     </span>
    </p>
   </div>
   <div class='ocr_carea' id='block_1_35' title="bbox 405 3366 2079 3446">
    <p class='ocr_par' dir='ltr' id='par_1_35' title="bbox 405 3366 2079 3446">
     <span class='ocr_line' id='line_1_35' title="bbox 405 3366 2079 3446; baseline -0.006 -16"><span class='ocrx_word' id='word_1_283' title='bbox 405 3376 713 3446; x_wconf 82' lang='grc' dir='ltr'>εὐμηχάνου</span> <span class='ocrx_word' id='word_1_284' title='bbox 745 3372 936 3440; x_wconf 79' lang='grc' dir='ltr'>σοφίας</span> <span class='ocrx_word' id='word_1_285' title='bbox 962 3371 1062 3440; x_wconf 79' lang='grc' dir='ltr'>τὴν</span> <span class='ocrx_word' id='word_1_286' title='bbox 1089 3368 1416 3440; x_wconf 82' lang='grc' dir='ltr'>ὑπερϐολήν.</span> <span class='ocrx_word' id='word_1_287' title='bbox 1454 3366 1740 3433; x_wconf 77' lang='grc' dir='ltr'>Ἀναστὰς</span> <span class='ocrx_word' id='word_1_288' title='bbox 1767 3368 1895 3438; x_wconf 76' lang='grc' dir='ltr'>γὰρ,</span> <span class='ocrx_word' id='word_1_289' title='bbox 1927 3369 2079 3437; x_wconf 68' lang='grc' dir='ltr'>φησὶ,</span> 
     </span>
    </p>
   </div>
   <div class='ocr_carea' id='block_1_36' title="bbox 404 3454 2082 3529">
    <p class='ocr_par' dir='ltr' id='par_1_36' title="bbox 404 3454 2082 3529">
     <span class='ocr_line' id='line_1_36' title="bbox 404 3454 2082 3529; baseline -0.005 -13"><span class='ocrx_word' id='word_1_290' title='bbox 404 3464 725 3518; x_wconf 82' lang='grc' dir='ltr'>διόδευσον</span> <span class='ocrx_word' id='word_1_291' title='bbox 755 3460 870 3528; x_wconf 78' lang='grc' dir='ltr'>τὴν</span> <span class='ocrx_word' id='word_1_292' title='bbox 899 3459 1039 3529; x_wconf 77' lang='grc' dir='ltr'>γῆν,</span> <span class='ocrx_word' id='word_1_293' title='bbox 1073 3458 1163 3523; x_wconf 76' lang='grc' dir='ltr'>εἵς</span> <span class='ocrx_word' id='word_1_294' title='bbox 1206 3474 1270 3510; x_wconf 86' lang='grc' dir='ltr'>τε</span> <span class='ocrx_word' id='word_1_295' title='bbox 1306 3456 1372 3509; x_wconf 77' lang='grc' dir='ltr'>τὸ</span> <span class='ocrx_word' id='word_1_296' title='bbox 1418 3454 1611 3526; x_wconf 77' lang='grc' dir='ltr'>μῆκος</span> <span class='ocrx_word' id='word_1_297' title='bbox 1647 3455 1837 3523; x_wconf 82' lang='grc' dir='ltr'>αὐτῆς</span> <span class='ocrx_word' id='word_1_298' title='bbox 1873 3456 1969 3508; x_wconf 78' lang='grc' dir='ltr'>καί</span> <span class='ocrx_word' id='word_1_299' title='bbox 1994 3458 2082 3522; x_wconf 73' lang='grc' dir='ltr'>εἰς</span> 
     </span>
    </p>
   </div>
   <div class='ocr_carea' id='block_1_37' title="bbox 405 3541 2082 3615">
    <p class='ocr_par' dir='ltr' id='par_1_37' title="bbox 405 3541 2082 3615">
     <span class='ocr_line' id='line_1_37' title="bbox 405 3541 2082 3615; baseline -0.004 -11"><span class='ocrx_word' id='word_1_300' title='bbox 405 3553 472 3604; x_wconf 80' lang='grc' dir='ltr'>τὸ</span> <span class='ocrx_word' id='word_1_301' title='bbox 504 3551 754 3615; x_wconf 78' lang='grc' dir='ltr'>πλάτος,</span> <span class='ocrx_word' id='word_1_302' title='bbox 780 3547 869 3601; x_wconf 85' lang='grc' dir='ltr'>ὅτι</span> <span class='ocrx_word' id='word_1_303' title='bbox 898 3563 995 3600; x_wconf 89' lang='grc' dir='ltr'>σοι</span> <span class='ocrx_word' id='word_1_304' title='bbox 1019 3544 1192 3599; x_wconf 82' lang='grc' dir='ltr'>δώσω</span> <span class='ocrx_word' id='word_1_305' title='bbox 1209 3542 1422 3611; x_wconf 82' lang='grc' dir='ltr'>αὐτήν.</span> <span class='ocrx_word' id='word_1_306' title='bbox 1440 3544 1580 3613; x_wconf 87' lang='grc' dir='ltr'>Ὅρα</span> <span class='ocrx_word' id='word_1_307' title='bbox 1615 3542 1729 3606; x_wconf 84' lang='grc' dir='ltr'>πῶς</span> <span class='ocrx_word' id='word_1_308' title='bbox 1755 3541 1842 3595; x_wconf 83' lang='grc' dir='ltr'>διὰ</span> <span class='ocrx_word' id='word_1_309' title='bbox 1864 3543 2082 3598; x_wconf 88' lang='grc' dir='ltr'>πάντων</span> 
     </span>
    </p>
   </div>
   <div class='ocr_carea' id='block_1_38' title="bbox 405 3631 2082 3709">
    <p class='ocr_par' dir='ltr' id='par_1_38' title="bbox 405 3631 2082 3709">
     <span class='ocr_line' id='line_1_38' title="bbox 405 3631 2082 3709; baseline -0.006 -16"><span class='ocrx_word' id='word_1_310' title='bbox 405 3639 514 3693; x_wconf 85' lang='grc' dir='ltr'>τῶν</span> <span class='ocrx_word' id='word_1_311' title='bbox 539 3637 878 3709; x_wconf 88' lang='grc' dir='ltr'>πραγμάτων</span> <span class='ocrx_word' id='word_1_312' title='bbox 909 3634 1109 3705; x_wconf 83' lang='grc' dir='ltr'>πολλὴν</span> <span class='ocrx_word' id='word_1_313' title='bbox 1144 3631 1389 3703; x_wconf 85' lang='grc' dir='ltr'>βούλεται</span> <span class='ocrx_word' id='word_1_314' title='bbox 1431 3631 1805 3702; x_wconf 82' lang='grc' dir='ltr'>πληροφορίαν</span> <span class='ocrx_word' id='word_1_315' title='bbox 1851 3631 2082 3684; x_wconf 85' lang='grc' dir='ltr'>ἐνθεῖναι</span> 
     </span>
    </p>
   </div>
   <div class='ocr_carea' id='block_1_39' title="bbox 395 3717 2080 3796">
    <p class='ocr_par' dir='ltr' id='par_1_39' title="bbox 395 3717 2080 3796">
     <span class='ocr_line' id='line_1_39' title="bbox 395 3717 2080 3796; baseline -0.005 -15"><span class='ocrx_word' id='word_1_316' title='bbox 395 3725 483 3796; x_wconf 76' lang='grc' dir='ltr'>τῷ</span> <span class='ocrx_word' id='word_1_317' title='bbox 530 3725 744 3795; x_wconf 87' lang='grc' dir='ltr'>δικαίῳ.</span> <span class='ocrx_word' id='word_1_318' title='bbox 784 3721 1072 3784; x_wconf 76' lang='grc' dir='ltr'>’Δναστάς,</span> <span class='ocrx_word' id='word_1_319' title='bbox 1121 3720 1277 3790; x_wconf 68' lang='grc' dir='ltr'>φησὶ,</span> <span class='ocrx_word' id='word_1_320' title='bbox 1334 3717 1610 3788; x_wconf 89' lang='grc' dir='ltr'>περίελθε,</span> <span class='ocrx_word' id='word_1_321' title='bbox 1654 3719 1748 3773; x_wconf 76' lang='grc' dir='ltr'>καὶ</span> <span class='ocrx_word' id='word_1_322' title='bbox 1797 3719 2080 3789; x_wconf 88' lang='grc' dir='ltr'>κατάμαθε</span> 
     </span>
    </p>
   </div>
   <div class='ocr_carea' id='block_1_40' title="bbox 404 3805 2084 3882">
    <p class='ocr_par' dir='ltr' id='par_1_40' title="bbox 404 3805 2084 3882">
     <span class='ocr_line' id='line_1_40' title="bbox 404 3805 2084 3882; baseline -0.006 -14"><span class='ocrx_word' id='word_1_323' title='bbox 404 3815 501 3869; x_wconf 72' lang='grc' dir='ltr'>καὶ</span> <span class='ocrx_word' id='word_1_324' title='bbox 542 3815 604 3866; x_wconf 81' lang='grc' dir='ltr'>τὸ</span> <span class='ocrx_word' id='word_1_325' title='bbox 641 3811 815 3882; x_wconf 82' lang='grc' dir='ltr'>μῆκος</span> <span class='ocrx_word' id='word_1_326' title='bbox 851 3809 945 3862; x_wconf 80' lang='grc' dir='ltr'>καὶ</span> <span class='ocrx_word' id='word_1_327' title='bbox 980 3808 1040 3861; x_wconf 78' lang='grc' dir='ltr'>τὸ</span> <span class='ocrx_word' id='word_1_328' title='bbox 1074 3807 1297 3871; x_wconf 86' lang='grc' dir='ltr'>πλάτος,</span> <span class='ocrx_word' id='word_1_329' title='bbox 1345 3805 1431 3859; x_wconf 76' lang='grc' dir='ltr'>ἵνα</span> <span class='ocrx_word' id='word_1_330' title='bbox 1465 3805 1659 3859; x_wconf 72' lang='grc' dir='ltr'>εἰδέναι</span> <span class='ocrx_word' id='word_1_331' title='bbox 1692 3805 1822 3878; x_wconf 77' lang='grc' dir='ltr'>ἔχῃς</span> <span class='ocrx_word' id='word_1_332' title='bbox 1873 3807 1968 3859; x_wconf 80' lang='grc' dir='ltr'>καὶ</span> <span class='ocrx_word' id='word_1_333' title='bbox 2023 3806 2084 3858; x_wconf 81' lang='grc' dir='ltr'>τὸ</span> 
     </span>
    </p>
   </div>
   <div class='ocr_carea' id='block_1_41' title="bbox 407 3890 2083 3972">
    <p class='ocr_par' dir='ltr' id='par_1_41' title="bbox 407 3890 2083 3972">
     <span class='ocr_line' id='line_1_41' title="bbox 407 3890 2083 3972; baseline -0.004 -20"><span class='ocrx_word' id='word_1_334' title='bbox 407 3898 639 3972; x_wconf 85' lang='grc' dir='ltr'>μέγεθος</span> <span class='ocrx_word' id='word_1_335' title='bbox 670 3897 768 3968; x_wconf 81' lang='grc' dir='ltr'>τῆς</span> <span class='ocrx_word' id='word_1_336' title='bbox 817 3896 937 3966; x_wconf 79' lang='grc' dir='ltr'>γῆς.</span> <span class='ocrx_word' id='word_1_337' title='bbox 977 3890 1044 3967; x_wconf 75' lang='grc' dir='ltr'>ἧς</span> <span class='ocrx_word' id='word_1_338' title='bbox 1091 3894 1382 3948; x_wconf 76' lang='grc' dir='ltr'>ἀπολαύειν</span> <span class='ocrx_word' id='word_1_339' title='bbox 1430 3892 1667 3963; x_wconf 84' lang='grc' dir='ltr'>μέλλεις,</span> <span class='ocrx_word' id='word_1_340' title='bbox 1718 3894 1812 3946; x_wconf 69' lang='grc' dir='ltr'>καὶ</span> <span class='ocrx_word' id='word_1_341' title='bbox 1848 3893 1954 3963; x_wconf 78' lang='grc' dir='ltr'>πρὸ</span> <span class='ocrx_word' id='word_1_342' title='bbox 1985 3893 2083 3963; x_wconf 79' lang='grc' dir='ltr'>τῆς</span> 
     </span>
    </p>
   </div>
   <div class='ocr_carea' id='block_1_42' title="bbox 409 3976 2083 4054">
    <p class='ocr_par' dir='ltr' id='par_1_42' title="bbox 409 3976 2083 4054">
     <span class='ocr_line' id='line_1_42' title="bbox 409 3976 2083 4054; baseline -0.005 -15"><span class='ocrx_word' id='word_1_343' title='bbox 409 3983 762 4046; x_wconf 78' lang='grc' dir='ltr'>ἀπολαύσεως</span> <span class='ocrx_word' id='word_1_344' title='bbox 788 3983 853 4054; x_wconf 82' lang='grc' dir='ltr'>τῇ</span> <span class='ocrx_word' id='word_1_345' title='bbox 890 3981 1064 4034; x_wconf 83' lang='grc' dir='ltr'>ἐλπίδι</span> <span class='ocrx_word' id='word_1_346' title='bbox 1093 3980 1442 4051; x_wconf 70' lang='grc' dir='ltr'>τρεφόμενος,</span> <span class='ocrx_word' id='word_1_347' title='bbox 1475 3976 1674 4049; x_wconf 81' lang='grc' dir='ltr'>πολλὴν</span> <span class='ocrx_word' id='word_1_348' title='bbox 1709 3979 1837 4049; x_wconf 78' lang='grc' dir='ltr'>ἔχῃς</span> <span class='ocrx_word' id='word_1_349' title='bbox 1871 3977 1967 4048; x_wconf 77' lang='grc' dir='ltr'>τὴν</span> <span class='ocrx_word' id='word_1_350' title='bbox 1993 3979 2083 4030; x_wconf 87' lang='grc' dir='ltr'>εὑ-</span> 
     </span>
    </p>
   </div>
   <div class='ocr_carea' id='block_1_43' title="bbox 407 4063 2079 4143">
    <p class='ocr_par' dir='ltr' id='par_1_43' title="bbox 407 4063 2079 4143">
     <span class='ocr_line' id='line_1_43' title="bbox 407 4063 2079 4143; baseline -0.005 -17"><span class='ocrx_word' id='word_1_351' title='bbox 407 4071 630 4143; x_wconf 83' lang='grc' dir='ltr'>θυμίαν.</span> <span class='ocrx_word' id='word_1_352' title='bbox 657 4069 831 4141; x_wconf 82' lang='grc' dir='ltr'>Ὀσην</span> <span class='ocrx_word' id='word_1_353' title='bbox 863 4069 970 4141; x_wconf 86' lang='grc' dir='ltr'>γὰρ</span> <span class='ocrx_word' id='word_1_354' title='bbox 1006 4067 1070 4122; x_wconf 83' lang='grc' dir='ltr'>ἀν</span> <span class='ocrx_word' id='word_1_355' title='bbox 1102 4065 1393 4138; x_wconf 76' lang='grc' dir='ltr'>περιέλθῃς</span> <span class='ocrx_word' id='word_1_356' title='bbox 1424 4065 1549 4134; x_wconf 81' lang='grc' dir='ltr'>γῆν,</span> <span class='ocrx_word' id='word_1_357' title='bbox 1589 4066 1674 4118; x_wconf 76' lang='grc' dir='ltr'>σοὶ</span> <span class='ocrx_word' id='word_1_358' title='bbox 1702 4065 1857 4118; x_wconf 86' lang='grc' dir='ltr'>δώσω</span> <span class='ocrx_word' id='word_1_359' title='bbox 1889 4063 2079 4134; x_wconf 79' lang='grc' dir='ltr'>αὐτὴν,</span> 
     </span>
    </p>
   </div>
   <div class='ocr_carea' id='block_1_44' title="bbox 405 4150 2084 4231">
    <p class='ocr_par' dir='ltr' id='par_1_44' title="bbox 405 4150 2084 4231">
     <span class='ocr_line' id='line_1_44' title="bbox 405 4150 2084 4231; baseline -0.006 -18"><span class='ocrx_word' id='word_1_360' title='bbox 405 4161 496 4215; x_wconf 82' lang='grc' dir='ltr'>ἵνα</span> <span class='ocrx_word' id='word_1_361' title='bbox 544 4159 721 4231; x_wconf 80' lang='grc' dir='ltr'>μάθῃς</span> <span class='ocrx_word' id='word_1_362' title='bbox 753 4159 836 4212; x_wconf 85' lang='grc' dir='ltr'>ὅτι</span> <span class='ocrx_word' id='word_1_363' title='bbox 865 4157 926 4210; x_wconf 91' lang='grc' dir='ltr'>οὑ</span> <span class='ocrx_word' id='word_1_364' title='bbox 963 4154 1196 4209; x_wconf 88' lang='grc' dir='ltr'>τοσαῦτα</span> <span class='ocrx_word' id='word_1_365' title='bbox 1240 4153 1662 4224; x_wconf 85' lang='grc' dir='ltr'>παρεχώρησας,</span> <span class='ocrx_word' id='word_1_366' title='bbox 1697 4155 1795 4206; x_wconf 82' lang='grc' dir='ltr'>ὅσα</span> <span class='ocrx_word' id='word_1_367' title='bbox 1820 4150 1914 4206; x_wconf 91' lang='grc' dir='ltr'>νῦν</span> <span class='ocrx_word' id='word_1_368' title='bbox 1943 4151 2084 4222; x_wconf 90' lang='grc' dir='ltr'>λαμ-</span> 
     </span>
    </p>
   </div>
   <div class='ocr_carea' id='block_1_45' title="bbox 407 4233 2082 4312">
    <p class='ocr_par' dir='ltr' id='par_1_45' title="bbox 407 4233 2082 4312">
     <span class='ocr_line' id='line_1_45' title="bbox 407 4233 2082 4312; baseline -0.005 -18"><span class='ocrx_word' id='word_1_369' title='bbox 407 4243 591 4296; x_wconf 82' lang='grc' dir='ltr'>ϐάνειν</span> <span class='ocrx_word' id='word_1_370' title='bbox 620 4241 853 4312; x_wconf 89' lang='grc' dir='ltr'>μέλλεις.</span> <span class='ocrx_word' id='word_1_371' title='bbox 878 4238 970 4308; x_wconf 79' lang='grc' dir='ltr'>Μὴ</span> <span class='ocrx_word' id='word_1_372' title='bbox 999 4237 1178 4289; x_wconf 89' lang='grc' dir='ltr'>τοίνυν</span> <span class='ocrx_word' id='word_1_373' title='bbox 1203 4236 1431 4308; x_wconf 77' lang='grc' dir='ltr'>νομίσῃς</span> <span class='ocrx_word' id='word_1_374' title='bbox 1453 4235 1551 4304; x_wconf 79' lang='grc' dir='ltr'>τὴν</span> <span class='ocrx_word' id='word_1_375' title='bbox 1585 4234 1843 4288; x_wconf 88' lang='grc' dir='ltr'>ἐλάττονα</span> <span class='ocrx_word' id='word_1_376' title='bbox 1868 4233 2082 4304; x_wconf 89' lang='grc' dir='ltr'>εἰληφέ-</span> 
     </span>
    </p>
   </div>
   <div class='ocr_carea' id='block_1_46' title="bbox 407 4321 2085 4398">
    <p class='ocr_par' dir='ltr' id='par_1_46' title="bbox 407 4321 2085 4398">
     <span class='ocr_line' id='line_1_46' title="bbox 407 4321 2085 4398; baseline -0.007 -16"><span class='ocrx_word' id='word_1_377' title='bbox 407 4347 514 4393; x_wconf 78' lang='grc' dir='ltr'>ναι,</span> <span class='ocrx_word' id='word_1_378' title='bbox 541 4326 726 4398; x_wconf 80' lang='grc' dir='ltr'>ἐπειδὴ</span> <span class='ocrx_word' id='word_1_379' title='bbox 753 4327 959 4386; x_wconf 86' lang='grc' dir='ltr'>ἐκεῖνος</span> <span class='ocrx_word' id='word_1_380' title='bbox 980 4324 1093 4385; x_wconf 82' lang='grc' dir='ltr'>τοῖς</span> <span class='ocrx_word' id='word_1_381' title='bbox 1128 4321 1414 4392; x_wconf 85' lang='grc' dir='ltr'>πρωτείοις</span> <span class='ocrx_word' id='word_1_382' title='bbox 1443 4321 1787 4389; x_wconf 86' lang='grc' dir='ltr'>φαινομένοις</span> <span class='ocrx_word' id='word_1_383' title='bbox 1810 4321 2085 4391; x_wconf 88' lang='grc' dir='ltr'>ἐπεπήδη-</span> 
     </span>
    </p>
   </div>
   <div class='ocr_carea' id='block_1_47' title="bbox 412 4407 2076 4484">
    <p class='ocr_par' dir='ltr' id='par_1_47' title="bbox 412 4407 2076 4484">
     <span class='ocr_line' id='line_1_47' title="bbox 412 4407 2076 4484; baseline -0.004 -18"><span class='ocrx_word' id='word_1_384' title='bbox 412 4433 522 4468; x_wconf 81' lang='grc' dir='ltr'>σεν.</span> <span class='ocrx_word' id='word_1_385' title='bbox 567 4415 704 4484; x_wconf 74' lang='grc' dir='ltr'>Εἴσῃ</span> <span class='ocrx_word' id='word_1_386' title='bbox 731 4411 787 4463; x_wconf 83' lang='grc' dir='ltr'>δὲ</span> <span class='ocrx_word' id='word_1_387' title='bbox 819 4411 936 4479; x_wconf 86' lang='grc' dir='ltr'>μετ’</span> <span class='ocrx_word' id='word_1_388' title='bbox 965 4410 1025 4460; x_wconf 87' lang='grc' dir='ltr'>οὑ</span> <span class='ocrx_word' id='word_1_389' title='bbox 1074 4407 1207 4460; x_wconf 88' lang='grc' dir='ltr'>πολὺ</span> <span class='ocrx_word' id='word_1_390' title='bbox 1239 4408 1304 4460; x_wconf 82' lang='grc' dir='ltr'>δι’</span> <span class='ocrx_word' id='word_1_391' title='bbox 1339 4407 1517 4462; x_wconf 85' lang='grc' dir='ltr'>αὐτῶν</span> <span class='ocrx_word' id='word_1_392' title='bbox 1551 4407 1660 4461; x_wconf 87' lang='grc' dir='ltr'>τῶν</span> <span class='ocrx_word' id='word_1_393' title='bbox 1705 4408 2076 4479; x_wconf 82' lang='grc' dir='ltr'>πραγμάτων,</span> 
     </span>
    </p>
   </div>
   <div class='ocr_carea' id='block_1_48' title="bbox 407 4492 2084 4568">
    <p class='ocr_par' dir='ltr' id='par_1_48' title="bbox 407 4492 2084 4568">
     <span class='ocr_line' id='line_1_48' title="bbox 407 4492 2084 4568; baseline -0.002 -14"><span class='ocrx_word' id='word_1_394' title='bbox 407 4504 489 4554; x_wconf 74' lang='grc' dir='ltr'>ὅτι</span> <span class='ocrx_word' id='word_1_395' title='bbox 522 4501 582 4553; x_wconf 86' lang='grc' dir='ltr'>οὐ</span> <span class='ocrx_word' id='word_1_396' title='bbox 616 4496 898 4568; x_wconf 83' lang='grc' dir='ltr'>λυσιτελής</span> <span class='ocrx_word' id='word_1_397' title='bbox 933 4492 1001 4567; x_wconf 81' lang='grc' dir='ltr'>ἦν</span> <span class='ocrx_word' id='word_1_398' title='bbox 1027 4493 1175 4564; x_wconf 89' lang='grc' dir='ltr'>αὑτῷ</span> <span class='ocrx_word' id='word_1_399' title='bbox 1206 4494 1312 4546; x_wconf 88' lang='grc' dir='ltr'>τῶν</span> <span class='ocrx_word' id='word_1_400' title='bbox 1341 4493 1622 4564; x_wconf 83' lang='grc' dir='ltr'>πρωτείων</span> <span class='ocrx_word' id='word_1_401' title='bbox 1649 4497 1681 4565; x_wconf 89' lang='grc' dir='ltr'>ή</span> <span class='ocrx_word' id='word_1_402' title='bbox 1717 4495 1914 4567; x_wconf 89' lang='grc' dir='ltr'>ἐκλογή</span> <span class='ocrx_word' id='word_1_403' title='bbox 1945 4509 1955 4524; x_wconf 86' lang='lat'><strong>&#39;</strong></span> <span class='ocrx_word' id='word_1_404' title='bbox 1992 4499 2084 4550; x_wconf 78' lang='grc' dir='ltr'>καὶ</span> 
     </span>
    </p>
   </div>
   <div class='ocr_carea' id='block_1_49' title="bbox 408 4581 2081 4656">
    <p class='ocr_par' dir='ltr' id='par_1_49' title="bbox 408 4581 2081 4656">
     <span class='ocr_line' id='line_1_49' title="bbox 408 4581 2081 4656; baseline -0.004 -13"><span class='ocrx_word' id='word_1_405' title='bbox 408 4589 572 4652; x_wconf 74' lang='grc' dir='ltr'>αὐτὸς</span> <span class='ocrx_word' id='word_1_406' title='bbox 595 4587 651 4642; x_wconf 84' lang='grc' dir='ltr'>δέ</span> <span class='ocrx_word' id='word_1_407' title='bbox 671 4587 874 4648; x_wconf 88' lang='grc' dir='ltr'>ἐκεῖνος</span> <span class='ocrx_word' id='word_1_408' title='bbox 903 4583 1227 4656; x_wconf 88' lang='grc' dir='ltr'>μαθήσεται,</span> <span class='ocrx_word' id='word_1_409' title='bbox 1251 4581 1374 4634; x_wconf 83' lang='grc' dir='ltr'>ὅσον</span> <span class='ocrx_word' id='word_1_410' title='bbox 1403 4581 1519 4634; x_wconf 77' lang='grc' dir='ltr'>ἐστὶ</span> <span class='ocrx_word' id='word_1_411' title='bbox 1539 4582 1709 4636; x_wconf 75' lang='grc' dir='ltr'>κακόν</span> <span class='ocrx_word' id='word_1_412' title='bbox 1725 4583 1785 4635; x_wconf 83' lang='grc' dir='ltr'>τὸ</span> <span class='ocrx_word' id='word_1_413' title='bbox 1796 4583 1903 4636; x_wconf 86' lang='grc' dir='ltr'>τῶν</span> <span class='ocrx_word' id='word_1_414' title='bbox 1929 4601 2081 4654; x_wconf 85' lang='grc' dir='ltr'>πρω-</span> 
     </span>
    </p>
   </div>
   <div class='ocr_carea' id='block_1_50' title="bbox 407 4667 2084 4747">
    <p class='ocr_par' dir='ltr' id='par_1_50' title="bbox 407 4667 2084 4747">
     <span class='ocr_line' id='line_1_50' title="bbox 407 4667 2084 4747; baseline -0.005 -17"><span class='ocrx_word' id='word_1_415' title='bbox 407 4677 566 4730; x_wconf 85' lang='grc' dir='ltr'>τείων</span> <span class='ocrx_word' id='word_1_416' title='bbox 593 4676 746 4747; x_wconf 77' lang='grc' dir='ltr'>ἐρᾷν.</span> <span class='ocrx_word' id='word_1_417' title='bbox 775 4672 993 4735; x_wconf 87' lang='grc' dir='ltr'>Τέωςδέ</span> <span class='ocrx_word' id='word_1_418' title='bbox 1015 4668 1177 4734; x_wconf 75' lang='grc' dir='ltr'>αὐτὸς</span> <span class='ocrx_word' id='word_1_419' title='bbox 1204 4667 1431 4737; x_wconf 80' lang='grc' dir='ltr'>κομίζου</span> <span class='ocrx_word' id='word_1_420' title='bbox 1458 4669 1554 4739; x_wconf 86' lang='grc' dir='ltr'>τῆς</span> <span class='ocrx_word' id='word_1_421' title='bbox 1587 4671 2084 4742; x_wconf 83' lang='grc' dir='ltr'>ταπεινοφροσύνης</span> 
     </span>
    </p>
   </div>
   <div class='ocr_carea' id='block_1_51' title="bbox 407 4757 2081 4834">
    <p class='ocr_par' dir='ltr' id='par_1_51' title="bbox 407 4757 2081 4834">
     <span class='ocr_line' id='line_1_51' title="bbox 407 4757 2081 4834; baseline -0.005 -14"><span class='ocrx_word' id='word_1_422' title='bbox 407 4767 502 4821; x_wconf 71' lang='grc' dir='ltr'>καὶ</span> <span class='ocrx_word' id='word_1_423' title='bbox 543 4764 644 4834; x_wconf 82' lang='grc' dir='ltr'>τῆς</span> <span class='ocrx_word' id='word_1_424' title='bbox 699 4760 1019 4826; x_wconf 85' lang='grc' dir='ltr'>ἐπιεικείας,</span> <span class='ocrx_word' id='word_1_425' title='bbox 1066 4760 1133 4829; x_wconf 82' lang='grc' dir='ltr'>ῆν</span> <span class='ocrx_word' id='word_1_426' title='bbox 1181 4758 1309 4829; x_wconf 79' lang='grc' dir='ltr'>περὶ</span> <span class='ocrx_word' id='word_1_427' title='bbox 1341 4758 1433 4811; x_wconf 83' lang='grc' dir='ltr'>τὸν</span> <span class='ocrx_word' id='word_1_428' title='bbox 1463 4757 1774 4827; x_wconf 83' lang='grc' dir='ltr'>ἀδελφιδοῦν</span> <span class='ocrx_word' id='word_1_429' title='bbox 1802 4759 2081 4825; x_wconf 80' lang='grc' dir='ltr'>ἐπεδείξω,</span> 
     </span>
    </p>
   </div>
   <div class='ocr_carea' id='block_1_52' title="bbox 409 4845 2083 4922">
    <p class='ocr_par' dir='ltr' id='par_1_52' title="bbox 409 4845 2083 4922">
     <span class='ocr_line' id='line_1_52' title="bbox 409 4845 2083 4922; baseline -0.005 -16"><span class='ocrx_word' id='word_1_430' title='bbox 409 4854 508 4915; x_wconf 71' lang='grc' dir='ltr'>τὰς</span> <span class='ocrx_word' id='word_1_431' title='bbox 545 4849 801 4922; x_wconf 82' lang='grc' dir='ltr'>ἀμοιϐάς,</span> <span class='ocrx_word' id='word_1_432' title='bbox 831 4848 924 4901; x_wconf 76' lang='grc' dir='ltr'>καὶ</span> <span class='ocrx_word' id='word_1_433' title='bbox 951 4846 1108 4917; x_wconf 83' lang='grc' dir='ltr'>δέχου</span> <span class='ocrx_word' id='word_1_434' title='bbox 1156 4846 1255 4916; x_wconf 82' lang='grc' dir='ltr'>τὴν</span> <span class='ocrx_word' id='word_1_435' title='bbox 1287 4845 1600 4914; x_wconf 80' lang='grc' dir='ltr'>ὑπόσχεσιν,</span> <span class='ocrx_word' id='word_1_436' title='bbox 1647 4845 1741 4898; x_wconf 77' lang='grc' dir='ltr'>καὶ</span> <span class='ocrx_word' id='word_1_437' title='bbox 1776 4845 1878 4915; x_wconf 84' lang='grc' dir='ltr'>ήδη</span> <span class='ocrx_word' id='word_1_438' title='bbox 1913 4863 2083 4901; x_wconf 87' lang='grc' dir='ltr'>κατα-</span> 
     </span>
    </p>
   </div>
   <div class='ocr_carea' id='block_1_53' title="bbox 418 4927 2082 5010">
    <p class='ocr_par' dir='ltr' id='par_1_53' title="bbox 418 4927 2082 5010">
     <span class='ocr_line' id='line_1_53' title="bbox 418 4927 2082 5010; baseline -0.004 -18"><span class='ocrx_word' id='word_1_439' title='bbox 418 4939 652 5010; x_wconf 88' lang='grc' dir='ltr'>μάνθανε</span> <span class='ocrx_word' id='word_1_440' title='bbox 678 4936 776 5008; x_wconf 79' lang='grc' dir='ltr'>τὴν</span> <span class='ocrx_word' id='word_1_441' title='bbox 803 4935 909 5005; x_wconf 81' lang='grc' dir='ltr'>γῆν</span> <span class='ocrx_word' id='word_1_442' title='bbox 936 4933 1174 5001; x_wconf 79' lang='grc' dir='ltr'>ἅπασαν,</span> <span class='ocrx_word' id='word_1_443' title='bbox 1199 4928 1266 5004; x_wconf 82' lang='grc' dir='ltr'>ἦς</span> <span class='ocrx_word' id='word_1_444' title='bbox 1285 4933 1471 5004; x_wconf 87' lang='grc' dir='ltr'>κύριος</span> <span class='ocrx_word' id='word_1_445' title='bbox 1505 4927 1573 4997; x_wconf 83' lang='grc' dir='ltr'>εἷ,</span> <span class='ocrx_word' id='word_1_446' title='bbox 1605 4933 1698 4984; x_wconf 68' lang='grc' dir='ltr'>καὶ</span> <span class='ocrx_word' id='word_1_447' title='bbox 1729 4933 1844 5002; x_wconf 82' lang='grc' dir='ltr'>μετ’</span> <span class='ocrx_word' id='word_1_448' title='bbox 1865 4933 1926 4985; x_wconf 91' lang='grc' dir='ltr'>οὑ</span> <span class='ocrx_word' id='word_1_449' title='bbox 1949 4934 2082 4986; x_wconf 85' lang='grc' dir='ltr'>πολὺ</span> 
     </span>
    </p>
   </div>
   <div class='ocr_carea' id='block_1_54' title="bbox 413 5018 2084 5091">
    <p class='ocr_par' dir='ltr' id='par_1_54' title="bbox 413 5018 2084 5091">
     <span class='ocr_line' id='line_1_54' title="bbox 413 5018 2084 5091; baseline -0.003 -14"><span class='ocrx_word' id='word_1_450' title='bbox 413 5026 508 5078; x_wconf 72' lang='grc' dir='ltr'>καὶ</span> <span class='ocrx_word' id='word_1_451' title='bbox 543 5023 703 5087; x_wconf 80' lang='grc' dir='ltr'>αὐτὸς</span> <span class='ocrx_word' id='word_1_452' title='bbox 740 5023 834 5077; x_wconf 70' lang='grc' dir='ltr'>καὶ</span> <span class='ocrx_word' id='word_1_453' title='bbox 862 5022 922 5076; x_wconf 82' lang='grc' dir='ltr'>τὸ</span> <span class='ocrx_word' id='word_1_454' title='bbox 953 5021 1176 5091; x_wconf 90' lang='grc' dir='ltr'>σπέρμα</span> <span class='ocrx_word' id='word_1_455' title='bbox 1216 5019 1277 5072; x_wconf 80' lang='grc' dir='ltr'>τὸ</span> <span class='ocrx_word' id='word_1_456' title='bbox 1315 5019 1407 5072; x_wconf 91' lang='grc' dir='ltr'>σὸν</span> <span class='ocrx_word' id='word_1_457' title='bbox 1443 5020 1521 5082; x_wconf 91' lang='grc' dir='ltr'>είς</span> <span class='ocrx_word' id='word_1_458' title='bbox 1547 5019 1607 5072; x_wconf 76' lang='grc' dir='ltr'>τὸ</span> <span class='ocrx_word' id='word_1_459' title='bbox 1641 5018 1883 5087; x_wconf 85' lang='grc' dir='ltr'>διηνεκὲς</span> <span class='ocrx_word' id='word_1_460' title='bbox 1923 5019 2084 5073; x_wconf 80' lang='grc' dir='ltr'>καθέ-</span> 
     </span>
    </p>
   </div>
   <div class='ocr_carea' id='block_1_55' title="bbox 415 5105 2084 5179">
    <p class='ocr_par' dir='ltr' id='par_1_55' title="bbox 415 5105 2084 5179">
     <span class='ocr_line' id='line_1_55' title="bbox 415 5105 2084 5179; baseline -0.002 -14"><span class='ocrx_word' id='word_1_461' title='bbox 415 5113 555 5177; x_wconf 81' lang='grc' dir='ltr'>ξετε.</span> <span class='ocrx_word' id='word_1_462' title='bbox 579 5111 687 5166; x_wconf 80' lang='grc' dir='ltr'>Καὶ</span> <span class='ocrx_word' id='word_1_463' title='bbox 718 5109 800 5177; x_wconf 82' lang='grc' dir='ltr'>τῷ</span> <span class='ocrx_word' id='word_1_464' title='bbox 823 5107 1119 5179; x_wconf 81' lang='grc' dir='ltr'>σπέρματι</span> <span class='ocrx_word' id='word_1_465' title='bbox 1154 5123 1272 5161; x_wconf 88' lang='grc' dir='ltr'>σου</span> <span class='ocrx_word' id='word_1_466' title='bbox 1302 5105 1432 5178; x_wconf 86' lang='grc' dir='ltr'>γὰρ,</span> <span class='ocrx_word' id='word_1_467' title='bbox 1458 5107 1642 5178; x_wconf 77' lang='grc' dir='ltr'>φησὶν,</span> <span class='ocrx_word' id='word_1_468' title='bbox 1681 5106 1791 5171; x_wconf 82' lang='grc' dir='ltr'>ἕως</span> <span class='ocrx_word' id='word_1_469' title='bbox 1819 5107 1926 5161; x_wconf 84' lang='grc' dir='ltr'>τοῦ</span> <span class='ocrx_word' id='word_1_470' title='bbox 1951 5106 2084 5161; x_wconf 75' lang='grc' dir='ltr'>αἰῶ-</span> 
     </span>
    </p>
   </div>
   <div class='ocr_carea' id='block_1_56' title="bbox 409 5193 2083 5268">
    <p class='ocr_par' dir='ltr' id='par_1_56' title="bbox 409 5193 2083 5268">
     <span class='ocr_line' id='line_1_56' title="bbox 409 5193 2083 5268; baseline -0.004 -14"><span class='ocrx_word' id='word_1_471' title='bbox 409 5218 536 5266; x_wconf 77' lang='grc' dir='ltr'>νος.</span> <span class='ocrx_word' id='word_1_472' title='bbox 571 5199 712 5252; x_wconf 84' lang='grc' dir='ltr'>Πολὺ</span> <span class='ocrx_word' id='word_1_473' title='bbox 751 5199 848 5268; x_wconf 82' lang='grc' dir='ltr'>τῆς</span> <span class='ocrx_word' id='word_1_474' title='bbox 874 5195 1207 5265; x_wconf 88' lang='grc' dir='ltr'>ἐπαγγελίας</span> <span class='ocrx_word' id='word_1_475' title='bbox 1235 5193 1328 5247; x_wconf 92' lang='grc' dir='ltr'>τοῦ</span> <span class='ocrx_word' id='word_1_476' title='bbox 1365 5193 1501 5246; x_wconf 89' lang='grc' dir='ltr'>Θεοῦ</span> <span class='ocrx_word' id='word_1_477' title='bbox 1540 5194 1599 5246; x_wconf 75' lang='grc' dir='ltr'>τὸ</span> <span class='ocrx_word' id='word_1_478' title='bbox 1629 5194 1878 5263; x_wconf 83' lang='grc' dir='ltr'>μέγεθος,</span> <span class='ocrx_word' id='word_1_479' title='bbox 1913 5196 2083 5267; x_wconf 83' lang='grc' dir='ltr'>πολλὴ</span> 
     </span>
    </p>
   </div>
   <div class='ocr_carea' id='block_1_57' title="bbox 409 5280 2081 5358">
    <p class='ocr_par' dir='ltr' id='par_1_57' title="bbox 409 5280 2081 5358">
     <span class='ocr_line' id='line_1_57' title="bbox 409 5280 2081 5358; baseline -0.004 -18"><span class='ocrx_word' id='word_1_480' title='bbox 409 5290 506 5358; x_wconf 77' lang='grc' dir='ltr'>τῆς</span> <span class='ocrx_word' id='word_1_481' title='bbox 541 5286 851 5356; x_wconf 88' lang='grc' dir='ltr'>φιλοτιμίας</span> <span class='ocrx_word' id='word_1_482' title='bbox 882 5284 973 5338; x_wconf 88' lang='grc' dir='ltr'>τοῦ</span> <span class='ocrx_word' id='word_1_483' title='bbox 1009 5284 1227 5338; x_wconf 89' lang='grc' dir='ltr'>πάντων</span> <span class='ocrx_word' id='word_1_484' title='bbox 1251 5280 1410 5351; x_wconf 82' lang='grc' dir='ltr'>ἡμῶν</span> <span class='ocrx_word' id='word_1_485' title='bbox 1441 5281 1714 5334; x_wconf 88' lang='grc' dir='ltr'>Δεσπότου</span> <span class='ocrx_word' id='word_1_486' title='bbox 1749 5283 1782 5352; x_wconf 87' lang='grc' dir='ltr'>ή</span> <span class='ocrx_word' id='word_1_487' title='bbox 1811 5282 2081 5351; x_wconf 78' lang='grc' dir='ltr'>δαψίλεια,</span> 
     </span>
    </p>
   </div>
   <div class='ocr_carea' id='block_1_58' title="bbox 411 5367 2085 5447">
    <p class='ocr_par' dir='ltr' id='par_1_58' title="bbox 411 5367 2085 5447">
     <span class='ocr_line' id='line_1_58' title="bbox 411 5367 2085 5447; baseline -0.003 -19"><span class='ocrx_word' id='word_1_488' title='bbox 411 5375 581 5447; x_wconf 76' lang='grc' dir='ltr'>πολλὴ</span> <span class='ocrx_word' id='word_1_489' title='bbox 610 5374 707 5446; x_wconf 83' lang='grc' dir='ltr'>τῆς</span> <span class='ocrx_word' id='word_1_490' title='bbox 732 5374 966 5445; x_wconf 81' lang='grc' dir='ltr'>ἀμοιϐῆς</span> <span class='ocrx_word' id='word_1_491' title='bbox 987 5371 1082 5425; x_wconf 87' lang='grc' dir='ltr'>τοῦ</span> <span class='ocrx_word' id='word_1_492' title='bbox 1105 5367 1486 5440; x_wconf 82' lang='grc' dir='ltr'>φιλανθρώπου</span> <span class='ocrx_word' id='word_1_493' title='bbox 1508 5369 1602 5422; x_wconf 78' lang='grc' dir='ltr'>καὶ</span> <span class='ocrx_word' id='word_1_494' title='bbox 1635 5370 2085 5441; x_wconf 86' lang='grc' dir='ltr'>πανοικτίρμονος</span> 
     </span>
    </p>
   </div>
   <div class='ocr_carea' id='block_1_59' title="bbox 412 5454 2084 5534">
    <p class='ocr_par' dir='ltr' id='par_1_59' title="bbox 412 5454 2084 5534">
     <span class='ocr_line' id='line_1_59' title="bbox 412 5454 2084 5534; baseline -0.004 -17"><span class='ocrx_word' id='word_1_495' title='bbox 412 5464 446 5534; x_wconf 84' lang='grc' dir='ltr'>ἠ</span> <span class='ocrx_word' id='word_1_496' title='bbox 486 5459 782 5534; x_wconf 79' lang='grc' dir='ltr'>ὑπερϐολὴ,</span> <span class='ocrx_word' id='word_1_497' title='bbox 829 5461 898 5532; x_wconf 80' lang='grc' dir='ltr'>ἢν</span> <span class='ocrx_word' id='word_1_498' title='bbox 935 5460 1064 5530; x_wconf 74' lang='grc' dir='ltr'>περὶ</span> <span class='ocrx_word' id='word_1_499' title='bbox 1095 5459 1191 5512; x_wconf 87' lang='grc' dir='ltr'>τὸν</span> <span class='ocrx_word' id='word_1_500' title='bbox 1227 5456 1497 5528; x_wconf 88' lang='grc' dir='ltr'>μακάριον</span> <span class='ocrx_word' id='word_1_501' title='bbox 1537 5454 1726 5509; x_wconf 88' lang='grc' dir='ltr'>τοῦτον</span> <span class='ocrx_word' id='word_1_502' title='bbox 1770 5458 2084 5526; x_wconf 88' lang='grc' dir='ltr'>ἐποιήσατο,</span> 
     </span>
    </p>
   </div>
   <div class='ocr_carea' id='block_1_60' title="bbox 413 5543 2082 5620">
    <p class='ocr_par' dir='ltr' id='par_1_60' title="bbox 413 5543 2082 5620">
     <span class='ocr_line' id='line_1_60' title="bbox 413 5543 2082 5620; baseline -0.002 -18"><span class='ocrx_word' id='word_1_503' title='bbox 413 5552 507 5603; x_wconf 74' lang='grc' dir='ltr'>καὶ</span> <span class='ocrx_word' id='word_1_504' title='bbox 534 5551 612 5620; x_wconf 78' lang='grc' dir='ltr'>τῷ</span> <span class='ocrx_word' id='word_1_505' title='bbox 650 5550 710 5616; x_wconf 80' lang='grc' dir='ltr'>ἐξ</span> <span class='ocrx_word' id='word_1_506' title='bbox 751 5547 916 5605; x_wconf 84' lang='grc' dir='ltr'>αὑτοῦ</span> <span class='ocrx_word' id='word_1_507' title='bbox 956 5546 1198 5618; x_wconf 84' lang='grc' dir='ltr'>μέλλοντι</span> <span class='ocrx_word' id='word_1_508' title='bbox 1230 5544 1508 5598; x_wconf 88' lang='grc' dir='ltr'>τίκτεσθαι</span> <span class='ocrx_word' id='word_1_509' title='bbox 1559 5543 1853 5614; x_wconf 85' lang='grc' dir='ltr'>σπέρματι.</span> <span class='ocrx_word' id='word_1_510' title='bbox 1897 5544 2082 5598; x_wconf 86' lang='grc' dir='ltr'>Ταῦτα</span> 
     </span>
    </p>
   </div>
   <div class='ocr_carea' id='block_1_61' title="bbox 415 5631 2082 5707">
    <p class='ocr_par' dir='ltr' id='par_1_61' title="bbox 415 5631 2082 5707">
     <span class='ocr_line' id='line_1_61' title="bbox 415 5631 2082 5707; baseline -0.001 -18"><span class='ocrx_word' id='word_1_511' title='bbox 415 5637 652 5700; x_wconf 69' lang='grc' dir='ltr'>ἀκούσας</span> <span class='ocrx_word' id='word_1_512' title='bbox 681 5638 710 5689; x_wconf 89' lang='grc' dir='ltr'>ὁ</span> <span class='ocrx_word' id='word_1_513' title='bbox 738 5636 1103 5707; x_wconf 81' lang='grc' dir='ltr'>πατριάρχης,</span> <span class='ocrx_word' id='word_1_514' title='bbox 1144 5633 1238 5685; x_wconf 73' lang='grc' dir='ltr'>καὶ</span> <span class='ocrx_word' id='word_1_515' title='bbox 1281 5631 1576 5700; x_wconf 73' lang='grc' dir='ltr'>ἐκπλαγεὶς</span> <span class='ocrx_word' id='word_1_516' title='bbox 1609 5631 1708 5702; x_wconf 81' lang='grc' dir='ltr'>τὴν</span> <span class='ocrx_word' id='word_1_517' title='bbox 1753 5631 1958 5702; x_wconf 79' lang='grc' dir='ltr'>ἄφατον</span> <span class='ocrx_word' id='word_1_518' title='bbox 1987 5633 2082 5687; x_wconf 90' lang='grc' dir='ltr'>τοῦ</span> 
     </span>
    </p>
   </div>
   <div class='ocr_carea' id='block_1_62' title="bbox 414 5717 2078 5792">
    <p class='ocr_par' dir='ltr' id='par_1_62' title="bbox 414 5717 2078 5792">
     <span class='ocr_line' id='line_1_62' title="bbox 414 5717 2078 5792; baseline 0 -16"><span class='ocrx_word' id='word_1_519' title='bbox 414 5721 550 5776; x_wconf 83' lang='grc' dir='ltr'>Θεοῦ</span> <span class='ocrx_word' id='word_1_520' title='bbox 580 5723 909 5792; x_wconf 84' lang='grc' dir='ltr'>ἀγαθὸτητα,</span> <span class='ocrx_word' id='word_1_521' title='bbox 944 5717 1427 5786; x_wconf 78' lang='grc' dir='ltr'>Ἀποσκηνώσας,</span> <span class='ocrx_word' id='word_1_522' title='bbox 1459 5719 1644 5791; x_wconf 67' lang='grc' dir='ltr'>φησιν,</span> <span class='ocrx_word' id='word_1_523' title='bbox 1669 5719 1862 5776; x_wconf 77' lang='grc' dir='ltr'>ἐλθὼν</span> <span class='ocrx_word' id='word_1_524' title='bbox 1892 5720 2078 5787; x_wconf 78' lang='grc' dir='ltr'>κατῴ-</span> 
     </span>
    </p>
   </div>
   <div class='ocr_carea' id='block_1_63' title="bbox 1181 313 3040 385">
    <p class='ocr_par' dir='ltr' id='par_1_63' title="bbox 1181 313 3040 385">
     <span class='ocr_line' id='line_1_63' title="bbox 1181 313 3040 385; baseline -0.006 -3"><span class='ocrx_word' id='word_1_525' title='bbox 1181 331 1240 385; x_wconf 82' lang='lat' dir='ltr'>S.</span> <span class='ocrx_word' id='word_1_526' title='bbox 1282 325 1568 384; x_wconf 77' lang='lat' dir='ltr'>JOANNIS</span> <span class='ocrx_word' id='word_1_527' title='bbox 1605 317 2096 381; x_wconf 79' lang='lat' dir='ltr'>CIIRYSOSTOMI</span> <span class='ocrx_word' id='word_1_528' title='bbox 2135 313 2452 372; x_wconf 75' lang='lat' dir='ltr'>ARCIIIEP.</span> <span class='ocrx_word' id='word_1_529' title='bbox 2495 315 3040 374; x_wconf 68' lang='lat' dir='ltr'>CONST&#39;ANTINOP.</span> 
     </span>
    </p>
   </div>
   <div class='ocr_carea' id='block_1_64' title="bbox 3749 308 3863 369">
    <p class='ocr_par' dir='ltr' id='par_1_64' title="bbox 3749 308 3863 369">
     <span class='ocr_line' id='line_1_64' title="bbox 3749 308 3863 369; baseline 0.026 -3"><span class='ocrx_word' id='word_1_530' title='bbox 3749 308 3863 369; x_wconf 58' lang='lat' dir='ltr'>MS</span> 
     </span>
    </p>
   </div>
   <div class='ocr_carea' id='block_1_65' title="bbox 2179 427 3861 502">
    <p class='ocr_par' dir='ltr' id='par_1_65' title="bbox 2179 427 3861 502">
     <span class='ocr_line' id='line_1_65' title="bbox 2179 427 3861 502; baseline -0.002 -16"><span class='ocrx_word' id='word_1_531' title='bbox 2179 449 2333 502; x_wconf 75' lang='grc' dir='ltr'>κησε</span> <span class='ocrx_word' id='word_1_532' title='bbox 2368 434 2527 502; x_wconf 81' lang='grc' dir='ltr'>παρὰ</span> <span class='ocrx_word' id='word_1_533' title='bbox 2554 433 2667 499; x_wconf 81' lang='grc' dir='ltr'>τὴν</span> <span class='ocrx_word' id='word_1_534' title='bbox 2707 432 2856 502; x_wconf 73' lang='grc' dir='ltr'>δρῦν</span> <span class='ocrx_word' id='word_1_535' title='bbox 2887 431 3004 498; x_wconf 77' lang='grc' dir='ltr'>τὴν</span> <span class='ocrx_word' id='word_1_536' title='bbox 3034 427 3303 498; x_wconf 79' lang='grc' dir='ltr'>Μαμὸρὴ,</span> <span class='ocrx_word' id='word_1_537' title='bbox 3334 427 3445 494; x_wconf 75' lang='grc' dir='ltr'>τὴν</span> <span class='ocrx_word' id='word_1_538' title='bbox 3477 427 3547 481; x_wconf 77' lang='grc' dir='ltr'>ἐν</span> 
     </span>
    </p>
   </div>
   <div class='ocr_carea' id='block_1_66' title="bbox 2175 514 3868 590">
    <p class='ocr_par' dir='ltr' id='par_1_66' title="bbox 2175 514 3868 590">
     <span class='ocr_line' id='line_1_66' title="bbox 2175 514 3868 590; baseline -0.004 -16"><span class='ocrx_word' id='word_1_539' title='bbox 2175 521 2330 574; x_wconf 88' lang='grc' dir='ltr'>Μετά</span> <span class='ocrx_word' id='word_1_540' title='bbox 2357 522 2418 574; x_wconf 83' lang='grc' dir='ltr'>τὸ</span> <span class='ocrx_word' id='word_1_541' title='bbox 2447 521 2720 586; x_wconf 80' lang='grc' dir='ltr'>δέξασθαι,</span> <span class='ocrx_word' id='word_1_542' title='bbox 2751 520 2903 590; x_wconf 78' lang='grc' dir='ltr'>φησὶ,</span> <span class='ocrx_word' id='word_1_543' title='bbox 2940 519 3038 588; x_wconf 86' lang='grc' dir='ltr'>τὴν</span> <span class='ocrx_word' id='word_1_544' title='bbox 3066 515 3418 584; x_wconf 84' lang='grc' dir='ltr'>ἐπαγγελίαν,</span> <span class='ocrx_word' id='word_1_545' title='bbox 3444 515 3538 569; x_wconf 74' lang='grc' dir='ltr'>καὶ</span> <span class='ocrx_word' id='word_1_546' title='bbox 3561 514 3653 567; x_wconf 77' lang='grc' dir='ltr'>τὸν</span> <span class='ocrx_word' id='word_1_547' title='bbox 3688 532 3868 585; x_wconf 56' lang='lat' dir='ltr'>Impu-</span> 
     </span>
    </p>
   </div>
   <div class='ocr_carea' id='block_1_67' title="bbox 2177 602 3866 680">
    <p class='ocr_par' dir='ltr' id='par_1_67' title="bbox 2177 602 3866 680">
     <span class='ocr_line' id='line_1_67' title="bbox 2177 602 3866 680; baseline -0.004 -18"><span class='ocrx_word' id='word_1_548' title='bbox 2177 610 2313 680; x_wconf 84' lang='grc' dir='ltr'>σμὸν</span> <span class='ocrx_word' id='word_1_549' title='bbox 2344 609 2598 678; x_wconf 90' lang='grc' dir='ltr'>γενέσθαι</span> <span class='ocrx_word' id='word_1_550' title='bbox 2640 608 2734 661; x_wconf 88' lang='grc' dir='ltr'>τοῦ</span> <span class='ocrx_word' id='word_1_551' title='bbox 2779 606 2922 670; x_wconf 86' lang='grc' dir='ltr'>Λὼτ,</span> <span class='ocrx_word' id='word_1_552' title='bbox 2968 606 3067 676; x_wconf 79' lang='grc' dir='ltr'>τὴν</span> <span class='ocrx_word' id='word_1_553' title='bbox 3118 605 3324 676; x_wconf 80' lang='grc' dir='ltr'>σκηνὴν</span> <span class='ocrx_word' id='word_1_554' title='bbox 3358 602 3518 657; x_wconf 87' lang='grc' dir='ltr'>αὐτοῦ</span> <span class='ocrx_word' id='word_1_555' title='bbox 3574 602 3866 673; x_wconf 79' lang='grc' dir='ltr'>μετῴκισι</span> 
     </span>
    </p>
   </div>
   <div class='ocr_carea' id='block_1_68' title="bbox 2177 689 3867 768">
    <p class='ocr_par' dir='ltr' id='par_1_68' title="bbox 2177 689 3867 768">
     <span class='ocr_line' id='line_1_68' title="bbox 2177 689 3867 768; baseline -0.004 -20"><span class='ocrx_word' id='word_1_556' title='bbox 2177 697 2327 767; x_wconf 86' lang='grc' dir='ltr'>παρά</span> <span class='ocrx_word' id='word_1_557' title='bbox 2357 696 2455 766; x_wconf 83' lang='grc' dir='ltr'>τὴν</span> <span class='ocrx_word' id='word_1_558' title='bbox 2483 694 2614 768; x_wconf 89' lang='grc' dir='ltr'>δρῦν</span> <span class='ocrx_word' id='word_1_559' title='bbox 2642 695 2740 766; x_wconf 82' lang='grc' dir='ltr'>τὴν</span> <span class='ocrx_word' id='word_1_560' title='bbox 2782 693 3052 766; x_wconf 88' lang='grc' dir='ltr'>Μαμϐρή.</span> <span class='ocrx_word' id='word_1_561' title='bbox 3078 693 3221 763; x_wconf 89' lang='grc' dir='ltr'>Ὅρα</span> <span class='ocrx_word' id='word_1_562' title='bbox 3273 691 3560 760; x_wconf 86' lang='grc' dir='ltr'>φιλόσοφον</span> <span class='ocrx_word' id='word_1_563' title='bbox 3604 689 3867 760; x_wconf 83' lang='grc' dir='ltr'>γνώμην,</span> 
     </span>
    </p>
   </div>
   <div class='ocr_carea' id='block_1_69' title="bbox 2177 778 3868 855">
    <p class='ocr_par' dir='ltr' id='par_1_69' title="bbox 2177 778 3868 855">
     <span class='ocr_line' id='line_1_69' title="bbox 2177 778 3868 855; baseline -0.004 -19"><span class='ocrx_word' id='word_1_564' title='bbox 2177 785 2276 855; x_wconf 84' lang='grc' dir='ltr'>ὅρα</span> <span class='ocrx_word' id='word_1_565' title='bbox 2310 786 2652 855; x_wconf 89' lang='grc' dir='ltr'>φρονήματος</span> <span class='ocrx_word' id='word_1_566' title='bbox 2689 783 2839 852; x_wconf 51' lang='grc' dir='ltr'>ὑέος,</span> <span class='ocrx_word' id='word_1_567' title='bbox 2873 782 2990 844; x_wconf 87' lang='grc' dir='ltr'>πῶς</span> <span class='ocrx_word' id='word_1_568' title='bbox 3023 781 3139 852; x_wconf 84' lang='grc' dir='ltr'>μετ’</span> <span class='ocrx_word' id='word_1_569' title='bbox 3160 779 3410 842; x_wconf 82' lang='grc' dir='ltr'>εὐκολίας</span> <span class='ocrx_word' id='word_1_570' title='bbox 3443 778 3868 849; x_wconf 83' lang='grc' dir='ltr'>μετανίσταται,</span> 
     </span>
    </p>
   </div>
   <div class='ocr_carea' id='block_1_70' title="bbox 2179 863 3868 943">
    <p class='ocr_par' dir='ltr' id='par_1_70' title="bbox 2179 863 3868 943">
     <span class='ocr_line' id='line_1_70' title="bbox 2179 863 3868 943; baseline -0.004 -19"><span class='ocrx_word' id='word_1_571' title='bbox 2179 873 2274 925; x_wconf 68' lang='grc' dir='ltr'>καὶ</span> <span class='ocrx_word' id='word_1_572' title='bbox 2303 871 2364 924; x_wconf 91' lang='grc' dir='ltr'>οὑ</span> <span class='ocrx_word' id='word_1_573' title='bbox 2394 871 2735 942; x_wconf 86' lang='grc' dir='ltr'>δυσχεραίνει</span> <span class='ocrx_word' id='word_1_574' title='bbox 2767 870 2902 943; x_wconf 75' lang='grc' dir='ltr'>πρὸς</span> <span class='ocrx_word' id='word_1_575' title='bbox 2945 869 3006 922; x_wconf 86' lang='grc' dir='ltr'>τὸ</span> <span class='ocrx_word' id='word_1_576' title='bbox 3039 866 3235 931; x_wconf 86' lang='grc' dir='ltr'>τόπους</span> <span class='ocrx_word' id='word_1_577' title='bbox 3267 869 3332 920; x_wconf 88' lang='grc' dir='ltr'>ἐκ</span> <span class='ocrx_word' id='word_1_578' title='bbox 3360 867 3541 920; x_wconf 90' lang='grc' dir='ltr'>τόπων</span> <span class='ocrx_word' id='word_1_579' title='bbox 3577 863 3868 934; x_wconf 85' lang='grc' dir='ltr'>ἀμείϐειν.</span> 
     </span>
    </p>
   </div>
   <div class='ocr_carea' id='block_1_71' title="bbox 2180 951 3871 1030">
    <p class='ocr_par' dir='ltr' id='par_1_71' title="bbox 2180 951 3871 1030">
     <span class='ocr_line' id='line_1_71' title="bbox 2180 951 3871 1030; baseline -0.005 -19"><span class='ocrx_word' id='word_1_580' title='bbox 2180 959 2289 1012; x_wconf 89' lang='lat' dir='ltr'>Kal</span> <span class='ocrx_word' id='word_1_581' title='bbox 2320 959 2427 1029; x_wconf 84' lang='grc' dir='ltr'>γὰρ</span> <span class='ocrx_word' id='word_1_582' title='bbox 2459 960 2709 1030; x_wconf 83' lang='grc' dir='ltr'>εὑρήσεις</span> <span class='ocrx_word' id='word_1_583' title='bbox 2740 959 2902 1012; x_wconf 69' lang='grc' dir='ltr'>αὑτὸν</span> <span class='ocrx_word' id='word_1_584' title='bbox 2927 957 2988 1011; x_wconf 88' lang='grc' dir='ltr'>οὑ</span> <span class='ocrx_word' id='word_1_585' title='bbox 3021 955 3282 1026; x_wconf 79' lang='grc' dir='ltr'>συνηθείᾳ</span> <span class='ocrx_word' id='word_1_586' title='bbox 3313 955 3419 1007; x_wconf 60' lang='grc' dir='ltr'>τινλ⁵</span> <span class='ocrx_word' id='word_1_587' title='bbox 3447 951 3871 1024; x_wconf 85' lang='grc' dir='ltr'>προκατειλημ-</span> 
     </span>
    </p>
   </div>
   <div class='ocr_carea' id='block_1_72' title="bbox 2183 1040 3870 1117">
    <p class='ocr_par' dir='ltr' id='par_1_72' title="bbox 2183 1040 3870 1117">
     <span class='ocr_line' id='line_1_72' title="bbox 2183 1040 3870 1117; baseline -0.005 -18"><span class='ocrx_word' id='word_1_588' title='bbox 2183 1047 2343 1116; x_wconf 84' lang='grc' dir='ltr'>μένον</span> <span class='ocrx_word' id='word_1_589' title='bbox 2371 1048 2467 1099; x_wconf 76' lang='grc' dir='ltr'>καὶ</span> <span class='ocrx_word' id='word_1_590' title='bbox 2497 1046 2923 1117; x_wconf 85' lang='grc' dir='ltr'>προστετηκότα,</span> <span class='ocrx_word' id='word_1_591' title='bbox 2946 1045 2975 1097; x_wconf 84' lang='grc' dir='ltr'>ὃ</span> <span class='ocrx_word' id='word_1_592' title='bbox 3012 1042 3196 1096; x_wconf 81' lang='grc' dir='ltr'>πολλοὶ</span> <span class='ocrx_word' id='word_1_593' title='bbox 3237 1041 3495 1104; x_wconf 84' lang='grc' dir='ltr'>πολλάκις</span> <span class='ocrx_word' id='word_1_594' title='bbox 3521 1040 3870 1109; x_wconf 78' lang='grc' dir='ltr'>ὑπομένουσι</span> 
     </span>
    </p>
   </div>
   <div class='ocr_carea' id='block_1_73' title="bbox 2181 1127 3870 1202">
    <p class='ocr_par' dir='ltr' id='par_1_73' title="bbox 2181 1127 3870 1202">
     <span class='ocr_line' id='line_1_73' title="bbox 2181 1127 3870 1202; baseline -0.005 -16"><span class='ocrx_word' id='word_1_595' title='bbox 2181 1136 2274 1188; x_wconf 80' lang='grc' dir='ltr'>καὶ</span> <span class='ocrx_word' id='word_1_596' title='bbox 2295 1134 2401 1188; x_wconf 87' lang='grc' dir='ltr'>τῶν</span> <span class='ocrx_word' id='word_1_597' title='bbox 2421 1135 2719 1188; x_wconf 88' lang='grc' dir='ltr'>δοκούντων</span> <span class='ocrx_word' id='word_1_598' title='bbox 2748 1135 3078 1202; x_wconf 86' lang='grc' dir='ltr'>φιλοσοφεῖν,</span> <span class='ocrx_word' id='word_1_599' title='bbox 3100 1133 3194 1186; x_wconf 75' lang='grc' dir='ltr'>καὶ</span> <span class='ocrx_word' id='word_1_600' title='bbox 3215 1131 3324 1184; x_wconf 87' lang='grc' dir='ltr'>τῶν</span> <span class='ocrx_word' id='word_1_601' title='bbox 3349 1131 3408 1184; x_wconf 87' lang='grc' dir='ltr'>ἐν</span> <span class='ocrx_word' id='word_1_602' title='bbox 3438 1128 3585 1200; x_wconf 78' lang='grc' dir='ltr'>μέσῳ</span> <span class='ocrx_word' id='word_1_603' title='bbox 3607 1127 3870 1200; x_wconf 82' lang='grc' dir='ltr'>θορύϐων</span> 
     </span>
    </p>
   </div>
   <div class='ocr_carea' id='block_1_74' title="bbox 2179 1216 3869 1294">
    <p class='ocr_par' dir='ltr' id='par_1_74' title="bbox 2179 1216 3869 1294">
     <span class='ocr_line' id='line_1_74' title="bbox 2179 1216 3869 1294; baseline -0.006 -18"><span class='ocrx_word' id='word_1_604' title='bbox 2179 1223 2552 1294; x_wconf 85' lang='grc' dir='ltr'>ἀπηλλάχθαι·</span> <span class='ocrx_word' id='word_1_605' title='bbox 2609 1223 2703 1277; x_wconf 77' lang='grc' dir='ltr'>καὶ</span> <span class='ocrx_word' id='word_1_606' title='bbox 2735 1225 2939 1277; x_wconf 80' lang='grc' dir='ltr'>εἴποτε</span> <span class='ocrx_word' id='word_1_607' title='bbox 2971 1221 3160 1293; x_wconf 81' lang='grc' dir='ltr'>καιρὸς</span> <span class='ocrx_word' id='word_1_608' title='bbox 3195 1219 3385 1288; x_wconf 86' lang='grc' dir='ltr'>καλοίη</span> <span class='ocrx_word' id='word_1_609' title='bbox 3429 1216 3869 1289; x_wconf 78' lang='grc' dir='ltr'>μεταναστῆναι,</span> 
     </span>
    </p>
   </div>
   <div class='ocr_carea' id='block_1_75' title="bbox 2180 1304 3869 1381">
    <p class='ocr_par' dir='ltr' id='par_1_75' title="bbox 2180 1304 3869 1381">
     <span class='ocr_line' id='line_1_75' title="bbox 2180 1304 3869 1381; baseline -0.005 -19"><span class='ocrx_word' id='word_1_610' title='bbox 2180 1312 2274 1362; x_wconf 74' lang='grc' dir='ltr'>καὶ</span> <span class='ocrx_word' id='word_1_611' title='bbox 2303 1313 2380 1374; x_wconf 88' lang='grc' dir='ltr'>είς</span> <span class='ocrx_word' id='word_1_612' title='bbox 2409 1312 2506 1380; x_wconf 89' lang='grc' dir='ltr'>τὴν</span> <span class='ocrx_word' id='word_1_613' title='bbox 2533 1310 2816 1381; x_wconf 89' lang='grc' dir='ltr'>ἀλλοτρίαν</span> <span class='ocrx_word' id='word_1_614' title='bbox 2842 1309 3120 1371; x_wconf 84' lang='grc' dir='ltr'>ἀπελθεῖν,</span> <span class='ocrx_word' id='word_1_615' title='bbox 3155 1306 3417 1369; x_wconf 88' lang='grc' dir='ltr'>πολλάκις</span> <span class='ocrx_word' id='word_1_616' title='bbox 3449 1304 3542 1358; x_wconf 77' lang='grc' dir='ltr'>καὶ</span> <span class='ocrx_word' id='word_1_617' title='bbox 3563 1321 3869 1372; x_wconf 83' lang='grc' dir='ltr'>πνευματι-</span> 
     </span>
    </p>
   </div>
   <div class='ocr_carea' id='block_1_76' title="bbox 2181 1390 3868 1470">
    <p class='ocr_par' dir='ltr' id='par_1_76' title="bbox 2181 1390 3868 1470">
     <span class='ocr_line' id='line_1_76' title="bbox 2181 1390 3868 1470; baseline -0.005 -20"><span class='ocrx_word' id='word_1_618' title='bbox 2181 1398 2278 1451; x_wconf 92' lang='grc' dir='ltr'>κοῦ</span> <span class='ocrx_word' id='word_1_619' title='bbox 2301 1400 2621 1470; x_wconf 89' lang='grc' dir='ltr'>πράγματος</span> <span class='ocrx_word' id='word_1_620' title='bbox 2635 1399 2818 1460; x_wconf 86' lang='grc' dir='ltr'>ἐνεκα,</span> <span class='ocrx_word' id='word_1_621' title='bbox 2837 1397 3307 1468; x_wconf 84' lang='grc' dir='ltr'>δυσχεραίνοντας,</span> <span class='ocrx_word' id='word_1_622' title='bbox 3331 1393 3614 1455; x_wconf 88' lang='grc' dir='ltr'>ἀλύοντας,</span> <span class='ocrx_word' id='word_1_623' title='bbox 3638 1390 3868 1462; x_wconf 83' lang='grc' dir='ltr'>βαρέως</span> 
     </span>
    </p>
   </div>
   <div class='ocr_carea' id='block_1_77' title="bbox 2181 1478 3864 1558">
    <p class='ocr_par' dir='ltr' id='par_1_77' title="bbox 2181 1478 3864 1558">
     <span class='ocr_line' id='line_1_77' title="bbox 2181 1478 3864 1558; baseline -0.005 -20"><span class='ocrx_word' id='word_1_624' title='bbox 2181 1485 2447 1557; x_wconf 87' lang='grc' dir='ltr'>φέροντας</span> <span class='ocrx_word' id='word_1_625' title='bbox 2484 1487 2584 1558; x_wconf 83' lang='grc' dir='ltr'>τὴν</span> <span class='ocrx_word' id='word_1_626' title='bbox 2621 1487 2949 1557; x_wconf 88' lang='grc' dir='ltr'>μετάστασιν</span> <span class='ocrx_word' id='word_1_627' title='bbox 2983 1485 3164 1554; x_wconf 84' lang='grc' dir='ltr'>εὑροις</span> <span class='ocrx_word' id='word_1_628' title='bbox 3200 1483 3267 1536; x_wconf 88' lang='grc' dir='ltr'>ἂν</span> <span class='ocrx_word' id='word_1_629' title='bbox 3305 1482 3524 1544; x_wconf 80' lang='grc' dir='ltr'>αὐτοὺς,</span> <span class='ocrx_word' id='word_1_630' title='bbox 3571 1479 3662 1532; x_wconf 87' lang='grc' dir='ltr'>διά</span> <span class='ocrx_word' id='word_1_631' title='bbox 3702 1478 3768 1530; x_wconf 85' lang='grc' dir='ltr'>τὸ</span> <span class='ocrx_word' id='word_1_632' title='bbox 3800 1480 3864 1545; x_wconf 83' lang='grc' dir='ltr'>τῇ</span> 
     </span>
    </p>
   </div>
   <div class='ocr_carea' id='block_1_78' title="bbox 2183 1562 3865 1644">
    <p class='ocr_par' dir='ltr' id='par_1_78' title="bbox 2183 1562 3865 1644">
     <span class='ocr_line' id='line_1_78' title="bbox 2183 1562 3865 1644; baseline -0.005 -20"><span class='ocrx_word' id='word_1_633' title='bbox 2183 1573 2438 1644; x_wconf 75' lang='grc' dir='ltr'>συνηθείᾳ</span> <span class='ocrx_word' id='word_1_634' title='bbox 2470 1573 2852 1644; x_wconf 81' lang='grc' dir='ltr'>προειλῆφθαι.</span> <span class='ocrx_word' id='word_1_635' title='bbox 2885 1571 3024 1625; x_wconf 80' lang='grc' dir='ltr'>Ἀλλ’</span> <span class='ocrx_word' id='word_1_636' title='bbox 3049 1573 3148 1640; x_wconf 86' lang='grc' dir='ltr'>οὐχ</span> <span class='ocrx_word' id='word_1_637' title='bbox 3178 1572 3206 1622; x_wconf 91' lang='grc' dir='ltr'>ὁ</span> <span class='ocrx_word' id='word_1_638' title='bbox 3249 1569 3455 1631; x_wconf 90' lang='grc' dir='ltr'>δίκαιος</span> <span class='ocrx_word' id='word_1_639' title='bbox 3502 1565 3705 1632; x_wconf 84' lang='grc' dir='ltr'>οὑτως,</span> <span class='ocrx_word' id='word_1_640' title='bbox 3751 1562 3865 1616; x_wconf 67' lang='grc' dir='ltr'>ἀλλ’</span> 
     </span>
    </p>
   </div>
   <div class='ocr_carea' id='block_1_79' title="bbox 2181 1650 3864 1731">
    <p class='ocr_par' dir='ltr' id='par_1_79' title="bbox 2181 1650 3864 1731">
     <span class='ocr_line' id='line_1_79' title="bbox 2181 1650 3864 1731; baseline -0.007 -18"><span class='ocrx_word' id='word_1_641' title='bbox 2181 1659 2388 1713; x_wconf 82' lang='grc' dir='ltr'>ἀνωθεν</span> <span class='ocrx_word' id='word_1_642' title='bbox 2409 1661 2503 1713; x_wconf 70' lang='grc' dir='ltr'>καὶ</span> <span class='ocrx_word' id='word_1_643' title='bbox 2539 1661 2603 1713; x_wconf 92' lang='grc' dir='ltr'>ἐκ</span> <span class='ocrx_word' id='word_1_644' title='bbox 2625 1660 2926 1731; x_wconf 86' lang='grc' dir='ltr'>προοιμίων</span> <span class='ocrx_word' id='word_1_645' title='bbox 2956 1657 3295 1727; x_wconf 84' lang='grc' dir='ltr'>ἐφιλοσόφει·</span> <span class='ocrx_word' id='word_1_646' title='bbox 3339 1655 3433 1708; x_wconf 72' lang='grc' dir='ltr'>καὶ</span> <span class='ocrx_word' id='word_1_647' title='bbox 3479 1652 3744 1720; x_wconf 87' lang='grc' dir='ltr'>καθάπερ</span> <span class='ocrx_word' id='word_1_648' title='bbox 3785 1650 3864 1712; x_wconf 80' lang='grc' dir='ltr'>ξέ-</span> 
     </span>
    </p>
   </div>
   <div class='ocr_carea' id='block_1_80' title="bbox 2181 1731 3861 1818">
    <p class='ocr_par' dir='ltr' id='par_1_80' title="bbox 2181 1731 3861 1818">
     <span class='ocr_line' id='line_1_80' title="bbox 2181 1731 3861 1818; baseline -0.007 -18"><span class='ocrx_word' id='word_1_649' title='bbox 2181 1764 2269 1810; x_wconf 91' lang='grc' dir='ltr'>νος</span> <span class='ocrx_word' id='word_1_650' title='bbox 2288 1747 2382 1801; x_wconf 73' lang='grc' dir='ltr'>καὶ</span> <span class='ocrx_word' id='word_1_651' title='bbox 2409 1747 2804 1818; x_wconf 87' lang='grc' dir='ltr'>παρεπίδημος,</span> <span class='ocrx_word' id='word_1_652' title='bbox 2834 1745 3009 1809; x_wconf 83' lang='grc' dir='ltr'>οὑτως</span> <span class='ocrx_word' id='word_1_653' title='bbox 3037 1743 3287 1798; x_wconf 86' lang='grc' dir='ltr'>ἐντεῦθεν</span> <span class='ocrx_word' id='word_1_654' title='bbox 3316 1743 3453 1805; x_wconf 85' lang='grc' dir='ltr'>ἐκεῖ,</span> <span class='ocrx_word' id='word_1_655' title='bbox 3482 1738 3744 1794; x_wconf 84' lang='grc' dir='ltr'>κάκεῖθεν</span> <span class='ocrx_word' id='word_1_656' title='bbox 3762 1731 3861 1790; x_wconf 78' lang='grc' dir='ltr'>ὦδε</span> 
     </span>
    </p>
   </div>
   <div class='ocr_carea' id='block_1_81' title="bbox 2185 1820 3859 1900">
    <p class='ocr_par' dir='ltr' id='par_1_81' title="bbox 2185 1820 3859 1900">
     <span class='ocr_line' id='line_1_81' title="bbox 2185 1820 3859 1900; baseline -0.007 -17"><span class='ocrx_word' id='word_1_657' title='bbox 2185 1830 2666 1900; x_wconf 88' lang='grc' dir='ltr'>μετανιστάμενος,</span> <span class='ocrx_word' id='word_1_658' title='bbox 2699 1830 2793 1882; x_wconf 75' lang='grc' dir='ltr'>καὶ</span> <span class='ocrx_word' id='word_1_659' title='bbox 2827 1828 3103 1900; x_wconf 90' lang='grc' dir='ltr'>πανταχοῦ</span> <span class='ocrx_word' id='word_1_660' title='bbox 3136 1827 3234 1898; x_wconf 83' lang='grc' dir='ltr'>τὴν</span> <span class='ocrx_word' id='word_1_661' title='bbox 3260 1825 3507 1896; x_wconf 88' lang='grc' dir='ltr'>φιλόθεον</span> <span class='ocrx_word' id='word_1_662' title='bbox 3530 1821 3700 1876; x_wconf 80' lang='grc' dir='ltr'>αὐτοῦ</span> <span class='ocrx_word' id='word_1_663' title='bbox 3725 1820 3859 1888; x_wconf 76' lang='grc' dir='ltr'>γνώο</span> 
     </span>
    </p>
   </div>
   <div class='ocr_carea' id='block_1_82' title="bbox 2185 1907 3858 1990">
    <p class='ocr_par' dir='ltr' id='par_1_82' title="bbox 2185 1907 3858 1990">
     <span class='ocr_line' id='line_1_82' title="bbox 2185 1907 3858 1990; baseline -0.006 -21"><span class='ocrx_word' id='word_1_664' title='bbox 2185 1935 2291 1987; x_wconf 89' lang='grc' dir='ltr'>μην</span> <span class='ocrx_word' id='word_1_665' title='bbox 2323 1917 2412 1970; x_wconf 86' lang='grc' dir='ltr'>διὰ</span> <span class='ocrx_word' id='word_1_666' title='bbox 2453 1916 2560 1970; x_wconf 85' lang='grc' dir='ltr'>τῶν</span> <span class='ocrx_word' id='word_1_667' title='bbox 2593 1917 2770 1990; x_wconf 78' lang='grc' dir='ltr'>ἔργων</span> <span class='ocrx_word' id='word_1_668' title='bbox 2808 1915 3138 1979; x_wconf 82' lang='grc' dir='ltr'>ἐσπούδαζεν</span> <span class='ocrx_word' id='word_1_669' title='bbox 3177 1911 3599 1968; x_wconf 88' lang='grc' dir='ltr'>ἐπιδείκνυσθαι.</span> <span class='ocrx_word' id='word_1_670' title='bbox 3636 1907 3858 1977; x_wconf 83' lang='grc' dir='ltr'>Ἐπειδὴ</span> 
     </span>
    </p>
   </div>
   <div class='ocr_carea' id='block_1_83' title="bbox 2182 1996 3855 2076">
    <p class='ocr_par' dir='ltr' id='par_1_83' title="bbox 2182 1996 3855 2076">
     <span class='ocr_line' id='line_1_83' title="bbox 2182 1996 3855 2076; baseline -0.007 -17"><span class='ocrx_word' id='word_1_671' title='bbox 2182 2004 2292 2076; x_wconf 87' lang='grc' dir='ltr'>γὰρ</span> <span class='ocrx_word' id='word_1_672' title='bbox 2319 2005 2703 2075; x_wconf 85' lang='grc' dir='ltr'>κατεσκήνωσε</span> <span class='ocrx_word' id='word_1_673' title='bbox 2740 2004 2892 2076; x_wconf 90' lang='grc' dir='ltr'>παρά</span> <span class='ocrx_word' id='word_1_674' title='bbox 2918 2005 3017 2076; x_wconf 81' lang='grc' dir='ltr'>τὴν</span> <span class='ocrx_word' id='word_1_675' title='bbox 3055 2002 3186 2074; x_wconf 88' lang='grc' dir='ltr'>δρῦν</span> <span class='ocrx_word' id='word_1_676' title='bbox 3219 2002 3317 2073; x_wconf 81' lang='grc' dir='ltr'>τὴν</span> <span class='ocrx_word' id='word_1_677' title='bbox 3353 1999 3621 2069; x_wconf 81' lang='grc' dir='ltr'>Μαμϐρὴ,</span> <span class='ocrx_word' id='word_1_678' title='bbox 3653 1996 3855 2058; x_wconf 81' lang='grc' dir='ltr'>εὐθέως</span> 
     </span>
    </p>
   </div>
   <div class='ocr_carea' id='block_1_84' title="bbox 2183 2083 3858 2164">
    <p class='ocr_par' dir='ltr' id='par_1_84' title="bbox 2183 2083 3858 2164">
     <span class='ocr_line' id='line_1_84' title="bbox 2183 2083 3858 2164; baseline -0.006 -18"><span class='ocrx_word' id='word_1_679' title='bbox 2183 2095 2300 2147; x_wconf 81' lang='grc' dir='ltr'>ἐκεῖ</span> <span class='ocrx_word' id='word_1_680' title='bbox 2327 2093 2712 2164; x_wconf 79' lang='grc' dir='ltr'>θυσιαστήριον</span> <span class='ocrx_word' id='word_1_681' title='bbox 2739 2092 3055 2164; x_wconf 84' lang='grc' dir='ltr'>ᾠκοδόμησε</span> <span class='ocrx_word' id='word_1_682' title='bbox 3095 2091 3172 2162; x_wconf 81' lang='grc' dir='ltr'>τῷ</span> <span class='ocrx_word' id='word_1_683' title='bbox 3202 2091 3414 2162; x_wconf 84' lang='grc' dir='ltr'>Κυρίῳ.</span> <span class='ocrx_word' id='word_1_684' title='bbox 3449 2083 3605 2149; x_wconf 70' lang='grc' dir='ltr'>Εἶδες</span> <span class='ocrx_word' id='word_1_685' title='bbox 3635 2083 3858 2154; x_wconf 86' lang='grc' dir='ltr'>εὐχάρι-</span> 
     </span>
    </p>
   </div>
   <div class='ocr_carea' id='block_1_85' title="bbox 2184 2172 3855 2255">
    <p class='ocr_par' dir='ltr' id='par_1_85' title="bbox 2184 2172 3855 2255">
     <span class='ocr_line' id='line_1_85' title="bbox 2184 2172 3855 2255; baseline 0 -22"><span class='ocrx_word' id='word_1_686' title='bbox 2184 2197 2306 2234; x_wconf 87' lang='grc' dir='ltr'>στον</span> <span class='ocrx_word' id='word_1_687' title='bbox 2334 2179 2586 2250; x_wconf 85' lang='grc' dir='ltr'>γνὼμην;</span> <span class='ocrx_word' id='word_1_688' title='bbox 2625 2181 2844 2252; x_wconf 82' lang='grc' dir='ltr'>Ἐπειδὴ</span> <span class='ocrx_word' id='word_1_689' title='bbox 2863 2181 2983 2255; x_wconf 32' lang='grc' dir='ltr'>,γὰρ</span> <span class='ocrx_word' id='word_1_690' title='bbox 3016 2179 3113 2250; x_wconf 80' lang='grc' dir='ltr'>τὴν</span> <span class='ocrx_word' id='word_1_691' title='bbox 3147 2177 3349 2249; x_wconf 83' lang='grc' dir='ltr'>σκηνὴν</span> <span class='ocrx_word' id='word_1_692' title='bbox 3374 2175 3633 2247; x_wconf 81' lang='grc' dir='ltr'>ἐπήξατο,</span> <span class='ocrx_word' id='word_1_693' title='bbox 3655 2172 3855 2233; x_wconf 81' lang='grc' dir='ltr'>εὐθέως</span> 
     </span>
    </p>
   </div>
   <div class='ocr_carea' id='block_1_86' title="bbox 2182 2261 3854 2339">
    <p class='ocr_par' dir='ltr' id='par_1_86' title="bbox 2182 2261 3854 2339">
     <span class='ocr_line' id='line_1_86' title="bbox 2182 2261 3854 2339; baseline -0.003 -19"><span class='ocrx_word' id='word_1_694' title='bbox 2182 2267 2320 2338; x_wconf 84' lang='grc' dir='ltr'>ὑπὲρ</span> <span class='ocrx_word' id='word_1_695' title='bbox 2337 2268 2434 2337; x_wconf 78' lang='grc' dir='ltr'>τῆς</span> <span class='ocrx_word' id='word_1_696' title='bbox 2459 2268 2829 2339; x_wconf 88' lang='grc' dir='ltr'>γεγενημένης</span> <span class='ocrx_word' id='word_1_697' title='bbox 2851 2267 2998 2337; x_wconf 86' lang='grc' dir='ltr'>αὐτῷ</span> <span class='ocrx_word' id='word_1_698' title='bbox 3028 2265 3360 2335; x_wconf 80' lang='grc' dir='ltr'>ἐπαγγελίας</span> <span class='ocrx_word' id='word_1_699' title='bbox 3386 2264 3484 2327; x_wconf 92' lang='grc' dir='ltr'>τάς</span> <span class='ocrx_word' id='word_1_700' title='bbox 3507 2261 3854 2332; x_wconf 77' lang='grc' dir='ltr'>εὐχαριστίας</span> 
     </span>
    </p>
   </div>
   <div class='ocr_carea' id='block_1_87' title="bbox 2182 2349 3852 2430">
    <p class='ocr_par' dir='ltr' id='par_1_87' title="bbox 2182 2349 3852 2430">
     <span class='ocr_line' id='line_1_87' title="bbox 2182 2349 3852 2430; baseline -0.006 -22"><span class='ocrx_word' id='word_1_701' title='bbox 2182 2355 2414 2426; x_wconf 89' lang='grc' dir='ltr'>ἀνέφερε</span> <span class='ocrx_word' id='word_1_702' title='bbox 2439 2355 2518 2426; x_wconf 81' lang='grc' dir='ltr'>τῷ</span> <span class='ocrx_word' id='word_1_703' title='bbox 2540 2356 2804 2430; x_wconf 81' lang='grc' dir='ltr'>Δεσπότῃ.</span> <span class='ocrx_word' id='word_1_704' title='bbox 2832 2355 2941 2409; x_wconf 86' lang='lat' dir='ltr'><em>Kal</em></span> <span class='ocrx_word' id='word_1_705' title='bbox 2968 2355 3088 2409; x_wconf 83' lang='grc' dir='ltr'>καθ’</span> <span class='ocrx_word' id='word_1_706' title='bbox 3114 2355 3345 2408; x_wconf 76' lang='grc' dir='ltr'>ἕκαστον</span> <span class='ocrx_word' id='word_1_707' title='bbox 3368 2353 3551 2412; x_wconf 84' lang='grc' dir='ltr'>τόπον,</span> <span class='ocrx_word' id='word_1_708' title='bbox 3578 2349 3710 2402; x_wconf 87' lang='grc' dir='ltr'>ἔνθα</span> <span class='ocrx_word' id='word_1_709' title='bbox 3734 2365 3852 2400; x_wconf 85' lang='grc' dir='ltr'>κατ-</span> 
     </span>
    </p>
   </div>
   <div class='ocr_carea' id='block_1_88' title="bbox 2181 2434 3848 2515">
    <p class='ocr_par' dir='ltr' id='par_1_88' title="bbox 2181 2434 3848 2515">
     <span class='ocr_line' id='line_1_88' title="bbox 2181 2434 3848 2515; baseline -0.008 -18"><span class='ocrx_word' id='word_1_710' title='bbox 2181 2443 2432 2514; x_wconf 81' lang='grc' dir='ltr'>εσκήνου,</span> <span class='ocrx_word' id='word_1_711' title='bbox 2474 2443 2728 2515; x_wconf 88' lang='grc' dir='ltr'>εὑρήσεις</span> <span class='ocrx_word' id='word_1_712' title='bbox 2768 2443 2930 2497; x_wconf 78' lang='grc' dir='ltr'>αὑτὸν</span> <span class='ocrx_word' id='word_1_713' title='bbox 2959 2442 3148 2496; x_wconf 90' lang='grc' dir='ltr'>τούτου</span> <span class='ocrx_word' id='word_1_714' title='bbox 3181 2442 3286 2512; x_wconf 82' lang='grc' dir='ltr'>πρὸ</span> <span class='ocrx_word' id='word_1_715' title='bbox 3317 2440 3534 2494; x_wconf 88' lang='grc' dir='ltr'>πάντων</span> <span class='ocrx_word' id='word_1_716' title='bbox 3564 2434 3848 2506; x_wconf 78' lang='grc' dir='ltr'>ἐπιμελού-</span> 
     </span>
    </p>
   </div>
   <div class='ocr_carea' id='block_1_89' title="bbox 2185 2523 3851 2603">
    <p class='ocr_par' dir='ltr' id='par_1_89' title="bbox 2185 2523 3851 2603">
     <span class='ocr_line' id='line_1_89' title="bbox 2185 2523 3851 2603; baseline 0 -19"><span class='ocrx_word' id='word_1_717' title='bbox 2185 2547 2365 2600; x_wconf 89' lang='grc' dir='ltr'>μενον,</span> <span class='ocrx_word' id='word_1_718' title='bbox 2405 2531 2498 2584; x_wconf 81' lang='lat' dir='ltr'><em>xal</em></span> <span class='ocrx_word' id='word_1_719' title='bbox 2549 2530 2932 2603; x_wconf 80' lang='grc' dir='ltr'>θυσιαστήριον</span> <span class='ocrx_word' id='word_1_720' title='bbox 2974 2529 3376 2601; x_wconf 74' lang='grc' dir='ltr'>οἰκοδομοῦντα,</span> <span class='ocrx_word' id='word_1_721' title='bbox 3415 2528 3510 2580; x_wconf 69' lang='grc' dir='ltr'>καὶ</span> <span class='ocrx_word' id='word_1_722' title='bbox 3551 2525 3649 2589; x_wconf 86' lang='grc' dir='ltr'>τὰς</span> <span class='ocrx_word' id='word_1_723' title='bbox 3697 2523 3851 2592; x_wconf 66' lang='grc' dir='ltr'>εὐχᾶς</span> 
     </span>
    </p>
   </div>
   <div class='ocr_carea' id='block_1_90' title="bbox 2182 2613 3850 2690">
    <p class='ocr_par' dir='ltr' id='par_1_90' title="bbox 2182 2613 3850 2690">
     <span class='ocr_line' id='line_1_90' title="bbox 2182 2613 3850 2690; baseline -0.007 -18"><span class='ocrx_word' id='word_1_724' title='bbox 2182 2618 2543 2690; x_wconf 87' lang='grc' dir='ltr'>ἀναφέροντα,</span> <span class='ocrx_word' id='word_1_725' title='bbox 2575 2619 2668 2672; x_wconf 72' lang='grc' dir='ltr'>καὶ</span> <span class='ocrx_word' id='word_1_726' title='bbox 2698 2619 3054 2672; x_wconf 86' lang='grc' dir='ltr'>ἀποστολικὸν</span> <span class='ocrx_word' id='word_1_727' title='bbox 3083 2619 3246 2689; x_wconf 90' lang='grc' dir='ltr'>νόμον</span> <span class='ocrx_word' id='word_1_728' title='bbox 3276 2615 3610 2688; x_wconf 88' lang='grc' dir='ltr'>πληροῦντα,</span> <span class='ocrx_word' id='word_1_729' title='bbox 3636 2613 3733 2666; x_wconf 81' lang='grc' dir='ltr'>τὸν</span> <span class='ocrx_word' id='word_1_730' title='bbox 3766 2627 3850 2663; x_wconf 87' lang='grc' dir='ltr'>κε-</span> 
     </span>
    </p>
   </div>
   <div class='ocr_carea' id='block_1_91' title="bbox 2181 2696 3849 2778">
    <p class='ocr_par' dir='ltr' id='par_1_91' title="bbox 2181 2696 3849 2778">
     <span class='ocr_line' id='line_1_91' title="bbox 2181 2696 3849 2778; baseline 0 -19"><span class='ocrx_word' id='word_1_731' title='bbox 2181 2707 2403 2760; x_wconf 81' lang='grc' dir='ltr'>λεύοντα</span> <span class='ocrx_word' id='word_1_732' title='bbox 2435 2708 2492 2760; x_wconf 87' lang='grc' dir='ltr'>ἐν</span> <span class='ocrx_word' id='word_1_733' title='bbox 2521 2707 2682 2761; x_wconf 78' lang='grc' dir='ltr'>παντὶ</span> <span class='ocrx_word' id='word_1_734' title='bbox 2703 2708 2853 2778; x_wconf 89' lang='grc' dir='ltr'>τόπῳ</span> <span class='ocrx_word' id='word_1_735' title='bbox 2874 2705 3125 2778; x_wconf 77' lang='grc' dir='ltr'>εὔχεσθαι</span> <span class='ocrx_word' id='word_1_736' title='bbox 3158 2704 3482 2778; x_wconf 90' lang='grc' dir='ltr'>ἐπαίροντας</span> <span class='ocrx_word' id='word_1_737' title='bbox 3505 2705 3682 2768; x_wconf 83' lang='grc' dir='ltr'>ὁσίους</span> <span class='ocrx_word' id='word_1_738' title='bbox 3707 2696 3849 2777; x_wconf 69' lang='grc'><strong>1516]</strong></span> 
     </span>
    </p>
   </div>
   <div class='ocr_carea' id='block_1_92' title="bbox 2183 2791 3851 2867">
    <p class='ocr_par' dir='ltr' id='par_1_92' title="bbox 2183 2791 3851 2867">
     <span class='ocr_line' id='line_1_92' title="bbox 2183 2791 3851 2867; baseline -0.003 -19"><span class='ocrx_word' id='word_1_739' title='bbox 2183 2799 2392 2867; x_wconf 83' lang='grc' dir='ltr'>χεῖρας.</span> <span class='ocrx_word' id='word_1_740' title='bbox 2435 2791 2588 2860; x_wconf 74' lang='grc' dir='ltr'>Εἶδες</span> <span class='ocrx_word' id='word_1_741' title='bbox 2633 2795 2811 2866; x_wconf 80' lang='grc' dir='ltr'>ψυχὴν</span> <span class='ocrx_word' id='word_1_742' title='bbox 2855 2793 3245 2866; x_wconf 87' lang='grc' dir='ltr'>ἐπτερωμένην</span> <span class='ocrx_word' id='word_1_743' title='bbox 3286 2793 3423 2866; x_wconf 78' lang='grc' dir='ltr'>πρὸς</span> <span class='ocrx_word' id='word_1_744' title='bbox 3466 2793 3558 2846; x_wconf 84' lang='grc' dir='ltr'>τδν</span> <span class='ocrx_word' id='word_1_745' title='bbox 3599 2792 3693 2846; x_wconf 90' lang='grc' dir='ltr'>τοῦ</span> <span class='ocrx_word' id='word_1_746' title='bbox 3726 2791 3851 2844; x_wconf 83' lang='grc' dir='ltr'>Θεοῦ</span> 
     </span>
    </p>
   </div>
   <div class='ocr_carea' id='block_1_93' title="bbox 2183 2879 3849 2955">
    <p class='ocr_par' dir='ltr' id='par_1_93' title="bbox 2183 2879 3849 2955">
     <span class='ocr_line' id='line_1_93' title="bbox 2183 2879 3849 2955; baseline -0.003 -19"><span class='ocrx_word' id='word_1_747' title='bbox 2183 2883 2367 2946; x_wconf 88' lang='grc' dir='ltr'>πόθον,</span> <span class='ocrx_word' id='word_1_748' title='bbox 2408 2885 2502 2936; x_wconf 74' lang='grc' dir='ltr'>καὶ</span> <span class='ocrx_word' id='word_1_749' title='bbox 2531 2884 2669 2955; x_wconf 86' lang='grc' dir='ltr'>ὑπὲρ</span> <span class='ocrx_word' id='word_1_750' title='bbox 2699 2883 2950 2937; x_wconf 88' lang='grc' dir='ltr'>ἁπάντων</span> <span class='ocrx_word' id='word_1_751' title='bbox 2979 2881 3299 2954; x_wconf 86' lang='grc' dir='ltr'>εὐχάριστον</span> <span class='ocrx_word' id='word_1_752' title='bbox 3347 2881 3675 2952; x_wconf 86' lang='grc' dir='ltr'>γινομένην;</span> <span class='ocrx_word' id='word_1_753' title='bbox 3726 2879 3849 2932; x_wconf 77' lang='grc' dir='ltr'>Οὑόἐ</span> 
     </span>
    </p>
   </div>
   <div class='ocr_carea' id='block_1_94' title="bbox 2182 2965 3852 3040">
    <p class='ocr_par' dir='ltr' id='par_1_94' title="bbox 2182 2965 3852 3040">
     <span class='ocr_line' id='line_1_94' title="bbox 2182 2965 3852 3040; baseline -0.002 -20"><span class='ocrx_word' id='word_1_754' title='bbox 2182 2969 2292 3039; x_wconf 87' lang='grc' dir='ltr'>γάρ</span> <span class='ocrx_word' id='word_1_755' title='bbox 2311 2969 2569 3039; x_wconf 87' lang='grc' dir='ltr'>ἀνέμενεν</span> <span class='ocrx_word' id='word_1_756' title='bbox 2585 2972 2665 3032; x_wconf 86' lang='grc' dir='ltr'>είς</span> <span class='ocrx_word' id='word_1_757' title='bbox 2689 2969 2848 3040; x_wconf 92' lang='grc' dir='ltr'>ἔργον</span> <span class='ocrx_word' id='word_1_758' title='bbox 2871 2968 3046 3022; x_wconf 88' lang='grc' dir='ltr'>ἐλθεῖν</span> <span class='ocrx_word' id='word_1_759' title='bbox 3069 2967 3136 3022; x_wconf 87' lang='grc' dir='ltr'>τά</span> <span class='ocrx_word' id='word_1_760' title='bbox 3152 2965 3581 3036; x_wconf 87' lang='grc' dir='ltr'>ἐπαγγελθέντα,</span> <span class='ocrx_word' id='word_1_761' title='bbox 3607 2965 3744 3018; x_wconf 76' lang='grc' dir='ltr'>ἀλλὰ</span> <span class='ocrx_word' id='word_1_762' title='bbox 3769 2966 3852 3017; x_wconf 82' lang='grc' dir='ltr'>καὶ</span> 
     </span>
    </p>
   </div>
   <div class='ocr_carea' id='block_1_95' title="bbox 2187 3053 3848 3128">
    <p class='ocr_par' dir='ltr' id='par_1_95' title="bbox 2187 3053 3848 3128">
     <span class='ocr_line' id='line_1_95' title="bbox 2187 3053 3848 3128; baseline -0.002 -20"><span class='ocrx_word' id='word_1_763' title='bbox 2187 3057 2326 3128; x_wconf 86' lang='grc' dir='ltr'>ὑπὲρ</span> <span class='ocrx_word' id='word_1_764' title='bbox 2351 3056 2449 3126; x_wconf 83' lang='grc' dir='ltr'>τῆς</span> <span class='ocrx_word' id='word_1_765' title='bbox 2493 3057 2839 3128; x_wconf 75' lang='grc' dir='ltr'>ὑποσχέσεως</span> <span class='ocrx_word' id='word_1_766' title='bbox 2886 3057 3218 3128; x_wconf 79' lang='grc' dir='ltr'>εὐχαριστεῖ,</span> <span class='ocrx_word' id='word_1_767' title='bbox 3259 3055 3353 3109; x_wconf 75' lang='grc' dir='ltr'>καὶ</span> <span class='ocrx_word' id='word_1_768' title='bbox 3401 3054 3470 3107; x_wconf 84' lang='grc' dir='ltr'>τά</span> <span class='ocrx_word' id='word_1_769' title='bbox 3505 3056 3636 3125; x_wconf 76' lang='grc' dir='ltr'>παρ’</span> <span class='ocrx_word' id='word_1_770' title='bbox 3663 3053 3848 3108; x_wconf 78' lang='grc' dir='ltr'>ἐαυτοὺ</span> 
     </span>
    </p>
   </div>
   <div class='ocr_carea' id='block_1_96' title="bbox 2182 3141 3849 3216">
    <p class='ocr_par' dir='ltr' id='par_1_96' title="bbox 2182 3141 3849 3216">
     <span class='ocr_line' id='line_1_96' title="bbox 2182 3141 3849 3216; baseline -0.001 -21"><span class='ocrx_word' id='word_1_771' title='bbox 2182 3143 2570 3207; x_wconf 88' lang='grc' dir='ltr'>ἐπιδείκνυται,</span> <span class='ocrx_word' id='word_1_772' title='bbox 2607 3145 2694 3198; x_wconf 81' lang='grc' dir='ltr'>ἵνα</span> <span class='ocrx_word' id='word_1_773' title='bbox 2721 3144 2821 3216; x_wconf 79' lang='grc' dir='ltr'>τὴν</span> <span class='ocrx_word' id='word_1_774' title='bbox 2854 3145 2948 3198; x_wconf 74' lang='grc' dir='ltr'>ἐπὶ</span> <span class='ocrx_word' id='word_1_775' title='bbox 2977 3147 3090 3208; x_wconf 86' lang='grc' dir='ltr'>τοῖς</span> <span class='ocrx_word' id='word_1_776' title='bbox 3122 3143 3484 3214; x_wconf 89' lang='grc' dir='ltr'>προλαϐοῦσιν</span> <span class='ocrx_word' id='word_1_777' title='bbox 3516 3141 3849 3211; x_wconf 75' lang='grc' dir='ltr'>εὐγνωμοσύ-</span> 
     </span>
    </p>
   </div>
   <div class='ocr_carea' id='block_1_97' title="bbox 2184 3231 3849 3304">
    <p class='ocr_par' dir='ltr' id='par_1_97' title="bbox 2184 3231 3849 3304">
     <span class='ocr_line' id='line_1_97' title="bbox 2184 3231 3849 3304; baseline 0.001 -21"><span class='ocrx_word' id='word_1_778' title='bbox 2184 3247 2282 3300; x_wconf 91' lang='grc' dir='ltr'>νην</span> <span class='ocrx_word' id='word_1_779' title='bbox 2308 3231 2736 3303; x_wconf 80' lang='grc' dir='ltr'>ἐπιδειξάμενος,</span> <span class='ocrx_word' id='word_1_780' title='bbox 2760 3234 3005 3304; x_wconf 72' lang='grc' dir='ltr'>καὶπερὶ</span> <span class='ocrx_word' id='word_1_781' title='bbox 3036 3233 3134 3304; x_wconf 80' lang='grc' dir='ltr'>τὴν</span> <span class='ocrx_word' id='word_1_782' title='bbox 3157 3232 3506 3304; x_wconf 86' lang='grc' dir='ltr'>ἐκπλήρωσιν</span> <span class='ocrx_word' id='word_1_783' title='bbox 3531 3231 3642 3286; x_wconf 86' lang='grc' dir='ltr'>τῶν</span> <span class='ocrx_word' id='word_1_784' title='bbox 3680 3234 3849 3298; x_wconf 82' lang='grc' dir='ltr'>ἐπαγ·</span> 
     </span>
    </p>
   </div>
   <div class='ocr_carea' id='block_1_98' title="bbox 2185 3317 3428 3391">
    <p class='ocr_par' dir='ltr' id='par_1_98' title="bbox 2185 3317 3428 3391">
     <span class='ocr_line' id='line_1_98' title="bbox 2185 3317 3428 3391; baseline 0.004 -21"><span class='ocrx_word' id='word_1_785' title='bbox 2185 3317 2378 3386; x_wconf 86' lang='grc' dir='ltr'>γελιῶν</span> <span class='ocrx_word' id='word_1_786' title='bbox 2408 3319 2770 3391; x_wconf 88' lang='grc' dir='ltr'>ἐκκαλέσηται</span> <span class='ocrx_word' id='word_1_787' title='bbox 2791 3319 2882 3374; x_wconf 85' lang='grc' dir='ltr'>τὸν</span> <span class='ocrx_word' id='word_1_788' title='bbox 2906 3318 3100 3374; x_wconf 86' lang='grc' dir='ltr'>ἐαυτοῦ</span> <span class='ocrx_word' id='word_1_789' title='bbox 3132 3319 3428 3390; x_wconf 84' lang='grc' dir='ltr'>Δεσπότην.</span> 
     </span>
    </p>
   </div>
   <div class='ocr_carea' id='block_1_99' title="bbox 2253 3463 3850 3537">
    <p class='ocr_par' dir='ltr' id='par_1_99' title="bbox 2253 3463 3850 3537">
     <span class='ocr_line' id='line_1_99' title="bbox 2253 3463 3850 3537; baseline -0.001 -21"><span class='ocrx_word' id='word_1_790' title='bbox 2253 3464 2314 3518; x_wconf 87' lang='grc' dir='ltr'>ε’.</span> <span class='ocrx_word' id='word_1_791' title='bbox 2363 3463 2562 3518; x_wconf 90' lang='grc' dir='ltr'>Τοῦτον</span> <span class='ocrx_word' id='word_1_792' title='bbox 2587 3464 2650 3536; x_wconf 86' lang='grc' dir='ltr'>δὴ</span> <span class='ocrx_word' id='word_1_793' title='bbox 2671 3465 2766 3519; x_wconf 77' lang='grc' dir='ltr'>καὶ</span> <span class='ocrx_word' id='word_1_794' title='bbox 2782 3467 2944 3537; x_wconf 74' lang='grc' dir='ltr'>ἡμεῖς</span> <span class='ocrx_word' id='word_1_795' title='bbox 2966 3463 3283 3536; x_wconf 86' lang='grc' dir='ltr'>μιμώμεθα,</span> <span class='ocrx_word' id='word_1_796' title='bbox 3305 3465 3400 3518; x_wconf 63' lang='grc' dir='ltr'>καὶ</span> <span class='ocrx_word' id='word_1_797' title='bbox 3423 3463 3719 3535; x_wconf 71' lang='grc' dir='ltr'>θαρρῶμεν</span> <span class='ocrx_word' id='word_1_798' title='bbox 3742 3465 3850 3524; x_wconf 84' lang='grc' dir='ltr'>ταῖς</span> 
     </span>
    </p>
   </div>
   <div class='ocr_carea' id='block_1_100' title="bbox 2182 3549 3850 3624">
    <p class='ocr_par' dir='ltr' id='par_1_100' title="bbox 2182 3549 3850 3624">
     <span class='ocr_line' id='line_1_100' title="bbox 2182 3549 3850 3624; baseline -0.001 -23"><span class='ocrx_word' id='word_1_799' title='bbox 2182 3549 2276 3604; x_wconf 87' lang='grc' dir='ltr'>τοῦ</span> <span class='ocrx_word' id='word_1_800' title='bbox 2311 3549 2446 3604; x_wconf 88' lang='grc' dir='ltr'>Θεοῦ</span> <span class='ocrx_word' id='word_1_801' title='bbox 2477 3551 2824 3622; x_wconf 88' lang='grc' dir='ltr'>ὑποσχέσεσι,</span> <span class='ocrx_word' id='word_1_802' title='bbox 2865 3552 2956 3606; x_wconf 71' lang='grc' dir='ltr'>καὶ</span> <span class='ocrx_word' id='word_1_803' title='bbox 2985 3551 3123 3623; x_wconf 84' lang='grc' dir='ltr'>μήτε</span> <span class='ocrx_word' id='word_1_804' title='bbox 3140 3553 3169 3606; x_wconf 93' lang='grc' dir='ltr'>ὁ</span> <span class='ocrx_word' id='word_1_805' title='bbox 3189 3551 3380 3624; x_wconf 89' lang='grc' dir='ltr'>χρόνος</span> <span class='ocrx_word' id='word_1_806' title='bbox 3402 3549 3742 3621; x_wconf 87' lang='grc' dir='ltr'>ἀμαυρούτω</span> <span class='ocrx_word' id='word_1_807' title='bbox 3761 3549 3850 3618; x_wconf 76' lang='grc' dir='ltr'>τὴν</span> 
     </span>
    </p>
   </div>
   <div class='ocr_carea' id='block_1_101' title="bbox 2185 3637 3851 3710">
    <p class='ocr_par' dir='ltr' id='par_1_101' title="bbox 2185 3637 3851 3710">
     <span class='ocr_line' id='line_1_101' title="bbox 2185 3637 3851 3710; baseline 0 -22"><span class='ocrx_word' id='word_1_808' title='bbox 2185 3637 2515 3708; x_wconf 90' lang='grc' dir='ltr'>προθυμίαν,</span> <span class='ocrx_word' id='word_1_809' title='bbox 2536 3639 2671 3708; x_wconf 88' lang='grc' dir='ltr'>μήτε</span> <span class='ocrx_word' id='word_1_810' title='bbox 2687 3637 2758 3691; x_wconf 85' lang='grc' dir='ltr'>τὰ</span> <span class='ocrx_word' id='word_1_811' title='bbox 2775 3639 2832 3692; x_wconf 93' lang='grc' dir='ltr'>ἐν</span> <span class='ocrx_word' id='word_1_812' title='bbox 2855 3638 3003 3710; x_wconf 88' lang='grc' dir='ltr'>μέσῳ</span> <span class='ocrx_word' id='word_1_813' title='bbox 3021 3638 3339 3708; x_wconf 88' lang='grc' dir='ltr'>κωλύματα,</span> <span class='ocrx_word' id='word_1_814' title='bbox 3356 3640 3420 3692; x_wconf 78' lang='grc' dir='ltr'>ἂν</span> <span class='ocrx_word' id='word_1_815' title='bbox 3434 3637 3697 3708; x_wconf 88' lang='grc' dir='ltr'>συμϐαίη,</span> <span class='ocrx_word' id='word_1_816' title='bbox 3726 3655 3851 3707; x_wconf 86' lang='grc' dir='ltr'>χαυ-</span> 
     </span>
    </p>
   </div>
   <div class='ocr_carea' id='block_1_102' title="bbox 2184 3723 3849 3798">
    <p class='ocr_par' dir='ltr' id='par_1_102' title="bbox 2184 3723 3849 3798">
     <span class='ocr_line' id='line_1_102' title="bbox 2184 3723 3849 3798; baseline -0.001 -20"><span class='ocrx_word' id='word_1_817' title='bbox 2184 3723 2354 3778; x_wconf 91' lang='grc' dir='ltr'>νούτω</span> <span class='ocrx_word' id='word_1_818' title='bbox 2389 3724 2546 3795; x_wconf 86' lang='grc' dir='ltr'>ήμῶν</span> <span class='ocrx_word' id='word_1_819' title='bbox 2571 3725 2660 3778; x_wconf 83' lang='grc' dir='ltr'>τὸν</span> <span class='ocrx_word' id='word_1_820' title='bbox 2693 3725 2982 3798; x_wconf 78' lang='grc' dir='ltr'>λογισμόνο</span> <span class='ocrx_word' id='word_1_821' title='bbox 3033 3725 3170 3780; x_wconf 88' lang='grc' dir='ltr'>ἀλλά</span> <span class='ocrx_word' id='word_1_822' title='bbox 3209 3729 3275 3797; x_wconf 85' lang='grc' dir='ltr'>τῇ</span> <span class='ocrx_word' id='word_1_823' title='bbox 3317 3727 3412 3781; x_wconf 92' lang='grc' dir='ltr'>τοῦ</span> <span class='ocrx_word' id='word_1_824' title='bbox 3448 3726 3584 3780; x_wconf 90' lang='grc' dir='ltr'>Θεοῦ</span> <span class='ocrx_word' id='word_1_825' title='bbox 3628 3725 3849 3795; x_wconf 82' lang='grc' dir='ltr'>δυνάμει</span> 
     </span>
    </p>
   </div>
   <div class='ocr_carea' id='block_1_103' title="bbox 2185 3809 3850 3883">
    <p class='ocr_par' dir='ltr' id='par_1_103' title="bbox 2185 3809 3850 3883">
     <span class='ocr_line' id='line_1_103' title="bbox 2185 3809 3850 3883; baseline -0.002 -19"><span class='ocrx_word' id='word_1_826' title='bbox 2185 3811 2533 3882; x_wconf 72' lang='grc' dir='ltr'>θαρροῦντες,</span> <span class='ocrx_word' id='word_1_827' title='bbox 2583 3813 2658 3874; x_wconf 85' lang='grc' dir='ltr'>ὡς</span> <span class='ocrx_word' id='word_1_828' title='bbox 2698 3811 2797 3882; x_wconf 80' lang='grc' dir='ltr'>ήδη</span> <span class='ocrx_word' id='word_1_829' title='bbox 2854 3812 2961 3882; x_wconf 85' lang='grc' dir='ltr'>πρὸ</span> <span class='ocrx_word' id='word_1_830' title='bbox 3001 3812 3110 3865; x_wconf 90' lang='grc' dir='ltr'>τῶν</span> <span class='ocrx_word' id='word_1_831' title='bbox 3147 3809 3441 3882; x_wconf 83' lang='grc' dir='ltr'>ὀφθαλμῶν</span> <span class='ocrx_word' id='word_1_832' title='bbox 3477 3811 3714 3883; x_wconf 85' lang='grc' dir='ltr'>ὁρῶντες</span> <span class='ocrx_word' id='word_1_833' title='bbox 3761 3809 3850 3871; x_wconf 75' lang='grc' dir='ltr'>τὰς</span> 
     </span>
    </p>
   </div>
   <div class='ocr_carea' id='block_1_104' title="bbox 2185 3897 3851 3971">
    <p class='ocr_par' dir='ltr' id='par_1_104' title="bbox 2185 3897 3851 3971">
     <span class='ocr_line' id='line_1_104' title="bbox 2185 3897 3851 3971; baseline -0.002 -20"><span class='ocrx_word' id='word_1_834' title='bbox 2185 3899 2504 3969; x_wconf 84' lang='grc' dir='ltr'>ὑποσχέσεις</span> <span class='ocrx_word' id='word_1_835' title='bbox 2531 3899 2914 3969; x_wconf 86' lang='grc' dir='ltr'>ἐκϐεϐηκυίας,</span> <span class='ocrx_word' id='word_1_836' title='bbox 2942 3899 3084 3954; x_wconf 79' lang='grc' dir='ltr'>οὑτω</span> <span class='ocrx_word' id='word_1_837' title='bbox 3110 3899 3211 3971; x_wconf 83' lang='grc' dir='ltr'>τὴν</span> <span class='ocrx_word' id='word_1_838' title='bbox 3236 3900 3418 3953; x_wconf 90' lang='grc' dir='ltr'>πίστιν</span> <span class='ocrx_word' id='word_1_839' title='bbox 3448 3897 3716 3968; x_wconf 81' lang='grc' dir='ltr'>είλικρινῆ</span> <span class='ocrx_word' id='word_1_840' title='bbox 3738 3901 3851 3950; x_wconf 77' lang='grc' dir='ltr'>ἐπιο</span> 
     </span>
    </p>
   </div>
   <div class='ocr_carea' id='block_1_105' title="bbox 2185 3985 3852 4057">
    <p class='ocr_par' dir='ltr' id='par_1_105' title="bbox 2185 3985 3852 4057">
     <span class='ocr_line' id='line_1_105' title="bbox 2185 3985 3852 4057; baseline 0 -19"><span class='ocrx_word' id='word_1_841' title='bbox 2185 3985 2504 4056; x_wconf 80' lang='grc' dir='ltr'>δειξὼμεθα.</span> <span class='ocrx_word' id='word_1_842' title='bbox 2522 3987 2630 4040; x_wconf 85' lang='lat' dir='ltr'>Kal</span> <span class='ocrx_word' id='word_1_843' title='bbox 2652 3987 2760 4057; x_wconf 85' lang='grc' dir='ltr'>γὰρ</span> <span class='ocrx_word' id='word_1_844' title='bbox 2777 3989 2869 4040; x_wconf 73' lang='grc' dir='ltr'>καὶ</span> <span class='ocrx_word' id='word_1_845' title='bbox 2893 3988 3022 4056; x_wconf 79' lang='grc' dir='ltr'>ἡμῖν</span> <span class='ocrx_word' id='word_1_846' title='bbox 3043 3987 3254 4057; x_wconf 89' lang='grc' dir='ltr'>μεγάλα</span> <span class='ocrx_word' id='word_1_847' title='bbox 3271 3987 3365 4040; x_wconf 80' lang='grc' dir='ltr'>καὶ</span> <span class='ocrx_word' id='word_1_848' title='bbox 3389 3985 3670 4056; x_wconf 85' lang='grc' dir='ltr'>ὑπέρογκα</span> <span class='ocrx_word' id='word_1_849' title='bbox 3684 3988 3852 4054; x_wconf 81' lang='grc' dir='ltr'>ἐπηγο</span> 
     </span>
    </p>
   </div>
   <div class='ocr_carea' id='block_1_106' title="bbox 2186 4067 3852 4140">
    <p class='ocr_par' dir='ltr' id='par_1_106' title="bbox 2186 4067 3852 4140">
     <span class='ocr_line' id='line_1_106' title="bbox 2186 4067 3852 4140; baseline -0.001 -20"><span class='ocrx_word' id='word_1_850' title='bbox 2186 4067 2404 4136; x_wconf 90' lang='grc' dir='ltr'>γείλατο</span> <span class='ocrx_word' id='word_1_851' title='bbox 2449 4071 2478 4121; x_wconf 90' lang='grc' dir='ltr'>ὁ</span> <span class='ocrx_word' id='word_1_852' title='bbox 2526 4069 2821 4139; x_wconf 85' lang='grc' dir='ltr'>Δεσπότης,</span> <span class='ocrx_word' id='word_1_853' title='bbox 2863 4069 2959 4122; x_wconf 76' lang='grc' dir='ltr'>καὶ</span> <span class='ocrx_word' id='word_1_854' title='bbox 3011 4069 3410 4139; x_wconf 87' lang='grc' dir='ltr'>ὑπερϐαίνοντα</span> <span class='ocrx_word' id='word_1_855' title='bbox 3459 4069 3552 4122; x_wconf 80' lang='grc' dir='ltr'>τὸν</span> <span class='ocrx_word' id='word_1_856' title='bbox 3592 4068 3852 4140; x_wconf 79' lang='grc' dir='ltr'>ἡμέτερον</span> 
     </span>
    </p>
   </div>
   <div class='ocr_carea' id='block_1_107' title="bbox 2185 4150 3853 4224">
    <p class='ocr_par' dir='ltr' id='par_1_107' title="bbox 2185 4150 3853 4224">
     <span class='ocr_line' id='line_1_107' title="bbox 2185 4150 3853 4224; baseline 0.002 -21"><span class='ocrx_word' id='word_1_857' title='bbox 2185 4150 2462 4222; x_wconf 82' lang='grc' dir='ltr'>λογισμὸν,</span> <span class='ocrx_word' id='word_1_858' title='bbox 2492 4155 2588 4222; x_wconf 82' lang='grc' dir='ltr'>τῆς</span> <span class='ocrx_word' id='word_1_859' title='bbox 2619 4152 2892 4222; x_wconf 78' lang='grc' dir='ltr'>βασιλείας</span> <span class='ocrx_word' id='word_1_860' title='bbox 2927 4152 3070 4222; x_wconf 91' lang='grc' dir='ltr'>λέγω</span> <span class='ocrx_word' id='word_1_861' title='bbox 3089 4155 3190 4224; x_wconf 87' lang='grc' dir='ltr'>τὴν</span> <span class='ocrx_word' id='word_1_862' title='bbox 3219 4153 3536 4216; x_wconf 86' lang='grc' dir='ltr'>ἀπόλαυσιν,</span> <span class='ocrx_word' id='word_1_863' title='bbox 3555 4153 3663 4206; x_wconf 83' lang='grc' dir='ltr'>τῶν</span> <span class='ocrx_word' id='word_1_864' title='bbox 3681 4154 3853 4224; x_wconf 62' lang='lat' dir='ltr'><em>amp-</em></span> 
     </span>
    </p>
   </div>
   <div class='ocr_carea' id='block_1_108' title="bbox 2189 4239 3851 4312">
    <p class='ocr_par' dir='ltr' id='par_1_108' title="bbox 2189 4239 3851 4312">
     <span class='ocr_line' id='line_1_108' title="bbox 2189 4239 3851 4312; baseline 0 -21"><span class='ocrx_word' id='word_1_865' title='bbox 2189 4239 2364 4309; x_wconf 78' lang='grc' dir='ltr'>ρήτων</span> <span class='ocrx_word' id='word_1_866' title='bbox 2405 4240 2624 4308; x_wconf 84' lang='grc' dir='ltr'>ἀγαθῶν</span> <span class='ocrx_word' id='word_1_867' title='bbox 2669 4239 2767 4311; x_wconf 86' lang='grc' dir='ltr'>τὴν</span> <span class='ocrx_word' id='word_1_868' title='bbox 2803 4242 3111 4312; x_wconf 89' lang='grc' dir='ltr'>μετουσίαν,</span> <span class='ocrx_word' id='word_1_869' title='bbox 3151 4241 3250 4312; x_wconf 82' lang='grc' dir='ltr'>τὴν</span> <span class='ocrx_word' id='word_1_870' title='bbox 3288 4240 3424 4311; x_wconf 88' lang='grc' dir='ltr'>μετὰ</span> <span class='ocrx_word' id='word_1_871' title='bbox 3452 4239 3700 4309; x_wconf 87' lang='grc' dir='ltr'>ἀγγέλων</span> <span class='ocrx_word' id='word_1_872' title='bbox 3740 4239 3851 4292; x_wconf 87' lang='grc' dir='ltr'>δια-</span> 
     </span>
    </p>
   </div>
   <div class='ocr_carea' id='block_1_109' title="bbox 2186 4326 3854 4400">
    <p class='ocr_par' dir='ltr' id='par_1_109' title="bbox 2186 4326 3854 4400">
     <span class='ocr_line' id='line_1_109' title="bbox 2186 4326 3854 4400; baseline -0.001 -21"><span class='ocrx_word' id='word_1_873' title='bbox 2186 4327 2394 4399; x_wconf 80' lang='grc' dir='ltr'>γωγὴν,</span> <span class='ocrx_word' id='word_1_874' title='bbox 2426 4329 2526 4399; x_wconf 85' lang='grc' dir='ltr'>τὴν</span> <span class='ocrx_word' id='word_1_875' title='bbox 2557 4331 2654 4399; x_wconf 84' lang='grc' dir='ltr'>τῆς</span> <span class='ocrx_word' id='word_1_876' title='bbox 2687 4327 2910 4400; x_wconf 88' lang='grc' dir='ltr'>γεέννης</span> <span class='ocrx_word' id='word_1_877' title='bbox 2939 4329 3280 4400; x_wconf 84' lang='grc' dir='ltr'>ἀπαλλαγήν.</span> <span class='ocrx_word' id='word_1_878' title='bbox 3316 4327 3476 4381; x_wconf 84' lang='grc' dir='ltr'>Ἀλλά</span> <span class='ocrx_word' id='word_1_879' title='bbox 3512 4328 3662 4397; x_wconf 82' lang='grc' dir='ltr'>ὅμως</span> <span class='ocrx_word' id='word_1_880' title='bbox 3693 4326 3854 4397; x_wconf 78' lang='grc' dir='ltr'>μηδὲν</span> 
     </span>
    </p>
   </div>
   <div class='ocr_carea' id='block_1_110' title="bbox 2186 4411 3852 4485">
    <p class='ocr_par' dir='ltr' id='par_1_110' title="bbox 2186 4411 3852 4485">
     <span class='ocr_line' id='line_1_110' title="bbox 2186 4411 3852 4485; baseline -0.001 -21"><span class='ocrx_word' id='word_1_881' title='bbox 2186 4411 2529 4482; x_wconf 88' lang='grc' dir='ltr'>ἀπιστῶμεν,</span> <span class='ocrx_word' id='word_1_882' title='bbox 2562 4413 2749 4484; x_wconf 81' lang='grc' dir='ltr'>ἐπειδὴ</span> <span class='ocrx_word' id='word_1_883' title='bbox 2781 4413 2854 4485; x_wconf 83' lang='grc' dir='ltr'>μὴ</span> <span class='ocrx_word' id='word_1_884' title='bbox 2890 4415 3084 4484; x_wconf 78' lang='grc' dir='ltr'>ὁρᾶται</span> <span class='ocrx_word' id='word_1_885' title='bbox 3121 4417 3233 4477; x_wconf 90' lang='grc' dir='ltr'>τοῖς</span> <span class='ocrx_word' id='word_1_886' title='bbox 3278 4416 3612 4484; x_wconf 79' lang='grc' dir='ltr'>σωματικοῖς</span> <span class='ocrx_word' id='word_1_887' title='bbox 3654 4411 3852 4480; x_wconf 67' lang='grc' dir='ltr'>ὁφθαλυ</span> 
     </span>
    </p>
   </div>
   <div class='ocr_carea' id='block_1_111' title="bbox 2191 4499 3851 4571">
    <p class='ocr_par' dir='ltr' id='par_1_111' title="bbox 2191 4499 3851 4571">
     <span class='ocr_line' id='line_1_111' title="bbox 2191 4499 3851 4571; baseline -0.001 -19"><span class='ocrx_word' id='word_1_888' title='bbox 2191 4503 2310 4571; x_wconf 89' lang='grc' dir='ltr'>μοῖς</span> <span class='ocrx_word' id='word_1_889' title='bbox 2329 4517 2340 4528; x_wconf 88' lang='grc'><strong>·</strong></span> <span class='ocrx_word' id='word_1_890' title='bbox 2377 4500 2514 4553; x_wconf 87' lang='grc' dir='ltr'>ἀλλά</span> <span class='ocrx_word' id='word_1_891' title='bbox 2545 4501 2606 4553; x_wconf 85' lang='grc' dir='ltr'>τὺ</span> <span class='ocrx_word' id='word_1_892' title='bbox 2636 4500 2865 4570; x_wconf 77' lang='grc' dir='ltr'>ἀψευδὲς</span> <span class='ocrx_word' id='word_1_893' title='bbox 2896 4500 3198 4564; x_wconf 86' lang='grc' dir='ltr'>ἐννοοῦντες</span> <span class='ocrx_word' id='word_1_894' title='bbox 3240 4501 3334 4554; x_wconf 91' lang='grc' dir='ltr'>τοῦ</span> <span class='ocrx_word' id='word_1_895' title='bbox 3360 4499 3851 4569; x_wconf 82' lang='grc' dir='ltr'>ἐπαγγειλαμένου,</span> 
     </span>
    </p>
   </div>
   <div class='ocr_carea' id='block_1_112' title="bbox 2189 4586 3854 4658">
    <p class='ocr_par' dir='ltr' id='par_1_112' title="bbox 2189 4586 3854 4658">
     <span class='ocr_line' id='line_1_112' title="bbox 2189 4586 3854 4658; baseline -0.001 -18"><span class='ocrx_word' id='word_1_896' title='bbox 2189 4587 2283 4640; x_wconf 81' lang='grc' dir='ltr'>καὶ</span> <span class='ocrx_word' id='word_1_897' title='bbox 2317 4589 2417 4657; x_wconf 79' lang='grc' dir='ltr'>τῆς</span> <span class='ocrx_word' id='word_1_898' title='bbox 2458 4587 2742 4658; x_wconf 90' lang='grc' dir='ltr'>δυνάμεως</span> <span class='ocrx_word' id='word_1_899' title='bbox 2771 4589 2935 4641; x_wconf 88' lang='grc' dir='ltr'>αὑτοῦ</span> <span class='ocrx_word' id='word_1_900' title='bbox 2975 4588 3036 4642; x_wconf 84' lang='grc' dir='ltr'>τὺ</span> <span class='ocrx_word' id='word_1_901' title='bbox 3088 4587 3337 4658; x_wconf 86' lang='grc' dir='ltr'>μέγεθος,</span> <span class='ocrx_word' id='word_1_902' title='bbox 3362 4589 3477 4650; x_wconf 89' lang='grc' dir='ltr'>τοῖς</span> <span class='ocrx_word' id='word_1_903' title='bbox 3503 4590 3601 4656; x_wconf 80' lang='grc' dir='ltr'>τῆς</span> <span class='ocrx_word' id='word_1_904' title='bbox 3627 4586 3854 4647; x_wconf 88' lang='grc' dir='ltr'>πίστεως</span> 
     </span>
    </p>
   </div>
   <div class='ocr_carea' id='block_1_113' title="bbox 2186 4673 3851 4746">
    <p class='ocr_par' dir='ltr' id='par_1_113' title="bbox 2186 4673 3851 4746">
     <span class='ocr_line' id='line_1_113' title="bbox 2186 4673 3851 4746; baseline -0.002 -19"><span class='ocrx_word' id='word_1_905' title='bbox 2186 4673 2482 4744; x_wconf 87' lang='grc' dir='ltr'>ὀφθαλμοῖς</span> <span class='ocrx_word' id='word_1_906' title='bbox 2515 4674 2655 4727; x_wconf 81' lang='grc' dir='ltr'>αὑτά</span> <span class='ocrx_word' id='word_1_907' title='bbox 2691 4675 3134 4746; x_wconf 88' lang='grc' dir='ltr'>κατοπτεύωμεν,</span> <span class='ocrx_word' id='word_1_908' title='bbox 3184 4677 3278 4730; x_wconf 71' lang='grc' dir='ltr'>καὶ</span> <span class='ocrx_word' id='word_1_909' title='bbox 3311 4677 3376 4728; x_wconf 87' lang='grc' dir='ltr'>ἐκ</span> <span class='ocrx_word' id='word_1_910' title='bbox 3412 4675 3521 4728; x_wconf 87' lang='grc' dir='ltr'>τῶν</span> <span class='ocrx_word' id='word_1_911' title='bbox 3547 4674 3648 4744; x_wconf 85' lang='grc' dir='ltr'>ήδη</span> <span class='ocrx_word' id='word_1_912' title='bbox 3677 4689 3851 4742; x_wconf 84' lang='grc' dir='ltr'>παρα-</span> 
     </span>
    </p>
   </div>
   <div class='ocr_carea' id='block_1_114' title="bbox 2191 4761 3855 4835">
    <p class='ocr_par' dir='ltr' id='par_1_114' title="bbox 2191 4761 3855 4835">
     <span class='ocr_line' id='line_1_114' title="bbox 2191 4761 3855 4835; baseline -0.001 -21"><span class='ocrx_word' id='word_1_913' title='bbox 2191 4761 2490 4832; x_wconf 88' lang='grc' dir='ltr'>σχεθέντων</span> <span class='ocrx_word' id='word_1_914' title='bbox 2515 4763 2608 4814; x_wconf 77' lang='grc' dir='ltr'>καὶ</span> <span class='ocrx_word' id='word_1_915' title='bbox 2639 4765 2766 4835; x_wconf 79' lang='grc' dir='ltr'>περὶ</span> <span class='ocrx_word' id='word_1_916' title='bbox 2791 4764 2900 4817; x_wconf 85' lang='grc' dir='ltr'>τῶν</span> <span class='ocrx_word' id='word_1_917' title='bbox 2927 4765 3230 4834; x_wconf 87' lang='grc' dir='ltr'>μελλόντων</span> <span class='ocrx_word' id='word_1_918' title='bbox 3255 4763 3498 4835; x_wconf 83' lang='grc' dir='ltr'>χρηστὰς</span> <span class='ocrx_word' id='word_1_919' title='bbox 3528 4764 3742 4833; x_wconf 85' lang='grc' dir='ltr'>ἔχωμεν</span> <span class='ocrx_word' id='word_1_920' title='bbox 3763 4762 3855 4824; x_wconf 75' lang='grc' dir='ltr'>τὰς</span> 
     </span>
    </p>
   </div>
   <div class='ocr_carea' id='block_1_115' title="bbox 2189 4845 3853 4918">
    <p class='ocr_par' dir='ltr' id='par_1_115' title="bbox 2189 4845 3853 4918">
     <span class='ocr_line' id='line_1_115' title="bbox 2189 4845 3853 4918; baseline -0.001 -19"><span class='ocrx_word' id='word_1_921' title='bbox 2189 4845 2407 4908; x_wconf 88' lang='grc' dir='ltr'>ἐλπίδας</span> <span class='ocrx_word' id='word_1_922' title='bbox 2427 4862 2440 4875; x_wconf 88' lang='grc'><strong>·</strong></span> <span class='ocrx_word' id='word_1_923' title='bbox 2475 4845 2561 4898; x_wconf 72' lang='grc' dir='ltr'>διὰ</span> <span class='ocrx_word' id='word_1_924' title='bbox 2585 4847 2694 4916; x_wconf 92' lang='grc' dir='ltr'>γάρ</span> <span class='ocrx_word' id='word_1_925' title='bbox 2719 4847 2878 4901; x_wconf 85' lang='grc' dir='ltr'>τοῦτο</span> <span class='ocrx_word' id='word_1_926' title='bbox 2910 4849 3004 4903; x_wconf 77' lang='grc' dir='ltr'>καὶ</span> <span class='ocrx_word' id='word_1_927' title='bbox 3028 4847 3262 4903; x_wconf 88' lang='grc' dir='ltr'>ἐνταῦθα</span> <span class='ocrx_word' id='word_1_928' title='bbox 3292 4847 3462 4900; x_wconf 90' lang='grc' dir='ltr'>πολλά</span> <span class='ocrx_word' id='word_1_929' title='bbox 3485 4849 3618 4918; x_wconf 87' lang='grc' dir='ltr'>ήμῖν</span> <span class='ocrx_word' id='word_1_930' title='bbox 3655 4846 3853 4918; x_wconf 78' lang='grc' dir='ltr'>ἐδωρή-</span> 
     </span>
    </p>
   </div>
   <div class='ocr_carea' id='block_1_116' title="bbox 2190 4935 3854 5009">
    <p class='ocr_par' dir='ltr' id='par_1_116' title="bbox 2190 4935 3854 5009">
     <span class='ocr_line' id='line_1_116' title="bbox 2190 4935 3854 5009; baseline 0 -22"><span class='ocrx_word' id='word_1_931' title='bbox 2190 4951 2339 4999; x_wconf 89' lang='grc' dir='ltr'>σατο,</span> <span class='ocrx_word' id='word_1_932' title='bbox 2375 4935 2462 4989; x_wconf 84' lang='grc' dir='ltr'>ἵνα</span> <span class='ocrx_word' id='word_1_933' title='bbox 2492 4936 2556 4989; x_wconf 89' lang='grc' dir='ltr'>ἐκ</span> <span class='ocrx_word' id='word_1_934' title='bbox 2588 4935 2791 4989; x_wconf 89' lang='grc' dir='ltr'>τούτων</span> <span class='ocrx_word' id='word_1_935' title='bbox 2815 4937 3168 5009; x_wconf 79' lang='grc' dir='ltr'>ὁδηγούμενοι</span> <span class='ocrx_word' id='word_1_936' title='bbox 3201 4938 3293 4990; x_wconf 77' lang='grc' dir='ltr'>καὶ</span> <span class='ocrx_word' id='word_1_937' title='bbox 3325 4937 3455 5007; x_wconf 76' lang='grc' dir='ltr'>περὶ</span> <span class='ocrx_word' id='word_1_938' title='bbox 3477 4935 3700 4989; x_wconf 87' lang='grc' dir='ltr'>ἐκείνων</span> <span class='ocrx_word' id='word_1_939' title='bbox 3728 4935 3854 5006; x_wconf 75' lang='grc' dir='ltr'>θαρ⁴</span> 
     </span>
    </p>
   </div>
   <div class='ocr_carea' id='block_1_117' title="bbox 2191 5022 3854 5095">
    <p class='ocr_par' dir='ltr' id='par_1_117' title="bbox 2191 5022 3854 5095">
     <span class='ocr_line' id='line_1_117' title="bbox 2191 5022 3854 5095; baseline -0.002 -21"><span class='ocrx_word' id='word_1_940' title='bbox 2191 5023 2304 5093; x_wconf 78' lang='grc' dir='ltr'>ῥεῖν</span> <span class='ocrx_word' id='word_1_941' title='bbox 2330 5023 2558 5093; x_wconf 90' lang='grc' dir='ltr'>ἔχωμεν.</span> <span class='ocrx_word' id='word_1_942' title='bbox 2588 5023 2645 5075; x_wconf 88' lang='grc' dir='ltr'><strong>Ὀ</strong></span> <span class='ocrx_word' id='word_1_943' title='bbox 2673 5023 2780 5095; x_wconf 85' lang='grc' dir='ltr'>γὰρ</span> <span class='ocrx_word' id='word_1_944' title='bbox 2799 5025 2889 5078; x_wconf 85' lang='grc' dir='ltr'>τὸν</span> <span class='ocrx_word' id='word_1_945' title='bbox 2912 5025 3104 5078; x_wconf 79' lang='grc' dir='ltr'>ἑαυτοῦ</span> <span class='ocrx_word' id='word_1_946' title='bbox 3135 5025 3248 5078; x_wconf 79' lang='grc' dir='ltr'>υίὸν</span> <span class='ocrx_word' id='word_1_947' title='bbox 3281 5024 3469 5087; x_wconf 76' lang='grc' dir='ltr'>ἐκδοὺς</span> <span class='ocrx_word' id='word_1_948' title='bbox 3495 5023 3585 5076; x_wconf 84' lang='grc' dir='ltr'>διὰ</span> <span class='ocrx_word' id='word_1_949' title='bbox 3606 5022 3704 5088; x_wconf 79' lang='grc' dir='ltr'>τὴν</span> <span class='ocrx_word' id='word_1_950' title='bbox 3733 5022 3854 5092; x_wconf 81' lang='grc' dir='ltr'>περὶ</span> 
     </span>
    </p>
   </div>
   <div class='ocr_carea' id='block_1_118' title="bbox 2187 5111 3851 5183">
    <p class='ocr_par' dir='ltr' id='par_1_118' title="bbox 2187 5111 3851 5183">
     <span class='ocr_line' id='line_1_118' title="bbox 2187 5111 3851 5183; baseline -0.009 -7"><span class='ocrx_word' id='word_1_951' title='bbox 2187 5111 2335 5181; x_wconf 79' lang='grc' dir='ltr'>ἡμᾶς</span> <span class='ocrx_word' id='word_1_952' title='bbox 2363 5111 2603 5183; x_wconf 83' lang='grc' dir='ltr'>ἀγάπην,</span> <span class='ocrx_word' id='word_1_953' title='bbox 2627 5113 2743 5174; x_wconf 81' lang='grc' dir='ltr'>πῶς</span> <span class='ocrx_word' id='word_1_954' title='bbox 2766 5112 2885 5182; x_wconf 74' lang='grc' dir='ltr'>οὐχὶ</span> <span class='ocrx_word' id='word_1_955' title='bbox 2916 5113 3091 5167; x_wconf 89' lang='grc' dir='ltr'>πάντα</span> <span class='ocrx_word' id='word_1_956' title='bbox 3117 5115 3248 5183; x_wconf 74' lang='grc' dir='ltr'>ἡμῖν</span> <span class='ocrx_word' id='word_1_957' title='bbox 3272 5111 3339 5164; x_wconf 88' lang='grc' dir='ltr'>τά</span> <span class='ocrx_word' id='word_1_958' title='bbox 3365 5111 3528 5164; x_wconf 90' lang='grc' dir='ltr'>λοιπά</span> <span class='ocrx_word' id='word_1_959' title='bbox 3554 5112 3851 5182; x_wconf 83' lang='grc' dir='ltr'>χαριεῖται;</span> 
     </span>
    </p>
   </div>
   <div class='ocr_carea' id='block_1_119' title="bbox 2187 5200 3853 5274">
    <p class='ocr_par' dir='ltr' id='par_1_119' title="bbox 2187 5200 3853 5274">
     <span class='ocr_line' id='line_1_119' title="bbox 2187 5200 3853 5274; baseline -0.005 -16"><span class='ocrx_word' id='word_1_960' title='bbox 2187 5203 2455 5274; x_wconf 84' lang='grc' dir='ltr'>Καθάπερ</span> <span class='ocrx_word' id='word_1_961' title='bbox 2481 5203 2574 5256; x_wconf 80' lang='grc' dir='ltr'>καὶ</span> <span class='ocrx_word' id='word_1_962' title='bbox 2603 5201 2810 5265; x_wconf 86' lang='grc' dir='ltr'>Παῦλὸς</span> <span class='ocrx_word' id='word_1_963' title='bbox 2836 5219 2998 5273; x_wconf 89' lang='grc' dir='ltr'>φησιν</span> <span class='ocrx_word' id='word_1_964' title='bbox 3014 5219 3026 5232; x_wconf 88' lang='grc'><strong>·</strong></span> <span class='ocrx_word' id='word_1_965' title='bbox 3054 5204 3152 5268; x_wconf 75' lang='grc' dir='ltr'>’ος</span> <span class='ocrx_word' id='word_1_966' title='bbox 3170 5219 3236 5271; x_wconf 80' lang='grc' dir='ltr'>γε</span> <span class='ocrx_word' id='word_1_967' title='bbox 3267 5201 3375 5256; x_wconf 83' lang='grc' dir='ltr'>τοῦ</span> <span class='ocrx_word' id='word_1_968' title='bbox 3401 5202 3556 5256; x_wconf 71' lang='grc' dir='ltr'>ἰδίου</span> <span class='ocrx_word' id='word_1_969' title='bbox 3588 5200 3726 5254; x_wconf 81' lang='grc' dir='ltr'>Υιοῦ</span> <span class='ocrx_word' id='word_1_970' title='bbox 3748 5201 3853 5252; x_wconf 80' lang='grc' dir='ltr'>οὐκ</span> 
     </span>
    </p>
   </div>
   <div class='ocr_carea' id='block_1_120' title="bbox 2165 5287 3850 5360">
    <p class='ocr_par' dir='ltr' id='par_1_120' title="bbox 2165 5287 3850 5360">
     <span class='ocr_line' id='line_1_120' title="bbox 2165 5287 3850 5360; baseline -0.002 -17"><span class='ocrx_word' id='word_1_971' title='bbox 2165 5293 2490 5360; x_wconf 72' lang='grc' dir='ltr'>λέςρεισατο,</span> <span class='ocrx_word' id='word_1_972' title='bbox 2511 5291 2648 5346; x_wconf 66' lang='grc' dir='ltr'>ἀλλ’</span> <span class='ocrx_word' id='word_1_973' title='bbox 2663 5290 2816 5358; x_wconf 80' lang='grc' dir='ltr'>ὑπὲρ</span> <span class='ocrx_word' id='word_1_974' title='bbox 2835 5289 3263 5359; x_wconf 62' lang='grc' dir='ltr'>ήμῶνςπάντων</span> <span class='ocrx_word' id='word_1_975' title='bbox 3281 5289 3629 5358; x_wconf 79' lang='grc' dir='ltr'>,παρέδωκεν</span> <span class='ocrx_word' id='word_1_976' title='bbox 3648 5287 3850 5348; x_wconf 73' lang='grc' dir='ltr'>αὐτὸν,</span> 
     </span>
    </p>
   </div>
   <div class='ocr_carea' id='block_1_121' title="bbox 2185 5373 3853 5444">
    <p class='ocr_par' dir='ltr' id='par_1_121' title="bbox 2185 5373 3853 5444">
     <span class='ocr_line' id='line_1_121' title="bbox 2185 5373 3853 5444; baseline 0.001 -17"><span class='ocrx_word' id='word_1_977' title='bbox 2185 5375 2312 5441; x_wconf 78' lang='grc' dir='ltr'>πῶς</span> <span class='ocrx_word' id='word_1_978' title='bbox 2344 5375 2478 5444; x_wconf 76' lang='grc' dir='ltr'>οὐχὶ</span> <span class='ocrx_word' id='word_1_979' title='bbox 2519 5375 2616 5429; x_wconf 75' lang='grc' dir='ltr'>καὶ</span> <span class='ocrx_word' id='word_1_980' title='bbox 2649 5374 2772 5428; x_wconf 82' lang='grc' dir='ltr'>σὺν</span> <span class='ocrx_word' id='word_1_981' title='bbox 2808 5373 2968 5439; x_wconf 85' lang='grc' dir='ltr'>αὺτῷ</span> <span class='ocrx_word' id='word_1_982' title='bbox 3001 5373 3076 5427; x_wconf 85' lang='grc' dir='ltr'>τὰ</span> <span class='ocrx_word' id='word_1_983' title='bbox 3101 5373 3296 5426; x_wconf 81' lang='grc' dir='ltr'>πάντα</span> <span class='ocrx_word' id='word_1_984' title='bbox 3323 5373 3467 5442; x_wconf 75' lang='grc' dir='ltr'>ἡμῖν</span> <span class='ocrx_word' id='word_1_985' title='bbox 3507 5373 3853 5440; x_wconf 73' lang='grc' dir='ltr'>χαρίσεταιξ</span> 
     </span>
    </p>
   </div>
   <div class='ocr_carea' id='block_1_122' title="bbox 2157 5457 3853 5532">
    <p class='ocr_par' dir='ltr' id='par_1_122' title="bbox 2157 5457 3853 5532">
     <span class='ocr_line' id='line_1_122' title="bbox 2157 5457 3853 5532; baseline -0.004 -16"><span class='ocrx_word' id='word_1_986' title='bbox 2157 5505 2164 5518; x_wconf 83' lang='grc'>,</span> <span class='ocrx_word' id='word_1_987' title='bbox 2185 5463 2247 5515; x_wconf 78' lang='lat' dir='ltr'><em>El</em></span> <span class='ocrx_word' id='word_1_988' title='bbox 2276 5463 2368 5515; x_wconf 84' lang='grc' dir='ltr'>τὸν</span> <span class='ocrx_word' id='word_1_989' title='bbox 2391 5463 2516 5515; x_wconf 83' lang='grc' dir='ltr'>Υίὸν</span> <span class='ocrx_word' id='word_1_990' title='bbox 2540 5461 2705 5514; x_wconf 89' lang='grc' dir='ltr'>αὑτοῦ</span> <span class='ocrx_word' id='word_1_991' title='bbox 2734 5461 2995 5527; x_wconf 80' lang='grc' dir='ltr'>ἐξέδωκεν</span> <span class='ocrx_word' id='word_1_992' title='bbox 3025 5461 3165 5532; x_wconf 81' lang='grc' dir='ltr'>ὑπὲρ</span> <span class='ocrx_word' id='word_1_993' title='bbox 3185 5460 3343 5532; x_wconf 84' lang='grc' dir='ltr'>ήμῶν</span> <span class='ocrx_word' id='word_1_994' title='bbox 3366 5459 3473 5513; x_wconf 87' lang='grc' dir='ltr'>τῶν</span> <span class='ocrx_word' id='word_1_995' title='bbox 3493 5457 3853 5530; x_wconf 82' lang='grc' dir='ltr'>ἁμαρτωλῶν,</span> 
     </span>
    </p>
   </div>
   <div class='ocr_carea' id='block_1_123' title="bbox 2185 5546 3853 5621">
    <p class='ocr_par' dir='ltr' id='par_1_123' title="bbox 2185 5546 3853 5621">
     <span class='ocr_line' id='line_1_123' title="bbox 2185 5546 3853 5621; baseline -0.004 -19"><span class='ocrx_word' id='word_1_996' title='bbox 2185 5551 2234 5602; x_wconf 87' lang='grc' dir='ltr'>εί</span> <span class='ocrx_word' id='word_1_997' title='bbox 2270 5549 2366 5603; x_wconf 90' lang='grc' dir='ltr'>τοῦ</span> <span class='ocrx_word' id='word_1_998' title='bbox 2402 5549 2778 5621; x_wconf 87' lang='grc' dir='ltr'>βαπτίσματος</span> <span class='ocrx_word' id='word_1_999' title='bbox 2809 5547 2906 5619; x_wconf 82' lang='grc' dir='ltr'>τὴν</span> <span class='ocrx_word' id='word_1_1000' title='bbox 2939 5548 3147 5620; x_wconf 85' lang='grc' dir='ltr'>δωρεὰν</span> <span class='ocrx_word' id='word_1_1001' title='bbox 3170 5548 3482 5618; x_wconf 87' lang='grc' dir='ltr'>ἐχαρίσατο,</span> <span class='ocrx_word' id='word_1_1002' title='bbox 3513 5547 3562 5600; x_wconf 81' lang='grc' dir='ltr'>εί</span> <span class='ocrx_word' id='word_1_1003' title='bbox 3589 5546 3699 5599; x_wconf 86' lang='grc' dir='ltr'>τῶν</span> <span class='ocrx_word' id='word_1_1004' title='bbox 3726 5560 3853 5615; x_wconf 86' lang='grc' dir='ltr'>προ-</span> 
     </span>
    </p>
   </div>
   <div class='ocr_carea' id='block_1_124' title="bbox 2184 5632 3855 5706">
    <p class='ocr_par' dir='ltr' id='par_1_124' title="bbox 2184 5632 3855 5706">
     <span class='ocr_line' id='line_1_124' title="bbox 2184 5632 3855 5706; baseline -0.004 -18"><span class='ocrx_word' id='word_1_1005' title='bbox 2184 5635 2454 5688; x_wconf 87' lang='grc' dir='ltr'>λαϐόντων</span> <span class='ocrx_word' id='word_1_1006' title='bbox 2476 5635 2884 5706; x_wconf 82' lang='grc' dir='ltr'>ἁμαρτημάτων</span> <span class='ocrx_word' id='word_1_1007' title='bbox 2916 5634 3015 5706; x_wconf 85' lang='grc' dir='ltr'>τὴν</span> <span class='ocrx_word' id='word_1_1008' title='bbox 3039 5636 3232 5704; x_wconf 81' lang='grc' dir='ltr'>ἄφεσιν</span> <span class='ocrx_word' id='word_1_1009' title='bbox 3261 5635 3593 5705; x_wconf 80' lang='grc' dir='ltr'>ἐδωρήσατο,</span> <span class='ocrx_word' id='word_1_1010' title='bbox 3621 5632 3668 5685; x_wconf 87' lang='grc' dir='ltr'>εί</span> <span class='ocrx_word' id='word_1_1011' title='bbox 3699 5647 3855 5702; x_wconf 83' lang='grc' dir='ltr'>μετα·</span> 
     </span>
    </p>
   </div>
   <div class='ocr_carea' id='block_1_125' title="bbox 2185 5720 3853 5795">
    <p class='ocr_par' dir='ltr' id='par_1_125' title="bbox 2185 5720 3853 5795">
     <span class='ocr_line' id='line_1_125' title="bbox 2185 5720 3853 5795; baseline -0.003 -18"><span class='ocrx_word' id='word_1_1012' title='bbox 2185 5722 2335 5786; x_wconf 86' lang='grc' dir='ltr'>νοίας</span> <span class='ocrx_word' id='word_1_1013' title='bbox 2360 5722 2479 5778; x_wconf 83' lang='grc' dir='ltr'>ὁδὸν</span> <span class='ocrx_word' id='word_1_1014' title='bbox 2513 5724 2644 5793; x_wconf 80' lang='grc' dir='ltr'>ἡμῖν</span> <span class='ocrx_word' id='word_1_1015' title='bbox 2669 5722 2882 5793; x_wconf 86' lang='grc' dir='ltr'>ἔτεμεν,</span> <span class='ocrx_word' id='word_1_1016' title='bbox 2916 5723 2965 5775; x_wconf 81' lang='grc' dir='ltr'>εί</span> <span class='ocrx_word' id='word_1_1017' title='bbox 3008 5721 3177 5794; x_wconf 86' lang='grc' dir='ltr'>μυρία</span> <span class='ocrx_word' id='word_1_1018' title='bbox 3221 5722 3383 5795; x_wconf 73' lang='grc' dir='ltr'>ἔτερα</span> <span class='ocrx_word' id='word_1_1019' title='bbox 3425 5721 3562 5794; x_wconf 77' lang='grc' dir='ltr'>πρὸς</span> <span class='ocrx_word' id='word_1_1020' title='bbox 3598 5720 3698 5793; x_wconf 76' lang='grc' dir='ltr'>τὴν</span> <span class='ocrx_word' id='word_1_1021' title='bbox 3745 5734 3853 5773; x_wconf 79' lang='lat' dir='ltr'>ou-</span> 
     </span>
    </p>
   </div>
  </div>
