4084 6214
457 374 559 432 5H

530 491 748 546 Abrahae
770 488 997 542 virtutem
1033 483 1280 555 paulatim
1305 492 1494 535 exercet
1517 478 1672 534 Deus.
1706 479 1904 546 Quanta
1947 495 2035 550 pa-

458 582 694 635 triarclue
721 579 898 632 mentis
924 577 1158 645 ﬁrmitas.
1190 603 1259 613 —
1291 571 1518 627 Attende
1540 570 1808 640 quomodo
1837 569 2042 623 miseri-

455 687 576 726 Cors
627 673 766 725 Deus
810 668 1063 740 paulatim
1107 667 1352 720 virtutem
1392 664 1520 734 justi
1567 663 1722 733 hujus
1769 671 2036 718 exerceat.

457 762 586 816 Nam
632 777 752 816 cum
799 759 1042 830 superius
1080 757 1273 811 dixerit
1316 773 1330 809 :
1375 755 1676 809 Sentinituo
1701 753 1829 806 dabo
1856 763 2039 805 terram

458 862 586 907 nunc
603 870 623 908 :
647 868 786 907 nunc
811 853 999 906 iterum
1029 848 1192 903 dicit:
1217 845 1286 900 Et
1309 846 1486 901 semini
1511 856 1594 898 tuo
1623 861 1777 914 usque
1797 845 1848 897 in
1875 859 2037 896 stt-ru-

459 944 561 998 lum
603 945 733 997 dabo
752 985 767 1009 ,
799 953 845 996 et
876 942 1061 1014 faciam
1087 939 1218 994 illud
1245 939 1388 1008 quasi
1416 953 1622 990 arenam
1654 945 1816 990 terrm.
1845 935 2036 988 Hacte-

459 1052 559 1090 nus
585 1035 920 1089 sermonibus
948 1042 1150 1086 tantum
1183 1031 1316 1084 facta
1339 1037 1423 1084 est
1456 1028 1737 1098 promissio
1761 1069 1776 1091 ,
1808 1029 2036 1081 interce-

455 1125 639 1194 ditque
681 1127 819 1179 inter
847 1138 957 1178 rem
983 1131 1038 1176 et
1066 1119 1470 1189 promissionem
1498 1118 1721 1172 multum
1746 1117 1998 1184 temporis
2018 1157 2034 1181 ,

458 1226 517 1269 ut
544 1217 843 1286 religiosam
872 1211 1185 1284 patriarcha:
1221 1223 1452 1265 mentem
1473 1251 1486 1273 ,
1517 1218 1571 1263 et
1601 1208 1917 1263 ineffabilem
1946 1207 2036 1262 Dei

455 1311 702 1364 virtutem
728 1309 1014 1363 discamus.
1059 1305 1184 1359 Data
1215 1303 1357 1358 enim
1386 1317 1548 1371 opera
1575 1301 1749 1356 differt
1774 1315 1836 1354 ac
1862 1316 2036 1354 mora-

459 1411 564 1463 tur,
594 1409 651 1454 ut
679 1415 798 1454 cum
824 1399 882 1463 ii,
910 1397 1102 1468 quibus
1133 1394 1413 1465 promissio
1440 1393 1573 1446 facta
1599 1432 1614 1456 ,
1658 1393 1709 1445 in
1737 1401 2034 1446 extremam

457 1490 796 1560 pervenerint
840 1496 1128 1552 senectam,
1159 1495 1211 1540 et
1237 1483 1526 1539 secundum
1559 1482 1841 1536 humanam
1871 1482 2033 1536 ratio-

455 1596 599 1644 nem,
630 1589 685 1633 ut
714 1580 782 1632 ita
812 1577 1008 1643 dicam,
1030 1576 1246 1629 omnino
1267 1571 1697 1641 desperaverint,
1731 1581 1854 1626 tunc
1883 1587 2032 1625 suam

455 1673 810 1725 infirmitatem
837 1710 852 1734 ,
896 1679 952 1724 et
972 1666 1339 1724 inenarrabilis
1370 1664 1618 1735 potentiae
1663 1664 1754 1718 Dei
1790 1665 2033 1718 eminen-

451 1763 578 1815 tiam
610 1770 919 1831 agnoscant.

521 1857 572 1908 4.
608 1854 716 1907 lloc
739 1855 854 1907 loco
885 1852 1174 1922 expendas,
1203 1865 1406 1922 quasso,
1439 1865 1468 1903 a
1502 1847 1756 1920 temporis
1779 1858 1922 1902 tanta
1955 1847 2033 1900 in-

457 1945 796 2014 tercapedine
819 1984 834 2010 ,
880 1959 1036 2014 quam
1082 1943 1250 1998 solida
1288 1942 1447 1998 fuerit
1488 1941 1802 2012 patriarchae
1840 1953 2029 2005 meus,

451 2034 718 2104 quomodo
740 2035 984 2088 humanis
1013 2033 1260 2089 omnibus
1290 2033 1602 2103 praeteritis,
1633 2031 1698 2085 ad
1741 2030 2030 2101 potentiam

451 2126 568 2192 ejus
593 2125 678 2193 qui
707 2125 970 2193 pollicitus
997 2133 1112 2179 erat
1135 2163 1152 2188 ,
1205 2125 1494 2193 respiciens
1519 2164 1534 2190 ,
1575 2138 1678 2177 non
1711 2122 1992 2192 impatiens
2011 2160 2026 2185 ,

453 2229 558 2267 non
587 2213 827 2268 turbatus
854 2213 1031 2269 fuerit.
1057 2214 1215 2269 Scitis
1237 2215 1378 2269 enim
1400 2214 1668 2284 quomodo
1694 2213 2026 2284 plerumque,

450 2305 662 2372 quando
688 2305 808 2374 quis
832 2304 996 2359 semel
1023 2315 1180 2374 atque
1222 2305 1414 2359 iterum
1457 2304 1770 2374 pollicetur,
1815 2312 1868 2358 et
1910 2318 2031 2372 pro-

450 2394 609 2447 missa
633 2393 854 2464 implere
883 2393 1074 2460 tardat,
1101 2394 1374 2464 segniores
1401 2408 1584 2448 sumus
1610 2392 1677 2447 ad
1701 2391 2027 2447 credendum

451 2485 514 2538 iis
539 2501 656 2554 qua:
684 2486 871 2540 iterum
903 2486 1165 2556 promittit
1196 2503 1210 2540 :
1243 2487 1293 2540 id
1323 2485 1464 2555 quod
1492 2486 1546 2540 in
1577 2484 1794 2540 homine
1819 2499 1927 2541 non
1948 2485 2029 2539 in-

442 2575 584 2644 juria
623 2576 798 2630 locum
838 2575 994 2632 habet
1030 2595 1044 2632 :
1089 2579 1143 2632 in
1168 2577 1278 2632 Deo
1305 2587 1482 2632 autem
1505 2621 1522 2643 ,
1561 2578 1652 2648 qui
1693 2593 1778 2632 res
1817 2587 2026 2633 nostras

449 2666 681 2718 maxima
711 2666 982 2736 dispensat
1021 2667 1276 2736 sapientia
1297 2706 1314 2732 ,
1340 2666 1385 2721 si
1423 2682 1526 2738 qua
1569 2667 1736 2722 semel
1767 2669 2025 2736 promissa

449 2752 680 2819 fuerint,
734 2757 944 2811 etiamsi
997 2757 1273 2811 innumera
1327 2756 1658 2812 intercedant
1709 2756 1974 2812 obstacula
2003 2801 2021 2825 ,

445 2846 818 2900 confidendum
852 2858 932 2902 est
961 2847 1025 2901 ad
1071 2840 1764 2917 magnitudinem‘potentiae
1792 2848 1908 2916 ejus
1932 2862 2021 2902 re-

444 2941 807 3009 spicientibus,
837 2939 1305 3010 confirmandaque
1331 2948 1412 2994 est
1440 2939 1577 2994 ratio
1597 2980 1612 3004 ,
1638 2948 1693 2994 et
1719 2938 2017 3004 sciendum,

442 3033 619 3084 omnia
657 3046 775 3100 qua:
800 3031 868 3084 ab
893 3031 979 3084 illo
1001 3041 1124 3084 sunt
1149 3031 1290 3085 dicta
1320 3031 1534 3085 evenire
1563 3030 1735 3084 modis
1772 3029 2020 3084 omnibus

443 3136 663 3176 necesse
689 3137 826 3176 esse.
856 3121 997 3176 Nihil
1021 3123 1161 3176 enim
1191 3133 1271 3176 est
1297 3121 1436 3191 quod
1467 3121 1662 3175 morari
1701 3129 1873 3207 queat.
1901 3120 2020 3189 ejus

443 3215 844 3282 promissiones,
865 3216 1111 3285 quoniam
1142 3215 1280 3269 Deus
1310 3224 1412 3278 est,
1441 3215 1524 3269 cui
1548 3214 1722 3267 omnia
1749 3222 1872 3268 sunt
1897 3229 2020 3281 pos-

439 3306 612 3360 sibilia
643 3323 656 3360 :
685 3317 738 3361 et
765 3307 961 3362 idcirco
987 3320 1319 3376 quocumque
1348 3306 1480 3372 vult,
1513 3320 1599 3359 res
1637 3303 1888 3359 transfert
1909 3343 1923 3368 ,
1964 3313 2019 3358 et

440 3397 528 3450 ubi
556 3413 661 3452 non
691 3409 813 3452 sunt
833 3400 952 3460 viae,
987 3399 1226 3452 invenire
1251 3397 1350 3450 scit
1381 3397 1492 3450 vias
1510 3437 1525 3461 ,
1553 3411 1615 3449 ac
1641 3411 1738 3449 nos
1761 3395 2015 3464 despera-

441 3497 524 3541 tos
551 3489 601 3541 in
632 3489 823 3544 bonam
848 3504 998 3557 spem
1027 3489 1258 3553 adducit,
1285 3503 1392 3557 quo
1419 3487 1734 3542 excellentia
1758 3487 2016 3556 potentis-

440 3580 588 3634 sima;
637 3595 748 3633 sua:
801 3581 1073 3649 sapientiae
1123 3578 1276 3634 nobis
1325 3578 1658 3633 manifestior
1717 3580 1825 3633 fiat.
1881 3580 2018 3634 Dicit

437 3669 579 3722 enim
610 3685 624 3722 :
657 3670 743 3724 i7.
769 3670 953 3740 Surge,
976 3679 1023 3724 et
1051 3669 1342 3739 perambula
1368 3679 1552 3722 terram
1575 3670 1625 3722 in
1653 3670 2016 3740 longitudinem

438 3762 547 3830 ejus
573 3769 618 3813 et
646 3761 978 3827 latitudinem,
1009 3762 1128 3830 quia
1158 3761 1244 3814 tibi
1274 3761 1404 3815 dabo
1430 3777 1561 3815 eam.
1592 3759 1726 3816 Vide
1747 3762 2012 3831 quomodo

439 3852 490 3904 in
521 3851 679 3905 rebus
707 3851 953 3905 omnibus
979 3851 1195 3904 multam
1241 3851 1578 3905 securitatem
1616 3851 1761 3920 justo
1788 3851 1901 3904 viro
1929 3853 2010 3904 in-

436 3958 623 4013 gerere
644 3943 852 4012 satagit.
893 3943 1024 3998 Dicit
1052 3943 1196 3998 enim
1233 3960 1248 3996 :
1277 3943 1468 4013 Surge,
1500 3952 1553 3997 et
1577 3944 1817 4007 circumi,
1847 3954 1896 3998 et
1921 3943 2013 3996 ad-

435 4031 583 4088 disce
606 4043 711 4087 tam
739 4033 1065 4088 latitudinem
1091 4075 1105 4099 ,
1153 4050 1308 4104 quam
1348 4035 1758 4106 longitudinem,
1791 4045 1850 4090 ut
1874 4036 2014 4090 scire

438 4122 608 4190 possis
635 4133 689 4176 ct
718 4123 1127 4192 magnitudinem
1161 4132 1314 4178 terrae
1335 4140 1434 4192 qua
1462 4125 1714 4178 fruiturus
1732 4139 1812 4189 es,
1838 4134 1893 4178 et
1917 4139 2012 4177 an-

439 4223 646 4281 tequam
676 4213 865 4268 fruaris
887 4257 899 4278 ,
932 4229 1026 4282 spe
1053 4224 1264 4284 pastus,
1297 4230 1542 4284 magnam
1574 4215 1698 4270 inde
1720 4215 1882 4268 animi
1914 4232 2009 4268 vo-

432 4303 683 4373 luptatem
707 4303 938 4358 haurias.
952 4303 1084 4358 Nam
1105 4315 1588 4373 quantumcumque
1607 4314 1761 4359 terra:
1776 4306 2008 4360 circum-

432 4396 590 4460 ieris,
637 4395 730 4449 tibi
759 4395 933 4461 dabo,
984 4404 1041 4448 ut
1067 4396 1204 4450 scias
1231 4404 1282 4450 te
1322 4411 1426 4449 non
1463 4405 1666 4450 tantum
1706 4396 2006 4463 dimisisse,

430 4496 683 4555 quantum
713 4495 1026 4554 accepturus
1070 4501 1150 4541 es.
1189 4485 1265 4541 Ne
1297 4487 1454 4556 igitur
1480 4497 1632 4556 putes
1671 4496 1722 4542 te
1748 4491 2006 4544 minorem

432 4588 627 4630 terram
654 4578 902 4630 sortitum
931 4590 1070 4643 esse,
1099 4577 1347 4645 quoniam
1375 4578 1464 4632 ille
1487 4579 1728 4648 arripuit,
1757 4595 1874 4650 quae
1901 4581 2007 4649 pri-

432 4681 514 4720 ma
537 4666 634 4720 sibi
667 4667 778 4720 visa
808 4676 890 4721 est
918 4674 973 4720 et
997 4667 1189 4736 potior.
1216 4666 1362 4722 Scies
1393 4668 1533 4722 enim
1566 4683 1670 4722 non
1699 4670 1864 4724 multo
1891 4679 2009 4737 post

429 4773 496 4810 ex
524 4758 680 4812 rebus
711 4758 858 4829 ipsis,
889 4771 1048 4827 quam
1079 4757 1208 4812 nihil
1239 4757 1496 4828 profuerit
1523 4760 1570 4815 ei
1601 4761 1822 4831 potioris
1847 4769 2006 4815 terra:

431 4848 653 4912 electio;
682 4861 736 4904 et
795 4851 908 4918 ipse
947 4850 1155 4917 discet,
1199 4861 1454 4920 quantum
1473 4852 1672 4907 malum
1700 4862 1781 4907 est
1809 4852 2004 4920 primas

429 4953 610 4991 amare
634 4952 828 5008 partes.
860 4941 937 4995 Tu
957 4952 1134 4997 autem
1158 4959 1298 4998 nunc
1321 4944 1503 5014 accipe
1528 4944 1800 4999 modestia:
1821 4953 1875 4997 et
1900 4945 2006 4998 cle-

429 5029 665 5093 mentia,
693 5046 850 5098 quam
876 5047 999 5103 erga
1031 5034 1208 5089 fratris
1234 5035 1401 5089 lilium
1435 5034 1713 5090 declarasti
1739 5075 1754 5099 ,
1800 5049 2006 5089 merce-

429 5118 591 5183 dem;
624 5122 881 5187 promissa
920 5138 1072 5178 sume
1095 5165 1111 5190 ,
1139 5133 1193 5178 et
1224 5123 1335 5193 jam
1371 5138 1634 5194 cognosce
1665 5135 1860 5178 terram
1883 5139 2003 5179 om-

431 5226 552 5264 nem
577 5211 728 5280 ciijus
748 5214 994 5269 dominus
1019 5230 1100 5282 es,
1126 5225 1181 5270 et
1207 5230 1366 5284 quam
1394 5231 1500 5270 non
1530 5216 1696 5270 multo
1723 5226 1841 5284 post
1868 5226 1922 5270 et
1947 5228 2003 5270 tu

432 5300 563 5366 ipse.
594 5310 648 5354 et
674 5316 857 5357 semen
885 5315 1032 5359 tuum
1058 5306 1108 5359 in
1146 5314 1405 5360 aeternum
1433 5305 1792 5374 possidebitis.
1825 5305 1894 5360 Et
1919 5323 2003 5360 se-

431 5392 553 5442 mini
573 5402 681 5457 tuo,
707 5392 893 5463 inquit,
928 5412 1083 5466 usque
1104 5397 1155 5450 in
1177 5398 1436 5450 secutum.
1463 5394 1646 5464 Magna
1671 5396 1865 5450 divina:
1890 5411 2006 5466 pro-

430 5480 696 5536 missionis
725 5485 1054 5555 magnitudo,
1084 5501 1274 5557 magna
1304 5488 1472 5541 nostri
1501 5486 1738 5540 omnium
1772 5486 2000 5551 Domini,

427 5583 585 5644 atque
612 5575 865 5630 immensa
893 5579 1198 5645 liberalitas,
1230 5593 1419 5648 magna
1448 5575 1711 5633 mercedis
1742 5585 2002 5646 prazstan-

429 5663 520 5725 tia,
546 5678 706 5733 quam
734 5665 827 5719 dat
853 5667 1156 5720 misericors
1183 5678 1236 5721 et
1264 5666 1706 5722 clementissimus
1747 5665 2004 5721 Dominus

423 5753 579 5810 beato
605 5756 701 5822 illi,
724 5767 776 5810 ct
801 5773 866 5811 ex
897 5757 988 5811 illo
1014 5761 1283 5815 nascituro
1311 5761 1522 5817 semini.
1568 5757 1636 5814 Ut
1662 5758 1775 5814 hmc
1800 5755 2003 5812 audivit

1548 365 1609 422 IN
1648 365 1798 422 CAP.
1832 363 1968 420 XIII.
2009 364 2252 420 CENES.
2298 365 2522 422 IIOMII..
2568 365 2803 426 λχχιν.

3623 374 3725 428 318

2149 479 2479 546 patriarcha,
2509 479 2576 535 de
2603 481 2853 536 ineffabili
2892 483 3126 540 bonitate
3173 485 3266 541 Dei
3305 485 3722 555 obstupefactus,

2149 567 2234 622 18.
2269 567 2421 622 Motis
2441 569 2796 633 tabernaculis,
2840 572 3027 642 inquit,
3055 577 3205 640 venit,
3231 585 3277 628 et
3307 577 3547 630 habitavit
3566 578 3725 644 juxta

2143 677 2377 730 quercum
2405 661 2632 717 Humbre
2654 703 2669 726 ,
2708 680 2822 733 qua:
2843 675 2915 718 est
2934 666 2986 719 in
3013 667 3261 723 Chebron.
3293 668 3578 739 POStqnam
3597 710 3614 733 ,
3644 671 3726 724 in-

2143 752 2276 820 quit,
2323 753 2528 825 accepit
2559 755 2986 822 promissionem,
3009 767 3064 812 et
3086 762 3349 829 separavit
3369 775 3428 816 se
3455 760 3573 826 Lot,
3601 771 3725 816 tunc

2148 843 2418 897 transtulit
2464 844 2862 900 tabernaculum
2883 862 3035 901 suum
3058 848 3123 902 ad
3163 865 3418 918 quercum
3463 851 3720 908 Mambre.

2152 930 2281 986 Vide
2307 932 2725 1004 philosophicam
2760 946 3015 1005 mentem,
3048 939 3169 994 vide
3184 941 3400 1010 spiritus
3420 943 3719 998 sublimita-

2144 1031 2270 1087 tem,
2302 1024 2570 1092 quomodo
2595 1026 2747 1082 facile
2775 1029 2897 1084 inde
2923 1030 3135 1100 migrat,
3160 1046 3260 1086 nec
3286 1044 3536 1103 gravatur
3555 1035 3622 1090 dc
3650 1036 3723 1089 lo-

2140 1114 2218 1167 cis
2248 1113 2300 1168 in
2344 1115 2461 1170 loca
2505 1117 2750 1174 transire.
2792 1119 3035 1175 Invenies
3067 1121 3211 1176 enim
3250 1137 3373 1177 eum
3413 1124 3556 1178 nulla
3592 1139 3724 1179 con-

2139 1203 2422 1260 suetudine
2465 1216 2797 1276 prazventum
2822 1217 2874 1264 et
2897 1210 3216 1280 alligatum:
3260 1211 3311 1267 id
3351 1213 3492 1285 quod
3535 1216 3721 1272 multis

2138 1294 2337 1358 evenit,
2367 1296 2529 1350 etiam
2559 1297 2623 1353 iis
2647 1299 2735 1368 qui
2767 1314 2825 1354 se
2847 1299 3211 1370 philosophos,
3241 1311 3344 1358 ete
3370 1303 3560 1361 mediis
3582 1306 3720 1362 libe-

2139 1395 2282 1438 ratos
2303 1387 2611 1442 tumultibus
2631 1389 2830 1458 jactant
2856 1408 2871 1445 :
2911 1400 2967 1445 et
2989 1391 3033 1446 si
3063 1393 3275 1462 quando
3303 1402 3512 1464 tempus
3538 1406 3715 1465 vocet,

2138 1475 2425 1542 spiritualis
2450 1494 2592 1548 swpe
2612 1481 2805 1551 negotii
2827 1484 3015 1553 gratia,
3051 1496 3107 1539 ut
3127 1485 3180 1539 in
3200 1485 3364 1540 alium
3391 1486 3564 1542 locum
3588 1503 3718 1544 con-

2137 1566 2329 1620 cedant
2353 1609 2366 1634 ,
2397 1585 2766 1639 smpenumcro
2795 1576 2992 1628 morosi
3021 1586 3164 1639 sunt,
3203 1577 3412 1643 tristes,
3438 1587 3490 1632 et
3519 1579 3718 1651 migra~

2139 1659 2335 1713 tionem
2373 1676 2513 1730 aegre
2557 1662 2820 1730 ferentes,
2865 1681 2930 1720 eo
2970 1666 3111 1734 quod
3153 1669 3537 1724 consuetudine
3578 1685 3718 1739 pra:-

2135 1751 2378 1819 occupati
2407 1753 2537 1806 sint.
2583 1753 2777 1808 Verum
2811 1771 2916 1810 non
2957 1757 3025 1809 ita
3069 1756 3243 1824 justus
3267 1797 3283 1821 ,
3326 1758 3419 1812 sed
3457 1758 3567 1828 jam
3605 1769 3714 1816 tum

2137 1837 2511 1909 pbiIOSOphum
2551 1843 2739 1911 agebat
2769 1861 2780 1897 :
2811 1853 2866 1898 et
2901 1845 3048 1914 quasi
3077 1846 3385 1916 peregrinus
3404 1857 3457 1902 et
3482 1847 3672 1918 hospes
3697 1891 3712 1914 .

2136 1929 2205 1984 ita
2234 1947 2372 1986 nunc
2400 1933 2523 1988 hinc
2553 1933 2697 2001 illuc,
2727 1951 2867 1991 nunc
2891 1937 3035 1992 illinc
3064 1938 3165 1992 hnc
3195 1941 3596 2009 transmigrahat
3617 1981 3633 2006 ,
3659 1953 3716 1997 et

2139 2037 2232 2090 per
2259 2023 2440 2078 omnia
2477 2025 2780 2093 religiosam
2819 2042 2971 2081 suam
3017 2039 3247 2083 mentem
3287 2031 3536 2098 operibus
3588 2033 3714 2100 ipsis

2133 2110 2408 2168 declarare
2431 2114 2696 2168 studebat.
2716 2115 2847 2170 Nam
2871 2127 3148 2186 postquam
3173 2119 3570 2174 tabernaculum
3599 2122 3714 2176 fixit

2133 2202 2272 2272 apud
2316 2218 2573 2273 quercum
2610 2205 2876 2272 Mambre,
2920 2209 3098 2262 statim
3129 2209 3197 2262 ibi
3247 2213 3508 2266 exstruxit
3546 2212 3714 2269 altare

2134 2292 2377 2348 Domino.
2405 2294 2592 2349 Vidisti
2623 2307 2855 2351 mentem
2874 2301 3118 2368 gratam?
3143 2300 3271 2366 Quia
3302 2316 3422 2355 mox
3459 2313 3514 2355 nt
3539 2305 3714 2359 taber-

2133 2383 2380 2437 naculum
2409 2383 2542 2449 fixit,
2579 2386 2756 2439 statim
2790 2401 2884 2455 pro
2912 2386 3048 2441 facta
3083 2390 3182 2443 sibi
3214 2394 3562 2458 promissione
3587 2410 3713 2463 gra-

2115 2474 2326 2530 tiarum
2355 2477 2596 2532 actiones
2616 2478 2810 2532 obtulit
2841 2478 3087 2534 Domino.
3131 2481 3196 2536 Et
3237 2482 3288 2535 in
3332 2483 3552 2553 singulis
3579 2485 3709 2541 locis

2131 2566 2218 2619 tibi
2250 2567 2649 2622 tabernaculum
2677 2567 2814 2632 fixit,
2848 2569 3085 2624 invenies
3118 2572 3216 2626 hoc
3249 2587 3356 2640 pra:
3383 2572 3630 2628 omnibus
3659 2577 3708 2630 ei

2130 2657 2292 2713 fuisse
2318 2673 2460 2714 cura:
2485 2699 2500 2724 ,
2549 2669 2606 2715 ut
2637 2671 2909 2716 exstructo
2946 2663 3100 2718 altari
3143 2678 3328 2732 preces
3365 2666 3581 2721 offerret
3604 2709 3618 2730 ,
3655 2677 3710 2723 et

2121 2751 2368 2821 Apostoli
2402 2758 2726 2819 prazceptum
2771 2751 3046 2820 impleret,
3091 2754 3324 2822 jubentis
3369 2766 3420 2808 ut
3469 2757 3520 2810 in
3562 2761 3705 2813 omni

2127 2839 2245 2892 loco
2268 2849 2470 2904 oretur,
2492 2851 2546 2896 et
2573 2842 2849 2897 eleventur
2868 2855 3064 2899 sanctae
3090 2861 3278 2900 manus
3295 2849 3368 2916 (l.
3389 2847 3522 2902 Tim.
3548 2850 3598 2903 ‘2.
3624 2852 3703 2921 8).

2126 2929 2312 2984 Vidisti
2333 2931 2564 2986 animam
2595 2932 2774 2987 divino
2798 2950 2981 2990 amore
3008 2951 3341 3005 succensam,
3369 2948 3421 2994 et
3443 2939 3509 2994 ad
3538 2941 3702 2995 Deum

2124 3021 2430 3089 Volantem,
2481 3039 2680 3094 proque
2718 3027 2966 3081 omnibus
3011 3028 3207 3098 gratias
3250 3033 3539 3100 agentem?
3587 3033 3702 3089 Non

2122 3116 2266 3169 enim
2286 3117 2614 3184 exspectavit
2657 3117 2830 3173 donec
2868 3119 3127 3188 promissa
3152 3123 3577 3190 complerentur;
3609 3127 3702 3180 sed

2121 3205 2266 3261 etde
2293 3207 2643 3276 promissione
2675 3211 2873 3278 gratias
2898 3211 3036 3280 agit,
3073 3211 3309 3283 nihilque
3342 3229 3445 3271 non
3475 3215 3618 3285 facit,
3648 3227 3705 3272 ut

2121 3298 2187 3352 de
2213 3298 2425 3368 praeviis
2461 3297 2649 3368 dignas
2687 3301 2882 3369 gratias
2929 3316 3037 3370 pne
3075 3316 3134 3357 se
3180 3305 3384 3370 ferens,
3420 3305 3700 3362 Dominum

2121 3404 2275 3442 suum
2301 3398 2553 3458 provocet
2577 3389 2642 3443 ad
2671 3391 3052 3458 promissiones
3072 3406 3197 3447 suas
3221 3393 3536 3463 implendas.

2190 3481 2244 3536 5.
2279 3479 2492 3533 Moralis
2511 3480 2788 3534 exhortatio
2813 3481 2882 3534 ad
2909 3483 3240 3536 constantiam
3266 3485 3319 3538 in
3345 3486 3464 3554 ﬁde.
3480 3487 3696 3542 —lllum

2119 3586 2248 3626 sane
2276 3580 2330 3626 et
2350 3585 2446 3626 nos
2470 3571 2759 3637 imitemur,
2790 3581 2844 3626 et
2868 3574 3304 3642 promissionibus
3340 3575 3533 3632 divinis
3568 3579 3690 3632 fida.

2121 3677 2269 3728 mus;
2300 3678 2468 3732 neque
2492 3663 2737 3717 alacritas
2759 3672 2998 3733 tempore
3018 3664 3335 3731 obsolescat,
3358 3681 3529 3737 neque
3547 3685 3698 3724 mens

2121 3754 2392 3808 remissior
2419 3753 2510 3808 fiat
2533 3769 2596 3808 ex
2637 3753 2878 3808 obicibus
2905 3755 2993 3824 qui
3025 3755 3382 3811 interveniunt
3408 3773 3422 3810 :
3452 3759 3546 3813 sed
3587 3762 3691 3814 vir-

2121 3845 2216 3898 tuti
2245 3845 2438 3899 divinze
2460 3844 2701 3911 fidentes,
2730 3845 2878 3914 quasi
2900 3849 3010 3915 jam
3041 3855 3162 3900 ante
3187 3847 3371 3903 oculos
3396 3849 3696 3906 videremus

2120 3937 2500 4006 promissiones
2547 3937 2770 4006 impleri,
2823 3939 2893 3991 ita
2942 3953 3123 4007 puram
3168 3948 3221 3994 ct
3247 3940 3510 3996 sinceram
3539 3943 3693 3998 fidem

2119 4029 2481 4085 exhibeamus.
2511 4030 2694 4100 Magna
2721 4031 2862 4086 enim
2892 4040 2946 4085 et
2985 4032 3242 4086 immensa
3271 4035 3512 4102 promisit
3542 4036 3694 4091 nobis

2121 4121 2414 4186 Dominus,
2456 4132 2510 4177 ct
2552 4137 2672 4192 qua:
2719 4132 2952 4178 nostram
2994 4125 3374 4178 transcendunt
3410 4127 3691 4193 rationem,

2118 4228 2307 4282 nempe
2337 4228 2434 4268 nos
2465 4215 2747 4284 participes
2773 4214 2920 4285 regni
2950 4214 3059 4270 fore
3079 4257 3093 4282 ,
3141 4225 3196 4271 et
3223 4216 3563 4274 ineﬂ‘abilium
3600 4219 3693 4273 bo-

2117 4321 2304 4360 norum
2325 4317 2620 4368 consortes,
2647 4323 2768 4362 cum
2799 4308 3001 4378 angelis
3026 4318 3347 4371 versaturos,
3374 4319 3430 4364 et
3463 4310 3692 4366 liberan-

2114 4397 2213 4453 dos
2234 4413 2264 4452 a
2285 4399 2545 4469 gehenna.
2596 4398 2858 4454 Cmtcrum
2886 4415 3058 4470 neque
3079 4399 3382 4455 diffldamus
3405 4399 3526 4455 ideo
3549 4403 3690 4471 quod

2113 4504 2176 4543 ea
2208 4503 2314 4543 non
2335 4488 2580 4544 videntur
2613 4489 2980 4559 corporalibus
3018 4491 3220 4556 oculis;
3269 4489 3363 4546 sed
3401 4493 3694 4563 cogitantes

2117 4580 2329 4634 mentiri
2360 4596 2465 4635 non
2492 4594 2648 4649 posse
2673 4595 2793 4635 eum
2823 4581 2913 4650 qui
2945 4582 3205 4651 promisit,
3229 4591 3283 4636 et
3309 4582 3472 4650 ipsius
3506 4593 3703 4652 poten-

2115 4672 2200 4723 tia:
2245 4671 2658 4738 magnitudinem
2710 4671 3141 4734 considerantes,
3191 4671 3304 4726 haec
3357 4673 3526 4726 oculis
3568 4674 3691 4728 fidei

2115 4769 2484 4823 contueamur,
2513 4768 2567 4814 et
2595 4774 2659 4813 ex
2691 4760 2754 4813 iis
2781 4774 2900 4828 quae
2915 4761 3022 4828 jam
3051 4775 3300 4814 concessa
3331 4769 3456 4814 sunt
3475 4799 3490 4823 ,
3528 4764 3690 4816 etiam

2112 4848 2180 4901 de
2211 4848 2399 4901 futuris
2427 4849 2618 4902 bonam
2642 4863 2790 4916 spem
2822 4849 3109 4903 habeamus
3139 4867 3154 4903 :
3183 4864 3247 4902 ea
3273 4851 3415 4904 enim
3443 4850 3511 4905 de
3529 4867 3689 4905 causa

2112 4947 2167 4992 et
2188 4937 2273 4990 hic
2289 4939 2452 4991 multa
2484 4937 2636 4991 nobis
2661 4937 2854 4991 donata
2879 4948 3003 4992 sunt
3024 4980 3039 5003 ,
3077 4950 3132 4991 ut
3160 4954 3224 4993 ex
3255 4940 3317 4992 iis
3341 4939 3654 5010 adjuvetnur
3674 4983 3689 5007 ,

2114 5042 2379 5098 manuque
2407 5027 2683 5093 ducamur,
2699 5037 2756 5082 ut
2775 5028 2842 5083 de
2870 5029 2974 5082 illis
2997 5044 3207 5100 quoque
3229 5029 3362 5086 bene
3390 5045 3688 5100 speremus.

2114 5119 2242 5174 Nam
2278 5123 2366 5190 qui
2399 5119 2587 5175 Filium
2617 5135 2769 5175 suum
2803 5120 3017 5176 tradidit
3050 5132 3264 5192 propter
3307 5137 3457 5177 suam
3502 5123 3556 5178 in
3593 5141 3690 5181 nos

2113 5211 2408 5276 caritatem,
2431 5213 2698 5282 quomodo
2727 5228 2834 5267 non
2862 5213 3038 5266 omnia
3066 5214 3218 5268 nobis
3240 5214 3439 5284 reliqua
3473 5213 3687 5285 largita-

2113 5317 2204 5358 rus
2232 5304 2353 5359 est?
2390 5304 2536 5360 Sicut
2581 5314 2637 5358 et
2680 5304 2871 5360 Paulus
2901 5305 3069 5373 inquit
3111 5319 3124 5355 :
3175 5303 3274 5369 Qui
3317 5305 3522 5374 proprio
3553 5305 3691 5360 Filio

2111 5410 2203 5447 suo
2225 5411 2323 5448 non
2354 5396 2571 5465 pepercit
2596 5437 2610 5460 ,
2634 5394 2722 5449 sed
2745 5412 2836 5464 pro
2867 5395 3007 5449 nobis
3031 5397 3256 5452 omnibus
3281 5397 3490 5451 tradidit
3520 5397 3687 5461 illam,

2111 5487 2359 5551 quomodo
2385 5502 2486 5538 non
2510 5496 2556 5538 et
2580 5487 2749 5539 omnia
2775 5487 2917 5540 nobis
2940 5503 3054 5542 cum
3079 5489 3169 5542 illo
3194 5489 3398 5543 donabit
3426 5489 3601 5560 (Rom.
3631 5489 3687 5544 8.

2112 5574 2244 5643 δεμ
2271 5573 2326 5629 Si
2357 5574 2545 5629 Filium
2569 5591 2720 5630 suum
2749 5577 2963 5632 tradidit
2991 5594 3087 5648 pro
3117 5579 3270 5634 nobis
3300 5580 3686 5650 peccatoribus,

2112 5665 2158 5720 si
2184 5665 2514 5735 baptismatis
2535 5665 2730 5721 donum
2755 5668 2970 5738 largitus
3005 5679 3107 5736 est,
3135 5671 3178 5725 si
3220 5673 3452 5739 priorum
3498 5686 3687 5740 pecca-

2116 5769 2290 5813 torum
2318 5757 2681 5814 remissionem
2702 5758 2902 5825 tribuit,
2928 5760 2972 5814 si
3005 5761 3330 5832 poenitcntite
3370 5762 3506 5818 viam
3534 5760 3687 5817 nobis
