4084 6214
366 359 470 416 319

365 471 593 544 aperuit,
619 467 661 521 si
681 467 955 520 immmera
975 460 1078 514 alia
1106 456 1170 513 ad
1193 458 1416 511 salutem
1439 463 1672 509 nostram
1701 459 1948 522 operatus

367 541 470 620 est.
500 557 836 614 manifestum
860 559 940 606 est
964 566 1085 605 eum
1111 560 1165 604 et
1195 548 1368 602 futura
1396 545 1531 600 bona
1550 544 1704 598 nobis
1721 541 1949 611 reposita

370 649 735 720 pra-biturum.
769 642 899 697 Nam
925 640 1014 710 qui
1042 647 1258 708 propter
1278 651 1426 691 suam
1460 633 1768 700 bonitatem,
1799 638 1950 720 ante-

372 719 530 811 quam
575 752 696 792 esse
740 735 1116 802 inciperemus,
1161 728 1276 782 haec
1306 724 1641 796 praeparavit,
1688 719 1952 792 quomodo

369 846 474 886 non
525 837 579 883 et
623 827 721 880 frui
753 821 1049 879 concedet?
1079 819 1231 885 Quod
1271 826 1448 870 autem
1497 815 1646 884 prius
1672 813 1788 866 haec
1816 811 1952 864 bona

373 921 525 975 nobis
556 915 974 988 pra‘paraverit,
1009 910 1130 964 audi
1157 907 1282 978 quid
1309 906 1451 962 dicat
1475 903 1736 958 Stantibus
1762 910 1791 954 a
1821 900 1953 955 dex-

372 1015 468 1069 tris
500 1031 512 1065 :
539 1011 735 1077 Venite,
758 1005 1000 1062 benedicti
1050 1001 1224 1055 Patris
1260 998 1355 1052 mei
1380 1039 1395 1063 ,
1439 995 1711 1049 hereditate
1746 991 1957 1062 accipite

372 1120 584 1174 regnum
606 1110 837 1172 paratum
857 1097 991 1152 vobis
1003 1103 1118 1148 ante
1134 1091 1534 1147 constitutionem
1552 1085 1728 1139 mundi
1741 1082 1953 1153 (Matth.

371 1197 460 1251 25.
491 1195 609 1262 51).
658 1191 844 1245 Vidisti
899 1186 1149 1242 bonitatis
1191 1179 1583 1245 excellentiam,
1605 1184 1800 1248 quanta
1828 1187 1956 1244 erga

373 1295 613 1339 nostrum
644 1294 809 1351 genus
840 1278 1160 1348 benignitate
1187 1287 1312 1327 usus
1340 1270 1430 1334 sit,
1457 1278 1516 1323 ut
1560 1274 1616 1323 et
1656 1276 1780 1320 ante
1815 1264 1956 1334 jaCta

377 1375 715 1430 fundamenta
756 1369 940 1425 mundi
989 1367 1139 1422 nobis
1185 1363 1332 1434 regni
1373 1361 1622 1416 ctelorum
1653 1356 1957 1413 fruitionem

374 1478 676 1535 prteparare
708 1461 952 1531 dignatus
981 1456 1087 1512 sit?
1118 1457 1276 1527 Igitur
1303 1468 1370 1508 ne
1411 1452 1579 1507 simus
1609 1448 1834 1518 ingrati,
1865 1445 1961 1500 ob-

379 1570 556 1620 secro,
573 1566 747 1622 neque
764 1550 1006 1619 indignos
1027 1548 1218 1602 talibus
1235 1559 1332 1600 nos
1362 1542 1516 1597 donis
1541 1539 1957 1595 constituamus:

377 1645 470 1702 sed
492 1645 793 1714 diligamus,
823 1652 882 1695 ut
905 1641 1080 1706 decet,
1111 1638 1390 1692 Dominum
1419 1642 1658 1689 nostrum
1677 1672 1692 1696 ,
1725 1629 1961 1698 nihilque

378 1736 633 1790 faciamus
658 1732 796 1802 quod
823 1733 939 1800 ejus
966 1744 1087 1799 erga
1112 1743 1209 1782 nos
1231 1724 1655 1782 benevolentiam
1686 1719 1961 1790 impediat.

382 1827 519 1882 Num
550 1823 690 1880 enim
721 1837 816 1877 nos
848 1821 1052 1892 priores
1083 1833 1194 1873 rem
1224 1818 1364 1871 illam
1391 1813 1689 1884 cmpimus?
1719 1811 1829 1866 lmo
1851 1810 1965 1880 ipse

383 1921 529 1989 prior
573 1931 813 1986 magnam
845 1924 898 1967 et
944 1909 1349 1967 inenarrabilem
1379 1907 1651 1961 caritatem
1699 1917 1823 1974 erga
1866 1913 1965 1956 nos

383 2007 692 2062 declaravit.
741 2003 1018 2072 Quomodo
1044 2003 1202 2072 igitur
1230 2015 1333 2054 non
1381 1997 1666 2053 absurdum
1699 1994 1874 2058 fuerit,
1919 1992 1965 2047 si

391 2115 516 2153 eum
557 2098 644 2165 qui
692 2112 789 2149 nos
817 2097 891 2149 sic
917 2093 1100 2148 dilexit
1147 2106 1250 2145 non
1296 2089 1574 2159 diligamus
1615 2087 1739 2140 totis
1767 2083 1967 2140 viribus

390 2186 628 2242 nostris?
659 2185 774 2254 Ipse
803 2195 1018 2254 propter
1043 2199 1190 2237 suam
1216 2196 1338 2251 erga
1372 2195 1470 2235 nos
1497 2179 1768 2233 caritatem
1791 2177 1967 2230 omnia

387 2292 507 2331 cum
536 2276 803 2344 voluptate
843 2274 1092 2329 sustinuit
1116 2290 1128 2326 τ
1168 2281 1221 2325 et
1249 2287 1313 2325 ex
1343 2271 1456 2340 ipso
1483 2279 1702 2338 paterno
1727 2268 1846 2322 sinu
1875 2281 1968 2320 ex-

386 2369 591 2432 siliens,
621 2377 676 2421 ut
707 2368 774 2420 ita
803 2367 998 2431 dicam,
1045 2365 1182 2420 servi
1225 2365 1445 2418 formam
1487 2375 1756 2415 assumere
1783 2360 1964 2425 voluit,

391 2473 484 2528 per
514 2459 739 2512 humana
763 2457 936 2510 omnia
967 2456 1192 2510 transire
1218 2497 1231 2520 ,
1263 2465 1315 2510 et
1342 2453 1483 2509 ferre
1507 2471 1533 2506 a
1563 2453 1968 2508 Judmiscontu-

387 2553 573 2606 melius
603 2560 657 2604 et
677 2549 982 2619 cpprobria,
1014 2548 1244 2617 denique
1279 2555 1334 2602 et
1371 2561 1605 2608 crucem,
1642 2559 1702 2598 ac
1739 2553 1966 2597 mortem

391 2642 977 2712 ignominiosissimam,
1012 2647 1069 2692 ut
1093 2653 1190 2692 nos
1219 2639 1308 2708 qui
1350 2636 1493 2709 humi
1525 2636 1891 2701 trahebamur,
1918 2644 1973 2689 et

389 2735 609 2790 infinitis
633 2740 970 2804 peccatorum
998 2731 1219 2786 sarcinis
1245 2730 1483 2799 oppressi
1513 2743 1746 2792 eramus,
1790 2737 1969 2780 nostra

391 2828 444 2881 in
469 2842 528 2882 se
556 2827 658 2880 lide
679 2825 875 2879 liberos
900 2822 1118 2876 faceret.
1153 2820 1276 2875 llaec
1304 2822 1445 2873 enim
1469 2819 1644 2873 omnia
1677 2826 1856 2871 mente
1884 2832 1970 2870 re-

389 2915 628 2984 cogitans
655 2913 839 2967 beatus
880 2911 1073 2966 Paulus
1097 2951 1112 2974 ,
1145 2908 1377 2964 fervidus
1401 2908 1598 2962 Christi
1631 2915 1838 2960 amator
1861 2945 1876 2971 ,
1920 2916 1974 2959 et

391 3003 540 3074 quasi
557 3003 724 3056 alatus
740 3004 1045 3055 universum
1067 3000 1248 3054 orbem
1264 2997 1665 3068 peragrans,qui
1683 2998 1732 3051 in
1751 3011 1976 3067 corpore

392 3113 510 3163 qua:
529 3096 955 3162 incorporearum
977 3101 1279 3146 naturarum
1305 3090 1511 3160 propria
1533 3097 1658 3144 sunt
1673 3089 1843 3143 facere
1858 3097 1977 3143 stn-

391 3185 572 3247 dcbat,
595 3183 857 3237 clamabat
877 3181 1087 3236 dicens:
1105 3179 1306 3236 Caritas
1331 3181 1462 3234 enim
1483 3179 1668 3234 Christi
1683 3179 1867 3233 detinet
1885 3195 1976 3233 nos

396 3276 473 3347 (2.
500 3276 616 3328 Cor.
636 3275 687 3328 5.
713 3273 824 3344 14).
850 3272 980 3328 Vide
997 3271 1334 3343 probitatem,
1356 3271 1476 3326 vide
1487 3270 1692 3326 virtutis
1707 3269 1975 3326 excellen-

397 3367 669 3433 tiam,vide
685 3367 974 3422 ferventem
987 3380 1245 3420 amorem.
1261 3363 1458 3418 Caritas
1472 3361 1656 3418 Christi
1671 3362 1852 3416 detinet
1863 3377 1976 3416 nos:

396 3459 498 3514 hoc
510 3468 612 3524 est,
633 3457 922 3527 compellit,
946 3456 1107 3527 cogit,
1129 3456 1377 3511 concitat.
1399 3453 1596 3510 Deinde
1611 3455 1792 3510 volens
1814 3454 1978 3508 inter-

403 3551 597 3620 pretari
623 3549 762 3619 quod
788 3565 814 3600 a
837 3564 896 3602 se
921 3547 1118 3602 dictum
1151 3556 1286 3614 erat,
1310 3547 1515 3617 inquit:
1541 3544 1839 3600 Judicantes
1861 3545 1973 3611 hoc,

398 3641 634 3708 quoniam
669 3639 714 3693 si
745 3655 874 3692 unus
903 3653 992 3709 pro
1022 3638 1252 3692 omnibus
1277 3647 1502 3691 mortuus
1517 3645 1587 3691 est
1607 3677 1621 3701 ,
1657 3652 1774 3708 ergo
1808 3652 1978 3690 omnes

398 3731 577 3783 mortui
604 3739 738 3782 sunt.
775 3728 844 3782 Et
878 3745 969 3799 pro
997 3729 1224 3783 omnibus
1251 3738 1475 3782 mortuus
1504 3738 1598 3792 est,
1619 3736 1672 3780 ut
1693 3737 1738 3780 et
1767 3728 1978 3781 viventes

399 3821 606 3890 posthac
622 3836 721 3873 non
738 3820 956 3884 sibiipsis
977 3821 1138 3873 vivant
1155 3859 1171 3884 ,
1193 3819 1282 3872 sed
1295 3819 1373 3873 illi
1382 3819 1467 3888 qui
1483 3833 1573 3888 pro
1589 3819 1659 3872 eis
1671 3829 1896 3872 mortuus
1906 3826 1978 3870 est

398 3923 442 3966 et
480 3911 750 3966 resurrexit
773 3910 931 3982 (Ibid.
955 3927 1002 3965 υ.
1028 3911 1136 3981 15).
1190 3908 1660 3980 Vidistiquomodo
1681 3910 1800 3978 jure
1823 3908 1974 3973 dixit,

396 4001 594 4056 Detinet
619 4018 708 4055 nos
733 4002 919 4058 caritas
944 4001 1165 4056 Christi?
1193 4001 1248 4056 Si
1279 4001 1420 4055 enim
1458 4015 1553 4071 pro
1586 4000 1759 4063 nobis,
1787 4000 1975 4070 inquit,

396 4095 641 4150 omnibus
667 4103 906 4150 mortuus
926 4103 1028 4161 est,
1057 4103 1274 4164 prepter
1292 4093 1392 4148 hoc
1407 4103 1646 4148 mortuus
1662 4101 1765 4160 est,
1791 4100 1850 4146 ut
1880 4105 1978 4146 nos

401 4185 637 4240 viventes
665 4186 887 4255 posthac
912 4199 1015 4240 non
1042 4185 1195 4239 nobis
1221 4185 1349 4253 ipsis
1375 4185 1614 4239 vivamus
1634 4223 1650 4248 ,
1677 4183 1771 4238 sed
1810 4184 1858 4240 ei
1888 4182 1978 4253 qui

400 4292 498 4346 pro
523 4277 677 4331 nobis
704 4286 945 4331 mortuus
987 4284 1068 4329 est
1094 4283 1149 4329 et
1175 4275 1478 4329 resurrexit.
1531 4274 1866 4344 Accipiamus
1891 4274 1980 4344 igi~

406 4375 491 4419 tur
536 4365 879 4434 apostolicam
922 4363 1336 4418 admonitionem
1361 4403 1378 4430 ,
1409 4371 1464 4418 et
1511 4378 1614 4418 non
1655 4363 1809 4418 nobis
1851 4365 1978 4434 ipsis

399 4456 660 4522 vivamus,
691 4455 782 4509 sed
809 4455 855 4509 ei
884 4454 973 4525 qui
1003 4470 1098 4524 pro
1121 4455 1274 4509 nobis
1294 4464 1532 4509 mortuus
1555 4463 1708 4509 estet
1735 4470 1976 4509 resurre-

404 4546 500 4600 xit.
525 4547 589 4601 Et
610 4545 898 4616 quomodo,
919 4545 1057 4601 dicet
1081 4545 1362 4616 quispiam,
1394 4544 1680 4614 poterimus
1700 4560 1805 4600 non
1825 4545 1978 4600 nobis

403 4640 532 4710 ipsis
554 4639 770 4694 vivere?
799 4639 932 4695 Audi
961 4639 1173 4694 beatum
1221 4638 1393 4693 vlrum
1436 4639 1625 4693 iterum
1663 4638 1926 4696 dicentem
1960 4657 1972 4692 :

410 4731 533 4786 Vivo
559 4741 723 4785 autem
762 4747 862 4785 non
895 4731 1008 4800 jam
1038 4745 1174 4801 ego:
1211 4729 1328 4783 vivit
1351 4738 1520 4783 autem
1547 4729 1600 4784 in
1628 4745 1706 4783 me
1745 4729 1976 4784 Christus

400 4823 597 4890 (Galat.
624 4823 676 4876 2,
710 4822 827 4895 ‘20).
856 4823 985 4878 Vide
1009 4821 1276 4893 quomodo
1301 4836 1463 4892 super
1489 4829 1684 4877 terram
1701 4822 1977 4878 ambulans

405 4923 459 4970 et
477 4929 637 4970 carne
658 4914 1033 4981 circumdatus,
1052 4913 1200 4984 quasi
1219 4914 1410 4968 calum
1433 4913 1732 4969 inhabitans
1757 4921 1812 4968 et
1840 4913 1978 4968 inter

402 5007 741 5076 incorporeas
763 5009 984 5062 virtutes
1016 5021 1235 5062 versans
1267 5005 1545 5061 afﬁciatur.
1588 5005 1815 5060 Proinde
1853 5005 1975 5061 alibi

399 5099 592 5154 iterum
627 5098 872 5153 dicebat:
907 5098 1006 5164 Qui
1021 5107 1185 5152 autem
1209 5097 1396 5152 Christi
1434 5107 1580 5163 sunt,
1607 5113 1807 5151 carnem
1829 5114 1976 5152 suam

403 5193 760 5261 cruci/iacrqu
793 5206 906 5244 cum
927 5188 1274 5256 affectionibus
1302 5199 1348 5242 et
1390 5189 1802 5257 concupiscentiis
1825 5187 1973 5260 (Gal.

399 5281 452 5334 5.
483 5282 598 5351 ει).
634 5281 742 5337 lloc
769 5281 924 5350 igitur
949 5289 1030 5335 est
1052 5296 1155 5334 non
1191 5279 1424 5348 sibiipsis
1467 5279 1664 5343 vivere,
1688 5279 1780 5334 sed
1810 5281 1858 5335 ei
1886 5281 1974 5350 qui

401 5387 498 5442 pro
543 5371 696 5425 nobis
725 5380 967 5425 mortuus
1000 5379 1083 5425 est
1109 5377 1163 5424 et
1187 5369 1480 5424 resurrexit
1523 5384 1538 5421 :
1585 5367 1796 5438 quando
1825 5370 1975 5439 quasi

400 5461 593 5515 mortui
619 5475 804 5515 sumus
835 5461 1081 5529 praesenti
1108 5460 1251 5525 vita,
1281 5467 1336 5513 et
1363 5457 1491 5513 nihil
1519 5472 1704 5514 eorum
1731 5474 1852 5530 qua:
1894 5461 1975 5514 vi-

401 5552 594 5607 dentur
623 5591 636 5616 ,
689 5551 1025 5622 suspicimus.
1079 5549 1211 5605 Nam
1248 5549 1446 5606 idcirco
1493 5549 1749 5606 Dominus
1794 5559 1978 5606 noster

399 5643 682 5698 crucifixus
708 5653 811 5708 est,
843 5651 902 5697 ut
940 5641 1078 5698 hanc
1106 5643 1266 5698 vitam
1293 5656 1390 5712 pro
1415 5641 1503 5697 illa
1549 5652 1973 5709 commutemus;

403 5733 512 5784 imo
535 5746 630 5798 per
651 5731 786 5786 hanc
818 5733 960 5788 illam
992 5733 1142 5789 nobis
1181 5734 1530 5804 negotiemur.
1560 5733 1803 5792 Prasens
1829 5736 1972 5792 enim

1067 347 1124 403 S.
1169 341 1442 401 JOANNiS
1479 336 1951 396 ClillYSOSTOMI
1992 334 2306 392 ARCIIIEP.
2346 333 2880 392 CONSTANTINOP.

3526 336 3635 394 390

2059 448 2184 514 vita,
2220 448 2263 504 si
2297 447 2543 503 volumus
2571 462 2689 502 esse
2715 447 2876 502 sobrii
2905 455 2959 501 ct
2985 445 3169 518 vigiles
3190 487 3206 513 ,
3252 445 3395 501 ducit
3442 462 3540 502 nos
3567 450 3634 503 ad

2060 539 2361 594 frnitionem
2389 539 2510 593 vita:
2539 548 2753 594 atteram
2785 556 2799 590 :
2832 547 2992 608 atque
3018 539 3329 608 poterimus,
3347 553 3392 594 ει
3425 554 3637 608 parum-

2061 646 2157 698 per
2185 629 2510 684 voluerimus
2555 629 2772 699 vigilare
2818 636 2872 682 et
2907 628 3117 698 aperire
3156 629 3350 682 mentis
3383 630 3595 684 oculum
3619 672 3636 693 ,

2057 721 2252 790 quietis
2295 718 2436 773 illius
2483 734 2696 786 semper
2745 717 2884 787 apud
2936 732 3034 772 nos
3078 719 3419 782 meminisse;
3469 729 3523 772 et
3570 721 3640 772 ita

2061 811 2341 880 praesentia
2369 811 2644 879 praeterire
2674 825 2735 863 ac
2754 809 3151 878 praetervolare,
3181 809 3245 862 ad
3269 808 3443 864 futura
3464 824 3640 866 autem

2060 911 2115 957 et
2145 917 2355 970 semper
2379 902 2623 957 durantia
2665 912 2895 955 mentem
2929 901 3240 965 intendere;
3283 903 3420 956 sicut
3459 903 3643 958 beatus

2063 994 2154 1048 ille
2197 1010 2294 1047 nos
2341 993 2568 1049 erudivit
2613 993 2832 1048 dicens:
2871 993 3020 1060 Quod
3061 1003 3227 1048 autent
3270 1011 3404 1049 nunc
3441 997 3548 1050 vivo
3589 997 3646 1052 itt

2062 1100 2233 1149 carne,
2265 1085 2317 1138 in
2345 1084 2446 1150 ﬁde
2471 1085 2578 1140 vivo
2609 1083 2734 1137 Filii
2759 1083 2874 1148 Dei,
2905 1085 2990 1152 qui
3019 1085 3193 1138 dilexit
3221 1102 3318 1152 me,
3347 1095 3394 1140 et
3435 1087 3644 1140 tradidit

2063 1175 2382 1242 semetipsum
2408 1190 2501 1242 pro
2527 1190 2604 1226 me
2630 1172 2823 1243 (Galat.
2854 1174 2908 1227 Ξ.
2941 1173 3057 1242 20).

2133 1261 2186 1317 6.
2231 1263 2363 1318 Vide
2409 1264 2642 1318 animam
2693 1264 2812 1334 igne
2859 1279 3191 1332 snecensam,
3239 1266 3359 1322 vide
3408 1278 3641 1323 mentem

2064 1356 2277 1422 alatam,
2305 1355 2424 1411 vide
2454 1356 2713 1412 rationem
2759 1357 3029 1412 incensam
3072 1357 3162 1412 Dei
3202 1373 3402 1414 amore.
3451 1360 3642 1428 Quod,

2065 1447 2254 1517 inquit,
2281 1463 2416 1501 nunc
2439 1450 2569 1514 uiuo,
2592 1447 2644 1501 in
2672 1448 2773 1516 [ide
2799 1448 2928 1501 vivo.
2971 1447 3048 1503 Ne
3073 1449 3238 1514 enim,
3269 1449 3459 1520 inquit,
3489 1461 3646 1520 pute-

2069 1537 2136 1591 tis
2164 1554 2248 1592 me
2278 1537 2452 1594 facere
2489 1539 2684 1608 aliquid
2717 1555 2896 1594 rerum
2927 1539 3082 1609 hujus
3111 1539 3232 1594 vitta
3274 1556 3456 1596 causa.
3513 1543 3646 1597 Nam

2069 1629 2192 1684 licet
2211 1645 2370 1684 carne
2390 1630 2745 1685 circumdatus
2767 1631 2888 1694 sim,
2913 1631 3421 1703 necessitatibusque
3446 1644 3648 1691 natura:

2069 1719 2312 1789 alligatus
2341 1737 2354 1772 :
2384 1720 2435 1774 in
2471 1720 2572 1775 lide
2617 1730 2790 1776 tamen
2823 1722 2961 1786 vivo,
2992 1737 3110 1790 qua:
3135 1732 3218 1776 est
3255 1723 3308 1777 in
3335 1722 3603 1779 Christum
3626 1766 3644 1791 ,

2068 1811 2368 1881 despiciens
2394 1814 2571 1868 omnia
2598 1815 2894 1882 prtesentia,
2921 1823 2976 1868 et
3005 1828 3100 1884 spe
3144 1829 3264 1884 qua:
3295 1815 3346 1869 in
3396 1816 3538 1870 illum
3567 1825 3650 1872 est

2070 1901 2248 1957 omnia
2278 1911 2725 1972 praetereurrcns,
2751 1903 3005 1958 intentam
3038 1904 3089 1959 in
3121 1904 3265 1958 illum
3294 1916 3525 1960 mentem
3556 1907 3653 1961 ha-

2073 1991 2192 2046 beo.
2250 1992 2485 2062 Denique
2534 2003 2591 2047 ut
2630 1993 2806 2048 discas
2844 1995 3211 2050 excellentiam
3260 1998 3460 2052 amoris
3498 1998 3648 2068 ejus,

2072 2083 2202 2138 dicit
2233 2102 2246 2138 :
2276 2083 2343 2138 In
2369 2085 2472 2154 fide
2491 2085 2598 2138 vivo
2630 2083 2756 2138 Filii
2782 2083 2900 2150 Dei,
2929 2087 3015 2157 qui
3040 2103 3118 2140 me
3141 2087 3340 2152 dilexit,
3365 2098 3411 2142 et
3441 2089 3654 2144 tradidit

2073 2174 2395 2242 semetipsum
2442 2189 2534 2243 pro
2579 2191 2675 2229 me.
2729 2175 3018 2230 Considera
3063 2191 3222 2246 quam
3253 2177 3475 2248 insignis
3516 2180 3652 2250 grati

2072 2267 2235 2320 animi
2263 2265 2596 2335 significatio.
2645 2265 2781 2332 Quid
2810 2265 2962 2329 dicis,
2995 2281 3027 2322 ο
3065 2267 3218 2322 beate
3264 2268 3462 2323 Paule?
3490 2270 3656 2327 Paulo

2074 2364 2200 2410 ante
2225 2355 2476 2410 dicebas:
2511 2354 2610 2420 Qui
2631 2356 2837 2425 proprio
2871 2355 3007 2409 Filio
3046 2372 3138 2411 suo
3180 2373 3279 2410 non
3301 2360 3539 2429 pepercit,
3565 2359 3656 2413 sed

2075 2465 2168 2516 pro
2193 2446 2333 2502 nobis
2359 2447 2586 2501 omnibus
2615 2445 2822 2498 tradidit
2849 2463 2958 2499 cum
2981 2445 3155 2516 (Rom.
3186 2448 3239 2502 8.
3268 2447 3360 2520 52)
3390 2466 3403 2502 :
3433 2459 3486 2504 et
3515 2465 3656 2504 nunc

2075 2540 2226 2603 dicis,
2277 2539 2378 2603 Qui
2407 2539 2581 2593 dilexit
2625 2555 2703 2592 me
2735 2555 2754 2593 :
2809 2549 2966 2609 atque
2995 2548 3051 2593 ut
3099 2541 3368 2610 proprium
3418 2542 3658 2610 appellas

2075 2646 2354 2685 commune
2391 2629 2746 2686 beneficium?
2789 2630 2984 2697 Etiam,
3016 2631 3222 2698 inquit:
3253 2647 3373 2686 nam
3404 2632 3528 2688 licet
3559 2648 3658 2702 pro

2077 2723 2222 2776 muni
2252 2722 2524 2777 hominum
2557 2737 2754 2792 genere
2779 2722 3095 2777 sacrificium
3118 2723 3185 2779 ab
3213 2739 3278 2778 eo
3305 2725 3374 2778 sit
3394 2725 3653 2790 oblatum,

2080 2823 2251 2869 tamen
2279 2823 2493 2883 propter
2520 2828 2754 2867 amorem
2789 2815 2839 2867 in
2865 2830 2984 2869 eum
3012 2857 3026 2876 .
3073 2814 3124 2869 id
3168 2815 3307 2885 quod
3351 2814 3545 2872 factum
3574 2827 3658 2872 est

2081 2907 2348 2973 proprium
2381 2905 2505 2960 mihi
2534 2906 2687 2958 facio.
2717 2906 2788 2960 Ita
2819 2917 2870 2960 et
2901 2907 3176 2976 prephetis
3218 2922 3334 2961 mos
3358 2918 3439 2964 est
3484 2909 3659 2966 facere

2079 3005 2132 3050 et
2160 2996 2339 3050 dicere
2368 3013 2379 3048 :
2413 2995 2551 3051 Deus
2583 2997 2718 3050 Deus
2743 3014 2879 3051 meus
2907 2995 3077 3070 (Psal.
3096 2998 3246 3052 2Let
3280 2999 3400 3053 117.
3433 3008 3479 3053 et
3510 3001 3653 3070 HQ):

2079 3087 2327 3155 quamvis
2350 3087 2508 3141 totius
2547 3087 2694 3142 orbis
2719 3087 2788 3142 sit
2825 3088 2969 3142 Deus
3002 3105 3016 3142 :
3053 3087 3145 3142 sed
3168 3088 3429 3157 peculiare
3448 3088 3550 3144 hoc
3575 3100 3658 3146 est

2079 3164 2250 3230 annoi-i
2279 3217 2294 3242 ,
2322 3186 2379 3231 ut
2405 3193 2469 3231 ex
2507 3178 2877 3232 communibus
2905 3178 3113 3248 propria
3145 3177 3320 3233 faciat.
3371 3178 3497 3233 Filii
3545 3180 3654 3246 Dei,

2082 3269 2270 3338 inquit,
2301 3270 2386 3338 qui
2415 3268 2589 3322 dilexit
2619 3285 2716 3323 me.
2763 3269 2897 3338 Quid
2938 3269 3110 3324 dicis?
3151 3269 3226 3324 Te
3251 3269 3420 3324 solum
3441 3270 3658 3326 dilexit?

2080 3359 2302 3415 Omnem
2326 3401 2338 3423 ,
2371 3359 2573 3429 inquit,
2609 3359 2881 3415 hominum
2914 3369 3153 3415 naturam
3191 3359 3409 3428 dilexit,
3438 3360 3532 3414 sed
3560 3375 3660 3431 ego

2080 3453 2127 3504 ei
2154 3452 2349 3522 gratias
2377 3451 2566 3518 debeo,
2598 3451 2746 3521 quasi
2774 3467 2859 3506 me
2879 3452 3048 3506 solum
3095 3451 3388 3506 dilexisset.
3436 3450 3506 3506 Et
3548 3461 3655 3506 tra-

2081 3547 2211 3599 didit
2231 3545 2546 3614 semetipsum
2575 3560 2666 3614 pro
2688 3559 2783 3597 me.
2812 3543 2946 3611 Quid
2977 3543 3155 3612 igitur,
3185 3558 3282 3614 pro
3308 3552 3362 3598 te
3386 3543 3502 3598 solo
3531 3559 3657 3598 cru-

2083 3637 2270 3692 cifixus
2294 3636 2418 3691 est?
2463 3637 2653 3690 Annon
2685 3635 2796 3704 ipse
2822 3635 2950 3689 dicit
2990 3652 3004 3689 :
3037 3633 3163 3689 Cum
3207 3636 3455 3689 mitulus
3493 3639 3656 3706 fuero,

2083 3745 2253 3783 omnes
2294 3729 2493 3782 traham
2527 3727 2595 3781 ad
2632 3727 2881 3798 meipsum
2905 3724 3081 3797 (Joan.
3135 3727 3218 3780 ιε.
3243 3726 3375 3797 '52)?
3405 3742 3578 3782 nonne
3603 3735 3656 3781 tu

2084 3820 2196 3888 ipse
2221 3819 2420 3885 dixisti,
2454 3817 2560 3884 Pro
2605 3817 2745 3872 nobis
2773 3818 3002 3872 omnibus
3045 3817 3254 3871 tradidit
3296 3817 3658 3887 semetipsum!

2087 3910 2276 3973 Etiam,
2308 3909 2513 3978 inquit:
2547 3923 2650 3962 non
2684 3908 2873 3979 loquor
2919 3908 3238 3979 pugnantia,
3287 3909 3380 3963 sed
3421 3923 3656 3964 amorem

2085 4017 2261 4056 meum
2293 4005 2362 4055 ita
2393 4001 2664 4056 consolor.
2689 3999 2805 4055 Jam
2853 4000 2971 4056 vide
3015 4001 3203 4055 iterum
3233 4009 3288 4056 et
3336 4000 3476 4055 aliud
3516 4000 3658 4071 quod

2086 4093 2241 4147 dictis
2272 4091 2378 4146 illis
2424 4106 2524 4146 nos
2551 4091 2726 4146 docet.
2757 4091 2890 4146 Cum
2919 4092 3060 4146 enim
3102 4093 3348 4162 superius
3373 4091 3566 4148 dixerit
3591 4091 3660 4148 de

2085 4186 2279 4252 Patre,
2322 4185 2426 4239 I’ro
2457 4185 2597 4239 nobis
2641 4185 2869 4239 omnibus
2907 4166 3116 4238 trtididit
3155 4186 3336 4250 illum,
3378 4184 3465 4240 hic
3490 4185 3655 4252 dicit,

2085 4276 2421 4346 Semetipsum
2460 4275 2670 4329 tradidit
2705 4291 2724 4330 :
2753 4283 2806 4331 et
2839 4275 2942 4329 illic
2967 4275 3202 4344 quidem,
3229 4285 3287 4329 ut
3322 4275 3658 4331 concordiam

2083 4367 2326 4422 ostendat
2354 4383 2416 4422 ac
2445 4383 2623 4436 parem
2652 4367 2906 4422 honorem
2936 4367 3108 4422 Patris
3132 4377 3186 4424 et
3213 4367 3351 4434 Filii,
3379 4376 3433 4423 et
3456 4368 3662 4438 passio-

2087 4474 2208 4512 nem
2232 4458 2529 4514 subindicet
2559 4477 2572 4512 :
2600 4459 2850 4529 quoniam
2872 4461 3030 4514 etiam
3070 4459 3177 4513 alio
3199 4461 3316 4514 loco
3341 4460 3468 4516 dicit
3498 4478 3513 4514 :
3545 4460 3658 4515 Fa-

2082 4561 2192 4605 ctus
2213 4550 2444 4605 obedicns
2463 4567 2618 4620 usque
2645 4551 2712 4604 ad
2733 4561 2938 4606 mortem
2962 4550 3217 4623 (Philipp.
3245 4553 3302 4608 2.
3339 4553 3396 4624 8)
3425 4571 3437 4606 :
3467 4553 3662 4622 ubique

2087 4640 2316 4710 passioni
2365 4639 2521 4695 fidem
2551 4640 2767 4695 faciens.
2817 4641 2913 4696 llic
2960 4651 3136 4698 autem
3177 4644 3386 4712 posuit,
3431 4643 3660 4697 Tradidit

2082 4731 2442 4800 semetipsum,
2492 4738 2549 4785 ut
2602 4730 2801 4786 indicet
2854 4747 2974 4788 eum
3018 4733 3314 4789 voluntarie
3361 4733 3660 4803 passionem

2082 4820 2401 4890 suscepisse.
2423 4829 2478 4876 et
2497 4835 2603 4876 non
2631 4822 2968 4888 necessitate,
3004 4837 3174 4893 neque
3201 4823 3288 4889 vi,
3341 4823 3434 4880 sed
3473 4825 3662 4880 volen-

2085 4911 2644 4995 tem/cupientemque
2691 4913 2851 4967 totius
2912 4913 3127 4969 humani
3183 4916 3394 4985 generis
3436 4916 3661 4972 salutem

2082 5004 2313 5072 operari,
2343 5018 2554 5058 crucem
2580 5005 2913 5060 sustinuisse.
2963 5007 3185 5074 Qualem
3228 5009 3386 5079 igitur
3423 5010 3661 5065 vicissim

2083 5113 2319 5152 amorem
2361 5097 2616 5153 exhibere
2662 5100 2954 5167 poterimus
2995 5109 3100 5154 tam
3138 5099 3357 5156 divitem
3392 5117 3515 5172 erga
3561 5117 3666 5158 nos

2083 5191 2356 5244 caritatem
2373 5190 2661 5245 declaranti
2679 5191 2703 5244 ?
2721 5192 2937 5247 Etiamsi
2954 5193 3183 5248 animam
3204 5195 3372 5262 ipsam
3390 5195 3664 5264 impenda-

2084 5295 2202 5334 mus
2229 5295 2325 5350 pro
2358 5279 2474 5350 ejus
2507 5281 2729 5351 legibus,
2757 5289 2811 5336 et
2853 5299 2948 5352 pro
2977 5282 3351 5339 observatione
3380 5284 3663 5338 mandato-

2082 5387 2224 5433 rum,
2251 5387 2367 5442 qua:
2387 5371 2454 5425 ab
2481 5372 2596 5442 ipso
2617 5381 2739 5426 sunt
2764 5373 2888 5428 data
2912 5415 2927 5436 ,
2980 5388 3150 5444 neque
3196 5371 3275 5428 sic
3317 5374 3384 5428 ad
3423 5375 3663 5430 caritatis

2083 5461 2298 5516 modum
2349 5463 2650 5532 pertingere
2689 5465 2981 5534 poterimus
3004 5505 3019 5529 ,
3065 5479 3222 5534 quam
3253 5480 3376 5535 erga
3416 5474 3659 5521 nostrum

2081 5551 2370 5607 declaravit
2418 5567 2604 5623 genus.
2646 5553 2763 5624 Ipse
2810 5555 2952 5609 enim
2998 5555 3137 5610 Deus
3183 5569 3303 5610 eum
3349 5567 3534 5622 esset,
3562 5572 3662 5625 pro

2085 5644 2386 5700 hominibus
2408 5644 2509 5699 hoe
2537 5646 2719 5710 subiit,
2741 5654 2797 5701 et
2826 5646 3083 5702 Dominus
3108 5663 3203 5716 pro
3227 5649 3430 5710 servis;
3462 5663 3523 5700 ac
3551 5663 3656 5701 non

2084 5751 2180 5807 pro
2202 5737 2368 5792 servis
2397 5737 2707 5807 simpliciter
2726 5779 2741 5805 ,
2781 5737 2874 5793 sed
2920 5752 3017 5808 pro
3046 5737 3263 5810 ingratis
3289 5749 3343 5794 et
3389 5739 3659 5810 perpetuis
