  <div class='ocr_page' id='page_1' title='image "/cluster/home/n/w/nwhite01/storage/ocr_20150623/53/hvd.32044054086673/318.png"; bbox 0 0 4070 6194; ppageno 0'>
   <div class='ocr_carea' id='block_1_1' title="bbox 414 295 521 353">
    <p class='ocr_par' dir='ltr' id='par_1_1' title="bbox 414 295 521 353">
     <span class='ocr_line' id='line_1_1' title="bbox 414 295 521 353; baseline 0.019 -3"><span class='ocrx_word' id='word_1_1' title='bbox 414 295 521 353; x_wconf 71' lang='grc'><strong>319</strong></span> 
     </span>
    </p>
   </div>
   <div class='ocr_carea' id='block_1_2' title="bbox 417 403 1989 478">
    <p class='ocr_par' dir='ltr' id='par_1_2' title="bbox 417 403 1989 478">
     <span class='ocr_line' id='line_1_2' title="bbox 417 403 1989 478; baseline -0.004 -16"><span class='ocrx_word' id='word_1_2' title='bbox 417 409 612 478; x_wconf 87' lang='grc' dir='ltr'><strong>τηρίαν</strong></span> <span class='ocrx_word' id='word_1_3' title='bbox 639 403 913 477; x_wconf 78' lang='grc' dir='ltr'><strong>ἡμετέραν</strong></span> <span class='ocrx_word' id='word_1_4' title='bbox 931 403 1442 478; x_wconf 75' lang='grc' dir='ltr'><strong>ἐπραγματεύσατο,</strong></span> <span class='ocrx_word' id='word_1_5' title='bbox 1460 404 1701 476; x_wconf 75' lang='grc' dir='ltr'><strong>δηλονότι</strong></span> <span class='ocrx_word' id='word_1_6' title='bbox 1720 405 1810 458; x_wconf 73' lang='grc' dir='ltr'><strong>καὶ</strong></span> <span class='ocrx_word' id='word_1_7' title='bbox 1837 403 1906 456; x_wconf 83' lang='grc' dir='ltr'><strong>τὰ</strong></span> <span class='ocrx_word' id='word_1_8' title='bbox 1930 403 1989 456; x_wconf 85' lang='grc' dir='ltr'><strong>ἐν</strong></span> 
     </span>
    </p>
   </div>
   <div class='ocr_carea' id='block_1_3' title="bbox 415 486 1991 563">
    <p class='ocr_par' dir='ltr' id='par_1_3' title="bbox 415 486 1991 563">
     <span class='ocr_line' id='line_1_3' title="bbox 415 486 1991 563; baseline -0.004 -17"><span class='ocrx_word' id='word_1_9' title='bbox 415 491 496 562; x_wconf 80' lang='grc' dir='ltr'><strong>τῷ</strong></span> <span class='ocrx_word' id='word_1_10' title='bbox 519 490 765 563; x_wconf 78' lang='grc' dir='ltr'><strong>μέλλοντι</strong></span> <span class='ocrx_word' id='word_1_11' title='bbox 785 491 916 560; x_wconf 86' lang='grc' dir='ltr'><strong>ἡμῖν</strong></span> <span class='ocrx_word' id='word_1_12' title='bbox 931 506 1185 561; x_wconf 81' lang='grc' dir='ltr'><strong>τεταμιευ</strong></span> <span class='ocrx_word' id='word_1_13' title='bbox 1193 488 1329 561; x_wconf 88' lang='grc' dir='ltr'><strong>μένα</strong></span> <span class='ocrx_word' id='word_1_14' title='bbox 1348 488 1527 558; x_wconf 83' lang='grc' dir='ltr'><strong>ἀγαθὰ</strong></span> <span class='ocrx_word' id='word_1_15' title='bbox 1542 507 1617 543; x_wconf 89' lang='grc' dir='ltr'><strong>πα</strong></span> <span class='ocrx_word' id='word_1_16' title='bbox 1623 489 1785 560; x_wconf 85' lang='grc' dir='ltr'><strong>ρέξει.</strong></span> <span class='ocrx_word' id='word_1_17' title='bbox 1801 488 1860 541; x_wconf 92' lang='lat'><strong>&#39;0</strong></span> <span class='ocrx_word' id='word_1_18' title='bbox 1882 486 1991 557; x_wconf 99' lang='lat'><strong>7&amp;9</strong></span> 
     </span>
    </p>
   </div>
   <div class='ocr_carea' id='block_1_4' title="bbox 418 568 1992 647">
    <p class='ocr_par' dir='ltr' id='par_1_4' title="bbox 418 568 1992 647">
     <span class='ocr_line' id='line_1_4' title="bbox 418 568 1992 647; baseline -0.003 -19"><span class='ocrx_word' id='word_1_19' title='bbox 418 575 525 647; x_wconf 85' lang='grc' dir='ltr'><strong>πρὸ</strong></span> <span class='ocrx_word' id='word_1_20' title='bbox 549 574 650 645; x_wconf 91' lang='grc' dir='ltr'><strong>τῆς</strong></span> <span class='ocrx_word' id='word_1_21' title='bbox 674 575 755 638; x_wconf 89' lang='grc' dir='ltr'><strong>είς</strong></span> <span class='ocrx_word' id='word_1_22' title='bbox 780 573 843 627; x_wconf 88' lang='grc' dir='ltr'><strong>τὸ</strong></span> <span class='ocrx_word' id='word_1_23' title='bbox 882 568 1019 627; x_wconf 71' lang='grc' dir='ltr'><strong>εἶναι</strong></span> <span class='ocrx_word' id='word_1_24' title='bbox 1047 574 1195 644; x_wconf 77' lang='grc' dir='ltr'><strong>ἡμᾶς</strong></span> <span class='ocrx_word' id='word_1_25' title='bbox 1229 573 1464 644; x_wconf 78' lang='grc' dir='ltr'>παρόδου</span> <span class='ocrx_word' id='word_1_26' title='bbox 1495 573 1666 627; x_wconf 90' lang='grc' dir='ltr'><strong>ταῦτα</strong></span> <span class='ocrx_word' id='word_1_27' title='bbox 1701 584 1992 642; x_wconf 78' lang='grc' dir='ltr'><strong>προευτρε-</strong></span> 
     </span>
    </p>
   </div>
   <div class='ocr_carea' id='block_1_5' title="bbox 417 655 1990 730">
    <p class='ocr_par' dir='ltr' id='par_1_5' title="bbox 417 655 1990 730">
     <span class='ocr_line' id='line_1_5' title="bbox 417 655 1990 730; baseline -0.003 -18"><span class='ocrx_word' id='word_1_28' title='bbox 417 657 582 722; x_wconf 89' lang='grc' dir='ltr'><strong>πίσας</strong></span> <span class='ocrx_word' id='word_1_29' title='bbox 611 655 700 711; x_wconf 89' lang='grc' dir='ltr'><strong>διά</strong></span> <span class='ocrx_word' id='word_1_30' title='bbox 738 655 838 730; x_wconf 82' lang='grc' dir='ltr'><strong>τὴν</strong></span> <span class='ocrx_word' id='word_1_31' title='bbox 866 656 1075 712; x_wconf 86' lang='grc' dir='ltr'><strong>οἰκείαν</strong></span> <span class='ocrx_word' id='word_1_32' title='bbox 1097 657 1428 729; x_wconf 85' lang='grc' dir='ltr'><strong>ἀγαθότητα,</strong></span> <span class='ocrx_word' id='word_1_33' title='bbox 1465 657 1582 722; x_wconf 82' lang='grc' dir='ltr'><strong>πῶς</strong></span> <span class='ocrx_word' id='word_1_34' title='bbox 1609 657 1730 727; x_wconf 78' lang='grc' dir='ltr'><strong>οὑχὶ</strong></span> <span class='ocrx_word' id='word_1_35' title='bbox 1763 656 1858 710; x_wconf 77' lang='grc' dir='ltr'><strong>καὶ</strong></span> <span class='ocrx_word' id='word_1_36' title='bbox 1892 655 1990 726; x_wconf 79' lang='grc' dir='ltr'><strong>τὴν</strong></span> 
     </span>
    </p>
   </div>
   <div class='ocr_carea' id='block_1_6' title="bbox 417 739 1990 814">
    <p class='ocr_par' dir='ltr' id='par_1_6' title="bbox 417 739 1990 814">
     <span class='ocr_line' id='line_1_6' title="bbox 417 739 1990 814; baseline -0.004 -16"><span class='ocrx_word' id='word_1_37' title='bbox 417 742 716 798; x_wconf 74' lang='grc' dir='ltr'><strong>ἀπόλαυσιν</strong></span> <span class='ocrx_word' id='word_1_38' title='bbox 744 744 1051 814; x_wconf 74' lang='grc' dir='ltr'><strong>χαριεῖταις</strong></span> <span class='ocrx_word' id='word_1_39' title='bbox 1080 742 1198 796; x_wconf 79' lang='grc' dir='ltr'><strong>Ὀτι</strong></span> <span class='ocrx_word' id='word_1_40' title='bbox 1223 742 1332 814; x_wconf 87' lang='grc' dir='ltr'><strong>γὰρ</strong></span> <span class='ocrx_word' id='word_1_41' title='bbox 1359 741 1641 814; x_wconf 87' lang='grc' dir='ltr'><strong>προλαϐὼν</strong></span> <span class='ocrx_word' id='word_1_42' title='bbox 1664 741 1834 796; x_wconf 90' lang='grc' dir='ltr'><strong>ταῦτα</strong></span> <span class='ocrx_word' id='word_1_43' title='bbox 1858 739 1990 811; x_wconf 87' lang='grc' dir='ltr'><strong>ἡμῖν</strong></span> 
     </span>
    </p>
   </div>
   <div class='ocr_carea' id='block_1_7' title="bbox 418 824 1990 897">
    <p class='ocr_par' dir='ltr' id='par_1_7' title="bbox 418 824 1990 897">
     <span class='ocr_line' id='line_1_7' title="bbox 418 824 1990 897; baseline -0.002 -17"><span class='ocrx_word' id='word_1_44' title='bbox 418 826 680 896; x_wconf 74' lang='grc' dir='ltr'><strong>ἡτοίμασε</strong></span> <span class='ocrx_word' id='word_1_45' title='bbox 705 825 774 880; x_wconf 84' lang='grc' dir='ltr'><strong>τὰ</strong></span> <span class='ocrx_word' id='word_1_46' title='bbox 803 825 1008 894; x_wconf 84' lang='grc' dir='ltr'><strong>ἀγαθὰ,</strong></span> <span class='ocrx_word' id='word_1_47' title='bbox 1041 826 1204 881; x_wconf 82' lang='grc' dir='ltr'><strong>ἀκσυε</strong></span> <span class='ocrx_word' id='word_1_48' title='bbox 1237 827 1402 881; x_wconf 87' lang='grc' dir='ltr'><strong>αὑτοῦ</strong></span> <span class='ocrx_word' id='word_1_49' title='bbox 1423 825 1674 896; x_wconf 88' lang='grc' dir='ltr'><strong>λέγοντος</strong></span> <span class='ocrx_word' id='word_1_50' title='bbox 1699 825 1834 897; x_wconf 88' lang='grc' dir='ltr'><strong>πρὸς</strong></span> <span class='ocrx_word' id='word_1_51' title='bbox 1861 824 1990 889; x_wconf 79' lang='grc' dir='ltr'><strong>τοὺς</strong></span> 
     </span>
    </p>
   </div>
   <div class='ocr_carea' id='block_1_8' title="bbox 417 908 1990 980">
    <p class='ocr_par' dir='ltr' id='par_1_8' title="bbox 417 908 1990 980">
     <span class='ocr_line' id='line_1_8' title="bbox 417 908 1990 980; baseline -0.001 -17"><span class='ocrx_word' id='word_1_52' title='bbox 417 911 485 963; x_wconf 86' lang='grc' dir='ltr'><strong>ἐκ</strong></span> <span class='ocrx_word' id='word_1_53' title='bbox 511 908 700 976; x_wconf 80' lang='grc' dir='ltr'><strong>δεξιῶν</strong></span> <span class='ocrx_word' id='word_1_54' title='bbox 731 909 992 973; x_wconf 81' lang='grc' dir='ltr'><strong>ἑστῶτας·</strong></span> <span class='ocrx_word' id='word_1_55' title='bbox 1022 909 1219 974; x_wconf 81' lang='grc' dir='ltr'><strong>Δεῦτε,</strong></span> <span class='ocrx_word' id='word_1_56' title='bbox 1249 913 1305 964; x_wconf 78' lang='lat' dir='ltr'><strong><em>al</em></strong></span> <span class='ocrx_word' id='word_1_57' title='bbox 1329 908 1719 980; x_wconf 68' lang='grc' dir='ltr'><strong>εὐλογημένοι</strong></span> <span class='ocrx_word' id='word_1_58' title='bbox 1746 908 1852 964; x_wconf 89' lang='grc' dir='ltr'><strong>τοῦ</strong></span> <span class='ocrx_word' id='word_1_59' title='bbox 1874 911 1990 962; x_wconf 87' lang='grc' dir='ltr'><strong>Πα-</strong></span> 
     </span>
    </p>
   </div>
   <div class='ocr_carea' id='block_1_9' title="bbox 416 990 1992 1062">
    <p class='ocr_par' dir='ltr' id='par_1_9' title="bbox 416 990 1992 1062">
     <span class='ocr_line' id='line_1_9' title="bbox 416 990 1992 1062; baseline -0.001 -18"><span class='ocrx_word' id='word_1_60' title='bbox 416 994 556 1060; x_wconf 86' lang='grc' dir='ltr'><strong>τρός</strong></span> <span class='ocrx_word' id='word_1_61' title='bbox 567 1009 709 1059; x_wconf 90' lang='grc' dir='ltr'><strong>μου,</strong></span> <span class='ocrx_word' id='word_1_62' title='bbox 730 992 1226 1060; x_wconf 75' lang='grc' dir='ltr'><strong>κληρονομήσατε</strong></span> <span class='ocrx_word' id='word_1_63' title='bbox 1249 991 1364 1061; x_wconf 79' lang='grc' dir='ltr'><strong>τὴν</strong></span> <span class='ocrx_word' id='word_1_64' title='bbox 1387 991 1837 1062; x_wconf 77' lang='grc' dir='ltr'><strong>ἡτοιμασμένην</strong></span> <span class='ocrx_word' id='word_1_65' title='bbox 1852 990 1992 1060; x_wconf 82' lang='grc' dir='ltr'><strong>ὑμῖν</strong></span> 
     </span>
    </p>
   </div>
   <div class='ocr_carea' id='block_1_10' title="bbox 411 1069 1989 1144">
    <p class='ocr_par' dir='ltr' id='par_1_10' title="bbox 411 1069 1989 1144">
     <span class='ocr_line' id='line_1_10' title="bbox 411 1069 1989 1144; baseline -0.001 -17"><span class='ocrx_word' id='word_1_66' title='bbox 411 1074 740 1139; x_wconf 77' lang='grc' dir='ltr'><strong>,ϐασιλείαν</strong></span> <span class='ocrx_word' id='word_1_67' title='bbox 772 1072 886 1141; x_wconf 83' lang='grc' dir='ltr'><strong>πρὸ</strong></span> <span class='ocrx_word' id='word_1_68' title='bbox 915 1074 1254 1143; x_wconf 73' lang='grc' dir='ltr'><strong>καταϐολῆς</strong></span> <span class='ocrx_word' id='word_1_69' title='bbox 1271 1087 1296 1116; x_wconf 72' lang='grc' dir='ltr'><strong>ιι</strong></span> <span class='ocrx_word' id='word_1_70' title='bbox 1319 1076 1568 1144; x_wconf 83' lang='grc' dir='ltr'><strong>κόσμου.</strong></span> <span class='ocrx_word' id='word_1_71' title='bbox 1601 1069 1757 1136; x_wconf 72' lang='grc' dir='ltr'><strong>Εἶδες</strong></span> <span class='ocrx_word' id='word_1_72' title='bbox 1787 1073 1989 1141; x_wconf 80' lang='grc' dir='ltr'><strong>ἀγαθό-</strong></span> 
     </span>
    </p>
   </div>
   <div class='ocr_carea' id='block_1_11' title="bbox 415 1155 1994 1231">
    <p class='ocr_par' dir='ltr' id='par_1_11' title="bbox 415 1155 1994 1231">
     <span class='ocr_line' id='line_1_11' title="bbox 415 1155 1994 1231; baseline 0 -22"><span class='ocrx_word' id='word_1_73' title='bbox 415 1173 577 1226; x_wconf 88' lang='grc' dir='ltr'><strong>τητος</strong></span> <span class='ocrx_word' id='word_1_74' title='bbox 601 1157 702 1209; x_wconf 89' lang='grc' dir='ltr'><strong>ὑπε</strong></span> <span class='ocrx_word' id='word_1_75' title='bbox 713 1155 930 1228; x_wconf 73' lang='grc' dir='ltr'><strong>ρϐολήν,</strong></span> <span class='ocrx_word' id='word_1_76' title='bbox 955 1156 1098 1231; x_wconf 76' lang='grc' dir='ltr'><strong>πόση</strong></span> <span class='ocrx_word' id='word_1_77' title='bbox 1119 1175 1186 1212; x_wconf 84' lang='grc' dir='ltr'><strong>πε</strong></span> <span class='ocrx_word' id='word_1_78' title='bbox 1193 1160 1246 1230; x_wconf 76' lang='grc' dir='ltr'><strong>ρί</strong></span> <span class='ocrx_word' id='word_1_79' title='bbox 1262 1159 1323 1212; x_wconf 86' lang='grc' dir='ltr'><strong>τὸ</strong></span> <span class='ocrx_word' id='word_1_80' title='bbox 1342 1159 1609 1230; x_wconf 82' lang='grc' dir='ltr'><strong>ἡμέτερον</strong></span> <span class='ocrx_word' id='word_1_81' title='bbox 1621 1157 1778 1226; x_wconf 86' lang='grc' dir='ltr'><strong>γένος</strong></span> <span class='ocrx_word' id='word_1_82' title='bbox 1799 1158 1994 1227; x_wconf 84' lang='grc' dir='ltr'><strong>κέχρη-</strong></span> 
     </span>
    </p>
   </div>
   <div class='ocr_carea' id='block_1_12' title="bbox 414 1238 1991 1311">
    <p class='ocr_par' dir='ltr' id='par_1_12' title="bbox 414 1238 1991 1311">
     <span class='ocr_line' id='line_1_12' title="bbox 414 1238 1991 1311; baseline 0.001 -21"><span class='ocrx_word' id='word_1_83' title='bbox 414 1255 506 1292; x_wconf 89' lang='grc' dir='ltr'><strong>ται</strong></span> <span class='ocrx_word' id='word_1_84' title='bbox 535 1241 610 1309; x_wconf 72' lang='grc' dir='ltr'><strong>τῇ</strong></span> <span class='ocrx_word' id='word_1_85' title='bbox 637 1238 1035 1310; x_wconf 71' lang='grc' dir='ltr'><strong>φιλανθρωπίᾳ,</strong></span> <span class='ocrx_word' id='word_1_86' title='bbox 1066 1240 1140 1300; x_wconf 86' lang='grc' dir='ltr'><strong>ῶς</strong></span> <span class='ocrx_word' id='word_1_87' title='bbox 1168 1241 1262 1294; x_wconf 75' lang='grc' dir='ltr'><strong>καὶ</strong></span> <span class='ocrx_word' id='word_1_88' title='bbox 1291 1241 1398 1310; x_wconf 84' lang='grc' dir='ltr'><strong>πρὸ</strong></span> <span class='ocrx_word' id='word_1_89' title='bbox 1425 1241 1522 1311; x_wconf 91' lang='grc' dir='ltr'><strong>τῆς</strong></span> <span class='ocrx_word' id='word_1_90' title='bbox 1547 1240 1640 1294; x_wconf 89' lang='grc' dir='ltr'><strong>τοῦ</strong></span> <span class='ocrx_word' id='word_1_91' title='bbox 1667 1240 1872 1309; x_wconf 84' lang='grc' dir='ltr'><strong>κόσμου</strong></span> <span class='ocrx_word' id='word_1_92' title='bbox 1895 1256 1991 1292; x_wconf 90' lang='grc' dir='ltr'><strong>κα-</strong></span> 
     </span>
    </p>
   </div>
   <div class='ocr_carea' id='block_1_13' title="bbox 415 1321 1993 1394">
    <p class='ocr_par' dir='ltr' id='par_1_13' title="bbox 415 1321 1993 1394">
     <span class='ocr_line' id='line_1_13' title="bbox 415 1321 1993 1394; baseline 0 -20"><span class='ocrx_word' id='word_1_93' title='bbox 415 1321 646 1392; x_wconf 84' lang='grc' dir='ltr'><strong>ταϐολῆς</strong></span> <span class='ocrx_word' id='word_1_94' title='bbox 674 1324 807 1392; x_wconf 86' lang='grc' dir='ltr'><strong>ἡμῖν</strong></span> <span class='ocrx_word' id='word_1_95' title='bbox 843 1322 942 1391; x_wconf 83' lang='grc' dir='ltr'><strong>τῆς</strong></span> <span class='ocrx_word' id='word_1_96' title='bbox 973 1322 1248 1391; x_wconf 79' lang='grc' dir='ltr'><strong>βασιλείας</strong></span> <span class='ocrx_word' id='word_1_97' title='bbox 1277 1323 1700 1394; x_wconf 89' lang='grc' dir='ltr'><strong>προευτρεπίσαι</strong></span> <span class='ocrx_word' id='word_1_98' title='bbox 1730 1321 1828 1393; x_wconf 85' lang='grc' dir='ltr'><strong>τήν</strong></span> <span class='ocrx_word' id='word_1_99' title='bbox 1860 1321 1993 1375; x_wconf 88' lang='grc' dir='ltr'><strong>ἀπό-</strong></span> 
     </span>
    </p>
   </div>
   <div class='ocr_carea' id='block_1_14' title="bbox 416 1404 1989 1477">
    <p class='ocr_par' dir='ltr' id='par_1_14' title="bbox 416 1404 1989 1477">
     <span class='ocr_line' id='line_1_14' title="bbox 416 1404 1989 1477; baseline 0 -19"><span class='ocrx_word' id='word_1_100' title='bbox 416 1406 634 1470; x_wconf 85' lang='grc' dir='ltr'><strong>λαυσιν;</strong></span> <span class='ocrx_word' id='word_1_101' title='bbox 659 1404 751 1476; x_wconf 75' lang='grc' dir='ltr'><strong>Μὴ</strong></span> <span class='ocrx_word' id='word_1_102' title='bbox 780 1405 960 1458; x_wconf 82' lang='grc' dir='ltr'><strong>τοίνυν</strong></span> <span class='ocrx_word' id='word_1_103' title='bbox 987 1405 1301 1477; x_wconf 79' lang='grc' dir='ltr'><strong>ἀγνώμονες</strong></span> <span class='ocrx_word' id='word_1_104' title='bbox 1327 1406 1634 1477; x_wconf 84' lang='grc' dir='ltr'><strong>γενώμεθα,</strong></span> <span class='ocrx_word' id='word_1_105' title='bbox 1666 1405 1989 1477; x_wconf 81' lang='grc' dir='ltr'><strong>παρακαλῶ,</strong></span> 
     </span>
    </p>
   </div>
   <div class='ocr_carea' id='block_1_15' title="bbox 420 1489 1992 1563">
    <p class='ocr_par' dir='ltr' id='par_1_15' title="bbox 420 1489 1992 1563">
     <span class='ocr_line' id='line_1_15' title="bbox 420 1489 1992 1563; baseline -0.002 -19"><span class='ocrx_word' id='word_1_106' title='bbox 420 1491 554 1563; x_wconf 79' lang='grc' dir='ltr'><strong>μηδὲ</strong></span> <span class='ocrx_word' id='word_1_107' title='bbox 581 1490 832 1556; x_wconf 77' lang='grc' dir='ltr'><strong>ἀναξίους</strong></span> <span class='ocrx_word' id='word_1_108' title='bbox 865 1491 1091 1554; x_wconf 75' lang='grc' dir='ltr'><strong>ἑαυτοὺς</strong></span> <span class='ocrx_word' id='word_1_109' title='bbox 1127 1491 1560 1561; x_wconf 80' lang='grc' dir='ltr'><strong>καταστήσωμεν</strong></span> <span class='ocrx_word' id='word_1_110' title='bbox 1588 1491 1698 1544; x_wconf 86' lang='grc' dir='ltr'><strong>τῶν</strong></span> <span class='ocrx_word' id='word_1_111' title='bbox 1725 1489 1992 1544; x_wconf 83' lang='grc' dir='ltr'><strong>τοσούτων</strong></span> 
     </span>
    </p>
   </div>
   <div class='ocr_carea' id='block_1_16' title="bbox 415 1573 1992 1646">
    <p class='ocr_par' dir='ltr' id='par_1_16' title="bbox 415 1573 1992 1646">
     <span class='ocr_line' id='line_1_16' title="bbox 415 1573 1992 1646; baseline -0.001 -19"><span class='ocrx_word' id='word_1_112' title='bbox 415 1575 656 1646; x_wconf 80' lang='grc' dir='ltr'><strong>δωρεῶν,</strong></span> <span class='ocrx_word' id='word_1_113' title='bbox 703 1573 839 1628; x_wconf 88' lang='grc' dir='ltr'><strong>ἀλλά</strong></span> <span class='ocrx_word' id='word_1_114' title='bbox 885 1575 1283 1644; x_wconf 82' lang='grc' dir='ltr'><strong>ἀγαπήσωμεν,</strong></span> <span class='ocrx_word' id='word_1_115' title='bbox 1328 1574 1402 1638; x_wconf 81' lang='grc' dir='ltr'><strong>ὡς</strong></span> <span class='ocrx_word' id='word_1_116' title='bbox 1448 1574 1547 1638; x_wconf 92' lang='grc' dir='ltr'><strong>δεῖ,</strong></span> <span class='ocrx_word' id='word_1_117' title='bbox 1593 1574 1684 1627; x_wconf 70' lang='grc' dir='ltr'><strong>τὸν</strong></span> <span class='ocrx_word' id='word_1_118' title='bbox 1725 1574 1992 1645; x_wconf 86' lang='grc' dir='ltr'><strong>ἡμέτερον</strong></span> 
     </span>
    </p>
   </div>
   <div class='ocr_carea' id='block_1_17' title="bbox 417 1655 1992 1728">
    <p class='ocr_par' dir='ltr' id='par_1_17' title="bbox 417 1655 1992 1728">
     <span class='ocr_line' id='line_1_17' title="bbox 417 1655 1992 1728; baseline 0 -19"><span class='ocrx_word' id='word_1_119' title='bbox 417 1657 716 1727; x_wconf 85' lang='grc' dir='ltr'><strong>Δεσπότην,</strong></span> <span class='ocrx_word' id='word_1_120' title='bbox 736 1657 832 1710; x_wconf 75' lang='grc' dir='ltr'><strong>καὶ</strong></span> <span class='ocrx_word' id='word_1_121' title='bbox 849 1657 1015 1728; x_wconf 83' lang='grc' dir='ltr'><strong>μηδὲν</strong></span> <span class='ocrx_word' id='word_1_122' title='bbox 1041 1655 1499 1728; x_wconf 83' lang='grc' dir='ltr'><strong>διαπραττώμεθα</strong></span> <span class='ocrx_word' id='word_1_123' title='bbox 1525 1656 1634 1710; x_wconf 89' lang='grc' dir='ltr'><strong>τῶν</strong></span> <span class='ocrx_word' id='word_1_124' title='bbox 1676 1656 1992 1710; x_wconf 88' lang='grc' dir='ltr'><strong>διακοπτόν-</strong></span> 
     </span>
    </p>
   </div>
   <div class='ocr_carea' id='block_1_18' title="bbox 415 1739 1992 1811">
    <p class='ocr_par' dir='ltr' id='par_1_18' title="bbox 415 1739 1992 1811">
     <span class='ocr_line' id='line_1_18' title="bbox 415 1739 1992 1811; baseline 0 -20"><span class='ocrx_word' id='word_1_125' title='bbox 415 1755 523 1792; x_wconf 86' lang='grc' dir='ltr'><strong>των</strong></span> <span class='ocrx_word' id='word_1_126' title='bbox 572 1739 673 1810; x_wconf 82' lang='grc' dir='ltr'><strong>τὴν</strong></span> <span class='ocrx_word' id='word_1_127' title='bbox 711 1739 849 1810; x_wconf 76' lang='grc' dir='ltr'><strong>πρὸς</strong></span> <span class='ocrx_word' id='word_1_128' title='bbox 881 1740 1028 1810; x_wconf 77' lang='grc' dir='ltr'><strong>ἡμᾶς</strong></span> <span class='ocrx_word' id='word_1_129' title='bbox 1079 1739 1245 1792; x_wconf 88' lang='grc' dir='ltr'><strong>αὑτοῦ</strong></span> <span class='ocrx_word' id='word_1_130' title='bbox 1271 1739 1503 1792; x_wconf 78' lang='grc' dir='ltr'><strong>εὔνοιαν.</strong></span> <span class='ocrx_word' id='word_1_131' title='bbox 1564 1740 1655 1811; x_wconf 81' lang='grc' dir='ltr'><strong>Μὴ</strong></span> <span class='ocrx_word' id='word_1_132' title='bbox 1698 1739 1806 1810; x_wconf 83' lang='grc' dir='ltr'><strong>γάρ</strong></span> <span class='ocrx_word' id='word_1_133' title='bbox 1838 1739 1992 1792; x_wconf 87' lang='grc' dir='ltr'><strong>αὑτοί</strong></span> 
     </span>
    </p>
   </div>
   <div class='ocr_carea' id='block_1_19' title="bbox 415 1820 1991 1904">
    <p class='ocr_par' dir='ltr' id='par_1_19' title="bbox 415 1820 1991 1904">
     <span class='ocr_line' id='line_1_19' title="bbox 415 1820 1991 1904; baseline 0.001 -30"><span class='ocrx_word' id='word_1_134' title='bbox 415 1822 872 1892; x_wconf 82' lang='grc' dir='ltr'><strong>προκατάρχομεν</strong></span> <span class='ocrx_word' id='word_1_135' title='bbox 914 1820 1010 1877; x_wconf 85' lang='grc' dir='ltr'><strong>τοῦ</strong></span> <span class='ocrx_word' id='word_1_136' title='bbox 1075 1823 1437 1895; x_wconf 87' lang='grc' dir='ltr'><strong>πράγματος;</strong></span> <span class='ocrx_word' id='word_1_137' title='bbox 1481 1823 1654 1887; x_wconf 80' lang='grc' dir='ltr'><strong>Αὐτὸς</strong></span> <span class='ocrx_word' id='word_1_138' title='bbox 1703 1821 1991 1904; x_wconf 65' lang='grc' dir='ltr'><strong>προλαϐὼν</strong></span> 
     </span>
    </p>
   </div>
   <div class='ocr_carea' id='block_1_20' title="bbox 415 1903 1987 1978">
    <p class='ocr_par' dir='ltr' id='par_1_20' title="bbox 415 1903 1987 1978">
     <span class='ocr_line' id='line_1_20' title="bbox 415 1903 1987 1978; baseline 0 -22"><span class='ocrx_word' id='word_1_139' title='bbox 415 1904 617 1974; x_wconf 84' lang='grc' dir='ltr'><strong>πολλὴν</strong></span> <span class='ocrx_word' id='word_1_140' title='bbox 637 1903 730 1958; x_wconf 74' lang='grc' dir='ltr'><strong>καὶ</strong></span> <span class='ocrx_word' id='word_1_141' title='bbox 754 1904 961 1974; x_wconf 78' lang='grc' dir='ltr'><strong>ἄφατον</strong></span> <span class='ocrx_word' id='word_1_142' title='bbox 987 1904 1086 1977; x_wconf 80' lang='grc' dir='ltr'><strong>τὴν</strong></span> <span class='ocrx_word' id='word_1_143' title='bbox 1111 1905 1240 1978; x_wconf 69' lang='grc' dir='ltr'><strong>περὶ</strong></span> <span class='ocrx_word' id='word_1_144' title='bbox 1254 1907 1404 1976; x_wconf 76' lang='grc' dir='ltr'><strong>ἡμᾶς</strong></span> <span class='ocrx_word' id='word_1_145' title='bbox 1418 1905 1638 1976; x_wconf 80' lang='grc' dir='ltr'><strong>ἀγάπην</strong></span> <span class='ocrx_word' id='word_1_146' title='bbox 1661 1903 1987 1969; x_wconf 83' lang='grc' dir='ltr'><strong>ἐπεδείξατο.</strong></span> 
     </span>
    </p>
   </div>
   <div class='ocr_carea' id='block_1_21' title="bbox 417 1981 1992 2060">
    <p class='ocr_par' dir='ltr' id='par_1_21' title="bbox 417 1981 1992 2060">
     <span class='ocr_line' id='line_1_21' title="bbox 417 1981 1992 2060; baseline 0.002 -20"><span class='ocrx_word' id='word_1_147' title='bbox 417 1981 694 2057; x_wconf 64' lang='grc' dir='ltr'><strong>[ΜΠΠῶς</strong></span> <span class='ocrx_word' id='word_1_148' title='bbox 721 1983 814 2041; x_wconf 79' lang='grc' dir='ltr'><strong>οὑν</strong></span> <span class='ocrx_word' id='word_1_149' title='bbox 843 1988 943 2043; x_wconf 92' lang='grc' dir='ltr'><strong>οὑκ</strong></span> <span class='ocrx_word' id='word_1_150' title='bbox 966 1988 1167 2044; x_wconf 78' lang='grc' dir='ltr'><strong>ἄτοπον</strong></span> <span class='ocrx_word' id='word_1_151' title='bbox 1195 1989 1288 2043; x_wconf 91' lang='grc' dir='ltr'><strong>τὸν</strong></span> <span class='ocrx_word' id='word_1_152' title='bbox 1312 1989 1486 2052; x_wconf 80' lang='grc' dir='ltr'><strong>οὕτως</strong></span> <span class='ocrx_word' id='word_1_153' title='bbox 1517 1989 1881 2060; x_wconf 77' lang='grc' dir='ltr'><strong>ἀγαπήσαντα</strong></span> <span class='ocrx_word' id='word_1_154' title='bbox 1917 1989 1992 2060; x_wconf 82' lang='grc' dir='ltr'><strong>μὴ</strong></span> 
     </span>
    </p>
   </div>
   <div class='ocr_carea' id='block_1_22' title="bbox 416 2068 1993 2142">
    <p class='ocr_par' dir='ltr' id='par_1_22' title="bbox 416 2068 1993 2142">
     <span class='ocr_line' id='line_1_22' title="bbox 416 2068 1993 2142; baseline 0.001 -21"><span class='ocrx_word' id='word_1_155' title='bbox 416 2068 512 2121; x_wconf 78' lang='grc' dir='ltr'><strong>καὶ</strong></span> <span class='ocrx_word' id='word_1_156' title='bbox 534 2070 702 2138; x_wconf 79' lang='grc' dir='ltr'><strong>ἡμᾶς,</strong></span> <span class='ocrx_word' id='word_1_157' title='bbox 719 2070 842 2122; x_wconf 83' lang='grc' dir='ltr'><strong>ὅσον</strong></span> <span class='ocrx_word' id='word_1_158' title='bbox 859 2070 1056 2140; x_wconf 73' lang='grc' dir='ltr'><strong>ἔχομεν</strong></span> <span class='ocrx_word' id='word_1_159' title='bbox 1078 2071 1380 2141; x_wconf 88' lang='grc' dir='ltr'><strong>δυνάμεως,</strong></span> <span class='ocrx_word' id='word_1_160' title='bbox 1406 2072 1659 2141; x_wconf 76' lang='grc' dir='ltr'><strong>ἀγαπᾷνς</strong></span> <span class='ocrx_word' id='word_1_161' title='bbox 1694 2071 1863 2134; x_wconf 77' lang='grc' dir='ltr'><strong>Δὺτὸς</strong></span> <span class='ocrx_word' id='word_1_162' title='bbox 1885 2071 1993 2142; x_wconf 83' lang='grc' dir='ltr'><strong>γὰρ</strong></span> 
     </span>
    </p>
   </div>
   <div class='ocr_carea' id='block_1_23' title="bbox 415 2147 1992 2224">
    <p class='ocr_par' dir='ltr' id='par_1_23' title="bbox 415 2147 1992 2224">
     <span class='ocr_line' id='line_1_23' title="bbox 415 2147 1992 2224; baseline 0.003 -23"><span class='ocrx_word' id='word_1_163' title='bbox 415 2147 506 2202; x_wconf 89' lang='grc' dir='ltr'><strong>διά</strong></span> <span class='ocrx_word' id='word_1_164' title='bbox 535 2150 636 2220; x_wconf 84' lang='grc' dir='ltr'><strong>τήν</strong></span> <span class='ocrx_word' id='word_1_165' title='bbox 670 2151 799 2221; x_wconf 77' lang='grc' dir='ltr'><strong>περὶ</strong></span> <span class='ocrx_word' id='word_1_166' title='bbox 841 2153 988 2222; x_wconf 82' lang='grc' dir='ltr'><strong>ἡμᾶς</strong></span> <span class='ocrx_word' id='word_1_167' title='bbox 1021 2153 1240 2224; x_wconf 87' lang='grc' dir='ltr'><strong>ἀγάπην</strong></span> <span class='ocrx_word' id='word_1_168' title='bbox 1274 2155 1453 2208; x_wconf 88' lang='grc' dir='ltr'><strong>πάντα</strong></span> <span class='ocrx_word' id='word_1_169' title='bbox 1491 2153 1608 2223; x_wconf 83' lang='grc' dir='ltr'><strong>μεθ’</strong></span> <span class='ocrx_word' id='word_1_170' title='bbox 1639 2151 1835 2223; x_wconf 78' lang='grc' dir='ltr'><strong>ἡδονῆς</strong></span> <span class='ocrx_word' id='word_1_171' title='bbox 1859 2153 1992 2206; x_wconf 86' lang='grc' dir='ltr'><strong>ὑπέ-</strong></span> 
     </span>
    </p>
   </div>
   <div class='ocr_carea' id='block_1_24' title="bbox 419 2233 1997 2306">
    <p class='ocr_par' dir='ltr' id='par_1_24' title="bbox 419 2233 1997 2306">
     <span class='ocr_line' id='line_1_24' title="bbox 419 2233 1997 2306; baseline 0.003 -21"><span class='ocrx_word' id='word_1_172' title='bbox 419 2248 592 2301; x_wconf 86' lang='grc' dir='ltr'><strong>μεινε,</strong></span> <span class='ocrx_word' id='word_1_173' title='bbox 623 2233 717 2288; x_wconf 74' lang='grc' dir='ltr'><strong>καὶ</strong></span> <span class='ocrx_word' id='word_1_174' title='bbox 741 2234 800 2300; x_wconf 87' lang='grc' dir='ltr'><strong>ἐξ</strong></span> <span class='ocrx_word' id='word_1_175' title='bbox 828 2234 1008 2288; x_wconf 89' lang='grc' dir='ltr'><strong>αὑτῶν</strong></span> <span class='ocrx_word' id='word_1_176' title='bbox 1034 2235 1143 2289; x_wconf 89' lang='grc' dir='ltr'><strong>τῶν</strong></span> <span class='ocrx_word' id='word_1_177' title='bbox 1166 2235 1382 2289; x_wconf 81' lang='grc' dir='ltr'><strong>κόλπων</strong></span> <span class='ocrx_word' id='word_1_178' title='bbox 1403 2235 1512 2288; x_wconf 89' lang='grc' dir='ltr'><strong>τῶν</strong></span> <span class='ocrx_word' id='word_1_179' title='bbox 1543 2236 1824 2306; x_wconf 86' lang='grc' dir='ltr'><strong>πατρικῶν</strong></span> <span class='ocrx_word' id='word_1_180' title='bbox 1848 2235 1997 2289; x_wconf 82' lang='grc' dir='ltr'><strong>ἀλλό-</strong></span> 
     </span>
    </p>
   </div>
   <div class='ocr_carea' id='block_1_25' title="bbox 419 2315 1995 2389">
    <p class='ocr_par' dir='ltr' id='par_1_25' title="bbox 419 2315 1995 2389">
     <span class='ocr_line' id='line_1_25' title="bbox 419 2315 1995 2389; baseline 0.002 -22"><span class='ocrx_word' id='word_1_181' title='bbox 419 2330 600 2384; x_wconf 80' lang='grc' dir='ltr'><strong>μενος,</strong></span> <span class='ocrx_word' id='word_1_182' title='bbox 639 2315 716 2380; x_wconf 85' lang='grc' dir='ltr'><strong>ὠς</strong></span> <span class='ocrx_word' id='word_1_183' title='bbox 761 2318 960 2384; x_wconf 81' lang='grc' dir='ltr'><strong>εἰπεῖν,</strong></span> <span class='ocrx_word' id='word_1_184' title='bbox 1005 2317 1192 2371; x_wconf 89' lang='grc' dir='ltr'><strong>δούλου</strong></span> <span class='ocrx_word' id='word_1_185' title='bbox 1225 2317 1437 2389; x_wconf 83' lang='grc' dir='ltr'><strong>μορφὴν</strong></span> <span class='ocrx_word' id='word_1_186' title='bbox 1466 2316 1753 2372; x_wconf 90' lang='grc' dir='ltr'><strong>ἀναλαϐεῖν</strong></span> <span class='ocrx_word' id='word_1_187' title='bbox 1779 2317 1995 2372; x_wconf 82' lang='grc' dir='ltr'><strong>κατεδέ-</strong></span> 
     </span>
    </p>
   </div>
   <div class='ocr_carea' id='block_1_26' title="bbox 418 2397 1996 2474">
    <p class='ocr_par' dir='ltr' id='par_1_26' title="bbox 418 2397 1996 2474">
     <span class='ocr_line' id='line_1_26' title="bbox 418 2397 1996 2474; baseline 0.003 -23"><span class='ocrx_word' id='word_1_188' title='bbox 418 2397 567 2463; x_wconf 89' lang='grc' dir='ltr'><strong>ξατο,</strong></span> <span class='ocrx_word' id='word_1_189' title='bbox 587 2401 682 2453; x_wconf 71' lang='grc' dir='ltr'><strong>καὶ</strong></span> <span class='ocrx_word' id='word_1_190' title='bbox 697 2401 784 2454; x_wconf 79' lang='grc' dir='ltr'><strong>διὰ</strong></span> <span class='ocrx_word' id='word_1_191' title='bbox 813 2402 1029 2457; x_wconf 80' lang='grc' dir='ltr'><strong>πάντων</strong></span> <span class='ocrx_word' id='word_1_192' title='bbox 1049 2402 1156 2456; x_wconf 86' lang='grc' dir='ltr'><strong>τῶν</strong></span> <span class='ocrx_word' id='word_1_193' title='bbox 1177 2401 1530 2474; x_wconf 80' lang='grc' dir='ltr'><strong>ἀνθρωπίνων</strong></span> <span class='ocrx_word' id='word_1_194' title='bbox 1557 2401 1751 2470; x_wconf 84' lang='grc' dir='ltr'><strong>ἐλθεῖν,</strong></span> <span class='ocrx_word' id='word_1_195' title='bbox 1777 2402 1873 2456; x_wconf 70' lang='grc' dir='ltr'><strong>καὶ</strong></span> <span class='ocrx_word' id='word_1_196' title='bbox 1897 2403 1996 2466; x_wconf 82' lang='grc' dir='ltr'><strong>τάς</strong></span> 
     </span>
    </p>
   </div>
   <div class='ocr_carea' id='block_1_27' title="bbox 418 2483 1996 2556">
    <p class='ocr_par' dir='ltr' id='par_1_27' title="bbox 418 2483 1996 2556">
     <span class='ocr_line' id='line_1_27' title="bbox 418 2483 1996 2556; baseline 0.002 -21"><span class='ocrx_word' id='word_1_197' title='bbox 418 2483 569 2552; x_wconf 83' lang='grc' dir='ltr'><strong>παρά</strong></span> <span class='ocrx_word' id='word_1_198' title='bbox 597 2483 865 2538; x_wconf 79' lang='grc' dir='ltr'><strong>Ἰουδαίων</strong></span> <span class='ocrx_word' id='word_1_199' title='bbox 894 2485 1081 2556; x_wconf 77' lang='grc' dir='ltr'><strong>ὕϐρεις</strong></span> <span class='ocrx_word' id='word_1_200' title='bbox 1111 2487 1204 2539; x_wconf 78' lang='grc' dir='ltr'><strong>καὶ</strong></span> <span class='ocrx_word' id='word_1_201' title='bbox 1234 2485 1456 2556; x_wconf 75' lang='grc' dir='ltr'><strong>ἀτιμίας</strong></span> <span class='ocrx_word' id='word_1_202' title='bbox 1486 2485 1794 2556; x_wconf 89' lang='grc' dir='ltr'><strong>ὑπομεῖναι,</strong></span> <span class='ocrx_word' id='word_1_203' title='bbox 1819 2485 1996 2540; x_wconf 76' lang='grc' dir='ltr'><strong>καὶτὸ</strong></span> 
     </span>
    </p>
   </div>
   <div class='ocr_carea' id='block_1_28' title="bbox 416 2567 1996 2640">
    <p class='ocr_par' dir='ltr' id='par_1_28' title="bbox 416 2567 1996 2640">
     <span class='ocr_line' id='line_1_28' title="bbox 416 2567 1996 2640; baseline 0.003 -22"><span class='ocrx_word' id='word_1_204' title='bbox 416 2567 722 2620; x_wconf 85' lang='grc' dir='ltr'><strong>τελευταῖον</strong></span> <span class='ocrx_word' id='word_1_205' title='bbox 745 2567 982 2640; x_wconf 80' lang='grc' dir='ltr'><strong>σταυρὸν</strong></span> <span class='ocrx_word' id='word_1_206' title='bbox 1001 2568 1344 2635; x_wconf 80' lang='grc' dir='ltr'><strong>κατεδέξατο,</strong></span> <span class='ocrx_word' id='word_1_207' title='bbox 1376 2569 1468 2623; x_wconf 75' lang='grc' dir='ltr'><strong>καὶ</strong></span> <span class='ocrx_word' id='word_1_208' title='bbox 1499 2568 1728 2623; x_wconf 85' lang='grc' dir='ltr'><strong>θάνατον</strong></span> <span class='ocrx_word' id='word_1_209' title='bbox 1756 2569 1846 2623; x_wconf 91' lang='grc' dir='ltr'><strong>τὸν</strong></span> <span class='ocrx_word' id='word_1_210' title='bbox 1872 2570 1996 2622; x_wconf 80' lang='grc' dir='ltr'><strong>ἐπο-</strong></span> 
     </span>
    </p>
   </div>
   <div class='ocr_carea' id='block_1_29' title="bbox 418 2647 1996 2722">
    <p class='ocr_par' dir='ltr' id='par_1_29' title="bbox 418 2647 1996 2722">
     <span class='ocr_line' id='line_1_29' title="bbox 418 2647 1996 2722; baseline 0.003 -23"><span class='ocrx_word' id='word_1_211' title='bbox 418 2647 695 2712; x_wconf 88' lang='grc' dir='ltr'><strong>νείδιστον,</strong></span> <span class='ocrx_word' id='word_1_212' title='bbox 710 2649 796 2702; x_wconf 89' lang='grc' dir='ltr'><strong>ῖνα</strong></span> <span class='ocrx_word' id='word_1_213' title='bbox 812 2651 957 2720; x_wconf 79' lang='grc' dir='ltr'><strong>ἡμᾶς</strong></span> <span class='ocrx_word' id='word_1_214' title='bbox 971 2653 1096 2714; x_wconf 79' lang='grc' dir='ltr'><strong>τοὺς</strong></span> <span class='ocrx_word' id='word_1_215' title='bbox 1115 2651 1288 2722; x_wconf 74' lang='grc' dir='ltr'><strong>χαμαὶ</strong></span> <span class='ocrx_word' id='word_1_216' title='bbox 1308 2651 1651 2722; x_wconf 88' lang='grc' dir='ltr'><strong>συρομένους,</strong></span> <span class='ocrx_word' id='word_1_217' title='bbox 1673 2651 1764 2704; x_wconf 78' lang='grc' dir='ltr'><strong>καὶ</strong></span> <span class='ocrx_word' id='word_1_218' title='bbox 1784 2652 1996 2721; x_wconf 85' lang='grc' dir='ltr'><strong>μυρίοις</strong></span> 
     </span>
    </p>
   </div>
   <div class='ocr_carea' id='block_1_30' title="bbox 420 2732 1996 2807">
    <p class='ocr_par' dir='ltr' id='par_1_30' title="bbox 420 2732 1996 2807">
     <span class='ocr_line' id='line_1_30' title="bbox 420 2732 1996 2807; baseline 0.003 -24"><span class='ocrx_word' id='word_1_219' title='bbox 420 2732 659 2802; x_wconf 81' lang='grc' dir='ltr'><strong>φορτίοις</strong></span> <span class='ocrx_word' id='word_1_220' title='bbox 681 2733 1093 2805; x_wconf 83' lang='grc' dir='ltr'><strong>ἁμαρτημάτων</strong></span> <span class='ocrx_word' id='word_1_221' title='bbox 1111 2735 1274 2807; x_wconf 90' lang='grc' dir='ltr'><strong>βαρου</strong></span> <span class='ocrx_word' id='word_1_222' title='bbox 1283 2734 1491 2806; x_wconf 84' lang='grc' dir='ltr'><strong>μένους.</strong></span> <span class='ocrx_word' id='word_1_223' title='bbox 1513 2735 1602 2788; x_wconf 87' lang='grc' dir='ltr'><strong>διά</strong></span> <span class='ocrx_word' id='word_1_224' title='bbox 1616 2735 1714 2805; x_wconf 88' lang='grc' dir='ltr'><strong>τῆς</strong></span> <span class='ocrx_word' id='word_1_225' title='bbox 1730 2737 1809 2798; x_wconf 91' lang='grc' dir='ltr'><strong>είς</strong></span> <span class='ocrx_word' id='word_1_226' title='bbox 1834 2734 1996 2788; x_wconf 82' lang='grc' dir='ltr'><strong>αὑτὸν</strong></span> 
     </span>
    </p>
   </div>
   <div class='ocr_carea' id='block_1_31' title="bbox 421 2816 1998 2892">
    <p class='ocr_par' dir='ltr' id='par_1_31' title="bbox 421 2816 1998 2892">
     <span class='ocr_line' id='line_1_31' title="bbox 421 2816 1998 2892; baseline 0.003 -24"><span class='ocrx_word' id='word_1_227' title='bbox 421 2816 656 2881; x_wconf 88' lang='grc' dir='ltr'><strong>πίστεως</strong></span> <span class='ocrx_word' id='word_1_228' title='bbox 699 2817 1063 2890; x_wconf 82' lang='grc' dir='ltr'><strong>ἐλευθερώσῃ.</strong></span> <span class='ocrx_word' id='word_1_229' title='bbox 1111 2818 1296 2873; x_wconf 89' lang='grc' dir='ltr'><strong>Ταῦτα</strong></span> <span class='ocrx_word' id='word_1_230' title='bbox 1345 2820 1454 2892; x_wconf 77' lang='lat'><strong>7&amp;9</strong></span> <span class='ocrx_word' id='word_1_231' title='bbox 1495 2821 1710 2874; x_wconf 74' lang='grc' dir='ltr'><strong>ἅπαντα</strong></span> <span class='ocrx_word' id='word_1_232' title='bbox 1740 2818 1935 2873; x_wconf 78' lang='grc' dir='ltr'><strong>ἐννοῶν</strong></span> <span class='ocrx_word' id='word_1_233' title='bbox 1969 2821 1998 2873; x_wconf 89' lang='grc' dir='ltr'><strong>ό</strong></span> 
     </span>
    </p>
   </div>
   <div class='ocr_carea' id='block_1_32' title="bbox 423 2900 1998 2975">
    <p class='ocr_par' dir='ltr' id='par_1_32' title="bbox 423 2900 1998 2975">
     <span class='ocr_line' id='line_1_32' title="bbox 423 2900 1998 2975; baseline 0.003 -23"><span class='ocrx_word' id='word_1_234' title='bbox 423 2900 690 2971; x_wconf 86' lang='grc' dir='ltr'><strong>μακάριος</strong></span> <span class='ocrx_word' id='word_1_235' title='bbox 738 2901 968 2966; x_wconf 81' lang='grc' dir='ltr'><strong>Παῦλος,</strong></span> <span class='ocrx_word' id='word_1_236' title='bbox 995 2904 1023 2955; x_wconf 86' lang='grc' dir='ltr'>ὁ</span> <span class='ocrx_word' id='word_1_237' title='bbox 1053 2901 1254 2974; x_wconf 87' lang='grc' dir='ltr'><strong>θερμὸς</strong></span> <span class='ocrx_word' id='word_1_238' title='bbox 1297 2903 1530 2975; x_wconf 81' lang='grc' dir='ltr'><strong>ἐραστὴς</strong></span> <span class='ocrx_word' id='word_1_239' title='bbox 1558 2903 1653 2956; x_wconf 91' lang='grc' dir='ltr'><strong>τοῦ</strong></span> <span class='ocrx_word' id='word_1_240' title='bbox 1684 2903 1943 2974; x_wconf 80' lang='grc' dir='ltr'><strong>Χριστοῦ,</strong></span> <span class='ocrx_word' id='word_1_241' title='bbox 1968 2905 1998 2956; x_wconf 86' lang='grc' dir='ltr'><strong>ό</strong></span> 
     </span>
    </p>
   </div>
   <div class='ocr_carea' id='block_1_33' title="bbox 419 2981 1998 3056">
    <p class='ocr_par' dir='ltr' id='par_1_33' title="bbox 419 2981 1998 3056">
     <span class='ocr_line' id='line_1_33' title="bbox 419 2981 1998 3056; baseline 0.003 -20"><span class='ocrx_word' id='word_1_242' title='bbox 419 2981 671 3055; x_wconf 84' lang='grc' dir='ltr'><strong>καθάπερ</strong></span> <span class='ocrx_word' id='word_1_243' title='bbox 698 2984 1002 3055; x_wconf 81' lang='grc' dir='ltr'><strong>ὑπόπτερος</strong></span> <span class='ocrx_word' id='word_1_244' title='bbox 1033 2985 1129 3056; x_wconf 83' lang='grc' dir='ltr'><strong>τὴν</strong></span> <span class='ocrx_word' id='word_1_245' title='bbox 1146 2985 1468 3056; x_wconf 75' lang='grc' dir='ltr'><strong>οἰκουμένην</strong></span> <span class='ocrx_word' id='word_1_246' title='bbox 1493 2985 1832 3056; x_wconf 84' lang='grc' dir='ltr'><strong>περιτρέχων</strong></span> <span class='ocrx_word' id='word_1_247' title='bbox 1855 2986 1998 3040; x_wconf 78' lang='grc' dir='ltr'><strong>ἀπα-</strong></span> 
     </span>
    </p>
   </div>
   <div class='ocr_carea' id='block_1_34' title="bbox 421 3065 1996 3138">
    <p class='ocr_par' dir='ltr' id='par_1_34' title="bbox 421 3065 1996 3138">
     <span class='ocr_line' id='line_1_34' title="bbox 421 3065 1996 3138; baseline 0.003 -20"><span class='ocrx_word' id='word_1_248' title='bbox 421 3083 538 3132; x_wconf 88' lang='grc' dir='ltr'><strong>σαν,</strong></span> <span class='ocrx_word' id='word_1_249' title='bbox 565 3068 598 3119; x_wconf 88' lang='grc' dir='ltr'><strong>ό</strong></span> <span class='ocrx_word' id='word_1_250' title='bbox 638 3069 696 3120; x_wconf 90' lang='grc' dir='ltr'><strong>ἐν</strong></span> <span class='ocrx_word' id='word_1_251' title='bbox 728 3065 940 3137; x_wconf 82' lang='grc' dir='ltr'><strong>σώματι</strong></span> <span class='ocrx_word' id='word_1_252' title='bbox 985 3067 1054 3120; x_wconf 80' lang='grc' dir='ltr'><strong>τὰ</strong></span> <span class='ocrx_word' id='word_1_253' title='bbox 1103 3067 1212 3120; x_wconf 92' lang='grc' dir='ltr'><strong>τῶν</strong></span> <span class='ocrx_word' id='word_1_254' title='bbox 1248 3068 1555 3138; x_wconf 81' lang='grc' dir='ltr'><strong>ἀσωμάτων</strong></span> <span class='ocrx_word' id='word_1_255' title='bbox 1592 3067 1996 3122; x_wconf 76' lang='grc' dir='ltr'><strong>ἐπιδείκνυσθαι</strong></span> 
     </span>
    </p>
   </div>
   <div class='ocr_carea' id='block_1_35' title="bbox 420 3149 1995 3222">
    <p class='ocr_par' dir='ltr' id='par_1_35' title="bbox 420 3149 1995 3222">
     <span class='ocr_line' id='line_1_35' title="bbox 420 3149 1995 3222; baseline 0.001 -18"><span class='ocrx_word' id='word_1_256' title='bbox 420 3149 757 3212; x_wconf 79' lang='grc' dir='ltr'><strong>σπουδάζων,</strong></span> <span class='ocrx_word' id='word_1_257' title='bbox 777 3149 904 3203; x_wconf 87' lang='grc' dir='ltr'><strong>ἐϐόα</strong></span> <span class='ocrx_word' id='word_1_258' title='bbox 933 3150 1127 3219; x_wconf 89' lang='grc' dir='ltr'><strong>λέγων·</strong></span> <span class='ocrx_word' id='word_1_259' title='bbox 1161 3151 1224 3207; x_wconf 86' lang='grc' dir='ltr'><strong>Ἠ</strong></span> <span class='ocrx_word' id='word_1_260' title='bbox 1250 3151 1360 3222; x_wconf 73' lang='grc' dir='ltr'><strong>γὰρ</strong></span> <span class='ocrx_word' id='word_1_261' title='bbox 1387 3149 1587 3222; x_wconf 74' lang='grc' dir='ltr'><strong>ἀγάπη</strong></span> <span class='ocrx_word' id='word_1_262' title='bbox 1607 3152 1714 3207; x_wconf 91' lang='grc' dir='ltr'><strong>τοῦ</strong></span> <span class='ocrx_word' id='word_1_263' title='bbox 1737 3152 1995 3222; x_wconf 80' lang='grc' dir='ltr'><strong>Χριστοῦ</strong></span> 
     </span>
    </p>
   </div>
   <div class='ocr_carea' id='block_1_36' title="bbox 416 3230 1996 3308">
    <p class='ocr_par' dir='ltr' id='par_1_36' title="bbox 416 3230 1996 3308">
     <span class='ocr_line' id='line_1_36' title="bbox 416 3230 1996 3308; baseline 0.002 -23"><span class='ocrx_word' id='word_1_264' title='bbox 416 3232 662 3301; x_wconf 81' lang='grc' dir='ltr'><strong>συνέχει</strong></span> <span class='ocrx_word' id='word_1_265' title='bbox 685 3230 1009 3305; x_wconf 79' lang='grc' dir='ltr'><strong>ἡμᾶς.”ορα</strong></span> <span class='ocrx_word' id='word_1_266' title='bbox 1036 3233 1476 3304; x_wconf 78' lang='grc' dir='ltr'><strong>εὐγνωμοσύνην,</strong></span> <span class='ocrx_word' id='word_1_267' title='bbox 1494 3235 1595 3306; x_wconf 84' lang='grc' dir='ltr'><strong>ὅρα</strong></span> <span class='ocrx_word' id='word_1_268' title='bbox 1612 3234 1816 3308; x_wconf 87' lang='grc' dir='ltr'><strong>ἀρετῆς</strong></span> <span class='ocrx_word' id='word_1_269' title='bbox 1829 3236 1996 3307; x_wconf 85' lang='grc' dir='ltr'><strong>ὑπερ-</strong></span> 
     </span>
    </p>
   </div>
   <div class='ocr_carea' id='block_1_37' title="bbox 417 3313 1998 3388">
    <p class='ocr_par' dir='ltr' id='par_1_37' title="bbox 417 3313 1998 3388">
     <span class='ocr_line' id='line_1_37' title="bbox 417 3313 1998 3388; baseline 0.004 -22"><span class='ocrx_word' id='word_1_270' title='bbox 417 3313 599 3386; x_wconf 81' lang='grc' dir='ltr'><strong>ϐολὴν,</strong></span> <span class='ocrx_word' id='word_1_271' title='bbox 643 3315 744 3386; x_wconf 81' lang='grc' dir='ltr'><strong>ὅρα</strong></span> <span class='ocrx_word' id='word_1_272' title='bbox 764 3313 927 3368; x_wconf 88' lang='grc' dir='ltr'><strong>πόθον</strong></span> <span class='ocrx_word' id='word_1_273' title='bbox 960 3315 1168 3380; x_wconf 89' lang='grc' dir='ltr'><strong>ζέοντα.</strong></span> <span class='ocrx_word' id='word_1_274' title='bbox 1202 3313 1264 3371; x_wconf 86' lang='grc' dir='ltr'><strong>Ἠ</strong></span> <span class='ocrx_word' id='word_1_275' title='bbox 1291 3315 1514 3386; x_wconf 74' lang='grc' dir='ltr'><strong>ἀγάπη,</strong></span> <span class='ocrx_word' id='word_1_276' title='bbox 1544 3317 1700 3388; x_wconf 76' lang='grc' dir='ltr'><strong>φησὶ,</strong></span> <span class='ocrx_word' id='word_1_277' title='bbox 1736 3318 1842 3372; x_wconf 90' lang='grc' dir='ltr'><strong>τοῦ</strong></span> <span class='ocrx_word' id='word_1_278' title='bbox 1863 3321 1998 3388; x_wconf 67' lang='grc' dir='ltr'><strong>Χρια</strong></span> 
     </span>
    </p>
   </div>
   <div class='ocr_carea' id='block_1_38' title="bbox 417 3397 1996 3467">
    <p class='ocr_par' dir='ltr' id='par_1_38' title="bbox 417 3397 1996 3467">
     <span class='ocr_line' id='line_1_38' title="bbox 417 3397 1996 3467; baseline 0.002 -16"><span class='ocrx_word' id='word_1_279' title='bbox 417 3397 569 3452; x_wconf 87' lang='grc' dir='ltr'><strong>στοῦ</strong></span> <span class='ocrx_word' id='word_1_280' title='bbox 603 3397 850 3466; x_wconf 85' lang='grc' dir='ltr'><strong>συνέχει</strong></span> <span class='ocrx_word' id='word_1_281' title='bbox 875 3397 1065 3465; x_wconf 72' lang='grc' dir='ltr'><strong>ἡμᾶς·</strong></span> <span class='ocrx_word' id='word_1_282' title='bbox 1100 3399 1246 3452; x_wconf 82' lang='grc' dir='ltr'><strong>τοῦτ’</strong></span> <span class='ocrx_word' id='word_1_283' title='bbox 1279 3399 1447 3461; x_wconf 79' lang='grc' dir='ltr'><strong>ἐστιν,</strong></span> <span class='ocrx_word' id='word_1_284' title='bbox 1475 3398 1623 3460; x_wconf 83' lang='grc' dir='ltr'><strong>ὠθεῖ,</strong></span> <span class='ocrx_word' id='word_1_285' title='bbox 1649 3401 1996 3467; x_wconf 88' lang='grc' dir='ltr'><strong>καταναγκά-</strong></span> 
     </span>
    </p>
   </div>
   <div class='ocr_carea' id='block_1_39' title="bbox 420 3477 1996 3550">
    <p class='ocr_par' dir='ltr' id='par_1_39' title="bbox 420 3477 1996 3550">
     <span class='ocr_line' id='line_1_39' title="bbox 420 3477 1996 3550; baseline 0.002 -20"><span class='ocrx_word' id='word_1_286' title='bbox 420 3478 524 3542; x_wconf 85' lang='grc' dir='ltr'><strong>ζει,</strong></span> <span class='ocrx_word' id='word_1_287' title='bbox 551 3481 890 3545; x_wconf 88' lang='grc' dir='ltr'><strong>κατεπείγει.</strong></span> <span class='ocrx_word' id='word_1_288' title='bbox 909 3477 1042 3532; x_wconf 83' lang='grc' dir='ltr'><strong>Εἶτα</strong></span> <span class='ocrx_word' id='word_1_289' title='bbox 1065 3479 1398 3548; x_wconf 76' lang='grc' dir='ltr'><strong>ἑρμηνεῦσαι</strong></span> <span class='ocrx_word' id='word_1_290' title='bbox 1430 3479 1749 3549; x_wconf 91' lang='grc' dir='ltr'><strong>βουλόμενος</strong></span> <span class='ocrx_word' id='word_1_291' title='bbox 1777 3481 1838 3532; x_wconf 90' lang='grc' dir='ltr'><strong>τὸ</strong></span> <span class='ocrx_word' id='word_1_292' title='bbox 1869 3483 1996 3550; x_wconf 75' lang='grc' dir='ltr'><strong>παρ’</strong></span> 
     </span>
    </p>
   </div>
   <div class='ocr_carea' id='block_1_40' title="bbox 421 3558 1998 3634">
    <p class='ocr_par' dir='ltr' id='par_1_40' title="bbox 421 3558 1998 3634">
     <span class='ocr_line' id='line_1_40' title="bbox 421 3558 1998 3634; baseline 0.001 -20"><span class='ocrx_word' id='word_1_293' title='bbox 421 3562 616 3615; x_wconf 83' lang='grc' dir='ltr'><strong>ἐαυτοῦ</strong></span> <span class='ocrx_word' id='word_1_294' title='bbox 666 3563 852 3634; x_wconf 77' lang='grc' dir='ltr'><strong>ῥηθὲν,</strong></span> <span class='ocrx_word' id='word_1_295' title='bbox 890 3563 1051 3632; x_wconf 81' lang='grc' dir='ltr'><strong>φησι·</strong></span> <span class='ocrx_word' id='word_1_296' title='bbox 1081 3564 1414 3630; x_wconf 81' lang='grc' dir='ltr'><strong>Κρίναντας</strong></span> <span class='ocrx_word' id='word_1_297' title='bbox 1459 3563 1652 3627; x_wconf 78' lang='grc' dir='ltr'><strong>τοῦτο,</strong></span> <span class='ocrx_word' id='word_1_298' title='bbox 1687 3563 1776 3618; x_wconf 84' lang='grc' dir='ltr'><strong>ὅτι</strong></span> <span class='ocrx_word' id='word_1_299' title='bbox 1819 3564 1871 3616; x_wconf 81' lang='grc' dir='ltr'><strong>ει</strong></span> <span class='ocrx_word' id='word_1_300' title='bbox 1911 3558 1998 3630; x_wconf 75' lang='grc' dir='ltr'><strong>εἷς</strong></span> 
     </span>
    </p>
   </div>
   <div class='ocr_carea' id='block_1_41' title="bbox 421 3643 1997 3713">
    <p class='ocr_par' dir='ltr' id='par_1_41' title="bbox 421 3643 1997 3713">
     <span class='ocr_line' id='line_1_41' title="bbox 421 3643 1997 3713; baseline 0 -13"><span class='ocrx_word' id='word_1_301' title='bbox 421 3645 572 3712; x_wconf 78' lang='grc' dir='ltr'><strong>ὑπὲρ</strong></span> <span class='ocrx_word' id='word_1_302' title='bbox 605 3645 890 3699; x_wconf 79' lang='grc' dir='ltr'><strong>ἁπάντων</strong></span> <span class='ocrx_word' id='word_1_303' title='bbox 925 3643 1244 3712; x_wconf 81' lang='grc' dir='ltr'><strong>ἀπέθανεν,</strong></span> <span class='ocrx_word' id='word_1_304' title='bbox 1277 3645 1390 3713; x_wconf 79' lang='grc' dir='ltr'><strong>ἄρα</strong></span> <span class='ocrx_word' id='word_1_305' title='bbox 1429 3647 1483 3699; x_wconf 91' lang='grc' dir='ltr'><strong>οἰ</strong></span> <span class='ocrx_word' id='word_1_306' title='bbox 1523 3645 1747 3709; x_wconf 82' lang='grc' dir='ltr'><strong>πάντες</strong></span> <span class='ocrx_word' id='word_1_307' title='bbox 1777 3645 1997 3700; x_wconf 82' lang='grc' dir='ltr'><strong>ἀπέθα-</strong></span> 
     </span>
    </p>
   </div>
   <div class='ocr_carea' id='block_1_42' title="bbox 419 3726 2000 3798">
    <p class='ocr_par' dir='ltr' id='par_1_42' title="bbox 419 3726 2000 3798">
     <span class='ocr_line' id='line_1_42' title="bbox 419 3726 2000 3798; baseline 0.001 -17"><span class='ocrx_word' id='word_1_308' title='bbox 419 3745 552 3781; x_wconf 78' lang='grc' dir='ltr'><strong>νον.</strong></span> <span class='ocrx_word' id='word_1_309' title='bbox 577 3727 684 3780; x_wconf 74' lang='lat' dir='ltr'><strong>Kal</strong></span> <span class='ocrx_word' id='word_1_310' title='bbox 704 3726 855 3796; x_wconf 84' lang='grc' dir='ltr'><strong>ὑπὲρ</strong></span> <span class='ocrx_word' id='word_1_311' title='bbox 875 3727 1117 3782; x_wconf 83' lang='grc' dir='ltr'><strong>πάντων</strong></span> <span class='ocrx_word' id='word_1_312' title='bbox 1135 3729 1455 3787; x_wconf 80' lang='grc' dir='ltr'><strong>ἀπέθανεν.</strong></span> <span class='ocrx_word' id='word_1_313' title='bbox 1479 3728 1578 3781; x_wconf 83' lang='grc' dir='ltr'><strong>ἵνα</strong></span> <span class='ocrx_word' id='word_1_314' title='bbox 1595 3732 1646 3782; x_wconf 78' lang='grc' dir='ltr'><strong>οἰ</strong></span> <span class='ocrx_word' id='word_1_315' title='bbox 1669 3727 1880 3794; x_wconf 80' lang='grc' dir='ltr'><strong>ζῶντες</strong></span> <span class='ocrx_word' id='word_1_316' title='bbox 1887 3748 2000 3798; x_wconf 85' lang='grc' dir='ltr'><strong>μη-</strong></span> 
     </span>
    </p>
   </div>
   <div class='ocr_carea' id='block_1_43' title="bbox 423 3809 1995 3882">
    <p class='ocr_par' dir='ltr' id='par_1_43' title="bbox 423 3809 1995 3882">
     <span class='ocr_line' id='line_1_43' title="bbox 423 3809 1995 3882; baseline 0 -16"><span class='ocrx_word' id='word_1_317' title='bbox 423 3812 546 3866; x_wconf 81' lang='grc' dir='ltr'><strong>κέτι</strong></span> <span class='ocrx_word' id='word_1_318' title='bbox 571 3811 807 3878; x_wconf 78' lang='grc' dir='ltr'><strong>ἑαυτοῖς</strong></span> <span class='ocrx_word' id='word_1_319' title='bbox 830 3809 1028 3876; x_wconf 77' lang='grc' dir='ltr'><strong>ζῶσιν,</strong></span> <span class='ocrx_word' id='word_1_320' title='bbox 1064 3813 1224 3867; x_wconf 71' lang='grc' dir='ltr'><em>ἀλλὰ</em></span> <span class='ocrx_word' id='word_1_321' title='bbox 1255 3811 1335 3878; x_wconf 85' lang='grc' dir='ltr'><strong>τῷ</strong></span> <span class='ocrx_word' id='word_1_322' title='bbox 1363 3811 1514 3882; x_wconf 84' lang='grc' dir='ltr'><strong>ὑπὲρ</strong></span> <span class='ocrx_word' id='word_1_323' title='bbox 1545 3813 1744 3866; x_wconf 85' lang='grc' dir='ltr'><strong>αὐτῶν</strong></span> <span class='ocrx_word' id='word_1_324' title='bbox 1771 3814 1995 3867; x_wconf 83' lang='grc' dir='ltr'><strong>ἀποθα-</strong></span> 
     </span>
    </p>
   </div>
   <div class='ocr_carea' id='block_1_44' title="bbox 423 3892 1997 3967">
    <p class='ocr_par' dir='ltr' id='par_1_44' title="bbox 423 3892 1997 3967">
     <span class='ocr_line' id='line_1_44' title="bbox 423 3892 1997 3967; baseline 0.001 -16"><span class='ocrx_word' id='word_1_325' title='bbox 423 3897 590 3951; x_wconf 89' lang='grc' dir='ltr'><strong>νόντι</strong></span> <span class='ocrx_word' id='word_1_326' title='bbox 619 3895 717 3949; x_wconf 83' lang='grc' dir='ltr'><strong>καί</strong></span> <span class='ocrx_word' id='word_1_327' title='bbox 749 3895 1067 3967; x_wconf 74' lang='grc' dir='ltr'><strong>ἐγερθέντι.</strong></span> <span class='ocrx_word' id='word_1_328' title='bbox 1099 3892 1252 3959; x_wconf 77' lang='grc' dir='ltr'><strong>Εἶδες</strong></span> <span class='ocrx_word' id='word_1_329' title='bbox 1282 3896 1398 3959; x_wconf 91' lang='grc' dir='ltr'><strong>πῶς</strong></span> <span class='ocrx_word' id='word_1_330' title='bbox 1424 3896 1647 3960; x_wconf 89' lang='grc' dir='ltr'><strong>εἰκότως</strong></span> <span class='ocrx_word' id='word_1_331' title='bbox 1679 3897 1884 3966; x_wconf 71' lang='grc' dir='ltr'><strong>ἔλεγεν,</strong></span> <span class='ocrx_word' id='word_1_332' title='bbox 1918 3899 1997 3953; x_wconf 85' lang='grc' dir='ltr'><strong>ὃτι</strong></span> 
     </span>
    </p>
   </div>
   <div class='ocr_carea' id='block_1_45' title="bbox 421 3977 1999 4053">
    <p class='ocr_par' dir='ltr' id='par_1_45' title="bbox 421 3977 1999 4053">
     <span class='ocr_line' id='line_1_45' title="bbox 421 3977 1999 4053; baseline -0.001 -19"><span class='ocrx_word' id='word_1_333' title='bbox 421 3979 672 4048; x_wconf 84' lang='grc' dir='ltr'><strong>Συνέχει</strong></span> <span class='ocrx_word' id='word_1_334' title='bbox 697 3977 854 4050; x_wconf 82' lang='grc' dir='ltr'><strong>ἡμᾶς</strong></span> <span class='ocrx_word' id='word_1_335' title='bbox 882 3979 920 4048; x_wconf 82' lang='grc' dir='ltr'><strong>ή</strong></span> <span class='ocrx_word' id='word_1_336' title='bbox 949 3978 1148 4049; x_wconf 78' lang='grc' dir='ltr'><strong>ἀγάπη</strong></span> <span class='ocrx_word' id='word_1_337' title='bbox 1173 3979 1279 4033; x_wconf 88' lang='grc' dir='ltr'><strong>τοῦ</strong></span> <span class='ocrx_word' id='word_1_338' title='bbox 1307 3978 1598 4048; x_wconf 86' lang='grc' dir='ltr'><strong>Χριστοῦ;</strong></span> <span class='ocrx_word' id='word_1_339' title='bbox 1634 3979 1695 4034; x_wconf 68' lang='lat' dir='ltr'><strong>Et</strong></span> <span class='ocrx_word' id='word_1_340' title='bbox 1727 3981 1835 4052; x_wconf 83' lang='lat'><strong>7&amp;9</strong></span> <span class='ocrx_word' id='word_1_341' title='bbox 1858 3981 1999 4053; x_wconf 81' lang='grc' dir='ltr'><strong>ὑπὲρ</strong></span> 
     </span>
    </p>
   </div>
   <div class='ocr_carea' id='block_1_46' title="bbox 423 4061 2001 4136">
    <p class='ocr_par' dir='ltr' id='par_1_46' title="bbox 423 4061 2001 4136">
     <span class='ocr_line' id='line_1_46' title="bbox 423 4061 2001 4136; baseline 0 -20"><span class='ocrx_word' id='word_1_342' title='bbox 423 4062 602 4134; x_wconf 86' lang='grc' dir='ltr'><strong>ἡμῶν,</strong></span> <span class='ocrx_word' id='word_1_343' title='bbox 617 4065 772 4136; x_wconf 74' lang='grc' dir='ltr'><strong>φησὶ,</strong></span> <span class='ocrx_word' id='word_1_344' title='bbox 798 4063 1017 4118; x_wconf 90' lang='grc' dir='ltr'><strong>πάντων</strong></span> <span class='ocrx_word' id='word_1_345' title='bbox 1041 4061 1297 4126; x_wconf 82' lang='grc' dir='ltr'><strong>ἀπέθανε,</strong></span> <span class='ocrx_word' id='word_1_346' title='bbox 1321 4063 1409 4117; x_wconf 86' lang='grc' dir='ltr'><strong>διά</strong></span> <span class='ocrx_word' id='word_1_347' title='bbox 1423 4063 1582 4117; x_wconf 89' lang='grc' dir='ltr'><strong>τοῦτο</strong></span> <span class='ocrx_word' id='word_1_348' title='bbox 1606 4063 1896 4128; x_wconf 80' lang='grc' dir='ltr'><strong>ἀπέθανεν,</strong></span> <span class='ocrx_word' id='word_1_349' title='bbox 1915 4065 2001 4117; x_wconf 73' lang='grc' dir='ltr'><strong>ἵνα</strong></span> 
     </span>
    </p>
   </div>
   <div class='ocr_carea' id='block_1_47' title="bbox 425 4147 2000 4219">
    <p class='ocr_par' dir='ltr' id='par_1_47' title="bbox 425 4147 2000 4219">
     <span class='ocr_line' id='line_1_47' title="bbox 425 4147 2000 4219; baseline 0.001 -19"><span class='ocrx_word' id='word_1_350' title='bbox 425 4148 586 4217; x_wconf 87' lang='grc' dir='ltr'><strong>ἡμεῖς</strong></span> <span class='ocrx_word' id='word_1_351' title='bbox 612 4148 661 4200; x_wconf 78' lang='grc' dir='ltr'><strong>οἱ</strong></span> <span class='ocrx_word' id='word_1_352' title='bbox 694 4147 895 4212; x_wconf 86' lang='grc' dir='ltr'><strong>ζῶντες</strong></span> <span class='ocrx_word' id='word_1_353' title='bbox 931 4147 1129 4217; x_wconf 78' lang='grc' dir='ltr'><strong>μηκέτι</strong></span> <span class='ocrx_word' id='word_1_354' title='bbox 1169 4148 1380 4212; x_wconf 81' lang='grc' dir='ltr'><strong>ἑαυτοῖς</strong></span> <span class='ocrx_word' id='word_1_355' title='bbox 1411 4147 1615 4218; x_wconf 83' lang='grc' dir='ltr'><strong>ζῶμεν,</strong></span> <span class='ocrx_word' id='word_1_356' title='bbox 1651 4148 1766 4202; x_wconf 87' lang='grc' dir='ltr'><strong>ἀλλ’</strong></span> <span class='ocrx_word' id='word_1_357' title='bbox 1808 4149 2000 4219; x_wconf 85' lang='grc' dir='ltr'><strong>ἐκείνῳ</strong></span> 
     </span>
    </p>
   </div>
   <div class='ocr_carea' id='block_1_48' title="bbox 421 4229 1998 4303">
    <p class='ocr_par' dir='ltr' id='par_1_48' title="bbox 421 4229 1998 4303">
     <span class='ocr_line' id='line_1_48' title="bbox 421 4229 1998 4303; baseline 0 -19"><span class='ocrx_word' id='word_1_358' title='bbox 421 4229 501 4302; x_wconf 82' lang='grc' dir='ltr'><strong>τῷ</strong></span> <span class='ocrx_word' id='word_1_359' title='bbox 531 4231 670 4302; x_wconf 80' lang='grc' dir='ltr'><strong>ὑπὲρ</strong></span> <span class='ocrx_word' id='word_1_360' title='bbox 699 4230 856 4302; x_wconf 88' lang='grc' dir='ltr'><strong>ἡμῶν</strong></span> <span class='ocrx_word' id='word_1_361' title='bbox 891 4229 1214 4285; x_wconf 87' lang='grc' dir='ltr'><strong>ἀποθανόντι</strong></span> <span class='ocrx_word' id='word_1_362' title='bbox 1250 4232 1342 4286; x_wconf 82' lang='grc' dir='ltr'><strong>καὶ</strong></span> <span class='ocrx_word' id='word_1_363' title='bbox 1379 4230 1680 4303; x_wconf 88' lang='grc' dir='ltr'><strong>ἐγερθέντι.</strong></span> <span class='ocrx_word' id='word_1_364' title='bbox 1706 4231 1998 4303; x_wconf 86' lang='grc' dir='ltr'><strong>Δεχὼμεθα</strong></span> 
     </span>
    </p>
   </div>
   <div class='ocr_carea' id='block_1_49' title="bbox 421 4313 2002 4387">
    <p class='ocr_par' dir='ltr' id='par_1_49' title="bbox 421 4313 2002 4387">
     <span class='ocr_line' id='line_1_49' title="bbox 421 4313 2002 4387; baseline -0.001 -18"><span class='ocrx_word' id='word_1_365' title='bbox 421 4313 603 4369; x_wconf 79' lang='grc' dir='ltr'><strong>τοίνυν</strong></span> <span class='ocrx_word' id='word_1_366' title='bbox 627 4313 727 4385; x_wconf 78' lang='grc' dir='ltr'><strong>τὴν</strong></span> <span class='ocrx_word' id='word_1_367' title='bbox 757 4313 1081 4385; x_wconf 83' lang='grc' dir='ltr'><strong>παραίνεσιν</strong></span> <span class='ocrx_word' id='word_1_368' title='bbox 1110 4313 1209 4384; x_wconf 83' lang='grc' dir='ltr'><strong>τὴν</strong></span> <span class='ocrx_word' id='word_1_369' title='bbox 1236 4314 1618 4386; x_wconf 78' lang='grc' dir='ltr'><strong>ἀποστολικὴν,</strong></span> <span class='ocrx_word' id='word_1_370' title='bbox 1646 4316 1740 4369; x_wconf 89' lang='grc' dir='ltr'><strong>καί</strong></span> <span class='ocrx_word' id='word_1_371' title='bbox 1775 4313 1848 4387; x_wconf 79' lang='grc' dir='ltr'><strong>μὴ</strong></span> <span class='ocrx_word' id='word_1_372' title='bbox 1879 4317 2002 4368; x_wconf 75' lang='grc' dir='ltr'><strong>ἐαυο</strong></span> 
     </span>
    </p>
   </div>
   <div class='ocr_carea' id='block_1_50' title="bbox 423 4396 2001 4471">
    <p class='ocr_par' dir='ltr' id='par_1_50' title="bbox 423 4396 2001 4471">
     <span class='ocr_line' id='line_1_50' title="bbox 423 4396 2001 4471; baseline -0.001 -18"><span class='ocrx_word' id='word_1_373' title='bbox 423 4401 536 4463; x_wconf 88' lang='grc' dir='ltr'><strong>τοῖς</strong></span> <span class='ocrx_word' id='word_1_374' title='bbox 565 4396 768 4468; x_wconf 81' lang='grc' dir='ltr'><strong>ζῶμεν,</strong></span> <span class='ocrx_word' id='word_1_375' title='bbox 795 4397 930 4452; x_wconf 87' lang='grc' dir='ltr'><strong>ἀλλά</strong></span> <span class='ocrx_word' id='word_1_376' title='bbox 954 4397 1032 4469; x_wconf 83' lang='grc' dir='ltr'><strong>τῷ</strong></span> <span class='ocrx_word' id='word_1_377' title='bbox 1055 4398 1365 4470; x_wconf 84' lang='grc' dir='ltr'><strong>ὑπέρήμῶν</strong></span> <span class='ocrx_word' id='word_1_378' title='bbox 1387 4399 1706 4453; x_wconf 84' lang='grc' dir='ltr'><strong>ἀποθανόντι</strong></span> <span class='ocrx_word' id='word_1_379' title='bbox 1729 4402 1821 4453; x_wconf 73' lang='grc' dir='ltr'><strong>καὶ</strong></span> <span class='ocrx_word' id='word_1_380' title='bbox 1847 4403 2001 4471; x_wconf 81' lang='grc' dir='ltr'><strong>ἐγερ-</strong></span> 
     </span>
    </p>
   </div>
   <div class='ocr_carea' id='block_1_51' title="bbox 425 4480 1996 4552">
    <p class='ocr_par' dir='ltr' id='par_1_51' title="bbox 425 4480 1996 4552">
     <span class='ocr_line' id='line_1_51' title="bbox 425 4480 1996 4552; baseline 0 -18"><span class='ocrx_word' id='word_1_381' title='bbox 425 4480 590 4536; x_wconf 85' lang='grc' dir='ltr'><strong>θέντι.</strong></span> <span class='ocrx_word' id='word_1_382' title='bbox 623 4481 732 4535; x_wconf 70' lang='grc' dir='ltr'><strong>Καὶ</strong></span> <span class='ocrx_word' id='word_1_383' title='bbox 765 4481 903 4544; x_wconf 88' lang='grc' dir='ltr'><strong>πῶς,</strong></span> <span class='ocrx_word' id='word_1_384' title='bbox 935 4481 1090 4551; x_wconf 73' lang='grc' dir='ltr'><strong>φησί,</strong></span> <span class='ocrx_word' id='word_1_385' title='bbox 1125 4481 1470 4552; x_wconf 87' lang='grc' dir='ltr'><strong>δυνησόμεθα</strong></span> <span class='ocrx_word' id='word_1_386' title='bbox 1518 4482 1593 4552; x_wconf 84' lang='grc' dir='ltr'><strong>μὴ</strong></span> <span class='ocrx_word' id='word_1_387' title='bbox 1627 4483 1838 4546; x_wconf 80' lang='grc' dir='ltr'><strong>ἑαυτοῖς</strong></span> <span class='ocrx_word' id='word_1_388' title='bbox 1868 4483 1996 4552; x_wconf 79' lang='grc' dir='ltr'><strong>ζῇν;</strong></span> 
     </span>
    </p>
   </div>
   <div class='ocr_carea' id='block_1_52' title="bbox 429 4563 2001 4635">
    <p class='ocr_par' dir='ltr' id='par_1_52' title="bbox 429 4563 2001 4635">
     <span class='ocr_line' id='line_1_52' title="bbox 429 4563 2001 4635; baseline 0.001 -17"><span class='ocrx_word' id='word_1_389' title='bbox 429 4565 627 4619; x_wconf 74' lang='grc' dir='ltr'><strong>Ἄκουε</strong></span> <span class='ocrx_word' id='word_1_390' title='bbox 653 4565 748 4618; x_wconf 89' lang='grc' dir='ltr'><strong>τοῦ</strong></span> <span class='ocrx_word' id='word_1_391' title='bbox 781 4564 1047 4635; x_wconf 85' lang='grc' dir='ltr'><strong>μακαρίου</strong></span> <span class='ocrx_word' id='word_1_392' title='bbox 1075 4563 1264 4617; x_wconf 89' lang='grc' dir='ltr'><strong>τούτου</strong></span> <span class='ocrx_word' id='word_1_393' title='bbox 1301 4565 1462 4619; x_wconf 88' lang='grc' dir='ltr'><strong>πάλιν</strong></span> <span class='ocrx_word' id='word_1_394' title='bbox 1495 4564 1744 4634; x_wconf 85' lang='grc' dir='ltr'><strong>λέγοντος</strong></span> <span class='ocrx_word' id='word_1_395' title='bbox 1763 4585 1774 4597; x_wconf 91' lang='grc'><strong>·</strong></span> <span class='ocrx_word' id='word_1_396' title='bbox 1811 4565 1903 4619; x_wconf 91' lang='grc' dir='ltr'><strong>Ζῶ</strong></span> <span class='ocrx_word' id='word_1_397' title='bbox 1933 4566 2001 4620; x_wconf 78' lang='grc' dir='ltr'><strong>δὲ</strong></span> 
     </span>
    </p>
   </div>
   <div class='ocr_carea' id='block_1_53' title="bbox 426 4646 2000 4721">
    <p class='ocr_par' dir='ltr' id='par_1_53' title="bbox 426 4646 2000 4721">
     <span class='ocr_line' id='line_1_53' title="bbox 426 4646 2000 4721; baseline 0.003 -21"><span class='ocrx_word' id='word_1_398' title='bbox 426 4650 539 4703; x_wconf 83' lang='grc' dir='ltr'><strong>οὐκ</strong></span> <span class='ocrx_word' id='word_1_399' title='bbox 571 4648 659 4702; x_wconf 81' lang='grc' dir='ltr'><strong>ἐτι</strong></span> <span class='ocrx_word' id='word_1_400' title='bbox 687 4647 824 4719; x_wconf 76' lang='grc' dir='ltr'><strong>ἐγὼ,</strong></span> <span class='ocrx_word' id='word_1_401' title='bbox 850 4646 918 4716; x_wconf 77' lang='grc' dir='ltr'><strong>ζῇ</strong></span> <span class='ocrx_word' id='word_1_402' title='bbox 943 4647 1011 4702; x_wconf 73' lang='grc' dir='ltr'><strong>δὲ</strong></span> <span class='ocrx_word' id='word_1_403' title='bbox 1045 4649 1116 4702; x_wconf 82' lang='grc' dir='ltr'><strong>ἐν</strong></span> <span class='ocrx_word' id='word_1_404' title='bbox 1135 4648 1264 4718; x_wconf 76' lang='grc' dir='ltr'><strong>ἐμοὶ</strong></span> <span class='ocrx_word' id='word_1_405' title='bbox 1297 4651 1573 4718; x_wconf 85' lang='grc' dir='ltr'><strong>Χριστός.</strong></span> <span class='ocrx_word' id='word_1_406' title='bbox 1592 4649 1733 4721; x_wconf 84' lang='grc' dir='ltr'><strong>ὀρα</strong></span> <span class='ocrx_word' id='word_1_407' title='bbox 1764 4649 1881 4714; x_wconf 88' lang='grc' dir='ltr'><strong>πῶς</strong></span> <span class='ocrx_word' id='word_1_408' title='bbox 1908 4653 2000 4706; x_wconf 78' lang='grc' dir='ltr'><strong>ἐπὶ</strong></span> 
     </span>
    </p>
   </div>
   <div class='ocr_carea' id='block_1_54' title="bbox 427 4731 2000 4806">
    <p class='ocr_par' dir='ltr' id='par_1_54' title="bbox 427 4731 2000 4806">
     <span class='ocr_line' id='line_1_54' title="bbox 427 4731 2000 4806; baseline 0.002 -21"><span class='ocrx_word' id='word_1_409' title='bbox 427 4731 530 4801; x_wconf 87' lang='grc' dir='ltr'><strong>γῆς</strong></span> <span class='ocrx_word' id='word_1_410' title='bbox 564 4731 794 4801; x_wconf 77' lang='grc' dir='ltr'><strong>βαδίζων</strong></span> <span class='ocrx_word' id='word_1_411' title='bbox 815 4733 910 4786; x_wconf 71' lang='grc' dir='ltr'><strong>καὶ</strong></span> <span class='ocrx_word' id='word_1_412' title='bbox 928 4732 1090 4803; x_wconf 75' lang='grc' dir='ltr'><strong>σαρκὶ</strong></span> <span class='ocrx_word' id='word_1_413' title='bbox 1107 4732 1618 4804; x_wconf 89' lang='grc' dir='ltr'><strong>συμπεπλεγμένος,</strong></span> <span class='ocrx_word' id='word_1_414' title='bbox 1637 4735 1887 4806; x_wconf 91' lang='grc' dir='ltr'><strong>καθάπερ</strong></span> <span class='ocrx_word' id='word_1_415' title='bbox 1909 4735 2000 4788; x_wconf 92' lang='grc' dir='ltr'><strong>τὸν</strong></span> 
     </span>
    </p>
   </div>
   <div class='ocr_carea' id='block_1_55' title="bbox 427 4813 2002 4889">
    <p class='ocr_par' dir='ltr' id='par_1_55' title="bbox 427 4813 2002 4889">
     <span class='ocr_line' id='line_1_55' title="bbox 427 4813 2002 4889; baseline 0.004 -24"><span class='ocrx_word' id='word_1_416' title='bbox 427 4813 653 4882; x_wconf 84' lang='grc' dir='ltr'><strong>οὑρανὸν</strong></span> <span class='ocrx_word' id='word_1_417' title='bbox 681 4815 865 4882; x_wconf 87' lang='grc' dir='ltr'><strong>οἰκῶν,</strong></span> <span class='ocrx_word' id='word_1_418' title='bbox 895 4816 988 4870; x_wconf 74' lang='grc' dir='ltr'><strong>καὶ</strong></span> <span class='ocrx_word' id='word_1_419' title='bbox 1011 4818 1132 4880; x_wconf 91' lang='grc' dir='ltr'><strong>ταῖς</strong></span> <span class='ocrx_word' id='word_1_420' title='bbox 1162 4816 1473 4888; x_wconf 87' lang='grc' dir='ltr'><strong>ἀσωμάτοις</strong></span> <span class='ocrx_word' id='word_1_421' title='bbox 1499 4819 2002 4889; x_wconf 81' lang='grc' dir='ltr'><strong>συναναστρεφόμε-</strong></span> 
     </span>
    </p>
   </div>
   <div class='ocr_carea' id='block_1_56' title="bbox 429 4893 2002 4970">
    <p class='ocr_par' dir='ltr' id='par_1_56' title="bbox 429 4893 2002 4970">
     <span class='ocr_line' id='line_1_56' title="bbox 429 4893 2002 4970; baseline 0.006 -23"><span class='ocrx_word' id='word_1_422' title='bbox 429 4910 518 4956; x_wconf 90' lang='grc' dir='ltr'><strong>νος</strong></span> <span class='ocrx_word' id='word_1_423' title='bbox 540 4893 850 4966; x_wconf 88' lang='grc' dir='ltr'><strong>δυνάμεσιν,</strong></span> <span class='ocrx_word' id='word_1_424' title='bbox 874 4897 1014 4951; x_wconf 83' lang='grc' dir='ltr'><strong>οὑτω</strong></span> <span class='ocrx_word' id='word_1_425' title='bbox 1028 4899 1277 4952; x_wconf 88' lang='grc' dir='ltr'><strong>διέκειτο.</strong></span> <span class='ocrx_word' id='word_1_426' title='bbox 1297 4899 1395 4952; x_wconf 80' lang='grc' dir='ltr'><strong>Διά</strong></span> <span class='ocrx_word' id='word_1_427' title='bbox 1414 4899 1571 4953; x_wconf 87' lang='grc' dir='ltr'><strong>τοῦτο</strong></span> <span class='ocrx_word' id='word_1_428' title='bbox 1587 4899 1819 4970; x_wconf 78' lang='grc' dir='ltr'><strong>ἀλλαχοῦ</strong></span> <span class='ocrx_word' id='word_1_429' title='bbox 1839 4901 2002 4956; x_wconf 88' lang='grc' dir='ltr'><strong>πάλιν</strong></span> 
     </span>
    </p>
   </div>
   <div class='ocr_carea' id='block_1_57' title="bbox 430 4975 2004 5050">
    <p class='ocr_par' dir='ltr' id='par_1_57' title="bbox 430 4975 2004 5050">
     <span class='ocr_line' id='line_1_57' title="bbox 430 4975 2004 5050; baseline 0.006 -22"><span class='ocrx_word' id='word_1_430' title='bbox 430 4975 614 5044; x_wconf 77' lang='grc' dir='ltr'><strong>ἔλεγεν</strong></span> <span class='ocrx_word' id='word_1_431' title='bbox 630 4991 645 5007; x_wconf 78' lang='grc' dir='ltr'><strong>ο</strong></span> <span class='ocrx_word' id='word_1_432' title='bbox 676 4981 737 5032; x_wconf 81' lang='lat' dir='ltr'><em>Ol</em></span> <span class='ocrx_word' id='word_1_433' title='bbox 758 4978 824 5032; x_wconf 86' lang='grc' dir='ltr'><strong>δὲ</strong></span> <span class='ocrx_word' id='word_1_434' title='bbox 844 4981 948 5034; x_wconf 87' lang='grc' dir='ltr'><strong>τοῦ</strong></span> <span class='ocrx_word' id='word_1_435' title='bbox 967 4981 1244 5050; x_wconf 83' lang='grc' dir='ltr'><strong>Χριστοῦ,</strong></span> <span class='ocrx_word' id='word_1_436' title='bbox 1267 4981 1381 5050; x_wconf 79' lang='grc' dir='ltr'><strong>τὴν</strong></span> <span class='ocrx_word' id='word_1_437' title='bbox 1393 4981 1591 5050; x_wconf 80' lang='grc' dir='ltr'><strong>σάρκα</strong></span> <span class='ocrx_word' id='word_1_438' title='bbox 1610 4983 2004 5050; x_wconf 80' lang='grc' dir='ltr'><strong>ἐσταύρωσαν</strong></span> 
     </span>
    </p>
   </div>
   <div class='ocr_carea' id='block_1_58' title="bbox 430 5057 2005 5138">
    <p class='ocr_par' dir='ltr' id='par_1_58' title="bbox 430 5057 2005 5138">
     <span class='ocr_line' id='line_1_58' title="bbox 430 5057 2005 5138; baseline 0.005 -26"><span class='ocrx_word' id='word_1_439' title='bbox 430 5057 554 5112; x_wconf 81' lang='grc' dir='ltr'><strong>σὺν</strong></span> <span class='ocrx_word' id='word_1_440' title='bbox 572 5057 695 5126; x_wconf 84' lang='grc' dir='ltr'><strong>τοῖς</strong></span> <span class='ocrx_word' id='word_1_441' title='bbox 721 5061 1027 5131; x_wconf 82' lang='grc' dir='ltr'><strong>παθήμασι</strong></span> <span class='ocrx_word' id='word_1_442' title='bbox 1056 5064 1155 5118; x_wconf 85' lang='grc' dir='ltr'><strong>καί</strong></span> <span class='ocrx_word' id='word_1_443' title='bbox 1179 5063 1307 5131; x_wconf 83' lang='grc' dir='ltr'><strong>ταῖς</strong></span> <span class='ocrx_word' id='word_1_444' title='bbox 1322 5065 1680 5138; x_wconf 70' lang='grc' dir='ltr'><strong>ἐπιθυμίαις.</strong></span> <span class='ocrx_word' id='word_1_445' title='bbox 1699 5065 1870 5119; x_wconf 89' lang='grc' dir='ltr'><strong>Τοῦτο</strong></span> <span class='ocrx_word' id='word_1_446' title='bbox 1896 5066 2005 5120; x_wconf 86' lang='grc' dir='ltr'><strong>τοί-</strong></span> 
     </span>
    </p>
   </div>
   <div class='ocr_carea' id='block_1_59' title="bbox 431 5140 2002 5218">
    <p class='ocr_par' dir='ltr' id='par_1_59' title="bbox 431 5140 2002 5218">
     <span class='ocr_line' id='line_1_59' title="bbox 431 5140 2002 5218; baseline 0.007 -27"><span class='ocrx_word' id='word_1_447' title='bbox 431 5157 527 5193; x_wconf 89' lang='grc' dir='ltr'><strong>νυν</strong></span> <span class='ocrx_word' id='word_1_448' title='bbox 541 5140 657 5194; x_wconf 75' lang='grc' dir='ltr'><strong>ἐστὶ</strong></span> <span class='ocrx_word' id='word_1_449' title='bbox 676 5142 733 5196; x_wconf 89' lang='grc' dir='ltr'><strong>τὸ</strong></span> <span class='ocrx_word' id='word_1_450' title='bbox 764 5143 838 5215; x_wconf 82' lang='grc' dir='ltr'><strong>μὴ</strong></span> <span class='ocrx_word' id='word_1_451' title='bbox 862 5145 1074 5210; x_wconf 77' lang='grc' dir='ltr'><strong>ἑαυτοῖς</strong></span> <span class='ocrx_word' id='word_1_452' title='bbox 1102 5147 1221 5218; x_wconf 80' lang='grc' dir='ltr'><strong>ζῇν,</strong></span> <span class='ocrx_word' id='word_1_453' title='bbox 1241 5146 1378 5200; x_wconf 88' lang='grc' dir='ltr'><strong>ἀλλά</strong></span> <span class='ocrx_word' id='word_1_454' title='bbox 1405 5145 1483 5217; x_wconf 79' lang='grc' dir='ltr'><strong>τῷ</strong></span> <span class='ocrx_word' id='word_1_455' title='bbox 1514 5147 1654 5218; x_wconf 84' lang='grc' dir='ltr'><strong>ὑπὲρ</strong></span> <span class='ocrx_word' id='word_1_456' title='bbox 1686 5147 1844 5218; x_wconf 84' lang='grc' dir='ltr'><strong>ἡμῶν</strong></span> <span class='ocrx_word' id='word_1_457' title='bbox 1867 5149 2002 5202; x_wconf 86' lang='grc' dir='ltr'><strong>ἀπο-</strong></span> 
     </span>
    </p>
   </div>
   <div class='ocr_carea' id='block_1_60' title="bbox 432 5222 2003 5301">
    <p class='ocr_par' dir='ltr' id='par_1_60' title="bbox 432 5222 2003 5301">
     <span class='ocr_line' id='line_1_60' title="bbox 432 5222 2003 5301; baseline 0.004 -24"><span class='ocrx_word' id='word_1_458' title='bbox 432 5222 644 5279; x_wconf 88' lang='grc' dir='ltr'><strong>θανόντι</strong></span> <span class='ocrx_word' id='word_1_459' title='bbox 671 5227 762 5279; x_wconf 72' lang='grc' dir='ltr'><strong>καί</strong></span> <span class='ocrx_word' id='word_1_460' title='bbox 787 5229 878 5296; x_wconf 89' lang='grc' dir='ltr'><strong>ὲγε</strong></span> <span class='ocrx_word' id='word_1_461' title='bbox 888 5227 1084 5299; x_wconf 86' lang='grc' dir='ltr'><strong>ρθέντι,</strong></span> <span class='ocrx_word' id='word_1_462' title='bbox 1111 5231 1238 5285; x_wconf 83' lang='grc' dir='ltr'><strong>ὅταν</strong></span> <span class='ocrx_word' id='word_1_463' title='bbox 1258 5228 1507 5301; x_wconf 85' lang='grc' dir='ltr'><strong>καθάπερ</strong></span> <span class='ocrx_word' id='word_1_464' title='bbox 1535 5230 1718 5299; x_wconf 72' lang='grc' dir='ltr'><strong>νεκροὶ</strong></span> <span class='ocrx_word' id='word_1_465' title='bbox 1737 5224 1886 5300; x_wconf 82' lang='grc' dir='ltr'><strong>ὦμεν</strong></span> <span class='ocrx_word' id='word_1_466' title='bbox 1908 5229 2003 5284; x_wconf 87' lang='grc' dir='ltr'><strong>τοῦ</strong></span> 
     </span>
    </p>
   </div>
   <div class='ocr_carea' id='block_1_61' title="bbox 433 5307 2004 5386">
    <p class='ocr_par' dir='ltr' id='par_1_61' title="bbox 433 5307 2004 5386">
     <span class='ocr_line' id='line_1_61' title="bbox 433 5307 2004 5386; baseline 0.004 -26"><span class='ocrx_word' id='word_1_467' title='bbox 433 5307 700 5378; x_wconf 85' lang='grc' dir='ltr'><strong>παρόντος</strong></span> <span class='ocrx_word' id='word_1_468' title='bbox 729 5309 866 5381; x_wconf 87' lang='grc' dir='ltr'><strong>βίου,</strong></span> <span class='ocrx_word' id='word_1_469' title='bbox 903 5313 995 5366; x_wconf 75' lang='grc' dir='ltr'><strong>καί</strong></span> <span class='ocrx_word' id='word_1_470' title='bbox 1031 5315 1166 5386; x_wconf 92' lang='grc' dir='ltr'><strong>πρὸς</strong></span> <span class='ocrx_word' id='word_1_471' title='bbox 1203 5313 1372 5385; x_wconf 84' lang='grc' dir='ltr'><strong>μηδὲν</strong></span> <span class='ocrx_word' id='word_1_472' title='bbox 1402 5311 1508 5366; x_wconf 85' lang='grc' dir='ltr'><strong>τῶν</strong></span> <span class='ocrx_word' id='word_1_473' title='bbox 1536 5313 1828 5384; x_wconf 81' lang='grc' dir='ltr'><strong>ὁρωμένων</strong></span> <span class='ocrx_word' id='word_1_474' title='bbox 1853 5308 2004 5384; x_wconf 80' lang='grc' dir='ltr'><strong>ὦμεν</strong></span> 
     </span>
    </p>
   </div>
   <div class='ocr_carea' id='block_1_62' title="bbox 432 5390 2005 5467">
    <p class='ocr_par' dir='ltr' id='par_1_62' title="bbox 432 5390 2005 5467">
     <span class='ocr_line' id='line_1_62' title="bbox 432 5390 2005 5467; baseline 0.005 -24"><span class='ocrx_word' id='word_1_475' title='bbox 432 5390 778 5463; x_wconf 80' lang='grc' dir='ltr'><strong>ἐπτοημένοι.</strong></span> <span class='ocrx_word' id='word_1_476' title='bbox 819 5394 920 5448; x_wconf 88' lang='grc' dir='ltr'><strong>Διά</strong></span> <span class='ocrx_word' id='word_1_477' title='bbox 947 5396 1054 5466; x_wconf 80' lang='grc' dir='ltr'><strong>γάρ</strong></span> <span class='ocrx_word' id='word_1_478' title='bbox 1081 5395 1239 5450; x_wconf 81' lang='grc' dir='ltr'><strong>τοῦτο</strong></span> <span class='ocrx_word' id='word_1_479' title='bbox 1264 5398 1292 5448; x_wconf 87' lang='grc' dir='ltr'><strong>ό</strong></span> <span class='ocrx_word' id='word_1_480' title='bbox 1315 5395 1595 5466; x_wconf 85' lang='grc' dir='ltr'><strong>Δεσπότης</strong></span> <span class='ocrx_word' id='word_1_481' title='bbox 1624 5396 1781 5467; x_wconf 81' lang='grc' dir='ltr'><strong>ἡμῶν</strong></span> <span class='ocrx_word' id='word_1_482' title='bbox 1812 5398 2005 5451; x_wconf 76' lang='grc' dir='ltr'><strong>ἐσταυ-</strong></span> 
     </span>
    </p>
   </div>
   <div class='ocr_carea' id='block_1_63' title="bbox 435 5473 2006 5551">
    <p class='ocr_par' dir='ltr' id='par_1_63' title="bbox 435 5473 2006 5551">
     <span class='ocr_line' id='line_1_63' title="bbox 435 5473 2006 5551; baseline 0.004 -24"><span class='ocrx_word' id='word_1_483' title='bbox 435 5473 604 5546; x_wconf 79' lang='grc' dir='ltr'><strong>ρώθη,</strong></span> <span class='ocrx_word' id='word_1_484' title='bbox 635 5476 722 5529; x_wconf 81' lang='grc' dir='ltr'><strong>ἵνα</strong></span> <span class='ocrx_word' id='word_1_485' title='bbox 755 5477 876 5531; x_wconf 77' lang='grc' dir='ltr'><strong>ἀντὶ</strong></span> <span class='ocrx_word' id='word_1_486' title='bbox 899 5477 1102 5547; x_wconf 82' lang='grc' dir='ltr'><strong>ταύτης</strong></span> <span class='ocrx_word' id='word_1_487' title='bbox 1128 5479 1224 5549; x_wconf 87' lang='grc' dir='ltr'><strong>τῆς</strong></span> <span class='ocrx_word' id='word_1_488' title='bbox 1250 5479 1395 5550; x_wconf 83' lang='grc' dir='ltr'><strong>ζωῆς</strong></span> <span class='ocrx_word' id='word_1_489' title='bbox 1424 5479 1636 5551; x_wconf 84' lang='grc' dir='ltr'><strong>ἐκείνην</strong></span> <span class='ocrx_word' id='word_1_490' title='bbox 1666 5479 2006 5546; x_wconf 82' lang='grc' dir='ltr'><strong>ἀνταλλαξώ-</strong></span> 
     </span>
    </p>
   </div>
   <div class='ocr_carea' id='block_1_64' title="bbox 435 5558 2009 5635">
    <p class='ocr_par' dir='ltr' id='par_1_64' title="bbox 435 5558 2009 5635">
     <span class='ocr_line' id='line_1_64' title="bbox 435 5558 2009 5635; baseline 0.004 -23"><span class='ocrx_word' id='word_1_491' title='bbox 435 5558 602 5621; x_wconf 82' lang='grc' dir='ltr'><strong>μεθα’</strong></span> <span class='ocrx_word' id='word_1_492' title='bbox 630 5559 831 5629; x_wconf 78' lang='grc' dir='ltr'><strong>μᾶλλον</strong></span> <span class='ocrx_word' id='word_1_493' title='bbox 854 5558 932 5623; x_wconf 85' lang='grc' dir='ltr'><strong>δὲ,</strong></span> <span class='ocrx_word' id='word_1_494' title='bbox 951 5559 1038 5614; x_wconf 79' lang='grc' dir='ltr'><strong>ἵνα</strong></span> <span class='ocrx_word' id='word_1_495' title='bbox 1070 5559 1159 5612; x_wconf 87' lang='grc' dir='ltr'><strong>διὰ</strong></span> <span class='ocrx_word' id='word_1_496' title='bbox 1181 5561 1383 5632; x_wconf 82' lang='grc' dir='ltr'><strong>ταύτης</strong></span> <span class='ocrx_word' id='word_1_497' title='bbox 1406 5563 1621 5633; x_wconf 84' lang='grc' dir='ltr'><strong>ἐκείνην</strong></span> <span class='ocrx_word' id='word_1_498' title='bbox 1639 5564 1848 5626; x_wconf 81' lang='grc' dir='ltr'><strong>ἑαυτοῖς</strong></span> <span class='ocrx_word' id='word_1_499' title='bbox 1868 5581 2009 5635; x_wconf 86' lang='grc' dir='ltr'><strong>πρα-</strong></span> 
     </span>
    </p>
   </div>
   <div class='ocr_carea' id='block_1_65' title="bbox 432 5641 2007 5718">
    <p class='ocr_par' dir='ltr' id='par_1_65' title="bbox 432 5641 2007 5718">
     <span class='ocr_line' id='line_1_65' title="bbox 432 5641 2007 5718; baseline 0.006 -25"><span class='ocrx_word' id='word_1_500' title='bbox 432 5641 892 5712; x_wconf 84' lang='grc' dir='ltr'><strong>γματευσώμεθα.</strong></span> <span class='ocrx_word' id='word_1_501' title='bbox 924 5641 987 5695; x_wconf 83' lang='grc' dir='ltr'><strong><em>Ἥ</em></strong></span> <span class='ocrx_word' id='word_1_502' title='bbox 1013 5642 1122 5713; x_wconf 87' lang='lat'><strong>7&amp;9</strong></span> <span class='ocrx_word' id='word_1_503' title='bbox 1152 5644 1400 5714; x_wconf 87' lang='grc' dir='ltr'><strong>παροῦσα</strong></span> <span class='ocrx_word' id='word_1_504' title='bbox 1419 5645 1552 5718; x_wconf 76' lang='grc' dir='ltr'><strong>ζωή,</strong></span> <span class='ocrx_word' id='word_1_505' title='bbox 1578 5647 1670 5700; x_wconf 79' lang='grc' dir='ltr'><strong>ἐὰν</strong></span> <span class='ocrx_word' id='word_1_506' title='bbox 1694 5646 2007 5718; x_wconf 83' lang='grc' dir='ltr'><strong>βουλώμεθα</strong></span> 
     </span>
    </p>
   </div>
   <div class='ocr_carea' id='block_1_66' title="bbox 433 5725 2003 5801">
    <p class='ocr_par' dir='ltr' id='par_1_66' title="bbox 433 5725 2003 5801">
     <span class='ocr_line' id='line_1_66' title="bbox 433 5725 2003 5801; baseline 0.004 -21"><span class='ocrx_word' id='word_1_507' title='bbox 433 5727 624 5795; x_wconf 78' lang='grc' dir='ltr'><strong>νήφειν</strong></span> <span class='ocrx_word' id='word_1_508' title='bbox 639 5726 735 5780; x_wconf 73' lang='grc' dir='ltr'><strong>καὶ</strong></span> <span class='ocrx_word' id='word_1_509' title='bbox 753 5725 1134 5798; x_wconf 72' lang='grc' dir='ltr'><strong>ἐγρηγορέναι,</strong></span> <span class='ocrx_word' id='word_1_510' title='bbox 1153 5725 1289 5796; x_wconf 88' lang='grc' dir='ltr'><strong>πρὸς</strong></span> <span class='ocrx_word' id='word_1_511' title='bbox 1316 5727 1413 5799; x_wconf 81' lang='grc' dir='ltr'><strong>τήν</strong></span> <span class='ocrx_word' id='word_1_512' title='bbox 1432 5730 1726 5785; x_wconf 87' lang='grc' dir='ltr'><strong>ἀπόλαυσιν</strong></span> <span class='ocrx_word' id='word_1_513' title='bbox 1748 5731 1846 5801; x_wconf 88' lang='grc' dir='ltr'><strong>τῆς</strong></span> <span class='ocrx_word' id='word_1_514' title='bbox 1873 5731 2003 5786; x_wconf 74' lang='grc' dir='ltr'><strong>αίω⁴</strong></span> 
     </span>
    </p>
   </div>
   <div class='ocr_carea' id='block_1_67' title="bbox 497 5907 1341 5977">
    <p class='ocr_par' dir='ltr' id='par_1_67' title="bbox 497 5907 1341 5977">
     <span class='ocr_line' id='line_1_67' title="bbox 497 5907 1341 5977; baseline -0.002 -18"><span class='ocrx_word' id='word_1_515' title='bbox 497 5911 523 5939; x_wconf 76' lang='grc'><strong><em>⁸</em></strong></span> <span class='ocrx_word' id='word_1_516' title='bbox 549 5907 778 5974; x_wconf 67' lang='lat' dir='ltr'><strong>Quinque</strong></span> <span class='ocrx_word' id='word_1_517' title='bbox 797 5923 912 5966; x_wconf 85' lang='lat' dir='ltr'><strong>mss.</strong></span> <span class='ocrx_word' id='word_1_518' title='bbox 939 5909 1034 5962; x_wconf 85' lang='grc' dir='ltr'><strong>ἀπὸ</strong></span> <span class='ocrx_word' id='word_1_519' title='bbox 1056 5909 1341 5977; x_wconf 70' lang='grc' dir='ltr'><strong>καταϐολῆς,</strong></span> 
     </span>
    </p>
   </div>
   <div class='ocr_carea' id='block_1_68' title="bbox 1442 286 2673 348">
    <p class='ocr_par' dir='ltr' id='par_1_68' title="bbox 1442 286 2673 348">
     <span class='ocr_line' id='line_1_68' title="bbox 1442 286 2673 348; baseline 0.002 -4"><span class='ocrx_word' id='word_1_520' title='bbox 1442 288 1510 345; x_wconf 82' lang='grc' dir='ltr'><strong>ΙΝ</strong></span> <span class='ocrx_word' id='word_1_521' title='bbox 1543 289 1695 346; x_wconf 79' lang='lat' dir='ltr'><strong>CAP.</strong></span> <span class='ocrx_word' id='word_1_522' title='bbox 1729 287 1847 345; x_wconf 80' lang='lat' dir='ltr'>XIII</span> <span class='ocrx_word' id='word_1_523' title='bbox 1884 286 2126 345; x_wconf 82' lang='lat' dir='ltr'><strong>GENES.</strong></span> <span class='ocrx_word' id='word_1_524' title='bbox 2169 289 2401 348; x_wconf 72' lang='lat' dir='ltr'><strong>HOMIL.</strong></span> <span class='ocrx_word' id='word_1_525' title='bbox 2435 290 2673 347; x_wconf 74' lang='lat' dir='ltr'><strong>XXXIV.</strong></span> 
     </span>
    </p>
   </div>
   <div class='ocr_carea' id='block_1_69' title="bbox 3561 291 3680 348">
    <p class='ocr_par' dir='ltr' id='par_1_69' title="bbox 3561 291 3680 348">
     <span class='ocr_line' id='line_1_69' title="bbox 3561 291 3680 348; baseline -0.017 0"><span class='ocrx_word' id='word_1_526' title='bbox 3561 291 3680 348; x_wconf 69' lang='lat'><strong>320</strong></span> 
     </span>
    </p>
   </div>
   <div class='ocr_carea' id='block_1_70' title="bbox 2094 400 3663 478">
    <p class='ocr_par' dir='ltr' id='par_1_70' title="bbox 2094 400 3663 478">
     <span class='ocr_line' id='line_1_70' title="bbox 2094 400 3663 478; baseline -0.002 -23"><span class='ocrx_word' id='word_1_527' title='bbox 2094 402 2206 458; x_wconf 89' lang='grc' dir='ltr'><strong>νίου</strong></span> <span class='ocrx_word' id='word_1_528' title='bbox 2240 404 2384 476; x_wconf 90' lang='grc' dir='ltr'><strong>ζωῆς</strong></span> <span class='ocrx_word' id='word_1_529' title='bbox 2414 407 2560 478; x_wconf 76' lang='grc' dir='ltr'><strong>ἡμᾶς</strong></span> <span class='ocrx_word' id='word_1_530' title='bbox 2600 404 2812 475; x_wconf 79' lang='grc' dir='ltr'><strong>ὁδηγεῖο</strong></span> <span class='ocrx_word' id='word_1_531' title='bbox 2854 405 2945 458; x_wconf 77' lang='grc' dir='ltr'><strong>καῖ</strong></span> <span class='ocrx_word' id='word_1_532' title='bbox 2985 400 3348 476; x_wconf 76' lang='grc' dir='ltr'><strong>δυνησόμεθα,</strong></span> <span class='ocrx_word' id='word_1_533' title='bbox 3385 406 3432 457; x_wconf 80' lang='grc' dir='ltr'><strong>εί</strong></span> <span class='ocrx_word' id='word_1_534' title='bbox 3470 404 3663 475; x_wconf 84' lang='grc' dir='ltr'><strong>βουλη-</strong></span> 
     </span>
    </p>
   </div>
   <div class='ocr_carea' id='block_1_71' title="bbox 2093 487 3692 561">
    <p class='ocr_par' dir='ltr' id='par_1_71' title="bbox 2093 487 3692 561">
     <span class='ocr_line' id='line_1_71' title="bbox 2093 487 3692 561; baseline 0.001 -17"><span class='ocrx_word' id='word_1_535' title='bbox 2093 489 2316 560; x_wconf 84' lang='grc' dir='ltr'><strong>θείημεν</strong></span> <span class='ocrx_word' id='word_1_536' title='bbox 2343 490 2535 561; x_wconf 88' lang='grc' dir='ltr'><strong>μικρὸν</strong></span> <span class='ocrx_word' id='word_1_537' title='bbox 2559 487 2897 560; x_wconf 85' lang='grc' dir='ltr'><strong>διεγερθῆναι</strong></span> <span class='ocrx_word' id='word_1_538' title='bbox 2927 488 3304 553; x_wconf 75' lang='grc' dir='ltr'><strong>καὶ·-διανοῖξαι</strong></span> <span class='ocrx_word' id='word_1_539' title='bbox 3333 488 3395 541; x_wconf 88' lang='grc' dir='ltr'><strong>τὸ</strong></span> <span class='ocrx_word' id='word_1_540' title='bbox 3417 490 3692 560; x_wconf 86' lang='grc' dir='ltr'><strong>τῆς.δια--</strong></span> 
     </span>
    </p>
   </div>
   <div class='ocr_carea' id='block_1_72' title="bbox 2091 571 3694 644">
    <p class='ocr_par' dir='ltr' id='par_1_72' title="bbox 2091 571 3694 644">
     <span class='ocr_line' id='line_1_72' title="bbox 2091 571 3694 644; baseline 0.001 -18"><span class='ocrx_word' id='word_1_541' title='bbox 2091 573 2241 637; x_wconf 88' lang='grc' dir='ltr'><strong>νοίας</strong></span> <span class='ocrx_word' id='word_1_542' title='bbox 2263 571 2435 644; x_wconf 77' lang='grc' dir='ltr'><strong>ὄμμα,</strong></span> <span class='ocrx_word' id='word_1_543' title='bbox 2469 572 2565 641; x_wconf 87' lang='grc' dir='ltr'><strong>τῆς</strong></span> <span class='ocrx_word' id='word_1_544' title='bbox 2599 572 2718 625; x_wconf 85' lang='grc' dir='ltr'><strong>ἐκεῖ</strong></span> <span class='ocrx_word' id='word_1_545' title='bbox 2751 571 2958 642; x_wconf 83' lang='grc' dir='ltr'><strong>λήξεως</strong></span> <span class='ocrx_word' id='word_1_546' title='bbox 2983 572 3081 643; x_wconf 73' lang='grc' dir='ltr'><strong>τήν</strong></span> <span class='ocrx_word' id='word_1_547' title='bbox 3117 572 3324 626; x_wconf 78' lang='grc' dir='ltr'><strong>ἔννοιαν</strong></span> <span class='ocrx_word' id='word_1_548' title='bbox 3346 573 3432 625; x_wconf 85' lang='grc' dir='ltr'><strong>διὰ</strong></span> <span class='ocrx_word' id='word_1_549' title='bbox 3469 574 3694 638; x_wconf 86' lang='grc' dir='ltr'><strong>παντὸς·</strong></span> 
     </span>
    </p>
   </div>
   <div class='ocr_carea' id='block_1_73' title="bbox 2090 653 3668 727">
    <p class='ocr_par' dir='ltr' id='par_1_73' title="bbox 2090 653 3668 727">
     <span class='ocr_line' id='line_1_73' title="bbox 2090 653 3668 727; baseline -0.001 -17"><span class='ocrx_word' id='word_1_550' title='bbox 2090 655 2312 726; x_wconf 88' lang='grc' dir='ltr'><strong>τρέφειν</strong></span> <span class='ocrx_word' id='word_1_551' title='bbox 2335 656 2462 727; x_wconf 88' lang='grc' dir='ltr'><strong>παρ’</strong></span> <span class='ocrx_word' id='word_1_552' title='bbox 2487 655 2719 721; x_wconf 77' lang='grc' dir='ltr'><strong>ἑαυτοῖς,</strong></span> <span class='ocrx_word' id='word_1_553' title='bbox 2746 655 2840 709; x_wconf 75' lang='grc' dir='ltr'><strong>καὶ</strong></span> <span class='ocrx_word' id='word_1_554' title='bbox 2855 653 2999 709; x_wconf 76' lang='grc' dir='ltr'><strong>οὕτω</strong></span> <span class='ocrx_word' id='word_1_555' title='bbox 3015 654 3083 708; x_wconf 78' lang='grc' dir='ltr'><strong>τὰ</strong></span> <span class='ocrx_word' id='word_1_556' title='bbox 3107 655 3203 725; x_wconf 82' lang='grc' dir='ltr'><strong>μὲν</strong></span> <span class='ocrx_word' id='word_1_557' title='bbox 3225 655 3479 726; x_wconf 80' lang='grc' dir='ltr'><strong>ὁρώμενα</strong></span> <span class='ocrx_word' id='word_1_558' title='bbox 3496 673 3668 727; x_wconf 80' lang='grc' dir='ltr'><strong>παρα-</strong></span> 
     </span>
    </p>
   </div>
   <div class='ocr_carea' id='block_1_74' title="bbox 2090 745 3692 818">
    <p class='ocr_par' dir='ltr' id='par_1_74' title="bbox 2090 745 3692 818">
     <span class='ocr_line' id='line_1_74' title="bbox 2090 745 3692 818; baseline -0.004 -16"><span class='ocrx_word' id='word_1_559' title='bbox 2090 747 2306 818; x_wconf 86' lang='grc' dir='ltr'><strong>τρέχειν</strong></span> <span class='ocrx_word' id='word_1_560' title='bbox 2345 748 2440 802; x_wconf 72' lang='grc' dir='ltr'><strong>καὶ</strong></span> <span class='ocrx_word' id='word_1_561' title='bbox 2473 745 2896 818; x_wconf 87' lang='grc' dir='ltr'><strong>ὑπερίπτασθαι,</strong></span> <span class='ocrx_word' id='word_1_562' title='bbox 2927 746 3060 818; x_wconf 86' lang='grc' dir='ltr'><strong>πρὸς</strong></span> <span class='ocrx_word' id='word_1_563' title='bbox 3093 746 3151 797; x_wconf 81' lang='grc' dir='ltr'><strong>δὲ</strong></span> <span class='ocrx_word' id='word_1_564' title='bbox 3184 745 3254 798; x_wconf 86' lang='grc' dir='ltr'><strong>τά</strong></span> <span class='ocrx_word' id='word_1_565' title='bbox 3283 745 3692 816; x_wconf 54' lang='grc' dir='ltr'><strong>μέλλοντανκαὶ.</strong></span> 
     </span>
    </p>
   </div>
   <div class='ocr_carea' id='block_1_75' title="bbox 2091 827 3670 899">
    <p class='ocr_par' dir='ltr' id='par_1_75' title="bbox 2091 827 3670 899">
     <span class='ocr_line' id='line_1_75' title="bbox 2091 827 3670 899; baseline -0.001 -15"><span class='ocrx_word' id='word_1_566' title='bbox 2091 830 2466 896; x_wconf 86' lang='grc' dir='ltr'><strong>διαιωνίζοντα</strong></span> <span class='ocrx_word' id='word_1_567' title='bbox 2489 830 2686 884; x_wconf 83' lang='grc' dir='ltr'><strong>τείνειν</strong></span> <span class='ocrx_word' id='word_1_568' title='bbox 2709 829 2802 882; x_wconf 91' lang='grc' dir='ltr'><strong>τὸν</strong></span> <span class='ocrx_word' id='word_1_569' title='bbox 2823 828 3101 899; x_wconf 82' lang='grc' dir='ltr'><strong>λογισμόν·</strong></span> <span class='ocrx_word' id='word_1_570' title='bbox 3129 827 3380 899; x_wconf 86' lang='grc' dir='ltr'><strong>καθάπερ</strong></span> <span class='ocrx_word' id='word_1_571' title='bbox 3404 828 3498 882; x_wconf 76' lang='grc' dir='ltr'><strong>καὶ</strong></span> <span class='ocrx_word' id='word_1_572' title='bbox 3525 830 3554 882; x_wconf 87' lang='grc' dir='ltr'><strong>ό</strong></span> <span class='ocrx_word' id='word_1_573' title='bbox 3574 845 3670 898; x_wconf 84' lang='grc' dir='ltr'><strong>μα-</strong></span> 
     </span>
    </p>
   </div>
   <div class='ocr_carea' id='block_1_76' title="bbox 2093 905 3696 984">
    <p class='ocr_par' dir='ltr' id='par_1_76' title="bbox 2093 905 3696 984">
     <span class='ocr_line' id='line_1_76' title="bbox 2093 905 3696 984; baseline -0.002 -17"><span class='ocrx_word' id='word_1_574' title='bbox 2093 913 2284 984; x_wconf 87' lang='grc' dir='ltr'><strong>κάριος</strong></span> <span class='ocrx_word' id='word_1_575' title='bbox 2310 905 2464 978; x_wconf 73' lang='grc' dir='ltr'><strong>οὗτος</strong></span> <span class='ocrx_word' id='word_1_576' title='bbox 2491 911 2759 967; x_wconf 85' lang='grc' dir='ltr'><strong>παιδεύων</strong></span> <span class='ocrx_word' id='word_1_577' title='bbox 2785 913 2930 984; x_wconf 81' lang='grc' dir='ltr'><strong>ἡμᾶς</strong></span> <span class='ocrx_word' id='word_1_578' title='bbox 2951 910 3154 978; x_wconf 74' lang='grc' dir='ltr'><strong>ἐλεγενο</strong></span> <span class='ocrx_word' id='word_1_579' title='bbox 3193 913 3253 963; x_wconf 90' lang='grc' dir='ltr'><em>Ὃ</em></span> <span class='ocrx_word' id='word_1_580' title='bbox 3279 909 3346 963; x_wconf 84' lang='grc' dir='ltr'><strong>δὲ</strong></span> <span class='ocrx_word' id='word_1_581' title='bbox 3365 911 3482 965; x_wconf 86' lang='grc' dir='ltr'><strong>νῦν</strong></span> <span class='ocrx_word' id='word_1_582' title='bbox 3501 909 3574 971; x_wconf 77' lang='grc' dir='ltr'><strong>ζῶ</strong></span> <span class='ocrx_word' id='word_1_583' title='bbox 3600 912 3696 964; x_wconf 77' lang='grc' dir='ltr'><strong>ἐν-</strong></span> 
     </span>
    </p>
   </div>
   <div class='ocr_carea' id='block_1_77' title="bbox 2092 992 3671 1065">
    <p class='ocr_par' dir='ltr' id='par_1_77' title="bbox 2092 992 3671 1065">
     <span class='ocr_line' id='line_1_77' title="bbox 2092 992 3671 1065; baseline -0.003 -15"><span class='ocrx_word' id='word_1_584' title='bbox 2092 997 2295 1065; x_wconf 73' lang='lat' dir='ltr'><strong>cmpr</strong></span> <span class='ocrx_word' id='word_1_585' title='bbox 2315 997 2596 1051; x_wconf 82' lang='grc' dir='ltr'><strong>ἐνπίστει</strong></span> <span class='ocrx_word' id='word_1_586' title='bbox 2619 995 2690 1056; x_wconf 75' lang='grc' dir='ltr'><strong>ζῶ</strong></span> <span class='ocrx_word' id='word_1_587' title='bbox 2712 995 2787 1065; x_wconf 77' lang='grc' dir='ltr'><strong>τῇ</strong></span> <span class='ocrx_word' id='word_1_588' title='bbox 2807 994 2912 1049; x_wconf 89' lang='grc' dir='ltr'><strong>τοῦ</strong></span> <span class='ocrx_word' id='word_1_589' title='bbox 2940 993 3078 1048; x_wconf 80' lang='grc' dir='ltr'><strong>Υιοῦ</strong></span> <span class='ocrx_word' id='word_1_590' title='bbox 3102 993 3205 1047; x_wconf 91' lang='grc' dir='ltr'><strong>τοῦ</strong></span> <span class='ocrx_word' id='word_1_591' title='bbox 3232 993 3378 1046; x_wconf 83' lang='grc' dir='ltr'><strong>Θεοῦ</strong></span> <span class='ocrx_word' id='word_1_592' title='bbox 3407 992 3514 1046; x_wconf 90' lang='grc' dir='ltr'><strong>τοῦ</strong></span> <span class='ocrx_word' id='word_1_593' title='bbox 3529 994 3671 1061; x_wconf 82' lang='grc' dir='ltr'><strong>ἀγα-</strong></span> 
     </span>
    </p>
   </div>
   <div class='ocr_carea' id='block_1_78' title="bbox 2094 1073 3666 1148">
    <p class='ocr_par' dir='ltr' id='par_1_78' title="bbox 2094 1073 3666 1148">
     <span class='ocr_line' id='line_1_78' title="bbox 2094 1073 3666 1148; baseline -0.003 -16"><span class='ocrx_word' id='word_1_594' title='bbox 2094 1080 2407 1148; x_wconf 81' lang='grc' dir='ltr'><strong>πήσαντός</strong></span> <span class='ocrx_word' id='word_1_595' title='bbox 2434 1096 2531 1148; x_wconf 84' lang='grc' dir='ltr'><strong>με,</strong></span> <span class='ocrx_word' id='word_1_596' title='bbox 2559 1079 2657 1132; x_wconf 86' lang='grc' dir='ltr'><strong>καί</strong></span> <span class='ocrx_word' id='word_1_597' title='bbox 2691 1077 3060 1147; x_wconf 81' lang='grc' dir='ltr'><strong>παραδόντος</strong></span> <span class='ocrx_word' id='word_1_598' title='bbox 3080 1076 3295 1129; x_wconf 80' lang='grc' dir='ltr'><strong>ἑαυτὸν</strong></span> <span class='ocrx_word' id='word_1_599' title='bbox 3319 1074 3473 1143; x_wconf 84' lang='grc' dir='ltr'><strong>ὑπὲρ</strong></span> <span class='ocrx_word' id='word_1_600' title='bbox 3501 1073 3666 1144; x_wconf 87' lang='grc' dir='ltr'><strong>ἐμοῦ.</strong></span> 
     </span>
    </p>
   </div>
   <div class='ocr_carea' id='block_1_79' title="bbox 2172 1157 3671 1234">
    <p class='ocr_par' dir='ltr' id='par_1_79' title="bbox 2172 1157 3671 1234">
     <span class='ocr_line' id='line_1_79' title="bbox 2172 1157 3671 1234; baseline -0.005 -17"><span class='ocrx_word' id='word_1_601' title='bbox 2172 1163 2404 1234; x_wconf 85' lang='grc' dir='ltr'><strong>ς’.”’ορα</strong></span> <span class='ocrx_word' id='word_1_602' title='bbox 2427 1161 2603 1232; x_wconf 65' lang='grc' dir='ltr'><strong>ψυχὴν</strong></span> <span class='ocrx_word' id='word_1_603' title='bbox 2633 1161 3052 1232; x_wconf 85' lang='grc' dir='ltr'><strong>πεπυρωμένην,</strong></span> <span class='ocrx_word' id='word_1_604' title='bbox 3087 1159 3189 1230; x_wconf 81' lang='grc' dir='ltr'><strong>ὅρα</strong></span> <span class='ocrx_word' id='word_1_605' title='bbox 3220 1157 3477 1228; x_wconf 86' lang='grc' dir='ltr'><strong>λογισμὸν</strong></span> <span class='ocrx_word' id='word_1_606' title='bbox 3509 1161 3671 1210; x_wconf 78' lang='grc' dir='ltr'><strong>ἐπτε-</strong></span> 
     </span>
    </p>
   </div>
   <div class='ocr_carea' id='block_1_80' title="bbox 2097 1239 3672 1316">
    <p class='ocr_par' dir='ltr' id='par_1_80' title="bbox 2097 1239 3672 1316">
     <span class='ocr_line' id='line_1_80' title="bbox 2097 1239 3672 1316; baseline -0.004 -18"><span class='ocrx_word' id='word_1_607' title='bbox 2097 1245 2360 1316; x_wconf 86' lang='grc' dir='ltr'><strong>ρωμένον,</strong></span> <span class='ocrx_word' id='word_1_608' title='bbox 2385 1246 2488 1315; x_wconf 84' lang='grc' dir='ltr'><strong>ὅρα</strong></span> <span class='ocrx_word' id='word_1_609' title='bbox 2522 1243 2759 1298; x_wconf 89' lang='grc' dir='ltr'><strong>διάνοιαν</strong></span> <span class='ocrx_word' id='word_1_610' title='bbox 2789 1241 3245 1314; x_wconf 78' lang='grc' dir='ltr'><strong>ἐκκαιομένηντῷ</strong></span> <span class='ocrx_word' id='word_1_611' title='bbox 3267 1241 3401 1311; x_wconf 77' lang='grc' dir='ltr'><strong>πρὸς</strong></span> <span class='ocrx_word' id='word_1_612' title='bbox 3421 1241 3510 1293; x_wconf 90' lang='grc' dir='ltr'><strong>τὸν</strong></span> <span class='ocrx_word' id='word_1_613' title='bbox 3541 1239 3672 1292; x_wconf 88' lang='grc' dir='ltr'><strong>Θεὸν</strong></span> 
     </span>
    </p>
   </div>
   <div class='ocr_carea' id='block_1_81' title="bbox 2095 1321 3691 1398">
    <p class='ocr_par' dir='ltr' id='par_1_81' title="bbox 2095 1321 3691 1398">
     <span class='ocr_line' id='line_1_81' title="bbox 2095 1321 3691 1398; baseline -0.003 -18"><span class='ocrx_word' id='word_1_614' title='bbox 2095 1327 2264 1397; x_wconf 82' lang='grc' dir='ltr'><strong>πόθῳ.</strong></span> <span class='ocrx_word' id='word_1_615' title='bbox 2291 1329 2352 1380; x_wconf 88' lang='grc' dir='ltr'><strong>Ὃ</strong></span> <span class='ocrx_word' id='word_1_616' title='bbox 2383 1327 2500 1381; x_wconf 81' lang='grc' dir='ltr'><strong>νῦν</strong></span> <span class='ocrx_word' id='word_1_617' title='bbox 2534 1325 2627 1391; x_wconf 78' lang='grc' dir='ltr'><strong>ζῶ,</strong></span> <span class='ocrx_word' id='word_1_618' title='bbox 2665 1326 2850 1398; x_wconf 77' lang='grc' dir='ltr'><strong>φησὶν,</strong></span> <span class='ocrx_word' id='word_1_619' title='bbox 2879 1326 2948 1378; x_wconf 83' lang='grc' dir='ltr'><strong>ἐν</strong></span> <span class='ocrx_word' id='word_1_620' title='bbox 2985 1321 3308 1383; x_wconf 78' lang='grc' dir='ltr'><strong>πίστει-ζῶ.</strong></span> <span class='ocrx_word' id='word_1_621' title='bbox 3343 1323 3433 1394; x_wconf 84' lang='grc' dir='ltr'><strong>Μὴ</strong></span> <span class='ocrx_word' id='word_1_622' title='bbox 3454 1323 3691 1393; x_wconf 81' lang='grc' dir='ltr'><strong>γὰρ-νο·-</strong></span> 
     </span>
    </p>
   </div>
   <div class='ocr_carea' id='block_1_82' title="bbox 2097 1407 3686 1483">
    <p class='ocr_par' dir='ltr' id='par_1_82' title="bbox 2097 1407 3686 1483">
     <span class='ocr_line' id='line_1_82' title="bbox 2097 1407 3686 1483; baseline -0.005 -19"><span class='ocrx_word' id='word_1_623' title='bbox 2097 1410 2295 1483; x_wconf 79' lang='grc' dir='ltr'><strong>μίσητέ</strong></span> <span class='ocrx_word' id='word_1_624' title='bbox 2317 1428 2405 1483; x_wconf 91' lang='grc' dir='ltr'><strong>με,</strong></span> <span class='ocrx_word' id='word_1_625' title='bbox 2427 1410 2584 1481; x_wconf 73' lang='grc' dir='ltr'><strong>φησὶ,</strong></span> <span class='ocrx_word' id='word_1_626' title='bbox 2606 1409 2879 1464; x_wconf 88' lang='grc' dir='ltr'><strong>συντελεῖν</strong></span> <span class='ocrx_word' id='word_1_627' title='bbox 2901 1427 2950 1461; x_wconf 90' lang='grc' dir='ltr'><strong>τι</strong></span> <span class='ocrx_word' id='word_1_628' title='bbox 2969 1410 3048 1471; x_wconf 87' lang='grc' dir='ltr'><strong>εἰς</strong></span> <span class='ocrx_word' id='word_1_629' title='bbox 3065 1407 3132 1460; x_wconf 75' lang='grc' dir='ltr'><strong>τὰ</strong></span> <span class='ocrx_word' id='word_1_630' title='bbox 3155 1407 3247 1460; x_wconf 90' lang='grc' dir='ltr'><strong>τοῦ</strong></span> <span class='ocrx_word' id='word_1_631' title='bbox 3274 1408 3537 1477; x_wconf 85' lang='grc' dir='ltr'><strong>παρόντος</strong></span> <span class='ocrx_word' id='word_1_632' title='bbox 3556 1407 3686 1476; x_wconf 76' lang='grc' dir='ltr'><strong>βίου.</strong></span> 
     </span>
    </p>
   </div>
   <div class='ocr_carea' id='block_1_83' title="bbox 2097 1491 3676 1566">
    <p class='ocr_par' dir='ltr' id='par_1_83' title="bbox 2097 1491 3676 1566">
     <span class='ocr_line' id='line_1_83' title="bbox 2097 1491 3676 1566; baseline -0.004 -18"><span class='ocrx_word' id='word_1_633' title='bbox 2097 1493 2248 1566; x_wconf 67' lang='grc'><strong>[548]</strong></span> <span class='ocrx_word' id='word_1_634' title='bbox 2280 1496 2603 1565; x_wconf 85' lang='grc' dir='ltr'><strong>πράγματα.</strong></span> <span class='ocrx_word' id='word_1_635' title='bbox 2639 1494 2701 1546; x_wconf 90' lang='grc' dir='ltr'><strong>Εἰ</strong></span> <span class='ocrx_word' id='word_1_636' title='bbox 2733 1493 2842 1564; x_wconf 90' lang='lat'><strong>7&amp;9</strong></span> <span class='ocrx_word' id='word_1_637' title='bbox 2881 1493 2973 1545; x_wconf 77' lang='grc' dir='ltr'><strong>καὶ</strong></span> <span class='ocrx_word' id='word_1_638' title='bbox 3002 1492 3179 1561; x_wconf 85' lang='grc' dir='ltr'><strong>σάρκα</strong></span> <span class='ocrx_word' id='word_1_639' title='bbox 3212 1491 3676 1561; x_wconf 71' lang='grc' dir='ltr'><strong>περίκειμαι,Μὶ</strong></span> 
     </span>
    </p>
   </div>
   <div class='ocr_carea' id='block_1_84' title="bbox 2094 1573 3674 1646">
    <p class='ocr_par' dir='ltr' id='par_1_84' title="bbox 2094 1573 3674 1646">
     <span class='ocr_line' id='line_1_84' title="bbox 2094 1573 3674 1646; baseline -0.003 -18"><span class='ocrx_word' id='word_1_640' title='bbox 2094 1579 2216 1640; x_wconf 89' lang='grc' dir='ltr'><strong>ταῖς</strong></span> <span class='ocrx_word' id='word_1_641' title='bbox 2238 1576 2506 1644; x_wconf 83' lang='grc' dir='ltr'><strong>ἀνάγκαις</strong></span> <span class='ocrx_word' id='word_1_642' title='bbox 2528 1577 2627 1646; x_wconf 85' lang='grc' dir='ltr'><strong>τῆς</strong></span> <span class='ocrx_word' id='word_1_643' title='bbox 2648 1576 2861 1644; x_wconf 89' lang='grc' dir='ltr'><strong>φύσεως</strong></span> <span class='ocrx_word' id='word_1_644' title='bbox 2883 1573 3140 1645; x_wconf 82' lang='grc' dir='ltr'><strong>προσδέδε</strong></span> <span class='ocrx_word' id='word_1_645' title='bbox 3149 1591 3267 1643; x_wconf 90' lang='grc' dir='ltr'><strong>μαι,</strong></span> <span class='ocrx_word' id='word_1_646' title='bbox 3287 1573 3402 1626; x_wconf 80' lang='grc' dir='ltr'><strong>ἀλλ’</strong></span> <span class='ocrx_word' id='word_1_647' title='bbox 3419 1575 3476 1624; x_wconf 84' lang='grc' dir='ltr'><strong>ἐν</strong></span> <span class='ocrx_word' id='word_1_648' title='bbox 3495 1573 3674 1625; x_wconf 80' lang='grc' dir='ltr'><strong>πίστει</strong></span> 
     </span>
    </p>
   </div>
   <div class='ocr_carea' id='block_1_85' title="bbox 2097 1655 3670 1729">
    <p class='ocr_par' dir='ltr' id='par_1_85' title="bbox 2097 1655 3670 1729">
     <span class='ocr_line' id='line_1_85' title="bbox 2097 1655 3670 1729; baseline -0.003 -16"><span class='ocrx_word' id='word_1_649' title='bbox 2097 1658 2196 1723; x_wconf 82' lang='grc' dir='ltr'><strong>ζῶ,</strong></span> <span class='ocrx_word' id='word_1_650' title='bbox 2230 1660 2294 1729; x_wconf 78' lang='grc' dir='ltr'><strong>τῇ</strong></span> <span class='ocrx_word' id='word_1_651' title='bbox 2324 1661 2402 1722; x_wconf 90' lang='grc' dir='ltr'><strong>εἰς</strong></span> <span class='ocrx_word' id='word_1_652' title='bbox 2434 1660 2687 1729; x_wconf 85' lang='grc' dir='ltr'><strong>Χριστὸν,</strong></span> <span class='ocrx_word' id='word_1_653' title='bbox 2718 1657 2934 1711; x_wconf 88' lang='grc' dir='ltr'><strong>πάντων</strong></span> <span class='ocrx_word' id='word_1_654' title='bbox 2963 1655 3244 1727; x_wconf 82' lang='grc' dir='ltr'><strong>ὑπερορῶν</strong></span> <span class='ocrx_word' id='word_1_655' title='bbox 3274 1655 3436 1709; x_wconf 62' lang='grc' dir='ltr'><strong>ιντῶν</strong></span> <span class='ocrx_word' id='word_1_656' title='bbox 3469 1657 3670 1726; x_wconf 84' lang='grc' dir='ltr'><strong>παρόν-</strong></span> 
     </span>
    </p>
   </div>
   <div class='ocr_carea' id='block_1_86' title="bbox 2096 1739 3671 1812">
    <p class='ocr_par' dir='ltr' id='par_1_86' title="bbox 2096 1739 3671 1812">
     <span class='ocr_line' id='line_1_86' title="bbox 2096 1739 3671 1812; baseline -0.001 -19"><span class='ocrx_word' id='word_1_657' title='bbox 2096 1757 2224 1808; x_wconf 90' lang='grc' dir='ltr'><strong>των,</strong></span> <span class='ocrx_word' id='word_1_658' title='bbox 2251 1743 2316 1812; x_wconf 80' lang='grc' dir='ltr'><strong>τῇ</strong></span> <span class='ocrx_word' id='word_1_659' title='bbox 2341 1740 2510 1794; x_wconf 81' lang='grc' dir='ltr'><strong>ἐλπίδι</strong></span> <span class='ocrx_word' id='word_1_660' title='bbox 2535 1743 2598 1812; x_wconf 82' lang='grc' dir='ltr'><strong>τῇ</strong></span> <span class='ocrx_word' id='word_1_661' title='bbox 2622 1742 2700 1805; x_wconf 89' lang='grc' dir='ltr'><strong>εἰς</strong></span> <span class='ocrx_word' id='word_1_662' title='bbox 2724 1739 2883 1793; x_wconf 91' lang='grc' dir='ltr'><strong>αὑτὸν</strong></span> <span class='ocrx_word' id='word_1_663' title='bbox 2907 1741 3082 1793; x_wconf 90' lang='grc' dir='ltr'><strong>πάντα</strong></span> <span class='ocrx_word' id='word_1_664' title='bbox 3107 1739 3485 1810; x_wconf 84' lang='grc' dir='ltr'><strong>παρατρέχων.</strong></span> <span class='ocrx_word' id='word_1_665' title='bbox 3521 1741 3671 1792; x_wconf 85' lang='grc' dir='ltr'><strong>ἐκτε-</strong></span> 
     </span>
    </p>
   </div>
   <div class='ocr_carea' id='block_1_87' title="bbox 2095 1818 3674 1895">
    <p class='ocr_par' dir='ltr' id='par_1_87' title="bbox 2095 1818 3674 1895">
     <span class='ocr_line' id='line_1_87' title="bbox 2095 1818 3674 1895; baseline 0.001 -20"><span class='ocrx_word' id='word_1_666' title='bbox 2095 1823 2338 1895; x_wconf 88' lang='grc' dir='ltr'><strong>ταμένην</strong></span> <span class='ocrx_word' id='word_1_667' title='bbox 2362 1821 2470 1894; x_wconf 82' lang='grc' dir='ltr'><strong>ἔχω</strong></span> <span class='ocrx_word' id='word_1_668' title='bbox 2490 1825 2587 1894; x_wconf 79' lang='grc' dir='ltr'><strong>τὴν</strong></span> <span class='ocrx_word' id='word_1_669' title='bbox 2612 1823 2849 1877; x_wconf 89' lang='grc' dir='ltr'><strong>διάνοιαν</strong></span> <span class='ocrx_word' id='word_1_670' title='bbox 2866 1822 3002 1892; x_wconf 89' lang='grc' dir='ltr'><strong>πρὸς</strong></span> <span class='ocrx_word' id='word_1_671' title='bbox 3033 1818 3364 1874; x_wconf 58' lang='grc' dir='ltr'><strong>αὑτόν...Είτα</strong></span> <span class='ocrx_word' id='word_1_672' title='bbox 3387 1821 3474 1875; x_wconf 77' lang='grc' dir='ltr'><strong>ἵνα</strong></span> <span class='ocrx_word' id='word_1_673' title='bbox 3496 1821 3674 1894; x_wconf 80' lang='grc' dir='ltr'><strong>μάθῃς</strong></span> 
     </span>
    </p>
   </div>
   <div class='ocr_carea' id='block_1_88' title="bbox 2097 1903 3672 1977">
    <p class='ocr_par' dir='ltr' id='par_1_88' title="bbox 2097 1903 3672 1977">
     <span class='ocr_line' id='line_1_88' title="bbox 2097 1903 3672 1977; baseline -0.002 -18"><span class='ocrx_word' id='word_1_674' title='bbox 2097 1904 2260 1960; x_wconf 90' lang='grc' dir='ltr'><strong>αὑτοῦ</strong></span> <span class='ocrx_word' id='word_1_675' title='bbox 2276 1903 2372 1959; x_wconf 89' lang='grc' dir='ltr'><strong>τοῦ</strong></span> <span class='ocrx_word' id='word_1_676' title='bbox 2405 1906 2624 1977; x_wconf 78' lang='grc' dir='ltr'><strong>φίλτρου</strong></span> <span class='ocrx_word' id='word_1_677' title='bbox 2648 1904 2746 1976; x_wconf 84' lang='grc' dir='ltr'><strong>τὴν</strong></span> <span class='ocrx_word' id='word_1_678' title='bbox 2768 1904 3092 1975; x_wconf 82' lang='grc' dir='ltr'><strong>ὑπερϐολὴν,</strong></span> <span class='ocrx_word' id='word_1_679' title='bbox 3129 1904 3294 1974; x_wconf 85' lang='grc' dir='ltr'><strong>φησίν</strong></span> <span class='ocrx_word' id='word_1_680' title='bbox 3310 1944 3321 1956; x_wconf 93' lang='grc'><strong>.</strong></span> <span class='ocrx_word' id='word_1_681' title='bbox 3341 1904 3443 1957; x_wconf 84' lang='grc' dir='ltr'><strong>Ἐν</strong></span> <span class='ocrx_word' id='word_1_682' title='bbox 3474 1905 3672 1956; x_wconf 77' lang='grc' dir='ltr'><strong>πίστει</strong></span> 
     </span>
    </p>
   </div>
   <div class='ocr_carea' id='block_1_89' title="bbox 2097 1985 3670 2057">
    <p class='ocr_par' dir='ltr' id='par_1_89' title="bbox 2097 1985 3670 2057">
     <span class='ocr_line' id='line_1_89' title="bbox 2097 1985 3670 2057; baseline -0.001 -16"><span class='ocrx_word' id='word_1_683' title='bbox 2097 1988 2169 2050; x_wconf 79' lang='grc' dir='ltr'><strong>ζῶ</strong></span> <span class='ocrx_word' id='word_1_684' title='bbox 2197 1988 2271 2057; x_wconf 76' lang='grc' dir='ltr'><strong>τῇ</strong></span> <span class='ocrx_word' id='word_1_685' title='bbox 2295 1989 2402 2042; x_wconf 90' lang='grc' dir='ltr'><strong>τοῦ</strong></span> <span class='ocrx_word' id='word_1_686' title='bbox 2451 1988 2588 2042; x_wconf 84' lang='grc' dir='ltr'><strong>Υίοῦ</strong></span> <span class='ocrx_word' id='word_1_687' title='bbox 2621 1987 2728 2041; x_wconf 91' lang='grc' dir='ltr'><strong>τοῦ</strong></span> <span class='ocrx_word' id='word_1_688' title='bbox 2769 1985 2916 2041; x_wconf 87' lang='grc' dir='ltr'><strong>Θεοῦ</strong></span> <span class='ocrx_word' id='word_1_689' title='bbox 2949 1985 3056 2039; x_wconf 86' lang='grc' dir='ltr'><strong>τοῦ</strong></span> <span class='ocrx_word' id='word_1_690' title='bbox 3099 1986 3531 2055; x_wconf 73' lang='grc' dir='ltr'><strong>ἀγαπήσαντός</strong></span> <span class='ocrx_word' id='word_1_691' title='bbox 3573 2004 3670 2054; x_wconf 90' lang='grc' dir='ltr'><strong>με,</strong></span> 
     </span>
    </p>
   </div>
   <div class='ocr_carea' id='block_1_90' title="bbox 2098 2066 3674 2138">
    <p class='ocr_par' dir='ltr' id='par_1_90' title="bbox 2098 2066 3674 2138">
     <span class='ocr_line' id='line_1_90' title="bbox 2098 2066 3674 2138; baseline -0.003 -13"><span class='ocrx_word' id='word_1_692' title='bbox 2098 2071 2196 2125; x_wconf 75' lang='grc' dir='ltr'><strong>καί</strong></span> <span class='ocrx_word' id='word_1_693' title='bbox 2223 2070 2600 2138; x_wconf 79' lang='grc' dir='ltr'><strong>παραδόντος</strong></span> <span class='ocrx_word' id='word_1_694' title='bbox 2627 2066 2848 2123; x_wconf 80' lang='grc' dir='ltr'><strong>ἑαυτὸν</strong></span> <span class='ocrx_word' id='word_1_695' title='bbox 2881 2067 3034 2136; x_wconf 84' lang='grc' dir='ltr'><strong>ὑπὲρ</strong></span> <span class='ocrx_word' id='word_1_696' title='bbox 3065 2068 3232 2137; x_wconf 86' lang='grc' dir='ltr'><strong>ἐμοῦ.</strong></span> <span class='ocrx_word' id='word_1_697' title='bbox 3267 2067 3466 2120; x_wconf 84' lang='grc' dir='ltr'><strong>Σκόπει</strong></span> <span class='ocrx_word' id='word_1_698' title='bbox 3502 2067 3674 2138; x_wconf 78' lang='grc' dir='ltr'><strong>πόσης</strong></span> 
     </span>
    </p>
   </div>
   <div class='ocr_carea' id='block_1_91' title="bbox 2095 2144 3672 2224">
    <p class='ocr_par' dir='ltr' id='par_1_91' title="bbox 2095 2144 3672 2224">
     <span class='ocr_line' id='line_1_91' title="bbox 2095 2144 3672 2224; baseline -0.003 -17"><span class='ocrx_word' id='word_1_699' title='bbox 2095 2153 2197 2222; x_wconf 90' lang='grc' dir='ltr'><strong>τῆς</strong></span> <span class='ocrx_word' id='word_1_700' title='bbox 2219 2151 2635 2223; x_wconf 81' lang='grc' dir='ltr'><strong>εὐγνωμοσύνης</strong></span> <span class='ocrx_word' id='word_1_701' title='bbox 2663 2153 2696 2222; x_wconf 93' lang='grc' dir='ltr'><strong>ἡ</strong></span> <span class='ocrx_word' id='word_1_702' title='bbox 2723 2150 3020 2224; x_wconf 83' lang='grc' dir='ltr'><strong>ὑπερϐολή.</strong></span> <span class='ocrx_word' id='word_1_703' title='bbox 3038 2151 3103 2203; x_wconf 88' lang='grc' dir='ltr'><strong>Τί</strong></span> <span class='ocrx_word' id='word_1_704' title='bbox 3131 2150 3341 2219; x_wconf 60' lang='grc' dir='ltr'><strong>λέγεις,</strong></span> <span class='ocrx_word' id='word_1_705' title='bbox 3360 2144 3406 2203; x_wconf 81' lang='grc' dir='ltr'><strong>ὧ</strong></span> <span class='ocrx_word' id='word_1_706' title='bbox 3437 2150 3672 2220; x_wconf 79' lang='grc' dir='ltr'><strong>μακάριε</strong></span> 
     </span>
    </p>
   </div>
   <div class='ocr_carea' id='block_1_92' title="bbox 2099 2233 3672 2307">
    <p class='ocr_par' dir='ltr' id='par_1_92' title="bbox 2099 2233 3672 2307">
     <span class='ocr_line' id='line_1_92' title="bbox 2099 2233 3672 2307; baseline -0.002 -16"><span class='ocrx_word' id='word_1_707' title='bbox 2099 2237 2311 2301; x_wconf 85' lang='grc' dir='ltr'><strong>Παῦλε;</strong></span> <span class='ocrx_word' id='word_1_708' title='bbox 2345 2236 2458 2307; x_wconf 88' lang='grc' dir='ltr'><strong>Πρὸ</strong></span> <span class='ocrx_word' id='word_1_709' title='bbox 2502 2235 2700 2306; x_wconf 80' lang='grc' dir='ltr'><strong>μικροῦ</strong></span> <span class='ocrx_word' id='word_1_710' title='bbox 2743 2234 2946 2303; x_wconf 77' lang='grc' dir='ltr'><strong>ἔλεγες,</strong></span> <span class='ocrx_word' id='word_1_711' title='bbox 2969 2236 3077 2300; x_wconf 87' lang='grc' dir='ltr'><strong>Ὃς</strong></span> <span class='ocrx_word' id='word_1_712' title='bbox 3105 2252 3171 2305; x_wconf 81' lang='grc' dir='ltr'><strong>τε</strong></span> <span class='ocrx_word' id='word_1_713' title='bbox 3201 2234 3308 2288; x_wconf 91' lang='grc' dir='ltr'><strong>τοῦ</strong></span> <span class='ocrx_word' id='word_1_714' title='bbox 3344 2233 3496 2288; x_wconf 82' lang='grc' dir='ltr'><strong>ίδίου</strong></span> <span class='ocrx_word' id='word_1_715' title='bbox 3537 2234 3672 2288; x_wconf 75' lang='grc' dir='ltr'><strong>γ’Ιοῦ</strong></span> 
     </span>
    </p>
   </div>
   <div class='ocr_carea' id='block_1_93' title="bbox 2098 2315 3674 2388">
    <p class='ocr_par' dir='ltr' id='par_1_93' title="bbox 2098 2315 3674 2388">
     <span class='ocr_line' id='line_1_93' title="bbox 2098 2315 3674 2388; baseline -0.004 -14"><span class='ocrx_word' id='word_1_716' title='bbox 2098 2322 2209 2374; x_wconf 87' lang='grc' dir='ltr'><strong>οὐκ</strong></span> <span class='ocrx_word' id='word_1_717' title='bbox 2238 2319 2542 2388; x_wconf 66' lang='grc' dir='ltr'><strong>ἐφείσατο,</strong></span> <span class='ocrx_word' id='word_1_718' title='bbox 2576 2319 2713 2373; x_wconf 69' lang='grc' dir='ltr'><strong>ἀλλ’</strong></span> <span class='ocrx_word' id='word_1_719' title='bbox 2749 2317 2900 2386; x_wconf 84' lang='grc' dir='ltr'><strong>ὑπὲρ</strong></span> <span class='ocrx_word' id='word_1_720' title='bbox 2931 2315 3100 2388; x_wconf 83' lang='grc' dir='ltr'><strong>ἡμῶν</strong></span> <span class='ocrx_word' id='word_1_721' title='bbox 3141 2318 3383 2370; x_wconf 83' lang='grc' dir='ltr'><strong>πάντων</strong></span> <span class='ocrx_word' id='word_1_722' title='bbox 3413 2316 3674 2384; x_wconf 81' lang='grc' dir='ltr'><strong>παρέδω-</strong></span> 
     </span>
    </p>
   </div>
   <div class='ocr_carea' id='block_1_94' title="bbox 2098 2399 3670 2470">
    <p class='ocr_par' dir='ltr' id='par_1_94' title="bbox 2098 2399 3670 2470">
     <span class='ocr_line' id='line_1_94' title="bbox 2098 2399 3670 2470; baseline -0.003 -15"><span class='ocrx_word' id='word_1_723' title='bbox 2098 2414 2204 2456; x_wconf 82' lang='grc' dir='ltr'><strong>κεν</strong></span> <span class='ocrx_word' id='word_1_724' title='bbox 2226 2403 2440 2456; x_wconf 81' lang='grc' dir='ltr'><strong>αὐτόν’</strong></span> <span class='ocrx_word' id='word_1_725' title='bbox 2483 2402 2576 2454; x_wconf 74' lang='grc' dir='ltr'><strong>καὶ</strong></span> <span class='ocrx_word' id='word_1_726' title='bbox 2617 2401 2713 2456; x_wconf 76' lang='grc' dir='ltr'><strong>νῦν</strong></span> <span class='ocrx_word' id='word_1_727' title='bbox 2748 2401 2943 2470; x_wconf 89' lang='grc' dir='ltr'><strong>λέγεις,</strong></span> <span class='ocrx_word' id='word_1_728' title='bbox 2991 2401 3100 2455; x_wconf 85' lang='grc' dir='ltr'><strong>Τοῦ</strong></span> <span class='ocrx_word' id='word_1_729' title='bbox 3127 2399 3554 2469; x_wconf 77' lang='grc' dir='ltr'><strong>ἀγαπήσαντός</strong></span> <span class='ocrx_word' id='word_1_730' title='bbox 3580 2415 3670 2469; x_wconf 84' lang='grc' dir='ltr'><strong>με,</strong></span> 
     </span>
    </p>
   </div>
   <div class='ocr_carea' id='block_1_95' title="bbox 2099 2482 3675 2556">
    <p class='ocr_par' dir='ltr' id='par_1_95' title="bbox 2099 2482 3675 2556">
     <span class='ocr_line' id='line_1_95' title="bbox 2099 2482 3675 2556; baseline -0.002 -19"><span class='ocrx_word' id='word_1_731' title='bbox 2099 2486 2192 2538; x_wconf 75' lang='grc' dir='ltr'><strong>καὶ</strong></span> <span class='ocrx_word' id='word_1_732' title='bbox 2221 2485 2447 2555; x_wconf 80' lang='grc' dir='ltr'><strong>ἰδιοποιῇ</strong></span> <span class='ocrx_word' id='word_1_733' title='bbox 2484 2483 2581 2554; x_wconf 86' lang='grc' dir='ltr'><strong>τὴν</strong></span> <span class='ocrx_word' id='word_1_734' title='bbox 2611 2483 2798 2556; x_wconf 80' lang='grc' dir='ltr'><strong>κοινὴν</strong></span> <span class='ocrx_word' id='word_1_735' title='bbox 2833 2482 3185 2553; x_wconf 89' lang='grc' dir='ltr'><strong>εὑεργεσίαν;</strong></span> <span class='ocrx_word' id='word_1_736' title='bbox 3217 2483 3347 2547; x_wconf 70' lang='grc' dir='ltr'><strong>Ναὶ,</strong></span> <span class='ocrx_word' id='word_1_737' title='bbox 3393 2482 3555 2552; x_wconf 84' lang='grc' dir='ltr'><strong>φησίν</strong></span> <span class='ocrx_word' id='word_1_738' title='bbox 3575 2498 3587 2511; x_wconf 90' lang='grc'><strong>·</strong></span> <span class='ocrx_word' id='word_1_739' title='bbox 3626 2482 3675 2534; x_wconf 88' lang='grc' dir='ltr'><strong>εί</strong></span> 
     </span>
    </p>
   </div>
   <div class='ocr_carea' id='block_1_96' title="bbox 2098 2563 3676 2638">
    <p class='ocr_par' dir='ltr' id='par_1_96' title="bbox 2098 2563 3676 2638">
     <span class='ocr_line' id='line_1_96' title="bbox 2098 2563 3676 2638; baseline -0.002 -19"><span class='ocrx_word' id='word_1_740' title='bbox 2098 2567 2203 2638; x_wconf 87' lang='lat'><strong>7&amp;9</strong></span> <span class='ocrx_word' id='word_1_741' title='bbox 2222 2568 2315 2622; x_wconf 71' lang='grc' dir='ltr'><strong>καὶ</strong></span> <span class='ocrx_word' id='word_1_742' title='bbox 2332 2567 2472 2637; x_wconf 83' lang='grc' dir='ltr'><strong>ὑπὲρ</strong></span> <span class='ocrx_word' id='word_1_743' title='bbox 2488 2567 2691 2631; x_wconf 88' lang='grc' dir='ltr'><strong>παντὸς</strong></span> <span class='ocrx_word' id='word_1_744' title='bbox 2711 2567 2806 2620; x_wconf 89' lang='grc' dir='ltr'><strong>τοῦ</strong></span> <span class='ocrx_word' id='word_1_745' title='bbox 2824 2567 2930 2619; x_wconf 90' lang='grc' dir='ltr'><strong>τῶν</strong></span> <span class='ocrx_word' id='word_1_746' title='bbox 2946 2565 3247 2638; x_wconf 85' lang='grc' dir='ltr'><strong>ἀνθρώπων</strong></span> <span class='ocrx_word' id='word_1_747' title='bbox 3263 2567 3451 2633; x_wconf 89' lang='grc' dir='ltr'><strong>γένους</strong></span> <span class='ocrx_word' id='word_1_748' title='bbox 3469 2566 3502 2634; x_wconf 83' lang='grc' dir='ltr'><strong>ἡ</strong></span> <span class='ocrx_word' id='word_1_749' title='bbox 3518 2563 3676 2616; x_wconf 89' lang='grc' dir='ltr'><strong>θυσία</strong></span> 
     </span>
    </p>
   </div>
   <div class='ocr_carea' id='block_1_97' title="bbox 2100 2647 3678 2721">
    <p class='ocr_par' dir='ltr' id='par_1_97' title="bbox 2100 2647 3678 2721">
     <span class='ocr_line' id='line_1_97' title="bbox 2100 2647 3678 2721; baseline -0.002 -20"><span class='ocrx_word' id='word_1_750' title='bbox 2100 2651 2525 2721; x_wconf 86' lang='grc' dir='ltr'><strong>προσενήνεκται</strong></span> <span class='ocrx_word' id='word_1_751' title='bbox 2569 2650 2699 2719; x_wconf 81' lang='grc' dir='ltr'><strong>παρ’</strong></span> <span class='ocrx_word' id='word_1_752' title='bbox 2735 2649 2924 2713; x_wconf 84' lang='grc' dir='ltr'><strong>αὑτοῦ,</strong></span> <span class='ocrx_word' id='word_1_753' title='bbox 2970 2648 3105 2702; x_wconf 89' lang='grc' dir='ltr'><strong>ἀλλά</strong></span> <span class='ocrx_word' id='word_1_754' title='bbox 3145 2648 3232 2702; x_wconf 87' lang='grc' dir='ltr'><strong>διὰ</strong></span> <span class='ocrx_word' id='word_1_755' title='bbox 3261 2648 3321 2700; x_wconf 89' lang='grc' dir='ltr'><strong>τὸ</strong></span> <span class='ocrx_word' id='word_1_756' title='bbox 3359 2649 3486 2718; x_wconf 74' lang='grc' dir='ltr'><strong>περὶ</strong></span> <span class='ocrx_word' id='word_1_757' title='bbox 3517 2647 3678 2699; x_wconf 78' lang='grc' dir='ltr'><strong>αὑτὸν</strong></span> 
     </span>
    </p>
   </div>
   <div class='ocr_carea' id='block_1_98' title="bbox 2100 2731 3677 2805">
    <p class='ocr_par' dir='ltr' id='par_1_98' title="bbox 2100 2731 3677 2805">
     <span class='ocr_line' id='line_1_98' title="bbox 2100 2731 3677 2805; baseline -0.002 -20"><span class='ocrx_word' id='word_1_758' title='bbox 2100 2733 2322 2805; x_wconf 85' lang='grc' dir='ltr'><strong>φίλτρον</strong></span> <span class='ocrx_word' id='word_1_759' title='bbox 2353 2750 2454 2803; x_wconf 89' lang='grc' dir='ltr'><strong>μου</strong></span> <span class='ocrx_word' id='word_1_760' title='bbox 2494 2732 2602 2802; x_wconf 86' lang='grc' dir='ltr'><strong>ἐγὼ</strong></span> <span class='ocrx_word' id='word_1_761' title='bbox 2642 2732 3002 2803; x_wconf 85' lang='grc' dir='ltr'><strong>ἰδιοποιοῦμαι</strong></span> <span class='ocrx_word' id='word_1_762' title='bbox 3030 2731 3091 2784; x_wconf 90' lang='grc' dir='ltr'><strong>τὸ</strong></span> <span class='ocrx_word' id='word_1_763' title='bbox 3129 2733 3371 2799; x_wconf 89' lang='grc' dir='ltr'><strong>γεγονός.</strong></span> <span class='ocrx_word' id='word_1_764' title='bbox 3401 2731 3556 2784; x_wconf 83' lang='grc' dir='ltr'><strong>Οὑτω</strong></span> <span class='ocrx_word' id='word_1_765' title='bbox 3584 2731 3677 2783; x_wconf 82' lang='grc' dir='ltr'><strong>καὶ</strong></span> 
     </span>
    </p>
   </div>
   <div class='ocr_carea' id='block_1_99' title="bbox 2098 2813 3678 2886">
    <p class='ocr_par' dir='ltr' id='par_1_99' title="bbox 2098 2813 3678 2886">
     <span class='ocr_line' id='line_1_99' title="bbox 2098 2813 3678 2886; baseline -0.002 -19"><span class='ocrx_word' id='word_1_766' title='bbox 2098 2818 2215 2879; x_wconf 88' lang='grc' dir='ltr'><strong>τοῖς</strong></span> <span class='ocrx_word' id='word_1_767' title='bbox 2235 2817 2544 2886; x_wconf 86' lang='grc' dir='ltr'><strong>προφήταις</strong></span> <span class='ocrx_word' id='word_1_768' title='bbox 2565 2815 2684 2878; x_wconf 76' lang='grc' dir='ltr'><strong>ἔθος</strong></span> <span class='ocrx_word' id='word_1_769' title='bbox 2707 2817 2900 2878; x_wconf 86' lang='grc' dir='ltr'><strong>ποιεῖν,</strong></span> <span class='ocrx_word' id='word_1_770' title='bbox 2926 2815 3021 2869; x_wconf 75' lang='grc' dir='ltr'><strong>καὶ</strong></span> <span class='ocrx_word' id='word_1_771' title='bbox 3045 2815 3242 2882; x_wconf 83' lang='grc' dir='ltr'><strong>λέγειν·</strong></span> <span class='ocrx_word' id='word_1_772' title='bbox 3264 2815 3320 2867; x_wconf 91' lang='lat'><strong>&#39;0</strong></span> <span class='ocrx_word' id='word_1_773' title='bbox 3342 2813 3472 2876; x_wconf 83' lang='grc' dir='ltr'><strong>Θεὸς</strong></span> <span class='ocrx_word' id='word_1_774' title='bbox 3494 2815 3521 2864; x_wconf 86' lang='grc' dir='ltr'><strong>ό</strong></span> <span class='ocrx_word' id='word_1_775' title='bbox 3546 2813 3678 2874; x_wconf 84' lang='grc' dir='ltr'><strong>Θεός</strong></span> 
     </span>
    </p>
   </div>
   <div class='ocr_carea' id='block_1_100' title="bbox 2104 2893 3676 2967">
    <p class='ocr_par' dir='ltr' id='par_1_100' title="bbox 2104 2893 3676 2967">
     <span class='ocr_line' id='line_1_100' title="bbox 2104 2893 3676 2967; baseline -0.002 -17"><span class='ocrx_word' id='word_1_776' title='bbox 2104 2915 2204 2967; x_wconf 91' lang='grc' dir='ltr'><strong>μου</strong></span> <span class='ocrx_word' id='word_1_777' title='bbox 2225 2915 2237 2927; x_wconf 74' lang='grc' dir='ltr'><strong>ο</strong></span> <span class='ocrx_word' id='word_1_778' title='bbox 2269 2897 2445 2950; x_wconf 90' lang='grc' dir='ltr'><strong>καίτοι</strong></span> <span class='ocrx_word' id='word_1_779' title='bbox 2476 2897 2577 2967; x_wconf 90' lang='grc' dir='ltr'><strong>τῆς</strong></span> <span class='ocrx_word' id='word_1_780' title='bbox 2605 2899 2930 2967; x_wconf 86' lang='grc' dir='ltr'><strong>οἰκουμένης</strong></span> <span class='ocrx_word' id='word_1_781' title='bbox 2957 2898 3076 2950; x_wconf 77' lang='grc' dir='ltr'><strong>ἐστὶ</strong></span> <span class='ocrx_word' id='word_1_782' title='bbox 3094 2897 3226 2960; x_wconf 84' lang='grc' dir='ltr'><strong>Θεός</strong></span> <span class='ocrx_word' id='word_1_783' title='bbox 3246 2911 3260 2924; x_wconf 91' lang='grc'><strong>·</strong></span> <span class='ocrx_word' id='word_1_784' title='bbox 3291 2897 3404 2949; x_wconf 76' lang='grc' dir='ltr'><strong>ἀλλ’</strong></span> <span class='ocrx_word' id='word_1_785' title='bbox 3434 2897 3560 2948; x_wconf 85' lang='grc' dir='ltr'><strong>ἴδιον</strong></span> <span class='ocrx_word' id='word_1_786' title='bbox 3584 2893 3676 2947; x_wconf 74' lang='grc' dir='ltr'><strong>τοῦ</strong></span> 
     </span>
    </p>
   </div>
   <div class='ocr_carea' id='block_1_101' title="bbox 2102 2977 3677 3047">
    <p class='ocr_par' dir='ltr' id='par_1_101' title="bbox 2102 2977 3677 3047">
     <span class='ocr_line' id='line_1_101' title="bbox 2102 2977 3677 3047; baseline -0.003 -13"><span class='ocrx_word' id='word_1_787' title='bbox 2102 2981 2288 3044; x_wconf 83' lang='grc' dir='ltr'><strong>πόθου,</strong></span> <span class='ocrx_word' id='word_1_788' title='bbox 2314 2980 2382 3033; x_wconf 81' lang='grc' dir='ltr'><strong>τὰ</strong></span> <span class='ocrx_word' id='word_1_789' title='bbox 2403 2981 2555 3034; x_wconf 88' lang='grc' dir='ltr'><strong>κοινὰ</strong></span> <span class='ocrx_word' id='word_1_790' title='bbox 2581 2978 2970 3033; x_wconf 80' lang='grc' dir='ltr'><strong>ίδιοποιεῖσθαι.</strong></span> <span class='ocrx_word' id='word_1_791' title='bbox 2994 2978 3073 3047; x_wconf 78' lang='grc' dir='ltr'><strong>Τῇ</strong></span> <span class='ocrx_word' id='word_1_792' title='bbox 3092 2979 3199 3033; x_wconf 89' lang='grc' dir='ltr'><strong>τοῦ</strong></span> <span class='ocrx_word' id='word_1_793' title='bbox 3232 2980 3366 3033; x_wconf 75' lang='grc' dir='ltr'><strong>Υίοῦ</strong></span> <span class='ocrx_word' id='word_1_794' title='bbox 3385 2978 3488 3032; x_wconf 86' lang='grc' dir='ltr'><strong>τοῦ</strong></span> <span class='ocrx_word' id='word_1_795' title='bbox 3508 2977 3677 3041; x_wconf 78' lang='grc' dir='ltr'><strong>Θεοῦ,</strong></span> 
     </span>
    </p>
   </div>
   <div class='ocr_carea' id='block_1_102' title="bbox 2101 3060 3679 3134">
    <p class='ocr_par' dir='ltr' id='par_1_102' title="bbox 2101 3060 3679 3134">
     <span class='ocr_line' id='line_1_102' title="bbox 2101 3060 3679 3134; baseline -0.003 -18"><span class='ocrx_word' id='word_1_796' title='bbox 2101 3063 2253 3134; x_wconf 75' lang='grc' dir='ltr'><strong>φησὶ,</strong></span> <span class='ocrx_word' id='word_1_797' title='bbox 2272 3063 2380 3118; x_wconf 90' lang='grc' dir='ltr'><strong>τοῦ</strong></span> <span class='ocrx_word' id='word_1_798' title='bbox 2395 3061 2825 3132; x_wconf 76' lang='grc' dir='ltr'><strong>ἀγαπήσαντός</strong></span> <span class='ocrx_word' id='word_1_799' title='bbox 2845 3061 3012 3130; x_wconf 87' lang='grc' dir='ltr'><strong>με.Τί</strong></span> <span class='ocrx_word' id='word_1_800' title='bbox 3027 3061 3205 3130; x_wconf 86' lang='grc' dir='ltr'><strong>λέγεις</strong></span> <span class='ocrx_word' id='word_1_801' title='bbox 3224 3080 3238 3126; x_wconf 89' lang='grc'><strong>;</strong></span> <span class='ocrx_word' id='word_1_802' title='bbox 3271 3063 3336 3114; x_wconf 82' lang='grc' dir='ltr'><strong>Σὲ</strong></span> <span class='ocrx_word' id='word_1_803' title='bbox 3361 3063 3518 3132; x_wconf 89' lang='grc' dir='ltr'><strong>μόνον</strong></span> <span class='ocrx_word' id='word_1_804' title='bbox 3540 3060 3679 3130; x_wconf 83' lang='grc' dir='ltr'><strong>ἡγά-</strong></span> 
     </span>
    </p>
   </div>
   <div class='ocr_carea' id='block_1_103' title="bbox 2105 3141 3676 3216">
    <p class='ocr_par' dir='ltr' id='par_1_103' title="bbox 2105 3141 3676 3216">
     <span class='ocr_line' id='line_1_103' title="bbox 2105 3141 3676 3216; baseline -0.001 -18"><span class='ocrx_word' id='word_1_805' title='bbox 2105 3161 2278 3214; x_wconf 84' lang='grc' dir='ltr'><strong>πησε;</strong></span> <span class='ocrx_word' id='word_1_806' title='bbox 2317 3147 2501 3198; x_wconf 80' lang='grc' dir='ltr'><strong>Πᾶσαν</strong></span> <span class='ocrx_word' id='word_1_807' title='bbox 2545 3145 2665 3216; x_wconf 86' lang='grc' dir='ltr'><strong>μὲν,</strong></span> <span class='ocrx_word' id='word_1_808' title='bbox 2694 3145 2848 3214; x_wconf 77' lang='grc' dir='ltr'><strong>φησὶ,</strong></span> <span class='ocrx_word' id='word_1_809' title='bbox 2880 3146 2978 3215; x_wconf 86' lang='grc' dir='ltr'><strong>τὴν</strong></span> <span class='ocrx_word' id='word_1_810' title='bbox 3004 3145 3110 3198; x_wconf 87' lang='grc' dir='ltr'><strong>τῶν</strong></span> <span class='ocrx_word' id='word_1_811' title='bbox 3151 3144 3456 3215; x_wconf 82' lang='grc' dir='ltr'><strong>ἀνθρώπων</strong></span> <span class='ocrx_word' id='word_1_812' title='bbox 3495 3141 3676 3213; x_wconf 79' lang='grc' dir='ltr'><strong>φύσιν,</strong></span> 
     </span>
    </p>
   </div>
   <div class='ocr_carea' id='block_1_104' title="bbox 2105 3225 3678 3298">
    <p class='ocr_par' dir='ltr' id='par_1_104' title="bbox 2105 3225 3678 3298">
     <span class='ocr_line' id='line_1_104' title="bbox 2105 3225 3678 3298; baseline -0.003 -16"><span class='ocrx_word' id='word_1_813' title='bbox 2105 3227 2220 3282; x_wconf 83' lang='grc' dir='ltr'><strong>ἀλλ’</strong></span> <span class='ocrx_word' id='word_1_814' title='bbox 2246 3227 2355 3296; x_wconf 87' lang='grc' dir='ltr'><strong>ἐγὼ</strong></span> <span class='ocrx_word' id='word_1_815' title='bbox 2388 3227 2462 3291; x_wconf 83' lang='grc' dir='ltr'><strong>ὡς</strong></span> <span class='ocrx_word' id='word_1_816' title='bbox 2506 3229 2664 3298; x_wconf 91' lang='grc' dir='ltr'><strong>μόνος</strong></span> <span class='ocrx_word' id='word_1_817' title='bbox 2705 3227 3032 3296; x_wconf 75' lang='grc' dir='ltr'><strong>ἀγαπηθεὶς,</strong></span> <span class='ocrx_word' id='word_1_818' title='bbox 3059 3226 3232 3288; x_wconf 78' lang='grc' dir='ltr'><strong>οὑτως</strong></span> <span class='ocrx_word' id='word_1_819' title='bbox 3272 3225 3419 3296; x_wconf 86' lang='grc' dir='ltr'><strong>αὑτῷ</strong></span> <span class='ocrx_word' id='word_1_820' title='bbox 3450 3226 3678 3297; x_wconf 81' lang='grc' dir='ltr'><strong>χάριτας</strong></span> 
     </span>
    </p>
   </div>
   <div class='ocr_carea' id='block_1_105' title="bbox 2103 3305 3679 3380">
    <p class='ocr_par' dir='ltr' id='par_1_105' title="bbox 2103 3305 3679 3380">
     <span class='ocr_line' id='line_1_105' title="bbox 2103 3305 3679 3380; baseline -0.003 -17"><span class='ocrx_word' id='word_1_821' title='bbox 2103 3310 2321 3380; x_wconf 83' lang='grc' dir='ltr'><strong>ὀφείλω.</strong></span> <span class='ocrx_word' id='word_1_822' title='bbox 2346 3310 2455 3365; x_wconf 83' lang='grc' dir='ltr'><strong>Καί</strong></span> <span class='ocrx_word' id='word_1_823' title='bbox 2478 3309 2851 3376; x_wconf 86' lang='grc' dir='ltr'><strong>παραδόντος</strong></span> <span class='ocrx_word' id='word_1_824' title='bbox 2869 3308 3089 3362; x_wconf 84' lang='grc' dir='ltr'><strong>ἑαυτὸν</strong></span> <span class='ocrx_word' id='word_1_825' title='bbox 3115 3308 3265 3375; x_wconf 85' lang='grc' dir='ltr'><strong>ὑπὲρ</strong></span> <span class='ocrx_word' id='word_1_826' title='bbox 3292 3308 3458 3376; x_wconf 83' lang='grc' dir='ltr'><strong>ἐμοῦ.</strong></span> <span class='ocrx_word' id='word_1_827' title='bbox 3477 3309 3542 3359; x_wconf 90' lang='grc' dir='ltr'><strong>Τί</strong></span> <span class='ocrx_word' id='word_1_828' title='bbox 3566 3305 3679 3372; x_wconf 80' lang='grc' dir='ltr'><strong>οὖν,</strong></span> 
     </span>
    </p>
   </div>
   <div class='ocr_carea' id='block_1_106' title="bbox 2103 3389 3681 3463">
    <p class='ocr_par' dir='ltr' id='par_1_106' title="bbox 2103 3389 3681 3463">
     <span class='ocr_line' id='line_1_106' title="bbox 2103 3389 3681 3463; baseline -0.002 -17"><span class='ocrx_word' id='word_1_829' title='bbox 2103 3394 2242 3463; x_wconf 87' lang='grc' dir='ltr'><strong>ὑπὲρ</strong></span> <span class='ocrx_word' id='word_1_830' title='bbox 2266 3392 2360 3445; x_wconf 86' lang='grc' dir='ltr'><strong>σοῦ</strong></span> <span class='ocrx_word' id='word_1_831' title='bbox 2391 3392 2550 3461; x_wconf 91' lang='grc' dir='ltr'><strong>μόνον</strong></span> <span class='ocrx_word' id='word_1_832' title='bbox 2575 3389 2924 3460; x_wconf 84' lang='grc' dir='ltr'><strong>ἐσταυρώθη;</strong></span> <span class='ocrx_word' id='word_1_833' title='bbox 2958 3391 3070 3444; x_wconf 88' lang='grc' dir='ltr'><strong>Οὑκ</strong></span> <span class='ocrx_word' id='word_1_834' title='bbox 3099 3391 3264 3453; x_wconf 89' lang='grc' dir='ltr'><strong>αὑτὸς</strong></span> <span class='ocrx_word' id='word_1_835' title='bbox 3307 3390 3476 3458; x_wconf 86' lang='grc' dir='ltr'><strong>λέγει,</strong></span> <span class='ocrx_word' id='word_1_836' title='bbox 3497 3391 3681 3443; x_wconf 85' lang='grc' dir='ltr'><strong>Ὅταν</strong></span> 
     </span>
    </p>
   </div>
   <div class='ocr_carea' id='block_1_107' title="bbox 2103 3472 3679 3542">
    <p class='ocr_par' dir='ltr' id='par_1_107' title="bbox 2103 3472 3679 3542">
     <span class='ocr_line' id='line_1_107' title="bbox 2103 3472 3679 3542; baseline -0.002 -14"><span class='ocrx_word' id='word_1_837' title='bbox 2103 3472 2585 3541; x_wconf 73' lang='grc' dir='ltr'><strong>ὑψωθῶ,πάντας</strong></span> <span class='ocrx_word' id='word_1_838' title='bbox 2607 3472 2850 3526; x_wconf 70' lang='grc' dir='ltr'><strong>ἑλκύσω</strong></span> <span class='ocrx_word' id='word_1_839' title='bbox 2874 3472 3021 3539; x_wconf 87' lang='grc' dir='ltr'><strong>πρὸς</strong></span> <span class='ocrx_word' id='word_1_840' title='bbox 3035 3473 3316 3542; x_wconf 82' lang='grc' dir='ltr'><strong>ἐμαυτόν;</strong></span> <span class='ocrx_word' id='word_1_841' title='bbox 3353 3474 3412 3525; x_wconf 92' lang='grc' dir='ltr'><strong>οὑ</strong></span> <span class='ocrx_word' id='word_1_842' title='bbox 3435 3474 3498 3526; x_wconf 81' lang='grc' dir='ltr'><strong>σὺ</strong></span> <span class='ocrx_word' id='word_1_843' title='bbox 3520 3473 3679 3538; x_wconf 89' lang='grc' dir='ltr'><strong>αὑτὸς</strong></span> 
     </span>
    </p>
   </div>
   <div class='ocr_carea' id='block_1_108' title="bbox 2103 3551 3677 3626">
    <p class='ocr_par' dir='ltr' id='par_1_108' title="bbox 2103 3551 3677 3626">
     <span class='ocr_line' id='line_1_108' title="bbox 2103 3551 3677 3626; baseline 0.001 -18"><span class='ocrx_word' id='word_1_844' title='bbox 2103 3552 2283 3619; x_wconf 84' lang='grc' dir='ltr'><strong>εἶπας,</strong></span> <span class='ocrx_word' id='word_1_845' title='bbox 2309 3551 2581 3626; x_wconf 82' lang='grc' dir='ltr'><strong>ὃτιὙπὲρ</strong></span> <span class='ocrx_word' id='word_1_846' title='bbox 2601 3553 2770 3624; x_wconf 76' lang='grc' dir='ltr'><strong>ἡμῶν</strong></span> <span class='ocrx_word' id='word_1_847' title='bbox 2799 3554 3041 3608; x_wconf 84' lang='grc' dir='ltr'><strong>πάντων</strong></span> <span class='ocrx_word' id='word_1_848' title='bbox 3067 3555 3406 3623; x_wconf 87' lang='grc' dir='ltr'><strong>παρέδωκεν</strong></span> <span class='ocrx_word' id='word_1_849' title='bbox 3432 3556 3677 3618; x_wconf 83' lang='grc' dir='ltr'><strong>ἐαυτόν;</strong></span> 
     </span>
    </p>
   </div>
   <div class='ocr_carea' id='block_1_109' title="bbox 2103 3635 3676 3710">
    <p class='ocr_par' dir='ltr' id='par_1_109' title="bbox 2103 3635 3676 3710">
     <span class='ocr_line' id='line_1_109' title="bbox 2103 3635 3676 3710; baseline 0.001 -19"><span class='ocrx_word' id='word_1_850' title='bbox 2103 3639 2231 3702; x_wconf 77' lang='grc' dir='ltr'><strong>Ναὶ,</strong></span> <span class='ocrx_word' id='word_1_851' title='bbox 2261 3637 2455 3710; x_wconf 85' lang='grc' dir='ltr'><strong>φησίν·</strong></span> <span class='ocrx_word' id='word_1_852' title='bbox 2513 3637 2612 3690; x_wconf 87' lang='grc' dir='ltr'><strong>οὑκ</strong></span> <span class='ocrx_word' id='word_1_853' title='bbox 2665 3635 3073 3706; x_wconf 89' lang='grc' dir='ltr'><strong>ἐναντιούμενος</strong></span> <span class='ocrx_word' id='word_1_854' title='bbox 3102 3637 3279 3708; x_wconf 83' lang='grc' dir='ltr'><strong>ἐαυτῷ</strong></span> <span class='ocrx_word' id='word_1_855' title='bbox 3304 3638 3474 3692; x_wconf 86' lang='grc' dir='ltr'><strong>ταῦτά</strong></span> <span class='ocrx_word' id='word_1_856' title='bbox 3517 3655 3676 3709; x_wconf 84' lang='grc' dir='ltr'><strong>φημι,</strong></span> 
     </span>
    </p>
   </div>
   <div class='ocr_carea' id='block_1_110' title="bbox 2102 3720 3680 3792">
    <p class='ocr_par' dir='ltr' id='par_1_110' title="bbox 2102 3720 3680 3792">
     <span class='ocr_line' id='line_1_110' title="bbox 2102 3720 3680 3792; baseline 0 -16"><span class='ocrx_word' id='word_1_857' title='bbox 2102 3721 2240 3776; x_wconf 85' lang='grc' dir='ltr'><strong>ἀλλὰ</strong></span> <span class='ocrx_word' id='word_1_858' title='bbox 2265 3721 2356 3774; x_wconf 83' lang='grc' dir='ltr'><strong>τὸν</strong></span> <span class='ocrx_word' id='word_1_859' title='bbox 2391 3721 2629 3792; x_wconf 80' lang='grc' dir='ltr'><strong>ἐμαυτοῦ</strong></span> <span class='ocrx_word' id='word_1_860' title='bbox 2663 3721 2827 3774; x_wconf 88' lang='grc' dir='ltr'><strong>πόθον</strong></span> <span class='ocrx_word' id='word_1_861' title='bbox 2872 3720 3384 3790; x_wconf 87' lang='grc' dir='ltr'><strong>παραμυθούμενος.</strong></span> <span class='ocrx_word' id='word_1_862' title='bbox 3425 3723 3534 3775; x_wconf 80' lang='grc' dir='ltr'><strong>Καὶ</strong></span> <span class='ocrx_word' id='word_1_863' title='bbox 3577 3724 3680 3792; x_wconf 85' lang='grc' dir='ltr'><strong>δρα</strong></span> 
     </span>
    </p>
   </div>
   <div class='ocr_carea' id='block_1_111' title="bbox 2105 3802 3678 3875">
    <p class='ocr_par' dir='ltr' id='par_1_111' title="bbox 2105 3802 3678 3875">
     <span class='ocr_line' id='line_1_111' title="bbox 2105 3802 3678 3875; baseline 0.002 -20"><span class='ocrx_word' id='word_1_864' title='bbox 2105 3804 2264 3858; x_wconf 82' lang='grc' dir='ltr'><strong>πάλιν</strong></span> <span class='ocrx_word' id='word_1_865' title='bbox 2299 3806 2394 3858; x_wconf 73' lang='grc' dir='ltr'><strong>καί⁵</strong></span> <span class='ocrx_word' id='word_1_866' title='bbox 2435 3804 2619 3875; x_wconf 72' lang='grc' dir='ltr'><strong>ἕτερόν</strong></span> <span class='ocrx_word' id='word_1_867' title='bbox 2641 3821 2691 3856; x_wconf 92' lang='grc' dir='ltr'><strong>τι</strong></span> <span class='ocrx_word' id='word_1_868' title='bbox 2721 3804 2808 3856; x_wconf 83' lang='grc' dir='ltr'><strong>διὰ</strong></span> <span class='ocrx_word' id='word_1_869' title='bbox 2853 3802 2961 3857; x_wconf 88' lang='grc' dir='ltr'><strong>τῶν</strong></span> <span class='ocrx_word' id='word_1_870' title='bbox 2992 3804 3298 3875; x_wconf 81' lang='grc' dir='ltr'><strong>είρημένων</strong></span> <span class='ocrx_word' id='word_1_871' title='bbox 3335 3807 3483 3874; x_wconf 81' lang='grc' dir='ltr'><strong>ἡμᾶς</strong></span> <span class='ocrx_word' id='word_1_872' title='bbox 3530 3806 3678 3858; x_wconf 86' lang='grc' dir='ltr'><strong>διδά-</strong></span> 
     </span>
    </p>
   </div>
   <div class='ocr_carea' id='block_1_112' title="bbox 2106 3885 3679 3959">
    <p class='ocr_par' dir='ltr' id='par_1_112' title="bbox 2106 3885 3679 3959">
     <span class='ocr_line' id='line_1_112' title="bbox 2106 3885 3679 3959; baseline -0.001 -18"><span class='ocrx_word' id='word_1_873' title='bbox 2106 3903 2321 3943; x_wconf 87' lang='grc' dir='ltr'><strong>σκοντα.</strong></span> <span class='ocrx_word' id='word_1_874' title='bbox 2349 3887 2631 3959; x_wconf 81' lang='grc' dir='ltr'><strong>Ἀνωτέρω</strong></span> <span class='ocrx_word' id='word_1_875' title='bbox 2675 3885 2786 3957; x_wconf 90' lang='lat'><strong>7&amp;9</strong></span> <span class='ocrx_word' id='word_1_876' title='bbox 2830 3886 3000 3939; x_wconf 87' lang='grc' dir='ltr'><strong>εἰπὼν</strong></span> <span class='ocrx_word' id='word_1_877' title='bbox 3047 3887 3291 3956; x_wconf 77' lang='grc' dir='ltr'><strong>περὶτοῦ</strong></span> <span class='ocrx_word' id='word_1_878' title='bbox 3331 3888 3560 3958; x_wconf 86' lang='grc' dir='ltr'><strong>Πατρὸς,</strong></span> <span class='ocrx_word' id='word_1_879' title='bbox 3597 3889 3679 3940; x_wconf 87' lang='grc' dir='ltr'><strong>ὄτι</strong></span> 
     </span>
    </p>
   </div>
   <div class='ocr_carea' id='block_1_113' title="bbox 2117 3968 3680 4041">
    <p class='ocr_par' dir='ltr' id='par_1_113' title="bbox 2117 3968 3680 4041">
     <span class='ocr_line' id='line_1_113' title="bbox 2117 3968 3680 4041; baseline -0.001 -15"><span class='ocrx_word' id='word_1_880' title='bbox 2117 3972 2296 4041; x_wconf 75' lang='grc' dir='ltr'><strong>Ὑπὲρ</strong></span> <span class='ocrx_word' id='word_1_881' title='bbox 2329 3968 2499 4039; x_wconf 77' lang='grc' dir='ltr'><strong>ἡμῶν</strong></span> <span class='ocrx_word' id='word_1_882' title='bbox 2537 3969 2780 4023; x_wconf 85' lang='grc' dir='ltr'><strong>πάντων</strong></span> <span class='ocrx_word' id='word_1_883' title='bbox 2818 3969 3163 4038; x_wconf 83' lang='grc' dir='ltr'><strong>παρέδωκεν</strong></span> <span class='ocrx_word' id='word_1_884' title='bbox 3192 3971 3398 4035; x_wconf 79' lang='grc' dir='ltr'><strong>αὐτὸν,</strong></span> <span class='ocrx_word' id='word_1_885' title='bbox 3446 3971 3680 4024; x_wconf 87' lang='grc' dir='ltr'><strong>ἐνταῦθα</strong></span> 
     </span>
    </p>
   </div>
   <div class='ocr_carea' id='block_1_114' title="bbox 2103 4047 3679 4126">
    <p class='ocr_par' dir='ltr' id='par_1_114' title="bbox 2103 4047 3679 4126">
     <span class='ocr_line' id='line_1_114' title="bbox 2103 4047 3679 4126; baseline -0.003 -16"><span class='ocrx_word' id='word_1_886' title='bbox 2103 4058 2270 4126; x_wconf 85' lang='grc' dir='ltr'><strong>λέγει,</strong></span> <span class='ocrx_word' id='word_1_887' title='bbox 2294 4054 2547 4108; x_wconf 83' lang='grc' dir='ltr'><strong>Ἑαυτὸν</strong></span> <span class='ocrx_word' id='word_1_888' title='bbox 2580 4053 2924 4122; x_wconf 79' lang='grc' dir='ltr'><strong>παρέδωκεν</strong></span> <span class='ocrx_word' id='word_1_889' title='bbox 2951 4071 2960 4082; x_wconf 80' lang='grc'><em>’</em></span> <span class='ocrx_word' id='word_1_890' title='bbox 3013 4053 3129 4106; x_wconf 83' lang='grc' dir='ltr'><strong>ἐκεῖ</strong></span> <span class='ocrx_word' id='word_1_891' title='bbox 3162 4055 3278 4123; x_wconf 84' lang='grc' dir='ltr'><strong>μὲν,</strong></span> <span class='ocrx_word' id='word_1_892' title='bbox 3309 4054 3398 4108; x_wconf 76' lang='grc' dir='ltr'><strong>ἵνα</strong></span> <span class='ocrx_word' id='word_1_893' title='bbox 3426 4053 3523 4124; x_wconf 80' lang='grc' dir='ltr'><strong>τὴν</strong></span> <span class='ocrx_word' id='word_1_894' title='bbox 3547 4047 3679 4122; x_wconf 66' lang='lat'><strong>89.6-</strong></span> 
     </span>
    </p>
   </div>
   <div class='ocr_carea' id='block_1_115' title="bbox 2105 4137 3678 4210">
    <p class='ocr_par' dir='ltr' id='par_1_115' title="bbox 2105 4137 3678 4210">
     <span class='ocr_line' id='line_1_115' title="bbox 2105 4137 3678 4210; baseline -0.004 -15"><span class='ocrx_word' id='word_1_895' title='bbox 2105 4156 2253 4195; x_wconf 85' lang='grc' dir='ltr'><strong>νοιαν</strong></span> <span class='ocrx_word' id='word_1_896' title='bbox 2273 4138 2422 4210; x_wconf 82' lang='grc' dir='ltr'><strong>δείξῃ</strong></span> <span class='ocrx_word' id='word_1_897' title='bbox 2456 4137 2551 4191; x_wconf 70' lang='grc' dir='ltr'><strong>καὶ</strong></span> <span class='ocrx_word' id='word_1_898' title='bbox 2579 4137 2678 4208; x_wconf 81' lang='grc' dir='ltr'><strong>τὴν</strong></span> <span class='ocrx_word' id='word_1_899' title='bbox 2708 4137 2996 4207; x_wconf 88' lang='grc' dir='ltr'><strong>όμοτιμίαν</strong></span> <span class='ocrx_word' id='word_1_900' title='bbox 3027 4137 3236 4208; x_wconf 83' lang='grc' dir='ltr'><strong>[ἰατρὸς</strong></span> <span class='ocrx_word' id='word_1_901' title='bbox 3272 4138 3364 4190; x_wconf 71' lang='grc' dir='ltr'><strong>καί⁵</strong></span> <span class='ocrx_word' id='word_1_902' title='bbox 3397 4137 3548 4200; x_wconf 89' lang='grc' dir='ltr'><strong>Υἱοῦ,</strong></span> <span class='ocrx_word' id='word_1_903' title='bbox 3586 4137 3678 4189; x_wconf 78' lang='grc' dir='ltr'><strong>καὶ</strong></span> 
     </span>
    </p>
   </div>
   <div class='ocr_carea' id='block_1_116' title="bbox 2103 4220 3674 4298">
    <p class='ocr_par' dir='ltr' id='par_1_116' title="bbox 2103 4220 3674 4298">
     <span class='ocr_line' id='line_1_116' title="bbox 2103 4220 3674 4298; baseline -0.005 -18"><span class='ocrx_word' id='word_1_904' title='bbox 2103 4226 2202 4298; x_wconf 80' lang='grc' dir='ltr'><strong>τὴν</strong></span> <span class='ocrx_word' id='word_1_905' title='bbox 2234 4222 2545 4292; x_wconf 84' lang='grc' dir='ltr'><strong>οἰκονομίαν</strong></span> <span class='ocrx_word' id='word_1_906' title='bbox 2575 4232 2596 4260; x_wconf 76' lang='grc' dir='ltr'><strong>ο</strong></span> <span class='ocrx_word' id='word_1_907' title='bbox 2635 4221 2934 4289; x_wconf 65' lang='grc' dir='ltr'><strong>αἰνίξηταιν</strong></span> <span class='ocrx_word' id='word_1_908' title='bbox 2971 4222 3090 4273; x_wconf 75' lang='grc' dir='ltr'><strong>ἐπεὶ</strong></span> <span class='ocrx_word' id='word_1_909' title='bbox 3127 4222 3220 4274; x_wconf 71' lang='grc' dir='ltr'><strong>καὶ</strong></span> <span class='ocrx_word' id='word_1_910' title='bbox 3256 4220 3488 4290; x_wconf 87' lang='grc' dir='ltr'><strong>ἀλλαχοῦ</strong></span> <span class='ocrx_word' id='word_1_911' title='bbox 3523 4237 3674 4289; x_wconf 81' lang='grc' dir='ltr'><strong>φησι,</strong></span> 
     </span>
    </p>
   </div>
   <div class='ocr_carea' id='block_1_117' title="bbox 2103 4302 3680 4376">
    <p class='ocr_par' dir='ltr' id='par_1_117' title="bbox 2103 4302 3680 4376">
     <span class='ocr_line' id='line_1_117' title="bbox 2103 4302 3680 4376; baseline -0.004 -14"><span class='ocrx_word' id='word_1_912' title='bbox 2103 4308 2440 4376; x_wconf 79' lang='grc' dir='ltr'><strong>Γενόμενος</strong></span> <span class='ocrx_word' id='word_1_913' title='bbox 2473 4307 2735 4371; x_wconf 74' lang='grc' dir='ltr'><strong>ὑπήκοος</strong></span> <span class='ocrx_word' id='word_1_914' title='bbox 2756 4302 2933 4372; x_wconf 80' lang='grc' dir='ltr'><strong>μέχρι</strong></span> <span class='ocrx_word' id='word_1_915' title='bbox 2964 4303 3242 4370; x_wconf 83' lang='grc' dir='ltr'><strong>θανάτου,</strong></span> <span class='ocrx_word' id='word_1_916' title='bbox 3282 4305 3553 4374; x_wconf 86' lang='grc' dir='ltr'><strong>πανταχοῦ</strong></span> <span class='ocrx_word' id='word_1_917' title='bbox 3585 4304 3680 4375; x_wconf 82' lang='grc' dir='ltr'><strong>τὴν</strong></span> 
     </span>
    </p>
   </div>
   <div class='ocr_carea' id='block_1_118' title="bbox 2103 4385 3682 4460">
    <p class='ocr_par' dir='ltr' id='par_1_118' title="bbox 2103 4385 3682 4460">
     <span class='ocr_line' id='line_1_118' title="bbox 2103 4385 3682 4460; baseline -0.004 -14"><span class='ocrx_word' id='word_1_918' title='bbox 2103 4389 2410 4460; x_wconf 88' lang='grc' dir='ltr'><strong>οἰκονομίαν</strong></span> <span class='ocrx_word' id='word_1_919' title='bbox 2442 4387 2816 4458; x_wconf 86' lang='grc' dir='ltr'><strong>πιστούμενος.</strong></span> <span class='ocrx_word' id='word_1_920' title='bbox 2851 4385 3119 4440; x_wconf 84' lang='grc' dir='ltr'><strong>Ἐνταῦθα</strong></span> <span class='ocrx_word' id='word_1_921' title='bbox 3147 4386 3203 4438; x_wconf 84' lang='grc' dir='ltr'><strong>δὲ</strong></span> <span class='ocrx_word' id='word_1_922' title='bbox 3233 4386 3314 4449; x_wconf 92' lang='grc' dir='ltr'><strong>τὸ,</strong></span> <span class='ocrx_word' id='word_1_923' title='bbox 3335 4387 3682 4454; x_wconf 78' lang='grc' dir='ltr'><strong>Παρέδωκεν</strong></span> 
     </span>
    </p>
   </div>
   <div class='ocr_carea' id='block_1_119' title="bbox 2104 4469 3678 4540">
    <p class='ocr_par' dir='ltr' id='par_1_119' title="bbox 2104 4469 3678 4540">
     <span class='ocr_line' id='line_1_119' title="bbox 2104 4469 3678 4540; baseline -0.003 -13"><span class='ocrx_word' id='word_1_924' title='bbox 2104 4473 2342 4536; x_wconf 75' lang='grc' dir='ltr'><strong>ἑαυτὸν,</strong></span> <span class='ocrx_word' id='word_1_925' title='bbox 2375 4471 2641 4531; x_wconf 88' lang='grc' dir='ltr'><strong>τέθεικεν,</strong></span> <span class='ocrx_word' id='word_1_926' title='bbox 2674 4471 2761 4523; x_wconf 77' lang='grc' dir='ltr'><strong>ἵνα</strong></span> <span class='ocrx_word' id='word_1_927' title='bbox 2789 4469 2936 4540; x_wconf 84' lang='grc' dir='ltr'><strong>δείξῃ</strong></span> <span class='ocrx_word' id='word_1_928' title='bbox 2960 4471 3042 4522; x_wconf 81' lang='grc' dir='ltr'><strong>ὅτι</strong></span> <span class='ocrx_word' id='word_1_929' title='bbox 3073 4470 3212 4523; x_wconf 81' lang='grc' dir='ltr'><strong>ἐκὼν</strong></span> <span class='ocrx_word' id='word_1_930' title='bbox 3235 4472 3296 4522; x_wconf 85' lang='grc' dir='ltr'><strong>τὸ</strong></span> <span class='ocrx_word' id='word_1_931' title='bbox 3321 4471 3491 4532; x_wconf 86' lang='grc' dir='ltr'><strong>πάθος</strong></span> <span class='ocrx_word' id='word_1_932' title='bbox 3517 4487 3678 4523; x_wconf 86' lang='grc' dir='ltr'><strong>κατε-</strong></span> 
     </span>
    </p>
   </div>
   <div class='ocr_carea' id='block_1_120' title="bbox 2103 4552 3681 4624">
    <p class='ocr_par' dir='ltr' id='par_1_120' title="bbox 2103 4552 3681 4624">
     <span class='ocr_line' id='line_1_120' title="bbox 2103 4552 3681 4624; baseline -0.004 -14"><span class='ocrx_word' id='word_1_933' title='bbox 2103 4557 2315 4623; x_wconf 83' lang='grc' dir='ltr'><strong>δέξατο,</strong></span> <span class='ocrx_word' id='word_1_934' title='bbox 2333 4557 2424 4608; x_wconf 76' lang='grc' dir='ltr'><strong>καί</strong></span> <span class='ocrx_word' id='word_1_935' title='bbox 2443 4556 2544 4608; x_wconf 91' lang='grc' dir='ltr'><strong>οὑκ</strong></span> <span class='ocrx_word' id='word_1_936' title='bbox 2566 4554 2781 4624; x_wconf 85' lang='grc' dir='ltr'><strong>ἀνάγκῃ</strong></span> <span class='ocrx_word' id='word_1_937' title='bbox 2803 4553 2925 4606; x_wconf 87' lang='grc' dir='ltr'><strong>οὑδέ</strong></span> <span class='ocrx_word' id='word_1_938' title='bbox 2951 4552 3060 4622; x_wconf 80' lang='grc' dir='ltr'><strong>βία,</strong></span> <span class='ocrx_word' id='word_1_939' title='bbox 3085 4553 3218 4605; x_wconf 77' lang='grc' dir='ltr'><strong>ἀλλὰ</strong></span> <span class='ocrx_word' id='word_1_940' title='bbox 3247 4552 3566 4622; x_wconf 85' lang='grc' dir='ltr'><strong>βουλόμενος</strong></span> <span class='ocrx_word' id='word_1_941' title='bbox 3589 4555 3681 4605; x_wconf 72' lang='grc' dir='ltr'><strong>καὶ</strong></span> 
     </span>
    </p>
   </div>
   <div class='ocr_carea' id='block_1_121' title="bbox 2106 4634 3682 4706">
    <p class='ocr_par' dir='ltr' id='par_1_121' title="bbox 2106 4634 3682 4706">
     <span class='ocr_line' id='line_1_121' title="bbox 2106 4634 3682 4706; baseline -0.005 -13"><span class='ocrx_word' id='word_1_942' title='bbox 2106 4640 2276 4693; x_wconf 88' lang='grc' dir='ltr'><strong>θέλων</strong></span> <span class='ocrx_word' id='word_1_943' title='bbox 2316 4638 2480 4691; x_wconf 76' lang='grc' dir='ltr'><strong>παντὶ</strong></span> <span class='ocrx_word' id='word_1_944' title='bbox 2511 4635 2589 4706; x_wconf 80' lang='grc' dir='ltr'><strong>τῷ</strong></span> <span class='ocrx_word' id='word_1_945' title='bbox 2613 4636 2723 4689; x_wconf 87' lang='grc' dir='ltr'><strong>τῶν</strong></span> <span class='ocrx_word' id='word_1_946' title='bbox 2753 4634 3055 4705; x_wconf 85' lang='grc' dir='ltr'><strong>ἀνθρώπων</strong></span> <span class='ocrx_word' id='word_1_947' title='bbox 3092 4635 3238 4701; x_wconf 87' lang='grc' dir='ltr'><strong>γένει</strong></span> <span class='ocrx_word' id='word_1_948' title='bbox 3279 4635 3376 4704; x_wconf 83' lang='grc' dir='ltr'><strong>τὴν</strong></span> <span class='ocrx_word' id='word_1_949' title='bbox 3407 4636 3682 4704; x_wconf 84' lang='grc' dir='ltr'><strong>σωτηρίαν</strong></span> 
     </span>
    </p>
   </div>
   <div class='ocr_carea' id='block_1_122' title="bbox 2107 4712 3680 4793">
    <p class='ocr_par' dir='ltr' id='par_1_122' title="bbox 2107 4712 3680 4793">
     <span class='ocr_line' id='line_1_122' title="bbox 2107 4712 3680 4793; baseline -0.004 -19"><span class='ocrx_word' id='word_1_950' title='bbox 2107 4718 2660 4793; x_wconf 89' lang='grc' dir='ltr'><strong>πραγματεύσασθαι,</strong></span> <span class='ocrx_word' id='word_1_951' title='bbox 2689 4717 2782 4770; x_wconf 89' lang='grc' dir='ltr'><strong>τὸν</strong></span> <span class='ocrx_word' id='word_1_952' title='bbox 2820 4717 3050 4787; x_wconf 90' lang='grc' dir='ltr'><strong>σταυρὸν</strong></span> <span class='ocrx_word' id='word_1_953' title='bbox 3083 4717 3364 4786; x_wconf 88' lang='grc' dir='ltr'><strong>ὑπέμεινε.</strong></span> <span class='ocrx_word' id='word_1_954' title='bbox 3396 4717 3559 4769; x_wconf 86' lang='grc' dir='ltr'><strong>Ποίαν</strong></span> <span class='ocrx_word' id='word_1_955' title='bbox 3588 4712 3680 4769; x_wconf 80' lang='grc' dir='ltr'><strong>οὖν</strong></span> 
     </span>
    </p>
   </div>
   <div class='ocr_carea' id='block_1_123' title="bbox 2106 4798 3683 4872">
    <p class='ocr_par' dir='ltr' id='par_1_123' title="bbox 2106 4798 3683 4872">
     <span class='ocr_line' id='line_1_123' title="bbox 2106 4798 3683 4872; baseline -0.005 -13"><span class='ocrx_word' id='word_1_956' title='bbox 2106 4807 2224 4859; x_wconf 89' lang='grc' dir='ltr'><strong>κατ’</strong></span> <span class='ocrx_word' id='word_1_957' title='bbox 2249 4804 2405 4868; x_wconf 87' lang='grc' dir='ltr'><strong>ἀξίαν</strong></span> <span class='ocrx_word' id='word_1_958' title='bbox 2427 4801 2648 4872; x_wconf 87' lang='grc' dir='ltr'><strong>ἀγάπην</strong></span> <span class='ocrx_word' id='word_1_959' title='bbox 2665 4798 3035 4866; x_wconf 80' lang='grc' dir='ltr'><strong>ἐπιδείξασθαι</strong></span> <span class='ocrx_word' id='word_1_960' title='bbox 3057 4798 3414 4868; x_wconf 85' lang='grc' dir='ltr'><strong>δυνησόμεθα,</strong></span> <span class='ocrx_word' id='word_1_961' title='bbox 3437 4799 3570 4869; x_wconf 89' lang='grc' dir='ltr'><strong>πρὸς</strong></span> <span class='ocrx_word' id='word_1_962' title='bbox 3593 4799 3683 4851; x_wconf 90' lang='grc' dir='ltr'><strong>τὸν</strong></span> 
     </span>
    </p>
   </div>
   <div class='ocr_carea' id='block_1_124' title="bbox 2105 4882 3679 4954">
    <p class='ocr_par' dir='ltr' id='par_1_124' title="bbox 2105 4882 3679 4954">
     <span class='ocr_line' id='line_1_124' title="bbox 2105 4882 3679 4954; baseline -0.005 -13"><span class='ocrx_word' id='word_1_963' title='bbox 2105 4887 2248 4940; x_wconf 76' lang='grc' dir='ltr'><strong>οὑτω</strong></span> <span class='ocrx_word' id='word_1_964' title='bbox 2278 4885 2536 4940; x_wconf 85' lang='grc' dir='ltr'><strong>πλουσίαν</strong></span> <span class='ocrx_word' id='word_1_965' title='bbox 2560 4884 2656 4953; x_wconf 82' lang='grc' dir='ltr'><strong>τήν</strong></span> <span class='ocrx_word' id='word_1_966' title='bbox 2682 4883 2806 4952; x_wconf 77' lang='grc' dir='ltr'><strong>περὶ</strong></span> <span class='ocrx_word' id='word_1_967' title='bbox 2828 4883 2974 4953; x_wconf 75' lang='grc' dir='ltr'><strong>ἡμᾶς</strong></span> <span class='ocrx_word' id='word_1_968' title='bbox 3001 4883 3226 4954; x_wconf 83' lang='grc' dir='ltr'><strong>ἀγάπην</strong></span> <span class='ocrx_word' id='word_1_969' title='bbox 3243 4882 3679 4951; x_wconf 86' lang='grc' dir='ltr'><strong>ἐπιδειξάμενον;</strong></span> 
     </span>
    </p>
   </div>
   <div class='ocr_carea' id='block_1_125' title="bbox 2108 4963 3681 5039">
    <p class='ocr_par' dir='ltr' id='par_1_125' title="bbox 2108 4963 3681 5039">
     <span class='ocr_line' id='line_1_125' title="bbox 2108 4963 3681 5039; baseline -0.005 -14"><span class='ocrx_word' id='word_1_970' title='bbox 2108 4971 2228 5024; x_wconf 82' lang='grc' dir='ltr'><strong>Κάν</strong></span> <span class='ocrx_word' id='word_1_971' title='bbox 2275 4969 2386 5039; x_wconf 88' lang='lat'><strong>7&amp;9</strong></span> <span class='ocrx_word' id='word_1_972' title='bbox 2426 4967 2596 5037; x_wconf 81' lang='grc' dir='ltr'><strong>αὑτὴν</strong></span> <span class='ocrx_word' id='word_1_973' title='bbox 2631 4964 2728 5035; x_wconf 87' lang='grc' dir='ltr'><strong>τὴν</strong></span> <span class='ocrx_word' id='word_1_974' title='bbox 2762 4965 2943 5035; x_wconf 78' lang='grc' dir='ltr'><strong>ψυχὴν</strong></span> <span class='ocrx_word' id='word_1_975' title='bbox 2967 4964 3231 5036; x_wconf 78' lang='grc' dir='ltr'><strong>προέσθαι.</strong></span> <span class='ocrx_word' id='word_1_976' title='bbox 3263 4963 3681 5034; x_wconf 82' lang='grc' dir='ltr'><strong>καταδεξώμεθα</strong></span> 
     </span>
    </p>
   </div>
   <div class='ocr_carea' id='block_1_126' title="bbox 2108 5046 3684 5123">
    <p class='ocr_par' dir='ltr' id='par_1_126' title="bbox 2108 5046 3684 5123">
     <span class='ocr_line' id='line_1_126' title="bbox 2108 5046 3684 5123; baseline -0.006 -16"><span class='ocrx_word' id='word_1_977' title='bbox 2108 5053 2246 5123; x_wconf 86' lang='grc' dir='ltr'><strong>ὑπέρ</strong></span> <span class='ocrx_word' id='word_1_978' title='bbox 2275 5069 2336 5105; x_wconf 86' lang='grc' dir='ltr'><strong>τε</strong></span> <span class='ocrx_word' id='word_1_979' title='bbox 2363 5051 2471 5105; x_wconf 88' lang='grc' dir='ltr'><strong>τῶν</strong></span> <span class='ocrx_word' id='word_1_980' title='bbox 2505 5047 2671 5102; x_wconf 87' lang='grc' dir='ltr'><strong>αὑτοῦ</strong></span> <span class='ocrx_word' id='word_1_981' title='bbox 2697 5048 2898 5118; x_wconf 90' lang='grc' dir='ltr'><strong>νόμων,</strong></span> <span class='ocrx_word' id='word_1_982' title='bbox 2933 5048 3024 5100; x_wconf 77' lang='grc' dir='ltr'><strong>καὶ</strong></span> <span class='ocrx_word' id='word_1_983' title='bbox 3055 5047 3156 5119; x_wconf 86' lang='grc' dir='ltr'><strong>τῆς</strong></span> <span class='ocrx_word' id='word_1_984' title='bbox 3183 5047 3430 5116; x_wconf 82' lang='grc' dir='ltr'><strong>φυλακῆς</strong></span> <span class='ocrx_word' id='word_1_985' title='bbox 3458 5046 3566 5099; x_wconf 87' lang='grc' dir='ltr'><strong>τῶν</strong></span> <span class='ocrx_word' id='word_1_986' title='bbox 3601 5049 3684 5098; x_wconf 86' lang='grc' dir='ltr'><strong>ἐν-</strong></span> 
     </span>
    </p>
   </div>
   <div class='ocr_carea' id='block_1_127' title="bbox 2108 5129 3684 5204">
    <p class='ocr_par' dir='ltr' id='par_1_127' title="bbox 2108 5129 3684 5204">
     <span class='ocr_line' id='line_1_127' title="bbox 2108 5129 3684 5204; baseline -0.005 -15"><span class='ocrx_word' id='word_1_987' title='bbox 2108 5135 2276 5189; x_wconf 87' lang='grc' dir='ltr'><strong>τολῶν</strong></span> <span class='ocrx_word' id='word_1_988' title='bbox 2305 5133 2413 5188; x_wconf 86' lang='grc' dir='ltr'><strong>τῶν</strong></span> <span class='ocrx_word' id='word_1_989' title='bbox 2446 5133 2576 5204; x_wconf 72' lang='grc' dir='ltr'><strong>παρ’</strong></span> <span class='ocrx_word' id='word_1_990' title='bbox 2596 5130 2762 5185; x_wconf 87' lang='grc' dir='ltr'><strong>αὑτοῦ</strong></span> <span class='ocrx_word' id='word_1_991' title='bbox 2795 5129 3073 5195; x_wconf 78' lang='grc' dir='ltr'><strong>δοθεισῶν,</strong></span> <span class='ocrx_word' id='word_1_992' title='bbox 3114 5131 3234 5184; x_wconf 80' lang='grc' dir='ltr'><strong>οὑδὲ</strong></span> <span class='ocrx_word' id='word_1_993' title='bbox 3267 5130 3410 5183; x_wconf 77' lang='grc' dir='ltr'><strong>οὕτω</strong></span> <span class='ocrx_word' id='word_1_994' title='bbox 3450 5131 3585 5200; x_wconf 85' lang='grc' dir='ltr'><strong>πρὸς</strong></span> <span class='ocrx_word' id='word_1_995' title='bbox 3625 5131 3684 5181; x_wconf 84' lang='grc' dir='ltr'><strong>τὸ</strong></span> 
     </span>
    </p>
   </div>
   <div class='ocr_carea' id='block_1_128' title="bbox 2113 5212 3686 5288">
    <p class='ocr_par' dir='ltr' id='par_1_128' title="bbox 2113 5212 3686 5288">
     <span class='ocr_line' id='line_1_128' title="bbox 2113 5212 3686 5288; baseline -0.004 -18"><span class='ocrx_word' id='word_1_996' title='bbox 2113 5218 2310 5288; x_wconf 92' lang='grc' dir='ltr'><strong>μέτρον</strong></span> <span class='ocrx_word' id='word_1_997' title='bbox 2341 5216 2543 5286; x_wconf 83' lang='grc' dir='ltr'><strong>φθάσαι</strong></span> <span class='ocrx_word' id='word_1_998' title='bbox 2563 5213 2906 5284; x_wconf 86' lang='grc' dir='ltr'><strong>δυνησόμεθα</strong></span> <span class='ocrx_word' id='word_1_999' title='bbox 2940 5213 3040 5282; x_wconf 90' lang='grc' dir='ltr'><strong>τῆς</strong></span> <span class='ocrx_word' id='word_1_1000' title='bbox 3069 5214 3308 5282; x_wconf 86' lang='grc' dir='ltr'><strong>ἀγάπης,</strong></span> <span class='ocrx_word' id='word_1_1001' title='bbox 3337 5213 3402 5284; x_wconf 83' lang='grc' dir='ltr'><strong>ἢν</strong></span> <span class='ocrx_word' id='word_1_1002' title='bbox 3436 5213 3564 5280; x_wconf 58' lang='grc' dir='ltr'><strong>περὶ⁹</strong></span> <span class='ocrx_word' id='word_1_1003' title='bbox 3587 5212 3686 5278; x_wconf 70' lang='grc' dir='ltr'><strong>τὴν</strong></span> 
     </span>
    </p>
   </div>
   <div class='ocr_carea' id='block_1_129' title="bbox 2110 5295 3686 5372">
    <p class='ocr_par' dir='ltr' id='par_1_129' title="bbox 2110 5295 3686 5372">
     <span class='ocr_line' id='line_1_129' title="bbox 2110 5295 3686 5372; baseline -0.004 -19"><span class='ocrx_word' id='word_1_1004' title='bbox 2110 5299 2386 5372; x_wconf 74' lang='grc' dir='ltr'><strong>ἡμετέραν</strong></span> <span class='ocrx_word' id='word_1_1005' title='bbox 2416 5297 2728 5362; x_wconf 79' lang='grc' dir='ltr'><strong>ἐπεδείξατο</strong></span> <span class='ocrx_word' id='word_1_1006' title='bbox 2770 5295 2953 5366; x_wconf 87' lang='grc' dir='ltr'><strong>φύσιν.</strong></span> <span class='ocrx_word' id='word_1_1007' title='bbox 2980 5296 3151 5360; x_wconf 83' lang='grc' dir='ltr'><strong>Αὐτὸς</strong></span> <span class='ocrx_word' id='word_1_1008' title='bbox 3187 5297 3286 5366; x_wconf 83' lang='grc' dir='ltr'><strong>μὲν</strong></span> <span class='ocrx_word' id='word_1_1009' title='bbox 3318 5296 3426 5365; x_wconf 91' lang='lat'><strong>7&amp;9</strong></span> <span class='ocrx_word' id='word_1_1010' title='bbox 3451 5296 3581 5356; x_wconf 80' lang='grc' dir='ltr'><strong>Θεὸς</strong></span> <span class='ocrx_word' id='word_1_1011' title='bbox 3611 5296 3686 5348; x_wconf 83' lang='grc' dir='ltr'><strong>ῶν</strong></span> 
     </span>
    </p>
   </div>
   <div class='ocr_carea' id='block_1_130' title="bbox 2110 5378 3679 5455">
    <p class='ocr_par' dir='ltr' id='par_1_130' title="bbox 2110 5378 3679 5455">
     <span class='ocr_line' id='line_1_130' title="bbox 2110 5378 3679 5455; baseline -0.004 -19"><span class='ocrx_word' id='word_1_1012' title='bbox 2110 5383 2250 5455; x_wconf 87' lang='grc' dir='ltr'><strong>ὑπὲρ</strong></span> <span class='ocrx_word' id='word_1_1013' title='bbox 2297 5381 2600 5454; x_wconf 84' lang='grc' dir='ltr'><strong>ἀνθρώπων</strong></span> <span class='ocrx_word' id='word_1_1014' title='bbox 2650 5380 2808 5434; x_wconf 89' lang='grc' dir='ltr'><strong>τοῦτο</strong></span> <span class='ocrx_word' id='word_1_1015' title='bbox 2847 5378 3172 5443; x_wconf 84' lang='grc' dir='ltr'><strong>κατεδέξατο</strong></span> <span class='ocrx_word' id='word_1_1016' title='bbox 3193 5419 3206 5443; x_wconf 91' lang='grc'><strong>,</strong></span> <span class='ocrx_word' id='word_1_1017' title='bbox 3252 5379 3346 5432; x_wconf 80' lang='grc' dir='ltr'><strong>καὶ</strong></span> <span class='ocrx_word' id='word_1_1018' title='bbox 3407 5380 3679 5447; x_wconf 80' lang='grc' dir='ltr'><strong>Δεσπότης</strong></span> 
     </span>
    </p>
   </div>
   <div class='ocr_carea' id='block_1_131' title="bbox 2108 5461 3686 5537">
    <p class='ocr_par' dir='ltr' id='par_1_131' title="bbox 2108 5461 3686 5537">
     <span class='ocr_line' id='line_1_131' title="bbox 2108 5461 3686 5537; baseline -0.003 -19"><span class='ocrx_word' id='word_1_1019' title='bbox 2108 5465 2390 5537; x_wconf 85' lang='grc' dir='ltr'><strong>τυγχάνων</strong></span> <span class='ocrx_word' id='word_1_1020' title='bbox 2415 5466 2553 5536; x_wconf 87' lang='grc' dir='ltr'><strong>ὑπὲρ</strong></span> <span class='ocrx_word' id='word_1_1021' title='bbox 2575 5463 2797 5529; x_wconf 87' lang='grc' dir='ltr'><strong>δούλων,</strong></span> <span class='ocrx_word' id='word_1_1022' title='bbox 2836 5463 2930 5516; x_wconf 72' lang='grc' dir='ltr'><strong>καί⁵</strong></span> <span class='ocrx_word' id='word_1_1023' title='bbox 2958 5462 3056 5532; x_wconf 92' lang='grc' dir='ltr'><strong>οὑχ</strong></span> <span class='ocrx_word' id='word_1_1024' title='bbox 3085 5463 3226 5533; x_wconf 83' lang='grc' dir='ltr'><strong>ὑπὲρ</strong></span> <span class='ocrx_word' id='word_1_1025' title='bbox 3249 5461 3450 5515; x_wconf 90' lang='grc' dir='ltr'><strong>δούλων</strong></span> <span class='ocrx_word' id='word_1_1026' title='bbox 3472 5461 3686 5523; x_wconf 78' lang='grc' dir='ltr'><strong>ἁπλῶς,</strong></span> 
     </span>
    </p>
   </div>
   <div class='ocr_carea' id='block_1_132' title="bbox 2111 5544 3687 5618">
    <p class='ocr_par' dir='ltr' id='par_1_132' title="bbox 2111 5544 3687 5618">
     <span class='ocr_line' id='line_1_132' title="bbox 2111 5544 3687 5618; baseline -0.004 -15"><span class='ocrx_word' id='word_1_1027' title='bbox 2111 5549 2247 5603; x_wconf 84' lang='grc' dir='ltr'><strong>ἀλλὰ</strong></span> <span class='ocrx_word' id='word_1_1028' title='bbox 2283 5549 2378 5603; x_wconf 79' lang='grc' dir='ltr'><strong>καὶ</strong></span> <span class='ocrx_word' id='word_1_1029' title='bbox 2419 5547 2750 5618; x_wconf 84' lang='grc' dir='ltr'><strong>ἀγνωμόνων</strong></span> <span class='ocrx_word' id='word_1_1030' title='bbox 2783 5545 2876 5600; x_wconf 82' lang='grc' dir='ltr'><strong>καὶ</strong></span> <span class='ocrx_word' id='word_1_1031' title='bbox 2921 5545 3122 5615; x_wconf 80' lang='grc' dir='ltr'><strong>πολλὴν</strong></span> <span class='ocrx_word' id='word_1_1032' title='bbox 3164 5545 3258 5598; x_wconf 72' lang='grc' dir='ltr'><strong>καὶ</strong></span> <span class='ocrx_word' id='word_1_1033' title='bbox 3295 5545 3560 5599; x_wconf 81' lang='grc' dir='ltr'><strong>ἄσπονδον</strong></span> <span class='ocrx_word' id='word_1_1034' title='bbox 3590 5544 3687 5613; x_wconf 85' lang='grc' dir='ltr'><strong>τὴν</strong></span> 
     </span>
    </p>
   </div>
   <div class='ocr_carea' id='block_1_133' title="bbox 2113 5627 3685 5704">
    <p class='ocr_par' dir='ltr' id='par_1_133' title="bbox 2113 5627 3685 5704">
     <span class='ocr_line' id='line_1_133' title="bbox 2113 5627 3685 5704; baseline -0.006 -18"><span class='ocrx_word' id='word_1_1035' title='bbox 2113 5633 2308 5704; x_wconf 73' lang='grc' dir='ltr'><strong>ἔχθραν</strong></span> <span class='ocrx_word' id='word_1_1036' title='bbox 2325 5631 2805 5702; x_wconf 83' lang='grc' dir='ltr'><strong>ἐπιδεικνυμένων.</strong></span> <span class='ocrx_word' id='word_1_1037' title='bbox 2838 5629 2950 5684; x_wconf 76' lang='grc' dir='ltr'><strong>Καὶ</strong></span> <span class='ocrx_word' id='word_1_1038' title='bbox 2979 5629 3139 5692; x_wconf 87' lang='grc' dir='ltr'><strong>αὑτὸς</strong></span> <span class='ocrx_word' id='word_1_1039' title='bbox 3169 5629 3268 5700; x_wconf 83' lang='grc' dir='ltr'><strong>μὲν</strong></span> <span class='ocrx_word' id='word_1_1040' title='bbox 3296 5627 3584 5698; x_wconf 72' lang='grc' dir='ltr'><strong>προλαϐὼν</strong></span> <span class='ocrx_word' id='word_1_1041' title='bbox 3607 5627 3685 5689; x_wconf 89' lang='grc' dir='ltr'><strong>είς</strong></span> 
     </span>
    </p>
   </div>
   <div class='ocr_carea' id='block_1_134' title="bbox 2181 5791 3692 5900">
    <p class='ocr_par' dir='ltr' id='par_1_134' title="bbox 2181 5791 3692 5900">
     <span class='ocr_line' id='line_1_134' title="bbox 2181 5791 3692 5900; baseline -0.001 -59"><span class='ocrx_word' id='word_1_1042' title='bbox 2181 5793 2208 5833; x_wconf 80' lang='lat' dir='ltr'><strong>b</strong></span> <span class='ocrx_word' id='word_1_1043' title='bbox 2232 5791 2314 5841; x_wconf 86' lang='lat' dir='ltr'><strong>Sic</strong></span> <span class='ocrx_word' id='word_1_1044' title='bbox 2336 5792 2480 5842; x_wconf 76' lang='lat' dir='ltr'><strong>Savil.</strong></span> <span class='ocrx_word' id='word_1_1045' title='bbox 2505 5799 2556 5843; x_wconf 71' lang='lat' dir='ltr'><strong>et</strong></span> <span class='ocrx_word' id='word_1_1046' title='bbox 2578 5797 2769 5856; x_wconf 75' lang='lat' dir='ltr'><strong>septem</strong></span> <span class='ocrx_word' id='word_1_1047' title='bbox 2791 5807 2900 5842; x_wconf 88' lang='lat' dir='ltr'><strong>mss.</strong></span> <span class='ocrx_word' id='word_1_1048' title='bbox 2926 5793 3096 5843; x_wconf 81' lang='lat' dir='ltr'><strong>Morel.</strong></span> <span class='ocrx_word' id='word_1_1049' title='bbox 3117 5796 3314 5858; x_wconf 74' lang='grc' dir='ltr'><strong>ὑφορῶν.</strong></span> <span class='ocrx_word' id='word_1_1050' title='bbox 3387 5797 3408 5825; x_wconf 75' lang='grc' dir='ltr'>ε</span> <span class='ocrx_word' id='word_1_1051' title='bbox 3432 5792 3692 5900; x_wconf 47' lang='grc' dir='ltr'><strong>Οξκονοὲίιι</strong></span> 
     </span>
     <span class='ocr_line' id='line_1_135' title="bbox 2184 5853 3691 5900; baseline -0.001 0"><span class='ocrx_word' id='word_1_1052' title='bbox 2184 5865 2229 5900; x_wconf 89' lang='lat' dir='ltr'><strong>m</strong></span> <span class='ocrx_word' id='word_1_1053' title='bbox 2247 5853 2308 5900; x_wconf 84' lang='lat' dir='ltr'><strong>de</strong></span> <span class='ocrx_word' id='word_1_1054' title='bbox 2329 5853 2518 5900; x_wconf 74' lang='lat' dir='ltr'><strong>Chrislo</strong></span> <span class='ocrx_word' id='word_1_1055' title='bbox 2538 5861 2616 5900; x_wconf 72' lang='lat' dir='ltr'><strong>est</strong></span> <span class='ocrx_word' id='word_1_1056' title='bbox 2634 5869 2814 5900; x_wconf 79' lang='lat' dir='ltr'><strong>sermo.</strong></span> <span class='ocrx_word' id='word_1_1057' title='bbox 2827 5857 2888 5900; x_wconf 71' lang='lat' dir='ltr'><strong>de</strong></span> <span class='ocrx_word' id='word_1_1058' title='bbox 2918 5855 3250 5900; x_wconf 73' lang='lat' dir='ltr'><strong>Incarnalione</strong></span> <span class='ocrx_word' id='word_1_1059' title='bbox 3275 5856 3586 5900; x_wconf 75' lang='lat' dir='ltr'><strong>inleilimlur.</strong></span> <span class='ocrx_word' id='word_1_1060' title='bbox 3648 5855 3691 5899; x_wconf 80' lang='lat' dir='ltr'>Ic</span> 
     </span>
    </p>
   </div>
   <div class='ocr_carea' id='block_1_135' title="bbox 2120 5853 3586 5919">
    <p class='ocr_par' dir='ltr' id='par_1_135' title="bbox 2120 5853 3586 5919">
     <span class='ocr_line' id='line_1_136' title="bbox 2120 5853 3586 5919; baseline 0.001 -17"><span class='ocrx_word' id='word_1_1061' title='bbox 2120 5865 2229 5903; x_wconf 82' lang='lat' dir='ltr'><strong>cum</strong></span> <span class='ocrx_word' id='word_1_1062' title='bbox 2247 5853 2308 5919; x_wconf 84' lang='lat' dir='ltr'><strong>d_e</strong></span> <span class='ocrx_word' id='word_1_1063' title='bbox 2329 5853 2518 5919; x_wconf 66' lang='lat' dir='ltr'><strong>QIIrislo</strong></span> <span class='ocrx_word' id='word_1_1064' title='bbox 2538 5861 2616 5904; x_wconf 72' lang='lat' dir='ltr'><strong>est</strong></span> <span class='ocrx_word' id='word_1_1065' title='bbox 2634 5853 2888 5915; x_wconf 67' lang='lat' dir='ltr'><strong>éerlno,dc</strong></span> <span class='ocrx_word' id='word_1_1066' title='bbox 2917 5853 3250 5908; x_wconf 73' lang='lat' dir='ltr'><strong>Incarnaliblie</strong></span> <span class='ocrx_word' id='word_1_1067' title='bbox 3273 5853 3586 5919; x_wconf 76' lang='lat' dir='ltr'><strong>iuleiligilur,</strong></span> 
     </span>
    </p>
   </div>
   <div class='ocr_carea' id='block_1_136' title="bbox 2119 5915 3127 5980">
    <p class='ocr_par' dir='ltr' id='par_1_136' title="bbox 2119 5915 3127 5980">
     <span class='ocr_line' id='line_1_137' title="bbox 2119 5915 3127 5980; baseline 0.001 -16"><span class='ocrx_word' id='word_1_1068' title='bbox 2119 5927 2238 5966; x_wconf 75' lang='lat' dir='ltr'><strong>vero</strong></span> <span class='ocrx_word' id='word_1_1069' title='bbox 2261 5915 2322 5967; x_wconf 86' lang='lat' dir='ltr'><strong>de</strong></span> <span class='ocrx_word' id='word_1_1070' title='bbox 2348 5915 2600 5980; x_wconf 73' lang='lat' dir='ltr'><strong>Passione,</strong></span> <span class='ocrx_word' id='word_1_1071' title='bbox 2627 5925 2680 5968; x_wconf 75' lang='lat' dir='ltr'><strong>ut</strong></span> <span class='ocrx_word' id='word_1_1072' title='bbox 2701 5931 2761 5969; x_wconf 75' lang='lat' dir='ltr'><strong>ex</strong></span> <span class='ocrx_word' id='word_1_1073' title='bbox 2783 5921 2913 5970; x_wconf 74' lang='lat' dir='ltr'><strong>serie</strong></span> <span class='ocrx_word' id='word_1_1074' title='bbox 2955 5919 3127 5980; x_wconf 75' lang='lat' dir='ltr'><strong>liquet.</strong></span> 
     </span>
    </p>
   </div>
  </div>
