4070 6194
443 274 544 332 σει

443 389 694 456 ἀναξίους
712 388 807 442 καὶ
837 388 1005 459 μυρία
1031 389 1358 452 ἐπταικότας
1387 389 1485 459 τὴν
1513 387 1778 456 τοσαύτην
1801 386 2016 456 εὐεργε-

443 476 568 530 σίαν
588 471 917 536 ἐπεδείξατο·
943 473 1102 542 ἡμεῖς
1121 471 1198 536 δέ,
1221 472 1357 541 ὅπερ
1377 471 1444 525 ἂν
1473 469 1837 534 ἐπιδείξασθαι
1863 467 2012 540 [549]

443 555 780 626 δυνηθῶμεν,
816 553 966 607 οὐδὲν
999 554 1142 624 μέγα
1168 553 1428 624 ποιοῦμεν
1452 553 1542 606 τὸν
1579 566 1603 594 ι
1631 552 2014 623 προφθάσαντα

444 642 564 702 ταῖς
589 637 879 701 τοσαύταις
903 637 1240 707 εὐεργεσίαις
1266 639 1416 707 ἡμᾶς
1440 637 1762 706 ἀμείϐεσθαι
1793 633 2016 688 σπουδάο

444 720 647 786 ζοντες.
701 721 783 774 Τά
827 722 934 792 γὰρ
981 721 1113 792 παρ’
1153 720 1332 789 ἡμῶν,
1366 721 1431 773 ἂν
1478 719 1585 791 ἄρα
1627 719 2010 780 ἀκολουθῶσιν,

441 804 643 875 ἀμοιϐή
671 803 755 868 τίς
780 807 896 857 ἐστι
925 804 1019 856 καὶ
1039 803 1225 873 όφειλή
1249 820 1262 832 ·
1296 803 1364 856 τά
1394 803 1450 855 δὲ
1484 803 1612 873 παρ’
1640 802 1826 866 αὐτοῦ,
1855 801 2014 871 χάρις

442 889 536 942 καὶ
561 886 891 955 εὐεργεσίαι,
938 886 1033 940 καὶ
1067 886 1275 956 δωρεᾶς
1310 886 1560 956 μέγεθος.
1607 885 1790 938 Ταῦτα
1836 884 2012 937 τοίνυν

441 970 656 1024 ἅπαντα
670 969 1028 1038 λογιζόμενοι,
1056 969 1429 1038 ἀγαπήσωμεν
1455 969 1546 1021 τὸν
1566 968 1818 1038 Χριστὸν,
1845 966 2011 1020 καθά-

440 1071 548 1125 περ
573 1051 785 1115 Παῦλος
805 1050 966 1104 αὐτὸν
984 1051 1257 1122 ἠγάπησε,
1281 1052 1374 1103 καὶ
1398 1050 1585 1122 μηδεὶς
1603 1052 1733 1120 ἡμῖν
1753 1050 1857 1101 τῶν
1879 1065 2011 1118 παρ-

438 1137 605 1190 όντων
639 1136 776 1188 έστω
815 1133 993 1201 λόγος,
1045 1132 1182 1193 ἀλλὰ
1220 1132 1480 1201 διηνεκῶς
1514 1133 1605 1185 τὸν
1644 1132 1807 1186 αὐτοῦ
1846 1132 2008 1186 πόθον

439 1219 651 1291 ἔχωμεν
685 1215 972 1289 ἱδρυμένον
1015 1215 1172 1286 ἡμῶν
1229 1218 1293 1286 τῇ
1345 1215 1511 1286 ψυχῇ.
1562 1214 1718 1268 Οὕτω
1759 1215 1866 1284 γάρ
1915 1214 2008 1267 καὶ

437 1303 653 1358 πάντων
685 1298 1166 1369 καταγελασόμεθα
1192 1299 1302 1351 τῶν
1328 1298 1420 1351 τοῦ
1449 1299 1714 1370 παρόντος
1745 1298 1878 1368 βίου,
1915 1298 2007 1349 καί¹

435 1384 578 1439 οὕτω
604 1384 701 1455 τὴν
727 1385 828 1454 γῆν
860 1380 1112 1450 καθάπερ
1152 1380 1244 1433 τὸν
1284 1381 1510 1451 οὐρανὸν
1539 1381 1851 1451 οἰκήσομεν,
1883 1380 2005 1432 οὔτε

436 1468 542 1521 ὐπὸ
573 1467 678 1519 τῶν
732 1463 980 1536 χρηστῶν
1025 1461 1260 1517 ἐνταῦθα
1308 1463 1686 1533 χαυνούμενοι,
1731 1461 1853 1515 οὐτε
1901 1461 2005 1514 ὐπὸ

433 1549 542 1602 τῶν
573 1546 832 1617 λυπηρῶν
865 1544 1274 1616 συστελλόμενοι
1295 1561 1308 1574 ο
1350 1544 1486 1599 ἀλλά
1518 1547 1694 1600 πάντα
1727 1544 2004 1616 παρατρέ-

435 1649 620 1703 χοντες
647 1631 781 1701 πρὸς
801 1629 890 1680 τὸν
918 1627 1250 1698 ποθούμενον
1276 1627 1431 1698 ἡμῶν
1464 1629 1738 1698 Δεσπότην
1758 1627 2006 1681 ἐντεῦθεν

435 1710 888 1785 ἐπειχθησόμεθα,
920 1711 1015 1762 καὶ
1047 1711 1182 1779 μήτε
1221 1709 1357 1780 πρὸς
1409 1710 1578 1780 αὐτὴν
1608 1710 1706 1780 τὴν
1751 1710 2005 1781 μέλλησιν

432 1793 886 1866 δυσχερανοῦμεν,
905 1792 1018 1846 ἀλλ’
1043 1791 1276 1862 ἐροῦμεν
1307 1791 1448 1845 κατά
1471 1791 1562 1845 τὸν
1594 1793 1859 1863 μακάριον
1880 1791 2004 1846 τοῦ-

430 1896 524 1932 τον
558 1877 652 1932 καὶ
691 1877 872 1946 ἡμεῖς,
905 1875 986 1928 ὃτι
1011 1875 1072 1926 Ὃ
1103 1874 1219 1927 νῦν
1255 1873 1438 1938 ζῶμεν
1469 1874 1538 1927 ἐν
1564 1875 1766 1942 σαρκὶ,
1805 1875 1874 1928 ἐν
1910 1875 2004 1927 πί-

431 1978 563 2015 στει
599 1959 784 2029 ζῶμεν
815 1955 888 2024 τῇ
914 1956 1019 2010 τοῦ
1063 1955 1199 2009 Υἱοῦ
1234 1955 1340 2009 τοῦ
1381 1956 1550 2018 Θεοῦ,
1578 1955 2005 2024 ἀγαπήσαντος

430 2041 609 2111 ἡμᾶς,
636 2041 734 2094 καί
758 2038 1131 2107 παραδόντος
1149 2038 1369 2091 ἑαυτὸν
1401 2037 1550 2106 ὑπὲρ
1565 2036 1760 2107 ἡμῶνο
1795 2039 1882 2092 ἵνα.
1911 2040 2004 2093 καὶ

429 2127 522 2179 τὸν
537 2125 779 2196 παρόντα
798 2123 912 2194 βίον
923 2122 1142 2186 ἀλύπως
1163 2121 1519 2191 διανύσωμεν,
1543 2123 1636 2175 καὶ
1655 2123 1760 2174 τῶν
1783 2121 2004 2192 μελλόν-

427 2225 538 2262 των
561 2204 777 2276 ἀγαθῶν
788 2203 1091 2258 ἀπολαῦσαι
1113 2203 1561 2273 καταξιωθῶμεν,
1591 2204 1772 2276 χάριτι
1793 2205 1886 2258 καὶ
1913 2222 2002 2273 φι-

427 2289 746 2362 λανθρωπίᾳ
767 2287 862 2341 τοῦ
890 2287 1093 2358 Κυρίου
1121 2286 1277 2358 ήμῶν
1310 2285 1483 2355 Ἰησοῦ
1510 2286 1768 2356 Χριστοῦ,
1803 2287 1919 2357 μεθ’
1943 2281 2004 2340 οῦ

429 2382 506 2454 τῷ
526 2381 722 2451 Πατρὶ,
766 2379 882 2448 ἅμα
928 2377 1007 2448 τῷ
1053 2377 1190 2448 ἁγίῳ
1231 2377 1545 2447 Πνεύματι,
1594 2377 1742 2442 δόξα,
1783 2378 2000 2448 κράτος,

427 2464 584 2535 τιμὴ,
617 2463 710 2516 νῦν
735 2461 830 2516 καὶ
863 2462 968 2526 ἀεὶ,
997 2461 1091 2514 καλ⁸
1119 2461 1199 2523 είς
1231 2460 1354 2522 τούς
1390 2460 1590 2522 αἰῶνας
1626 2460 1733 2511 τῶν
1773 2459 1998 2512 αἰώνων.

441 2547 632 2618 Ἀμήν.

1014 2635 1256 2690 OMIAIA
1295 2635 1419 2688 AE'.

441 2721 701 2790 Ἐγένετο
733 2719 802 2774 δὲ
829 2719 899 2772 ἐν
939 2717 1014 2790 τῇ
1056 2718 1338 2790 βασιλείᾳ
1374 2716 1666 2790 ᾎμαρεαὰθ
1697 2715 2001 2790 βασιᾼέῳς

497 2784 805 2858 Σενναάρ,
825 2784 1023 2858 Ἀριὼχ
1054 2787 1354 2858 ,ϐασιλεὺς
1387 2784 1664 2858 Ἀλασὰρ,
1696 2787 1792 2858 καὶ
1827 2784 2000 2858 Χοδο-

495 2853 753 2928 λογομὸρ
767 2853 1412 2928 βασιλέυςἘλὰμ,-καὶ
1440 2853 1675 2928 Θαρθὰκ
1701 2854 2000 2928 βασιλεὺς

497 2924 617 2981 τῶν
641 2924 850 2980 ’ἐθνῶν
887 2927 1183 2992 ἐποίησαν
1221 2924 1486 2992 πόλεμον
1509 2924 1658 2992 μετὰ
1680 2924 1785 2977 τοῦ
1811 2925 1998 2987 ,βασι-

499 2996 651 3061 λέως
682 2995 798 3048 τῶν
824 2994 1124 3061 Σοδόμων.

499 3087 544 3133 α’
597 3079 757 3145 Μέγα
806 3077 1028 3144 ἀγαθὸν,
1065 3076 1355 3145 ἀγαπητοὶ,
1379 3075 1486 3126 τῶν
1513 3073 1669 3126 θείων
1706 3073 1934 3143 Γραφῶν
1963 3076 1996 3144 ὴ

429 3161 754 3230 ἀνάγνωσις.
781 3158 950 3211 Τοῦτο
980 3158 1074 3228 τὴν
1097 3158 1273 3228 ψυχὴν
1298 3157 1582 3225 φιλόσοφον
1606 3155 1997 3225 ἀπεργάζεται,

427 3246 586 3298 τοῦτο
610 3242 745 3315 πρὸς
766 3242 857 3294 τὸν
880 3240 1106 3311 οὐρανὸν
1139 3239 1423 3310 μεθίστησι
1452 3238 1549 3308 τὴν
1571 3238 1826 3297 διάνοιαν,
1844 3238 2000 3291 τοῦτο

427 3326 748 3397 εὐχάριστον
777 3322 1174 3385 κατασκευάζει
1211 3321 1303 3374 τὸν
1333 3319 1638 3389 ἄνθρωπον,
1680 3318 1837 3372 τοῦτο
1859 3322 2000 3372 ποιεῖ

427 3407 564 3480 πρὸς
589 3406 755 3478 μηδὲν
777 3405 886 3458 τῶν
908 3404 1188 3474 παρόντων
1216 3402 1530 3472 ἐπτοῆσθαι.
1558 3401 1716 3454 τοῦτο
1737 3401 1999 3472 διηνεκῶς

427 3493 544 3544 ἐκεῖ
575 3490 717 3541 ποιεῖ
735 3487 1042 3540 διαιτᾶσθαι
1069 3485 1160 3540 τὸν
1188 3484 1444 3555 λογισμὸν
1474 3484 1567 3536 τὸν
1596 3485 1884 3554 ἡμέτερον,
1906 3485 1999 3536 καὶ

430 3573 567 3643 πρὸς
617 3571 716 3641 τὴν
757 3569 852 3622 τοῦ
902 3570 1172 3622 Δεσπότου
1223 3567 1456 3638 ἀμοιϐὴν
1495 3567 1736 3636 ὁρῶντας
1783 3565 1998 3620 ἅπαντα

428 3655 576 3724 ἡμᾶς
606 3651 1024 3722 διαπράττεσθαι
1045 3690 1059 3712 ,
1097 3651 1190 3702 καὶ
1218 3651 1355 3720 πρὸς
1386 3649 1510 3712 τούς
1545 3650 1644 3718 τῆς
1669 3648 1868 3715 ἀρετῆς
1899 3647 1996 3700 πό-

427 3751 550 3797 νους
580 3731 716 3804 μετά
750 3732 952 3800 πολλῆς
983 3733 1259 3801 ἐγχειρεῖν
1285 3732 1382 3800 τῆς
1420 3730 1743 3800 προθυμίας.
1783 3729 1996 3781 Ἐντεῦ-

428 3817 520 3868 θεν
536 3817 644 3886 γάρ
667 3816 782 3866 ἐστι
814 3813 1003 3882 μαθεῖν
1031 3813 1274 3883 ἀκριϐῶς
1295 3813 1394 3881 τῆς
1416 3813 1635 3882 ταχείας
1665 3811 1997 3881 ἀντιλήψεως

427 3897 521 3950 τοῦ
551 3895 684 3951 Θεοῦ
715 3895 813 3966 τὴν
859 3895 1136 3966 πρόνοιαν,
1167 3893 1274 3948 τῶν
1311 3895 1534 3949 δικαίων
1558 3895 1678 3964 -τὴν
1722 3893 1993 3964 ἀνδρείαν,

427 3977 520 4034 τοῦ
567 3979 832 4032 Δεσπότου
865 3977 962 4048 τὴν
994 3977 1298 4047 ἀγαθότητα
1318 4017 1331 4037 .
1369 3979 1464 4030 καὶ
1517 3976 1624 4030 τῶν
1658 3976 1900 4046 ἀμοιϐῶν
1937 3975 1996 4028 τὸ

430 4049 677 4132 μέγεθος.
737 4059 1012 4114 Ἑντεῦθὲν
1061 4061 1207 4112 ἐστιν
1269 4061 1348 4122 εἰς
1404 4059 1566 4128 ζῆλον
1616 4059 1709 4112 καὶ
1770 4057 1995 4128 μίμησιν

428 4144 768 4216 διεγερθῆναι
813 4145 911 4214 τῆς
962 4142 1276 4210 φιλοσοφίας
1315 4142 1422 4194 τῶν
1464 4142 1724 4210 γενναίων
1765 4139 1992 4210 ἀνδρῶν,

431 4228 526 4282 καὶ
562 4227 636 4296 μὴ
667 4227 873 4295 ναρκᾷν
909 4228 1040 4291 πρὸς
1075 4226 1199 4284 τούς
1229 4224 1327 4292 τῆς
1356 4223 1555 4292 ἀρετῆς
1580 4223 1823 4290 ἀγῶνας,
1860 4219 1997 4273 ἀλλά

431 4309 654 4378 θαρρεῖν
684 4307 775 4357 καὶ
823 4305 927 4374 πρὸ
963 4305 1063 4372 τῆς
1096 4303 1373 4364 ἐκϐάσεως
1401 4306 1520 4365 ταῖς
1547 4304 1697 4373 παρά
1739 4303 1832 4356 τοῦ
1860 4301 1994 4355 Θεοῦ

431 4387 779 4457 ὑποσχέσεσι.
814 4387 890 4437 Δι’
919 4385 968 4449 6,
1007 4384 1326 4456 παρακαλῶ,
1363 4384 1497 4453 μετά
1525 4384 1724 4453 πολλῆς
1760 4382 1995 4452 σπουδῆς

429 4470 530 4539 τὴν
564 4467 869 4536 ἀνάγνωσιν
901 4468 1008 4520 τῶν
1043 4466 1202 4519 θείων
1244 4465 1474 4535 Γραφῶν
1507 4466 1808 4534 ποιώμεθα.
1838 4465 1996 4520 Οῦτω

427 4553 535 4619 γάρ
581 4551 674 4603 καὶ
724 4549 823 4618 τῆς
876 4548 1128 4616 γνώσεως
1184 4548 1610 4618 ἐπιτευξόμεθα,
1662 4551 1708 4601 εί
1758 4551 1994 4620 συνεχῶς

427 4634 670 4703 ἐπίωμεν
718 4632 784 4684 τά
835 4631 1136 4700 ἐγκείμενοι
1202 4630 1334 4683 Οὐδέ
1386 4632 1491 4700 γάρ
1549 4633 1664 4683 ἐστι
1713 4631 1805 4685 τὸν
1860 4633 1995 4702 μετά

429 4715 666 4784 σπουδῆς
699 4715 792 4767 καὶ
824 4713 1018 4766 πολλοῦ
1051 4713 1216 4765 πόθου
1249 4715 1361 4776 τοῖς
1393 4713 1556 4776 θείοις
1603 4714 1993 4784 ἐντυγχάνοντα

427 4798 604 4866 λόγοις
622 4797 651 4836 ιι
681 4797 1032 4868 περιοφθῆναί
1060 4814 1188 4849 ποτε
1210 4813 1222 4825 ·
1258 4796 1392 4849 ἀλλά
1427 4796 1529 4850 κᾶν
1556 4797 1835 4866 ἄνθρωπος
1865 4799 1994 4869 ἡμῖν

434 4883 508 4951 μὴ
551 4880 771 4950 γένηται
801 4879 1112 4942 διδάσκαλος
1138 4923 1152 4943 ,
1199 4879 1359 4942 αὐτὸς
1399 4881 1427 4932 6
1469 4880 1741 4950 Δεσπότης
1787 4881 1994 4935 ἀνωθεν

431 4963 752 5033 ἐμϐατεύων
811 4966 930 5025 ταῖς
987 4962 1229 5034 καρδίαις
1279 4964 1396 5025 ταῖς
1433 4963 1725 5035 ἡμετέραις
1771 4965 1994 5032 φωτίζει

427 5048 526 5116 τὴν
553 5047 811 5107 διάνοιαν,
857 5044 1189 5112 καταυγάζει
1222 5045 1312 5098 τὸν
1354 5044 1634 5114 λογισμὸν,
1667 5047 1994 5100 ἐκκαλύπτει

427 5129 496 5183 τὰ
513 5127 864 5185 λανθάνοντα.
883 5126 1198 5188 διδάσκαλος
1215 5127 1345 5195 ἡμῖν
1362 5127 1569 5193 γίνεται
1588 5128 1696 5180 τῶν
1709 5129 1901 5197 ἀγνοου
1909 5131 1996 5200 μέ-

429 5230 562 5267 νων·
591 5212 748 5280 μόνον
773 5209 926 5282 [550]
942 5209 1036 5262 ἐὰν
1057 5211 1215 5277 ἡμεῖς
1235 5211 1303 5260 τά
1331 5209 1459 5277 παρ’
1491 5211 1698 5263 ἑαυτῶν
1721 5214 1996 5284 εἰσφέρειν

431 5293 768 5363 βουλώμεθα.
803 5291 899 5357 Μὴ
940 5290 1240 5356 καλέσητε
1271 5289 1399 5358 γάρ,
1433 5293 1586 5360 φησὶ,
1624 5293 1997 5348 διδάσκαλον

429 5376 528 5430 ἐπὶ
561 5374 670 5443 τῆς
713 5373 847 5444 τῆς.
901 5372 1149 5426 Ἐπειδὰν
1193 5367 1284 5424 οὖν
1328 5372 1579 5442 λάϐωμεν
1627 5376 1764 5444 μετά
1813 5381 1996 5446 χεῖρας

434 5465 631 5535 βιϐλίον
661 5462 1048 5533 πνευματικὸν,
1092 5459 1460 5523 συντείναντες
1511 5462 1721 5515 ἑαυτῶν
1757 5464 1855 5533 τὴν
1887 5466 1997 5519 διά-

432 5568 598 5610 νοιαν,
642 5551 735 5602 καὶ
779 5546 1175 5615 συναγαγόντες
1207 5545 1298 5596 τὸν
1350 5544 1629 5615 λογισμὸν,
1681 5549 1772 5599 καὶ
1819 5552 1998 5604 πᾶσαν

437 5627 690 5698 βιωτικὴι
722 5630 929 5682 ἔννοιαν
957 5627 1326 5693 ἀπωσάμενοι,
1357 5627 1499 5680 οὕτω
1548 5629 1647 5699 τὴν
1693 5631 1996 5698 ἀνάγνωσιν

439 5710 716 5776 ποιώμεθα
747 5711 883 5778 μετά
915 5709 1112 5776 πολλῆς
1139 5711 1234 5777 τῆς
1262 5710 1544 5772 εὐλαϐείας
1577 5752 1591 5775 ,
1623 5715 1757 5780 μετὰ
1795 5716 1996 5786 πολλῆς

436 5853 470 5902 F
495 5794 523 5820 “
551 5791 645 5840 Alii
673 5790 912 5852 ποιοῦμεν,
935 5790 1015 5840 alii
1038 5794 1260 5855 ποιῶμεν.
1329 5791 1356 5829 δ
1379 5793 1609 5844 Additum
1634 5795 1783 5854 λόγοις
1805 5811 1830 5844 c
1853 5799 1999 5852 Cois'.

457 5865 570 5900 10:1.

457 5865 570 5900 5011‘.

1208 272 1263 328 S.
1305 270 1586 328 JOANNIS
1627 267 2114 339 CIIBYSOSTOMI
2146 269 2460 330 ARCHIEP.
2500 276 3041 334 CONSTANTINOP.

3574 279 3681 334 5'22

2116 385 2216 455 τῆς
2245 391 2517 461 προσοχῆς
2537 431 2552 454 ,
2587 392 2673 446 ἵνα
2699 393 3014 464 δυνηθῶμεν
3061 391 3167 444 ὐπὸ
3203 389 3294 444 τοῦ
3321 389 3476 459 ἁγίου
3509 392 3683 446 Πνεύ-

2118 485 2285 536 ματος
2317 472 2648 544 όδηγηθῆναι
2677 476 2770 527 ἐπί
2797 475 2895 545 τὴν
2923 474 3249 544 κατανόησιν
3293 473 3403 526 τῶν
3434 491 3683 545 γεγραμ-

2121 551 2316 620 μένων,
2349 557 2444 609 καὶ
2486 558 2685 629 πολλὴν
2716 558 2924 612 ἐκεῖθεν
2957 559 3054 629 τὴν
3081 558 3350 626 ὠφέλειαν
3392 558 3685 629 καρπώσα-

2115 633 2256 688 σθαι.
2285 638 2394 690 Καὶ
2425 640 2534 711 γὰρ
2556 642 2585 692 ό
2611 639 2864 710 εὐνοῦχος
2892 641 3098 703 ἐκεῖνος
3126 642 3154 693 6
3193 638 3484 710 βάρϐαρος,
3521 643 3550 694 ὁ
3580 641 3683 708 τῆς

2115 715 2432 793 βασιλίσσης
2461 723 2752 787 Αἰθιόπων,
2787 723 2845 774 ἐν
2871 722 3105 793 τοσαύτῃ
3133 723 3414 792 τυγχάνων
3441 739 3682 792 περιφα-

2112 799 2252 871 νείᾳ,
2272 803 2364 856 καὶ
2385 805 2478 856 ἐπὶ
2503 805 2596 857 τοῦ
2629 805 2898 874 ὀχήματος
2927 803 3379 875 φερόμενος,οὐδέ
3407 806 3465 856 ἐν
3487 804 3683 872 ἐκείνῳ

2110 880 2187 950 τῷ
2211 885 2388 955 καιρῷ
2415 886 2514 956 τῆς
2543 885 2900 954 ἀναγνώσεως
2928 887 3151 957 ⁴ἰιμέλει,
3183 885 3319 938 ἀλλά
3340 885 3432 937 τὸν
3463 887 3679 954 προφήο
3743 956 3752 960 ἡ

2110 981 2210 1036 την
2243 967 2381 1037 ἔχων
2411 968 2549 1038 μετά
2573 972 2790 1040 χεῖρας,
2819 968 3018 1039 πολλὴν
3045 969 3281 1021 ἐποιεῖτο
3305 968 3403 1037 τὴν
3445 966 3680 1037 σπουδὴν

2109 1049 2247 1119 πρὸς
2278 1051 2374 1121 τὴν
2401 1051 2707 1120 ἀνάγνωσιν
2723 1061 2771 1117 ο,
2821 1052 2914 1104 καὶ
2955 1051 3126 1104 ταῦτα
3155 1051 3255 1104 οὐκ
3286 1050 3441 1113 εἰδὼς
3495 1050 3563 1102 τά
3587 1052 3680 1116 ἐγ-

2111 1131 2368 1202 κείμεναο
2407 1134 2520 1186 ἀλλ’
2575 1135 2725 1204 ὅμως
2759 1133 2947 1203 ἐπειδὴ
2988 1133 3058 1187 τά
3102 1134 3234 1203 παρ’
3268 1133 3461 1186 ἑαυτοῦ
3499 1133 3682 1186 πάντα

2109 1214 2414 1284 εἰσήνεγκε,
2443 1214 2540 1286 τὴν
2570 1215 2823 1285 σπουδὴν,
2858 1217 2956 1286 τὴν
3000 1214 3330 1286 προθυμίαν,
3377 1215 3476 1285 τὴν
3507 1230 3680 1282 προσο

2107 1295 2258 1366 οχὴν,
2290 1297 2520 1368 ἐπέτυχε
2564 1297 2660 1350 τοῦ
2702 1298 3193 1370 καθοδηγήσαντος.
3241 1299 3521 1368 Ἐννόησον
3567 1297 3680 1367 γάρ

2109 1394 2198 1447 μοι
2223 1378 2344 1431 ὅσον
2368 1374 2458 1450 ἦν,
2495 1381 2630 1450 μήτε
2674 1381 3056 1452 ὁδοιποροῦντα
3099 1381 3372 1452 ἀμελῆσαι
3401 1380 3501 1449 τῆς
3545 1381 3679 1432 ἀνα-

2107 1459 2380 1528 γνώσεως,
2398 1463 2493 1515 καὶ
2522 1462 2694 1516 ταῦτα
2717 1465 2802 1517 ἐπ’
2823 1465 3095 1535 ὀχήματος
3121 1466 3449 1535 καθήμενον.
3469 1464 3678 1516 ’Δκουέ-

2103 1558 2282 1595 τωσαν
2313 1544 2362 1595 οἰ
2399 1544 2532 1614 μηδὲ
2575 1546 2668 1598 ἐπὶ
2694 1545 2794 1615 τῆς
2840 1546 3012 1609 οἰκίας
3041 1547 3199 1600 τοῦτο
3245 1547 3463 1616 ποιῆσαι
3507 1562 3677 1599 κατα-

2104 1626 2406 1698 δεχόμενοι,
2446 1627 2582 1680 ἀλλά
2608 1629 2919 1695 νομίζοντες
2954 1629 3228 1701 πάρεργον
3259 1625 3394 1681 εἶναι
3433 1626 3526 1696 τὴν
3551 1626 3677 1680 τού-

2105 1727 2213 1763 των
2259 1711 2584 1779 ἀνάγνωσιν,
2631 1712 2725 1764 καὶ
2763 1711 2850 1765 διά
2891 1712 2953 1764 τὸ
2998 1712 3218 1780 γυναικὶ
3259 1713 3542 1773 συνοικεῖν,
3578 1709 3675 1761 καὶ

2108 1792 2360 1865 στρατείᾳ
2415 1793 2804 1862 κατειλῆφθαι,
2835 1793 2928 1848 καὶ
2965 1794 3191 1848 παιδίων
3221 1791 3544 1866 φροντίζειν,
3577 1792 3675 1844 καὶ

2105 1874 2329 1927 οἰκετῶν
2357 1874 2750 1945 ἐπιμελεῖσθαι,
2780 1877 2874 1929 καὶ
2916 1877 3116 1946 ἐτέρων
3150 1876 3489 1947 πραγμάτων
3525 1874 3673 1943 ἔχειν

2107 1957 2384 2026 φροντίδα,
2413 1956 2486 2028 μὴ
2511 1958 2806 2028 προσήκειν
2831 1959 3013 2022 αὐτοῖς
3030 1958 3057 1997 ἀ
3092 1959 3217 2029 περὶ
3245 1959 3345 2029 τὴν
3371 1957 3478 2010 τῶν
3510 1955 3674 2009 θείων

2104 2038 2336 2109 Γραφῶν
2362 2040 2666 2108 ἀνάγνωσιν
2703 2039 2846 2109 ἔχειν
2885 2042 3140 2108 σπουδήν.
3184 2041 3316 2092 ἰδού
3355 2040 3464 2108 γὰρ
3494 2039 3673 2090 εὐνοῦ-

2105 2137 2218 2189 χος,
2247 2119 2530 2192 ἄνθρωπος
2565 2120 2872 2193 βάρϐαρος,
2904 2123 3186 2192 ἀμφότερα
3220 2121 3379 2174 ἰκανά
3425 2123 3502 2179 είς
3541 2121 3674 2172 πολ-

2104 2202 2201 2272 λὴν
2246 2203 2519 2274 ρᾳθυμίαν
2567 2204 2842 2274 ἐμϐαλεῖν,
2892 2205 2984 2258 καὶ
3033 2206 3169 2276 μετὰ
3194 2207 3396 2258 τούτων
3433 2207 3466 2275 ἡ
3499 2203 3673 2274 πολλὴ

2106 2287 2462 2356 περιφάνεια,
2509 2288 2604 2340 τοῦ
2653 2288 2880 2341 πλούτου
2915 2291 2947 2359 ἡ
2999 2289 3284 2359 περιουσία
3305 2326 3320 2352 ,
3356 2289 3486 2340 αὐτὸ
3523 2287 3582 2340 τὸ
3610 2289 3672 2338 ἐν

2105 2369 2378 2440 ὁδοιπορίᾳ
2428 2364 2568 2423 εἶναι
2616 2371 2710 2423 καὶ
2753 2370 2840 2422 ἐπ’
2885 2371 3160 2440 ὀχήματος
3213 2369 3502 2440 φέρεσθαι’
3547 2369 3671 2424 οὐδὲ

2105 2451 2212 2520 γὰρ
2242 2451 2422 2520 ῥᾴδιον
2453 2451 2754 2518 ἀναγνώσει
2799 2453 3084 2524 προσέχειν
3130 2451 3208 2523 τῷ
3252 2451 3423 2515 οὕτως
3460 2453 3670 2505 ὁδοιπο-

2107 2532 2304 2601 ροῦντι,
2334 2532 2470 2585 ἀλλά
2510 2533 2601 2585 καὶ
2627 2534 2828 2604 σφόδρα
2857 2534 3116 2605 δυσχερές
3139 2552 3152 2566 ο
3186 2534 3300 2587 ἀλλ’
3338 2535 3485 2604 ὅμως
3513 2535 3540 2586 6
3570 2532 3669 2585 πό-

2103 2616 2192 2677 θος
2225 2614 2318 2667 καὶ
2345 2617 2378 2685 ή
2407 2616 2574 2686 πολλὴ
2626 2617 2829 2687 σπουδὴ
2863 2617 3038 2670 πάντα
3067 2617 3136 2671 τά
3168 2616 3464 2688 κωλύματα
3505 2617 3670 2668 ἐκπο-

2100 2695 2206 2749 δὼν
2237 2700 2489 2762 ἐποιεῖτο,
2537 2699 2630 2750 καὶ
2677 2699 2852 2769 είχετο
2890 2700 2987 2768 τῆς
3018 2700 3375 2766 ἀναγνώσεως
3395 2741 3412 2765 ,
3442 2698 3535 2750 καὶ
3566 2697 3671 2750 οὐκ

2101 2779 2250 2848 ἔλεγε
2284 2779 2472 2844 ταῦτα,
2519 2780 2556 2835 ἃ
2593 2779 2688 2834 νῦν
2735 2781 2918 2834 πολλοὶ
2961 2781 3234 2850 λέγουσιν·
3266 2782 3328 2835 οὐ
3359 2781 3461 2834 νοῶ
3483 2781 3552 2834 τὰ
3581 2782 3670 2847 ἐγο

2102 2863 2350 2931 κείμενα,
2383 2864 2443 2915 οὐ
2469 2862 2703 2933 δύναμαι
2733 2865 2970 2916 συνιέναι
3008 2865 3068 2916 τὸ
3101 2863 3260 2933 βάθος
3287 2862 3396 2916 τῶν
3427 2879 3668 2932 γεγραμο

2105 2946 2280 3016 μένων
2303 2963 2316 2975 ’
2361 2947 2503 3010 τίνος
2534 2947 2718 3000 ἐνεκεν
2775 2947 2961 3010 ἁπλῶς
3003 2949 3096 3002 καὶ
3129 2948 3248 3016 εἰκῆ
3296 2946 3389 2998 τὸν
3425 2947 3668 3016 κάματον

2102 3028 2375 3098 ὑπομενῶ,
2421 3029 2804 3097 ἀναγινώσκων
2835 3031 2926 3084 καὶ
2955 3032 3056 3083 οὐκ
3081 3031 3217 3100 ἔχων
3267 3031 3359 3082 τὸν
3409 3029 3666 3099 ὁδηγῆσαι

2098 3110 2425 3180 δυνάμενον;
2463 3111 2626 3163 Οὐδὲν
2658 3111 2858 3165 τούτων
2903 3111 3184 3180 ἐλογίσατο
3207 3113 3236 3164 6
3263 3111 3531 3183 βάρϐαρος
3567 3111 3666 3181 μὲν

2101 3191 2195 3261 τὴν
2227 3192 2472 3259 γλῶσσαν
2495 3233 2510 3256 ,
2544 3192 2832 3262 φιλόσοφος
2879 3193 2935 3245 δὲ
2967 3195 3066 3264 τὴν
3099 3194 3367 3247 διάνοιαν·
3417 3194 3529 3247 ἀλλ’
3575 3197 3666 3246 ἐν·

2101 3277 2295 3345 νοήσας
2322 3274 2394 3338 ὡς
2429 3276 2490 3328 οὐ
2520 3276 2976 3346 περιοφθήσεται,
3016 3275 3151 3330 ἀλλά
3181 3277 3389 3346 ταχέως
3431 3277 3667 3329 ἀπολαύ·

2103 3374 2183 3409 σει
2213 3358 2310 3426 τῆς
2328 3356 2536 3410 ἀνωθεν
2571 3359 2761 3429 ῥοπῆς,
2793 3361 2841 3411 εί
2867 3358 2936 3411 τὰ
2963 3359 3092 3428 παρ’
3123 3359 3316 3411 ἐαυτοῦ
3349 3359 3444 3412 καὶ
3486 3359 3554 3410 τά
3579 3360 3665 3420 είς

2099 3439 2326 3508 δύναμιν
2372 3440 2718 3505 ἐπιδείξαιτο,
2766 3440 2940 3510 εἴχετο
2990 3441 3089 3510 τῆς
3135 3441 3514 3508 ἀναγνώσεως.
3566 3443 3665 3492 Διά

2098 3521 2255 3575 τοῦτο
2277 3524 2306 3575 6
2337 3522 2713 3593 φιλάνθρωπος
2755 3524 3030 3594 Δεσπότης
3065 3526 3204 3595 ὁρῶν
3237 3524 3400 3577 αὐτοῦ
3445 3524 3535 3576 τὸν
3565 3525 3661 3575 πό-

2099 3603 2211 3667 θον,
2265 3604 2324 3656 οὐ
2370 3605 2655 3674 περιεῖδεν,
2705 3604 2764 3656 οὐ
2811 3605 3096 3658 κατέλιπεν
3146 3606 3500 3676 ἀπρονόητον,
3549 3606 3664 3659 ἀλλ’

2097 3687 2298 3749 εὐθέως
2345 3686 2493 3756 αὐτῷ
2555 3686 2645 3738 τὸν
2692 3686 3008 3740 διδάσκαλον
3056 3688 3285 3758 ἔπεμψε.
3339 3689 3410 3740 Σύ
3462 3689 3519 3741 δέ
3573 3707 3661 3759 μοι

2101 3769 2304 3822 σκόπει
2327 3770 2426 3838 τὴν
2470 3769 2563 3822 τοῦ
2610 3770 2745 3822 Θεοῦ
2787 3772 3018 3840 σοφίαν,
3068 3773 3182 3836 πῶς
3229 3773 3420 3843 ἔμενον
3460 3774 3662 3827 ἐκεῖνον

2098 3851 2361 3921 πρότερον
2399 3852 2466 3906 τά
2498 3853 2627 3922 παρ’
2666 3852 2859 3906 ἑαυτοῦ
2899 3855 3246 3922 εἰσενεγκεῖν,
3288 3855 3382 3908 καὶ
3419 3857 3538 3908 τότε
3562 3856 3659 3924 τὴν

2097 3933 2300 3987 οἰκείαν
2342 3933 2621 4004 ἀντίληψιν
2666 3935 3051 3990 ἐπιδείκνυται.
3099 3936 3249 3990 Ἐπεὶ
3280 3933 3373 3991 οὖν
3416 3938 3483 3990 τά
3532 3939 3656 4007 παρ’

2098 4015 2289 4069 ἐαυτοῦ
2319 4017 2494 4070 πάντα
2523 4019 2842 4088 ἀπήρτιστο,
2860 4017 3042 4071 λοιπὸν
3065 4018 3217 4090 ὤφθη
3242 4020 3270 4071 6
3297 4021 3525 4089 ἄγγελος
3547 4022 3656 4073 Κυ-

2101 4099 2213 4169 ρίου
2236 4099 2407 4168 λέγων
2429 4099 2506 4168 τῷ
2527 4100 2775 4171 Φιλίππῳ
2792 4118 2805 4132 ο
2824 4102 3106 4168 Ἀναστὰς
3130 4105 3392 4171 πορεύου
3421 4104 3515 4158 ἐπὶ
3543 4102 3652 4168 τὴν

2097 4181 2240 4235 ὀδόν
2276 4181 2391 4250 τὴν
2444 4183 2926 4238 καταϐαίνουσαν
2977 4185 3095 4238 ἀπὸ
3144 4183 3534 4256 Ἰερουσαλὴμ
3571 4188 3654 4250 είς

2096 4262 2475 4328 Γάζαν,αὖτη
2502 4265 2674 4319 ἐστίν
2691 4266 2928 4334 ἕρημος.
2953 4266 3062 4321 Καὶ
3089 4267 3408 4336 ίδοὺ,ἁνὴρ
3422 4270 3650 4335 Almo-gn

2096 4344 2405 4414 δυνάστης
2429 4347 2720 4415 εὐνοῦχος
2748 4348 3065 4416 Κανδάκης
3085 4387 3099 4411 ,
3144 4348 3293 4420 [551]
3332 4351 3441 4417 τῆς
3479 4351 3650 4414 ,βασι-

2095 4428 2324 4495 λίσσης
2371 4429 2684 4492 Αἰθιόπων,
2715 4428 2782 4494 ὃς
2810 4429 3072 4494 ἐλήλυθε
3102 4431 3545 4500 προσκυνήσων
3569 4434 3654 4496 εἰς

2108 4509 2517 4579 Ἰερουσαλὴμ,
2567 4511 2666 4564 καί
2711 4507 2889 4576 οὗτος
2943 4513 3283 4581 ὑπέστρεψε
3332 4514 3653 4583 καθήμενος

2096 4591 2194 4643 ἐπί
2251 4592 2356 4646 τοῦ
2409 4592 2666 4661 ἅρματος
2718 4595 2922 4659 αὑτοῦ,
2983 4595 3079 4648 καὶ
3135 4596 3499 4664 ἀνεγίνωσκε
3555 4596 3654 4648 τδν

2101 4674 2420 4742 προφήτην
2455 4675 2716 4730 Ἡσαΐαν.
2750 4677 2889 4747 Ὅρα
2924 4678 3040 4742 πῶς
3083 4679 3321 4750 ἀκριϐῶς
3367 4682 3495 4749 ἡμῖν
3541 4679 3650 4746 διηη

2097 4761 2303 4830 γήσατο
2331 4759 2358 4811 6
2379 4757 2474 4826 τὴν
2505 4757 2685 4825 βίϐλον
2713 4760 2949 4830 γράψας,
2997 4760 3183 4824 εἰπὼν,
3227 4763 3309 4814 ὅτι
3339 4761 3544 4829 Αἰθίοψ,
3574 4762 3653 4812 Iv:

2097 4843 2312 4912 γνῶμεν
2341 4841 2420 4892 ὅτι
2457 4839 2727 4910 βάρϐαρος
2758 4838 2825 4912 ἦν
2846 4857 2858 4869 °
2889 4840 3007 4896 εἶτά
3036 4860 3219 4913 φησιν,
3258 4845 3339 4896 ὅτι
3365 4846 3653 4913 Δυνάστης,

2097 4927 2178 4978 ὅτι
2202 4925 2258 4976 ἐν
2288 4923 2555 4993 ἀξιώματι
2598 4924 2838 4994 μεγίστῳ
2871 4926 2963 4978 καὶ
2992 4927 3320 4997 περιφανείᾳ
3346 4928 3654 4996 ἐτύγχανεν,

2105 5010 2199 5072 Ὃς
2211 5007 2358 5075 ἑ.ὶηλ
2367 5007 2488 5060 ὐθει
2497 5045 2510 5069 ,
2530 5023 2603 5074 φτῖ
2611 5007 2682 5066 σὶ,
2700 5006 3145 5074 προσκυνήσων
3159 5011 3244 5073 είς
3258 5010 3651 5077 Ἰερουσαλήμ.

2099 5091 2241 5159 Ὅρα
2276 5089 2490 5158 καὶτὴν
2515 5088 2787 5159 πρόφασιν
2807 5088 2968 5142 αὐτοῦ
2999 5091 3096 5159 τῆς
3119 5092 3446 5162 ἀποδημίας,
3475 5094 3656 5160 ἱκανὴν

2097 5168 2260 5224 οὖσαν
2282 5172 2446 5235 δεῖξαι
2477 5171 2535 5222 τὸ
2561 5170 2802 5238 φιλόθεον
2825 5171 2990 5225 αὐτοῦ
3021 5177 3119 5242 τῆς
3139 5175 3364 5246 γνώμης
3382 5192 3394 5206 ·
3428 5177 3533 5228 ἰδοὺ
3555 5176 3654 5246 γάρ

2100 5255 2271 5324 πόσην
2303 5254 2418 5305 ὁδὸν
2461 5252 2752 5315 στέλλεται,
2787 5253 2927 5308 ὥστε
2971 5255 3068 5326 τὴν
3116 5257 3482 5328 προσκύνησιν
3527 5259 3650 5308 ἀπο-

2097 5335 2276 5387 δοῦναι
2315 5335 2391 5404 τῷ
2427 5334 2687 5406 Δεσπότῃ.
2721 5338 2840 5389 Ἔτι
2872 5338 2978 5408 γὰρ
3009 5337 3258 5408 ἐνόμιζον
3297 5340 3354 5390 ἐν
3405 5341 3482 5393 ἐνὶ
3515 5340 3655 5406 τόπῳ

2101 5417 2514 5483 συγκεκλεῖσθαι
2542 5421 2640 5487 τὴν
2682 5419 2954 5492 λατρείαν,
3013 5423 3105 5474 καὶ
3154 5422 3242 5474 διὰ
3276 5421 3436 5475 τοῦτο
3469 5421 3654 5490 πολλὴν

2098 5499 2213 5551 ὁδὸν
2249 5500 2588 5570 στελλόμενοι
2616 5503 2728 5554 ἐκεῖ
2767 5501 2864 5564 τὰς
2910 5503 3077 5573 εὐχὰς
3117 5504 3380 5574 ἀνέφερον
3404 5523 3415 5533 ·
3461 5503 3546 5557 διά
3578 5520 3652 5554 τοι

2097 5583 2252 5636 τοῦτο
2286 5586 2378 5636 καὶ
2410 5580 2564 5647 οὗτος
2598 5587 2928 5655 παρεγένετο
2951 5628 2964 5651 ,
3008 5588 3134 5640 ἔνθα
3165 5590 3192 5642 6
3226 5589 3352 5651 ναὸς
3395 5585 3462 5658 ἦν
3505 5587 3593 5639 καὶ
3624 5586 3652 5654 ἡ

2168 5747 2188 5771 ⁸⁵
2216 5743 2362 5809 Sayil.
2397 5744 2728 5809 rﬁv__axow3ﬁv
2758 5746 2816 5809 τὰ
2852 5747 2972 5809 κατὰ
3010 5748 3094 5804 τήν
3126 5748 3403 5809 ἀνάγνωσιν.
3448 5750 3660 5807 Quatuor

2103 5817 2216 5866 mss.
2241 5805 2324 5859 τήν
2347 5806 2554 5866 σπουδὴν
2583 5807 2809 5866 μετάᾉτήν
2839 5808 3112 5866 ἀνάγνωσιν.
3144 5805 3310 5856 Mni‘nl.
3341 5813 3426 5866 τήν
3457 5805 3664 5863 σπουδὴν

2102 5865 2214 5926 πρὸς
2245 5865 2327 5919 τήν
2360 5865 2633 5924 ἀνάγνωσιν.
2701 5864 2726 5903 (1
2752 5864 2974 5928 ρυίιιηιιρ
3001 5883 3108 5917 mss.
3141 5871 3324 5930 αὐτούς,
3379 5864 3472 5920 non
3515 5871 3656 5917 male.
