4084 6214
427 306 522 368 321
1380 297 1444 352 IN
1481 297 1629 354 CAP.
1672 295 1806 350 XIV.
1849 289 1994 347 GENI

2136 286 2362 346 ιιοωι.
2403 289 2614 344 XXXV.

425 417 675 476 inimicis.
719 416 790 471 Et
817 415 929 485 ipse
958 412 1102 482 prior
1132 411 1184 466 in
1229 409 1472 481 indignos
1518 421 1573 466 et
1615 409 1806 465 millies
1831 407 2003 476 lapsos

429 518 631 566 tantam
657 505 881 563 contulit
925 503 1328 559 beneficentiam
1369 522 1382 556 :
1434 515 1531 554 nos
1577 508 1752 554 autem
1797 495 2003 552 etiamsi

428 603 685 658 faciamus
724 610 1075 669 quatcumque
1119 594 1444 664 poterimus,
1476 591 1602 646 nihil
1633 604 1878 660 magnum
1925 587 2002 640 fa-

425 696 630 750 ciemus
651 735 666 759 ,
695 703 754 748 ut
778 691 826 747 ei
855 690 944 760 qui
988 703 1084 743 nos
1113 688 1270 741 tantis
1301 686 1572 741 beneficiis
1602 683 1875 754 prarvenit,
1906 680 2005 735 ali-

427 785 552 857 quid
599 783 973 853 rependamus.
1006 780 1194 834 Nostra
1245 778 1386 832 enim
1419 818 1432 841 ,
1479 775 1521 829 si
1547 791 1648 844 qua
1677 781 1996 842 sequuntur,

427 877 705 932 retributio
731 873 946 944 quidem
974 881 1098 927 sunt
1123 880 1178 926 et
1205 869 1477 930 debitum;
1510 867 1650 921 illius
1673 874 1849 918 autem
1879 870 2003 916 sunt

425 967 592 1037 gratia
636 975 694 1021 et
737 963 1031 1028 beneficia,
1059 960 1462 1032 largitionisque
1504 955 1828 1027 magnitudo.
1878 955 2002 1008 [lare

426 1058 586 1128 igitur
613 1058 790 1112 omnia
838 1055 1170 1125 cogitantes,
1221 1053 1501 1122 diligamus
1548 1049 1815 1104 Christum
1864 1048 2002 1102 sicut

428 1148 625 1202 Paulus
670 1149 840 1217 ipsum
889 1145 1116 1210 dilexit,
1145 1144 1449 1212 nullamque
1479 1141 1817 1212 pratsentium
1849 1139 2002 1192 ratio-

426 1256 546 1293 nein
575 1237 882 1302 habeamus,
902 1235 996 1290 sed
1021 1243 1330 1303 perpetuum
1349 1231 1461 1302 ejus
1482 1245 1717 1284 amorem
1750 1230 1798 1281 in
1827 1227 1998 1281 anima

428 1337 608 1382 nostra
659 1327 866 1380 firmum
911 1334 966 1380 et
1011 1323 1252 1380 stabilem
1293 1337 1586 1377 servemus.
1630 1319 1704 1373 Ita
1751 1320 1892 1373 enim
1948 1326 2002 1373 et

425 1419 600 1472 omnia
629 1432 749 1487 qua:
790 1417 842 1470 in
880 1415 978 1470 hac
1005 1415 1109 1468 vita
1137 1422 1280 1480 sunt,
1312 1411 1690 1473 dcridebimus,
1723 1419 1776 1464 et
1805 1419 1998 1463 terram

425 1509 572 1578 quasi
598 1509 784 1563 caelum
807 1507 1238 1572 inhabitabimus,
1268 1519 1440 1573 neque
1464 1519 1528 1557 ex
1551 1502 1817 1574 prosperis
1841 1501 2000 1556 rebus

427 1597 763 1652 remissiores
778 1597 997 1660 erimus,
1015 1609 1187 1664 neque
1202 1610 1265 1649 cx
1283 1593 1520 1648 adversis
1535 1590 1963 1647 contristabimur
1983 1608 1996 1643 :

423 1690 517 1742 sed
548 1687 795 1743 omnibus
837 1686 1118 1756 prmteritis
1147 1686 1212 1739 ad
1260 1684 1539 1738 amabilem
1589 1682 1867 1736 Dominum
1901 1696 1999 1733 no-

423 1791 591 1834 strum
623 1780 746 1834 hinc
772 1778 1160 1840 festinabimus,
1209 1791 1382 1845 neque
1407 1775 1711 1828 dilationem
1736 1772 1999 1842 gravatim

423 1873 678 1936 feremus,
707 1869 800 1924 sed
832 1885 972 1924 nunc
999 1877 1052 1923 et
1081 1883 1177 1922 nos
1202 1867 1339 1922 sicut
1373 1867 1555 1920 beatus
1602 1865 1690 1919 ille
1720 1864 1958 1918 dicemus
1979 1905 1995 1929 ,

427 1965 572 2030 Quod
594 1979 724 2017 nunc
752 1963 960 2016 vivimus
987 1961 1040 2016 in
1067 1976 1238 2025 carne,
1272 1960 1323 2012 in
1351 1958 1454 2028 fide
1490 1957 1699 2010 vivimus
1723 1953 1847 2008 Filii
1883 1954 1996 2018 Dei,

422 2056 506 2124 qui
533 2055 706 2108 dilexit
752 2070 863 2122 nos,
894 2063 938 2108 et
965 2053 1285 2122 semetipsum
1313 2049 1521 2105 tradidit
1551 2065 1643 2118 pro
1676 2047 1818 2101 nobis
1854 2045 1995 2120 (Gal.

423 2147 477 2198 2.
519 2147 614 2217 30)
639 2164 651 2198 :
683 2155 740 2201 ut
766 2155 821 2201 et
847 2155 1162 2215 prmsentem
1191 2144 1352 2198 vitam
1380 2143 1581 2212 absque
1617 2154 1846 2196 maerore
1875 2153 1997 2207 per-

427 2239 686 2303 ficiamus,
735 2245 789 2291 et
835 2235 1026 2290 futuris
1055 2235 1209 2290 bonis
1248 2234 1348 2288 frui
1379 2246 1712 2297 mereamur,
1753 2229 1919 2300 gratia
1946 2236 2000 2282 et

425 2327 790 2383 misericordia
832 2327 1038 2382 Domini
1078 2326 1246 2380 nostri
1285 2325 1412 2380 Jesn
1455 2322 1688 2390 Christi,
1731 2336 1852 2376 cum
1893 2334 1998 2390 quo

427 2422 567 2476 l'atri
600 2430 656 2475 et
685 2419 904 2490 Spiritui
933 2427 1120 2474 sancto
1147 2418 1218 2473 sit
1235 2417 1419 2488 gloria,
1454 2415 1756 2485 imperium,
1804 2412 1993 2480 honor,

429 2527 570 2568 nunc
587 2521 642 2568 et
669 2526 900 2582 semper,
934 2520 987 2568 et
1006 2511 1056 2564 in
1082 2509 1275 2566 saecula
1295 2508 1636 2564 sa:culorum.
1664 2507 1852 2562 Amen.

945 2641 1222 2697 HOMILIA
1259 2639 1476 2695 XXXV.

427 2753 641 2808 Factum
667 2763 740 2809 est
778 2762 945 2809 autem
975 2755 1026 2808 in
1055 2769 1208 2824 regno
1234 2752 1546 2822 Amarpltatlt
1586 2751 1716 2820 regis
1742 2749 1995 2815 Senuaar,

497 2846 681 2900 Arioch
726 2862 817 2899 rex
842 2845 1056 2911 Alasar,
1099 2854 1146 2899 et
1170 2828 1574 2914 Chodologomor
1611 2857 1702 2896 rex
1739 2841 1920 2904 Elam,
1951 2849 1999 2894 et

501 2936 754 2992 Tharthac
779 2952 870 2990 rex
891 2937 1112 3007 gentium
1136 2943 1391 3007 gesserunt
1416 2933 1601 2988 bellum
1625 2949 1739 2986 cum
1767 2947 1880 3002 rege
1901 2931 1999 2985 So-

494 3027 756 3082 domorum
787 3025 949 3099 (Gen.
978 3027 1064 3081 Η.
1093 3026 1142 3080 1.
1174 3024 1263 3096 2).

495 3137 546 3192 l.
576 3135 746 3190 Lectio
772 3135 1054 3206 Scriptura:
1080 3133 1476 3189 commendatur.
1502 3132 1774 3203 —Ingens
1799 3133 1996 3187 bonum

424 3238 525 3292 est,
556 3227 904 3293 dilectissimi,
932 3227 1229 3282 divinarum
1252 3226 1644 3296 Scripturarum
1672 3225 1850 3280 lectio.
1875 3225 1998 3280 Haec

422 3320 564 3375 enim
608 3321 841 3374 animam
889 3334 1014 3374 vera
1061 3318 1398 3390 philosophia
1447 3319 1756 3373 instructam
1799 3317 1994 3385 reddit,

424 3413 538 3467 lucc
564 3413 615 3467 in
645 3412 834 3468 caelum
865 3421 1098 3467 mentem
1127 3409 1407 3475 transfert,
1441 3408 1556 3464 haec
1584 3423 1874 3464 memorem
1901 3409 1997 3464 be-

424 3503 596 3558 neficii
645 3503 821 3559 reddit
847 3502 1116 3556 hominem
1143 3542 1158 3568 ,
1190 3500 1307 3554 ha-c
1350 3499 1474 3554 facit
1516 3515 1583 3554 ne
1621 3499 1904 3569 quidquam
1931 3516 1998 3554 ex

424 3595 582 3649 rebus
613 3591 967 3663 praesentibus
1011 3591 1370 3656 admiremur,
1413 3591 1506 3645 sed
1554 3599 1610 3644 ut
1650 3600 1904 3660 perpetuo
1944 3591 1996 3646 in

420 3685 525 3740 alia
555 3685 660 3739 vita
689 3692 871 3738 mente
898 3690 1077 3739 nostra
1108 3697 1416 3748 versemur,
1444 3690 1499 3737 et
1523 3681 1590 3737 ad
1618 3682 1822 3736 Domini
1853 3699 1998 3739 mer-

421 3777 606 3832 cedem
645 3775 994 3846 respicientes
1033 3775 1210 3831 omnia
1251 3790 1535 3844 operemur
1558 3817 1572 3841 ,
1621 3776 1998 3848 alacritateque

423 3882 611 3935 magna
637 3865 890 3920 virtutum
918 3865 1125 3922 labores
1149 3867 1538 3937 aggrediamur.
1565 3867 1639 3921 Ex
1675 3868 1802 3938 ipsis
1828 3869 1998 3924 disce-

422 3973 481 4012 re
507 3957 631 4012 licet
661 3957 750 4013 Dei
780 3957 1026 4013 celeriter
1064 3958 1422 4014 succurrentis
1457 3959 1870 4027 providentiam,
1905 3959 1996 4030 ju-

421 4058 621 4104 storum
652 4047 1037 4115 fortitudinem,
1071 4048 1278 4103 Domini
1311 4048 1622 4116 bonitatem,
1655 4050 1995 4118 prtemiorum

420 4141 858 4212 magnitudinem.
899 4140 1034 4196 Hinc
1075 4154 1356 4210 possumus
1400 4139 1466 4195 ad
1511 4140 1904 4196 azmulationem
1941 4150 1996 4197 et

417 4233 768 4288 imitationem
814 4230 1160 4301 phi1050phia‘.
1206 4245 1588 4301 generosorum
1619 4231 1853 4284 virorum
1897 4247 1995 4286 ex-

417 4322 604 4388 citari,
632 4331 691 4377 ut
721 4337 828 4376 non
860 4330 1227 4392 torpescamus
1255 4323 1307 4375 in
1339 4320 1548 4375 virtutis
1575 4321 1952 4376 certaminibus
1977 4337 1991 4387 ;

415 4414 510 4469 sed
536 4413 865 4469 confidamus
895 4411 1090 4466 divinis
1119 4410 1560 4481 promissionibus
1579 4451 1594 4476 ,
1642 4410 1800 4464 etiam
1839 4421 1987 4466 ante-

415 4518 573 4572 quam
616 4504 883 4559 evcniant.
930 4499 1159 4556 Proinde
1200 4513 1388 4569 magna
1433 4498 1705 4570 diligentia
1730 4541 1744 4565 ,
1789 4515 1990 4571 quaso,

415 4592 712 4648 divinarum
754 4591 1148 4662 Scripturarum
1189 4590 1402 4646 lectioni
1429 4604 1696 4646 vacemus.
1737 4591 1810 4647 lta
1849 4593 1990 4649 enim

415 4693 470 4739 et
494 4685 769 4740 scientiam
805 4697 1174 4753 assequemur,
1220 4683 1263 4738 si
1309 4681 1376 4736 ad
1417 4697 1502 4746 ea,
1548 4699 1666 4753 qua:
1710 4684 1779 4740 ibi
1822 4687 1991 4756 posita

417 4781 560 4839 sunt,
589 4773 895 4844 frequenter
922 4772 1256 4828 accedamus.
1285 4771 1465 4843 Neque
1487 4774 1628 4829 enim
1657 4774 1769 4830 fieri
1798 4786 1986 4845 potest,

417 4875 475 4918 ut
501 4865 544 4919 is
573 4865 661 4933 qui
691 4864 884 4920 divinis
912 4864 1200 4934 Scripturis
1238 4878 1429 4934 magno
1455 4865 1631 4920 studio
1661 4865 1992 4935 ferventique

415 4953 682 5009 desiderio
706 4962 888 5019 vacat,
918 4967 1167 5023 umquam
1199 4954 1527 5023 negligatur;
1573 4954 1665 5009 sed
1697 4956 1820 5010 licet
1849 4955 1985 5010 desit

415 5045 568 5100 nobis
612 5043 843 5099 hominis
872 5043 1266 5116 magisterium,
1319 5044 1432 5113 ipse
1471 5044 1725 5098 Dominus
1761 5059 1989 5114 superne

414 5144 595 5191 nostra
624 5135 676 5189 in
702 5134 863 5190 corda
890 5135 1094 5190 intrans
1130 5135 1356 5189 illustrat
1386 5143 1616 5188 mentem
1639 5176 1652 5197 ,
1683 5136 1872 5189 rationi
1897 5135 1987 5204 ju-

415 5225 513 5280 bar
555 5240 710 5279 suum
757 5223 1018 5292 infundit,
1063 5226 1264 5296 detegit
1310 5225 1548 5290 occulta,
1595 5224 1884 5296 doctorqne
1934 5227 1990 5282 fit

411 5329 598 5370 eorum
627 5330 745 5386 qua:
789 5315 1128 5387 ignoramus;
1173 5327 1375 5373 tantum
1421 5317 1464 5371 si
1507 5333 1604 5373 nos
1646 5335 1764 5389 qua:
1808 5332 1987 5376 nosua

412 5414 538 5461 sunt
573 5405 764 5462 afferre
792 5408 1040 5464 velimus.
1074 5408 1155 5463 Ne
1183 5411 1362 5464 vocetis
1392 5410 1533 5464 enim
1553 5450 1568 5474 ,
1600 5410 1798 5480 inquit,
1829 5413 1987 5483 magi-

410 5507 569 5552 strum
599 5515 749 5568 super
778 5509 961 5554 terram
992 5498 1211 5571 (Matth.
1245 5500 1335 5556 23.
1365 5500 1458 5570 8).
1491 5501 1718 5569 Quando
1747 5503 1902 5572 igitur
1932 5510 1984 5558 In

411 5605 600 5646 manus
635 5591 964 5660 spiritualem
1008 5593 1199 5647 librum
1239 5594 1497 5664 capimus,
1545 5595 1746 5649 intenta
1787 5605 1982 5662 mente,

407 5679 645 5738 collectis
678 5678 1016 5752 reductisque
1055 5681 1496 5753 cogitationibus,
1529 5686 1776 5756 omnique
1814 5701 1979 5742 siccu-

3574 293 3680 348 31?.

2112 401 2206 454 lari
2237 417 2362 456 cura
2389 401 2606 472 depulsa
2629 446 2643 470 ,
2688 406 2898 462 lecti0ni
2942 408 3308 465 incumbamus
3333 427 3450 466 eum
3489 428 3676 484 magna

2109 490 2301 560 pietate
2331 503 2387 547 et
2415 495 2739 560 attentione,
2784 507 2840 551 ut
2887 500 3152 568 possimus
3195 516 3224 554 a
3266 511 3450 556 sancto
3480 503 3678 572 Spiritu

2106 582 2170 636 ad
2202 585 2519 653 scriptorum
2565 586 2961 657 intelligentiam
3009 592 3167 659 duci,
3207 601 3262 648 et
3304 595 3525 649 multum
3558 599 3678 651 inde

2107 671 2338 728 fructum
2369 679 2660 748 percipere.
2692 680 2822 734 Nam
2856 682 3110 737 barbarus
3137 685 3224 740 ille
3253 688 3447 755 regina:
3469 686 3676 742 Ethio-

2107 780 2231 834 pum
2287 769 2595 835 eunuchus,
2629 773 2716 840 qui
2763 774 2815 826 in
2849 783 2990 828 tanta
3034 787 3149 831 erat
3193 779 3380 846 gloriae,
3424 789 3479 834 et
3520 795 3678 834 curru

2105 855 2395 913 vehebatur
2418 860 2552 930 (Act.
2581 861 2657 933 8),
2683 879 2750 918 ne
2774 864 2866 918 illo
2887 867 3100 935 quidem
3130 877 3370 938 tempore
3397 871 3677 926 lectionem

2107 949 2444 1019 negligebat;
2476 954 2567 1010 sed
2601 956 2913 1024 prorihetam
2944 959 2995 1013 in
3027 959 3269 1015 manibus
3297 963 3495 1018 habens
3516 1005 3531 1029 ,
3569 981 3680 1018 ina—-

2103 1055 2264 1108 gnum
2297 1041 2510 1097 lectioni
2537 1045 2821 1101 adhibebat
2846 1049 3102 1115 studium,
3137 1051 3292 1120 idque
3321 1054 3529 1107 nescius
3554 1055 3676 1123 quid

2107 1129 2157 1182 in
2189 1129 2338 1185 libris
2376 1133 2777 1190 contineretur:
2809 1146 3040 1193 attamen
3081 1141 3202 1210 quia
3245 1140 3500 1196 afferebat
3528 1145 3681 1214 quid-

2104 1219 2228 1287 quid
2262 1220 2312 1273 in
2345 1237 2404 1276 se
2431 1231 2567 1290 erat,
2605 1241 2794 1294 nempe
2819 1230 3050 1282 studium
3071 1271 3084 1293 ,
3113 1231 3467 1298 alacritatem,
3499 1245 3677 1289 atten-

2105 1310 2300 1364 tionem
2320 1353 2334 1376 ,
2368 1313 2639 1370 doctorem
2668 1329 2854 1374 nactus
2881 1329 2979 1373 est.
3009 1321 3192 1391 Cogita
3220 1325 3364 1378 enim
3388 1366 3402 1390 ,
3431 1325 3674 1391 obsecro,

2103 1409 2356 1468 quantum
2385 1413 2496 1457 erat
2526 1421 2696 1475 neque
2742 1409 2791 1460 in
2835 1409 3020 1465 itinere
3065 1412 3345 1468 lectionem
3388 1415 3674 1486 negligere,

2102 1496 2157 1542 et
2183 1494 2476 1558 praesertim
2513 1495 2786 1552 sedentem
2817 1501 2869 1553 in
2897 1515 3074 1555 curru.
3118 1503 3347 1557 Andiant
3376 1508 3674 1574 exemplum

2103 1578 2138 1631 ii
2169 1581 2256 1649 qui
2284 1597 2454 1652 neque
2477 1583 2618 1640 domi
2647 1597 2703 1640 ut
2728 1587 2827 1642 hoc
2854 1589 3065 1654 faciant,
3097 1595 3400 1661 persuaderi
3434 1607 3673 1664 possunt,

2103 1670 2196 1724 sed
2247 1681 2491 1740 putantes
2536 1692 2917 1744 supervacuam
2964 1697 3082 1736 esse
3130 1683 3319 1737 horum
3371 1685 3673 1750 lectionem,

2104 1763 2222 1833 quia
2251 1766 2332 1819 vel
2359 1783 2478 1820 cum
2518 1768 2739 1824 muliere
2770 1770 3041 1838 habitant,
3076 1775 3157 1828 vel
3199 1777 3398 1830 militiae
3425 1778 3677 1848 adscripti

2103 1865 2226 1908 sunt
2249 1896 2264 1920 ,
2309 1856 2394 1910 vel
2425 1871 2713 1925 puerorum
2744 1870 2798 1914 et
2837 1877 3112 1916 servorum
3151 1864 3481 1936 aliorumque
3511 1884 3674 1938 nego-

2105 1942 2295 1998 tiorum
2323 1955 2483 2016 agunt
2508 1962 2688 2002 curam
2711 1989 2726 2014 ,
2771 1966 2877 2004 non
2913 1954 3201 2009 convenire
3239 1954 3338 2009 sibi
3370 1957 3672 2025 opinantur,

2103 2042 2160 2086 ut
2183 2034 2374 2089 divinae
2404 2037 2693 2106 Scriptura:
2731 2040 2947 2095 lectioni
2988 2043 3313 2100 incumbant.
3360 2047 3497 2102 Ecce
3533 2051 3672 2102 enim

2103 2125 2189 2180 hic
2208 2128 2482 2184 eunuchus
2506 2139 2559 2184 et
2579 2129 2854 2196 barbarus,
2879 2149 2996 2203 qua:
3017 2145 3240 2206 utraque
3259 2138 3324 2190 ad
3349 2140 3672 2197 reddendum

2105 2217 2541 2288 negligentiorem
2578 2220 2929 2286 sufficiebant,
2957 2234 3010 2280 et
3038 2226 3104 2280 ad
3132 2227 3243 2282 haec
3265 2229 3530 2299 dignitatis
3557 2248 3672 2285 am-

2103 2307 2304 2377 plitudo
2328 2319 2382 2364 et
2407 2325 2565 2379 opum
2591 2311 2911 2369 abundantia
2941 2333 2953 2367 :
2986 2315 3121 2371 adde
3145 2318 3286 2387 quod
3315 2330 3368 2374 et
3397 2319 3448 2373 in
3482 2320 3673 2377 itinere

2101 2409 2216 2455 erat
2238 2409 2290 2456 et
2319 2415 2476 2456 curru
2507 2401 2776 2458 ferebatur
2803 2423 2815 2458 :
2850 2405 2952 2459 hoc
2978 2407 3120 2460 enim
3151 2409 3309 2463 modo
3335 2409 3436 2464 iter
3463 2411 3674 2466 facienti

2103 2506 2209 2546 non
2234 2500 2316 2546 est
2342 2490 2496 2547 facile
2525 2492 2741 2548 lectioni
2771 2509 2892 2550 esse
2915 2505 3174 2552 attentum
3196 2539 3212 2564 ,
3241 2499 3348 2554 imo
3372 2500 3524 2555 valde
3555 2519 3674 2556 mo-

2102 2581 2292 2637 lestum
2324 2599 2336 2634 :
2369 2592 2602 2638 attamen
2630 2583 2949 2640 desiderium
2981 2596 3036 2642 et
3077 2588 3309 2643 studiutn
3351 2593 3526 2645 omnia
3571 2592 3674 2646 ini-

2105 2673 2407 2742 pedimenta
2437 2691 2467 2729 e
2495 2674 2674 2730 medio
2702 2675 3004 2745 auferebat,
3035 2687 3089 2733 et
3116 2679 3329 2735 lectioni
3359 2682 3444 2736 ille
3474 2683 3676 2738 ineunt.-

2104 2765 2293 2832 bebat,
2341 2783 2440 2822 nec
2469 2767 2679 2823 dicebat
2725 2785 2786 2824 ea
2817 2787 2935 2840 qua:
2978 2787 3118 2827 nunc
3165 2773 3404 2844 plerique
3445 2774 3670 2830 dicunt»:

2101 2856 2215 2910 Non
2246 2857 2481 2924 intelligo
2509 2873 2570 2912 ea
2601 2874 2720 2928 quae
2745 2860 2940 2929 scripta
2971 2871 3116 2929 sunt,
3146 2878 3251 2917 non
3283 2879 3494 2932 possum
3524 2868 3675 2921 intel-

2104 2947 2267 3016 ligere
2294 2947 2709 3016 profunditatem
2735 2950 3128 3019 Scripturarum
3158 2971 3170 3004 :
3199 2969 3365 3023 quare
3403 2955 3593 3010 frustra
3623 2968 3696 3013 et-

2103 3036 2366 3092 incassum
2396 3039 2630 3094 laborem
2660 3040 2978 3094 sustinerem
3021 3043 3265 3113 legendo,
3292 3045 3418 3099 dum
3446 3063 3548 3101 non
3580 3047 3676 3101 ba-

2102 3128 2203 3183 beo
2243 3129 2331 3199 qui
2381 3129 2795 3199 interpretetur?
2839 3130 2978 3186 Nihil
3029 3133 3216 3188 borum
3262 3137 3523 3205 cogitabat
3569 3139 3678 3206 ille,

2103 3219 2279 3289 lingua
2309 3219 2522 3289 quidem
2560 3221 2818 3276 barbarus
2837 3263 2852 3287 ,
2885 3233 3063 3280 mente
3092 3234 3267 3280 autem
3296 3227 3675 3298 philusorihus;

2101 3309 2196 3364 sed
2222 3310 2462 3380 cogitans
2493 3312 2668 3380 potius
2695 3326 2755 3366 se
2794 3327 2897 3367 non
2927 3324 3286 3384 contemptum
3331 3319 3428 3383 iri,
3461 3321 3551 3374 sed
3581 3337 3675 3375 su-

2102 3416 2265 3471 perna
2291 3403 2460 3472 gratia
2487 3402 2872 3472 adjuvandum,
2904 3405 3062 3458 modo
3087 3407 3224 3476 quod
3255 3423 3406 3462 suum
3435 3420 3550 3464 erat
3582 3426 3680 3480 pro

2103 3492 2301 3547 viribus
2326 3492 2594 3558 adferret,
2625 3493 2839 3548 lectioni
2871 3495 3228 3550 incumbebat.
3263 3497 3547 3569 Propterea
3579 3503 3675 3558 be-

2103 3583 2298 3654 nignus
2326 3585 2580 3639 Dominus
2609 3585 2774 3654 ipsius
2796 3585 2981 3642 videns
3005 3587 3347 3658 desiderium,
3375 3608 3494 3647 eum
3519 3595 3675 3650 mini-

2103 3689 2190 3730 me
2215 3675 2479 3745 neglexit,
2511 3690 2680 3745 neque
2709 3690 2802 3730 sua
2839 3692 2966 3731 cura
3010 3677 3280 3744 destituit,
3309 3681 3403 3736 sed
3435 3685 3676 3750 protinus

2103 3767 2202 3836 ipsi
2225 3767 2500 3823 doctorem
2528 3767 2691 3822 misit.
2720 3767 2798 3822 Tu
2823 3777 2997 3824 autem
3027 3772 3267 3840 expende
3288 3777 3556 3844 quomodo
3581 3794 3676 3834 ex-

2101 3860 2450 3928 spectavi-rit,
2481 3869 2538 3914 ut
2566 3860 2680 3930 ipse
2705 3875 2824 3930 qua:
2865 3861 3030 3930 ipsius
3069 3872 3220 3918 erant
3248 3865 3391 3934 prius
3417 3866 3670 3936 adferret,

2100 3961 2154 4006 et
2188 3961 2311 4006 tunc
2340 3966 2493 4009 suum
2539 3948 2784 4020 patefecit
2812 3951 3086 4006 auxilium.
3127 3953 3258 4007 Cum
3301 3953 3458 4025 igitur
3495 3960 3672 4015 omnia

2103 4040 2334 4110 perfecta
2364 4048 2420 4095 et
2447 4039 2686 4095 absoluta
2717 4049 2896 4095 essent
2919 4056 3036 4111 qme
3061 4043 3130 4098 ab
3159 4044 3251 4098 illo
3292 4045 3494 4101 fuerant
3519 4049 3671 4103 exhi-

2102 4131 2272 4187 benda
2295 4173 2309 4196 ,
2342 4130 2594 4200 deinceps
2623 4132 2840 4201 angelus
2878 4132 3086 4188 Domini
3129 4134 3370 4205 Philippo
3408 4141 3676 4207 apparuit,

2100 4223 2285 4279 dicens
2313 4240 2326 4276 :
2357 4222 2522 4294 Surge
2548 4233 2595 4278 et
2617 4223 2741 4277 uade
2766 4224 2834 4276 ad
2862 4224 2992 4278 viam
3018 4241 3131 4292 qua:
3154 4227 3405 4280 descendit
3431 4229 3492 4281 ab
3515 4229 3673 4284 Jeru-

2099 4317 2254 4369 salem
2282 4315 2336 4370 in
2364 4314 2592 4382 Gazam;
2623 4316 2730 4370 haec
2755 4325 2827 4370 est
2855 4317 3068 4371 deserta.
3104 4318 3170 4372 Et
3198 4335 3339 4387 ecce,
3370 4321 3570 4392 inquit,
3602 4324 3674 4376 vir

2100 4407 2363 4479 £thiops,
2394 4413 2664 4481 praefectus
2688 4410 2944 4464 eunuchus
2972 4410 3229 4467 Candaces
3258 4415 3444 4484 regina:
3464 4415 3674 4470 JEthio.

2100 4517 2220 4570 pum
2239 4543 2254 4569 ,
2284 4503 2371 4572 qui
2398 4513 2596 4557 uenerat
2621 4503 2926 4557 adoraturus
2951 4505 3003 4557 in
3026 4505 3349 4571 Jerusalem;
3388 4520 3432 4561 et
3457 4510 3563 4576 ipse
3592 4527 3672 4562 re-

2099 4593 2378 4646 vertebatur
2431 4593 2609 4647 sedeus
2666 4609 2817 4661 super
2873 4610 3076 4647 currum
3138 4612 3319 4660 suum,
3388 4599 3674 4667 legebatun

2097 4682 2291 4737 Isaiam
2315 4684 2607 4755 prophetam
2629 4683 2760 4754 (Act.
2785 4684 2838 4739 8.
2867 4683 3220 4752 26'28).Vide
3246 4702 3403 4754 quam
3426 4697 3671 4741 accurate

2098 4774 2250 4828 nobis
2278 4774 2506 4827 narrarit
2531 4774 2618 4844 qui
2650 4773 2840 4826 librum
2879 4775 3125 4843 scripsit,
3155 4775 3340 4829 dicens
3360 4816 3374 4837 ,
3405 4776 3668 4845 [Et/tium,

2097 4873 2155 4919 ut
2183 4863 2326 4917 illum
2360 4863 2640 4916 barbarum
2684 4877 2805 4916 esse
2833 4877 3270 4931 cognosceremus
3301 4883 3313 4918 :
3345 4866 3537 4920 deinde
3573 4869 3667 4933 ait,

2098 4955 2410 5024 Pra'fectus,
2441 4970 2546 5024 quo
2574 4954 2789 5008 nomine
2818 4955 3080 5009 maximus
3106 4956 3375 5026 dignitatis
3402 4959 3571 5014 honor
3599 4964 3673 5015 si-

2094 5044 2410 5113 gnificatur;
2445 5043 2545 5110 Qui
2569 5053 2790 5109 venerat,
2822 5044 3021 5113 inquit,
3053 5046 3356 5102 adoraturus
3385 5049 3436 5102 iu
3460 5047 3671 5103 Jerusa-

2093 5136 2208 5190 lem.
2259 5133 2392 5190 Vide
2435 5135 2594 5189 etiam
2642 5135 3078 5204 peregrinationis
3124 5152 3378 5205 causam,
3426 5139 3668 5195 idoneam

2095 5243 2213 5297 qua:
2243 5226 2404 5280 animi
2451 5225 2613 5296 ipsius
2645 5226 2892 5295 pietatem
2930 5227 3165 5284 declaret
3197 5247 3208 5282 :
3242 5231 3486 5298 expende
3525 5233 3672 5285 enim

2093 5327 2344 5387 quantum
2394 5317 2600 5371 itineris
2641 5318 2936 5386 susceperit
2979 5327 3037 5372 ut
3079 5319 3356 5373 Dominum
3400 5321 3670 5376 adoraret.

2092 5410 2244 5466 Tunc
2268 5411 2409 5466 enim
2444 5409 2617 5464 adhuc
2641 5409 2876 5464 divinum
2907 5411 3103 5464 cultum
3144 5410 3540 5466 arbitrabantur
3566 5428 3678 5466 uno

2096 5502 2212 5557 loco
2251 5500 2532 5566 concludi,
2579 5499 2805 5569 ideoque
2849 5499 3005 5569 longo
3043 5509 3258 5569 peracto
3303 5501 3492 5557 itinere
3515 5543 3531 5571 ,
3566 5502 3677 5557 illio

2092 5608 2216 5648 suas
2241 5607 2426 5665 preces
2453 5592 2742 5648 fundebant
2772 5610 2783 5645 :
2816 5603 3096 5662 propterea
3126 5603 3180 5648 et
3211 5595 3308 5649 iste
3338 5610 3401 5649 eo
3431 5605 3668 5657 venerat,

2101 5686 2186 5740 tibi
2219 5687 2468 5756 templum
2500 5695 2611 5739 erat
2642 5693 2693 5740 ct
2722 5684 2891 5739 cultus
2919 5682 3185 5755 ludaicus,
3220 5695 3276 5742 ut
3305 5685 3694 5748 adorationan
