4070 6194
429 295 536 352 523

434 409 662 466 Domino
706 401 1049 474 persolveret.
1092 395 1156 450 Et
1197 403 1539 464 posteaquam
1578 388 1720 459 quod
1761 385 2008 456 cupiebat

1157 278 1211 336 S.
1251 273 1526 334 JOANNIS
1563 266 2031 328 CllRVSOSTOlIl
2072 265 2389 322 ABCHIEP.
2427 264 2961 322 CONSTANTINUP.

3594 265 3704 321 38‘

2121 386 2434 440 strationem
2456 387 2732 456 przebebit,
2755 401 2817 440 ac
2839 393 3078 440 nostrum
3101 382 3418 439 illuminabit
3437 383 3703 438 animum.

438 471 768 570 implevisset
789 535 804 558 ,
831 491 1098 545 Revertens
1119 527 1134 553 ,
1167 485 1355 554 inquit,
1383 492 1428 536 et
1457 481 1512 534 in
1541 495 1692 533 cum
1720 493 1812 532 suo
1839 475 2013 530 sedens

2174 493 2200 532 e
2229 477 2387 546 igitur
2404 517 2427 540 ,.
2445 477 2702 570 obsecro,
2731 476 3124 546 Scripturarum
3151 473 3435 529 lectionem
3458 471 3706 540 negliga-

436 591 650 663 legebat.

505 682 562 736 2.
607 677 810 735 Deinde
837 689 960 731 cum
989 669 1303 728 accessisset
1341 667 1616 736 Philippus
1643 663 1757 736 (-a),
1789 661 1923 716 dixit
1949 659 2016 714 ad

440 775 586 829 illum
618 788 634 825 :
659 769 889 824 Putasne
917 763 1156 835 intelligis
1185 775 1300 830 quia
1325 758 1447 829 legis
1475 756 1609 826 (Act.
1633 754 1687 810 8.
1709 752 1839 824 50)?
1861 750 2022 806 Vides

441 865 678 920 animum
709 861 1022 929 diligentem
1048 869 1111 909 ac
1137 852 1420 908 sollicitum
1439 889 1456 916 ,
1489 846 1703 902 lectioni
1731 843 1893 900 etiam
1923 841 2019 904 illi,

444 970 605 1027 quam
646 967 750 1007 non
798 948 1148 1017 intelligeret,
1179 941 1607 1004 incumbentem,
1654 945 1708 992 et
1749 933 2024 990 doctorem

448 1022 536 1119 qui
570 1047 740 1115 ipsum
773 1043 1060 1096 instrueret
1085 1030 1486 1105 requirentem?
1519 1027 1730 1083 Etenim
1755 1022 2027 1094 apostolus

448 1116 633 1196 statim
667 1151 763 1207 per
806 1129 1274 1201 interrogationem
1324 1124 1464 1178 illius
1506 1120 1702 1178 excitat
1741 1116 2024 1178 allectum;

449 1231 588 1302 quod
610 1230 753 1284 enim
776 1227 967 1296 dignus
993 1231 1156 1286 esset,
1181 1219 1270 1289 qui
1291 1215 1524 1272 doctoris
1544 1227 1703 1282 Opera
1727 1211 1780 1264 in
1800 1208 2030 1264 lectione

452 1297 850 1378 reconditorum
884 1311 1288 1381 intelligentiam
1315 1312 1732 1375 consequeretur
1753 1343 1767 1363 ,
1796 1301 1906 1367 ipsa
1933 1297 2030 1351 viri

457 1411 735 1482 responsio
760 1408 1016 1463 declarat.
1047 1403 1180 1459 Cum
1202 1403 1344 1458 enim
1370 1398 1639 1468 apostolus
1659 1395 1898 1456 dixisset,
1925 1390 2034 1444 Pu-

456 1514 597 1558 tasne
616 1501 854 1568 intelligis
875 1499 901 1552 ?
925 1507 1178 1565 vesteque
1198 1493 1287 1546 vili
1319 1491 1532 1545 indutus
1555 1485 1903 1541 accessisset:
1930 1497 2034 1535 non

458 1611 600 1666 aegre
626 1595 744 1648 tulit
773 1606 870 1647 nec
915 1587 1220 1659 indignatus
1243 1594 1362 1648 est,
1404 1595 1576 1650 neque
1618 1593 1674 1632 se
1718 1572 2038 1632 contumelia

459 1661 599 1739 allici
628 1680 972 1745 existimavit,
1001 1677 1140 1746 quod
1173 1675 1438 1744 plerisque
1467 1669 1683 1724 insulsis
1712 1664 1926 1729 accidit,
1951 1661 2039 1732 qui

462 1792 608 1847 saepe
634 1775 838 1830 malunt
867 1775 917 1826 in
944 1779 1199 1841 perpetua
1221 1765 1423 1820 versari
1451 1759 1767 1831 ignorantia,
1796 1757 1917 1826 quia
1951 1770 2044 1823 pu-

462 1844 554 1922 det
573 1865 695 1920 illos
725 1862 1074 1934 ignorantiam
1107 1872 1257 1910 suam
1286 1852 1552 1915 conﬁteri,
1579 1860 1632 1905 et
1657 1848 1812 1902 abiis
1838 1844 2045 1900 discere

463 1957 554 2026 qui
583 1931 778 2010 docere
813 1953 1044 2006 valeant.
1091 1951 1160 2002 At
1203 1945 1326 1999 huic
1368 1941 1500 1996 nihil
1550 1940 1653 1994 tale
1693 1938 1901 1998 evenit;
1951 1931 2045 1987 sed

465 2021 589 2104 cum
621 2041 1028 2099 mansuetudine
1071 2048 1128 2094 et
1171 2040 1367 2106 pietate
1411 2030 1728 2100 respondet,
1773 2024 1935 2079 animi
1965 2021 2046 2077 sui

469 2149 664 2196 statqu
693 2136 992 2194 declarans,
1018 2133 1194 2200 aitque
1227 2147 1240 2182 :
1273 2125 1534 2192 Quomodo
1565 2122 1780 2192 possim,
1819 2118 1915 2172 nisi
1938 2116 2050 2185 quis

469 2231 593 2284 mihi
629 2226 896 2282 ostenderit
925 2222 1100 2292 (Ibid.
1127 2237 1176 2274 υ.
1201 2221 1260 2274 51
1292 2219 1358 2290 )?
1405 2232 1503 2270 nec
1546 2223 1746 2268 tantum
1778 2218 2052 2264 mansuete

475 2319 770 2391 respondit,
801 2332 864 2372 ac
896 2325 1076 2386 postea
1107 2312 1334 2376 transiit,
1364 2309 1456 2364 sed
1489 2321 1671 2362 rursus
1699 2318 1903 2358 morum
1930 2315 2054 2355 suo-

474 2427 591 2466 rtnu
618 2411 867 2464 virtutem
899 2405 1052 2460 nobis
1079 2404 1470 2460 demonstrans,
1510 2398 1609 2451 ista
1638 2396 1887 2464 loquutus
1915 2406 2053 2459 prte-

476 2500 646 2556 fectus
675 2498 800 2562 ille,
848 2496 1138 2560 barbarus,
1182 2505 1342 2546 curru
1389 2498 1607 2551 vectus,
1639 2499 1759 2539 eum
1807 2482 1894 2552 qni
1939 2480 2058 2534 vilis

476 2591 788 2652 videbatur,
833 2595 888 2642 et
933 2601 996 2640 ex
1043 2583 1235 2638 vestitu
1262 2575 1725 2641 contemnendus,
1770 2571 1971 2643 rogavit
2000 2578 2059 2624 ut

479 2682 822 2744 ascenderet,
866 2693 928 2733 ac
965 2691 1147 2732 secum
1192 2673 1422 2729 sederet.
1466 2669 1627 2724 Vides
1655 2667 1816 2720 animi
1847 2665 2059 2720 fervens

481 2771 760 2829 studium?
804 2769 952 2824 vides
1013 2769 1156 2838 pium
1214 2762 1423 2819 barbari
1475 2761 1752 2823 animum,
1795 2755 2062 2826 quomodo

481 2864 738 2934 sapientis
765 2862 1039 2932 cujusdam
1070 2859 1271 2914 dictum
1307 2853 1432 2908 illud
1467 2851 1766 2922 impleverit
1799 2866 1811 2902 :
1841 2847 1901 2902 Si
1930 2847 2064 2900 tnde-

482 2959 554 3010 ris
592 2956 754 3009 virum
794 2954 1086 3022 prudentem
1107 2991 1122 3017 ,
1154 2964 1302 3002 omne
1335 2961 1488 3016 surge
1525 2945 1594 2996 ad
1623 2959 1736 2997 eum
1760 2981 1772 3005 ,
1804 2950 1849 2992 et
1879 2939 2067 3009 gradus

489 3056 730 3102 ostiorum
755 3045 892 3098 illius
920 3044 1112 3096 deterat
1142 3055 1229 3110 pes
1260 3048 1378 3090 tuus
1411 3033 1609 3106 (Eccli.
1637 3033 1689 3087 6.
1719 3031 1822 3100 36)
1847 3033 1870 3082 ?
1912 3029 2069 3082 Vides

493 3137 583 3207 qui
612 3135 802 3190 merito
827 3147 932 3187 non
959 3132 1026 3186 sit
1049 3127 1359 3200 neglectus?
1387 3124 1538 3179 vides
1558 3122 1646 3192 qni
1673 3125 1863 3175 merito
1887 3133 2070 3186 super-

490 3205 614 3283 nam
654 3226 724 3281 sit
769 3229 1130 3292 consequutus
1176 3215 1607 3289 providentiam?
1651 3211 1798 3265 vides
1840 3218 1897 3262 ut
1942 3205 2072 3262 nihil

489 3317 732 3375 omiserit
780 3331 966 3371 eorum
1015 3327 1134 3383 quae
1179 3310 1248 3365 ah
1297 3309 1412 3379 ipso
1458 3305 1635 3360 afferri
1683 3297 2074 3357 conveniebat?

493 3412 782 3481 Propterea
803 3407 1058 3474 deinceps
1079 3403 1355 3458 doctorem
1379 3407 1586 3463 nactus,
1610 3409 1795 3452 eorum
1823 3392 1930 3447 vim
1956 3404 2076 3461 qute

494 3503 768 3574 proposita
794 3507 950 3556 erant
972 3504 1221 3552 accurate
1247 3491 1530 3558 discebat,
1577 3497 1630 3544 et
1659 3487 1839 3542 animo
1877 3485 2076 3540 illumi-

493 3595 738 3655 uallatur.

573 3684 738 3751 Quam
780 3670 903 3734 utile
931 3679 1256 3748 Scripturam
1302 3675 1464 3745 legere
1485 3689 1519 3737 ;.
1549 3671 1746 3726 nullum
1785 3680 1976 3737 tempus
2014 3667 2081 3720 ad

499 3775 782 3844 Scriptura:
804 3771 1066 3825 lectionem
1090 3765 1487 3821 incommodum.
1509 3792 1580 3802 —
1600 3759 1802 3816 Videtis
1827 3769 2080 3830 quantum

500 3867 573 3920 sit
615 3862 883 3920 commodi
925 3868 1127 3915 attente
1168 3865 1224 3913 et
1251 3855 1490 3910 studiose
1533 3852 1740 3907 divinas
1780 3851 2084 3919 Scripturas

501 3956 719 4027 legere?
749 3955 1038 4022 Propterea
1065 3951 1208 4005 enim
1232 3957 1285 4002 et
1307 3946 1443 4000 hanc
1463 3945 1530 3999 de
1552 3944 1778 3998 barbaro
1809 3942 2084 3996 historiam

504 4049 558 4107 in
590 4044 824 4099 medium
852 4043 1002 4097 vobis
1029 4039 1284 4110 produxi,
1315 4047 1371 4091 ut
1398 4051 1465 4090 ne
1493 4047 1814 4104 quemquam
1847 4039 2086 4086 nostrum

505 4138 700 4210 pudeat
737 4135 1058 4188 imitatorem
1089 4129 1202 4186 ﬁeri
1230 4127 1496 4197 rEtliiopis
1517 4169 1531 4192 ,
1564 4123 1826 4188 eunuchi,
1857 4122 1971 4191 ejus
2000 4121 2088 4189 qui

507 4243 577 4284 ne
607 4226 657 4280 in
704 4226 892 4279 itinere
921 4221 1132 4291 quidem
1181 4219 1462 4273 lectionem
1509 4214 1819 4284 neglexerit.
1868 4212 2092 4266 ldoucus

512 4318 656 4374 enim
681 4325 764 4370 est
791 4315 1049 4368 barbarus
1077 4312 1175 4364 iste
1203 4311 1292 4378 qui
1321 4307 1474 4362 nobis
1497 4307 1741 4360 omnibus
1767 4305 1955 4358 doctor
1980 4304 2090 4367 fiat,

515 4418 626 4462 tum
656 4407 912 4476 privatam
943 4404 1102 4455 vitam
1131 4399 1454 4454 sectantibus
1472 4438 1486 4462 ,
1516 4407 1623 4451 tum
1659 4397 1860 4450 militia:
1889 4394 2092 4450 adscri-

517 4501 643 4573 ptis,
673 4508 785 4553 tum
811 4497 1068 4567 dignitate
1091 4503 1146 4550 et
1171 4494 1376 4547 honore
1407 4489 1675 4561 prmditis,
1705 4497 1759 4543 et
1789 4497 1844 4542 ut
1867 4488 1918 4542 in
1945 4502 2096 4542 sum-

519 4610 605 4650 ma
631 4594 802 4649 dicam
824 4633 839 4658 ,
871 4589 1119 4644 omnibus
1156 4604 1261 4642 non
1290 4586 1414 4639 viris
1440 4584 1633 4647 solum,
1663 4581 1756 4637 sed
1782 4589 1835 4635 et
1858 4580 2097 4634 mulieri-

519 4686 650 4750 bus,
681 4692 738 4737 ut
764 4698 884 4752 qua:
923 4678 1136 4735 assidue
1162 4677 1312 4733 domi
1338 4683 1620 4730 versentur
1648 4689 1659 4726 :
1693 4672 1818 4742 quin
1845 4671 2002 4726 etiam
2035 4669 2100 4724 iis

519 4779 707 4832 ductor
747 4775 906 4830 fuerit
947 4773 1034 4842 qui
1064 4771 1223 4825 vitam
1271 4767 1614 4822 monasticam
1652 4764 2000 4833 delegerunt,
2043 4768 2102 4814 ut

519 4870 728 4928 discant
749 4881 938 4922 oxnnes
963 4865 1165 4920 nullum
1194 4877 1312 4918 esse
1343 4871 1550 4929 tempus
1579 4857 1648 4912 ad
1672 4857 1970 4911 divinorum
1999 4854 2103 4909 elo-

521 4962 770 5035 quiorum
795 4958 1078 5012 lectionem
1109 4952 1506 5009 incommodum
1528 4991 1544 5018 ,
1573 4949 1665 5004 sed
1694 4948 1805 5002 lieri
1839 4960 2014 5016 posse,
2047 4953 2105 4998 ut

524 5069 631 5112 non
661 5051 834 5107 solum
861 5049 1005 5104 domi
1027 5087 1043 5114 ,
1076 5045 1422 5101 vcrnmctiam
1462 5043 1514 5095 in
1560 5040 1677 5095 foro
1705 5047 2011 5102 versantes,
2051 5044 2106 5091 et

525 5148 626 5200 iter
655 5141 930 5206 faciemes,
957 5147 1010 5194 et
1037 5139 1088 5192 in
1115 5136 1408 5191 multorum
1432 5141 1572 5187 cmtu
1595 5139 1832 5200 agentes,
1861 5144 1924 5184 ac
1947 5126 2106 5181 variis

526 5232 757 5302 negotiis
785 5228 1020 5298 impliciti
1067 5227 1258 5281 horum
1288 5223 1463 5278 studio
1509 5232 1782 5276 teneamur
1801 5261 1815 5284 ,
1849 5227 1904 5270 ut
1929 5233 2048 5286 qua:
2076 5230 2106 5269 a

527 5325 686 5381 nobis
727 5321 1027 5392 praestanda
1073 5326 1199 5373 sunt
1234 5315 1606 5377 conferentes,
1651 5313 1756 5366 cito
1798 5310 2107 5378 magistrum

526 5414 902 5485 adipiscamur.
952 5410 1206 5464 Dominus
1234 5408 1377 5461 enim
1416 5402 1603 5456 videns
1641 5410 1881 5454 nostrum
1923 5398 1988 5452 ad
2022 5411 2109 5450 res

525 5505 836 5577 Spirituales
855 5502 1125 5569 allectum,
1151 5515 1256 5554 non
1283 5496 1530 5567 negliget,
1561 5492 1655 5548 sed
1678 5505 1961 5561 supernam
1991 5488 2110 5542 illu-

571 5661 668 5730 ,ω
697 5659 915 5730 nonnulli
949 5665 1118 5730 putant
1157 5658 1286 5705 hunc
1300 5654 1585 5730 “Philippum
1617 5649 1888 5730 apostolum
1925 5647 2075 5697 fuisse
2094 5661 2108 5708 ;

517 5717 614 5774 ttlii'
628 5733 830 5771 numero
847 5717 1011 5784 plures
1026 5721 1277 5766 diaconum
1299 5717 1447 5766 fuisse
1466 5719 1764 5763 asseverant.

2124 581 2243 620 mns
2270 585 2283 620 :
2315 581 2510 622 verum.
2527 566 2640 621 sive
2677 581 2864 620 eorum
2884 609 2897 629 ,
2929 579 3050 634 quae
3080 564 3165 617 his
3188 563 3532 618 continentur
3551 598 3572 626 ,
3598 560 3712 612 vim

2127 657 2503 727 intelligamus,
2542 658 2656 711 sive
2694 658 3025 726 ignoremus,
3069 654 3154 708 illa
3193 651 3504 721 frequenter
3539 649 3716 702 atton-

2128 762 2266 802 mus.
2295 748 2520 802 Assidua
2549 747 2691 802 enim
2717 746 2991 801 meditatio
3032 743 3342 798 memoriam
3368 740 3530 794 efﬁcit
3557 738 3718 792 indc-

2131 840 2342 894 lebilern
2371 858 2385 892 τ
2415 848 2471 894 et
2498 855 2602 893 non
2633 854 2754 893 raro
2782 837 2989 900 evenit,
3018 843 3075 889 ut
3103 833 3244 904 quod
3272 832 3431 886 hodie
3472 830 3722 884 invenito

2131 946 2239 986 non
2262 930 2527 1000 potuimus
2547 931 2802 1000 legentes,
2827 928 2929 983 hoc
2951 940 3165 981 rursum
3187 933 3401 994 postero
3424 923 3510 976 die
3532 934 3722 990 aggre-

2133 1023 2372 1088 dicntes,
2419 1032 2639 1091 repente
2678 1020 3046 1083 inveniamus,
3079 1017 3188 1071 Deo
3213 1014 3458 1069 videlicet
3495 1027 3593 1081 pro
3617 1023 3727 1065 sua

2134 1115 2417 1170 clementia
2447 1113 2655 1169 occulte
2678 1121 2912 1166 mentem
2939 1119 3176 1164 nostram
3201 1108 3515 1160 illustrante.
3541 1101 3728 1157 Cate-

2138 1221 2256 1259 rum
2281 1205 2379 1258 ista
2407 1204 2472 1258 ad
2503 1203 2772 1258 assiduam
2795 1200 3095 1256 divinarum
3119 1197 3510 1266 Scripturarum
3536 1193 3727 1247 lectio-

2138 1310 2260 1348 nem
2287 1293 2680 1363 suscipiendam
2705 1291 2936 1345 diximus
2962 1307 2975 1343 :
3003 1298 3062 1342 ut
3081 1296 3258 1342 autem
3277 1286 3494 1340 discatis
3521 1285 3572 1337 in
3598 1282 3728 1337 aliis

2139 1392 2300 1446 etiam
2329 1389 2574 1444 omnibus
2602 1388 2702 1440 hoc
2735 1387 3014 1440 Dominum
3050 1384 3222 1437 facere
3259 1379 3634 1439 consuevisse,
3668 1385 3732 1428 ut

2141 1498 2263 1537 cum
2287 1499 2404 1550 quae
2433 1496 2462 1534 a
2494 1481 2647 1535 nobis
2671 1489 2794 1532 sunt
2820 1475 3225 1536 contulerimus,
3255 1472 3370 1541 ipse
3394 1485 3486 1523 sna
3512 1466 3733 1522 abunde

2143 1573 2479 1644 suppeditet,
2521 1581 2576 1626 et
2603 1570 2744 1640 quod
2788 1569 2842 1622 in
2868 1567 3264 1636 Scripturarum
3307 1562 3538 1616 lectione
3575 1558 3730 1623 fecit,

2145 1665 2307 1718 multa
2351 1678 2474 1718 cum
2516 1662 2790 1715 celeritate
2833 1659 2999 1712 misso
3041 1655 3107 1710 ad
3155 1653 3440 1708 barbarum
3483 1649 3732 1711 doctore,

2149 1755 2248 1809 hoc
2285 1764 2339 1808 et
2380 1753 2432 1807 in
2477 1752 2542 1806 iis
2580 1751 2669 1820 qui
2716 1750 2966 1802 virtutem
3003 1758 3256 1799 exercere
3283 1741 3470 1795 volunt
3511 1739 3733 1803 elliciat,

2150 1846 2270 1900 andi
2299 1861 2417 1914 quae
2444 1843 2715 1896 dicuntur.
2747 1839 2943 1894 Verum
2972 1845 3028 1891 ut
3066 1833 3401 1890 manifestior
3440 1831 3594 1886 nobis
3633 1831 3740 1884 iste

2152 1953 2329 1994 sermo
2351 1935 2623 1998 reddatur,
2650 1941 3070 1988 consentaneum
3098 1927 3257 1982 fuerit
3282 1939 3494 1979 rursum
3521 1937 3645 1987 quae
3669 1921 3739 1974 ad

2155 2026 2509 2099 patriarcham
2546 2025 2772 2077 attinent
2816 2022 2868 2076 in
2912 2019 3152 2074 medium
3193 2014 3495 2076 adducere,
3534 2021 3589 2066 et
3618 2027 3744 2081 qua:

2156 2119 2269 2173 heri
2299 2117 2443 2172 dicta
2472 2116 2868 2183 subsequuntur
2896 2124 3036 2164 nunc
3077 2121 3372 2162 assumere.
3402 2103 3747 2173 l‘mgnovistis

2155 2211 2300 2267 enim
2325 2224 2389 2264 ex
2415 2208 2527 2277 jam
2553 2206 2711 2261 dictis
2731 2247 2744 2267 ,
2787 2201 3059 2272 quomodo
3080 2199 3325 2254 maxima:
3355 2197 3497 2251 illius
3523 2195 3748 2248 humili-

2158 2302 2282 2356 tatis
2309 2314 2436 2369 erga
2474 2299 2574 2352 Lot
2600 2295 2854 2350 exhibita:
2874 2333 2889 2358 ,
2921 2307 3024 2362 qua
3063 2290 3139 2343 illi
3172 2286 3466 2358 potioribus
3504 2283 3750 2354 partibus

2159 2392 2354 2456 cessit,
2383 2402 2631 2459 magnam
2656 2402 2688 2439 a
2721 2387 2828 2439 Deo
2855 2382 3164 2437 merce-dem.
3182 2380 3255 2433 sit
3278 2385 3662 2446 consequutus,
3693 2384 3750 2428 et

2163 2485 2575 2558 promissionem
2613 2479 2883 2548 acceperit
2925 2477 3081 2546 longe
3113 2474 3280 2541 ipsius
3321 2470 3453 2525 facta
3483 2482 3751 2537 superan-

2164 2589 2294 2635 tem.
2318 2576 2604 2631 Videamus
2628 2583 2808 2626 autem
2839 2569 3093 2637 deinceps
3121 2566 3279 2622 etiam
3317 2579 3381 2618 ex
3415 2563 3574 2616 hodie
3599 2563 3752 2614 lectis

2164 2686 2378 2728 rursum
2403 2669 2572 2740 ipsius
2591 2665 2718 2737 justi
2745 2665 3016 2724 virtutem,
3040 2668 3099 2713 ut
3120 2658 3189 2711 ita
3212 2654 3563 2726 procedentes
3586 2651 3754 2705 disca-

2168 2776 2287 2819 mus
2327 2758 2648 2815 ineffabilem
2698 2754 2790 2809 Dei
2835 2767 2961 2822 erga
3008 2750 3152 2803 illum
3194 2744 3602 2816 providentiam.
3648 2741 3757 2795 Nos

2169 2854 2309 2909 enim
2359 2865 2546 2905 omnes
2596 2863 2688 2918 per
2731 2843 3048 2916 patriarcha:
3098 2835 3486 2908 philosophiam
3529 2833 3755 2897 docens,

2171 2945 2299 2999 sinit
2345 2943 2514 3010 ipsum
2546 2954 2637 3009 per
2669 2935 2873 3006 singula
2921 2943 3161 3001 tempora
3200 2927 3346 2998 prius
3386 2924 3760 2979 demonstrare

2173 3037 2335 3090 animi
2366 3035 2639 3103 pietatem,
2664 3039 2719 3084 et
2742 3037 2869 3082 tunc
2889 3040 3042 3082 suam
3070 3021 3224 3076 all'crt
3250 3016 3760 3077 remunerationem,

2175 3139 2233 3184 ut
2260 3139 2314 3184 et
2357 3141 2457 3181 nos
2499 3121 2852 3194 patriarcham
2894 3117 3162 3173 imitantes
3193 3111 3433 3168 studiose
3459 3107 3764 3162 adnitamur

2179 3220 2324 3291 prius
2363 3217 2572 3272 virtutis
2615 3215 2823 3268 labores
2864 3222 3179 3279 capessere,
3221 3213 3382 3274 atque
3425 3202 3497 3256 ita
3538 3199 3607 3254 ah
3649 3197 3764 3267 ipso

2181 3308 2626 3369 remunerationis
2660 3307 2827 3360 vicem
2860 3307 3194 3370 exspectare.

2230 3410 2286 3464 5.
2303 3404 2483 3461 Clades
2498 3401 2628 3472 regis
2646 3399 3003 3459 Sodomorum,
3023 3409 3054 3444 a
3074 3387 3300 3461 pluribus
3313 3386 3511 3457 regibus
3526 3380 3734 3452 impetiti
3744 3421 3765 3446 ,

2181 3498 2448 3570 captivitas
2469 3504 2515 3549 et
2540 3491 2776 3562 spoliutio
2800 3487 2934 3552 Lat;
2963 3483 3230 3538 concordia
3248 3480 3508 3544 laudatur,
3534 3491 3634 3546 qua
3661 3489 3769 3529 ser-

2182 3603 2295 3648 uata
2323 3589 2452 3644 nihil
2479 3587 2573 3641 Lat
2598 3585 2769 3655 [uisset
2790 3596 3064 3650 passus.—
3080 3574 3186 3631 Sed
3209 3585 3420 3642 tempus
3444 3577 3548 3634 est,
3575 3577 3628 3621 ut
3652 3580 3771 3637 qua

2186 3683 2347 3738 hodie
2377 3680 2511 3734 lecta
2548 3683 2690 3738 sunt,
2725 3671 2878 3726 vobis
2927 3679 3216 3738 proponam
3249 3680 3264 3717 :
3293 3677 3356 3716 ea
3389 3661 3530 3715 enim
3558 3657 3644 3711 vix
3687 3658 3767 3709 in-

2187 3773 2567 3845 terpretatione
2587 3782 2722 3838 opus
2748 3764 2961 3818 habent.
2991 3760 3123 3815 Nam
3149 3757 3233 3812 vel
3258 3757 3371 3826 ipsa
3401 3752 3560 3807 lectio
3588 3749 3766 3804 excel-

2189 3841 2381 3924 lentem
2399 3865 2525 3934 justi
2545 3861 2792 3916 virtutem
2810 3855 2938 3911 satis
2953 3853 3320 3909 demonstrare
3335 3855 3528 3919 potest.
3550 3847 3573 3899 l
3588 3881 3600 3892 .
3618 3841 3776 3912 (Cap.

2193 3959 2283 4028 l4)
2301 3933 2516 4010 Factum
2533 3962 2607 4007 est
2619 3961 2806 4014 autem,
2839 3947 3027 4017 inquit,
3061 3945 3111 3996 in
3136 3956 3290 4012 regno
3314 3936 3625 4004 Amarpltatlt
3647 3933 3777 4004 regis

2193 4051 2464 4111 Sennaar,
2498 4044 2682 4097 Arioch
2725 4055 2816 4094 rex
2874 4036 3096 4102 Elasar,
3141 4042 3190 4087 et
3236 4030 3640 4100 Ckodologomor
3689 4041 3781 4077 re:

2194 4141 2368 4206 Elam,
2402 4148 2447 4191 et
2476 4134 2728 4190 Tnarthac
2755 4145 2841 4183 re:-
2867 4127 3109 4199 gentium,
3130 4123 3186 4176 2.
3215 4124 3444 4194 fecerunt
3462 4117 3643 4170 bellum
3665 4129 3780 4166 cum

2195 4233 2356 4287 Βαίας
2395 4245 2509 4300 rcge
2557 4226 2923 4287 Sodomorum,
2973 4229 3019 4273 et
3061 4233 3174 4271 cum
3200 4214 3393 4268 Barsac
3422 4226 3536 4282 rege
3565 4208 3778 4260 Gomor-

2197 4329 2323 4390 rlttc,
2365 4336 2410 4378 et
2452 4297 2570 4375 cum
2616 4319 2849 4374 Sennaar
2898 4329 3012 4383 rege
3042 4310 3258 4373 Adamn,
3311 4315 3361 4359 et
3386 4320 3502 4356 cum
3533 4297 3784 4372 δεμνιορω-

2198 4433 2312 4486 rege
2350 4413 2573 4474 Seboim,
2617 4418 2666 4463 et
2711 4423 2825 4477 rege
2849 4403 3039 4468 Bolae;
3065 4401 3176 4471 ipsa
3196 4408 3269 4453 est
3290 4398 3471 4467 Segor.
3511 4393 3544 4447 3
3599 4389 3788 4444 Omnes

2201 4511 2238 4562 ii
2287 4507 2374 4576 qui
2415 4504 2824 4572 conspirauerunt
2875 4498 2930 4550 in
2983 4494 3126 4548 Valle
3177 4491 3334 4558 salsa,
3377 4502 3492 4558 qua
3540 4499 3673 4539 nunc
3710 4490 3789 4533 est

2202 4572 2342 4652 mare
2395 4597 2536 4650 salis.
2584 4592 2717 4646 Vide
2767 4590 3055 4660 Scriptura:
3109 4581 3475 4655 diligentiam,
3518 4572 3789 4648 quomodo

2205 4690 2419 4746 nomina
2468 4687 2626 4741 etiam
2673 4697 2856 4755 regum
2911 4689 2965 4735 et
3000 4679 3269 4732 nationum
3318 4682 3782 4733 commemorave-

2209 4782 2301 4847 rit;
2338 4797 2443 4835 non
2487 4780 2603 4834 sine
2644 4792 2824 4842 causa,
2871 4773 2965 4828 sed
3006 4779 3063 4826 ut
3101 4785 3167 4826 ex
3212 4769 3402 4822 horum
3441 4759 3796 4834 appellatione

2206 4876 2381 4932 discas
2411 4872 2692 4928 barbarum
2721 4867 2944 4921 istorum
2984 4862 3240 4916 animum.
3273 4857 3364 4912 Isti
3404 4854 3567 4918 enim,
3601 4849 3796 4919 inquit,

2209 4970 2406 5025 bellum
2436 4971 2718 5036 gesserunt
2759 4959 3012 5014 adversus
3038 4953 3393 5010 Sodomorum
3424 4961 3604 5017 regem
3633 4953 3687 4996 et
3711 4956 3789 4995 re-

2211 5064 2405 5132 liquos.
2436 5033 2635 5112 Deinde
2676 5052 2800 5107 belli
2839 5063 3053 5104 causam
3079 5045 3238 5101 etiam
3269 5042 3444 5105 docet,
3478 5035 3619 5093 unde
3648 5033 3797 5102 priu-

2211 5127 2406 5222 cipium
2435 5147 2698 5210 habuerit,
2723 5143 2906 5197 dicens
2933 5159 2947 5195 :
2970 5141 3024 5194 4.
3053 5136 3335 5190 Duodecim
3359 5131 3506 5185 annis
3527 5127 3799 5183 servierant

2212 5219 2635 5311 Cliodologomor,
2687 5236 2830 5290 tertio
2875 5241 3046 5286 autent
3093 5228 3287 5281 decimo
3313 5239 3446 5277 anno
3467 5219 3800 5279 desciverunt,

2215 5337 2270 5391 5.
2299 5334 2492 5400 Quarto
2518 5341 2686 5383 autem
2731 5336 2776 5381 et
2823 5325 3015 5378 decimo
3045 5337 3178 5375 anno
3222 5318 3352 5372 venit
3377 5313 3801 5380 Chodologomor,

2216 5437 2263 5480 et
2295 5441 2434 5495 reges
2476 5423 2560 5491 qui
2603 5435 2716 5473 cum
2761 5435 2817 5472 eo
2860 5425 3020 5481 erant,
3052 5423 3098 5467 et
3126 5411 3442 5465 trucidarunt
3489 5406 3712 5476 gigantes
3749 5399 3806 5449 in

2219 5493 2456 5569 Astaroth
2499 5522 2543 5564 ct
2571 5509 2829 5573 Carnaiut,
2861 5516 2908 5562 et
2933 5513 3107 5576 gentes
3138 5504 3290 5570 fortes
3315 5517 3416 5554 una
3444 5514 3556 5551 cum
3584 5493 3726 5562 ipsis,
3757 5497 3801 5540 ct

2223 5608 2496 5668 Ummwos,
2541 5602 2792 5670 quierant
2839 5599 2891 5651 in
2937 5597 3068 5650 Save
3109 5593 3331 5655 civitate,
3363 5589 3415 5643 6.
3446 5599 3493 5640 et
3519 5585 3808 5644 Chorrwos,

2221 5697 2308 5765 qtii
2332 5704 2471 5749 erant
2497 5695 2546 5747 in
2577 5691 2824 5745 montibus
2857 5689 2992 5755 Seir,
3023 5701 3180 5756 usque
3201 5687 3268 5736 ad
3291 5678 3640 5737 Tereltiutltum
3662 5672 3806 5727 [νων
