4070 6194
493 235 598 292 325

496 351 710 418 Ιιίὶδηςν
757 351 851 404 καί
903 349 1240 417 κατέκοψαν
1280 348 1511 412 πάντας
1565 344 1707 408 τοὺς
1749 343 2040 410 ἄρχοντας

505 430 784 500 Ἀμαλὴκ,
820 431 913 484 καὶ
947 430 1086 496 τοὺς
1126 431 1505 498 Ἀμορραίους
1532 425 1672 492 τοὺς
1705 421 2040 477 κατοικοῦν-

491 530 595 577 τας
627 514 696 565 ἐν
733 511 1192 580 Ἁσασυνθαμάρ.
1237 511 1328 581 Μὴ
1360 509 1543 569 ἁπλῶς
1577 504 2039 576 παραδράμωμεν,

489 596 782 664 ἀγαπητοὶ,
823 595 889 647 τὰ
926 595 1225 664 εἰρημένα,
1270 595 1402 663 μηδὲ
1443 594 1750 662 νομίσωμεν
1794 586 2039 655 ἀνωφελῆ

489 674 624 728 εἶναι
672 677 768 745 τὴν
813 679 1080 747 διήγησιν.
1144 676 1430 746 Ἐπίτηδες
1461 675 1568 745 γὰρ
1613 676 1646 742 ἡ
1684 673 1805 726 θεία
1851 667 2040 740 Γραφὴ

490 759 626 828 μετά
670 759 951 827 ἀκριϐείας
991 759 1204 812 ἅπαντα
1236 759 1364 828 ἡμῖν
1393 759 1704 827 διηγήσατο,
1741 757 1825 808 ίνα
1859 752 2041 822 μάθω-

489 857 586 908 μεν
617 840 723 893 τῶν
753 841 1038 912 βαρϐάρων
1070 844 1271 894 τούτων
1309 842 1404 912 τὴν
1437 842 1586 910 ίσχὺν
1606 879 1619 901 ,
1655 839 1748 892 κα)⁸
1781 839 1910 907 ὅσην
1945 841 2042 905 τὴν

485 924 734 993 ἀνδρείαν
770 923 1105 989 ἐπεδείξαντο
1129 963 1142 986 ,
1176 923 1269 977 καὶ
1310 923 1447 993 μετά
1493 922 1661 989 πόσης
1691 919 2042 990 σφοδρότητος

487 1006 620 1075 πρὸς
660 1007 747 1059 τὸν
779 1006 1010 1076 πόλεμον
1037 1005 1298 1076 ὥρμησαν
1319 1045 1332 1066 ,
1370 1006 1444 1067 ὡς
1483 1005 1574 1057 καὶ
1605 1006 1728 1066 τοὺς
1763 998 2038 1070 γίγαντας,

486 1085 628 1138 τοῦτ’
659 1087 772 1140 ἐστι
798 1090 922 1150 τοὺς
953 1089 1202 1156 ἰσχυροὺς
1227 1087 1363 1139 κατά
1387 1086 1482 1154 τὴν
1511 1084 1604 1137 τοῦ
1638 1085 1882 1154 σώματος
1907 1082 2038 1148 ἕξιν,

487 1169 974 1235 καταγωνίσασθαι.
1007 1169 1101 1221 καὶ
1130 1170 1301 1221 πάντα
1324 1167 1392 1219 τά
1431 1171 1606 1220 ἐκεῖσε
1639 1166 1888 1218 οἰκοῦντα
1915 1165 2038 1233 ἔθνη

485 1242 884 1319 τροπὼσασθαί.
945 1249 1207 1316 Καθάπερ
1264 1250 1370 1320 γὰρ
1416 1249 1746 1317 χειμάρρους
1801 1247 2040 1316 σφοδρῶς

483 1330 722 1384 ἐπελθὼν
748 1332 958 1385 ἅπαντα
989 1331 1293 1401 παρασύρει
1327 1335 1418 1385 καὶ
1445 1331 1726 1391 ἀπόλλυσι,
1764 1330 1852 1381 τὸν
1880 1329 2040 1382 αὐτὸν

483 1413 545 1482 δὴ
575 1414 773 1482 τρόπον
811 1414 903 1465 καὶ
942 1406 1084 1465 οῦτοι
1107 1414 1155 1465 οί
1194 1413 1453 1482 βάρϐαροι
1511 1416 1638 1465 πᾶσι
1679 1412 1885 1473 τούτοις
1927 1414 2039 1474 τοῖς

487 1495 690 1548 ἔθνεσιν
717 1495 1046 1558 ἐπελθόντες,
1083 1496 1285 1557 πάντας
1314 1495 1480 1564 ἄρδην
1511 1495 1813 1552 ἀπώλεσαν,
1840 1495 1914 1555 ὼς
1947 1495 2040 1545 καὶ

485 1577 610 1638 τοὺς
655 1579 919 1646 ἀρχοντας
960 1577 1066 1629 τῶν
1123 1575 1516 1645 Ἀμαληκιτῶν,
1554 1576 1644 1627 καὶ
1684 1576 1806 1637 τοὺς
1851 1575 2040 1636 ἄλλους

485 1657 726 1719 ἃπαντας
753 1657 1154 1728 τροπώσασθαι.
1200 1657 1336 1708 Ἀλλ’
1369 1658 1498 1718 ῖσως
1529 1659 1670 1708 εῖποι
1706 1673 1784 1717 τις
1812 1655 1876 1707 ἀν
1896 1673 1908 1684 ·
1949 1656 2040 1707 καὶ

488 1738 541 1789 τί
577 1755 664 1807 μοι
705 1738 892 1806 ὄφελος
937 1739 1043 1792 ἀπὸ
1087 1738 1180 1790 τοῦ
1221 1739 1422 1806 γνῶναι
1469 1737 1577 1790 τῶν
1626 1737 1910 1808 βαρϐάρων
1941 1737 2040 1805 τὴν

485 1819 668 1888 ίσχύν;
702 1821 812 1889 Οὐχ
839 1820 1022 1882 ἁπλῶς
1049 1820 1167 1872 οὐδέ
1195 1821 1314 1890 είκῆ
1347 1823 1379 1890 ἡ
1413 1821 1602 1890 Γραφὴ
1635 1819 1803 1872 ταῦτα
1825 1822 1889 1888 τῇ
1929 1819 2042 1887 διη-

481 1903 637 1971 γήσει
655 1901 1026 1970 ἐγκατέμιξεν,
1047 1901 1162 1953 οὐδὲ
1189 1901 1363 1972 μάτην
1385 1903 1545 1971 ἡμεῖς
1567 1901 1658 1953 νῦν
1683 1893 2039 1970 προλαϐόντες

481 1983 879 2052 παρεγγυῶμεν
908 1984 1032 2053 ὑμῖν
1067 1983 1370 2053 μεμνῆσθαι
1400 1983 1498 2051 τῆς
1528 1982 1728 2034 τούτων
1757 1981 2004 2051 ἀνδρείας
2022 1998 2036 2012 °

478 2061 592 2114 ἀλλ’
624 2063 708 2115 ἵνα
741 2065 1030 2134 προϊούσης
1068 2066 1165 2134 τῆς
1197 2055 1543 2126 διδασκαλίας
1576 2064 1780 2133 μάθητε
1815 2063 1906 2116 καὶ
1939 2063 2039 2132 τῆς

476 2143 569 2196 τοῦ
598 2143 731 2196 Θεοῦ
761 2145 1040 2216 δυνάμεως
1065 2147 1164 2229 τῂν
1187 2145 1512 2217 ὑπερϐολὴν,
1535 2147 1629 2199 καὶ
1654 2144 1747 2198 τοῦ
1774 2145 2038 2216 πατριάρ-

477 2247 573 2300 χου
599 2231 698 2301 τὴν
727 2232 944 2303 ἀρετήν.
976 2234 1117 2303 Πρὸς
1139 2233 1355 2296 τούτους
1377 2229 1489 2294 οῦν,
1514 2233 1666 2302 φησὶ,
1693 2235 1818 2296 τοὺς
1845 2232 2037 2286 τοσαύ-

474 2328 572 2381 την
597 2312 822 2382 δύναμιν
855 2315 1238 2385 κεκτημένους,
1270 2315 1362 2368 καὶ
1397 2314 1630 2368 τοσαῦτα
1663 2315 1787 2384 ἔθνη
1827 2331 2038 2384 τροπω-

477 2394 741 2464 σαμένους
779 2395 1031 2463 Ἐεῆλθε
1064 2397 1512 2464 παρατάξασθαι
1555 2398 1905 2462 όβασιλεὺς
1929 2400 2036 2450 Σο-

473 2476 688 2544 δόμων,
719 2477 814 2530 καί
841 2480 1166 2546 Γομόρρας.
1199 2478 1294 2531 καί
1341 2478 1560 2546 Ἀδαμὰ
1578 2518 1592 2542 ,
1638 2479 1733 2532 καὶ
1763 2479 2031 2546 Σεϐοείμ,

473 2559 570 2612 καί
607 2561 844 2613 Βαλάκ·
885 2561 1034 2626 αὕτη
1061 2561 1192 2614 ἐστί
1230 2560 1431 2628 Σηγώρ
1455 2577 1466 2590 ·
1505 2561 1602 2614 καί
1628 2562 2033 2628 παρετάξαντο

472 2641 674 2705 αὐτοῖς
703 2641 772 2694 ἐν
800 2640 875 2709 τῇ
899 2642 1130 2695 κοιλάδι
1157 2641 1232 2709 τῇ
1251 2640 1449 2710 ἀλυκῇ
1468 2645 1554 2707 εὶς
1577 2643 1859 2711 πόλεμον,
1884 2643 2033 2709 πρὸς

470 2721 877 2790 Χοδολογομύρ
901 2764 916 2786 ,
959 2723 1055 2777 καί
1097 2725 1327 2791 Θαρθὰκ
1349 2763 1364 2786 ,
1408 2724 1505 2776 καί
1562 2725 1860 2792 ’Λμαρφὰθ
1880 2766 1894 2787 ,
1933 2725 2030 2776 καί

482 2803 708 2872 Ἀρίωχ.
735 2807 798 2857 Ol
827 2804 1120 2872 τέσσαρες
1143 2803 1424 2870 ,ϐασιλεῖς
1469 2804 1617 2871 πρὸς
1653 2805 1793 2870 τοὺς
1831 2806 2027 2857 πέντε.

472 2884 690 2950 Κοιλὰς
714 2884 781 2937 δὲ
803 2885 840 2951 ὴ
877 2885 1074 2952 ἀλυκὴ
1099 2927 1112 2947 ,
1153 2885 1373 2953 φρέατα
1426 2885 1760 2953 ἀσφάλτου.
1789 2881 1922 2940 Εἶτα
1947 2888 2031 2938 ἵνα

474 2966 750 3035 μάθωμεν,
770 2967 883 3029 πῶς
895 2967 1327 3035 καταπλαγέντες
1345 2966 1519 3020 αὐτῶν
1534 2968 1631 3037 τὴν
1647 2968 1915 3036 ἀνδρείαν,
1937 2971 2030 3021 καὶ

468 3053 566 3123 τῆς
587 3046 863 3115 δυνάμεως
885 3048 981 3114 τὴν
1016 3050 1188 3116 ίσχὺν,
1205 3050 1283 3110 είς
1315 3050 1489 3118 φυγὴν
1517 3049 1668 3120 [554]
1694 3051 2028 3120 ἐτράπησαν,

471 3127 630 3196 φησὶν
661 3130 693 3196 ἡ
724 3129 906 3199 Γραφή
932 3147 946 3160 ·
981 3130 1088 3181 Καὶ
1116 3131 1336 3197 ἔφυγεν
1363 3132 1708 3197 όβασιλεὺς
1731 3133 2025 3202 Σοδόμων,

468 3207 565 3260 καὶ
588 3210 908 3276 Γομόρρας,
933 3211 1029 3263 καί
1051 3211 1341 3266 ἐνέπεσον
1357 3213 1497 3277 ἐκεῖ,
1518 3214 1664 3269 ἔνθα
1681 3215 1754 3268 τὰ
1771 3215 1993 3284 φρέατα
2011 3231 2024 3245 ο

467 3294 522 3368 οί
573 3290 641 3344 δὲ
695 3293 1186 3361 καταλειφθέντες
1233 3297 1318 3360 εις
1356 3295 1470 3363 τὴν
1509 3295 1749 3365 ὀρεινὴν
1780 3298 2024 3368 ἔφυγον.

468 3367 621 3436 Εἶδες
659 3373 795 3443 πόση
831 3374 935 3427 τῶν
965 3375 1174 3446 ἀνδρῶν
1205 3378 1236 3446 ἡ
1271 3377 1423 3447 ίσχύς
1448 3394 1463 3442 ;
1494 3378 1611 3442 πῶς
1650 3380 1742 3433 καὶ
1773 3381 1830 3446 ἐξ
1860 3381 2028 3452 αὐτῆς

463 3454 563 3524 τῆς
594 3455 906 3526 προσόψεως
931 3457 1342 3530 καταπλαγῆναι
1368 3461 1564 3525 αὐτοὺς
1586 3464 2024 3533 παρεσκεύασαν,

466 3537 558 3588 καὶ
590 3539 668 3600 είς
707 3538 884 3606 φυγὴν
913 3540 1184 3608 τραπῆναι
1233 3543 1624 3612 πεποιήκασιν;
1660 3545 1799 3614 Ὅρα
1842 3545 2025 3599 λοιπὸν

464 3619 582 3682 πῶς
616 3621 753 3690 μετά
780 3621 959 3691 πάσης
983 3623 1226 3688 εὐκολίας
1248 3665 1262 3690 ,
1297 3625 1544 3693 φυγάδων
1575 3627 1828 3682 ἀπάντων
1866 3646 2024 3698 γεγε·-

463 3702 728 3772 νημένων.
757 3703 824 3756 τά
859 3704 1036 3756 αὐτῶν
1076 3706 1288 3760 ἅπαντα
1321 3708 1572 3771 λαϐόντες
1601 3711 1793 3763 ἐκεῖνοι
1821 3713 2022 3784 ἐπανῄ-

464 3799 611 3836 εσαν.
638 3786 889 3838 Ἕλαθον
919 3785 1008 3848 δὲ,
1041 3789 1190 3854 φησὶ,
1223 3789 1321 3841 καί
1349 3791 1462 3856 τὴν
1493 3792 1752 3860 ὀρεινὴν,
1787 3794 1880 3847 καί
1913 3795 2022 3849 πᾶ-

461 3878 585 3916 σαν
599 3864 712 3930 τὴν
727 3866 912 3919 ἵππον
931 3868 1207 3937 Σοδόμων
1231 3871 1327 3923 καί
1356 3873 1680 3940 Γομόρρας.
1706 3875 1802 3926 καί
1829 3875 2022 3929 πάντα

463 3944 533 3996 τὰ
555 3943 835 4013 ,βρώματα
853 3949 1068 4013 αὐτῶν,
1099 3951 1192 4004 καί
1209 3953 1504 4020 ἀπῆλθον.
1544 3957 1806 4009 Ἕλαϐον
1831 3956 1899 4009 δέ
1921 3958 2019 4012 καί

463 4027 569 4080 τὸν
596 4026 722 4081 Λὼτ
747 4029 853 4082 τὸν
889 4030 1022 4084 υἱὸν
1051 4033 1156 4086 τοῦ
1197 4033 1462 4102 ἀδελφοῦ
1492 4037 1710 4106 Ἀϐραμ
1729 4076 1742 4101 ,
1769 4039 1864 4092 καὶ
1907 4039 2021 4107 τὴν

459 4109 815 4178 ἀποσκευὴν
835 4113 1038 4176 αὑτοῦ,
1074 4114 1170 4166 καί
1199 4113 1531 4184 ἀπῴχοντο.
1563 4113 1672 4171 τΗν
1700 4123 1808 4187 γὰρ
1827 4137 2020 4174 κατοι-

460 4191 581 4244 κῶν
602 4193 670 4245 ἐν
693 4193 995 4262 Σοδόμοις.
1042 4195 1171 4247 Ἰδοὺ
1211 4196 1346 4264 ὅπερ
1374 4197 1499 4265 χθὲς
1525 4198 1726 4267 ἔλεγον,
1759 4202 1836 4263 είς
1860 4201 2018 4272 ἔργον

458 4272 615 4343 ἐξέϐη
646 4273 774 4327 νῦνο
815 4277 894 4328 ὅτι
934 4277 1084 4328 οὐδὲν
1135 4276 1388 4331 ἀπώνατο
1416 4280 1445 4330 6
1483 4279 1605 4332 Λὼτ
1643 4278 1752 4333 ἀπὸ
1771 4283 1868 4352 τῆς
1908 4284 2017 4336 τῶν

460 4354 754 4429 πρωτείων,
779 4355 1005 4424 ἐκλογῆς
1027 4396 1042 4418 ,
1074 4356 1208 4408 ἀλλά
1233 4356 1299 4409 δι’
1330 4359 1506 4412 αὐτῶν
1534 4360 1641 4412 τῶν
1682 4364 2016 4431 πραγμάτων

457 4431 769 4517 ἐπαιδεύετο
805 4435 920 4517 τῶν
966 4438 1248 4505 πρωτείων
1287 4439 1360 4508 μὴ
1407 4440 1554 4513 ἐρᾷν.
1604 4443 1680 4494 Οὐ
1724 4443 1879 4512 μόνον
1906 4448 2015 4517 γὰρ

457 4513 605 4583 αὐτῷ
630 4516 694 4568 ἐκ
726 4515 913 4570 τούτου
957 4518 1106 4571 οὐδὲν
1143 4519 1331 4587 ὄφελος
1362 4521 1579 4590 γέγονεν
1603 4565 1618 4589 ,
1651 4525 1763 4578 ἀλλ’
1795 4527 1901 4582 ίδοὺ
1920 4513 2014 4583 καὶ

456 4595 797 4680 αἰχμάλωτος
826 4599 1044 4680 ἀπήχθη
1065 4640 1079 4662 ,
1111 4602 1201 4654 καὶ
1234 4602 1500 4672 ἐμάνθανε
1537 4605 1624 4658 διὰ
1663 4607 1772 4662 τῶν
1805 4610 2010 4680 ἔργων,

453 4677 535 4731 ὅτι
563 4679 740 4750 πολλῷ
774 4681 980 4748 βέλτιον
1004 4679 1070 4753 ἦν
1097 4684 1244 4754 αὐτῷ
1267 4686 1362 4755 τῆς
1386 4687 1479 4739 τοῦ
1503 4687 1708 4742 δικαίου
1730 4677 2011 4758 συνουσίας

453 4761 764 4844 ἀπολαύειν,
791 4763 824 4834 ἢ
863 4765 1179 4834 χωρισθέντι
1204 4806 1219 4831 ,
1252 4769 1346 4820 καὶ
1381 4770 1439 4820 ἐν
1467 4770 1745 4844 ἐλευθερίᾳ
1767 4777 2009 4843 γεγονότι

451 4843 722 4928 τοσούτων
743 4846 1062 4916 πειραθῆναι
1093 4847 1198 4900 τῶν
1232 4853 1540 4920 συμφορῶν,
1589 4843 1846 4928 ἰδούίγάρ
1871 4859 2009 4928 ἐχω-

455 4922 610 4996 ρίσθη
630 4923 724 4975 τοῦ
744 4928 1100 4998 πατριάρχου,
1130 4932 1223 4983 καὶ
1251 4933 1499 5002 ἐνόμισεν
1537 4936 1593 4987 ἐν
1624 4922 1826 4992 πλείονί
1869 4922 2007 4994 εἶναι

451 5003 622 5087 ἀδείᾳ,
675 5006 768 5056 καὶ
805 5007 914 5087 τῶν
968 5013 1248 5079 πρωτείων
1288 5015 1766 5087 ἐπιτετυχηκέναι,
1817 5023 1908 5075 καὶ⁸
1949 5026 2006 5076 ἐν

451 5085 627 5174 nomn
657 5086 951 5174 τυγχάνειν,
979 5093 1045 5160 τῇ
1079 5093 1336 5162 εὐπορίᾳ,
1371 5097 1463 5148 καί¹
1497 5085 1690 5168 ἀθρόον
1729 5105 2007 5174 αίχμάλω-

446 5185 557 5234 τος,
597 5171 813 5233 ἄοικος,
860 5171 1104 5234 ἀνέστιος
1142 5174 1381 5240 γίνεται·
1411 5179 1494 5232 ῖνα
1536 5183 1711 5256 μάθῃς
1738 5171 1859 5240 ὅσον
1890 5190 2004 5242 ἐστὶ

447 5264 615 5352 κακὸν
639 5266 672 5335 ὴ
692 5265 972 5352 διαίρεσις,
1009 5269 1100 5352 καὶ
1125 5268 1246 5321 ὅσον
1285 5273 1430 5326 ἐστὶν
1464 5277 1662 5344 ἀγαθὸν
1690 5284 1721 5350 ἡ
1751 5285 1999 5352 ὁμόνοια·

447 5346 538 5430 καὶ
576 5348 658 5400 ὅτι
696 5350 957 5420 προσήκει
1004 5350 1078 5420 μὴ
1123 5353 1389 5424 ἐπιπηδᾷν
1425 5361 1535 5422 τοῖς
1582 5346 1852 5430 μείζοσίν,
1885 5367 2002 5420 ἀλλ’

445 5429 664 5518 ἀγαπᾷν
713 5431 1060 5518 ἐλαττοῦσθαι
1110 5435 1325 5504 μᾶλλον.
1372 5429 1630 5495 ’Βλαϐον
1674 5447 1808 5516 γὰρ,
1841 5429 1999 5518 φησὶ,

445 5508 551 5598 τὸν
578 5511 730 5598 Λὼτ,
750 5513 846 5566 καί
867 5513 981 5582 τὴν
1013 5516 1366 5586 ἀποσκευὴν
1393 5523 1595 5577 αὐτοῦ.
1624 5508 1780 5596 Πόσιξ)
1798 5508 2002 5598 μάλ-λον

446 5597 650 5665 βέλτιον
677 5596 746 5672 ἦν
767 5607 1000 5659 συνεῖναι
1035 5607 1110 5676 τῷ
1145 5610 1475 5683 πατριάρχῃ,
1503 5617 1590 5668 καὶ
1627 5596 1994 5677 πάντα-κατα-

1199 233 1255 288 S.
1293 229 1576 288 JOANNIS
1613 221 2089 284 CHRYSOSTOMI
2127 223 2440 280 ARCHIEP.
2478 227 3018 288 CONSTANTINOP.

3594 234 3704 291 3'26

2139 339 2382 408 δέχεσθαι
2407 341 2543 412 ὑπὲρ
2579 341 2671 394 τοῦ
2702 342 2775 412 μὴ
2801 343 3193 414 διασπασθῆναι
3220 345 3317 416 τὴν
3345 348 3545 414 μεταξὺ
3567 353 3701 420 ὁμό-

2137 439 2303 487 νοιαν,
2335 425 2368 494 ῆ
2398 425 2748 495 χωρισθέντα,
2799 428 2891 479 καὶ
2920 427 2989 478 τὰ
3030 431 3268 496 πρωτεῖα
3302 428 3663 498 ἐκλεξάμενον
3683 473 3704 496 ,

2136 505 2336 567 εὐθέως
2383 505 2654 568 τοσούτοις
2693 507 2954 570 κινδύνοις
3000 509 3426 578 περιϐληθῆναι,
3470 515 3560 565 καὶ
3595 516 3713 569 ὑπδ

2139 585 2428 657 βαρϐάροις
2459 588 2740 654 γενέσθαι;
2782 592 3264 658 Παραγενόμενος
3299 592 3366 644 δέ
3393 590 3502 657 τις.
3527 596 3663 664 φησι
3684 635 3703 656 ,

2137 666 2254 719 τῶν
2272 667 2698 722 ἀνασωθέντων
2716 708 2730 731 ,
2757 669 3078 738 ἀπήγγειλε
3108 672 3186 736 τῷ
3225 675 3443 741 Ἀϐραμ
3483 675 3559 738 τῷ
3593 691 3696 728 πε·

2128 748 2302 817 ράτῃ.
2340 749 2525 815 Αὐτὸς
2545 749 2611 802 δὲ
2635 750 2879 815 κατῴκει
2901 753 3047 818 πρὸς
3078 752 3150 819 τῇ
3178 753 3312 820 δρυῒ
3341 754 3410 821 τῇ
3444 757 3700 824 Μαμϐρῆ

2149 831 2392 899 Ὀμοροῦ
2417 844 2466 892 α,
2519 832 2622 885 τοῦ
2671 834 2934 902 ἀδελφοῦ
2985 836 3250 903 Ἐσχὼλ,
3289 838 3385 889 καὶ
3429 838 3708 908 ἀδελ-ιςςοῦ

2127 912 2345 978 Αὺνᾶν,
2373 915 2430 967 οῖ
2452 911 2613 984 ἦσαν
2639 920 2974 985 συνωμόται
2996 919 3075 984 τῷ
3104 922 3336 989 Ἀϐίαμ.
3361 923 3482 987 Πῶς
3513 928 3708 978 τοσού-

2135 1013 2227 1048 του
2257 997 2488 1066 πολέμου
2539 1000 2989 1069 συγκροτηθέντος
3025 1003 3128 1053 οὐκ
3173 1002 3311 1068 ἔγνω
3359 1007 3388 1058 ὁ
3427 1010 3702 1078 πατριάρ-

2136 1097 2268 1148 χης;
2303 1080 2431 1145 ἴσως
2463 1083 2595 1137 πολὺ
2617 1085 2674 1136 τὸ
2704 1085 2760 1134 ἐν
2781 1083 2929 1154 μέσῳ
2957 1084 3230 1156 διάστημα
3263 1088 3543 1156 ἐτύγχανε,
3578 1093 3695 1143 δι⁹ὂ

2137 1162 2228 1215 καὶ
2251 1165 2533 1234 ἠγνόησεν.
2575 1167 2798 1219 Ἐλθὼν
2818 1166 2885 1219 δέ
2913 1185 3003 1231 τις
3021 1167 3348 1236 ἀπήγγειλε
3374 1169 3452 1234 τῷ
3480 1172 3704 1239 Ἀϐραμ

2136 1242 2214 1306 τῷ
2249 1244 2506 1312 περάτῃο
2557 1247 2640 1298 ἵνα
2682 1249 2828 1316 ἡμᾶς
2863 1248 3178 1320 ἀναμνήσῃ,
3219 1250 3298 1302 ὅτι
3347 1251 3422 1318 τῷ
3465 1251 3573 1303 ἀπὸ
3599 1254 3703 1322 τῆς

2136 1325 2405 1388 Χαλδαίας
2421 1327 2780 1381 ἐπανελθόντι,
2815 1328 3029 1398 Ἐπειδὴ
3051 1331 3157 1400 γὰρ
3174 1331 3347 1401 πέραν
3371 1332 3464 1382 τοῦ
3480 1334 3703 1402 Εὐφρά-

2134 1422 2228 1458 του
2270 1408 2368 1477 τὴν
2411 1408 2726 1478 κατοίκησιν
2784 1405 2926 1479 εἷχε,
2978 1411 3065 1463 διὰ
3111 1411 3268 1464 τοῦτο
3317 1415 3407 1465 καὶ
3453 1417 3708 1484 περάτης

2136 1488 2368 1556 ἐλέγετο.
2399 1491 2506 1542 Καὶ
2535 1491 2736 1545 ἀνωθεν
2765 1493 2857 1544 καὶ
2885 1493 2942 1558 ἐξ
2969 1493 3143 1561 ἀρχῆς
3165 1494 3213 1544 οί
3245 1498 3418 1560 γονεῖς
3441 1497 3499 1547 τὸ
3525 1497 3705 1565 ὄνομα

2135 1572 2282 1640 αὐτῷ
2313 1572 2594 1637 ἐπέθεσαν,
2630 1574 3031 1643 προμηνύοντες
3059 1575 3204 1644 αὐτῷ
3235 1575 3330 1646 τὴν
3363 1578 3565 1630 ἐκεῖθεν
3597 1580 3702 1630 αὐ-

2134 1652 2228 1704 τοῦ
2277 1653 2688 1723 μετανάστασιν.
2761 1655 2974 1724 Ἐπειδὴ
2998 1656 3103 1727 γὰρ
3160 1658 3332 1726 περᾷν
3385 1658 3572 1726 ἔμελλε
3606 1659 3702 1711 τὸν

2137 1735 2454 1806 Εὐφράτην,
2482 1736 2574 1788 καὶ
2614 1737 2705 1789 ἐπὶ
2739 1738 2836 1808 τὴν
2876 1737 3235 1806 Παλαιστίνην
3280 1737 3563 1808 ἔρχεσθαι,
3608 1742 3702 1794 διὰ

2135 1816 2290 1868 τοῦτο
2315 1819 2408 1869 καὶ
2442 1817 2662 1886 ’Ᾱϐραμ
2691 1819 2951 1871 ἐκαλεῖτο.

2203 1896 2262 1948 δ’.
2301 1899 2496 1950 Σκόπει
2517 1899 2632 1960 πιῖις
2660 1899 2751 1951 καὶ
2771 1899 2982 1952 ἄπιστοι
3003 1899 3152 1964 ὄντες
3175 1903 3220 1955 οί
3243 1906 3413 1970 γονεῖς
3437 1903 3537 1956 οὐκ
3561 1905 3700 1956 εἰδό-

2133 1996 2241 2043 τες,
2263 1980 2372 2032 ἀλλ’
2390 1981 2492 2032 ὐπὸ
2523 1982 2618 2050 τῆς
2629 1981 2721 2033 τοῦ
2737 1982 3043 2051 εὐμηχάνου
3056 1985 3186 2037 Θεοῦ
3205 1986 3392 2054 σοφίας
3403 1987 3592 2055 όδηγού
3601 2007 3699 2057 με-

2135 2079 2233 2124 νοι,
2256 2061 2316 2114 τὸ
2339 2062 2506 2130 δνομα
2521 2063 2783 2116 ἐπέθεσαν
2797 2063 2873 2132 τῷ
2891 2065 3058 2128 παιδὶ,
3081 2067 3328 2136 καθάπερ
3345 2068 3436 2119 καί⁵
3456 2069 3485 2119 6
3501 2070 3699 2138 Λάμεχ

2132 2144 2210 2214 τῷ
2233 2143 2375 2196 Νῶε.
2407 2146 2514 2197 Καὶ
2541 2144 2700 2198 τοῦτο
2730 2145 2837 2217 γάρ
2864 2147 2961 2216 τῆς
2980 2147 3074 2200 τοῦ
3099 2148 3229 2200 Θεοῦ
3265 2149 3696 2219 φιλανθρωπίας,

2130 2226 2192 2278 τὸ
2233 2227 2327 2278 καὶ
2371 2225 2457 2278 διὰ
2493 2227 2736 2279 ἀπίστων
2787 2227 3044 2291 πολλάκις
3090 2231 3420 2298 προμηνύειν
3456 2232 3524 2284 τὰ
3555 2235 3700 2300 μετά

2132 2307 2299 2360 πολὺν
2339 2307 2568 2376 ἐσόμενα
2595 2309 2802 2378 χρόνον.
2834 2310 3185 2379 Ἀπήγγειλεν
3211 2307 3301 2363 οὖν
3331 2311 3518 2375 ἐλθὼν,
3541 2313 3698 2384 [555]

2131 2390 2282 2458 φησὶ,
2311 2389 2395 2452 τὶς
2421 2388 2499 2460 τῷ
2533 2391 2742 2462 περάτῃ
2773 2391 2840 2443 τά
2866 2393 3142 2460 γεγονότα,
3170 2393 3261 2444 τοῦ
3295 2393 3568 2461 ἀδελφιδοῦ
3593 2396 3696 2463 τὴν

2129 2471 2521 2541 αἰχμαλωσίαν,
2564 2472 2656 2525 καὶ
2684 2474 2789 2526 τῶν
2824 2473 3082 2542 βασιλέων
3116 2477 3333 2527 ἐκείνων
3356 2476 3454 2544 τὴν
3490 2477 3695 2545 πολλὴν

2127 2555 2461 2618 δυναστείαν,
2501 2557 2593 2608 καὶ
2633 2556 2729 2627 τῆν
2769 2559 2824 2609 ἐν
2854 2557 3102 2626 Σοδόμοις
3139 2558 3419 2626 πόρθησιν.
3456 2560 3547 2611 καὶ
3589 2560 3692 2627 τὴν

2131 2640 2244 2706 μετ’
2285 2637 2543 2707 αίσχύνης
2585 2640 2778 2708 φυγήν.
2815 2639 3007 2704 Αὐτὸς
3042 2639 3110 2690 δὲ
3146 2640 3390 2702 κατῴκει
3421 2642 3575 2706 παρὰ
3615 2639 3692 2706 τῇ

2126 2718 2260 2787 δρυῒ
2294 2719 2367 2786 τῇ
2396 2719 2639 2787 Μαμϐρῆ
2686 2711 2950 2788 Ὀμοροῦ,
2995 2720 3099 2774 τοῦ
3137 2721 3400 2789 ἀδελφοῦ
3439 2723 3689 2790 Ἐσχὼλ,

2125 2799 2224 2851 καί
2255 2799 2476 2862 Αὺνᾶν,
2512 2800 2568 2853 ot
2605 2797 2763 2870 ἦσαν
2795 2804 3129 2870 συνωμόται
3161 2803 3239 2867 τῷ
3271 2806 3500 2872 Ἀϐραμ.
3549 2806 3684 2856 Ἀλλ’

2128 2879 2256 2942 ίσως
2279 2881 2508 2934 ἐνταῦθα
2533 2883 2596 2936 ἀν
2618 2899 2700 2945 τις
2730 2881 2999 2952 ζητήσειε·
3024 2883 3162 2946 τίνος
3187 2885 3370 2937 ἕνεκεν
3397 2887 3553 2954 μόνος
3577 2887 3687 2939 τῶν

2123 2963 2183 3016 ἐν
2215 2964 2465 3032 Σοδόμοις
2487 2966 2830 3032 πεφευγότων
2851 2967 2879 3017 6
2900 2965 3100 3028 δίκαιος
3120 2965 3243 3018 Λὼτ
3271 2967 3350 3028 είς
3371 2968 3466 3037 τὴν
3486 2970 3687 3036 αἰχμα-

2123 3045 2323 3098 λωσίαν
2351 3046 2654 3113 ἀπάγεται,
2690 3048 2800 3116 Οὐχ
2827 3046 3011 3108 ἁπλῶς
3035 3047 3152 3099 οὐδέ
3179 3047 3354 3115 τοῦτο,
3384 3049 3503 3101 οὐδὲ
3535 3051 3681 3118 είκῆ,

2122 3127 2236 3180 ἀλλ’
2271 3129 2357 3180 ἵνα
2392 3128 2536 3198 μάθῃ
2565 3129 2632 3180 δι’
2664 3129 2840 3180 αὐτῶν
2869 3127 2976 3180 τῶν
3012 3130 3347 3198 πραγμάτων
3379 3131 3407 3182 6
3441 3130 3561 3182 Λὼτ
3589 3132 3684 3182 καὶ

2121 3210 2213 3263 τοῦ
2239 3210 2572 3281 πατριάρχου
2604 3211 2701 3281 τὴν
2730 3211 2948 3281 ἀρετὴν,
2979 3212 3072 3264 καὶ
3099 3211 3164 3263 δι’
3206 3211 3368 3264 αὐτοῦ
3393 3213 3482 3265 καὶ
3507 3214 3682 3282 ἕτεροι

2122 3291 2444 3354 διασωθῶσι,
2477 3293 2570 3344 καὶ
2597 3292 2682 3344 ἴνα
2717 3293 2974 3362 παιδευθῇ
3021 3291 3094 3362 μὴ
3125 3292 3230 3344 τῶν
3274 3293 3550 3363 πρωτείων
3589 3297 3683 3360 ἐφ-

2125 3374 2318 3439 ίεσθαι,
2354 3374 2488 3427 ἀλλὰ
2521 3377 2864 3445 παραχωρεῖν
2893 3374 3000 3426 τῶν
3027 3374 3303 3444 μειζόνων.
3341 3376 3681 3445 Ἀκούσωμεν

2119 3456 2176 3510 δέ
2203 3456 2385 3508 λοιπὸν
2414 3455 2520 3508 τῶν
2550 3456 2695 3524 ἐξῆς,
2719 3457 2806 3509 ἵνα
2831 3457 3085 3525 μάθωμεν
3111 3456 3203 3509 καὶ
3235 3457 3327 3509 τοῦ
3356 3456 3561 3509 δικαίου
3585 3459 3681 3527 τὴν

2120 3539 2338 3610 ἀρετὴν,
2372 3539 2462 3591 καὶ
2501 3537 2592 3591 τοῦ
2628 3536 2761 3590 Θεοῦ
2793 3539 2891 3606 τὴν
2913 3537 3117 3606 ἄφατον
3146 3538 3475 3608 συμμαχίαν.
3521 3541 3680 3592 Ἀλλά

2121 3621 2413 3692 προσέχετε
2436 3621 2572 3691 μετά
2592 3619 2867 3689 ἀκριϐείας
2886 3621 2996 3682 τοῖς
3016 3619 3345 3689 λεγομένοις,
3368 3622 3458 3673 καὶ
3481 3624 3680 3674 συντείο

2118 3720 2244 3755 νατε
2275 3702 2428 3772 ὐμῶν
2457 3699 2552 3771 τὴν
2571 3701 2826 3755 διάνοιαν.
2857 3701 3029 3754 Πολλά
3053 3702 3161 3770 γάρ
3183 3703 3296 3754 ἐστι
3324 3702 3461 3754 κατά
3484 3703 3678 3754 ταύτὸν

2117 3784 2364 3840 ἐντεῦθεν
2401 3783 2676 3855 κερδᾶναι,
2724 3785 2816 3836 καὶ
2849 3783 2913 3836 ἐκ
2940 3783 3046 3835 τῶν
3080 3783 3156 3852 τῷ
3189 3782 3313 3836 Λὼτ
3357 3783 3676 3852 συμϐάντων

2115 3866 2322 3920 ἐκεῖθεν
2363 3863 2712 3935 παιδευθῆναι
2746 3864 3011 3936 μηδέποτε
3051 3864 3345 3934 διαπορεῖν,
3384 3865 3561 3917 είποτε
3599 3865 3676 3916 δίο

2116 3966 2259 4002 καιοι
2293 3949 2390 4017 μὲν
2420 3950 2742 4018 πειρασμοῖς
2767 3947 3129 4017 περιπέσοιεν,
3166 3946 3354 4014 φαῦλοι
3375 3947 3430 3999 δέ
3458 3949 3548 3999 καὶ
3575 3965 3672 3999 ποο

2114 4032 2268 4100 νηροὶ
2292 4030 2620 4098 διαφύγοιεν,
2650 4032 2781 4099 μήτε
2811 4030 2875 4081 ἐκ
2899 4029 3094 4092 παντὸς
3114 4029 3314 4099 τρόπου
3339 4028 3406 4080 τά
3435 4032 3672 4096 πρωτεῖα

2115 4112 2407 4182 ἐπιζητεῖν,
2441 4113 2578 4182 μήτε
2595 4112 2693 4181 τῆς
2714 4110 2850 4180 μετὰ
2879 4109 2984 4162 τῶν
3008 4109 3228 4162 δικαίων
3260 4111 3536 4171 συνουσίας
3556 4111 3670 4162 ’ἐτε-

2117 4196 2206 4265 ρόν
2251 4213 2304 4248 τι
2348 4195 2736 4266 προτιμότερον
2773 4191 3042 4263 ἡγεῖσθαι,
3089 4193 3221 4246 ἀλλά
3269 4194 3370 4248 κᾶν
3405 4193 3669 4246 δουλεύειν

2111 4276 2235 4341 δέοι,
2280 4281 2510 4332 συνεῖναι
2535 4277 2592 4331 δὲ
2611 4279 2879 4348 ἐναρέτοις
2905 4278 3144 4348 ἀνδράσι,
3179 4278 3273 4330 τοῦ
3311 4279 3367 4330 ἐν
3393 4277 3666 4346 ἐλευθερίᾳ

2110 4352 2248 4411 εἶναι
2275 4360 2429 4412 τοῦτο
2453 4358 2880 4430 λυσιτελέστερον
2913 4356 3049 4412 εἶναι
3079 4361 3338 4430 νομίζειν.
3383 4359 3489 4412 Καὶ
3526 4359 3661 4426 μετά

2108 4438 2311 4492 τούτων
2339 4439 2395 4492 δὲ
2437 4440 2531 4492 καὶ
2567 4439 2659 4492 τοῦ
2685 4441 3022 4511 πατριάρχου
3063 4439 3256 4511 μαθεῖν
3281 4439 3523 4492 ἐντεῦθέν
3551 4442 3664 4490 ἐστι

2107 4519 2204 4590 τὴν
2233 4519 2434 4590 πολλὴν
2459 4521 2824 4586 ἀνεξικακίαν,
2859 4523 2956 4593 τῆς
2975 4521 3348 4592 φιλοστοργίας
3375 4521 3471 4591 τὴν
3501 4521 3662 4588 ὐπερυ

2107 4601 2288 4672 ϐολὴν,
2326 4605 2423 4672 τῆς
2455 4602 2700 4671 ἀνδρείας
2735 4602 2796 4655 τὺ
2826 4603 3070 4672 μέγεθος,
3105 4603 3215 4656 τῶν
3247 4604 3540 4673 χρημάτων
3566 4602 3661 4668 τὴν

2108 4683 2426 4753 ὑπεροψίαν,
2482 4683 2580 4752 τῆς
2624 4685 2750 4756 περὶ
2793 4685 2952 4738 αὐτὸν
2986 4685 3080 4737 τοῦ
3119 4685 3251 4738 Θεοῦ
3289 4685 3534 4754 βοηθείας
3565 4683 3660 4750 τὴν

2105 4766 2306 4834 ἄφατον
2355 4764 2600 4834 δύναμιν.
2656 4766 2941 4832 Ἀκούσας
2977 4765 3065 4830 δὲ,
3103 4768 3285 4836 φησὶν,
3325 4767 3538 4833 ’Λόραμ
3573 4763 3660 4815 ὅτι

2104 4847 2554 4916 ᾐχμαλώτευται
2592 4846 2721 4901 Λὼτ
2751 4847 3106 4916 ἀδελφιδοῦς
3137 4848 3342 4912 αὐτοῦ,
3375 4849 3661 4914 ἠρίθμησε

2103 4929 2243 4994 τοὺς
2269 4929 2455 4994 ἰδίους
2470 4927 2788 4997 οίκογενεῒς
2815 4931 3189 4996 τριακοσίους
3207 4929 3348 4982 δέκα
3369 4929 3466 4981 καὶ
3485 4925 3653 4987 ὀκτὼ,

2103 5011 2199 5065 καί
2245 5010 2598 5075 κατεδίωξεν
2639 5011 2826 5064 ὀπίσω
2877 5011 3071 5066 αὐτῶν
3102 5013 3210 5077 ἕως
3251 5013 3386 5074 Δὰν,
3420 5007 3516 5063 καὶ
3563 5007 3658 5058 ἑπ-

2101 5096 2321 5148 έπεσεν
2340 5095 2432 5147 ἐπ’
2449 5094 2667 5160 αὐτοὺς
2690 5093 2804 5161 τὴν
2821 5096 3008 5148 νύκτα
3023 5096 3223 5160 αὐτὸς,
3253 5095 3344 5147 καί
3370 5096 3424 5146 οἱ
3451 5089 3655 5153 παῖδες

2099 5175 2303 5239 αὐτοῦ,
2340 5176 2436 5229 καί
2461 5175 2755 5239 ἐπάταξεν
2787 5175 3003 5240 αὐτοὺς
3026 5175 3135 5240 ἕως
3171 5177 3396 5238 χωσάλ,
3430 5177 3467 5242 ἢ
3488 5177 3656 5228 ἐστιν

2099 5259 2378 5324 ἀριστερὰ
2417 5259 2751 5327 Δαμασκοῦ.
2786 5259 2892 5312 Καὶ
2939 5256 3268 5325 ἐπέστρεψε
3310 5256 3512 5311 πᾶσαν
3542 5256 3654 5323 τὴν

2100 5339 2286 5392 ἵππον
2297 5338 2568 5408 Σοδόμων
2583 5340 2678 5392 καί
2702 5339 2825 5392 Λὼτ
2839 5339 2942 5392 τὸν
2958 5339 3318 5408 ἀδελφιδοῦν
3336 5339 3519 5392 αὑτοῦ
3535 5338 3650 5390 ἀπ-

2098 5421 2372 5488 έστρεψε,
2393 5421 2489 5474 καὶ
2516 5421 2708 5474 πάντα
2739 5420 2809 5472 τὰ
2829 5419 3170 5487 ὑπάρχοντα
3194 5421 3396 5484 αὐτοῦ,
3428 5421 3521 5474 καί
3546 5419 3651 5471 τόν

2099 5505 2269 5570 λαὸν,
2285 5508 2378 5560 καί
2395 5506 2498 5570 τὰς
2510 5504 3013 5573 γυναῖκας.Ἐννὸει
3025 5522 3115 5574 μοι
3125 5500 3648 5572 ἐνταῦθα,ἀγαπητέ,

2165 5635 2190 5663 ⁸
2213 5633 2312 5682 Sex
2338 5647 2452 5682 mss.
2479 5633 2557 5682 hic
2581 5638 2631 5681 cl
2669 5630 2787 5682 infra
2812 5633 3037 5694 Ὅμορος.
