4084 6214
272 317 376 375 3‘25

269 451 384 496 ran,
411 444 526 501 qua:
554 436 626 482 est
656 428 712 482 in
738 438 922 479 eremo.
950 422 1002 477 7.
1034 418 1101 475 Et
1140 418 1321 474 reversi
1349 425 1587 472 uenerunt
1618 413 1687 468 ad
1715 409 1856 465 Fon-

272 537 368 578 tmn
399 520 588 592 judicii
606 534 626 582 ;
647 521 758 589 ipsa
785 525 857 572 est
900 513 1098 578 Cades;
1125 522 1170 567 et
1199 510 1484 566 occiderunt
1514 524 1685 562 omnes
1715 505 1859 575 prin-

269 616 406 681 cipes
447 612 672 678 Amalec,
729 617 776 663 et
826 606 1148 661 Amorrlueos
1177 614 1223 659 et
1251 604 1530 657 habitantes
1559 603 1610 656 in
1640 605 1861 656 Asason-

274 705 494 758 tltamar.
542 700 620 756 Ne
662 708 1044 770 praetereamus
1090 695 1283 758 obiter,
1332 693 1532 754 dilecti.
1581 709 1698 763 qua:
1723 692 1862 746 dicta

275 806 430 859 sunt,
479 807 652 863 neque
714 799 961 862 putemus
1025 788 1264 842 inutilem
1313 801 1432 840 esse
1481 784 1860 838 narrationem.

278 885 462 941 Dedita
511 885 652 938 enim
697 897 858 952 opera
885 879 1062 935 divina
1090 879 1359 947 Scriptura
1385 875 1664 944 diligenter
1687 875 1863 927 omnia

276 979 432 1033 nobis
454 977 707 1038 narravit,
737 985 793 1028 ut
817 974 1083 1028 discamus
1112 979 1363 1040 quantum
1396 969 1551 1022 fuerit
1593 966 1773 1029 rolmr,
1813 975 1867 1019 et

279 1080 474 1138 quinta
521 1068 754 1138 potentia
806 1065 1174 1128 barbarorum,
1221 1071 1275 1119 et
1317 1070 1514 1132 quanto
1563 1062 1759 1127 impetu
1815 1062 1863 1111 in

278 1155 479 1220 bellum
502 1159 764 1219 venerint,
791 1167 848 1211 ιιι
873 1157 1032 1210 etiam
1059 1156 1320 1224 gigantes,
1360 1154 1460 1207 hoc
1489 1161 1588 1216 est,
1621 1164 1868 1218 proceros

281 1259 335 1307 et
381 1257 545 1306 fortes
591 1263 836 1319 corpore,
886 1246 1238 1308 debellarint,
1294 1256 1585 1311 omnesque
1639 1239 1868 1308 regionis

281 1349 470 1410 gentes
528 1341 580 1394 in
625 1339 800 1408 fugam
852 1337 1125 1392 verterint.
1170 1334 1302 1389 Nam
1331 1334 1465 1389 sicut
1519 1342 1746 1392 torrens,
1781 1331 1868 1399 qui

283 1432 438 1487 valde
463 1430 694 1487 excurrit
721 1440 772 1485 et
801 1428 1042 1494 inundat,
1071 1427 1249 1482 omnia
1279 1441 1460 1480 secum
1508 1423 1644 1493 rapit
1667 1432 1722 1476 et
1751 1438 1872 1493 per-

282 1525 404 1580 dit:
452 1526 521 1579 ita
566 1533 621 1580 et
669 1523 878 1578 barbari
926 1521 1000 1576 illi
1037 1521 1343 1575 invaserunt
1367 1531 1554 1572 omnes
1583 1523 1784 1585 gentes,
1819 1523 1872 1568 et

284 1629 472 1671 otnnes
503 1630 722 1684 prorsus
749 1612 1112 1683 perdiderunt,
1141 1611 1210 1664 ita
1241 1620 1297 1663 ut
1324 1617 1378 1663 et
1407 1605 1671 1676 principes
1709 1607 1871 1658 Ama-

285 1707 580 1768 lecitarum.
627 1716 682 1761 et
727 1707 860 1760 alios
907 1719 1094 1760 omnes
1143 1703 1194 1756 in
1244 1700 1421 1771 fugam
1449 1699 1724 1753 verterint.
1767 1696 1873 1752 Sed

287 1799 424 1852 forte
455 1798 649 1852 dixerit
696 1797 956 1867 quispiam
992 1812 1006 1848 :
1048 1794 1115 1849 Et
1145 1808 1263 1864 quae
1308 1790 1438 1846 mihi
1467 1789 1685 1852 utilitas,
1737 1787 1874 1842 scire

285 1891 630 1946 barbarorum
657 1889 860 1944 robur?
907 1887 1022 1943 Non
1051 1897 1250 1942 temere
1303 1899 1476 1954 neque
1528 1881 1721 1936 frustra
1753 1895 1873 1933 nar-

286 1982 479 2036 rationi
531 1981 651 2036 talia
701 1980 988 2035 immiscuit
1037 1977 1311 2046 Scriptura
1354 1975 1567 2040 divina,
1614 1987 1715 2026 nec
1761 1971 1876 2026 sine

289 2089 446 2128 causa
475 2089 571 2130 nos
591 2089 619 2127 a
653 2072 911 2143 principio
936 2080 1179 2126 auctores
1209 2069 1359 2124 vobis
1400 2081 1585 2122 smnus
1612 2077 1666 2120 ut
1691 2079 1875 2120 eorum

293 2167 656 2222 fortitudinem
716 2165 974 2221 memoria
1019 2165 1284 2218 teneatis:
1317 2163 1410 2219 sed
1452 2171 1507 2217 ut
1557 2161 1879 2231 procedente

294 2257 532 2312 doctrina
564 2257 782 2312 discatis
824 2265 876 2312 et
919 2256 1184 2326 ingentem
1218 2255 1311 2310 Dci
1360 2255 1670 2323 potentiam,
1701 2261 1755 2307 et
1785 2268 1877 2322 pa-

294 2348 542 2402 triarchae
585 2348 853 2402 virtutem.
905 2347 1102 2401 Contra
1153 2345 1271 2400 illos
1301 2346 1459 2416 igitur
1503 2345 1590 2414 qui
1620 2353 1766 2398 tanto
1796 2358 1881 2397 ro-

295 2438 423 2492 bore
450 2437 652 2508 praediti
684 2448 854 2503 erant,
884 2447 936 2491 et
959 2445 1035 2491 tot
1062 2445 1250 2506 gentes
1295 2436 1345 2490 in
1376 2435 1550 2504 fuga-tt
1589 2443 1877 2500 verterant,

296 2531 350 2583 8.
386 2528 633 2599 Egressus
659 2538 752 2594 est,
782 2527 971 2597 inquit,
994 2527 1046 2580 in
1074 2527 1306 2598 prtulittm
1332 2541 1424 2580 rex
1443 2524 1803 2587 Sodomorum,
1835 2533 1882 2577 et

297 2619 616 2685 Gomorrltaz,
646 2629 692 2674 et
720 2636 809 2674 rex
833 2619 1052 2685 Adama,
1081 2629 1128 2673 et
1153 2635 1242 2673 rex
1267 2618 1493 2685 Seboim,
1517 2627 1563 2671 et
1587 2633 1675 2671 rex
1697 2615 1883 2692 Balac,

295 2713 407 2782 ipsa
431 2722 505 2766 est
524 2710 688 2782 Segor
707 2728 726 2765 :
750 2720 797 2766 et
821 2713 1108 2766 direxerant
1135 2711 1290 2766 aciem
1315 2711 1369 2764 in
1397 2711 1626 2778 pra-lium
1655 2709 1706 2762 in
1742 2705 1885 2762 Valle

297 2804 456 2866 salsa,
500 2802 554 2857 9.
589 2811 764 2856 contra
803 2801 1208 2873 Chodologomor
1251 2812 1294 2856 et
1330 2801 1602 2868 Titartltac,
1627 2812 1676 2856 et
1703 2803 1883 2855 Amar-

297 2895 478 2964 phath,
525 2903 574 2948 et
611 2894 816 2948 Arioch.
871 2895 1101 2960 Quatuor
1142 2910 1280 2964 reges
1308 2905 1482 2947 contra
1526 2895 1760 2964 quinque.
1795 2893 1881 2948 10.

309 2984 470 3040 Vallis
513 2994 678 3039 autem
721 2986 877 3051 salsa,
927 2986 1063 3054 putei
1087 2984 1362 3039 bituminis.
1396 2983 1593 3039 Deinde
1621 2992 1676 3037 ut
1709 2982 1888 3038 disca-

300 3093 420 3132 mus
457 3077 724 3147 quomodo
766 3093 950 3133 eorum
995 3077 1177 3142 robur,
1224 3087 1278 3132 et
1315 3077 1605 3147 potentiam
1630 3076 1885 3147 obstupe—

298 3175 533 3236 scentes,
561 3167 611 3220 in
637 3165 813 3237 fugam
839 3167 974 3221 γι·τεί
992 3173 1136 3232 sunt,
1166 3166 1331 3236 inquit
1353 3163 1438 3227 ,Et
1457 3166 1587 3236 fugit
1611 3181 1700 3218 rex
1721 3165 1890 3220 Sodo-

299 3274 518 3324 morum,
564 3266 610 3311 et
655 3257 970 3324 Gomorrltaz,
1019 3266 1067 3312 et
1105 3257 1392 3312 ceciderunt
1440 3257 1545 3310 illic
1589 3256 1675 3309 ubi
1723 3261 1888 3324 fontes

299 3359 444 3403 erant
471 3365 490 3404 :
517 3351 602 3422 qui
622 3360 789 3404 autem
826 3351 1026 3420 reliqui,
1059 3355 1296 3422 fugerunt
1334 3351 1386 3403 in
1417 3359 1675 3403 montana.
1700 3347 1886 3402 Vidisti

301 3447 503 3508 quanto
547 3439 738 3494 robore
781 3440 1052 3494 bellabant
1095 3441 1179 3494 isti
1225 3439 1362 3493 viri?
1408 3438 1677 3509 quomodo
1708 3439 1889 3494 hostes

303 3542 432 3583 suos
458 3529 621 3582 etiam
647 3538 863 3598 aspectu
889 3543 987 3584 suo
1015 3537 1341 3594 terruerunt,
1361 3538 1414 3583 et
1438 3529 1491 3582 in
1517 3528 1692 3596 fugam
1718 3539 1890 3585 verte-

307 3621 470 3677 runt?
498 3619 628 3674 Vide
653 3621 904 3690 deinceps
930 3620 1199 3691 quomodo
1224 3620 1328 3674 illis
1353 3619 1529 3689 fugam
1567 3621 1887 3689 ineuntibus,

311 3713 400 3768 isti
431 3712 624 3766 ablatis
647 3711 894 3766 omnibus
913 3728 1033 3782 quae
1054 3711 1262 3766 illorum
1287 3722 1459 3774 erant,
1485 3712 1776 3767 redierunt.
1803 3714 1888 3767 11.

308 3804 619 3872 Acceperunt
656 3813 842 3868 autem,
888 3801 1074 3872 inquit,
1109 3813 1367 3867 montana,
1400 3813 1446 3856 et
1471 3819 1668 3857 omnem
1697 3806 1891 3872 equita-

309 3905 419 3947 tum
465 3892 806 3948 Sodomorum
849 3902 895 3946 et
943 3892 1258 3961 Gomorrhte,
1291 3903 1337 3949 et
1389 3911 1560 3950 omnes
1587 3907 1894 3951 commeatus

309 4001 504 4049 eorum,
535 3993 583 4038 et
607 3985 850 4038 abierunt.
877 3984 961 4038 12.
992 3985 1304 4054 Acceperunt
1322 4003 1515 4057 quoque
1534 3996 1580 4042 et
1608 3985 1704 4040 Lot
1729 3987 1891 4056 filium

312 4078 486 4147 fratris
506 4076 672 4137 Abrw.
700 4087 747 4130 et
765 4077 1126 4145 supellectilem
1145 4080 1272 4149 ejus,
1291 4088 1340 4133 et
1350 4079 1598 4133 abierunt.
1624 4078 1896 4134 Habitabat

311 4169 442 4222 enim
472 4168 524 4221 in
552 4167 808 4223 Sodomis.
832 4169 968 4223 Ecce
989 4167 1040 4223 id
1067 4168 1208 4238 quod
1240 4168 1353 4223 heri
1382 4169 1644 4234 dicebam,
1676 4170 1728 4225 id
1756 4186 1896 4226 nunc

311 4259 522 4324 evenit;
566 4259 694 4313 nihil
734 4259 876 4314 enim
903 4259 1099 4329 profuit
1125 4260 1280 4324 Loto,
1307 4260 1451 4330 quod
1481 4263 1684 4330 potiora
1713 4261 1892 4332 elege-

310 4352 403 4418 rit,
442 4351 536 4408 sed
584 4367 642 4408 re
690 4351 801 4422 ipsa
846 4351 1031 4407 didicit
1056 4352 1262 4422 priores
1282 4362 1461 4424 partes
1487 4368 1591 4408 non
1620 4364 1891 4424 appetere.

314 4443 445 4497 Nam
484 4459 548 4497 ex
591 4443 691 4499 hoc
734 4460 839 4498 non
880 4443 1054 4497 solum
1100 4443 1232 4498 nihil
1283 4443 1524 4500 utilitatis
1564 4445 1612 4500 ei
1641 4447 1894 4512 accrevit,

313 4533 407 4588 sed
454 4549 580 4589 ecce
623 4534 866 4604 captivus
911 4535 1070 4588 etiam
1111 4533 1372 4588 abductus
1409 4544 1510 4598 est.
1543 4544 1596 4590 et
1628 4534 1814 4591 didicit
1839 4551 1898 4592 re

317 4625 449 4694 ipsa,
494 4627 662 4681 multo
713 4627 882 4681 satius
921 4627 968 4680 ei
1010 4626 1174 4681 fuisse
1216 4626 1288 4680 uti
1331 4628 1715 4683 consuetudine
1743 4629 1894 4698 justi,

316 4732 474 4785 quam
522 4726 850 4784 separatum,
900 4726 955 4770 et
1007 4717 1059 4771 in
1110 4717 1354 4774 libertate
1400 4720 1670 4775 viventem
1707 4721 1756 4774 in
1789 4731 1896 4775 tam

319 4807 512 4861 multas
540 4808 868 4863 calamitates
897 4808 1149 4863 incidere.
1180 4809 1317 4864 Ecce
1345 4811 1486 4866 enim
1515 4821 1571 4866 ut
1596 4812 1796 4868 divisus
1817 4822 1899 4868 est

317 4915 345 4953 a
375 4899 693 4969 patriarcha,
725 4917 846 4956 eum
874 4911 1078 4969 putaret
1103 4919 1161 4956 se
1187 4903 1239 4956 in
1267 4905 1451 4974 majori
1478 4921 1598 4960 esse
1632 4907 1894 4971 libertate,

317 5002 370 5046 et
401 4993 602 5060 potiora
634 5007 693 5046 se
713 5003 1075 5062 assequntnm,
1097 5003 1150 5048 et
1173 4995 1462 5059 abundare,
1487 5006 1706 5064 repente
1731 4997 1900 5052 factus

316 5092 400 5137 est
443 5097 651 5146 servus,
703 5097 893 5137 carens
940 5083 1120 5146 domo,
1152 5099 1340 5138 carens
1368 5096 1419 5138 et
1451 5085 1567 5139 fuco
1597 5105 1608 5138 :
1645 5095 1700 5139 ιιι
1727 5087 1901 5142 discas

317 5183 574 5241 quantum
618 5171 815 5225 malum
862 5173 1145 5237 dissensio,
1190 5184 1242 5227 et
1268 5184 1520 5244 quantum
1550 5177 1744 5230 bonum
1775 5192 1902 5231 con-

322 5264 498 5318 cordia
527 5278 543 5318 :
586 5272 640 5316 et
676 5263 816 5317 scias
859 5275 1274 5320 consentaneum
1315 5281 1435 5319 esse
1465 5282 1568 5319 non
1599 5268 1796 5335 majora
1827 5279 1902 5324 te-

323 5372 469 5412 mere
518 5371 828 5426 capessere,
878 5356 972 5411 sed
1016 5357 1192 5428 potius
1249 5357 1544 5412 minoribus
1595 5368 1902 5414 contentum

321 5463 462 5503 esse.
510 5449 842 5516 Acceperunt,
889 5447 1080 5517 inquit,
1127 5446 1222 5501 Lot
1269 5457 1316 5500 et
1361 5448 1718 5517 supellectilent
1769 5451 1898 5518 ejus.

323 5548 530 5606 utnntu
577 5539 768 5594 nvelius
806 5547 923 5596 erat
959 5555 1081 5595 eum
1124 5555 1246 5595 cum
1295 5539 1588 5609 patriarcha
1618 5540 1819 5606 vivere,
1852 5550 1905 5596 et

322 5629 498 5690 omnia
525 5632 686 5697 ferre,
721 5640 778 5685 ut
806 5647 872 5685 ne
895 5631 1178 5686 concordia
1204 5633 1519 5692 solveretur.
1551 5647 1709 5700 quam
1749 5645 1902 5699 sepa-

323 5737 496 5780 ratum
547 5733 600 5780 et
627 5725 811 5782 electis
841 5722 1154 5794 potioribus,
1178 5723 1229 5777 in
1261 5732 1402 5778 tanta
1427 5736 1644 5795 rcpt‘tttc
1677 5719 1900 5798 pericula

1240 297 1302 353 ΙΝ
1343 295 1494 354 CAP.
1536 293 1673 352 XIV.
1718 289 1966 348 CENES.
2013 286 2238 344 llOMlL.
2281 285 2497 342 XXXV.

3446 286 3550 344 323

1969 405 2226 470 incidere,
2276 413 2330 459 et
2376 404 2427 457 in
2477 401 2826 458 barbarorum
2855 400 3042 457 venire
3081 403 3434 472 potestatem?
3465 407 3578 459 13.-

1970 495 2248 548 Adveniens
2300 504 2468 547 autem
2523 492 2752 564 quidam,
2804 492 2999 562 inquit,
3033 510 3097 548 ex
3133 494 3194 548 iis
3242 494 3329 559 qui
3376 498 3554 552 seruati

1968 596 2133 651 erant,
2176 588 2418 639 nuntiavit
2459 585 2606 638 Abrae
2633 585 2906 638 transituri.
2947 584 3268 663 Ipseautem
3301 585 3555 642 habitabat

1967 679 2114 746 juxta
2157 693 2390 746 quercum
2422 673 2654 730 Humbre
2682 675 2875 739 Omori,
2908 680 3083 745 fratris
3127 676 3335 745 Escltol,
3373 689 3417 733 et
3442 683 3555 750 fra-

1971 770 2060 822 tris
2105 769 2314 831 Aunan,
2356 769 2442 838 qui
2489 779 2633 822 erant
2683 769 3011 840 conftederati
3061 770 3228 825 Abrae.
3277 771 3556 839 Quomodo

1972 869 2177 914 tantum
2223 861 2420 915 bellum
2463 859 2748 915 conﬂatum
2778 861 3035 930 ignoravit
3067 862 3400 930 patriarcha?
3429 863 3557 918 For-

1973 952 2131 1006 tassis
2161 967 2347 1022 magna
2379 952 2626 1007 distantia
2654 951 2856 1017 aberat,
2891 962 2945 1006 et
2984 952 3104 1006 ideo
3141 954 3416 1021 ignoravit.
3446 955 3554 1008 Ad-

1972 1045 2173 1098 veniens
2197 1054 2363 1096 autem
2399 1043 2607 1112 quidam
2642 1043 2958 1096 annuntiavit
2984 1044 3133 1097 Abrw
3175 1044 3474 1098 transitori:
3502 1057 3556 1099 ut

1974 1136 2128 1190 nobis
2149 1147 2530 1190 commemoret
2554 1136 2603 1190 ei
2631 1137 2999 1190 annuntiatnm
3027 1150 3167 1201 esse,
3196 1136 3282 1203 qui
3308 1151 3372 1190 ex
3397 1135 3558 1189 Chal-

1973 1225 2086 1279 dma
2118 1226 2368 1280 redierat.
2405 1225 2536 1280 Nam
2565 1227 2686 1295 quia
2712 1234 2858 1280 trans
2897 1227 3000 1298 (α)
3035 1225 3358 1295 Euphratem
3389 1227 3558 1280 domi-

1974 1317 2152 1370 cilium
2194 1316 2470 1380 habuerat,
2496 1314 2665 1370 dirtns
2713 1325 2796 1372 est
2842 1315 3230 1378 transﬂuvialis,
3268 1316 3352 1370 vel
3380 1325 3556 1371 trans-

1976 1408 2097 1460 itor.
2144 1408 2206 1461 Et
2241 1416 2394 1462 antea
2425 1409 2583 1462 etiam
2608 1409 2674 1461 ab
2695 1408 2845 1462 initio
2877 1417 3122 1479 parentes
3151 1409 3198 1463 ei
3228 1407 3326 1462 hoc
3365 1425 3555 1463 nomen

1979 1497 2295 1560 indiderant,
2333 1497 2446 1566 jam
2490 1506 2646 1551 antea
2677 1498 3036 1567 significantes
3063 1512 3184 1552 eum
3217 1497 3339 1551 inde
3370 1497 3560 1568 migra-

1979 1597 2174 1640 turum.
2224 1587 2452 1642 Vocatus
2505 1588 2645 1641 enim
2695 1596 2778 1642 est
2822 1587 3042 1652 Abram,
3091 1588 3212 1657 quia
3238 1588 3560 1657 migraturus

1978 1687 2092 1733 erat
2118 1689 2265 1734 trans
2297 1681 2642 1749 Euphratem,
2675 1690 2727 1734 et
2754 1680 2806 1734 in
2837 1680 3172 1734 Palaestinam
3201 1691 3473 1735 venturus.

2049 1773 2104 1826 4.
2135 1771 2360 1826 Attende
2386 1772 2651 1842 quomodo
2674 1782 2728 1826 et
2755 1780 3001 1841 parentes
3025 1772 3142 1840 ejus
3169 1773 3292 1826 licet
3320 1773 3562 1829 infideles

1979 1871 2179 1928 essent,
2200 1862 2359 1917 ductu
2383 1862 2763 1933 potentissimae
2783 1862 3056 1932 sapientia:
3074 1863 3165 1918 Dei
3185 1878 3376 1918 nonzen
3401 1879 3562 1933 puero

1983 1953 2382 2021 imposuerunt,
2419 1955 2555 2007 sicut
2579 1963 2634 2008 et
2665 1952 2894 2008 Lamecb
2929 1969 3027 2008 suo
3064 1953 3192 2009 Noe.
3225 1953 3318 2008 Est
3345 1955 3484 2008 enim
3511 1964 3565 2008 et

1983 2044 2084 2097 hoc
2119 2043 2311 2098 divinze
2351 2044 2722 2113 benignitatis,
2755 2052 2871 2112 post
2909 2043 3132 2096 multum
3172 2053 3378 2113 tempus
3403 2059 3563 2098 even-

1984 2141 2098 2187 tura
2130 2149 2225 2204 per
2251 2133 2492 2188 infideles
2516 2133 2897 2203 praenuntiam.
2928 2131 3226 2186 Adveniens
3254 2133 3430 2202 itaque
3451 2134 3563 2203 qui-

1983 2225 2128 2292 dam,
2157 2224 2344 2294 inquit,
2373 2225 2630 2278 nuntiavit
2665 2223 2934 2279 transituri
2971 2240 3090 2295 qua:
3128 2224 3448 2289 acciderant,
3477 2241 3564 2280 ca-

1987 2316 2279 2384 ptivitatem
2327 2315 2572 2371 videlicet
2619 2315 2709 2370 filii
2757 2316 2970 2380 fratris,
3019 2324 3072 2371 et
3120 2331 3302 2386 regum
3354 2317 3564 2372 illorum

1988 2422 2232 2475 magnam
2274 2408 2560 2476 potentiam
2587 2449 2602 2472 ,
2633 2407 3092 2476 Sodomorumquc
3132 2408 3523 2476 p0pulationem
3549 2450 3565 2474 ,

1985 2507 2040 2553 et
2069 2497 2259 2552 fmdam
2290 2496 2482 2567 fugam.
2517 2495 2636 2566 Ipse
2666 2507 2833 2550 autem
2853 2540 2867 2559 ,
2899 2497 3100 2566 inquit,
3141 2497 3396 2551 habitabat
3413 2500 3566 2568 juxta

1985 2603 2220 2658 quercum
2253 2586 2482 2641 Mambre
2510 2586 2686 2640 Omori
2703 2629 2718 2652 ,
2746 2588 2918 2658 fratris
2948 2586 3154 2652 Eschol,
3183 2597 3230 2640 et
3253 2587 3457 2654 Aunan,
3481 2589 3567 2658 qui

1987 2691 2130 2734 erant
2155 2680 2481 2748 con/'trderati
2511 2680 2677 2734 Abrae.
2709 2679 2824 2734 Jam
2854 2680 2987 2734 forte
3018 2680 3101 2734 hic
3126 2681 3316 2750 aliquis
3343 2681 3569 2735 interro-

1987 2771 2189 2841 gaverit
2223 2770 2437 2838 :Quare
2476 2786 2659 2824 eorum
2699 2771 2786 2841 qui
2829 2771 2879 2825 in
2921 2771 3168 2826 Sodomis
3205 2781 3390 2836 erant,
3421 2773 3570 2827 solus

1983 2864 2157 2932 justus
2184 2862 2283 2916 Lot
2310 2863 2364 2916 in
2393 2862 2748 2932 captivitatem
2777 2862 3096 2916 abducitur?
3121 2861 3235 2916 Non
3270 2864 3384 2916 sine
3409 2877 3565 2917 causa

1991 2956 2125 3021 hoc,
2154 2970 2326 3025 neque
2356 2953 2547 3009 frustra
2580 2971 2594 3008 :
2626 2954 2719 3009 sed
2749 2963 2804 3008 ut
2831 2956 2999 3009 discat
3041 2955 3125 3009 his
3158 2955 3436 3011 eventibus
3473 2955 3572 3012 Im

1993 3045 2305 3118 patriarcha:
2343 3046 2587 3102 virtutem
2611 3085 2627 3111 ,
2657 3057 2715 3101 et
2752 3053 2809 3100 ιιι
2847 3054 3062 3115 propter
3097 3045 3267 3114 ipsum
3297 3056 3572 3100 serventur

1990 3149 2044 3194 et
2069 3139 2192 3203 alii,
2220 3147 2380 3208 utque
2405 3138 2660 3193 doceatur
2700 3138 2984 3208 primatum
3020 3151 3124 3193 non
3163 3148 3446 3208 appetere,
3479 3140 3574 3195 sed

1993 3229 2282 3301 majoribus
2310 3229 2521 3284 cedere.
2557 3229 2847 3284 Audiamus
2876 3240 3052 3285 autem
3086 3230 3338 3301 deinceps
3365 3248 3426 3287 ea
3457 3249 3576 3302 qua:

1993 3329 2304 3391 sequuntur,
2339 3329 2395 3374 ut
2423 3320 2689 3375 discamus
2718 3330 2771 3375 ct
2803 3321 2932 3389 justi
2963 3323 3237 3386 virtutem,
3269 3334 3321 3377 et
3351 3325 3573 3378 innuen-

1993 3431 2110 3471 sum
2147 3415 2238 3470 Dei
2279 3415 2592 3470 subsidium.
2635 3414 2828 3468 Verum
2868 3414 3152 3483 diligenter
3174 3415 3328 3469 dictis
3362 3419 3572 3471 auscul-

1995 3515 2122 3571 tate,
2147 3513 2484 3574 mentemque
2509 3503 2822 3573 recolligite.
2845 3502 3063 3556 Multum
3085 3503 3224 3558 enim
3247 3503 3377 3558 lucri
3405 3504 3578 3560 facere

1997 3595 2082 3649 hic
2121 3593 2442 3664 poterimus,
2473 3601 2529 3648 et
2553 3608 2618 3648 ex
2649 3592 2713 3646 iis
2737 3607 2854 3662 qum
2893 3594 2992 3647 Lot
3020 3605 3309 3648 evenerunt
3334 3594 3532 3650 discere
3560 3616 3575 3651 :

1996 3700 2284 3754 numquam
2316 3699 2456 3754 agre
2486 3681 2781 3747 ferendum,
2812 3683 2855 3737 si
2880 3682 3238 3753 quandojusti
3269 3685 3501 3740 incidant
3520 3683 3574 3736 iu

1999 3778 2336 3841 tentationcs,
2360 3775 2584 3845 improbi
2609 3789 2734 3829 vero
2757 3784 2809 3829 et
2835 3775 2955 3828 mali
2983 3773 3211 3830 evadant
3235 3792 3249 3830 :
3280 3792 3448 3846 neque
3470 3780 3580 3834 ullo

1999 3867 2159 3922 modo
2189 3868 2356 3936 prima
2388 3865 2672 3936 quaerenda
2702 3879 2822 3920 esse
2841 3907 2856 3930 ,
2888 3879 3058 3935 neque
3084 3864 3280 3936 aliquid
3315 3867 3578 3936 juslorum

2000 3957 2340 4013 familiaritati
2377 3967 2429 4012 et
2457 3956 2724 4013 convictui
2767 3955 3186 4026 prtefcrendum;
3214 3958 3306 4012 sed
3337 3959 3434 4012 etsi
3471 3954 3584 4014 ser-

1997 4049 2250 4106 viendum
2280 4049 2349 4103 sit
2381 4047 2665 4103 habitando
2688 4062 2810 4102 cum
2845 4047 2972 4101 viris
2999 4047 3192 4104 virtute
3233 4050 3498 4119 prteditis,
3529 4051 3582 4105 id

2003 4149 2112 4210 ipsa
2147 4139 2388 4194 libertate
2426 4138 2607 4192 utilius
2643 4152 2784 4194 esse.
2828 4137 2896 4192 Et
2938 4137 3155 4206 insuper
3193 4139 3459 4193 discamus
3494 4155 3586 4210 pa-

2002 4229 2246 4285 triarcha:
2292 4229 2552 4300 insignem
2597 4229 2931 4284 tolerantiam
2960 4269 2974 4292 .
3025 4243 3342 4299 propensum
3385 4229 3437 4284 in
3487 4229 3585 4286 Lot

2001 4336 2239 4376 amorem
2262 4330 2315 4375 ct
2335 4319 2780 4383 benevolentiam,
2806 4318 3128 4374 fortitudinis
3150 4319 3584 4389 magnitudinem.

2002 4427 2160 4482 Opum
2189 4421 2584 4481 contemptum,
2615 4410 2932 4465 ineffabilem
2961 4409 3128 4464 divini
3160 4426 3282 4480 erga
3319 4410 3463 4464 illutn
3495 4409 3590 4466 ad—

1998 4501 2184 4573 jutorii
2211 4504 2480 4557 virtutem.
2514 4502 2601 4557 ιι.
2639 4499 2708 4556 Ut
2736 4509 2901 4554 autem
2927 4500 3143 4564 audivit,
3178 4500 3377 4570 inquit,
3405 4499 3592 4557 Abram

2001 4594 2135 4664 quod
2162 4605 2339 4662 captus
2365 4603 2489 4647 esset
2518 4592 2614 4646 Lat
2642 4591 2816 4661 fratris
2854 4591 2930 4643 sui
2967 4591 3104 4659 [ilius
3123 4632 3136 4651 .
3165 4593 3444 4645 numeravit
3473 4610 3592 4662 pro-

2005 4684 2141 4754 prios
2171 4683 2465 4736 vernaculos
2492 4697 2610 4734 suos
2637 4689 2880 4734 trecentos
2905 4679 3072 4732 decem
3097 4689 3145 4734 et
3169 4691 3280 4732 octo
3301 4721 3316 4745 ,
3345 4690 3392 4734 et
3425 4697 3597 4748 perse-

2004 4782 2190 4843 quutus
2217 4781 2288 4826 est
2313 4772 2430 4824 illos
2453 4785 2610 4839 usque
2637 4767 2771 4834 Dan,
2801 4769 2888 4823 15.
2915 4777 2964 4821 et
2990 4768 3137 4820 irruit
3167 4783 3318 4836 super
3343 4785 3426 4822 eos
3458 4783 3602 4823 noc'e

2006 4866 2113 4932 ipse
2137 4872 2181 4916 et
2209 4862 2350 4930 pueri
2373 4862 2504 4931 ejus,
2528 4868 2572 4912 et
2597 4859 2838 4927 percussit
2860 4873 2963 4922 ros,
2992 4867 3039 4910 et
3069 4867 3392 4927 persequutus
3423 4867 3494 4914 est
3517 4875 3602 4916 eos

2008 4969 2165 5022 usque
2184 4951 2395 5013 Cltobal,
2418 4964 2528 5018 qua
2555 4958 2624 5002 est
2649 4948 2701 5001 in
2725 4949 2928 5001 sinistra
2955 4946 3210 5000 Damasci.
3242 4950 3327 5002 16.
3357 4948 3424 5002 Et
3451 4952 3600 5004 redu-

2005 5046 2081 5098 xit
2107 5059 2302 5096 onmem
2332 5042 2603 5112 equitatum
2633 5039 2991 5093 Sodomorum.
3017 5037 3082 5091 Et
3112 5037 3207 5094 Lot
3236 5040 3397 5110 ﬁlium
3431 5044 3603 5112 fratri;

2009 5137 2086 5190 sui
2113 5135 2346 5200 reduxit,
2371 5145 2417 5186 et
2441 5130 2768 5185 substantiam
2797 5131 2936 5200 ejus,
2967 5140 3014 5183 et
3039 5130 3312 5200 populum,
3339 5142 3386 5186 et
3419 5133 3598 5186 mulie-

2073 5293 2146 5353 (a)
2180 5299 2278 5339 Vox
2301 5291 2534 5340 ttebraica
2559 5300 2652 5352 est,
2676 5292 2804 5347 "DY
2830 5311 2842 5346 :
2868 5310 3010 5360 quam
3056 5298 3135 5348 alii
3166 5299 3492 5359 transitorem,
3521 5307 3600 5350 vel

2012 5361 2414 5434 ιιςςιιι.ξ[1ιςιιὶιιιιτιιιἰ
2428 5363 2810 5434 interpretantur
2840 5365 2981 5434 ;'_DY
3005 5371 3134 5418 enim
3173 5375 3307 5419 trans
3343 5369 3597 5432 significat.

2012 5424 2096 5491 alii
2123 5424 2391 5491 flabra-um
2403 5424 2477 5473 hic
2499 5424 2746 5491 appellant
2766 5424 3096 5491 Abi-abantmn,
3137 5437 3188 5479 et
3213 5424 3598 5491 putantunomen

2011 5485 2200 5554 d_esu_mi
2224 5486 2286 5534 ab
2309 5485 2486 5554 tteber,
2529 5485 2666 5554 patre
2701 5488 2889 5549 Phalec,
2916 5505 2977 5554 es
3004 5485 3102 5552 quo
3127 5485 3368 5554 originem
3390 5493 3600 5543 ducebat

2014 5547 2280 5614 Αιιιτιὶιιιιιι.⁸
2305 5549 2452 5614 Circa
2474 5547 2789 5614 ttehrazorum
2817 5547 3308 5614 alqyellat'ionettﬂiar
3329 5561 3599 5602 sententia-

2013 5621 2127 5677 rum
2143 5609 2398 5677 discrimen
2409 5610 2694 5659 observatur
2719 5626 2738 5677 :_
2749 5609 2860 5661 aliis
2876 5609 2937 5662 ab
2963 5614 3133 5671 "cher,
3151 5609 3430 5677 traits,iqnia
3449 5621 3600 5664 trans-

2015 5671 2239 5720 tluviales
2270 5671 2458 5730 origine.
2493 5678 2657 5723 erant.
2697 5673 2804 5724 aliis
2841 5677 2902 5723 ah
2948 5678 3141 5727 ltcbero
3181 5671 3426 5725 Abrahiuni
3459 5684 3598 5728 atavo

2020 5745 2197 5780 nomen
2220 5732 2564 5780 derivantihus.
