4084 6214
251 341 353 398 327

247 459 348 528 τῆς
384 456 480 510 τοῦ
530 454 742 510 δικαίου
791 455 1042 523 ἀνδρείας
1079 455 1178 525 τὴν
1221 455 1643 524 μεγαλοψυχίαν,
1689 453 1837 514 ὅπως

250 541 532 612 θαρρήσας
560 542 625 610 τῇ
654 539 748 592 τοῦ
775 538 910 592 Θεοῦ
942 537 1170 609 δυνάμει
1194 539 1253 590 οὐ
1279 538 1598 605 κατεπλάγη
1620 536 1726 590 τῶν
1743 535 1837 588 ἀν-

250 624 393 692 δρῶν
435 625 536 694 τὴν
578 623 754 694 ἰσχὺν,
791 621 979 692 μαθὼν
1011 621 1112 693 τήν
1149 620 1356 691 τροπὴν
1390 621 1456 690 ἢν
1489 622 1836 689 ἐποιήσαντο,

255 704 519 777 πρότερον
553 707 650 776 μὲν
677 705 820 759 κατά
848 704 957 758 τῶν
984 704 1153 758 ἐθνῶν
1179 704 1435 757 ἀπάντων
1471 703 1834 772 ὁρμήσαντες,

254 790 348 844 καὶ
380 790 507 854 τοὺς
529 789 900 860 Ἀμαληκίτας
930 789 1022 842 καὶ
1045 790 1172 852 τοὺς
1196 787 1417 849 λοιποὺς
1440 785 1683 848 ἅπαντας
1709 801 1838 838 κατ-

253 873 676 943 αγωνισάμενοι,
706 872 897 926 ἔπειτα
935 871 991 924 δὲ
1020 869 1156 943 πρὸς
1182 871 1308 933 τοὺς
1335 871 1392 922 ἐν
1424 868 1678 937 Σοδόμοις
1700 883 1837 936 συμ-

255 954 530 1018 ϐαλόντες,
557 956 652 1009 καὶ
678 957 758 1019 εἰς
782 954 960 1024 φυγὴν
983 953 1180 1015 αὐτοὺς
1199 951 1520 1022 τρέψαντες,
1548 954 1641 1003 καὶ
1659 952 1836 1003 πᾶσαν

255 1037 433 1090 αὐτῶν
461 1037 780 1108 ἀφελόμενοι
818 1037 916 1108 τὴν
944 1034 1200 1106 ὓπαρξιν.
1233 1033 1333 1087 Διά
1365 1034 1474 1104 γάρ
1507 1032 1664 1085 τοῦτο
1706 1049 1839 1100 προ-

255 1119 495 1173 λαϐοῦσα
520 1121 552 1190 ή
583 1119 702 1173 Θεία
728 1120 920 1192 Γραφὴ
945 1118 1122 1172 πάντα
1154 1115 1326 1170 ταῦτα
1361 1117 1491 1186 ήμίν
1520 1114 1834 1186 διηγήσατο,

257 1203 467 1256 101600
483 1204 572 1258 διά
596 1204 696 1274 τῆς
717 1203 896 1257 αὐτῶν
925 1201 1177 1272 ἀνδρείας
1209 1199 1595 1271 κατώρθωσαν,
1621 1199 1706 1251 ἵνα
1737 1198 1838 1267 μά-

259 1286 356 1358 θῃς
375 1286 450 1350 ώς
468 1287 530 1340 ού
566 1289 850 1357 σωματικῇ
883 1285 1027 1356 ἰσχύϊ
1045 1287 1074 1338 6
1096 1283 1436 1353 πατριάρχης
1457 1280 1678 1342 τούτους
1708 1297 1838 1333 κατ-

256 1368 583 1436 ηγωνίσατο,
611 1369 745 1423 ἀλλά
774 1371 840 1440 τῇ
875 1369 1056 1421 πίστει
1089 1369 1156 1437 τῇ
1196 1367 1276 1428 εἰς
1317 1364 1408 1417 τὸν
1437 1362 1593 1426 Θεὸν,
1642 1365 1736 1416 καὶ
1769 1366 1834 1434 τῇ

259 1451 465 1505 ἀνωθεν
504 1451 723 1523 βοηθείᾳ
747 1451 1114 1521 τειχιζόμενος
1139 1449 1316 1502 πάντα
1343 1445 1516 1500 ταῦτα
1544 1445 1835 1515 κατώρθω-

261 1549 372 1597 σεν,
397 1534 495 1604 οὐχ
517 1533 656 1588 ὅπλα
680 1535 929 1604 κινήσας,
955 1533 1048 1587 καὶ
1073 1531 1220 1601 βέλη,
1240 1531 1334 1584 καὶ
1352 1529 1572 1600 δόρατα,
1602 1529 1694 1580 καὶ
1709 1527 1838 1594 τόξα

258 1615 459 1679 τείνας,
497 1617 592 1669 καὶ⁵
633 1617 868 1680 ἀσπίδας
920 1615 1343 1688 προϐαλόμενος,
1385 1610 1524 1664 ἀλλά
1555 1609 1694 1682 μετά
1729 1609 1838 1662 τῶν

255 1699 569 1766 οἰκογενῶν.

325 1782 436 1836 Καὶ
457 1781 598 1846 τίνος
619 1781 822 1846 ἕνεκεν,
849 1781 1030 1854 φησὶν,
1048 1779 1320 1851 ἠρίθμησε
1341 1775 1684 1849 τριακοσίους
1707 1775 1838 1828 δέκα

258 1865 353 1917 καὶ
393 1863 540 1918 ὀκτὼ
583 1866 906 1934 οἰκογενείς;
958 1865 1076 1918 Ἵνα
1115 1862 1315 1934 μάθῃς,
1371 1861 1452 1914 ὅτι
1503 1860 1602 1930 ούχ
1654 1857 1840 1922 ἁπλῶς

260 1947 504 2010 ἅπαντας
533 1946 743 2009 ἐλαϐεν,
774 1947 909 2000 ἀλλά
942 1947 1068 2009 τοὺς
1090 1945 1412 2013 οἰκογενεῖς,
1450 1942 1575 2005 τοὺς
1609 1958 1840 1994 συνανα-

256 2029 561 2100 τραφέντας
775 2029 853 2100 τῷ
895 2029 1038 2092 Λὼτ,
1083 2029 1172 2083 ἵνα
1216 2028 1356 2098 μετά
1389 2027 1593 2097 πολλῆς
1630 2025 1842 2090 εὐνοίας

257 2111 356 2183 τὴν
383 2112 659 2182 ἐκδίκησιν
700 2115 1052 2184 ποιήσωνται,
1085 2111 1159 2175 ώς
1185 2113 1323 2183 ὑπὲρ
1349 2111 1549 2164 οἰκείου
1579 2109 1840 2163 δεσπότου

259 2194 444 2246 λοιπὸν
471 2193 880 2264 ἀγωνιζόμενοι.
919 2195 1027 2248 Καὶ
1053 2193 1150 2246 θὲα
1190 2211 1280 2264 μοι
1306 2193 1404 2264 τῆς
1426 2193 1710 2263 δυνάμεως
1745 2190 1840 2244 τοῦ

259 2275 394 2328 Θεοῦ
423 2277 519 2348 τήν
549 2277 874 2346 ὑπερϐολὴν,
909 2276 1027 2346 μεθ’
1053 2277 1185 2345 ὅσης
1205 2274 1505 2345 ταχύτητος
1541 2275 1608 2327 τά
1640 2275 1738 2343 τῆς
1762 2273 1842 2324 νί-

262 2377 364 2430 κης
409 2361 718 2430 γεγένηται.
769 2359 1058 2413 Ἐπέπεσε
1100 2360 1208 2430 γάρ
1255 2358 1478 2424 αὐτοῖς.
1528 2357 1681 2427 φησὶ,
1729 2355 1844 2423 τὴν

260 2446 450 2498 νύκτα
477 2445 679 2510 αὑτὸς,
703 2444 802 2498 καί
835 2447 889 2498 οι
929 2442 1139 2509 παῖδες
1167 2442 1376 2506 αὑτοῦ,
1411 2442 1507 2496 καί
1543 2439 1844 2505 ἐπάταξεν

260 2529 503 2594 αὐτοὺς.
532 2528 631 2582 καί
668 2527 914 2593 ἐδίωξεν
944 2528 1183 2591 αὐτούς.
1223 2527 1288 2579 Ἦ
1323 2525 1433 2596 γάρ
1471 2524 1679 2578 ἀνωθεν
1722 2525 1843 2596 χεὶρ

261 2608 328 2682 ήν
374 2611 823 2681 συνεφαπτομένη
855 2612 950 2664 καὶ
983 2609 1438 2679 συστρατηγοῦσα
1477 2609 1590 2671 τοῖς
1626 2607 1844 2677 γινομέ-

259 2713 391 2760 νοις.
423 2697 500 2747 AL‘
525 2694 554 2746 6
580 2695 699 2748 οὐδὲ
731 2694 908 2747 ὃπλων
942 2693 1125 2756 αὐτοῖς
1161 2693 1401 2762 ἐδέησεν,
1431 2691 1554 2744 οὐδὲ
1598 2708 1844 2761 μηχανη-

263 2779 472 2848 μάτων,
499 2777 632 2830 ἀλλά
658 2779 818 2846 μόνον
839 2777 1027 2840 φανεὶς
1056 2774 1192 2846 μετά
1212 2773 1320 2828 τῶν
1344 2773 1572 2826 οἰκετῶν
1598 2773 1723 2834 τοὺς
1746 2773 1844 2843 μὲν

263 2859 521 2924 ἐπάταξε,
564 2859 688 2923 τοὺς
726 2858 783 2912 δὲ
819 2860 900 2922 εἰς
931 2857 1110 2928 φυγὴν
1145 2850 1387 2928 ὁρμῆσαι
1436 2854 1839 2927 παρεσκεύασε,

263 2943 356 2995 καὶ
407 2942 666 3012 ἑκάτερον
708 2941 929 3012 ἐποίησε
979 2940 1118 3010 μετά
1145 2939 1330 3003 ἀδείας
1361 2939 1600 3009 ἀπάσης,
1631 2938 1845 3002 οὐδενὸς

260 3025 411 3087 ϐντος
450 3023 542 3077 τοῦ
586 3023 950 3092 ἐνοχλοῦντος,
992 3023 1092 3093 τήν
1123 3039 1182 3075 τε
1229 3022 1396 3075 ἵππον
1441 3021 1538 3075 τοῦ
1579 3021 1845 3091 βασιλέως

263 3107 510 3178 Σοδόμων
542 3106 872 3178 ἀπέστρεψε,
905 3107 999 3160 καὶ
1026 3107 1117 3159 τὸν
1145 3105 1268 3159 Λὼτ
1300 3105 1388 3159 τὸν
1417 3103 1731 3174 ἀδελφιδοῦν
1755 3103 1847 3157 αύ-

262 3189 380 3253 τοῦ,
409 3190 501 3244 καὶ
524 3193 700 3246 πάντα
718 3191 786 3244 τὰ
808 3189 1122 3261 ὑπάρχοντα
1144 3190 1351 3252 καὶτὰς
1370 3191 1654 3257 γυναῖκας.
1680 3185 1845 3258 Ὀρᾷς

263 3273 350 3326 διὰ
377 3274 430 3327 τί
458 3273 809 3346 συνεχωρήθη
837 3273 943 3327 τῶν
971 3273 1144 3328 ἄλλων
1173 3273 1525 3342 πεφευγότων
1547 3273 1575 3324 6
1599 3269 1722 3324 Λὼτ
1753 3269 1848 3340 μό-

263 3372 353 3419 νος
388 3357 726 3427 αἰχμάλωτος
761 3356 1045 3425 γενέσθαι;
1077 3356 1195 3409 Ἵνα
1229 3356 1324 3408 καὶ
1373 3353 1467 3408 τοῦ
1507 3355 1847 3425 πατριάρχου

266 3439 563 3509 κατάδηλος
589 3441 816 3511 γένηται
845 3440 880 3510 ή
907 3438 1096 3509 ἀρετὴ.
1125 3439 1221 3490 καὶ
1254 3436 1320 3490 δι’
1351 3436 1514 3488 αὑτὸν
1545 3437 1639 3489 καὶ
1669 3436 1848 3505 ἕτεροι

265 3519 452 3572 πολλοὶ
478 3522 578 3591 τῆς
605 3520 880 3591 σωτηρίας
909 3520 1229 3589 ἐπιτύχωσι.
1265 3519 1375 3570 Καὶ
1408 3517 1633 3588 ἐπανῄει
1665 3517 1849 3570 λοιπὸν

269 3603 415 3674 μέγα
459 3605 553 3656 καὶ
597 3603 847 3674 λαμπρὸν
886 3604 1142 3673 τρόπαιον
1181 3601 1544 3671 ἑπαγόμενος,
1584 3601 1722 3672 μετά
1755 3599 1848 3654 τοῦ

266 3685 390 3739 Λὼτ
429 3686 524 3738 καὶ
559 3687 659 3755 τήν
695 3686 882 3751 ἵππον,
919 3687 1012 3738 καὶ
1045 3685 1143 3748 τάς
1185 3688 1469 3754 γυναῖκας,
1505 3686 1600 3738 καὶ
1637 3685 1706 3738 τά
1745 3685 1851 3738 ὑπ-

268 3768 504 3839 άρχοντα
537 3767 952 3838 ἐπιφερόμενος,
1005 3769 1099 3822 καὶ⁵
1146 3769 1281 3820 πᾶσι
1333 3767 1564 3838 λαμπρᾷ
1597 3769 1663 3838 τῇ
1697 3772 1847 3842 φωνῇ

268 3851 576 3922 κηρύττων,
599 3853 694 3903 καὶ
721 3850 1019 3919 σάλπιγγος
1055 3850 1564 3921 μεγαλοφωνότερον
1589 3849 1744 3920 βοῶν,
1767 3852 1848 3905 ὅτι

267 3935 369 3987 ούκ
396 3931 708 4004 ἀνθρωπίνη
735 3932 980 4002 δυνάμει,
1004 3932 1122 3985 οὐδὲ
1151 3931 1296 4002 ἰσχύϊ
1318 3932 1586 4002 σωμάτων
1610 3932 1709 4002 τὴν
1729 3949 1850 4003 τρο-

270 4016 380 4087 πὴν
410 4016 717 4086 εἰργάσατο.
756 4017 848 4068 καί.
878 4015 976 4086 τὴν
1013 4015 1169 4084 νίκην
1202 4016 1391 4085 ήρατο,
1424 4015 1562 4068 ἀλλά
1589 4016 1687 4086 τῆς
1711 4016 1851 4069 ἀνω-

272 4101 364 4152 θεν
395 4100 576 4170 χειρὸς
610 4101 781 4154 πάντα
808 4100 1200 4171 ἐργαζομένης.
1235 4095 1382 4162 Εἶδες
1403 4098 1491 4152 διὰ
1521 4101 1739 4153 πάντων
1759 4101 1850 4154 τὸν

268 4183 478 4238 δίκαιον
511 4183 967 4254 περιφανέστερον
1002 4183 1306 4253 γινόμενον,
1341 4183 1437 4237 καὶ
1470 4182 1590 4236 καθ’
1620 4183 1850 4236 ἕκαστον

272 4270 463 4339 καιρὸν
496 4270 624 4321 πᾶσι
651 4267 934 4320 δεικνύντα
969 4267 1068 4338 τὴν
1092 4267 1220 4337 περί⁹
1250 4267 1412 4319 αὑτὸν
1439 4265 1534 4319 τοῦ
1562 4265 1698 4318 Θεοῦ
1726 4266 1852 4336 πρό-

273 4369 420 4406 νοιαν
441 4359 457 4408 ς
476 4352 616 4421 Ὅρα
647 4351 808 4404 αὑτὸν
835 4351 1020 4402 λοιπὸν
1052 4350 1146 4402 καὶ
1178 4348 1502 4401 διδάσκαλον
1540 4347 1851 4413 θεοσεϐείας

272 4434 520 4500 γενέσθαι
575 4432 942 4491 σπουδάζοντα
986 4433 1099 4495 τοῖς
1146 4432 1205 4484 εν
1259 4430 1535 4500 Σοδόμοις.
1607 4428 1853 4497 Ἐξῆλθε

273 4518 401 4586 γάρ,
444 4517 627 4585 φησὶν,
661 4519 694 4570 ὸ
727 4514 1027 4580 ,ϐασιλεὺς
1052 4512 1331 4582 Σοδόμων
1353 4515 1440 4577 είς
1471 4512 1854 4578 συνάντησιν

273 4598 432 4664 αὐτῷ
463 4600 614 4668 μετὰ
648 4599 713 4652 τὸ
739 4596 1116 4664 ἀναστρέψαι
1146 4595 1333 4647 αὑτὸν
1361 4595 1479 4648 ἀπὸ
1514 4593 1619 4663 τῆς
1658 4594 1853 4664 κοπῆς

273 4684 381 4740 τοῦ
403 4685 834 4754 Χοδολοτομδρ,
867 4683 964 4735 καί
992 4681 1110 4735 τῶν
1124 4682 1436 4747 ,ϐασιλέων
1462 4681 1579 4736 τῶν
1600 4684 1730 4752 μετ’
1748 4686 1855 4739 αὐ-

275 4767 403 4820 τοῦ.
445 4767 644 4820 Σκόπει
675 4768 838 4820 πόσον
875 4768 1022 4819 ἐστὶν
1051 4767 1083 4835 ή
1116 4765 1306 4836 ἀρετὴ,
1348 4766 1441 4818 καὶ
1472 4765 1532 4818 16
1567 4766 1668 4836 τῆς
1705 4767 1856 4838 παρά

275 4848 370 4903 τοῦ
399 4848 534 4902 Θεοῦ
572 4851 888 4918 συμμαχίας
920 4848 1234 4902 ἀπολαύειν.
1277 4849 1334 4901 '0
1367 4848 1616 4917 βασιλεὺς
1657 4849 1735 4919 τῷ
1769 4850 1855 4916 ξέ-

276 4952 373 5002 νῳ,
401 4931 478 5003 τῷ
522 4933 803 5005 πρεσϐύτῃ
836 4936 914 4996 εἰς
952 4933 1272 5002 συνάντησιν
1307 4931 1496 4997 ἔξεισι,
1542 4933 1636 4986 καὶ
1674 4934 1854 4986 πᾶσαν

274 5016 539 5086 ἀπονέμει
564 5019 748 5085 τιμήν.
796 5016 1093 5086 Ἐμάνθανε
1142 5015 1250 5086 γάρ
1286 5015 1362 5079 ώς
1397 5015 1550 5068 οὐδὲν
1574 5014 1721 5084 αύτῷ
1756 5017 1854 5086 τῆς

277 5100 553 5172 βασιλείας
581 5099 770 5168 δφελος
797 5101 894 5170 τῆς
917 5099 1121 5155 ἀνωθεν
1146 5100 1458 5170 συμμαχίας
1480 5099 1852 5170 ⁴ἰλρημωμένῳ,

275 5187 368 5241 καὶ
388 5183 463 5248 ώς
493 5183 645 5237 οὐδὲν
673 5184 741 5237 ἂν
768 5182 976 5251 γίνοιτο
1001 5183 1369 5252 δυνατώτερον
1396 5181 1489 5235 τοῦ
1513 5182 1617 5235 ὑπὸ
1642 5185 1738 5253 τῆς
1756 5183 1850 5237 τοῦ

275 5267 410 5321 Θεοῦ
454 5266 638 5337 χειρὸς
683 5264 1066 5338 βοηθουμένου.
1113 5265 1219 5321 Καὶ
1259 5265 1650 5332 Μελχισεδὲκ,
1700 5268 1853 5336 φησι,

269 5349 573 5414 ,βασιλεὺς
598 5349 806 5418 Σαλήμ
829 5349 1155 5418 ἐξήνεγκεν
1178 5348 1395 5417 ἄρτους
1427 5348 1523 5400 καὶ
1552 5344 1737 5402 οἶνον·
1778 5345 1857 5419 ἦν

275 5431 344 5486 δὲ
381 5431 572 5498 ἱερεὺς
606 5432 712 5487 τοῦ
755 5432 903 5487 Θεοῦ
926 5433 1031 5488 τοῦ
1078 5433 1362 5502 ὑψίστου.

347 5521 413 5568 ε’.
431 5515 496 5567 Τί
517 5514 763 5585 βούλεται
781 5517 913 5587 ήμῖν
930 5516 1066 5588 αῦτη
1093 5519 1124 5586 ή
1139 5518 1541 5589 παρατήρησις,
1559 5517 1857 5584 Βασιλεὺς

277 5597 509 5667 Σαλήμ,
539 5600 633 5653 καὶ
663 5600 874 5669 Ἰερεὺς
903 5601 1010 5654 τοῦ
1033 5601 1183 5655 Θεοῦ
1212 5601 1316 5655 τοῦ
1355 5603 1621 5670 ὑψίστου
1645 5617 1663 5665 ;
1695 5601 1853 5654 Βασι-

275 5679 402 5746 λεὺς
433 5682 532 5752 μὲν
551 5677 638 5753 ἦν,
668 5684 821 5757 φησι,
853 5687 952 5755 τῆς
976 5684 1165 5755 Σαλήμ
1223 5684 1420 5738 Τοῦτον
1449 5684 1556 5758 γάρ
1580 5686 1668 5738 καὶ
1695 5687 1724 5737 6
1749 5703 1856 5754 μα-

277 5764 464 5834 κάριος
494 5764 704 5829 Παῦλος
727 5767 864 5838 πρὸς
893 5767 1017 5830 τοὺς
1039 5767 1097 5832 ἐξ
1131 5766 1394 5839 Ἐϐραίων
1427 5769 1856 5835 πεπιστευκότας

277 5849 606 5904 ἐπιστέλλων
648 5853 727 5914 είς
763 5851 929 5919 μέσον
957 5853 1240 5922 παράγων,
1271 5854 1364 5905 καὶ
1389 5854 1451 5906 τὸ
1481 5855 1651 5925 ὄνομα
1690 5855 1854 5909 αὐτοῦ

281 5932 660 6003 περιστρέφων
686 5935 779 5988 καὶ
805 5934 976 6002 πόλιν,
1001 5934 1134 6005 ὁμοῦ
1164 5936 1450 6007 ἑρμηνεύει
1475 5937 1568 5991 τοῦ
1594 5941 1853 6010 ὀνόματος

1272 336 1336 391 IN
1376 337 1526 392 CAP.
1567 335 1680 392 XIV
1725 329 1969 389 GENES.
2016 331 2245 387 HOHIL.
2288 334 2508 391 XXXV.

3419 333 3528 391 398

1941 448 2038 519 τήν
2068 451 2363 520 σημασίαν,
2395 452 2488 505 καὶ
2516 450 2846 523 ὲτυμολογίιι⁵
2878 451 2985 505 τινὶ
3025 449 3290 522 κέχρηται
3323 448 3520 519 λέγων,

1939 534 2334 603 Μελχισεδὲκ,
2355 535 2657 602 βασιλεὺς
2677 535 3087 603 δικαιοσύνης.
3110 535 3220 589 Καὶ
3246 533 3356 603 γάρ
3381 533 3525 588 κατά

1938 616 2036 684 τὴν
2067 617 2362 688 Ἐϐραῖκὴν
2393 617 2640 684 γλῶτταν
2686 619 2748 671 16
2794 619 2892 688 μὲν
2918 618 3088 688 Μελχὶ
3124 615 3396 688 βασιλείαν
3421 634 3523 687 σηο

1942 699 2142 766 μαίνει,
2173 701 2234 752 16
2256 699 2312 754 δὲ
2339 702 2522 764 Σεδὲκ,
2553 700 2918 771 δικαιοσύνην.
2950 697 3080 753 Εῐτα
3111 701 3206 753 καὶ
3233 700 3310 762 εἰς
3331 698 3392 752 16
3410 697 3525 751 6V0-

1942 798 2018 850 μα
2041 784 2140 852 τῆς
2166 782 2374 846 πόλεως
2405 783 2574 836 ὲλθών
2595 801 2750 853 φησι,
2784 783 3043 846 Βασιλεὺς
3064 783 3306 852 εἰρήνης’
3331 781 3393 833 16
3413 779 3524 851 γάρ

1940 862 2128 933 Σαλήμ
2158 867 2381 936 εἰρήνην
2409 867 2681 936 ἐμφαίνει.
2714 866 2917 937 Ἱερεὺς
2947 865 3002 918 δὲ
3023 860 3090 934 ἦν
3119 864 3249 925 ἴσως
3279 864 3524 932 αὐτοχει-

1941 946 2244 1017 ροτόνητος”
2275 946 2416 1001 οὓτω
2436 949 2546 1020 γάρ
2574 944 2714 1019 ἦσαν
2732 950 2852 1002 τότε
2881 950 2927 1000 οἱ
2965 949 3149 1019 ἱερεῖς’
3179 947 3295 1016 ήτοι
3325 943 3416 999 οὗν
3436 944 3524 998 διὰ

1938 1031 1998 1082 16
2026 1033 2090 1100 τῇ
2122 1031 2308 1102 ἡλικίᾳ
2345 1034 2612 1104 προϐῆναι
2654 1035 2703 1086 οἱ
2744 1034 3111 1104 προσήκοντες
3149 1027 3298 1099 αὐτῷ
3327 1030 3523 1082 ἀπονε-

1939 1116 2209 1184 νεμήκασι
2242 1115 2338 1186 τήν
2370 1119 2555 1188 τιμήν·
2591 1117 2622 1187 ἢ
2659 1119 2754 1170 καὶ
2787 1117 2949 1180 αὐτὸς
2993 1113 3296 1186 ἱερατεύειν
3325 1113 3524 1182 ἐπετή-

1937 1194 2116 1260 δευσε,
2148 1197 2398 1269 καθάπερ
2426 1200 2454 1252 ὸ
2487 1199 2630 1264 Νῶε,
2659 1201 2911 1271 καθάπερ
2939 1201 2967 1252 ό
2995 1197 3182 1261 Ἀδελν
3211 1195 3462 1265 καθάπερ
3493 1194 3526 1246 δ

1953 1279 2222 1351 Ἀϐραὰμ,
2246 1283 2409 1352 ἡνίκα
2435 1282 2535 1346 τὰς
2563 1283 2752 1348 θυσίας
2784 1284 3078 1354 προσῆγον.
3111 1281 3320 1344 ’Δλλως
3341 1280 3398 1332 δὲ
3427 1278 3523 1332 καὶ

1939 1362 2106 1426 τύπος
2133 1364 2352 1434 ἔμελλεν
2375 1361 2514 1419 εἶναι
2537 1367 2631 1420 τοῦ
2663 1365 2921 1439 Χριστοῦ.
2951 1366 3049 1418 Διά
3073 1363 3221 1437 [557]
3245 1363 3403 1418 τοῦτο
3427 1363 3523 1414 καὶ

1941 1445 2149 1510 Παῦλος
2159 1447 2330 1511 οὕτως
2347 1449 2508 1502 αὐτὸν
2522 1450 2852 1520 ἐκλαμϐάνει
2865 1450 3060 1518 λέγων·
3080 1447 3366 1515 Ἀπάτωρ.
3379 1443 3524 1514 ἀμή-

1941 1545 2075 1597 τωρ,
2114 1530 2614 1600 ἀγενεαλόγητος,
2647 1532 2801 1601 μήτε
2843 1531 3041 1600 ἀρχὴν
3077 1531 3234 1600 ἔχων
3265 1525 3521 1598 ἡμερῶν,

1935 1612 2087 1681 μήτε
2128 1612 2276 1681 ζωῆς
2305 1615 2498 1681 τέλος,
2525 1615 2981 1685 ἀφωμοιωμένος
3019 1614 3088 1667 δέ
3137 1611 3218 1677 τῷ
3261 1611 3371 1677 Υίῷ
3416 1609 3523 1664 τοῦ

1945 1695 2111 1760 Θεοῦ,
2136 1696 2302 1764 μένει
2340 1698 2534 1764 ἱερεὺς
2561 1701 2649 1764 εἰς
2685 1701 2749 1750 τὸ
2777 1697 3069 1764 διηνεκές.
3109 1697 3218 1748 Καὶ
3250 1694 3386 1757 πῶς,
3415 1709 3524 1762 φη-

1944 1778 2049 1839 σὶν,
2080 1773 2189 1831 οἷόν
2218 1796 2274 1830 τε
2307 1779 2591 1850 ἄνθρωπον
2613 1781 2743 1833 ὄντα
2773 1780 3023 1850 ἀπάτορα
3049 1774 3304 1831 εἶναικαὶ
3327 1777 3528 1846 ἀμήτο-

1945 1880 2033 1933 ρα,
2062 1863 2157 1915 καὶ
2189 1865 2324 1934 μήτε
2355 1865 2528 1934 ἀρχὴν
2552 1863 2777 1935 ήμερῶν
2803 1864 2966 1933 ἔχειν,
3003 1864 3139 1933 μήτε
3169 1861 3314 1931 ζωῆς
3340 1859 3523 1923 τέλοςς

1947 1947 2222 2010 Ἤκουσας
2240 1943 2606 2019 ὃτιτύποςῆν·
2633 1948 2708 2018 μὴ
2730 1947 2907 2000 τοίνυν
2933 1945 3162 2011 ξενίζον,
3189 1943 3323 2016 μηδὲ
3350 1943 3525 1998 πάντα

1942 2028 2162 2082 ἀπαίτει
2196 2033 2254 2082 ὲν
2279 2029 2356 2100 τῷ
2386 2029 2562 2100 τύπῳ.
2600 2030 2736 2083 Οὐδὲ
2762 2029 2870 2099 γάρ
2896 2029 2962 2082 ἂν
2995 2029 3078 2098 εῐη
3107 2029 3298 2090 τύπος,
3321 2027 3366 2079 εἰ
3396 2024 3525 2096 μίλ-

1941 2111 2023 2164 λοι
2058 2113 2233 2165 πάντα
2270 2113 2411 2182 ἐχειν
2452 2112 2521 2166 τὰ
2548 2116 2615 2183 τῇ
2647 2112 2876 2183 ἀληθείᾳ
2909 2110 3291 2182 συμϐαίνοντα.
3329 2109 3394 2161 Τί
3431 2103 3528 2161 οὖν

1943 2194 2059 2248 ἐστι
2103 2194 2165 2247 16
2206 2195 2532 2266 εἰρημένον;
2561 2195 2750 2267 ὥσπερ
2806 2187 2982 2262 οὗτος,
3037 2194 3188 2263 φησὶ,
3232 2191 3320 2246 διά
3358 2191 3421 2244 16
3447 2191 3525 2262 μὴ

1947 2278 2382 2349 μνημονευθῆναι
2410 2280 2534 2342 τοὺς
2556 2277 2953 2348 γεγεννηκότας
2974 2277 3157 2343 αὑτὸν,
3183 2275 3413 2346 ἀπάτωρ
3439 2274 3519 2327 λέ-

1942 2380 2098 2431 γεται
2146 2363 2241 2415 καὶ
2282 2363 2533 2432 ἀμήτωρ,
2577 2363 2672 2415 καὶ
2706 2360 2798 2414 διὰ
2841 2359 2903 2413 16
2935 2360 3010 2430 μὴ
3047 2355 3524 2428 γενεαλογηθήναι,

1944 2445 2386 2514 ἀγενεαλόγητος·
2413 2445 2555 2500 οὕτω
2579 2446 2674 2499 καὶ
2703 2447 2731 2499 6
2760 2444 3016 2516 Χριστὸς,
3052 2443 3140 2496 διὰ
3170 2443 3230 2496 16
3262 2441 3337 2512 μή
3363 2442 3527 2512 ἐσχη-

1944 2529 2098 2581 κέναι
2121 2529 2257 2599 μήτε
2285 2529 2342 2580 ἐν
2369 2528 2614 2599 οὐρανοῖς
2646 2528 2876 2602 μητέρα,
2904 2527 3041 2598 μήτε
3065 2525 3158 2579 ἐπὶ
3178 2525 3275 2596 τῆς
3296 2524 3400 2595 γῆς
3421 2540 3526 2577 πα-

1943 2613 2097 2682 τέρα,
2131 2611 2559 2682 ἀγενεαλόγητος
2595 2611 2813 2681 λέγεται
2852 2613 2946 2664 καὶ
2978 2611 3112 2664 ἐστι.
3161 2610 3271 2664 Καὶ
3306 2610 3409 2677 δρα
3439 2606 3530 2660 διά

1943 2699 2041 2766 τῆς
2083 2697 2165 2759 εἰς
2209 2695 2301 2749 16v
2331 2696 2674 2766 πατριάρχην
2714 2694 2899 2765 τιμῆς,
2945 2696 3092 2758 ὅπως
3137 2691 3432 2764 μυστήριόν
3473 2707 3529 2744 τι

1945 2781 2076 2850 ήμῖν
2099 2779 2166 2832 δι’
2185 2778 2356 2848 αὐτῆς
2379 2779 2698 2831 αἰνίττεται.
2736 2776 3026 2847 Ἐξήνεγκε
3061 2775 3170 2847 γάρ
3196 2777 3396 2846 άρτους
3432 2773 3530 2828 καὶ

1944 2858 2104 2916 οἶνον.
2152 2860 2325 2932 Ὀρῶν
2357 2860 2447 2913 τὸν
2488 2860 2679 2923 τύπον,
2709 2862 2819 2913 νόει
2861 2877 2950 2929 μοι
2990 2859 3086 2930 τὴν
3119 2858 3400 2930 ἀλήθειαν,
3433 2855 3530 2910 καὶ
3585 2906 3588 2908 ,

1946 2945 2191 3015 θαύμαζε
2217 2945 2316 3014 τῆς
2342 2944 2492 3008 θείας
2517 2944 2740 3015 Γραφῆς
2773 2944 2872 3014 τὴν
2899 2943 3148 3012 δύναμιν,
3185 2941 3302 3004 πῶς
3323 2940 3530 2994 ἀνωθεν

1946 3032 2040 3084 καὶ
2081 3033 2144 3083 ἐκ
2183 3028 2482 3099 προοιμίων
2517 3028 2587 3080 τὰ
2630 3027 2890 3097 μέλλοντα
2933 3025 3152 3079 ἔσεσθαι
3193 3024 3525 3096 προεμήνυε.

1946 3113 2057 3166 Καὶ
2090 3113 2412 3181 εὑλόγησε.
2439 3111 2594 3181 φησὶ.
2623 3110 2729 3164 τὸν
2766 3107 3034 3178 Ἀϐραὰμ.
3069 3109 3166 3162 καί
3193 3104 3380 3161 εἶπεν·
3411 3106 3530 3160 Eb-

1945 3195 2204 3264 λοτητὸς
2265 3197 2519 3263 Ἀϐραὰμ
2559 3192 2640 3259 τῷ
2678 3191 2801 3258 Θεῷ
2832 3192 2911 3258 τῷ
2943 3194 3202 3262 ὑψίστῳ,
3236 3190 3306 3258 ὃς
3329 3191 3536 3245 ἔκτισε

1947 3279 2055 3332 τὸν
2079 3279 2341 3347 οὐρανὸν
2365 3277 2462 3331 καί
2495 3277 2611 3345 τὴν
2631 3276 2768 3346 γῆν.
2796 3277 2908 3331 Καὶ
2929 3276 3258 3344 εὐλογητὸς
3279 3278 3312 3328 ὸ
3339 3273 3484 3339 Θεὸς
3499 3274 3536 3328 ὸ

1947 3363 2228 3431 ὕψιστος,
2260 3360 2329 3425 ὃς
2357 3360 2662 3428 παρέδωκε
2685 3359 2826 3424 τοὺς
2856 3358 3112 3425 ἐχθρούς
3141 3371 3257 3410 σου
3290 3357 3532 3422 ὑποχει-

1940 3447 2116 3510 ρίους
2145 3458 2263 3498 σοι.
2301 3444 2374 3496 Ού
2412 3442 2572 3512 μόνον
2608 3441 2770 3494 αὑτὸν
2799 3440 3116 3509 εὐλόγησεν,
3154 3436 3288 3493 ἀλλά
3321 3439 3414 3490 καὶ
3441 3436 3533 3489 16v

1948 3528 2081 3582 Θεὸν
2116 3527 2384 3592 ἐδόξασεν.
2429 3523 2612 3577 Εἰπὼν
2645 3522 2774 3594 γὰρ,
2811 3521 3157 3591 Εὐλογητὸς
3194 3522 3410 3589 Ἀϐραμ
3452 3517 3534 3585 τῷ

1951 3611 2074 3676 Θεῷ
2098 3607 2178 3674 τῷ
2207 3607 2467 3676 ὑψίστῳ,
2509 3606 2576 3672 ὸς
2622 3606 2822 3659 ἔκτισε
2858 3605 2964 3658 τὸν
2988 3605 3251 3673 οὐρανὸν
3284 3603 3380 3657 καί
3419 3601 3533 3670 τὴν

1950 3694 2089 3764 γῆν,
2114 3693 2207 3745 καὶ
2235 3692 2343 3744 ἀπὸ
2373 3689 2482 3742 τῶν
2509 3689 2572 3761 δη
2581 3689 3013 3761 μιουργημάτων
3034 3688 3128 3741 τοῦ
3161 3687 3296 3741 Θεοῦ
3322 3686 3420 3757 τὴν
3441 3685 3535 3739 δύ-

1951 3796 2114 3848 ναμιν
2141 3778 2272 3847 ήμῖν
2308 3773 2594 3845 ἀνέφηνεν.
2628 3774 2692 3826 Εἰ
2720 3771 2830 3844 γάρ
2855 3771 3017 3834 αὑτός
3049 3773 3166 3825 ἐστι
3193 3771 3345 3834 Θεὸς,
3381 3771 3410 3823 6
3439 3769 3535 3824 16v

1949 3859 2177 3930 ούρανὺν
2207 3858 2302 3911 καὶ
2332 3857 2430 3929 τὴν
2463 3857 2565 3928 γῆν
2596 3853 2952 3928 παραγαγὼν,
2982 3855 3031 3908 οί
3064 3854 3168 3908 ὑπὸ
3194 3853 3302 3907 τῶν
3323 3850 3534 3924 ἀνθρώ·

1951 3960 2070 3995 πων
2107 3940 2533 4012 θεραπευόμενοι
2567 3940 2667 3994 οὐκ
2705 3939 2772 3993 ἂν
2811 3939 2919 3993 είεν
2945 3937 3077 3992 θεοί·
3107 3937 3237 3991 Θεοί
3262 3937 3392 4007 γὰρ,
3425 3952 3534 4007 φησι

1953 4027 2059 4089 01v,
2099 4025 2156 4078 οἳ
2201 4023 2308 4078 τὸν
2333 4024 2595 4092 οὐρανὸν
2632 4023 2728 4077 καί
2763 4022 2879 4090 τὴν
2919 4021 3038 4092 γῆν
3069 4024 3181 4076 οὑκ
3211 4021 3530 4092 ἐποίησαν,

1951 4107 2410 4162 ἀπολέσθωσαν.
2431 4106 2794 4174 Εὐλογητὸς,
2821 4107 3005 4176 φησὶν,
3027 4109 3060 4159 ὀ
3083 4107 3244 4171 Θεὸς,
3276 4103 3346 4170 ὃς
3385 4119 3535 4170 παρ-

1951 4191 2134 4244 έδωκε
2155 4188 2298 4256 τοὺς
2324 4189 2576 4256 ἐχθρούς
2596 4205 2714 4241 σου
2747 4189 3126 4258 ὑποχειρίους
3156 4203 3276 4241 σοι.
3299 4186 3413 4241 Θέα
3442 4203 3534 4257 μοι

1955 4274 2072 4338 πῶς
2100 4274 2161 4326 ού
2199 4273 2358 4345 μόνον
2384 4272 2475 4325 τὸν
2508 4271 2712 4327 δίκαιον
2738 4272 3123 4344 ἀνακηρύττει,
3156 4271 3293 4324 ἀλλά
3316 4271 3406 4325 καὶ
3438 4268 3534 4323 τοῦ

1953 4358 2087 4410 Θεοῦ
2114 4357 2211 4427 τὴν
2241 4354 2555 4428 συμμαχίαν
2580 4353 2952 4424 ἐπιγινώσκει.
2982 4355 3115 4409 Ούδὲ
3143 4353 3252 4426 γάρ
3279 4355 3406 4410 ἄνευ
3434 4353 3537 4425 τῆς

1954 4439 2162 4492 ἐκεῖθεν
2208 4439 2379 4510 ῥοπῆς
2433 4438 2673 4510 ἠδυνήθη
2735 4438 2844 4492 τῶν
2899 4438 3166 4509 τοσαύτην
3219 4435 3537 4492 δυναστείαν

1956 4521 2436 4591 περιϐεϐλημὲνων
2463 4521 2866 4592 περιγενέσθαι.
2903 4523 3005 4587 ’ος
3030 4519 3355 4590 παρέδωκε.
3381 4521 3538 4590 φησὶ,

1955 4605 2097 4670 τοὺς
2129 4604 2384 4672 ἐχθρούς
2417 4620 2554 4658 σου·
2595 4605 2758 4667 αύτός
2789 4607 2937 4657 ἐστιν
2967 4605 2996 4656 6
3023 4603 3082 4657 16
3105 4605 3212 4656 πᾶν
3235 4603 3540 4675 ἐργασάμε-

1955 4704 2065 4749 νος,
2105 4688 2266 4748 αὐτὸς
2298 4687 2444 4738 ἐστιν
2475 4687 2504 4736 6
2537 4687 2665 4750 τοὺς
2699 4687 2954 4757 ἰσχυροὺς
2981 4685 3225 4748 ἀσθενεῖς
3265 4685 3538 4756 καταστή·

1958 4785 2076 4831 σας,
2103 4769 2263 4830 αὑτός
2294 4770 2441 4820 ἐστιν
2467 4769 2496 4820 6
2525 4766 2613 4820 διά
2637 4767 2746 4819 τῶν
2774 4769 2991 4820 ἀόπλων
3013 4767 3137 4830 τοὺς
3162 4765 3539 4834 ὡπλισμένους

1956 4852 2320 4919 κατενεγκών·
2354 4849 2562 4903 ἐκεῖθέν
2585 4851 2732 4903 ἔστιν
2759 4851 2794 4918 ή
2820 4849 2960 4920 ῥοπὴ
2989 4850 3022 4920 ή
3049 4848 3314 4920 τοσαύτην
3342 4864 3424 4901 σοι
3441 4847 3539 4919 τὴν

1954 4935 2182 5007 δύναμιν
2222 4934 2636 5007 παρασχομένη.
2677 4936 2782 4999 ὐς
2823 4933 3146 5002 παρέδωκε.
3194 4934 3348 5004 φησί,
3395 4933 3539 5001 τοὺς

1956 5018 2207 5088 ἐχθρούς
2227 5033 2344 5072 σου
2364 5017 2748 5086 ὑποχειρίους
2779 5031 2900 5071 σοι.
2937 5018 3100 5088 ὐρᾷς
3125 5018 3241 5080 πῶς
3267 5017 3540 5072 δείκνυσιν

1956 5103 2122 5160 αὑτοῦ
2145 5104 2244 5173 τὴν
2264 5105 2516 5172 ὁμόνοιαν
2540 5101 2635 5155 καὶ
2656 5100 2754 5171 τήν
2778 5101 3159 5172 φιλοστοργίαν
3178 5101 3276 5173 τὴν
3301 5102 3430 5170 περὶ
3447 5102 3545 5159 τὸν

1957 5190 2104 5252 Λὼτ,
2141 5187 2234 5240 καὶ
2264 5187 2382 5250 πῶς
2414 5185 2688 5258 ἰμφαίνει,
2717 5186 2799 5240 ὅτι
2829 5186 2922 5239 καὶ
2954 5187 2984 5239 6
3020 5185 3267 5257 Ἀϐραὰμ
3306 5185 3541 5250 οἰκείους

1957 5273 2154 5334 αὐτοὺς
2181 5269 2408 5342 ἐχθροὺς
2439 5271 2625 5339 ἡγεῖτο
2653 5268 2743 5322 διά
2768 5271 2835 5323 τά
2874 5271 2954 5332 εἰς
2977 5267 3068 5322 τὸν
3095 5266 3413 5337 ἀδελφιδοῦν
3442 5284 3540 5336 γε-

1958 5353 2265 5425 γενημένα;
2317 5352 2422 5406 Kal
2460 5351 2684 5406 ἔδωκεν
2719 5349 2899 5417 αὐτῷ,
2937 5351 3091 5422 φησὶ,
3127 5351 3394 5416 δεκάτην
3420 5349 3542 5404 ἀπὸ

1959 5438 2220 5492 πάντων.
2255 5435 2425 5488 Τοῦτο
2455 5435 2548 5488 καλ⁵
2574 5433 2782 5497 Παῦλός
2822 5450 2973 5504 φησι·
3012 5433 3286 5503 Θεωρεῖτε
3314 5431 3404 5496 δὲ,
3426 5449 3542 5501 πη·

1958 5522 2132 5586 λίκος
2169 5514 2366 5584 οὗτος.
2409 5510 2459 5582 ᾦ
2496 5518 2590 5569 καί
2625 5516 2882 5582 δεκάτην
2934 5517 3178 5586 Ἀϐραὰμ
3216 5516 3438 5571 ἔδωκεν
3470 5517 3540 5570 ἐκ

1960 5603 2077 5657 τῶν
2123 5602 2496 5673 ἀκροθινίων,
2531 5602 2565 5653 ‘d
2612 5596 3001 5667 πατριάρχης*
3043 5599 3286 5671 δηλονότι
3332 5601 3396 5654 ἐκ
3433 5598 3544 5654 τῶν

1960 5687 2238 5758 λαφύρων,
2262 5682 2338 5740 ὢν
2368 5686 2621 5755 ἐπήγετο,
2650 5683 2920 5753 ἠμείψατο
2943 5684 3036 5737 τὸν
3064 5683 3415 5754 Μελχισεδὲκ,
3447 5685 3543 5740 καὶ

1961 5773 2194 5843 δεκάτην
2233 5770 2381 5842 αὐτῷ
2419 5769 2694 5841 ἀφώρισεν
2727 5768 2833 5821 ἀπὸ
2872 5769 3089 5824 πάντων
3120 5761 3196 5823 ὧν
3223 5768 3538 5840 ὲπεφέρετω

1962 5854 2211 5906 ἐντεῦθεν
2260 5854 2360 5924 ήδη
2406 5852 2721 5916 διδάσκαλος
2764 5851 2937 5905 άπασι
2981 5853 3291 5924 γενόμενος.
3339 5849 3542 5922 πολλὴν

1962 5935 2361 5991 ἐπιδείκνυσθαι
2388 5935 2826 6008 εὐγνωμοσύνην,
2861 5936 2951 5990 καὶ
2976 5937 3072 6000 τὰς
3094 5934 3348 6004 ἀπαρχάς
3375 5950 3542 6005 προα-
