4084 6214
574 317 695 382 319‘

567 447 720 512 άγειν
748 439 858 494 τῶν
886 441 1036 511 παρά
1061 438 1154 494 τοῦ
1186 438 1322 493 Θεοῦ
1352 443 1484 511 ἡμῖν
1510 439 1976 512 παρασχεθέντων.
2015 434 2145 493 Εἶτα

566 525 862 594 ἐκπλαγεὶς
888 526 982 580 τοῦ
1010 525 1350 597 πατριάρχου
1382 524 1533 596 [558]
1563 526 1663 594 τὴν
1697 524 2097 595 μεγαλοψυχίαν
2121 528 2149 579 ὁ

567 608 820 677 βασιλεὺς
871 606 1122 679 Σοδόμων
1168 610 1302 679 φησὶ
1350 609 1485 679 πρὸς
1515 607 1698 662 αὐτόν’
1738 610 1850 673 Δός
1879 627 1980 677 μοι
2007 609 2149 675 τοὺς

564 691 810 759 ἄνδρας,
834 692 949 761 τὴν
979 691 1048 746 δὲ
1079 693 1269 746 ἵππον
1294 691 1440 746 λάϐε
1468 689 1724 755 σεαυτῷ.
1750 691 1904 762 Καλὴ
1930 690 2023 745 τοῦ
2053 692 2151 763 βαι

566 775 757 838 σιλέως
780 777 812 846 ή
841 774 1247 846 εὐγνωμοσύνη·
1272 775 1386 829 ἀλλ’
1409 775 1511 845 ὅρα
1528 773 1622 826 τοῦ
1644 773 1851 826 δικαίου
1874 773 1971 843 τὴν
2001 775 2148 843 φιλο-

567 858 779 927 σοφίαν.
803 855 948 912 Είπε
961 858 1029 912 δὲ
1049 860 1273 926 Ἀϐραμ
1293 857 1444 926 πρὸς
1460 855 1836 921 τὸνβασιλέα
1850 856 2144 926 Σοδόμων·

578 941 825 994 Ἐκτενῶ
857 942 972 1009 τὴν
1005 940 1172 1010 χεῖρά
1199 957 1320 1009 μου
1362 938 1511 1007 πρὸς
1541 938 1649 992 τὸν
1687 938 1835 992 Θεὸν
1870 939 1979 992 τὸν
2010 939 2149 1008 ὕψι-

566 1038 737 1088 στον,
764 1024 833 1091 ὸς
854 1024 1104 1091 ἐποίησε
1125 1022 1231 1076 τὸν
1252 1022 1511 1091 οὐρανὸν
1537 1021 1633 1074 καὶ
1663 1020 1777 1090 τὴν
1797 1019 1932 1091 γῆν,
1955 1024 2006 1075 εί
2028 1022 2148 1077 ἀπὸ

565 1113 862 1181 σπαρτίου
887 1113 999 1178 ἕως
1018 1110 1434 1180 σφαιρωτῆρος
1459 1110 1838 1179 ὑποδήματος
1876 1109 2148 1178 λήψομαι

567 1195 686 1248 ἀπὸ
727 1193 969 1248 πάντων
1011 1192 1132 1248 τῶν
1167 1193 1316 1259 σῶν,
1356 1194 1458 1246 ἵνα
1487 1193 1573 1262 μὴ
1612 1195 1808 1261 εἴπῃς,
1856 1191 1943 1245 ὅτι
2001 1191 2148 1263 Ἐγὼ

566 1279 938 1331 πεπλούτικα
968 1277 1075 1331 τὸν
1111 1279 1346 1347 Ἅϐραμ.
1384 1275 1557 1346 Πολλὴ
1596 1276 1689 1329 τοῦ
1733 1276 2070 1347 πατριάρχου
2112 1278 2145 1346 ή

567 1360 696 1431 περὶ
736 1359 807 1418 τά
837 1362 1093 1431 χρήματα
1129 1359 1420 1430 ὑπεροψία.
1458 1359 1568 1412 Καὶ
1614 1359 1759 1421 τίνος
1804 1359 1989 1412 ἕνεκεν
2029 1357 2146 1429 μεθ’

564 1443 729 1512 ὅρκου
753 1443 852 1513 τὴν
880 1443 1251 1515 ἀπαγόρευσιν
1275 1445 1528 1504 ποιεῖται,
1555 1440 1649 1494 καί
1672 1459 1857 1513 φησιν,
1900 1440 2149 1495 Ἐκτενῶ

566 1525 681 1593 τὴν
722 1524 892 1594 χεῷἁ
928 1543 1049 1594 μου
1090 1526 1242 1594 πρὸς
1285 1524 1394 1578 τὸν
1441 1524 1592 1579 Θεὸν
1624 1525 1731 1579 τὸν
1768 1523 2053 1592 ὕψιστον,
2079 1523 2148 1590 δς

564 1608 768 1662 ἔκτισε
801 1609 908 1663 τὸν
928 1607 1191 1675 οὐρανὸν
1222 1608 1323 1661 καὶ
1361 1606 1477 1675 τὴν
1496 1605 1652 1676 γῆν;

639 1689 715 1754 ς’.
735 1691 965 1760 Ἀμφότε
975 1708 1041 1761 ρα
1078 1690 1322 1760 βούλεται
1340 1689 1627 1743 παιδεῦσαι
1648 1688 1739 1742 τὸν
1752 1687 1861 1741 τῶν
1897 1688 2147 1759 Σοδόμων

569 1773 814 1843 βασιλέα,
850 1774 945 1827 καὶ
982 1775 1063 1826 ὅτι
1097 1774 1360 1844 κρείττων
1393 1772 1510 1826 ἐστὶ
1542 1772 1651 1826 τῶν
1696 1774 1829 1843 παρ’
1861 1771 2027 1824 αὐτοῦ
2057 1771 2146 1824 δε-

565 1857 825 1928 δομένων,
852 1859 944 1912 καὶ
967 1857 1165 1927 πολλὴν
1188 1856 1548 1910 ἐπιδείκνυται
1568 1856 1668 1926 τὴν
1693 1855 2029 1925 φιλοσοφίαν,
2053 1855 2145 1909 καὶ⁵

567 1940 877 2003 θεοσεϐείας
900 1941 1049 2012 αὐτῷ
1071 1940 1387 2005 διδάσκαλος
1419 1940 1673 2008 γενέσθαι
1712 1939 2021 2005 σπουδάζει,
2057 1957 2148 2011 μο⁶

567 2024 776 2093 νονουχὶ
802 2024 1065 2077 διδάσκων
1089 2023 1270 2088 αὐτὸν,
1300 2024 1382 2077 ὅτι
1412 2022 1617 2076 ἐκεῖνόν
1643 2039 1724 2075 σοι
1752 2021 1978 2094 παρέχω
2005 2022 2145 2093 μάρ-

566 2124 725 2180 τυρα,
753 2108 834 2160 ὅτι
862 2106 1013 2161 οὐδὲν
1038 2106 1146 2159 τῶν
1176 2104 1329 2177 παρά
1357 2103 1450 2158 σοῦ
1484 2104 1746 2176 λήψομαι,
1776 2105 1866 2158 τὸν
1892 2105 2146 2159 ἀπάντων

564 2191 913 2262 δημιουργὸν,
946 2191 1030 2243 ῐνα
1069 2189 1266 2242 εἰδέναι
1297 2188 1440 2260 ἔχοις
1480 2189 1569 2242 τὸν
1604 2190 1697 2242 ἐπὶ
1728 2190 1945 2243 πάντων
1989 2188 2144 2253 Θεὸν,

566 2275 661 2328 καὶ
693 2273 766 2345 μὴ
789 2273 1015 2345 νομίσῃς
1037 2268 1176 2326 εἶναι
1210 2272 1365 2335 θεοὺς
1392 2271 1461 2326 τά
1489 2272 1594 2325 ὑπὸ
1618 2273 1816 2342 χειρῶν
1844 2270 2146 2341 ἀνθρώπων

565 2358 1095 2429 κατασκευαζόμενα.
1125 2352 1295 2419 Οὑτος
1315 2356 1424 2427 7&9
1447 2355 1721 2427 όούρανοῦ
1751 2356 1843 2409 καὶ
1869 2356 1968 2425 γῆς
1992 2370 2146 2425 ποιη-

564 2442 685 2510 τὴς,
717 2440 878 2503 αὐτὸς
914 2442 1006 2493 καὶ
1043 2440 1133 2493 τὸν
1161 2438 1397 2509 πόλεμον
1430 2440 1617 2491 τοῦτον
1651 2438 2020 2510 ἐτροπώσατο,
2051 2438 2146 2491 καὶ

563 2525 664 2593 τῆς
707 2522 864 2594 νίκης
903 2523 1072 2585 αἴτιος
1115 2523 1373 2593 κατέστη.
1420 2522 1511 2593 Μὴ
1544 2522 1724 2576 τοίνυν
1769 2520 2142 2593 προσδοκήσῃς

564 2607 665 2677 ἐμὲ
688 2605 969 2673 ἀνέξεσθαί
1000 2623 1051 2659 τι
1078 2606 1259 2658 λαϐεῖν
1280 2604 1389 2658 τῶν
1412 2605 1563 2675 παρά
1584 2605 1678 2659 σοῦ
1702 2604 2011 2675 διδομένων.
2043 2604 2146 2655 Οὐ-

563 2690 620 2744 δὲ
665 2689 774 2760 γάρ
818 2689 911 2743 ἐπὶ
958 2688 1135 2759 μισθῷ
1179 2687 1277 2759 τὴν
1319 2687 1561 2741 ἐκδικίαν
1602 2688 1963 2759 ἐποιησάμην,
2011 2686 2145 2741 ἀλλὲι

565 2774 830 2845 πρότερον
870 2773 971 2845 μὲν
999 2772 1085 2827 διὰ
1112 2772 1210 2842 τὴν
1236 2773 1363 2843 περὶ
1396 2773 1487 2825 τὸν
1522 2772 1833 2841 ἀδελφιδοῦν
1861 2773 2143 2844 φιλοστορ-

563 2857 710 2925 γίαν,
751 2856 940 2909 ἔπειτα
964 2855 1020 2909 δὲ
1044 2855 1138 2908 καὶ
1169 2856 1236 2908 δι’
1264 2856 1434 2925 αὐτὴν
1462 2854 1557 2907 τοῦ
1590 2854 1799 2908 δικαίου
1833 2856 1931 2927 τὴν
1962 2854 2142 2925 φύσιν,

563 2939 705 2993 ὥστε
729 2941 855 3004 τοὺς
873 2938 1072 3000 ἀδίκως
1096 2938 1448 3008 ἀπηγμένους
1475 2938 1779 3010 ἐξαρπάσαι
1804 2938 1913 2991 τῶν
1937 2939 2146 3010 βαρϐα-

566 3022 735 3093 ρικῶν
757 3020 973 3091 χειρῶν.
1011 3022 1077 3073 El
1106 3021 1225 3073 ἀπὸ
1254 3021 1572 3088 σπαρτΙου,
1608 3021 1792 3092 φησὶν,
1825 3020 1937 3086 ἕως
1969 3035 2146 3089 σφαι-

563 3101 826 3170 ρωτῆρος
871 3101 1143 3169 λήψομαι
1192 3100 1312 3155 ἀπὸ
1354 3100 1595 3155 πάντων
1641 3101 1761 3156 τῶν
1800 3101 1949 3156 σῶν·
2002 3101 2143 3155 τοῦτ’

564 3185 733 3249 ἔστιν,
759 3184 880 3238 οὐδέ
905 3183 968 3237 τὸ
995 3183 1177 3255 τυχὸν,
1205 3184 1325 3237 οὐδὲ
1351 3185 1411 3238 τὸ
1437 3185 1671 3251 εὐτελὲς,
1692 3185 1814 3239 οὐδε
1834 3184 1900 3239 τδ
1922 3186 2147 3239 εὐκατα-

456 3295 472 3319 ο
564 3268 832 3341 φρόνητον
869 3267 1242 3339 νομιζόμενον.
1271 3268 1381 3321 Καὶ
1400 3269 1507 3340 γὰρ
1543 3270 1899 3342 σφαιρωτῆρα
1922 3269 2145 3324 εἰώθασι

562 3355 744 3422 λέγειν
785 3342 848 3407 τδ
879 3352 1048 3423 ἀκρον
1089 3352 1183 3406 τοῦ
1230 3352 1577 3424 ὑποδήματος
1617 3353 1678 3426 1.?)
1704 3355 1785 3417 είς
1817 3354 1911 3420 ὀξὺ
1958 3354 2141 3425 λῆγον-

562 3437 823 3502 τοιούτοις
841 3437 951 3510 γὰρ
973 3436 1092 3499 ἐθος
1110 3435 1293 3507 ἔχουσι
1317 3435 1615 3507 κεχρῆσθαι
1634 3438 1683 3489 οί
1705 3436 1988 3509 βάρϐαροι.
2014 3433 2146 3492 Εἶτα

563 3522 661 3576 καὶ
691 3522 791 3591 τὴν
815 3521 995 3575 αἰτίαν
1020 3521 1118 3591 τῆς
1147 3520 1529 3591 παραιτήσεώς
1562 3538 1747 3592 φησιν,
1780 3522 1916 3577 Ἵνα
1950 3521 2037 3591 μὴ
2065 3523 2146 3576 εἵ-

563 3624 709 3676 πῃς,
752 3605 903 3677 Ἐγὼ
930 3606 1302 3660 πεπλούτικα
1342 3604 1450 3658 τὸν
1480 3606 1725 3675 Ἀϐραμ.
1764 3607 1911 3678 ’Ἑχω
1937 3606 2027 3660 τὸν
2052 3624 2143 3677 χο⁹

566 3690 736 3763 ρηγδν
763 3688 869 3743 τῶν
891 3690 1098 3760 μυρίων
1124 3688 1365 3757 ἀγαθῶν,
1393 3688 1593 3759 πολλῆς
1612 3687 1871 3743 ἀπολαύω
1890 3689 1988 3759 τῆς
2004 3689 2148 3743 ἀνω-

565 3777 656 3829 θεν
687 3772 879 3846 ροπῆς,
904 3772 966 3826 οὐ
985 3772 1175 3843 δέομαι
1195 3773 1290 3826 τοῦ
1316 3771 1469 3844 παρά
1491 3771 1582 3826 σοῦ
1606 3771 1857 3837 πλούτου,
1879 3773 1940 3825 οὑ
1961 3774 2147 3845 χρῄζω

565 3855 914 3929 ἀνθρωπίνης
942 3855 1226 3927 εὐπορίας,
1270 3853 1547 3925 ἀρκοῦμαι
1574 3856 1640 3925 τῇ
1681 3855 1833 3927 παρὰ
1885 3854 1976 3910 τοῦ
2011 3857 2146 3910 Θεοῦ

566 3942 645 4002 εἰς
671 3938 769 4010 ἐμὲ
795 3937 1094 4009 φιλοτιμία,
1120 3932 1238 3991 οῖδα
1263 3935 1426 3990 αὐτοῦ
1452 3937 1511 3990 τὸ
1537 3937 1755 4007 δαψιλὲς
1781 3938 1890 3992 τῶν
1907 3939 2143 4012 δωρεῶν.

567 4023 688 4076 Τῶν
723 4020 932 4094 μικρῶν
962 4022 1055 4075 καὶ
1085 4019 1317 4074 εὐτελῶν
1339 4022 1750 4092 παραχωρήσας
1775 4020 1852 4092 τῷ
1880 4021 2023 4082 Λὼτ,
2060 4041 2149 4093 με.

567 4108 748 4178 γάλων
780 4106 874 4159 καὶ
910 4106 1238 4176 ἀπορρήτων
1267 4102 1506 4176 ἠξιώθην
1534 4106 1896 4176 ὑποσχέσεων·
1935 4106 2027 4159 καὶ
2053 4107 2147 4163 νῦν

571 4191 792 4261 μείζονα
815 4187 1041 4242 πλοῦτον
1057 4186 1235 4257 ἐαυτῷ
1256 4188 1793 4258 πραγματευόμενος,
1817 4189 1910 4243 καὶ
1930 4190 2148 4244 πλείονα

568 4275 697 4342 παρ’
747 4271 912 4327 αὐτοῦ
964 4270 1177 4323 εῦνοιαν
1238 4272 1637 4339 ἐπισπώμενος,
1699 4273 1790 4325 τὸν
1851 4273 2001 4343 παρά
2051 4274 2146 4327 σοῦ

570 4356 798 4409 πλοῦτον
821 4354 883 4406 οὑ
908 4352 1220 4423 προσίεμαι.
1248 4352 1345 4404 Διά
1364 4351 1521 4404 τοῦτο
1542 4353 1621 4413 δὲ,
1644 4354 1720 4415 ώς
1744 4350 1916 4425 οἶμαι,
1945 4356 2037 4410 καὶ
2059 4357 2147 4410 τὸν

568 4440 729 4508 ὅρκον
787 4434 1114 4507 προσέθηκε,
1163 4434 1258 4486 καὶ
1304 4430 1474 4497 εἶπεν,
1541 4435 1791 4489 Ἐκτενῶ
1833 4438 1948 4506 τὴν
1982 4441 2149 4511 χεῖρά

568 4537 684 4589 μου
724 4519 872 4588 πρὸς
912 4517 1019 4571 τὸν
1061 4515 1210 4571 Θεὸν
1250 4517 1358 4570 τὸν
1397 4518 1680 4599 ὕψιστον,
1718 4520 1803 4573 ἵνα
1845 4523 1920 4594 μὴ
1953 4527 2147 4599 νομίσῃ

570 4602 756 4666 ἀπλῶς
786 4602 948 4656 αὐτὸν
982 4600 1431 4672 σχηματίζεσθαι,
1477 4596 1566 4655 οἷα
1607 4603 1925 4672 συμϐαίνειν
1980 4596 2147 4673 εἰκόςί

571 4686 686 4741 ἀλλ’
716 4685 803 4740 ἵνα
849 4684 994 4757 μάθῃ
1027 4684 1107 4738 ὅτι
1141 4682 1296 4737 τοῦτο
1328 4683 1475 4756 αὐτῷ
1513 4685 1778 4752 δέδοκται,
1820 4689 1881 4742 τὸ
1918 4691 2053 4763 μηδὲ
2092 4692 2151 4745 τὸ

570 4770 731 4845 τυχὸν
765 4768 973 4824 ἐκεῖθεν
999 4766 1374 4838 νοσφίσασθαι.
1409 4769 1517 4822 Καὶ
1558 4769 1794 4842 ἐπλήρου
1841 4774 1902 4827 τὸ
1934 4776 2150 4846 παράγ-

571 4854 749 4926 γελμα
779 4856 954 4907 ἐκεῖνο
983 4852 1043 4906 τὸ
1064 4849 1212 4924 παρά
1235 4849 1330 4904 τοῦ
1368 4851 1606 4921 Χριστοῦ
1636 4855 1749 4917 τοῖς
1788 4855 2055 4927 μαθηταῖς
2083 4860 2153 4910 εξ-

573 4937 829 5010 ρημένον·
888 4936 1119 5004 Δωρεὰν
1148 4933 1412 4998 ἐλάϐετε,
1446 4934 1671 5005 δωρεὰν
1713 4936 1868 4993 δότε.
1911 4941 2001 5009 Μὴ
2045 4941 2150 5011 7&9

573 5020 684 5090 ἐγώ
711 5037 764 5074 τι
790 5019 992 5082 πλεῖον,
1018 5019 1203 5090 φησιν,
1231 5019 1523 5088 εἰσήνεγκα
1550 5021 1628 5084 είς
1660 5020 1757 5091 τὴν
1785 5022 1879 5075 τοῦ
1916 5023 2151 5094 πολέμου

573 5104 847 5165 ὑπόθεσιν,
875 5104 910 5175 ἢ
951 5102 1111 5174 μόνον
1147 5101 1246 5173 τὴν
1283 5101 1507 5173 γνώμην
1538 5103 1633 5156 καὶ
1672 5104 1774 5173 τὴν
1811 5103 2149 5175 προθυμίαν;

572 5187 687 5258 Τὴν
739 5186 795 5240 δὲ
854 5186 1012 5258 νίκην
1071 5186 1166 5239 καὶ
1200 5185 1263 5236 τὸ
1299 5183 1581 5254 τρόπαιον,
1613 5185 1707 5240 καὶ
1750 5186 1817 5239 τὰ
1846 5187 1979 5240 ἄλλα
2001 5185 2151 5261 [359]

574 5271 752 5325 πάντα
790 5273 953 5335 αὐτὸς
985 5270 1282 5342 εἰργάσατο
1301 5272 1367 5340 τῇ
1400 5270 1616 5341 ἀοράτῳ
1637 5271 1883 5342 δυνάμει.
1908 5269 2041 5326 Εἶτα
2066 5274 2153 5328 ἵνα.

576 5357 652 5427 μὴ
674 5355 872 5426 νομίσῃ
899 5355 927 5406 ὁ
950 5353 1222 5424 βασιλεὺς,
1248 5353 1328 5405 ὅτι
1348 5351 1412 5404 δι’
1434 5352 1734 5421 ὑπεροψίαν
1759 5353 1853 5407 καὶ
1881 5356 2157 5427 καταφρό-

573 5457 728 5511 νησιν
767 5439 830 5492 οὑ
863 5438 1143 5509 προσίεται
1174 5434 1243 5489 τά
1280 5436 1411 5506 παρ’
1439 5435 1603 5488 αὐτοῦ
1638 5436 1911 5508 διδόμενα,
1940 5439 2154 5506 δεικνὺς

574 5521 739 5579 αὐτοῦ
772 5523 867 5575 καὶ
896 5524 953 5574 ἐν
983 5520 1158 5592 τούτῳ
1198 5520 1257 5573 τὸ
1296 5521 1523 5592 ἥμερον,
1561 5520 1656 5574 καὶ
1687 5521 1787 5591 τῆς
1826 5522 2054 5595 γνώμης
2095 5525 2155 5580 τὸ

576 5608 886 5679 φιλόσοφον,
918 5606 1103 5677 φησίνο
1132 5607 1193 5660 οὐ
1223 5604 1485 5679 λήψομαι,
1521 5606 1693 5674 Πλὴν
1718 5600 1806 5661 ὧν
1840 5609 2066 5678 ἔφαγον
2100 5615 2155 5666 οι

574 5691 906 5755 νεανίσκοι,
929 5689 1028 5745 καί
1050 5688 1154 5759 τῆς
1177 5690 1419 5758 μερίδος
1450 5689 1569 5744 τῶν
1600 5689 1838 5758 ἀνδρῶν
1860 5691 1979 5745 τῶν
2004 5706 2156 5763 συμ-

577 5771 984 5837 πορευθέντων
1002 5775 1130 5842 μετ’
1151 5773 1316 5841 ἐμοῦ,
1345 5774 1604 5840 Ἐσχὼλ,
1630 5773 1858 5840 Αὐνᾶν,
1878 5774 2149 5846 Μαμϐρῆ·

578 5846 743 5932 οὗτοι
766 5851 1065 5918 λήψονται
1087 5854 1320 5922 μερίδα.
1350 5851 1456 5907 Τού
1469 5868 1590 5916 τοις,
1632 5857 1784 5924 φησὶ.
1819 5861 2156 5932 συγχωρήσω

580 5930 764 5987 λαϐεῖν
792 5948 913 5985 τινα
949 5934 1163 6002 μερίδα,
1205 5935 1393 6005 ἐπειδὴ
1438 5936 1637 6009 πολλῆς
1672 5938 1850 6006 φιλίας
1881 5930 2154 6014 τεκμήρια

1264 327 1320 383 S.
1359 323 1646 381 JOANNIS
1681 322 2175 380 CHRYSOSTOMI
2212 323 2531 381 ARCHIEP.
2567 321 3116 381 CONSTANTINOP.

3727 316 3845 373 330

2252 439 2615 504 ἐπεδείξαντο.
2684 435 2858 494 Οὗτοι
2913 438 3056 509 7&9.
3129 438 3297 504 φησι.
3360 430 3710 500 συνωμόται
3758 431 3850 493 τῷ

2255 523 2490 591 Ἄϐραμ,
2522 522 2668 576 τοῦτ’
2706 522 2873 586 ἐστιν,
2903 523 2983 584 εἰς
3008 518 3185 588 φιλίαν
3212 534 3276 568 συ
3289 515 3567 586 ιημμένοι·
3593 511 3844 565 καὶτοῦ-

2249 622 2310 658 το
2337 605 2575 658 δείκνυσι
2616 605 2677 658 τὸ
2708 603 2924 658 ἑλέσθαι
2963 603 3161 661 αὐτοὺς
3192 598 3519 667 κοινωνῆσαι
3546 595 3701 665 αὐτῷ
3730 592 3848 646 τῶν

2250 688 2531 741 κινδύνων.
2580 688 2678 741 Διά
2718 686 2877 741 τοῦτο
2914 686 3008 739 καὶ
3039 683 3202 746 αὐτὸς
3249 681 3609 753 ἀμειϐόμενος
3636 678 3848 739 αὐτοὺς

2250 770 2657 841 παρασκευάζει
2682 771 2874 842 μερίδα
2896 769 3020 823 τινὰ
3040 769 3245 833 λαϐεῖν,
3269 767 3365 821 καὶ
3388 768 3447 820 ἐν
3474 764 3651 834 τούτῳ
3672 761 3846 816 πάλιν

2247 853 2339 907 τὸν
2370 854 2723 908 ἀποστολικὸν
2744 855 2908 924 νόμον
2934 852 3155 924 πληρῶν
3174 851 3264 904 τὸν
3294 850 3539 919 λέγοντα,
3575 848 3779 911 Ἄξιος
3808 848 3846 898 ό

2247 937 2495 1006 ἐργάτης
2546 936 2653 1005 τῆς
2700 936 2926 1006 τροφῆς
2979 936 3166 991 αὐτοῦ
3210 936 3399 989 ἐστιν.
3447 933 3581 986 Οὐδὲ
3634 931 3744 1004 γάρ
3785 946 3843 984 τι

2249 1020 2410 1075 πλέον
2439 1022 2537 1090 τῆς
2564 1021 2755 1091 χρείας
2797 1021 2995 1084 αὐτοὺς
3019 1019 3206 1073 λαϐεῖν
3238 1018 3453 1089 ἀφίησι·
3499 1013 3677 1083 Πλὴν
3701 1013 3838 1085 7&9,

2250 1104 2433 1174 φησὶν,
2466 1099 2554 1157 ὧν
2588 1105 2816 1174 ἔφαγον
2859 1107 2913 1158 οὶ
2953 1105 3281 1165 νεακίσκοι,
3321 1102 3417 1154 καὶ
3446 1098 3555 1166 τῆς
3587 1098 3840 1167 μερίδος

2248 1187 2368 1240 τῶν
2396 1186 2938 1255 συμπορευθέντων
2964 1188 3090 1255 μετ’
3111 1185 3279 1255 ἐμοῦ,
3317 1184 3572 1253 Ἐσχὼλ,
3601 1180 3837 1244 Αὐνᾶν,

2248 1269 2517 1339 Μαμϐρῆ
2544 1265 2708 1324 οὗτοι
2735 1269 3018 1336 λήψοντα
3057 1267 3286 1337 μερίδα.
3318 1267 3482 1321 Ἴδετε
3502 1266 3603 1336 τῆς
3628 1264 3839 1336 ἀρετῆς

2248 1352 2341 1406 τοῦ
2377 1351 2712 1423 πατριάρχου
2746 1350 2843 1422 τὴν
2876 1350 3184 1420 ἀκρίϐειαν,
3217 1349 3333 1413 πῶς
3357 1351 3451 1403 καὶ
3488 1350 3588 1420 τὴν
3613 1348 3836 1418 φιλοσο-

2249 1436 2379 1504 φίαν
2406 1433 2716 1499 ἐπεδείξατο
2746 1434 2845 1505 τὴν
2864 1434 2992 1504 περὶ
3019 1434 3118 1504 τὴν
3150 1432 3448 1504 ὑπεροψίαν
3476 1431 3585 1486 τῶν
3613 1432 3837 1502 χρημάο

2248 1537 2375 1585 των,
2398 1518 2493 1571 καὶ
2513 1517 2609 1587 τὴν
2628 1517 3151 1590 ταπεινοφροσύνην,
3184 1518 3277 1570 καὶ
3305 1518 3478 1570 πάντα
3500 1518 3664 1580 ποιεῖ,
3688 1514 3834 1568 ὥστε

2251 1603 2325 1673 μὴ
2359 1602 2507 1666 δόξαι
2541 1601 2828 1672 ἀλαζονείᾳ
2851 1602 2957 1654 τινὶ
2991 1602 3083 1654 καὶ
3108 1603 3507 1670 καταφρονήσει
3533 1599 3697 1653 τοῦτο
3728 1616 3832 1652 m-

2249 1685 2554 1755 ποιηκέναι,
2588 1684 2683 1738 καὶ
2703 1684 2791 1739 διὰ
2812 1684 2969 1737 τοῦτο
2994 1686 3136 1756 μέγα
3167 1686 3383 1757 φρονεῖν
3406 1683 3498 1737 ἐπὶ
3519 1686 3587 1754 τῇ
3608 1683 3737 1755 νίκῃ
3762 1685 3831 1754 τῇ

2246 1768 2594 1842 γεγενημένῃ
2617 1784 2632 1834 ς

2320 1850 2384 1916 ζ’.
2411 1850 2614 1905 Τοῦτον
2647 1851 2709 1922 δὴ
2733 1852 2828 1906 καὶ
2845 1853 3006 1922 ἡμεῖς
3038 1850 3354 1922 μιμώμεθα,
3376 1847 3703 1921 παρακαλῶ,
3732 1848 3833 1901 καὶ

2250 1934 2641 2005 σπουδάζωμεν
2662 1935 2938 2006 ἀλήπτους
2966 1936 3192 1997 ἑαυτοὺς
3222 1934 3533 2003 φυλάττειν,
3559 1933 3656 1987 καὶ
3692 1933 3835 2002 μήτε

2249 2019 2520 2090 προφάσει
2564 2018 2666 2087 τῆς
2709 2018 2909 2088 ἀρετῆς
2945 2018 3205 2081 ἀπονοίας
3246 2019 3458 2081 ἑαυτοῖς
3491 2016 3837 2086 περιτιθέναι

2247 2101 2423 2168 δόξαν,
2460 2100 2594 2171 μηδὲ
2646 2100 2917 2170 προφάσει
2954 2099 3456 2171 ταπεινοφροσύνης
3490 2099 3591 2169 τῆς
3630 2098 3839 2169 ἀρετῆς

2247 2201 2387 2238 κατα
2396 2183 2598 2254 μελεῖν·
2627 2181 2766 2236 ἀλλά
2792 2181 3068 2252 πανταχοῦ
3102 2183 3164 2236 τὸ
3186 2183 3383 2255 μέτρον
3407 2181 3718 2247 διασώζειν,
3738 2180 3839 2233 καὶ

2243 2269 2357 2329 τοῖς
2379 2264 2766 2337 κατορθώμασι
2783 2267 2895 2328 τοῖς
2914 2264 3004 2333 ὑφ’
3022 2266 3051 2317 ὑ
3060 2265 3176 2337 μῶν
3205 2275 3224 2296 ·
3246 2266 3553 2335 γινομένοις
3578 2263 3838 2332 καθάπερ

2246 2349 2495 2420 θεμέλιόν
2532 2366 2655 2401 τινα
2695 2347 2789 2401 καὶ
2823 2347 3159 2420 ὑποϐάθραν,
3198 2347 3296 2419 τὴν
3326 2346 3837 2418 ταπεινοφροσύνην

2249 2428 2583 2491 ὑποτιθέναι,
2615 2427 2703 2480 ἵνα
2737 2427 2874 2498 μετά
2904 2426 3202 2495 ἀσφαλείας
3224 2428 3355 2498 ἡμῖν
3383 2426 3736 2495 οίκοδομῆται
3762 2424 3835 2477 τά

2245 2513 2345 2583 τῆς
2375 2512 2595 2583 ἀρετῆς.
2628 2510 2798 2564 Τοῦτο
2834 2508 2945 2582 γὰρ
2967 2511 3156 2582 ἀρετὴ,
3191 2511 3319 2565 ὅταν
3350 2509 3449 2583 ἔχῃ
3475 2508 3684 2578 ταύτην
3711 2524 3836 2558 συν-

2246 2595 2602 2666 εζευγμένην.
2647 2595 2707 2645 ’0
2735 2594 2843 2665 γὰρ
2877 2593 3066 2647 τοῦτον
3109 2595 3245 2666 μετά
3272 2594 3576 2663 ἀσφαλείας
3622 2593 3718 2646 τὸν
3745 2592 3836 2643 θε-

2249 2680 2432 2751 μέλιον
2456 2677 2776 2732 καταϐαλὼν
2806 2678 3093 2748 δυνήσεται
3124 2678 3259 2749 πρὸς
3279 2679 3403 2732 ὅσον
3427 2675 3675 2748 βούλεται
3700 2674 3835 2744 ὕψος

2246 2764 2456 2833 ἐγεῖραι
2488 2760 2587 2829 τὴν
2602 2761 2912 2832 οἰκοδομήν.
2944 2760 3089 2832 Αὕτη
3120 2762 3350 2832 μεγίστη
3375 2761 3668 2828 ἀσφάλεια,
3690 2760 3832 2828 αῦτη

2246 2849 2421 2914 τεῖχος
2459 2844 2720 2915 ἀρραγές.
2767 2843 2904 2913 αὐτη
2947 2842 3153 2914 πύργος
3197 2844 3642 2913 ἀκαταμάχητος,
3691 2840 3834 2910 αῦτη

2247 2927 2428 2979 πᾶσαν
2446 2926 2735 2995 συσφίγγει
2764 2926 2861 2996 τὴν
2889 2925 3200 2996 οἰκοδομὴν,
3222 2926 3321 2979 οὐκ
3340 2927 3561 2994 ἀφιεῖσα
3584 2925 3710 2978 οὐτε
3731 2924 3834 2977 ὑπὸ

2246 3009 2464 3078 ἀνέμων
2494 3009 2875 3081 σφοδρότητος,
2908 3008 3033 3062 οὐτε
3064 3008 3171 3061 ὑπὸ
3196 3009 3296 3079 τῆς
3334 3008 3442 3062 τῶν
3470 3007 3696 3079 ὄμϐρων
3734 3023 3831 3077 φο-

2248 3094 2369 3166 ρᾶς,
2406 3091 2529 3146 οὐτε
2564 3087 2669 3146 ὑπὸ
2691 3093 2793 3163 τῆς
2822 3093 2929 3147 τῶν
2964 3091 3288 3162 πνευμάτων
3315 3091 3435 3163 βίας
3464 3092 3634 3163 αὐτὴν
3663 3108 3833 3145 κατα-

2248 3179 2453 3240 πεσεῖν,
2491 3176 2609 3230 ἀλλ⁹
2638 3177 2917 3247 ἀνωτέραν
2954 3176 3243 3246 καθίστησι
3294 3175 3476 3246 πάσης
3517 3174 3831 3244 ἐπιϐουλῆς,

2248 3261 2343 3315 καὶ
2384 3258 2634 3330 καθάπερ
2671 3259 2732 3324 ἐξ
2768 3258 3075 3330 ἀδάμαντός
3113 3275 3256 3322 τινος
3292 3256 3830 3327 κατεσκευασμένην,

2247 3342 2421 3406 οὑτως
2454 3342 2624 3413 αὐτὴν
2648 3341 2946 3413 ἀχείρωτον
2972 3341 3284 3413 ἐργάζεται,
3313 3341 3405 3395 καὶ
3432 3340 3675 3411 μεγάλας
3700 3341 3835 3409 ημῖν

2246 3425 2482 3497 ἀμοιϐὰς
2511 3424 2662 3495 παρά
2696 3425 2794 3494 τῆς
2816 3425 2910 3478 τοῦ
2942 3423 3322 3495 φιλανθρώπου
3349 3424 3483 3477 Θεοῦ
3503 3423 3714 3493 δωρεάς
3736 3424 3834 3491 ἐφ-

2248 3509 2482 3563 έλκεται·
2505 3508 2570 3561 δι’
2591 3505 2656 3580 ἧς,
2692 3509 3036 3579 πατριάρχης
3060 3508 3329 3562 τοσούτων
3355 3507 3463 3560 τῶν
3489 3507 3833 3575 ἐπαγγελιῶν

2247 3592 2342 3646 τοῦ
2370 3591 2505 3646 Θεοῦ
2533 3592 2592 3645 τὸ
2618 3591 2847 3662 μέγεθος
2879 3591 3115 3658 ἐδέξατο.
3146 3591 3374 3646 Εῖσεσθε
3398 3590 3527 3661 7&9,
3559 3589 3655 3643 τοῦ
3695 3590 3833 3643 Θεοῦ

2248 3675 2633 3747 ἐπιτρέποντος
2659 3714 2674 3736 ,
2725 3674 2817 3728 καὶ
2873 3676 2936 3727 ἐκ
2983 3675 3083 3743 τῆς
3138 3673 3457 3737 ἀκολουθίας
3525 3673 3634 3726 τῶν
3705 3671 3835 3740 ἑξῆς

2252 3759 2555 3831 μελλόντων
2610 3756 2964 3828 ῥηθήσεσθαι,
3009 3758 3125 3821 πῶς
3172 3758 3266 3812 καὶ
3302 3756 3397 3811 νῦν
3432 3755 3700 3826 ὑπεριδὼν
3722 3754 3835 3807 τῶν

2250 3842 2402 3913 παρά
2427 3841 2519 3895 τοῦ
2556 3841 2817 3912 βασιλέως
2855 3841 3104 3911 Σοδόμων
3144 3839 3294 3911 αὐτῷ
3325 3840 3614 3911 διδομένων
3644 3839 3697 3905 1),
3738 3856 3835 3908 μευ

2250 3928 2431 3997 γάλων
2474 3926 2566 3979 καὶ
2611 3927 2834 3994 ἀφάτων
2878 3924 3083 3995 ἠξιώθη
3127 3927 3238 3979 τῶν
3291 3925 3385 3979 τοῦ
3421 3922 3555 3978 Θεοῦ
3590 3923 3830 3994 δωρεῶν.

2249 4013 2349 4064 Διά
2402 4009 2604 4080 ταύτης
2655 4009 2756 4061 οὐκ
2790 4008 2954 4071 αὐτὸς
3003 4007 3182 4077 μόνος,
3214 4007 3349 4062 ἀλλά
3381 4008 3474 4060 καὶ
3510 4006 3617 4058 τῶν
3654 4006 3835 4060 ἄλλων

2248 4094 2471 4148 δικαίων
2523 4093 2753 4153 ἕκαστος
2804 4090 3152 4160 εὐδοκίμησε.
3203 4091 3314 4145 Καὶ
3362 4089 3540 4149 τοῦτο,
3593 4090 3707 4142 ὅσοι
3747 4107 3839 4158 φι-

2250 4180 2463 4232 λόπονοι
2513 4179 2641 4248 περὶ
2678 4176 2776 4247 τὴν
2807 4174 3111 4242 ἀνάγνωσιν
3146 4174 3255 4226 τῶν
3288 4172 3447 4226 θείων
3493 4172 3641 4246 [360]
3688 4173 3836 4243 Γρα-

2253 4262 2368 4330 φῶν
2417 4263 2561 4321 ἐστε,
2606 4256 2901 4329 δυνήσεσθε
2950 4256 3288 4327 καταμαθεῖν
3351 4255 3626 4325 πανταχοῦ
3683 4255 3836 4324 γινό-

2255 4362 2434 4414 μενον.
2481 4346 2538 4396 'U
2558 4343 2665 4414 7&9
2695 4340 3076 4413 φιλάνθρωπος
3103 4339 3260 4411 ἡμῶν
3282 4338 3575 4409 Δεσπότης,
3598 4339 3729 4391 ὅταν
3749 4337 3837 4410 ιδῃ

2252 4426 2635 4498 ὑπερορῶντας
2662 4427 2810 4496 ἡμᾶς
2829 4424 2937 4478 τῶν
2954 4423 3255 4495 παρόντων,
3282 4422 3419 4494 μετά
3440 4419 3721 4489 δαψιλείας
3739 4421 3838 4474 καὶ

2250 4509 2421 4562 ταῦτα
2454 4507 2704 4578 παρέχει,
2722 4509 2816 4561 καὶ
2848 4506 2956 4560 τῶν
2989 4506 3291 4578 μελλόντων
3320 4507 3450 4576 ἡμῖν
3482 4502 3702 4572 ἀγαθῶν
3734 4503 3839 4574 τὴν

2251 4592 2552 4646 ἀπόλαυσιν
2575 4589 2917 4660 ταμιεύεται.
2965 4590 3076 4643 Καὶ
3095 4589 3255 4643 τοῦτο
3280 4589 3373 4642 καῖ⁵
3390 4589 3481 4642 ἐπὶ
3508 4589 3835 4660 χρημάτων,

2253 4677 2347 4728 καὶ
2375 4675 2467 4727 ἐπὶ
2504 4674 2603 4743 τῆς
2622 4673 2778 4742 δόξης
2798 4671 2894 4726 τοῦ
2935 4672 3203 4744 παρόντος
3228 4671 3365 4743 βίου,
3393 4673 3487 4724 καὶ
3504 4672 3593 4724 ἐπὶ
3615 4672 3839 4726 πάντων

2250 4757 2359 4810 τῶν
2390 4756 2670 4825 ἐπικήρων
2694 4755 3034 4828 πραγμάτων
3061 4756 3207 4808 ἐστὶν
3241 4756 3370 4808 ἰδεῖν
3392 4754 3696 4824 γινόμενον.
3720 4756 3840 4807 Κα-

2251 4838 2608 4909 ταφρονῶμεν
2652 4838 2831 4890 τοίνυν
2866 4838 2959 4891 τοῦ
3013 4838 3278 4908 παρόντος
3333 4837 3585 4899 πλούτου,
3627 4838 3717 4890 ἵνα
3746 4837 3840 4890 τὶν

2252 4923 2426 4993 ἀληθῆ
2482 4921 2706 4976 πλοῦτον
2760 4920 2941 4992 εὑρεῖν
2989 4920 3328 4990 δυνηθῶμενυ
3360 4921 3705 4991 ὑπερίδωμεν
3734 4920 3841 4989 τῆς

2253 5005 2416 5075 κενῆς
2441 5003 2642 5073 ταύτης
2662 5004 2840 5073 δόξης,
2871 5003 2958 5056 ἵνα
2982 5003 3081 5073 τῆς
3109 5002 3342 5074 ἀληθοῦς
3380 5003 3595 5072 ἐκείνης
3618 5003 3715 5055 καὶ
3749 5002 3842 5072 βε-

2254 5086 2414 5150 ϐαίας
2457 5085 2877 5157 ἀπολαύσωμεν
2918 5084 3383 5156 καταγελάσωμεν
3429 5085 3530 5156 τῆς
3554 5085 3845 5155 παρούσης

2253 5169 2574 5242 εὐημερίας,
2598 5169 2686 5222 ἵνα
2722 5170 2830 5222 τῶν
2857 5169 3185 5239 ἀπορρήτων
3213 5168 3437 5221 ἐκείνων
3466 5167 3685 5236 ἀγαθῶν
3716 5169 3846 5220 ἐπι-

2251 5253 2526 5324 τύχωμεν·
2563 5252 2728 5324 μηδὲν
2756 5250 3019 5322 ἡγώμεθα
3045 5249 3115 5303 τά
3168 5251 3432 5322 παρόντα,
3469 5252 3555 5304 ἵνα
3582 5249 3719 5320 πρὸς
3748 5252 3846 5303 τὸν

2254 5336 2360 5391 τῶν
2392 5335 2690 5406 μελλόντων
2739 5335 2900 5389 πόθον
2938 5333 3286 5404 διεγερθῆναι
3326 5333 3662 5405 δυνηθῶμεν.
3698 5334 3845 5387 Οὐδὲ

2253 5420 2363 5492 γὰρ
2386 5414 2499 5473 οἷόν
2518 5436 2580 5472 τε
2613 5420 2704 5472 τὸν
2735 5420 2848 5481 τοῖς
2896 5416 3133 5488 παροῦσι
3161 5416 3584 5488 προσηλωμένον
3613 5417 3846 5470 ἐκείνων

2253 5504 2363 5558 τῶν
2418 5504 2749 5574 ἀπορρήτων
2802 5500 3022 5570 ἀγαθῶν
3071 5499 3163 5552 τὸν
3216 5500 3380 5553 πόθον
3439 5498 3847 5574 καταδέξασθαι
3901 5513 3909 5519 ·

2255 5604 2405 5652 ποτε,
2424 5586 2676 5657 καθάπερ
2697 5584 2877 5656 λήμης
2897 5582 3043 5646 τινὸς
3065 5586 3180 5648 τοῖς
3197 5582 3497 5654 ὀφθαλμοῖς
3524 5582 3620 5637 τοῦ
3651 5581 3849 5653 σώμα-

2317 5710 2344 5740 ⁸
2367 5708 2489 5780 Reg.
2517 5714 2568 5758 et
2591 5707 2741 5757 Savil.
2762 5707 2839 5813 (δέ
2861 5708 3010 5770 ὑμῶν,
3035 5706 3254 5766 Quatuor
3271 5719 3389 5756 mss.
3412 5706 3490 5770 ὑφ’
3510 5706 3664 5768 ἡμῶν,
3687 5712 3849 5768 atque

2317 5787 2321 5813 ι
2350 5771 2475 5813 lemt
2500 5779 2683 5813 mtem.
2751 5769 2779 5808 ι)
2800 5801 2815 5813 .
2837 5771 2883 5813 ic
2912 5768 3023 5813 εον-
3049 5775 3102 5813 ει
3120 5767 3239 5813 Mor.
3272 5768 3373 5813 Sex
3407 5780 3521 5813 mss.
3554 5767 3844 5813 δεδομένων-

2256 5773 2321 5821 ιιι
2350 5767 2475 5830 Ιεεῆ
2500 5779 2683 5830 mterp.
2751 5769 2779 5808 ι)
2800 5767 3023 5819 Sic'Sav.
3049 5775 3102 5817 el
3120 5767 3239 5817 Mor.
3272 5768 3373 5830 Sex
3407 5767 3521 5816 m'ss.
3549 5767 3845 5830 δεδομένων.

2254 5828 2552 5893 lnfra_Sa}'il.
2583 5828 2859 5893 et'seplem
2901 5844 3015 5879 mss.
3050 5831 3158 5893 ὅσοι
3187 5829 3451 5893 φιλότεχνοι
3480 5829 3587 5892 περὶ
3612 5830 3700 5893 τὴν
3725 5828 3853 5876 ἂναὶ.

2253 5889 2442 5961 γνωσὶν.
2471 5891 2641 5961 ιεριίο
2662 5889 2773 5953 ιιυιε
2802 5894 2850 5942 in
2873 5898 3112 5941 contextu
3135 5889 3554 5954 legunt-{homin
3572 5890 3843 5952 φιλόπονοι,

2252 5952 2405 6016 magis
2427 5952 2626 6003 arridet.
