  <div class='ocr_page' id='page_1' title='image "/cluster/home/n/w/nwhite01/storage/ocr_20150623/53/hvd.32044054086673/328.png"; bbox 0 0 4084 6214; ppageno 0'>
   <div class='ocr_carea' id='block_1_1' title="bbox 325 365 429 420">
    <p class='ocr_par' dir='ltr' id='par_1_1' title="bbox 325 365 429 420">
     <span class='ocr_line' id='line_1_1' title="bbox 325 365 429 420; baseline 0.038 -4"><span class='ocrx_word' id='word_1_1' title='bbox 325 365 429 420; x_wconf 73' lang='lat'><strong>529</strong></span> 
     </span>
    </p>
   </div>
   <div class='ocr_carea' id='block_1_2' title="bbox 326 475 1896 550">
    <p class='ocr_par' dir='ltr' id='par_1_2' title="bbox 326 475 1896 550">
     <span class='ocr_line' id='line_1_2' title="bbox 326 475 1896 550; baseline -0.001 -20"><span class='ocrx_word' id='word_1_2' title='bbox 326 480 474 540; x_wconf 76' lang='lat' dir='ltr'><strong>rit-os,</strong></span> <span class='ocrx_word' id='word_1_3' title='bbox 508 479 777 550; x_wconf 73' lang='lat' dir='ltr'><strong>equitatum</strong></span> <span class='ocrx_word' id='word_1_4' title='bbox 807 489 969 533; x_wconf 77' lang='lat' dir='ltr'><strong>autem</strong></span> <span class='ocrx_word' id='word_1_5' title='bbox 1000 478 1116 532; x_wconf 83' lang='lat' dir='ltr'><strong>tolle</strong></span> <span class='ocrx_word' id='word_1_6' title='bbox 1145 477 1249 531; x_wconf 84' lang='lat' dir='ltr'><strong>tibi.</strong></span> <span class='ocrx_word' id='word_1_7' title='bbox 1293 477 1520 531; x_wconf 87' lang='lat' dir='ltr'><strong>Honesta</strong></span> <span class='ocrx_word' id='word_1_8' title='bbox 1549 477 1686 544; x_wconf 83' lang='lat' dir='ltr'><strong>regis</strong></span> <span class='ocrx_word' id='word_1_9' title='bbox 1712 475 1896 544; x_wconf 87' lang='lat' dir='ltr'><strong>gratia,</strong></span> 
     </span>
    </p>
   </div>
   <div class='ocr_carea' id='block_1_3' title="bbox 327 567 1906 638">
    <p class='ocr_par' dir='ltr' id='par_1_3' title="bbox 327 567 1906 638">
     <span class='ocr_line' id='line_1_3' title="bbox 327 567 1906 638; baseline -0.004 -16"><span class='ocrx_word' id='word_1_10' title='bbox 327 568 418 622; x_wconf 82' lang='lat' dir='ltr'><strong>sed</strong></span> <span class='ocrx_word' id='word_1_11' title='bbox 462 569 582 622; x_wconf 83' lang='lat' dir='ltr'><strong>vide</strong></span> <span class='ocrx_word' id='word_1_12' title='bbox 617 570 744 637; x_wconf 86' lang='lat' dir='ltr'><strong>justi</strong></span> <span class='ocrx_word' id='word_1_13' title='bbox 791 568 1198 638; x_wconf 79' lang='lat' dir='ltr'><strong>philosOphiam.</strong></span> <span class='ocrx_word' id='word_1_14' title='bbox 1229 567 1318 620; x_wconf 75' lang='lat'><strong>‘22.</strong></span> <span class='ocrx_word' id='word_1_15' title='bbox 1357 568 1496 621; x_wconf 73' lang='lat' dir='ltr'><strong>Dia-it</strong></span> <span class='ocrx_word' id='word_1_16' title='bbox 1534 575 1696 619; x_wconf 80' lang='lat' dir='ltr'><strong>autent</strong></span> <span class='ocrx_word' id='word_1_17' title='bbox 1725 567 1906 619; x_wconf 75' lang='lat' dir='ltr'><strong>Abram</strong></span> 
     </span>
    </p>
   </div>
   <div class='ocr_carea' id='block_1_4' title="bbox 325 656 1905 728">
    <p class='ocr_par' dir='ltr' id='par_1_4' title="bbox 325 656 1905 728">
     <span class='ocr_line' id='line_1_4' title="bbox 325 656 1905 728; baseline -0.003 -18"><span class='ocrx_word' id='word_1_18' title='bbox 325 658 427 728; x_wconf 86' lang='lat' dir='ltr'><strong>regi</strong></span> <span class='ocrx_word' id='word_1_19' title='bbox 468 657 804 712; x_wconf 85' lang='lat' dir='ltr'><strong>Sodomorum</strong></span> <span class='ocrx_word' id='word_1_20' title='bbox 835 674 853 712; x_wconf 92' lang='lat'><em>:</em></span> <span class='ocrx_word' id='word_1_21' title='bbox 885 658 1169 712; x_wconf 76' lang='lat' dir='ltr'><strong>Extendunt</strong></span> <span class='ocrx_word' id='word_1_22' title='bbox 1208 674 1410 711; x_wconf 84' lang='lat' dir='ltr'><strong>manum</strong></span> <span class='ocrx_word' id='word_1_23' title='bbox 1452 675 1610 711; x_wconf 87' lang='lat' dir='ltr'><strong>meam</strong></span> <span class='ocrx_word' id='word_1_24' title='bbox 1639 656 1706 708; x_wconf 87' lang='lat' dir='ltr'><strong>ad</strong></span> <span class='ocrx_word' id='word_1_25' title='bbox 1745 656 1905 708; x_wconf 83' lang='lat' dir='ltr'><strong>Deum</strong></span> 
     </span>
    </p>
   </div>
   <div class='ocr_carea' id='block_1_5' title="bbox 323 748 1905 818">
    <p class='ocr_par' dir='ltr' id='par_1_5' title="bbox 323 748 1905 818">
     <span class='ocr_line' id='line_1_5' title="bbox 323 748 1905 818; baseline 0 -18"><span class='ocrx_word' id='word_1_26' title='bbox 323 749 640 811; x_wconf 80' lang='lat' dir='ltr'><strong>altissimum,</strong></span> <span class='ocrx_word' id='word_1_27' title='bbox 669 750 756 818; x_wconf 88' lang='lat' dir='ltr'><strong>qui</strong></span> <span class='ocrx_word' id='word_1_28' title='bbox 782 751 898 818; x_wconf 83' lang='lat' dir='ltr'><strong>fecit</strong></span> <span class='ocrx_word' id='word_1_29' title='bbox 925 751 1104 803; x_wconf 75' lang='lat' dir='ltr'><strong>uelum</strong></span> <span class='ocrx_word' id='word_1_30' title='bbox 1132 758 1179 803; x_wconf 88' lang='lat' dir='ltr'><strong>et</strong></span> <span class='ocrx_word' id='word_1_31' title='bbox 1205 759 1410 813; x_wconf 88' lang='lat' dir='ltr'><strong>terram,</strong></span> <span class='ocrx_word' id='word_1_32' title='bbox 1437 748 1526 802; x_wconf 75' lang='grc'><strong>25.</strong></span> <span class='ocrx_word' id='word_1_33' title='bbox 1558 749 1599 801; x_wconf 77' lang='lat' dir='ltr'><strong>si</strong></span> <span class='ocrx_word' id='word_1_34' title='bbox 1623 764 1654 800; x_wconf 84' lang='grc' dir='ltr'><em>α</em></span> <span class='ocrx_word' id='word_1_35' title='bbox 1680 748 1905 817; x_wconf 80' lang='lat' dir='ltr'><strong>funiculo</strong></span> 
     </span>
    </p>
   </div>
   <div class='ocr_carea' id='block_1_6' title="bbox 325 838 1904 909">
    <p class='ocr_par' dir='ltr' id='par_1_6' title="bbox 325 838 1904 909">
     <span class='ocr_line' id='line_1_6' title="bbox 325 838 1904 909; baseline -0.001 -17"><span class='ocrx_word' id='word_1_36' title='bbox 325 857 480 908; x_wconf 81' lang='lat' dir='ltr'><strong>usque</strong></span> <span class='ocrx_word' id='word_1_37' title='bbox 504 841 572 892; x_wconf 87' lang='lat' dir='ltr'><strong>ad</strong></span> <span class='ocrx_word' id='word_1_38' title='bbox 599 841 956 909; x_wconf 69' lang='lat' dir='ltr'><strong>sphwroterem</strong></span> <span class='ocrx_word' id='word_1_39' title='bbox 981 839 1302 894; x_wconf 85' lang='lat' dir='ltr'><strong>calceamenti</strong></span> <span class='ocrx_word' id='word_1_40' title='bbox 1321 839 1566 908; x_wconf 86' lang='lat' dir='ltr'><strong>accipiam</strong></span> <span class='ocrx_word' id='word_1_41' title='bbox 1592 840 1654 890; x_wconf 83' lang='lat' dir='ltr'><strong>de</strong></span> <span class='ocrx_word' id='word_1_42' title='bbox 1677 838 1904 891; x_wconf 84' lang='lat' dir='ltr'><strong>omnibus</strong></span> 
     </span>
    </p>
   </div>
   <div class='ocr_carea' id='block_1_7' title="bbox 326 927 1902 1001">
    <p class='ocr_par' dir='ltr' id='par_1_7' title="bbox 326 927 1902 1001">
     <span class='ocr_line' id='line_1_7' title="bbox 326 927 1902 1001; baseline 0.001 -21"><span class='ocrx_word' id='word_1_43' title='bbox 326 931 425 983; x_wconf 77' lang='lat' dir='ltr'><strong>tuis</strong></span> <span class='ocrx_word' id='word_1_44' title='bbox 451 945 468 982; x_wconf 92' lang='lat'><strong><em>:</em></strong></span> <span class='ocrx_word' id='word_1_45' title='bbox 494 941 547 982; x_wconf 88' lang='lat' dir='ltr'><strong>ut</strong></span> <span class='ocrx_word' id='word_1_46' title='bbox 575 947 634 984; x_wconf 86' lang='lat' dir='ltr'><strong>ne</strong></span> <span class='ocrx_word' id='word_1_47' title='bbox 653 932 811 996; x_wconf 79' lang='lat' dir='ltr'><strong>dicas,</strong></span> <span class='ocrx_word' id='word_1_48' title='bbox 835 929 948 1001; x_wconf 83' lang='lat' dir='ltr'><strong>Ego</strong></span> <span class='ocrx_word' id='word_1_49' title='bbox 969 930 1124 982; x_wconf 75' lang='lat' dir='ltr'><strong>ditari</strong></span> <span class='ocrx_word' id='word_1_50' title='bbox 1150 929 1356 982; x_wconf 81' lang='lat' dir='ltr'><strong>Abram.</strong></span> <span class='ocrx_word' id='word_1_51' title='bbox 1382 928 1564 998; x_wconf 86' lang='lat' dir='ltr'><strong>Magna</strong></span> <span class='ocrx_word' id='word_1_52' title='bbox 1591 927 1902 997; x_wconf 71' lang='lat' dir='ltr'><strong>patriarcha:</strong></span> 
     </span>
    </p>
   </div>
   <div class='ocr_carea' id='block_1_8' title="bbox 327 1018 1900 1089">
    <p class='ocr_par' dir='ltr' id='par_1_8' title="bbox 327 1018 1900 1089">
     <span class='ocr_line' id='line_1_8' title="bbox 327 1018 1900 1089; baseline 0.001 -18"><span class='ocrx_word' id='word_1_53' title='bbox 327 1018 378 1072; x_wconf 89' lang='lat' dir='ltr'><strong>in</strong></span> <span class='ocrx_word' id='word_1_54' title='bbox 409 1021 810 1075; x_wconf 83' lang='lat' dir='ltr'><strong>(ontctnncndis</strong></span> <span class='ocrx_word' id='word_1_55' title='bbox 833 1020 1028 1075; x_wconf 73' lang='lat' dir='ltr'><strong>divitiis</strong></span> <span class='ocrx_word' id='word_1_56' title='bbox 1065 1020 1252 1074; x_wconf 89' lang='lat' dir='ltr'><strong>virtus.</strong></span> <span class='ocrx_word' id='word_1_57' title='bbox 1296 1019 1361 1073; x_wconf 85' lang='lat' dir='ltr'><strong>Et</strong></span> <span class='ocrx_word' id='word_1_58' title='bbox 1397 1019 1545 1088; x_wconf 88' lang='lat' dir='ltr'><strong>cujus</strong></span> <span class='ocrx_word' id='word_1_59' title='bbox 1574 1019 1739 1089; x_wconf 86' lang='lat' dir='ltr'><strong>gratia</strong></span> <span class='ocrx_word' id='word_1_60' title='bbox 1779 1033 1900 1072; x_wconf 93' lang='lat' dir='ltr'><strong>cum</strong></span> 
     </span>
    </p>
   </div>
   <div class='ocr_carea' id='block_1_9' title="bbox 323 1103 1902 1172">
    <p class='ocr_par' dir='ltr' id='par_1_9' title="bbox 323 1103 1902 1172">
     <span class='ocr_line' id='line_1_9' title="bbox 323 1103 1902 1172; baseline -0.003 -8"><span class='ocrx_word' id='word_1_61' title='bbox 323 1103 628 1172; x_wconf 68' lang='lat' dir='ltr'><strong>iuramento</strong></span> <span class='ocrx_word' id='word_1_62' title='bbox 657 1121 860 1166; x_wconf 88' lang='lat' dir='ltr'><strong>recusat</strong></span> <span class='ocrx_word' id='word_1_63' title='bbox 903 1119 957 1165; x_wconf 85' lang='lat' dir='ltr'><strong>et</strong></span> <span class='ocrx_word' id='word_1_64' title='bbox 991 1110 1122 1164; x_wconf 92' lang='lat' dir='ltr'><strong>dicit</strong></span> <span class='ocrx_word' id='word_1_65' title='bbox 1152 1128 1164 1164; x_wconf 89' lang='lat'>:</span> <span class='ocrx_word' id='word_1_66' title='bbox 1191 1109 1479 1163; x_wconf 74' lang='lat' dir='ltr'><strong>Extendam</strong></span> <span class='ocrx_word' id='word_1_67' title='bbox 1507 1125 1710 1161; x_wconf 88' lang='lat' dir='ltr'><strong>manum</strong></span> <span class='ocrx_word' id='word_1_68' title='bbox 1740 1125 1902 1161; x_wconf 85' lang='lat' dir='ltr'><strong><em>meam</em></strong></span> 
     </span>
    </p>
   </div>
   <div class='ocr_carea' id='block_1_10' title="bbox 329 1199 1798 1269">
    <p class='ocr_par' dir='ltr' id='par_1_10' title="bbox 329 1199 1798 1269">
     <span class='ocr_line' id='line_1_10' title="bbox 329 1199 1798 1269; baseline -0.001 -15"><span class='ocrx_word' id='word_1_69' title='bbox 329 1202 395 1254; x_wconf 83' lang='lat' dir='ltr'><strong>ad</strong></span> <span class='ocrx_word' id='word_1_70' title='bbox 427 1199 584 1255; x_wconf 84' lang='lat' dir='ltr'><strong>Deum</strong></span> <span class='ocrx_word' id='word_1_71' title='bbox 607 1205 945 1265; x_wconf 81' lang='lat' dir='ltr'><strong>altissimum,</strong></span> <span class='ocrx_word' id='word_1_72' title='bbox 972 1202 1056 1269; x_wconf 86' lang='lat' dir='ltr'><strong>qui</strong></span> <span class='ocrx_word' id='word_1_73' title='bbox 1084 1201 1270 1254; x_wconf 85' lang='lat' dir='ltr'><strong>creavit</strong></span> <span class='ocrx_word' id='word_1_74' title='bbox 1295 1201 1472 1254; x_wconf 69' lang='lat' dir='ltr'><strong>caelum</strong></span> <span class='ocrx_word' id='word_1_75' title='bbox 1496 1209 1540 1254; x_wconf 91' lang='lat' dir='ltr'><strong>et</strong></span> <span class='ocrx_word' id='word_1_76' title='bbox 1567 1199 1798 1252; x_wconf 85' lang='lat' dir='ltr'><strong>terram?</strong></span> 
     </span>
    </p>
   </div>
   <div class='ocr_carea' id='block_1_11' title="bbox 397 1291 1901 1358">
    <p class='ocr_par' dir='ltr' id='par_1_11' title="bbox 397 1291 1901 1358">
     <span class='ocr_line' id='line_1_11' title="bbox 397 1291 1901 1358; baseline -0.003 -10"><span class='ocrx_word' id='word_1_77' title='bbox 397 1293 449 1348; x_wconf 83' lang='lat'><strong>6.</strong></span> <span class='ocrx_word' id='word_1_78' title='bbox 483 1293 593 1346; x_wconf 92' lang='lat' dir='ltr'><strong>Duo</strong></span> <span class='ocrx_word' id='word_1_79' title='bbox 638 1293 792 1346; x_wconf 88' lang='lat' dir='ltr'><strong>simul</strong></span> <span class='ocrx_word' id='word_1_80' title='bbox 834 1292 1026 1347; x_wconf 90' lang='lat' dir='ltr'><strong>docere</strong></span> <span class='ocrx_word' id='word_1_81' title='bbox 1066 1292 1174 1345; x_wconf 84' lang='lat' dir='ltr'><strong>vult</strong></span> <span class='ocrx_word' id='word_1_82' title='bbox 1214 1291 1565 1345; x_wconf 87' lang='lat' dir='ltr'><strong>Sodomorum</strong></span> <span class='ocrx_word' id='word_1_83' title='bbox 1610 1304 1810 1358; x_wconf 82' lang='lat' dir='ltr'><strong>regem,</strong></span> <span class='ocrx_word' id='word_1_84' title='bbox 1841 1303 1901 1343; x_wconf 90' lang='lat' dir='ltr'><strong>se</strong></span> 
     </span>
    </p>
   </div>
   <div class='ocr_carea' id='block_1_12' title="bbox 330 1381 1898 1452">
    <p class='ocr_par' dir='ltr' id='par_1_12' title="bbox 330 1381 1898 1452">
     <span class='ocr_line' id='line_1_12' title="bbox 330 1381 1898 1452; baseline -0.003 -17"><span class='ocrx_word' id='word_1_85' title='bbox 330 1383 544 1438; x_wconf 88' lang='lat' dir='ltr'><strong>minime</strong></span> <span class='ocrx_word' id='word_1_86' title='bbox 582 1383 697 1452; x_wconf 88' lang='lat' dir='ltr'><strong>capi</strong></span> <span class='ocrx_word' id='word_1_87' title='bbox 725 1382 878 1436; x_wconf 88' lang='lat' dir='ltr'><strong>donis</strong></span> <span class='ocrx_word' id='word_1_88' title='bbox 905 1396 1022 1451; x_wconf 74' lang='lat' dir='ltr'><strong>qua:</strong></span> <span class='ocrx_word' id='word_1_89' title='bbox 1048 1381 1115 1435; x_wconf 91' lang='lat' dir='ltr'><strong>ab</strong></span> <span class='ocrx_word' id='word_1_90' title='bbox 1144 1382 1257 1450; x_wconf 88' lang='lat' dir='ltr'><strong>ipso</strong></span> <span class='ocrx_word' id='word_1_91' title='bbox 1279 1381 1636 1435; x_wconf 82' lang='lat' dir='ltr'><strong>oll&#39;erebantur</strong></span> <span class='ocrx_word' id='word_1_92' title='bbox 1659 1420 1674 1445; x_wconf 94' lang='lat'><strong>,</strong></span> <span class='ocrx_word' id='word_1_93' title='bbox 1701 1389 1753 1433; x_wconf 91' lang='lat' dir='ltr'><strong>et</strong></span> <span class='ocrx_word' id='word_1_94' title='bbox 1782 1393 1898 1431; x_wconf 87' lang='lat' dir='ltr'><strong>ma-</strong></span> 
     </span>
    </p>
   </div>
   <div class='ocr_carea' id='block_1_13' title="bbox 329 1471 1900 1545">
    <p class='ocr_par' dir='ltr' id='par_1_13' title="bbox 329 1471 1900 1545">
     <span class='ocr_line' id='line_1_13' title="bbox 329 1471 1900 1545; baseline -0.003 -16"><span class='ocrx_word' id='word_1_95' title='bbox 329 1489 483 1543; x_wconf 86' lang='lat' dir='ltr'><strong>gnam</strong></span> <span class='ocrx_word' id='word_1_96' title='bbox 519 1474 865 1545; x_wconf 73' lang='lat' dir='ltr'><strong>philosophia:</strong></span> <span class='ocrx_word' id='word_1_97' title='bbox 902 1474 1126 1528; x_wconf 88' lang='lat' dir='ltr'><strong>formam</strong></span> <span class='ocrx_word' id='word_1_98' title='bbox 1170 1473 1402 1527; x_wconf 89' lang='lat' dir='ltr'><strong>indicare</strong></span> <span class='ocrx_word' id='word_1_99' title='bbox 1426 1472 1586 1536; x_wconf 86' lang='lat' dir='ltr'><strong>velle,</strong></span> <span class='ocrx_word' id='word_1_100' title='bbox 1608 1486 1670 1524; x_wconf 89' lang='lat' dir='ltr'><strong>ac</strong></span> <span class='ocrx_word' id='word_1_101' title='bbox 1693 1471 1900 1540; x_wconf 86' lang='lat' dir='ltr'><strong>pietatis</strong></span> 
     </span>
    </p>
   </div>
   <div class='ocr_carea' id='block_1_14' title="bbox 329 1563 1898 1629">
    <p class='ocr_par' dir='ltr' id='par_1_14' title="bbox 329 1563 1898 1629">
     <span class='ocr_line' id='line_1_14' title="bbox 329 1563 1898 1629; baseline -0.003 -9"><span class='ocrx_word' id='word_1_102' title='bbox 329 1567 596 1622; x_wconf 89' lang='lat' dir='ltr'><strong>doctorem</strong></span> <span class='ocrx_word' id='word_1_103' title='bbox 616 1569 663 1622; x_wconf 91' lang='lat' dir='ltr'><strong>ci</strong></span> <span class='ocrx_word' id='word_1_104' title='bbox 695 1567 804 1621; x_wconf 87' lang='lat' dir='ltr'><strong>fieri</strong></span> <span class='ocrx_word' id='word_1_105' title='bbox 835 1567 1065 1629; x_wconf 88' lang='lat' dir='ltr'><strong>studere,</strong></span> <span class='ocrx_word' id='word_1_106' title='bbox 1085 1581 1146 1623; x_wconf 80' lang='lat' dir='ltr'><strong>ac</strong></span> <span class='ocrx_word' id='word_1_107' title='bbox 1173 1567 1216 1618; x_wconf 90' lang='lat' dir='ltr'><strong>si</strong></span> <span class='ocrx_word' id='word_1_108' title='bbox 1247 1565 1486 1619; x_wconf 90' lang='lat' dir='ltr'><strong>instituat</strong></span> <span class='ocrx_word' id='word_1_109' title='bbox 1507 1563 1653 1617; x_wconf 90' lang='lat' dir='ltr'><strong>illum</strong></span> <span class='ocrx_word' id='word_1_110' title='bbox 1682 1563 1764 1617; x_wconf 87' lang='lat' dir='ltr'><strong>his</strong></span> <span class='ocrx_word' id='word_1_111' title='bbox 1777 1578 1898 1617; x_wconf 90' lang='lat' dir='ltr'><strong>ver-</strong></span> 
     </span>
    </p>
   </div>
   <div class='ocr_carea' id='block_1_15' title="bbox 329 1654 1900 1723">
    <p class='ocr_par' dir='ltr' id='par_1_15' title="bbox 329 1654 1900 1723">
     <span class='ocr_line' id='line_1_15' title="bbox 329 1654 1900 1723; baseline -0.002 -13"><span class='ocrx_word' id='word_1_112' title='bbox 329 1657 450 1712; x_wconf 86' lang='lat' dir='ltr'><strong>bis:</strong></span> <span class='ocrx_word' id='word_1_113' title='bbox 484 1658 629 1710; x_wconf 91' lang='lat' dir='ltr'><strong>lllum</strong></span> <span class='ocrx_word' id='word_1_114' title='bbox 677 1657 767 1711; x_wconf 85' lang='lat' dir='ltr'><strong>tibi</strong></span> <span class='ocrx_word' id='word_1_115' title='bbox 810 1666 995 1713; x_wconf 81' lang='lat' dir='ltr'><strong>testem</strong></span> <span class='ocrx_word' id='word_1_116' title='bbox 1033 1655 1281 1723; x_wconf 85' lang='lat' dir='ltr'><strong>adhibeo,</strong></span> <span class='ocrx_word' id='word_1_117' title='bbox 1310 1670 1395 1710; x_wconf 91' lang='lat' dir='ltr'><strong>me</strong></span> <span class='ocrx_word' id='word_1_118' title='bbox 1423 1654 1553 1708; x_wconf 90' lang='lat' dir='ltr'><strong>nihil</strong></span> <span class='ocrx_word' id='word_1_119' title='bbox 1581 1663 1786 1707; x_wconf 87' lang='lat' dir='ltr'><strong>tuarum</strong></span> <span class='ocrx_word' id='word_1_120' title='bbox 1815 1669 1900 1708; x_wconf 84' lang='lat' dir='ltr'><strong>re-</strong></span> 
     </span>
    </p>
   </div>
   <div class='ocr_carea' id='block_1_16' title="bbox 325 1745 1895 1818">
    <p class='ocr_par' dir='ltr' id='par_1_16' title="bbox 325 1745 1895 1818">
     <span class='ocr_line' id='line_1_16' title="bbox 325 1745 1895 1818; baseline -0.001 -16"><span class='ocrx_word' id='word_1_121' title='bbox 325 1764 441 1802; x_wconf 87' lang='lat' dir='ltr'><strong>rtnn</strong></span> <span class='ocrx_word' id='word_1_122' title='bbox 464 1760 821 1818; x_wconf 70' lang='lat' dir='ltr'><strong>accepturum,</strong></span> <span class='ocrx_word' id='word_1_123' title='bbox 845 1749 1014 1814; x_wconf 89' lang='lat' dir='ltr'><strong>illum,</strong></span> <span class='ocrx_word' id='word_1_124' title='bbox 1036 1764 1271 1818; x_wconf 85' lang='lat' dir='ltr'><strong>inquam,</strong></span> <span class='ocrx_word' id='word_1_125' title='bbox 1286 1749 1518 1802; x_wconf 89' lang='lat' dir='ltr'><strong>omnium</strong></span> <span class='ocrx_word' id='word_1_126' title='bbox 1534 1745 1895 1810; x_wconf 86' lang='lat' dir='ltr'><strong>Conditorem,</strong></span> 
     </span>
    </p>
   </div>
   <div class='ocr_carea' id='block_1_17' title="bbox 326 1837 1899 1909">
    <p class='ocr_par' dir='ltr' id='par_1_17' title="bbox 326 1837 1899 1909">
     <span class='ocr_line' id='line_1_17' title="bbox 326 1837 1899 1909; baseline 0 -17"><span class='ocrx_word' id='word_1_127' title='bbox 326 1849 383 1892; x_wconf 92' lang='lat' dir='ltr'><strong>ut</strong></span> <span class='ocrx_word' id='word_1_128' title='bbox 433 1853 590 1893; x_wconf 88' lang='lat' dir='ltr'><strong>nosse</strong></span> <span class='ocrx_word' id='word_1_129' title='bbox 627 1840 801 1909; x_wconf 86' lang='lat' dir='ltr'><strong>possis</strong></span> <span class='ocrx_word' id='word_1_130' title='bbox 844 1839 1009 1893; x_wconf 88' lang='lat' dir='ltr'><strong>Deum</strong></span> <span class='ocrx_word' id='word_1_131' title='bbox 1057 1840 1316 1901; x_wconf 83' lang='lat' dir='ltr'><strong>omnium,</strong></span> <span class='ocrx_word' id='word_1_132' title='bbox 1346 1848 1398 1893; x_wconf 92' lang='lat' dir='ltr'><strong>et</strong></span> <span class='ocrx_word' id='word_1_133' title='bbox 1442 1853 1508 1891; x_wconf 90' lang='lat' dir='ltr'><strong>ne</strong></span> <span class='ocrx_word' id='word_1_134' title='bbox 1548 1837 1736 1892; x_wconf 89' lang='lat' dir='ltr'><strong>credas</strong></span> <span class='ocrx_word' id='word_1_135' title='bbox 1781 1852 1899 1892; x_wconf 88' lang='lat' dir='ltr'><strong>esse</strong></span> 
     </span>
    </p>
   </div>
   <div class='ocr_carea' id='block_1_18' title="bbox 323 1928 1898 1998">
    <p class='ocr_par' dir='ltr' id='par_1_18' title="bbox 323 1928 1898 1998">
     <span class='ocr_line' id='line_1_18' title="bbox 323 1928 1898 1998; baseline -0.001 -12"><span class='ocrx_word' id='word_1_136' title='bbox 323 1930 452 1986; x_wconf 88' lang='lat' dir='ltr'><strong>deos</strong></span> <span class='ocrx_word' id='word_1_137' title='bbox 481 1945 539 1983; x_wconf 87' lang='lat' dir='ltr'><strong>ea</strong></span> <span class='ocrx_word' id='word_1_138' title='bbox 567 1947 683 1998; x_wconf 71' lang='lat' dir='ltr'><strong>qum</strong></span> <span class='ocrx_word' id='word_1_139' title='bbox 712 1930 779 1984; x_wconf 90' lang='lat' dir='ltr'><strong>ab</strong></span> <span class='ocrx_word' id='word_1_140' title='bbox 809 1929 1080 1983; x_wconf 90' lang='lat' dir='ltr'><strong>hominum</strong></span> <span class='ocrx_word' id='word_1_141' title='bbox 1124 1931 1367 1984; x_wconf 89' lang='lat' dir='ltr'><strong>manibus</strong></span> <span class='ocrx_word' id='word_1_142' title='bbox 1415 1928 1757 1983; x_wconf 92' lang='lat' dir='ltr'><strong>fabricantur.</strong></span> <span class='ocrx_word' id='word_1_143' title='bbox 1807 1928 1898 1984; x_wconf 91' lang='lat' dir='ltr'><strong>llle</strong></span> 
     </span>
    </p>
   </div>
   <div class='ocr_carea' id='block_1_19' title="bbox 325 2019 1897 2084">
    <p class='ocr_par' dir='ltr' id='par_1_19' title="bbox 325 2019 1897 2084">
     <span class='ocr_line' id='line_1_19' title="bbox 325 2019 1897 2084; baseline 0.001 -12"><span class='ocrx_word' id='word_1_144' title='bbox 325 2020 466 2073; x_wconf 86' lang='lat' dir='ltr'><strong>enim</strong></span> <span class='ocrx_word' id='word_1_145' title='bbox 497 2021 608 2074; x_wconf 80' lang='lat' dir='ltr'><strong>c:eli</strong></span> <span class='ocrx_word' id='word_1_146' title='bbox 631 2031 682 2074; x_wconf 90' lang='lat' dir='ltr'><strong>et</strong></span> <span class='ocrx_word' id='word_1_147' title='bbox 709 2027 864 2075; x_wconf 78' lang='lat' dir='ltr'><strong>terra:</strong></span> <span class='ocrx_word' id='word_1_148' title='bbox 893 2020 1166 2084; x_wconf 83' lang='lat' dir='ltr'><strong>Conditor,</strong></span> <span class='ocrx_word' id='word_1_149' title='bbox 1196 2020 1283 2074; x_wconf 90' lang='lat' dir='ltr'><strong>ille</strong></span> <span class='ocrx_word' id='word_1_150' title='bbox 1302 2030 1356 2074; x_wconf 90' lang='lat' dir='ltr'><strong>et</strong></span> <span class='ocrx_word' id='word_1_151' title='bbox 1382 2019 1532 2074; x_wconf 91' lang='lat' dir='ltr'><strong>nobis</strong></span> <span class='ocrx_word' id='word_1_152' title='bbox 1556 2019 1606 2071; x_wconf 93' lang='lat' dir='ltr'><strong>in</strong></span> <span class='ocrx_word' id='word_1_153' title='bbox 1632 2019 1730 2074; x_wconf 91' lang='lat' dir='ltr'><strong>hoc</strong></span> <span class='ocrx_word' id='word_1_154' title='bbox 1761 2019 1897 2074; x_wconf 83' lang='lat' dir='ltr'><strong>bello</strong></span> 
     </span>
    </p>
   </div>
   <div class='ocr_carea' id='block_1_20' title="bbox 326 2109 1897 2180">
    <p class='ocr_par' dir='ltr' id='par_1_20' title="bbox 326 2109 1897 2180">
     <span class='ocr_line' id='line_1_20' title="bbox 326 2109 1897 2180; baseline 0.003 -20"><span class='ocrx_word' id='word_1_155' title='bbox 326 2111 558 2164; x_wconf 69' lang='lat' dir='ltr'><strong>victoriae</strong></span> <span class='ocrx_word' id='word_1_156' title='bbox 587 2119 639 2164; x_wconf 89' lang='lat' dir='ltr'><strong>et</strong></span> <span class='ocrx_word' id='word_1_157' title='bbox 681 2109 927 2180; x_wconf 90' lang='lat' dir='ltr'><strong>triumphi</strong></span> <span class='ocrx_word' id='word_1_158' title='bbox 970 2121 1174 2164; x_wconf 85' lang='lat' dir='ltr'><strong>auctor.</strong></span> <span class='ocrx_word' id='word_1_159' title='bbox 1220 2110 1294 2165; x_wconf 87' lang='lat' dir='ltr'><strong>Ne</strong></span> <span class='ocrx_word' id='word_1_160' title='bbox 1322 2109 1481 2180; x_wconf 78' lang='lat' dir='ltr'><strong>igitur</strong></span> <span class='ocrx_word' id='word_1_161' title='bbox 1505 2117 1782 2178; x_wconf 81' lang='lat' dir='ltr'><strong>exspectes</strong></span> <span class='ocrx_word' id='word_1_162' title='bbox 1811 2125 1897 2165; x_wconf 89' lang='lat' dir='ltr'><strong>me</strong></span> 
     </span>
    </p>
   </div>
   <div class='ocr_carea' id='block_1_21' title="bbox 326 2200 1896 2272">
    <p class='ocr_par' dir='ltr' id='par_1_21' title="bbox 326 2200 1896 2272">
     <span class='ocr_line' id='line_1_21' title="bbox 326 2200 1896 2272; baseline 0.001 -19"><span class='ocrx_word' id='word_1_163' title='bbox 326 2201 590 2268; x_wconf 84' lang='lat' dir='ltr'><strong>quidpiam</strong></span> <span class='ocrx_word' id='word_1_164' title='bbox 613 2216 674 2254; x_wconf 90' lang='lat' dir='ltr'><strong>ex</strong></span> <span class='ocrx_word' id='word_1_165' title='bbox 697 2200 848 2254; x_wconf 92' lang='lat' dir='ltr'><strong>donis</strong></span> <span class='ocrx_word' id='word_1_166' title='bbox 873 2201 972 2254; x_wconf 91' lang='lat' dir='ltr'><strong>tuis</strong></span> <span class='ocrx_word' id='word_1_167' title='bbox 996 2211 1353 2270; x_wconf 89' lang='lat' dir='ltr'><strong>accepturum.</strong></span> <span class='ocrx_word' id='word_1_168' title='bbox 1380 2201 1561 2272; x_wconf 84' lang='lat' dir='ltr'><strong>Neque</strong></span> <span class='ocrx_word' id='word_1_169' title='bbox 1589 2203 1728 2256; x_wconf 85' lang='lat' dir='ltr'><strong>enim</strong></span> <span class='ocrx_word' id='word_1_170' title='bbox 1756 2217 1896 2255; x_wconf 87' lang='lat' dir='ltr'><strong>mer-</strong></span> 
     </span>
    </p>
   </div>
   <div class='ocr_carea' id='block_1_22' title="bbox 325 2290 1898 2362">
    <p class='ocr_par' dir='ltr' id='par_1_22' title="bbox 325 2290 1898 2362">
     <span class='ocr_line' id='line_1_22' title="bbox 325 2290 1898 2362; baseline 0.001 -17"><span class='ocrx_word' id='word_1_171' title='bbox 325 2290 472 2346; x_wconf 89' lang='lat' dir='ltr'><strong>cedis</strong></span> <span class='ocrx_word' id='word_1_172' title='bbox 507 2293 669 2360; x_wconf 88' lang='lat' dir='ltr'><strong>gratia</strong></span> <span class='ocrx_word' id='word_1_173' title='bbox 700 2291 980 2346; x_wconf 91' lang='lat' dir='ltr'><strong>vindictam</strong></span> <span class='ocrx_word' id='word_1_174' title='bbox 1028 2291 1146 2356; x_wconf 88' lang='lat' dir='ltr'><strong>feci,</strong></span> <span class='ocrx_word' id='word_1_175' title='bbox 1187 2292 1278 2346; x_wconf 90' lang='lat' dir='ltr'><strong>sed</strong></span> <span class='ocrx_word' id='word_1_176' title='bbox 1325 2293 1549 2362; x_wconf 87' lang='lat' dir='ltr'><strong>primum</strong></span> <span class='ocrx_word' id='word_1_177' title='bbox 1592 2291 1662 2347; x_wconf 92' lang='lat' dir='ltr'><strong>ob</strong></span> <span class='ocrx_word' id='word_1_178' title='bbox 1701 2294 1898 2347; x_wconf 90' lang='lat' dir='ltr'><strong>amoris</strong></span> 
     </span>
    </p>
   </div>
   <div class='ocr_carea' id='block_1_23' title="bbox 323 2381 1897 2455">
    <p class='ocr_par' dir='ltr' id='par_1_23' title="bbox 323 2381 1897 2455">
     <span class='ocr_line' id='line_1_23' title="bbox 323 2381 1897 2455; baseline 0.004 -21"><span class='ocrx_word' id='word_1_179' title='bbox 323 2381 589 2450; x_wconf 72' lang='lat' dir='ltr'><strong>allectum,</strong></span> <span class='ocrx_word' id='word_1_180' title='bbox 621 2399 776 2453; x_wconf 86' lang='lat' dir='ltr'><strong>quem</strong></span> <span class='ocrx_word' id='word_1_181' title='bbox 807 2399 930 2453; x_wconf 87' lang='lat' dir='ltr'><strong>erga</strong></span> <span class='ocrx_word' id='word_1_182' title='bbox 967 2383 1140 2438; x_wconf 90' lang='lat' dir='ltr'><strong>fratris</strong></span> <span class='ocrx_word' id='word_1_183' title='bbox 1173 2385 1273 2439; x_wconf 90' lang='lat' dir='ltr'><strong>mei</strong></span> <span class='ocrx_word' id='word_1_184' title='bbox 1301 2385 1467 2439; x_wconf 84' lang='lat' dir='ltr'><strong>ﬁlium</strong></span> <span class='ocrx_word' id='word_1_185' title='bbox 1489 2401 1618 2455; x_wconf 90' lang='lat' dir='ltr'><strong>gero</strong></span> <span class='ocrx_word' id='word_1_186' title='bbox 1658 2401 1674 2439; x_wconf 85' lang='lat'><strong>:</strong></span> <span class='ocrx_word' id='word_1_187' title='bbox 1707 2386 1897 2440; x_wconf 91' lang='lat' dir='ltr'><strong>deinde</strong></span> 
     </span>
    </p>
   </div>
   <div class='ocr_carea' id='block_1_24' title="bbox 323 2473 1894 2542">
    <p class='ocr_par' dir='ltr' id='par_1_24' title="bbox 323 2473 1894 2542">
     <span class='ocr_line' id='line_1_24' title="bbox 323 2473 1894 2542; baseline 0.003 -17"><span class='ocrx_word' id='word_1_188' title='bbox 323 2481 375 2526; x_wconf 90' lang='lat' dir='ltr'><strong>et</strong></span> <span class='ocrx_word' id='word_1_189' title='bbox 413 2483 629 2542; x_wconf 83' lang='lat' dir='ltr'><strong>propter</strong></span> <span class='ocrx_word' id='word_1_190' title='bbox 657 2473 821 2542; x_wconf 84' lang='lat' dir='ltr'><strong>ipsius</strong></span> <span class='ocrx_word' id='word_1_191' title='bbox 855 2475 1072 2542; x_wconf 70' lang='lat' dir='ltr'><strong>jnstitim</strong></span> <span class='ocrx_word' id='word_1_192' title='bbox 1108 2475 1358 2541; x_wconf 82' lang='lat' dir='ltr'><strong>officium,</strong></span> <span class='ocrx_word' id='word_1_193' title='bbox 1387 2483 1445 2529; x_wconf 91' lang='lat' dir='ltr'><strong>ut</strong></span> <span class='ocrx_word' id='word_1_194' title='bbox 1481 2491 1512 2530; x_wconf 91' lang='lat' dir='ltr'><strong>e</strong></span> <span class='ocrx_word' id='word_1_195' title='bbox 1551 2476 1894 2530; x_wconf 88' lang='lat' dir='ltr'><strong>barbarorum</strong></span> 
     </span>
    </p>
   </div>
   <div class='ocr_carea' id='block_1_25' title="bbox 323 2562 1895 2635">
    <p class='ocr_par' dir='ltr' id='par_1_25' title="bbox 323 2562 1895 2635">
     <span class='ocr_line' id='line_1_25' title="bbox 323 2562 1895 2635; baseline 0.003 -20"><span class='ocrx_word' id='word_1_196' title='bbox 323 2562 567 2618; x_wconf 87' lang='lat' dir='ltr'><strong>manibus</strong></span> <span class='ocrx_word' id='word_1_197' title='bbox 595 2565 850 2633; x_wconf 86' lang='lat' dir='ltr'><strong>eriperem</strong></span> <span class='ocrx_word' id='word_1_198' title='bbox 875 2565 1066 2634; x_wconf 88' lang='lat' dir='ltr'><strong>injuste</strong></span> <span class='ocrx_word' id='word_1_199' title='bbox 1093 2564 1368 2620; x_wconf 92' lang='lat' dir='ltr'><strong>abductos.</strong></span> <span class='ocrx_word' id='word_1_200' title='bbox 1397 2566 1456 2620; x_wconf 86' lang='lat' dir='ltr'><strong>Si</strong></span> <span class='ocrx_word' id='word_1_201' title='bbox 1487 2583 1517 2618; x_wconf 82' lang='grc' dir='ltr'><em>α</em></span> <span class='ocrx_word' id='word_1_202' title='bbox 1542 2567 1784 2635; x_wconf 80' lang='lat' dir='ltr'><strong>funiculo,</strong></span> <span class='ocrx_word' id='word_1_203' title='bbox 1813 2567 1895 2620; x_wconf 84' lang='lat' dir='ltr'><strong>in-</strong></span> 
     </span>
    </p>
   </div>
   <div class='ocr_carea' id='block_1_26' title="bbox 321 2653 1892 2725">
    <p class='ocr_par' dir='ltr' id='par_1_26' title="bbox 321 2653 1892 2725">
     <span class='ocr_line' id='line_1_26' title="bbox 321 2653 1892 2725; baseline 0.003 -20"><span class='ocrx_word' id='word_1_204' title='bbox 321 2653 456 2723; x_wconf 87' lang='lat' dir='ltr'><strong>quit,</strong></span> <span class='ocrx_word' id='word_1_205' title='bbox 481 2671 638 2725; x_wconf 76' lang='lat' dir='ltr'><strong>usquc</strong></span> <span class='ocrx_word' id='word_1_206' title='bbox 663 2656 730 2707; x_wconf 83' lang='lat' dir='ltr'><strong>ad</strong></span> <span class='ocrx_word' id='word_1_207' title='bbox 754 2657 1106 2725; x_wconf 77' lang='lat' dir='ltr'><strong>sphwroterem</strong></span> <span class='ocrx_word' id='word_1_208' title='bbox 1126 2657 1280 2710; x_wconf 87' lang='lat' dir='ltr'><strong>calcei</strong></span> <span class='ocrx_word' id='word_1_209' title='bbox 1305 2657 1546 2725; x_wconf 83' lang='lat' dir='ltr'><strong>accipiam</strong></span> <span class='ocrx_word' id='word_1_210' title='bbox 1573 2657 1636 2711; x_wconf 87' lang='lat' dir='ltr'><strong>de</strong></span> <span class='ocrx_word' id='word_1_211' title='bbox 1657 2658 1753 2710; x_wconf 83' lang='lat' dir='ltr'><strong>tuis</strong></span> <span class='ocrx_word' id='word_1_212' title='bbox 1783 2674 1892 2709; x_wconf 54' lang='lat' dir='ltr'><strong>om-</strong></span> 
     </span>
    </p>
   </div>
   <div class='ocr_carea' id='block_1_27' title="bbox 323 2743 1892 2810">
    <p class='ocr_par' dir='ltr' id='par_1_27' title="bbox 323 2743 1892 2810">
     <span class='ocr_line' id='line_1_27' title="bbox 323 2743 1892 2810; baseline 0.003 -14"><span class='ocrx_word' id='word_1_213' title='bbox 323 2743 469 2796; x_wconf 82' lang='lat' dir='ltr'><strong>nibus</strong></span> <span class='ocrx_word' id='word_1_214' title='bbox 493 2743 626 2797; x_wconf 88' lang='lat' dir='ltr'><strong>:hoc</strong></span> <span class='ocrx_word' id='word_1_215' title='bbox 651 2753 750 2809; x_wconf 88' lang='lat' dir='ltr'><strong>est,</strong></span> <span class='ocrx_word' id='word_1_216' title='bbox 776 2745 905 2798; x_wconf 86' lang='lat' dir='ltr'><strong>nihil</strong></span> <span class='ocrx_word' id='word_1_217' title='bbox 938 2754 1042 2799; x_wconf 90' lang='lat' dir='ltr'><strong>tam</strong></span> <span class='ocrx_word' id='word_1_218' title='bbox 1069 2746 1190 2810; x_wconf 83' lang='lat' dir='ltr'><strong>vile,</strong></span> <span class='ocrx_word' id='word_1_219' title='bbox 1219 2761 1316 2802; x_wconf 91' lang='lat' dir='ltr'><strong>nec</strong></span> <span class='ocrx_word' id='word_1_220' title='bbox 1347 2756 1449 2800; x_wconf 88' lang='lat' dir='ltr'><strong>tam</strong></span> <span class='ocrx_word' id='word_1_221' title='bbox 1479 2746 1623 2800; x_wconf 88' lang='lat' dir='ltr'><strong>nihili</strong></span> <span class='ocrx_word' id='word_1_222' title='bbox 1657 2747 1892 2801; x_wconf 86' lang='lat' dir='ltr'><strong>habitum</strong></span> 
     </span>
    </p>
   </div>
   <div class='ocr_carea' id='block_1_28' title="bbox 321 2834 1894 2908">
    <p class='ocr_par' dir='ltr' id='par_1_28' title="bbox 321 2834 1894 2908">
     <span class='ocr_line' id='line_1_28' title="bbox 321 2834 1894 2908; baseline 0.002 -20"><span class='ocrx_word' id='word_1_223' title='bbox 321 2843 405 2888; x_wconf 88' lang='lat' dir='ltr'><strong>est</strong></span> <span class='ocrx_word' id='word_1_224' title='bbox 425 2834 563 2902; x_wconf 92' lang='lat' dir='ltr'><strong>quod</strong></span> <span class='ocrx_word' id='word_1_225' title='bbox 586 2844 897 2903; x_wconf 87' lang='lat' dir='ltr'><strong>accepturus</strong></span> <span class='ocrx_word' id='word_1_226' title='bbox 914 2835 1035 2888; x_wconf 91' lang='lat' dir='ltr'><strong>sim.</strong></span> <span class='ocrx_word' id='word_1_227' title='bbox 1060 2835 1187 2888; x_wconf 87' lang='lat' dir='ltr'><strong>Nam</strong></span> <span class='ocrx_word' id='word_1_228' title='bbox 1210 2835 1585 2905; x_wconf 67' lang='lat' dir='ltr'><strong>sphaeroterem</strong></span> <span class='ocrx_word' id='word_1_229' title='bbox 1617 2837 1690 2908; x_wconf 83' lang='grc' dir='ltr'><strong>(α)</strong></span> <span class='ocrx_word' id='word_1_230' title='bbox 1722 2837 1894 2892; x_wconf 87' lang='lat' dir='ltr'><strong>solent</strong></span> 
     </span>
    </p>
   </div>
   <div class='ocr_carea' id='block_1_29' title="bbox 321 2923 1894 2998">
    <p class='ocr_par' dir='ltr' id='par_1_29' title="bbox 321 2923 1894 2998">
     <span class='ocr_line' id='line_1_29' title="bbox 321 2923 1894 2998; baseline 0.004 -23"><span class='ocrx_word' id='word_1_231' title='bbox 321 2938 513 2978; x_wconf 87' lang='lat' dir='ltr'><strong>vocare</strong></span> <span class='ocrx_word' id='word_1_232' title='bbox 554 2923 755 2992; x_wconf 84' lang='lat' dir='ltr'><strong>apicem</strong></span> <span class='ocrx_word' id='word_1_233' title='bbox 801 2924 995 2991; x_wconf 85' lang='lat' dir='ltr'><strong>calcei,</strong></span> <span class='ocrx_word' id='word_1_234' title='bbox 1038 2926 1222 2996; x_wconf 63' lang='lat' dir='ltr'><strong>quiin</strong></span> <span class='ocrx_word' id='word_1_235' title='bbox 1258 2941 1477 2981; x_wconf 88' lang='lat' dir='ltr'><strong>acumen</strong></span> <span class='ocrx_word' id='word_1_236' title='bbox 1523 2927 1715 2982; x_wconf 90' lang='lat' dir='ltr'><strong>desinit</strong></span> <span class='ocrx_word' id='word_1_237' title='bbox 1744 2947 1755 2982; x_wconf 93' lang='lat'><strong>:</strong></span> <span class='ocrx_word' id='word_1_238' title='bbox 1788 2943 1894 2998; x_wconf 89' lang='lat' dir='ltr'><strong>quo</strong></span> 
     </span>
    </p>
   </div>
   <div class='ocr_carea' id='block_1_30' title="bbox 319 3013 1894 3084">
    <p class='ocr_par' dir='ltr' id='par_1_30' title="bbox 319 3013 1894 3084">
     <span class='ocr_line' id='line_1_30' title="bbox 319 3013 1894 3084; baseline 0.005 -16"><span class='ocrx_word' id='word_1_239' title='bbox 319 3013 616 3068; x_wconf 85' lang='lat' dir='ltr'><strong>calceorum</strong></span> <span class='ocrx_word' id='word_1_240' title='bbox 656 3030 853 3084; x_wconf 83' lang='lat' dir='ltr'><strong>genere</strong></span> <span class='ocrx_word' id='word_1_241' title='bbox 897 3016 1106 3070; x_wconf 86' lang='lat' dir='ltr'><strong>barbari</strong></span> <span class='ocrx_word' id='word_1_242' title='bbox 1146 3028 1466 3072; x_wconf 91' lang='lat' dir='ltr'><strong>consuerunt</strong></span> <span class='ocrx_word' id='word_1_243' title='bbox 1511 3020 1604 3072; x_wconf 92' lang='lat' dir='ltr'><strong>uti.</strong></span> <span class='ocrx_word' id='word_1_244' title='bbox 1666 3020 1797 3074; x_wconf 78' lang='lat' dir='ltr'><strong>Exin</strong></span> <span class='ocrx_word' id='word_1_245' title='bbox 1840 3032 1894 3078; x_wconf 89' lang='lat' dir='ltr'><strong>et</strong></span> 
     </span>
    </p>
   </div>
   <div class='ocr_carea' id='block_1_31' title="bbox 321 3106 1892 3174">
    <p class='ocr_par' dir='ltr' id='par_1_31' title="bbox 321 3106 1892 3174">
     <span class='ocr_line' id='line_1_31' title="bbox 321 3106 1892 3174; baseline 0.006 -18"><span class='ocrx_word' id='word_1_246' title='bbox 321 3117 554 3168; x_wconf 82' lang='lat' dir='ltr'><strong>causam,</strong></span> <span class='ocrx_word' id='word_1_247' title='bbox 577 3119 741 3174; x_wconf 89' lang='lat' dir='ltr'><strong>quare</strong></span> <span class='ocrx_word' id='word_1_248' title='bbox 781 3106 1020 3174; x_wconf 89' lang='lat' dir='ltr'><strong>accipere</strong></span> <span class='ocrx_word' id='word_1_249' title='bbox 1074 3106 1347 3173; x_wconf 87' lang='lat' dir='ltr'><strong>detrectet,</strong></span> <span class='ocrx_word' id='word_1_250' title='bbox 1380 3109 1548 3163; x_wconf 91' lang='lat' dir='ltr'><strong>dicit:</strong></span> <span class='ocrx_word' id='word_1_251' title='bbox 1584 3109 1653 3164; x_wconf 90' lang='lat' dir='ltr'><strong>Ut</strong></span> <span class='ocrx_word' id='word_1_252' title='bbox 1701 3127 1762 3164; x_wconf 86' lang='lat' dir='ltr'><strong>ne</strong></span> <span class='ocrx_word' id='word_1_253' title='bbox 1809 3113 1892 3165; x_wconf 79' lang='lat' dir='ltr'><strong>di-</strong></span> 
     </span>
    </p>
   </div>
   <div class='ocr_carea' id='block_1_32' title="bbox 318 3194 1893 3272">
    <p class='ocr_par' dir='ltr' id='par_1_32' title="bbox 318 3194 1893 3272">
     <span class='ocr_line' id='line_1_32' title="bbox 318 3194 1893 3272; baseline 0.008 -26"><span class='ocrx_word' id='word_1_254' title='bbox 318 3210 402 3248; x_wconf 81' lang='lat' dir='ltr'><strong>cas</strong></span> <span class='ocrx_word' id='word_1_255' title='bbox 429 3211 448 3248; x_wconf 90' lang='lat'><strong><em>:</em></strong></span> <span class='ocrx_word' id='word_1_256' title='bbox 471 3194 578 3265; x_wconf 85' lang='lat' dir='ltr'><strong>Ego</strong></span> <span class='ocrx_word' id='word_1_257' title='bbox 602 3197 896 3266; x_wconf 74' lang='lat' dir='ltr'><strong>locupletari</strong></span> <span class='ocrx_word' id='word_1_258' title='bbox 922 3197 1125 3251; x_wconf 81' lang='lat' dir='ltr'><strong>Abram.</strong></span> <span class='ocrx_word' id='word_1_259' title='bbox 1171 3199 1349 3253; x_wconf 85' lang='lat' dir='ltr'><strong>Habeo</strong></span> <span class='ocrx_word' id='word_1_260' title='bbox 1391 3200 1574 3263; x_wconf 76' lang='lat' dir='ltr'><strong>Deum,</strong></span> <span class='ocrx_word' id='word_1_261' title='bbox 1606 3203 1693 3272; x_wconf 91' lang='lat' dir='ltr'><strong>qui</strong></span> <span class='ocrx_word' id='word_1_262' title='bbox 1739 3203 1893 3258; x_wconf 87' lang='lat' dir='ltr'><strong>innu-</strong></span> 
     </span>
    </p>
   </div>
   <div class='ocr_carea' id='block_1_33' title="bbox 316 3288 1888 3360">
    <p class='ocr_par' dir='ltr' id='par_1_33' title="bbox 316 3288 1888 3360">
     <span class='ocr_line' id='line_1_33' title="bbox 316 3288 1888 3360; baseline 0.005 -18"><span class='ocrx_word' id='word_1_263' title='bbox 316 3303 462 3343; x_wconf 89' lang='lat' dir='ltr'><strong>mera</strong></span> <span class='ocrx_word' id='word_1_264' title='bbox 484 3288 612 3342; x_wconf 87' lang='lat' dir='ltr'><strong>mihi</strong></span> <span class='ocrx_word' id='word_1_265' title='bbox 638 3289 937 3359; x_wconf 87' lang='lat' dir='ltr'><strong>suppeditet</strong></span> <span class='ocrx_word' id='word_1_266' title='bbox 965 3290 1099 3345; x_wconf 90' lang='lat' dir='ltr'><strong>bona</strong></span> <span class='ocrx_word' id='word_1_267' title='bbox 1125 3333 1141 3357; x_wconf 94' lang='lat'><strong>,</strong></span> <span class='ocrx_word' id='word_1_268' title='bbox 1169 3306 1401 3360; x_wconf 90' lang='lat' dir='ltr'><strong>superno</strong></span> <span class='ocrx_word' id='word_1_269' title='bbox 1428 3293 1624 3348; x_wconf 92' lang='lat' dir='ltr'><strong>innitor</strong></span> <span class='ocrx_word' id='word_1_270' title='bbox 1648 3295 1844 3350; x_wconf 91' lang='lat' dir='ltr'><strong>auxilio</strong></span> <span class='ocrx_word' id='word_1_271' title='bbox 1874 3314 1888 3352; x_wconf 90' lang='lat'><strong>:</strong></span> 
     </span>
    </p>
   </div>
   <div class='ocr_carea' id='block_1_34' title="bbox 319 3380 1887 3451">
    <p class='ocr_par' dir='ltr' id='par_1_34' title="bbox 319 3380 1887 3451">
     <span class='ocr_line' id='line_1_34' title="bbox 319 3380 1887 3451; baseline 0.004 -20"><span class='ocrx_word' id='word_1_272' title='bbox 319 3392 426 3432; x_wconf 93' lang='lat' dir='ltr'><strong>non</strong></span> <span class='ocrx_word' id='word_1_273' title='bbox 464 3393 597 3448; x_wconf 88' lang='lat' dir='ltr'><strong>opus</strong></span> <span class='ocrx_word' id='word_1_274' title='bbox 634 3380 760 3433; x_wconf 91' lang='lat' dir='ltr'><strong>mihi</strong></span> <span class='ocrx_word' id='word_1_275' title='bbox 791 3380 988 3435; x_wconf 90' lang='lat' dir='ltr'><strong>divitiis</strong></span> <span class='ocrx_word' id='word_1_276' title='bbox 1016 3381 1138 3445; x_wconf 87' lang='lat' dir='ltr'><strong>tuis,</strong></span> <span class='ocrx_word' id='word_1_277' title='bbox 1167 3396 1270 3436; x_wconf 93' lang='lat' dir='ltr'><strong>non</strong></span> <span class='ocrx_word' id='word_1_278' title='bbox 1299 3381 1509 3451; x_wconf 80' lang='lat' dir='ltr'><strong>indigeo</strong></span> <span class='ocrx_word' id='word_1_279' title='bbox 1535 3382 1777 3438; x_wconf 85' lang='lat' dir='ltr'><strong>humanis</strong></span> <span class='ocrx_word' id='word_1_280' title='bbox 1807 3386 1887 3438; x_wconf 90' lang='lat' dir='ltr'><strong>fa-</strong></span> 
     </span>
    </p>
   </div>
   <div class='ocr_carea' id='block_1_35' title="bbox 317 3467 1892 3535">
    <p class='ocr_par' dir='ltr' id='par_1_35' title="bbox 317 3467 1892 3535">
     <span class='ocr_line' id='line_1_35' title="bbox 317 3467 1892 3535; baseline 0.006 -16"><span class='ocrx_word' id='word_1_281' title='bbox 317 3467 619 3535; x_wconf 81' lang='lat' dir='ltr'><strong>cultatibus,</strong></span> <span class='ocrx_word' id='word_1_282' title='bbox 641 3477 918 3523; x_wconf 85' lang='lat' dir='ltr'><strong>contentus</strong></span> <span class='ocrx_word' id='word_1_283' title='bbox 935 3485 1052 3524; x_wconf 90' lang='lat' dir='ltr'><strong>sum</strong></span> <span class='ocrx_word' id='word_1_284' title='bbox 1077 3470 1163 3525; x_wconf 91' lang='lat' dir='ltr'><strong>Dei</strong></span> <span class='ocrx_word' id='word_1_285' title='bbox 1188 3471 1239 3523; x_wconf 94' lang='lat' dir='ltr'><strong>in</strong></span> <span class='ocrx_word' id='word_1_286' title='bbox 1262 3485 1348 3526; x_wconf 89' lang='lat' dir='ltr'><strong>me</strong></span> <span class='ocrx_word' id='word_1_287' title='bbox 1369 3470 1711 3526; x_wconf 90' lang='lat' dir='ltr'><strong>benelicentia</strong></span> <span class='ocrx_word' id='word_1_288' title='bbox 1739 3491 1753 3528; x_wconf 88' lang='lat'><strong>:</strong></span> <span class='ocrx_word' id='word_1_289' title='bbox 1780 3475 1892 3529; x_wconf 93' lang='lat' dir='ltr'><strong>scio</strong></span> 
     </span>
    </p>
   </div>
   <div class='ocr_carea' id='block_1_36' title="bbox 320 3555 1892 3627">
    <p class='ocr_par' dir='ltr' id='par_1_36' title="bbox 320 3555 1892 3627">
     <span class='ocr_line' id='line_1_36' title="bbox 320 3555 1892 3627; baseline 0.006 -19"><span class='ocrx_word' id='word_1_290' title='bbox 320 3555 461 3610; x_wconf 85' lang='lat' dir='ltr'><strong>illius</strong></span> <span class='ocrx_word' id='word_1_291' title='bbox 488 3556 801 3626; x_wconf 81' lang='lat' dir='ltr'><strong>largitatem.</strong></span> <span class='ocrx_word' id='word_1_292' title='bbox 829 3557 1016 3612; x_wconf 82' lang='lat' dir='ltr'><strong>Paucis</strong></span> <span class='ocrx_word' id='word_1_293' title='bbox 1041 3567 1094 3611; x_wconf 94' lang='lat' dir='ltr'><strong>et</strong></span> <span class='ocrx_word' id='word_1_294' title='bbox 1117 3559 1304 3614; x_wconf 88' lang='lat' dir='ltr'><strong>vilibus</strong></span> <span class='ocrx_word' id='word_1_295' title='bbox 1331 3561 1467 3613; x_wconf 81' lang='lat' dir='ltr'><strong>cessi</strong></span> <span class='ocrx_word' id='word_1_296' title='bbox 1494 3575 1612 3614; x_wconf 89' lang='lat' dir='ltr'><strong>meo</strong></span> <span class='ocrx_word' id='word_1_297' title='bbox 1631 3560 1751 3627; x_wconf 86' lang='lat' dir='ltr'><strong>Lot,</strong></span> <span class='ocrx_word' id='word_1_298' title='bbox 1780 3579 1892 3618; x_wconf 79' lang='lat' dir='ltr'><strong>ma-</strong></span> 
     </span>
    </p>
   </div>
   <div class='ocr_carea' id='block_1_37' title="bbox 319 3645 1892 3720">
    <p class='ocr_par' dir='ltr' id='par_1_37' title="bbox 319 3645 1892 3720">
     <span class='ocr_line' id='line_1_37' title="bbox 319 3645 1892 3720; baseline 0.005 -20"><span class='ocrx_word' id='word_1_299' title='bbox 319 3659 451 3716; x_wconf 84' lang='lat' dir='ltr'><strong>gnas</strong></span> <span class='ocrx_word' id='word_1_300' title='bbox 485 3654 540 3701; x_wconf 89' lang='lat' dir='ltr'><strong>et</strong></span> <span class='ocrx_word' id='word_1_301' title='bbox 576 3645 867 3701; x_wconf 83' lang='lat' dir='ltr'><strong>inell&#39;ahiles</strong></span> <span class='ocrx_word' id='word_1_302' title='bbox 893 3648 1274 3716; x_wconf 90' lang='lat' dir='ltr'><strong>promissiones</strong></span> <span class='ocrx_word' id='word_1_303' title='bbox 1309 3661 1624 3720; x_wconf 84' lang='lat' dir='ltr'><strong>assequutus</strong></span> <span class='ocrx_word' id='word_1_304' title='bbox 1660 3668 1808 3719; x_wconf 81' lang='lat' dir='ltr'><strong>sunt,</strong></span> <span class='ocrx_word' id='word_1_305' title='bbox 1836 3661 1892 3708; x_wconf 90' lang='lat' dir='ltr'><strong>et</strong></span> 
     </span>
    </p>
   </div>
   <div class='ocr_carea' id='block_1_38' title="bbox 319 3739 1893 3810">
    <p class='ocr_par' dir='ltr' id='par_1_38' title="bbox 319 3739 1893 3810">
     <span class='ocr_line' id='line_1_38' title="bbox 319 3739 1893 3810; baseline 0.004 -16"><span class='ocrx_word' id='word_1_306' title='bbox 319 3754 460 3794; x_wconf 90' lang='lat' dir='ltr'><strong>nunc</strong></span> <span class='ocrx_word' id='word_1_307' title='bbox 488 3739 745 3808; x_wconf 85' lang='lat' dir='ltr'><strong>majorum</strong></span> <span class='ocrx_word' id='word_1_308' title='bbox 771 3739 1069 3794; x_wconf 89' lang='lat' dir='ltr'><strong>divitiarum</strong></span> <span class='ocrx_word' id='word_1_309' title='bbox 1100 3742 1385 3810; x_wconf 81' lang='lat' dir='ltr'><strong>negotiatio</strong></span> <span class='ocrx_word' id='word_1_310' title='bbox 1411 3743 1538 3797; x_wconf 91' lang='lat' dir='ltr'><strong>mihi</strong></span> <span class='ocrx_word' id='word_1_311' title='bbox 1567 3752 1668 3810; x_wconf 91' lang='lat' dir='ltr'><strong>est,</strong></span> <span class='ocrx_word' id='word_1_312' title='bbox 1697 3752 1753 3800; x_wconf 88' lang='lat' dir='ltr'><strong>et</strong></span> <span class='ocrx_word' id='word_1_313' title='bbox 1781 3760 1893 3799; x_wconf 90' lang='lat' dir='ltr'><strong>ma-</strong></span> 
     </span>
    </p>
   </div>
   <div class='ocr_carea' id='block_1_39' title="bbox 310 3829 1888 3904">
    <p class='ocr_par' dir='ltr' id='par_1_39' title="bbox 310 3829 1888 3904">
     <span class='ocr_line' id='line_1_39' title="bbox 310 3829 1888 3904; baseline 0.004 -20"><span class='ocrx_word' id='word_1_314' title='bbox 310 3832 486 3902; x_wconf 89' lang='lat' dir='ltr'><strong>jorem</strong></span> <span class='ocrx_word' id='word_1_315' title='bbox 515 3829 628 3899; x_wconf 86' lang='lat' dir='ltr'><strong>ejus</strong></span> <span class='ocrx_word' id='word_1_316' title='bbox 653 3830 870 3900; x_wconf 86' lang='lat' dir='ltr'><strong>gratiam</strong></span> <span class='ocrx_word' id='word_1_317' title='bbox 895 3830 1020 3884; x_wconf 91' lang='lat' dir='ltr'><strong>mihi</strong></span> <span class='ocrx_word' id='word_1_318' title='bbox 1040 3832 1284 3897; x_wconf 83' lang='lat' dir='ltr'><strong>concilio,</strong></span> <span class='ocrx_word' id='word_1_319' title='bbox 1307 3848 1470 3902; x_wconf 89' lang='lat' dir='ltr'><strong>quare</strong></span> <span class='ocrx_word' id='word_1_320' title='bbox 1489 3848 1620 3904; x_wconf 90' lang='lat' dir='ltr'><strong>opes</strong></span> <span class='ocrx_word' id='word_1_321' title='bbox 1642 3844 1757 3890; x_wconf 89' lang='lat' dir='ltr'><strong>tuas</strong></span> <span class='ocrx_word' id='word_1_322' title='bbox 1784 3851 1888 3891; x_wconf 94' lang='lat' dir='ltr'><strong>non</strong></span> 
     </span>
    </p>
   </div>
   <div class='ocr_carea' id='block_1_40' title="bbox 317 3920 1886 3997">
    <p class='ocr_par' dir='ltr' id='par_1_40' title="bbox 317 3920 1886 3997">
     <span class='ocr_line' id='line_1_40' title="bbox 317 3920 1886 3997; baseline 0.006 -24"><span class='ocrx_word' id='word_1_323' title='bbox 317 3921 541 3990; x_wconf 89' lang='lat' dir='ltr'><strong>accipio.</strong></span> <span class='ocrx_word' id='word_1_324' title='bbox 572 3920 694 3975; x_wconf 89' lang='lat' dir='ltr'><strong>ldeo</strong></span> <span class='ocrx_word' id='word_1_325' title='bbox 718 3931 914 3987; x_wconf 89' lang='lat' dir='ltr'><strong>autem,</strong></span> <span class='ocrx_word' id='word_1_326' title='bbox 940 3925 1148 3993; x_wconf 89' lang='lat' dir='ltr'><strong>opinor,</strong></span> <span class='ocrx_word' id='word_1_327' title='bbox 1173 3924 1596 3994; x_wconf 80' lang='lat' dir='ltr'><strong>ctjummcntum</strong></span> <span class='ocrx_word' id='word_1_328' title='bbox 1626 3927 1886 3997; x_wconf 88' lang='lat' dir='ltr'><strong>adhibuit,</strong></span> 
     </span>
    </p>
   </div>
   <div class='ocr_carea' id='block_1_41' title="bbox 317 4011 1885 4087">
    <p class='ocr_par' dir='ltr' id='par_1_41' title="bbox 317 4011 1885 4087">
     <span class='ocr_line' id='line_1_41' title="bbox 317 4011 1885 4087; baseline 0.005 -20"><span class='ocrx_word' id='word_1_329' title='bbox 317 4021 374 4067; x_wconf 85' lang='lat' dir='ltr'><strong>et</strong></span> <span class='ocrx_word' id='word_1_330' title='bbox 397 4013 529 4067; x_wconf 84' lang='lat' dir='ltr'><strong>dixit</strong></span> <span class='ocrx_word' id='word_1_331' title='bbox 551 4029 564 4066; x_wconf 91' lang='lat'><strong>:</strong></span> <span class='ocrx_word' id='word_1_332' title='bbox 583 4011 864 4066; x_wconf 72' lang='lat' dir='ltr'><strong>Extendunt</strong></span> <span class='ocrx_word' id='word_1_333' title='bbox 891 4031 1092 4068; x_wconf 83' lang='lat' dir='ltr'><strong>manum</strong></span> <span class='ocrx_word' id='word_1_334' title='bbox 1113 4032 1272 4070; x_wconf 88' lang='lat' dir='ltr'><strong>meam</strong></span> <span class='ocrx_word' id='word_1_335' title='bbox 1293 4018 1360 4070; x_wconf 84' lang='lat' dir='ltr'><strong>ad</strong></span> <span class='ocrx_word' id='word_1_336' title='bbox 1379 4018 1540 4072; x_wconf 86' lang='lat' dir='ltr'><strong>Deum</strong></span> <span class='ocrx_word' id='word_1_337' title='bbox 1568 4021 1885 4087; x_wconf 79' lang='lat' dir='ltr'><strong>altissimum,</strong></span> 
     </span>
    </p>
   </div>
   <div class='ocr_carea' id='block_1_42' title="bbox 317 4107 1889 4182">
    <p class='ocr_par' dir='ltr' id='par_1_42' title="bbox 317 4107 1889 4182">
     <span class='ocr_line' id='line_1_42' title="bbox 317 4107 1889 4182; baseline 0.007 -24"><span class='ocrx_word' id='word_1_338' title='bbox 317 4115 377 4158; x_wconf 92' lang='lat' dir='ltr'><strong>ut</strong></span> <span class='ocrx_word' id='word_1_339' title='bbox 415 4120 481 4159; x_wconf 91' lang='lat' dir='ltr'><strong>ne</strong></span> <span class='ocrx_word' id='word_1_340' title='bbox 525 4115 670 4173; x_wconf 85' lang='lat' dir='ltr'><strong>putet</strong></span> <span class='ocrx_word' id='word_1_341' title='bbox 697 4120 816 4160; x_wconf 89' lang='lat' dir='ltr'><strong>eum</strong></span> <span class='ocrx_word' id='word_1_342' title='bbox 844 4107 911 4160; x_wconf 87' lang='lat' dir='ltr'><strong>ita</strong></span> <span class='ocrx_word' id='word_1_343' title='bbox 940 4107 1210 4173; x_wconf 85' lang='lat' dir='ltr'><strong>simulare,</strong></span> <span class='ocrx_word' id='word_1_344' title='bbox 1237 4118 1295 4163; x_wconf 91' lang='lat' dir='ltr'><strong>ut</strong></span> <span class='ocrx_word' id='word_1_345' title='bbox 1330 4110 1602 4180; x_wconf 83' lang='lat' dir='ltr'><strong>probabile</strong></span> <span class='ocrx_word' id='word_1_346' title='bbox 1627 4122 1711 4168; x_wconf 90' lang='lat' dir='ltr'><strong>est</strong></span> <span class='ocrx_word' id='word_1_347' title='bbox 1745 4127 1889 4182; x_wconf 80' lang='lat' dir='ltr'><strong>saepe</strong></span> 
     </span>
    </p>
   </div>
   <div class='ocr_carea' id='block_1_43' title="bbox 316 4197 1887 4274">
    <p class='ocr_par' dir='ltr' id='par_1_43' title="bbox 316 4197 1887 4274">
     <span class='ocr_line' id='line_1_43' title="bbox 316 4197 1887 4274; baseline 0.008 -26"><span class='ocrx_word' id='word_1_348' title='bbox 316 4198 625 4265; x_wconf 89' lang='lat' dir='ltr'><strong>contingere</strong></span> <span class='ocrx_word' id='word_1_349' title='bbox 658 4215 670 4249; x_wconf 91' lang='lat'>:</span> <span class='ocrx_word' id='word_1_350' title='bbox 697 4197 788 4251; x_wconf 87' lang='lat' dir='ltr'><strong>sed</strong></span> <span class='ocrx_word' id='word_1_351' title='bbox 811 4208 865 4252; x_wconf 89' lang='lat' dir='ltr'><strong>ut</strong></span> <span class='ocrx_word' id='word_1_352' title='bbox 891 4199 1020 4253; x_wconf 88' lang='lat' dir='ltr'><strong>sciat</strong></span> <span class='ocrx_word' id='word_1_353' title='bbox 1047 4199 1147 4255; x_wconf 93' lang='lat' dir='ltr'><strong>hoc</strong></span> <span class='ocrx_word' id='word_1_354' title='bbox 1177 4201 1244 4254; x_wconf 88' lang='lat' dir='ltr'><strong>ita</strong></span> <span class='ocrx_word' id='word_1_355' title='bbox 1271 4201 1427 4271; x_wconf 89' lang='lat' dir='ltr'><strong>plane</strong></span> <span class='ocrx_word' id='word_1_356' title='bbox 1453 4203 1723 4258; x_wconf 87' lang='lat' dir='ltr'><strong>decretum</strong></span> <span class='ocrx_word' id='word_1_357' title='bbox 1749 4206 1887 4274; x_wconf 89' lang='lat' dir='ltr'><strong>apud</strong></span> 
     </span>
    </p>
   </div>
   <div class='ocr_carea' id='block_1_44' title="bbox 314 4286 1883 4364">
    <p class='ocr_par' dir='ltr' id='par_1_44' title="bbox 314 4286 1883 4364">
     <span class='ocr_line' id='line_1_44' title="bbox 314 4286 1883 4364; baseline 0.008 -26"><span class='ocrx_word' id='word_1_358' title='bbox 314 4287 512 4340; x_wconf 77' lang='lat' dir='ltr'><strong>Abram</strong></span> <span class='ocrx_word' id='word_1_359' title='bbox 533 4328 546 4348; x_wconf 90' lang='lat'><strong>,</strong></span> <span class='ocrx_word' id='word_1_360' title='bbox 577 4298 638 4340; x_wconf 92' lang='lat' dir='ltr'><strong>ut</strong></span> <span class='ocrx_word' id='word_1_361' title='bbox 673 4300 742 4341; x_wconf 89' lang='lat' dir='ltr'><strong>ne</strong></span> <span class='ocrx_word' id='word_1_362' title='bbox 770 4286 852 4344; x_wconf 92' lang='lat' dir='ltr'><strong>vel</strong></span> <span class='ocrx_word' id='word_1_363' title='bbox 892 4291 1164 4345; x_wconf 91' lang='lat' dir='ltr'><strong>minimum</strong></span> <span class='ocrx_word' id='word_1_364' title='bbox 1190 4293 1315 4361; x_wconf 89' lang='lat' dir='ltr'><strong>quid</strong></span> <span class='ocrx_word' id='word_1_365' title='bbox 1344 4293 1465 4348; x_wconf 90' lang='lat' dir='ltr'><strong>inde</strong></span> <span class='ocrx_word' id='word_1_366' title='bbox 1492 4294 1590 4348; x_wconf 87' lang='lat' dir='ltr'><strong>sibi</strong></span> <span class='ocrx_word' id='word_1_367' title='bbox 1619 4295 1883 4364; x_wconf 86' lang='lat' dir='ltr'><strong>seligeret.</strong></span> 
     </span>
    </p>
   </div>
   <div class='ocr_carea' id='block_1_45' title="bbox 313 4376 1887 4452">
    <p class='ocr_par' dir='ltr' id='par_1_45' title="bbox 313 4376 1887 4452">
     <span class='ocr_line' id='line_1_45' title="bbox 313 4376 1887 4452; baseline 0.008 -25"><span class='ocrx_word' id='word_1_368' title='bbox 313 4378 487 4444; x_wconf 83' lang='lat' dir='ltr'><strong>Atque</strong></span> <span class='ocrx_word' id='word_1_369' title='bbox 532 4378 600 4431; x_wconf 89' lang='lat' dir='ltr'><strong>ita</strong></span> <span class='ocrx_word' id='word_1_370' title='bbox 649 4376 898 4447; x_wconf 83' lang='lat' dir='ltr'><strong>implebat</strong></span> <span class='ocrx_word' id='word_1_371' title='bbox 937 4381 1239 4435; x_wconf 88' lang='lat' dir='ltr'><strong>mandatum</strong></span> <span class='ocrx_word' id='word_1_372' title='bbox 1277 4382 1406 4435; x_wconf 91' lang='lat' dir='ltr'><strong>illud</strong></span> <span class='ocrx_word' id='word_1_373' title='bbox 1451 4383 1590 4452; x_wconf 90' lang='lat' dir='ltr'><strong>quod</strong></span> <span class='ocrx_word' id='word_1_374' title='bbox 1615 4399 1645 4437; x_wconf 88' lang='lat' dir='ltr'><strong>a</strong></span> <span class='ocrx_word' id='word_1_375' title='bbox 1676 4386 1887 4441; x_wconf 87' lang='lat' dir='ltr'><strong>Christo</strong></span> 
     </span>
    </p>
   </div>
   <div class='ocr_carea' id='block_1_46' title="bbox 312 4467 1888 4547">
    <p class='ocr_par' dir='ltr' id='par_1_46' title="bbox 312 4467 1888 4547">
     <span class='ocr_line' id='line_1_46' title="bbox 312 4467 1888 4547; baseline 0.009 -27"><span class='ocrx_word' id='word_1_376' title='bbox 312 4467 580 4535; x_wconf 77' lang='lat' dir='ltr'><strong>discipulis</strong></span> <span class='ocrx_word' id='word_1_377' title='bbox 627 4480 709 4524; x_wconf 90' lang='lat' dir='ltr'><strong>cst</strong></span> <span class='ocrx_word' id='word_1_378' title='bbox 758 4470 937 4524; x_wconf 88' lang='lat' dir='ltr'><strong>datum</strong></span> <span class='ocrx_word' id='word_1_379' title='bbox 974 4489 988 4526; x_wconf 91' lang='lat'><strong>:</strong></span> <span class='ocrx_word' id='word_1_380' title='bbox 1019 4471 1188 4527; x_wconf 80' lang='lat' dir='ltr'><strong>Gratis</strong></span> <span class='ocrx_word' id='word_1_381' title='bbox 1229 4477 1522 4542; x_wconf 77' lang='lat' dir='ltr'><strong>accepistis,</strong></span> <span class='ocrx_word' id='word_1_382' title='bbox 1571 4481 1728 4547; x_wconf 85' lang='lat' dir='ltr'><strong>gratis</strong></span> <span class='ocrx_word' id='word_1_383' title='bbox 1773 4480 1888 4536; x_wconf 84' lang='lat' dir='ltr'><strong>date</strong></span> 
     </span>
    </p>
   </div>
   <div class='ocr_carea' id='block_1_47' title="bbox 315 4557 1884 4636">
    <p class='ocr_par' dir='ltr' id='par_1_47' title="bbox 315 4557 1884 4636">
     <span class='ocr_line' id='line_1_47' title="bbox 315 4557 1884 4636; baseline 0.011 -28"><span class='ocrx_word' id='word_1_384' title='bbox 315 4557 523 4626; x_wconf 76' lang='lat' dir='ltr'><strong>(Matth.</strong></span> <span class='ocrx_word' id='word_1_385' title='bbox 564 4560 648 4613; x_wconf 85' lang='grc'><strong>10.</strong></span> <span class='ocrx_word' id='word_1_386' title='bbox 681 4560 759 4629; x_wconf 92' lang='lat'><strong>8).</strong></span> <span class='ocrx_word' id='word_1_387' title='bbox 783 4560 916 4614; x_wconf 89' lang='lat' dir='ltr'><strong>Num</strong></span> <span class='ocrx_word' id='word_1_388' title='bbox 948 4577 1066 4632; x_wconf 90' lang='lat' dir='ltr'><strong>ego,</strong></span> <span class='ocrx_word' id='word_1_389' title='bbox 1099 4563 1287 4632; x_wconf 73' lang='lat' dir='ltr'><strong>inquit,</strong></span> <span class='ocrx_word' id='word_1_390' title='bbox 1320 4565 1460 4619; x_wconf 90' lang='lat' dir='ltr'><strong>aliud</strong></span> <span class='ocrx_word' id='word_1_391' title='bbox 1488 4567 1613 4636; x_wconf 89' lang='lat' dir='ltr'><strong>quid</strong></span> <span class='ocrx_word' id='word_1_392' title='bbox 1651 4568 1716 4622; x_wconf 86' lang='lat' dir='ltr'><strong>ad</strong></span> <span class='ocrx_word' id='word_1_393' title='bbox 1762 4570 1884 4625; x_wconf 86' lang='lat' dir='ltr'><strong>belli</strong></span> 
     </span>
    </p>
   </div>
   <div class='ocr_carea' id='block_1_48' title="bbox 315 4649 1884 4719">
    <p class='ocr_par' dir='ltr' id='par_1_48' title="bbox 315 4649 1884 4719">
     <span class='ocr_line' id='line_1_48' title="bbox 315 4649 1884 4719; baseline 0.01 -20"><span class='ocrx_word' id='word_1_394' title='bbox 315 4662 425 4699; x_wconf 88' lang='lat' dir='ltr'><strong>rem</strong></span> <span class='ocrx_word' id='word_1_395' title='bbox 467 4649 639 4712; x_wconf 82' lang='lat' dir='ltr'><strong>attuli,</strong></span> <span class='ocrx_word' id='word_1_396' title='bbox 683 4660 1030 4719; x_wconf 65' lang='lat' dir='ltr'><strong>praeterquam</strong></span> <span class='ocrx_word' id='word_1_397' title='bbox 1063 4652 1386 4708; x_wconf 88' lang='lat' dir='ltr'><strong>voluntatem</strong></span> <span class='ocrx_word' id='word_1_398' title='bbox 1431 4663 1486 4710; x_wconf 88' lang='lat' dir='ltr'><strong>et</strong></span> <span class='ocrx_word' id='word_1_399' title='bbox 1520 4657 1884 4714; x_wconf 78' lang='lat' dir='ltr'><strong>alacritatem?</strong></span> 
     </span>
    </p>
   </div>
   <div class='ocr_carea' id='block_1_49' title="bbox 318 4737 1884 4819">
    <p class='ocr_par' dir='ltr' id='par_1_49' title="bbox 318 4737 1884 4819">
     <span class='ocr_line' id='line_1_49' title="bbox 318 4737 1884 4819; baseline 0.01 -30"><span class='ocrx_word' id='word_1_400' title='bbox 318 4737 598 4792; x_wconf 79' lang='lat' dir='ltr'><strong>Victoriam</strong></span> <span class='ocrx_word' id='word_1_401' title='bbox 626 4753 800 4794; x_wconf 87' lang='lat' dir='ltr'><strong>autem</strong></span> <span class='ocrx_word' id='word_1_402' title='bbox 822 4783 837 4807; x_wconf 95' lang='lat'><strong>,</strong></span> <span class='ocrx_word' id='word_1_403' title='bbox 869 4753 922 4797; x_wconf 92' lang='lat' dir='ltr'><strong>et</strong></span> <span class='ocrx_word' id='word_1_404' title='bbox 948 4743 1295 4810; x_wconf 88' lang='lat' dir='ltr'><strong>triumphum,</strong></span> <span class='ocrx_word' id='word_1_405' title='bbox 1318 4760 1379 4799; x_wconf 91' lang='lat' dir='ltr'><strong>ac</strong></span> <span class='ocrx_word' id='word_1_406' title='bbox 1411 4755 1603 4802; x_wconf 59' lang='lat' dir='ltr'><strong>castora</strong></span> <span class='ocrx_word' id='word_1_407' title='bbox 1635 4761 1884 4819; x_wconf 85' lang='lat' dir='ltr'><strong>operatus</strong></span> 
     </span>
    </p>
   </div>
   <div class='ocr_carea' id='block_1_50' title="bbox 311 4830 1881 4908">
    <p class='ocr_par' dir='ltr' id='par_1_50' title="bbox 311 4830 1881 4908">
     <span class='ocr_line' id='line_1_50' title="bbox 311 4830 1881 4908; baseline 0.007 -25"><span class='ocrx_word' id='word_1_408' title='bbox 311 4839 394 4884; x_wconf 87' lang='lat' dir='ltr'><strong>est</strong></span> <span class='ocrx_word' id='word_1_409' title='bbox 424 4830 512 4886; x_wconf 89' lang='lat' dir='ltr'><strong>ille</strong></span> <span class='ocrx_word' id='word_1_410' title='bbox 542 4832 784 4888; x_wconf 90' lang='lat' dir='ltr'><strong>invisibili</strong></span> <span class='ocrx_word' id='word_1_411' title='bbox 809 4836 1018 4890; x_wconf 91' lang='lat' dir='ltr'><strong>virtute.</strong></span> <span class='ocrx_word' id='word_1_412' title='bbox 1071 4835 1271 4892; x_wconf 86' lang='lat' dir='ltr'><strong>Deinde</strong></span> <span class='ocrx_word' id='word_1_413' title='bbox 1311 4847 1368 4892; x_wconf 92' lang='lat' dir='ltr'><strong>ut</strong></span> <span class='ocrx_word' id='word_1_414' title='bbox 1413 4853 1481 4893; x_wconf 89' lang='lat' dir='ltr'><strong>ne</strong></span> <span class='ocrx_word' id='word_1_415' title='bbox 1521 4848 1728 4908; x_wconf 71' lang='lat' dir='ltr'><strong>putaret</strong></span> <span class='ocrx_word' id='word_1_416' title='bbox 1767 4857 1881 4908; x_wconf 90' lang='lat' dir='ltr'><strong>rex,</strong></span> 
     </span>
    </p>
   </div>
   <div class='ocr_carea' id='block_1_51' title="bbox 312 4920 1883 4997">
    <p class='ocr_par' dir='ltr' id='par_1_51' title="bbox 312 4920 1883 4997">
     <span class='ocr_line' id='line_1_51' title="bbox 312 4920 1883 4997; baseline 0.007 -24"><span class='ocrx_word' id='word_1_417' title='bbox 312 4920 483 4988; x_wconf 89' lang='lat' dir='ltr'><strong>ipsum</strong></span> <span class='ocrx_word' id='word_1_418' title='bbox 514 4935 578 4974; x_wconf 89' lang='lat' dir='ltr'><strong>ex</strong></span> <span class='ocrx_word' id='word_1_419' title='bbox 607 4923 850 4991; x_wconf 84' lang='lat' dir='ltr'><strong>superbia</strong></span> <span class='ocrx_word' id='word_1_420' title='bbox 875 4935 927 4978; x_wconf 89' lang='lat' dir='ltr'><strong>et</strong></span> <span class='ocrx_word' id='word_1_421' title='bbox 952 4935 1256 4996; x_wconf 89' lang='lat' dir='ltr'><strong>contemptu</strong></span> <span class='ocrx_word' id='word_1_422' title='bbox 1294 4942 1414 4997; x_wconf 70' lang='lat' dir='ltr'><strong>qua:</strong></span> <span class='ocrx_word' id='word_1_423' title='bbox 1442 4929 1508 4982; x_wconf 87' lang='lat' dir='ltr'><strong>ab</strong></span> <span class='ocrx_word' id='word_1_424' title='bbox 1533 4943 1597 4983; x_wconf 88' lang='lat' dir='ltr'><strong>eo</strong></span> <span class='ocrx_word' id='word_1_425' title='bbox 1621 4929 1883 4984; x_wconf 85' lang='lat' dir='ltr'><strong>dabantur</strong></span> 
     </span>
    </p>
   </div>
   <div class='ocr_carea' id='block_1_52' title="bbox 311 5012 1877 5086">
    <p class='ocr_par' dir='ltr' id='par_1_52' title="bbox 311 5012 1877 5086">
     <span class='ocr_line' id='line_1_52' title="bbox 311 5012 1877 5086; baseline 0.004 -22"><span class='ocrx_word' id='word_1_426' title='bbox 311 5026 414 5064; x_wconf 93' lang='lat' dir='ltr'><strong>non</strong></span> <span class='ocrx_word' id='word_1_427' title='bbox 439 5012 698 5080; x_wconf 84' lang='lat' dir='ltr'><strong>accipere,</strong></span> <span class='ocrx_word' id='word_1_428' title='bbox 721 5013 997 5069; x_wconf 85' lang='lat' dir='ltr'><strong>declarans</strong></span> <span class='ocrx_word' id='word_1_429' title='bbox 1024 5030 1172 5070; x_wconf 89' lang='lat' dir='ltr'><strong>suam</strong></span> <span class='ocrx_word' id='word_1_430' title='bbox 1199 5027 1252 5070; x_wconf 85' lang='lat' dir='ltr'><strong>et</strong></span> <span class='ocrx_word' id='word_1_431' title='bbox 1277 5016 1328 5070; x_wconf 93' lang='lat' dir='ltr'><strong>in</strong></span> <span class='ocrx_word' id='word_1_432' title='bbox 1355 5015 1456 5072; x_wconf 83' lang='lat' dir='ltr'><strong>hoc</strong></span> <span class='ocrx_word' id='word_1_433' title='bbox 1478 5017 1877 5086; x_wconf 87' lang='lat' dir='ltr'><strong>humanitatem,</strong></span> 
     </span>
    </p>
   </div>
   <div class='ocr_carea' id='block_1_53' title="bbox 307 5099 1877 5176">
    <p class='ocr_par' dir='ltr' id='par_1_53' title="bbox 307 5099 1877 5176">
     <span class='ocr_line' id='line_1_53' title="bbox 307 5099 1877 5176; baseline 0.003 -22"><span class='ocrx_word' id='word_1_434' title='bbox 307 5110 360 5154; x_wconf 87' lang='lat' dir='ltr'><strong>et</strong></span> <span class='ocrx_word' id='word_1_435' title='bbox 389 5099 802 5169; x_wconf 86' lang='lat' dir='ltr'><strong>philosophicatn</strong></span> <span class='ocrx_word' id='word_1_436' title='bbox 830 5114 1080 5169; x_wconf 88' lang='lat' dir='ltr'><strong>mentem,</strong></span> <span class='ocrx_word' id='word_1_437' title='bbox 1111 5105 1280 5174; x_wconf 85' lang='lat' dir='ltr'><strong>inquit</strong></span> <span class='ocrx_word' id='word_1_438' title='bbox 1307 5123 1320 5159; x_wconf 92' lang='lat'><strong>:</strong></span> <span class='ocrx_word' id='word_1_439' title='bbox 1349 5105 1436 5160; x_wconf 73' lang='grc'><strong>24.</strong></span> <span class='ocrx_word' id='word_1_440' title='bbox 1461 5106 1574 5160; x_wconf 83' lang='lat' dir='ltr'><strong>Non</strong></span> <span class='ocrx_word' id='word_1_441' title='bbox 1597 5108 1877 5176; x_wconf 86' lang='lat' dir='ltr'><strong>accipiam,</strong></span> 
     </span>
    </p>
   </div>
   <div class='ocr_carea' id='block_1_54' title="bbox 306 5191 1879 5264">
    <p class='ocr_par' dir='ltr' id='par_1_54' title="bbox 306 5191 1879 5264">
     <span class='ocr_line' id='line_1_54' title="bbox 306 5191 1879 5264; baseline 0.006 -22"><span class='ocrx_word' id='word_1_442' title='bbox 306 5191 526 5260; x_wconf 74' lang='lat' dir='ltr'><strong>exceptis</strong></span> <span class='ocrx_word' id='word_1_443' title='bbox 563 5192 626 5244; x_wconf 79' lang='lat' dir='ltr'><strong>iis</strong></span> <span class='ocrx_word' id='word_1_444' title='bbox 663 5207 775 5261; x_wconf 72' lang='lat' dir='ltr'><strong>quc</strong></span> <span class='ocrx_word' id='word_1_445' title='bbox 815 5195 1130 5248; x_wconf 77' lang='lat' dir='ltr'><strong>comederunt</strong></span> <span class='ocrx_word' id='word_1_446' title='bbox 1154 5197 1384 5264; x_wconf 75' lang='lat' dir='ltr'><strong>juvenes,</strong></span> <span class='ocrx_word' id='word_1_447' title='bbox 1415 5205 1462 5247; x_wconf 86' lang='lat' dir='ltr'><strong>et</strong></span> <span class='ocrx_word' id='word_1_448' title='bbox 1489 5198 1717 5262; x_wconf 82' lang='lat' dir='ltr'><strong>portione</strong></span> <span class='ocrx_word' id='word_1_449' title='bbox 1743 5199 1879 5250; x_wconf 78' lang='lat' dir='ltr'><strong>viro-</strong></span> 
     </span>
    </p>
   </div>
   <div class='ocr_carea' id='block_1_55' title="bbox 311 5281 1882 5350">
    <p class='ocr_par' dir='ltr' id='par_1_55' title="bbox 311 5281 1882 5350">
     <span class='ocr_line' id='line_1_55' title="bbox 311 5281 1882 5350; baseline 0.004 -18"><span class='ocrx_word' id='word_1_450' title='bbox 311 5294 420 5332; x_wconf 81' lang='lat' dir='ltr'><strong>rum</strong></span> <span class='ocrx_word' id='word_1_451' title='bbox 449 5281 535 5349; x_wconf 85' lang='lat' dir='ltr'><strong>qui</strong></span> <span class='ocrx_word' id='word_1_452' title='bbox 565 5297 754 5334; x_wconf 67' lang='lat' dir='ltr'><strong>mecum</strong></span> <span class='ocrx_word' id='word_1_453' title='bbox 784 5294 1040 5345; x_wconf 79' lang='lat' dir='ltr'><strong>venerunt,</strong></span> <span class='ocrx_word' id='word_1_454' title='bbox 1074 5283 1279 5350; x_wconf 80' lang='lat' dir='ltr'><strong>Eschol,</strong></span> <span class='ocrx_word' id='word_1_455' title='bbox 1307 5284 1511 5348; x_wconf 75' lang='lat' dir='ltr'><strong>Annon,</strong></span> <span class='ocrx_word' id='word_1_456' title='bbox 1538 5284 1800 5350; x_wconf 72' lang='lat' dir='ltr'><strong>Humbre;</strong></span> <span class='ocrx_word' id='word_1_457' title='bbox 1844 5287 1882 5339; x_wconf 86' lang='lat' dir='ltr'><strong>ii</strong></span> 
     </span>
    </p>
   </div>
   <div class='ocr_carea' id='block_1_56' title="bbox 307 5369 1880 5446">
    <p class='ocr_par' dir='ltr' id='par_1_56' title="bbox 307 5369 1880 5446">
     <span class='ocr_line' id='line_1_56' title="bbox 307 5369 1880 5446; baseline 0.006 -25"><span class='ocrx_word' id='word_1_458' title='bbox 307 5369 553 5439; x_wconf 77' lang='lat' dir='ltr'><strong>accipient</strong></span> <span class='ocrx_word' id='word_1_459' title='bbox 594 5372 889 5439; x_wconf 82' lang='lat' dir='ltr'><strong>portionem.</strong></span> <span class='ocrx_word' id='word_1_460' title='bbox 936 5372 1062 5437; x_wconf 79' lang='lat' dir='ltr'><strong>llos,</strong></span> <span class='ocrx_word' id='word_1_461' title='bbox 1101 5374 1284 5444; x_wconf 91' lang='lat' dir='ltr'><strong>inquit,</strong></span> <span class='ocrx_word' id='word_1_462' title='bbox 1317 5374 1612 5442; x_wconf 87' lang='lat' dir='ltr'><strong>permittam</strong></span> <span class='ocrx_word' id='word_1_463' title='bbox 1640 5376 1880 5446; x_wconf 84' lang='lat' dir='ltr'><strong>accipere</strong></span> 
     </span>
    </p>
   </div>
   <div class='ocr_carea' id='block_1_57' title="bbox 367 5498 1880 5570">
    <p class='ocr_par' dir='ltr' id='par_1_57' title="bbox 367 5498 1880 5570">
     <span class='ocr_line' id='line_1_57' title="bbox 367 5498 1880 5570; baseline 0.006 -23"><span class='ocrx_word' id='word_1_464' title='bbox 367 5498 443 5560; x_wconf 85' lang='grc' dir='ltr'><strong>(α)</strong></span> <span class='ocrx_word' id='word_1_465' title='bbox 477 5505 523 5548; x_wconf 93' lang='lat' dir='ltr'><strong>In</strong></span> <span class='ocrx_word' id='word_1_466' title='bbox 546 5506 726 5570; x_wconf 60' lang='lat' dir='ltr'><strong>graeco,</strong></span> <span class='ocrx_word' id='word_1_467' title='bbox 751 5518 994 5565; x_wconf 65' lang='grc' dir='ltr'><strong>ηιιρτςμ.</strong></span> <span class='ocrx_word' id='word_1_468' title='bbox 1036 5511 1176 5553; x_wconf 84' lang='grc' dir='ltr'><strong>Ροιτο</strong></span> <span class='ocrx_word' id='word_1_469' title='bbox 1207 5517 1407 5570; x_wconf 67' lang='grc' dir='ltr'><strong>ηαμηιςο</strong></span> <span class='ocrx_word' id='word_1_470' title='bbox 1427 5503 1552 5566; x_wconf 80' lang='lat' dir='ltr'><strong>globi</strong></span> <span class='ocrx_word' id='word_1_471' title='bbox 1574 5505 1779 5568; x_wconf 81' lang='lat' dir='ltr'><strong>formam</strong></span> <span class='ocrx_word' id='word_1_472' title='bbox 1797 5520 1880 5569; x_wconf 62' lang='lat' dir='ltr'><strong>po.</strong></span> 
     </span>
    </p>
   </div>
   <div class='ocr_carea' id='block_1_58' title="bbox 305 5560 1882 5629">
    <p class='ocr_par' dir='ltr' id='par_1_58' title="bbox 305 5560 1882 5629">
     <span class='ocr_line' id='line_1_58' title="bbox 305 5560 1882 5629; baseline 0.008 -23"><span class='ocrx_word' id='word_1_473' title='bbox 305 5560 400 5629; x_wconf 80' lang='lat' dir='ltr'><strong>tius</strong></span> <span class='ocrx_word' id='word_1_474' title='bbox 425 5562 744 5629; x_wconf 74' lang='lat' dir='ltr'><strong>exprimeret,</strong></span> <span class='ocrx_word' id='word_1_475' title='bbox 761 5560 906 5629; x_wconf 75' lang='lat' dir='ltr'><strong>quam</strong></span> <span class='ocrx_word' id='word_1_476' title='bbox 922 5560 1145 5614; x_wconf 62' lang='lat' dir='ltr'><strong>acumen.</strong></span> <span class='ocrx_word' id='word_1_477' title='bbox 1165 5560 1340 5615; x_wconf 73' lang='lat' dir='ltr'><strong>Veruin</strong></span> <span class='ocrx_word' id='word_1_478' title='bbox 1361 5560 1486 5628; x_wconf 71' lang='lat' dir='ltr'><strong>apud</strong></span> <span class='ocrx_word' id='word_1_479' title='bbox 1510 5560 1621 5615; x_wconf 80' lang='lat' dir='ltr'><strong>Lx&#39;x</strong></span> <span class='ocrx_word' id='word_1_480' title='bbox 1640 5560 1882 5629; x_wconf 56' lang='lat' dir='ltr'><strong>lutet-pre»</strong></span> 
     </span>
    </p>
   </div>
   <div class='ocr_carea' id='block_1_59' title="bbox 304 5622 1879 5691">
    <p class='ocr_par' dir='ltr' id='par_1_59' title="bbox 304 5622 1879 5691">
     <span class='ocr_line' id='line_1_59' title="bbox 304 5622 1879 5691; baseline 0.007 -23"><span class='ocrx_word' id='word_1_481' title='bbox 304 5627 397 5676; x_wconf 75' lang='lat' dir='ltr'><strong>tes.</strong></span> <span class='ocrx_word' id='word_1_482' title='bbox 423 5639 647 5684; x_wconf 59' lang='grc' dir='ltr'><strong>φρει...</strong></span> <span class='ocrx_word' id='word_1_483' title='bbox 672 5622 872 5686; x_wconf 79' lang='lat' dir='ltr'><strong>legitur,</strong></span> <span class='ocrx_word' id='word_1_484' title='bbox 910 5637 1054 5686; x_wconf 88' lang='lat' dir='ltr'><strong>quam</strong></span> <span class='ocrx_word' id='word_1_485' title='bbox 1079 5639 1245 5677; x_wconf 83' lang='lat' dir='ltr'><strong>vocem</strong></span> <span class='ocrx_word' id='word_1_486' title='bbox 1289 5622 1683 5691; x_wconf 74' lang='lat' dir='ltr'><strong>interpretantur,</strong></span> <span class='ocrx_word' id='word_1_487' title='bbox 1723 5622 1879 5679; x_wconf 73' lang='lat' dir='ltr'><strong>corri-</strong></span> 
     </span>
    </p>
   </div>
   <div class='ocr_carea' id='block_1_60' title="bbox 303 5692 1877 5765">
    <p class='ocr_par' dir='ltr' id='par_1_60' title="bbox 303 5692 1877 5765">
     <span class='ocr_line' id='line_1_60' title="bbox 303 5692 1877 5765; baseline 0.006 -27"><span class='ocrx_word' id='word_1_488' title='bbox 303 5703 447 5750; x_wconf 71' lang='lat' dir='ltr'><strong>giam.</strong></span> <span class='ocrx_word' id='word_1_489' title='bbox 476 5699 568 5741; x_wconf 72' lang='lat' dir='ltr'><strong>Vox</strong></span> <span class='ocrx_word' id='word_1_490' title='bbox 591 5696 821 5743; x_wconf 75' lang='lat' dir='ltr'><strong>ttebraiea</strong></span> <span class='ocrx_word' id='word_1_491' title='bbox 839 5703 933 5754; x_wconf 75' lang='lat' dir='ltr'><strong>est,</strong></span> <span class='ocrx_word' id='word_1_492' title='bbox 950 5692 1112 5765; x_wconf 72' lang='lat' dir='ltr'><strong>TI&#39;WJ,</strong></span> <span class='ocrx_word' id='word_1_493' title='bbox 1132 5699 1546 5763; x_wconf 72' lang='lat' dir='ltr'><strong>corrigia.0nntes</strong></span> <span class='ocrx_word' id='word_1_494' title='bbox 1561 5699 1677 5748; x_wconf 78' lang='lat' dir='ltr'><strong>Editi</strong></span> <span class='ocrx_word' id='word_1_495' title='bbox 1697 5706 1748 5748; x_wconf 91' lang='lat' dir='ltr'><strong>et</strong></span> <span class='ocrx_word' id='word_1_496' title='bbox 1769 5704 1877 5748; x_wconf 66' lang='lat' dir='ltr'><strong>uss.</strong></span> 
     </span>
    </p>
   </div>
   <div class='ocr_carea' id='block_1_61' title="bbox 300 5773 1124 5842">
    <p class='ocr_par' dir='ltr' id='par_1_61' title="bbox 300 5773 1124 5842">
     <span class='ocr_line' id='line_1_61' title="bbox 300 5773 1124 5842; baseline 0.007 -22"><span class='ocrx_word' id='word_1_497' title='bbox 300 5773 632 5835; x_wconf 72' lang='lat' dir='ltr'><strong>dtryxostomi,</strong></span> <span class='ocrx_word' id='word_1_498' title='bbox 659 5795 898 5842; x_wconf 53' lang='lat' dir='ltr'><strong>mw,</strong></span> <span class='ocrx_word' id='word_1_499' title='bbox 927 5780 1124 5830; x_wconf 89' lang='lat' dir='ltr'><strong>habent.</strong></span> 
     </span>
    </p>
   </div>
   <div class='ocr_carea' id='block_1_62' title="bbox 1344 355 2576 414">
    <p class='ocr_par' dir='ltr' id='par_1_62' title="bbox 1344 355 2576 414">
     <span class='ocr_line' id='line_1_62' title="bbox 1344 355 2576 414; baseline 0 -1"><span class='ocrx_word' id='word_1_500' title='bbox 1344 359 1410 413; x_wconf 85' lang='lat' dir='ltr'><strong>IN</strong></span> <span class='ocrx_word' id='word_1_501' title='bbox 1436 359 1587 414; x_wconf 84' lang='lat' dir='ltr'><strong>CAP.</strong></span> <span class='ocrx_word' id='word_1_502' title='bbox 1631 356 1766 412; x_wconf 79' lang='lat' dir='ltr'><strong>XIV.</strong></span> <span class='ocrx_word' id='word_1_503' title='bbox 1802 355 2048 412; x_wconf 80' lang='lat' dir='ltr'><strong>GENES.</strong></span> <span class='ocrx_word' id='word_1_504' title='bbox 2092 355 2320 411; x_wconf 75' lang='lat' dir='ltr'><strong>IIOMIL.</strong></span> <span class='ocrx_word' id='word_1_505' title='bbox 2364 358 2576 413; x_wconf 66' lang='lat' dir='ltr'><strong>XXXV.</strong></span> 
     </span>
    </p>
   </div>
   <div class='ocr_carea' id='block_1_63' title="bbox 3482 368 3587 424">
    <p class='ocr_par' dir='ltr' id='par_1_63' title="bbox 3482 368 3587 424">
     <span class='ocr_line' id='line_1_63' title="bbox 3482 368 3587 424; baseline 0 0"><span class='ocrx_word' id='word_1_506' title='bbox 3482 368 3587 424; x_wconf 75' lang='grc'><strong>350</strong></span> 
     </span>
    </p>
   </div>
   <div class='ocr_carea' id='block_1_64' title="bbox 2019 472 3589 546">
    <p class='ocr_par' dir='ltr' id='par_1_64' title="bbox 2019 472 3589 546">
     <span class='ocr_line' id='line_1_64' title="bbox 2019 472 3589 546; baseline 0.008 -23"><span class='ocrx_word' id='word_1_507' title='bbox 2019 472 2314 540; x_wconf 86' lang='lat' dir='ltr'><strong>portionem</strong></span> <span class='ocrx_word' id='word_1_508' title='bbox 2342 475 2588 543; x_wconf 87' lang='lat' dir='ltr'><strong>aliquam,</strong></span> <span class='ocrx_word' id='word_1_509' title='bbox 2621 475 2868 544; x_wconf 89' lang='lat' dir='ltr'><strong>quoniam</strong></span> <span class='ocrx_word' id='word_1_510' title='bbox 2898 475 3124 545; x_wconf 85' lang='lat' dir='ltr'><strong>ingentis</strong></span> <span class='ocrx_word' id='word_1_511' title='bbox 3148 477 3394 534; x_wconf 69' lang='lat' dir='ltr'><strong>amicitia:</strong></span> <span class='ocrx_word' id='word_1_512' title='bbox 3417 484 3589 546; x_wconf 83' lang='lat' dir='ltr'><strong>speci-</strong></span> 
     </span>
    </p>
   </div>
   <div class='ocr_carea' id='block_1_65' title="bbox 2015 563 3590 640">
    <p class='ocr_par' dir='ltr' id='par_1_65' title="bbox 2015 563 3590 640">
     <span class='ocr_line' id='line_1_65' title="bbox 2015 563 3590 640; baseline 0.006 -26"><span class='ocrx_word' id='word_1_513' title='bbox 2015 577 2132 615; x_wconf 90' lang='lat' dir='ltr'><strong>men</strong></span> <span class='ocrx_word' id='word_1_514' title='bbox 2175 564 2526 618; x_wconf 88' lang='lat' dir='ltr'><strong>declararunt.</strong></span> <span class='ocrx_word' id='word_1_515' title='bbox 2579 563 2649 618; x_wconf 82' lang='grc' dir='ltr'><strong>1Ιί</strong></span> <span class='ocrx_word' id='word_1_516' title='bbox 2683 565 2821 620; x_wconf 90' lang='lat' dir='ltr'><strong>enim</strong></span> <span class='ocrx_word' id='word_1_517' title='bbox 2853 577 3013 632; x_wconf 83' lang='lat' dir='ltr'><strong>erant,</strong></span> <span class='ocrx_word' id='word_1_518' title='bbox 3046 568 3233 638; x_wconf 91' lang='lat' dir='ltr'><strong>inquit,</strong></span> <span class='ocrx_word' id='word_1_519' title='bbox 3265 571 3590 640; x_wconf 64' lang='lat' dir='ltr'><strong>con/aderant</strong></span> 
     </span>
    </p>
   </div>
   <div class='ocr_carea' id='block_1_66' title="bbox 2013 653 3586 727">
    <p class='ocr_par' dir='ltr' id='par_1_66' title="bbox 2013 653 3586 727">
     <span class='ocr_line' id='line_1_66' title="bbox 2013 653 3586 727; baseline 0.008 -25"><span class='ocrx_word' id='word_1_520' title='bbox 2013 653 2160 705; x_wconf 76' lang='lat' dir='ltr'><strong>Abrw</strong></span> <span class='ocrx_word' id='word_1_521' title='bbox 2182 667 2202 707; x_wconf 91' lang='lat'><strong><em>:</em></strong></span> <span class='ocrx_word' id='word_1_522' title='bbox 2229 655 2328 708; x_wconf 85' lang='lat' dir='ltr'><strong>hoc</strong></span> <span class='ocrx_word' id='word_1_523' title='bbox 2354 664 2454 720; x_wconf 89' lang='lat' dir='ltr'><strong>est,</strong></span> <span class='ocrx_word' id='word_1_524' title='bbox 2485 654 2712 708; x_wconf 88' lang='lat' dir='ltr'><strong>amicitia</strong></span> <span class='ocrx_word' id='word_1_525' title='bbox 2740 655 3006 725; x_wconf 90' lang='lat' dir='ltr'><strong>conjuncti</strong></span> <span class='ocrx_word' id='word_1_526' title='bbox 3037 674 3050 709; x_wconf 87' lang='lat'><strong>:</strong></span> <span class='ocrx_word' id='word_1_527' title='bbox 3081 658 3224 727; x_wconf 88' lang='lat' dir='ltr'><strong>quod</strong></span> <span class='ocrx_word' id='word_1_528' title='bbox 3254 658 3376 713; x_wconf 83' lang='lat' dir='ltr'><strong>hinc</strong></span> <span class='ocrx_word' id='word_1_529' title='bbox 3402 670 3586 714; x_wconf 82' lang='lat' dir='ltr'><strong>osten-</strong></span> 
     </span>
    </p>
   </div>
   <div class='ocr_carea' id='block_1_67' title="bbox 2010 741 3582 814">
    <p class='ocr_par' dir='ltr' id='par_1_67' title="bbox 2010 741 3582 814">
     <span class='ocr_line' id='line_1_67' title="bbox 2010 741 3582 814; baseline 0.003 -15"><span class='ocrx_word' id='word_1_530' title='bbox 2010 741 2155 799; x_wconf 84' lang='lat' dir='ltr'><strong>ditur</strong></span> <span class='ocrx_word' id='word_1_531' title='bbox 2182 744 2302 812; x_wconf 89' lang='lat' dir='ltr'><strong>quia</strong></span> <span class='ocrx_word' id='word_1_532' title='bbox 2347 745 2397 797; x_wconf 92' lang='lat' dir='ltr'><strong>in</strong></span> <span class='ocrx_word' id='word_1_533' title='bbox 2439 755 2640 813; x_wconf 90' lang='lat' dir='ltr'><strong>partem</strong></span> <span class='ocrx_word' id='word_1_534' title='bbox 2682 746 3033 814; x_wconf 89' lang='lat' dir='ltr'><strong>periculorum</strong></span> <span class='ocrx_word' id='word_1_535' title='bbox 3058 762 3181 804; x_wconf 86' lang='lat' dir='ltr'><strong>cum</strong></span> <span class='ocrx_word' id='word_1_536' title='bbox 3208 764 3274 803; x_wconf 89' lang='lat' dir='ltr'><strong>eo</strong></span> <span class='ocrx_word' id='word_1_537' title='bbox 3300 761 3582 804; x_wconf 86' lang='lat' dir='ltr'><strong>venerunt.</strong></span> 
     </span>
    </p>
   </div>
   <div class='ocr_carea' id='block_1_68' title="bbox 2011 830 3582 910">
    <p class='ocr_par' dir='ltr' id='par_1_68' title="bbox 2011 830 3582 910">
     <span class='ocr_line' id='line_1_68' title="bbox 2011 830 3582 910; baseline 0.006 -26"><span class='ocrx_word' id='word_1_538' title='bbox 2011 830 2158 885; x_wconf 87' lang='lat' dir='ltr'><strong>Unde</strong></span> <span class='ocrx_word' id='word_1_539' title='bbox 2186 848 2526 888; x_wconf 88' lang='lat' dir='ltr'><strong>remunerare</strong></span> <span class='ocrx_word' id='word_1_540' title='bbox 2557 835 2739 891; x_wconf 90' lang='lat' dir='ltr'><strong>volens</strong></span> <span class='ocrx_word' id='word_1_541' title='bbox 2760 851 2874 903; x_wconf 89' lang='lat' dir='ltr'><strong>eos,</strong></span> <span class='ocrx_word' id='word_1_542' title='bbox 2903 835 3026 892; x_wconf 88' lang='lat' dir='ltr'><strong>facit</strong></span> <span class='ocrx_word' id='word_1_543' title='bbox 3051 849 3107 892; x_wconf 89' lang='lat' dir='ltr'><strong>ut</strong></span> <span class='ocrx_word' id='word_1_544' title='bbox 3131 848 3330 908; x_wconf 84' lang='lat' dir='ltr'><strong>partem</strong></span> <span class='ocrx_word' id='word_1_545' title='bbox 3353 841 3582 910; x_wconf 83' lang='lat' dir='ltr'><strong>aliquant</strong></span> 
     </span>
    </p>
   </div>
   <div class='ocr_carea' id='block_1_69' title="bbox 2008 922 3577 1000">
    <p class='ocr_par' dir='ltr' id='par_1_69' title="bbox 2008 922 3577 1000">
     <span class='ocr_line' id='line_1_69' title="bbox 2008 922 3577 1000; baseline 0.008 -27"><span class='ocrx_word' id='word_1_546' title='bbox 2008 922 2302 990; x_wconf 91' lang='lat' dir='ltr'><strong>accipiant,</strong></span> <span class='ocrx_word' id='word_1_547' title='bbox 2334 925 2674 991; x_wconf 89' lang='lat' dir='ltr'><strong>apostolicam</strong></span> <span class='ocrx_word' id='word_1_548' title='bbox 2705 926 2874 995; x_wconf 85' lang='lat' dir='ltr'><strong>legem</strong></span> <span class='ocrx_word' id='word_1_549' title='bbox 2904 927 3064 981; x_wconf 89' lang='lat' dir='ltr'><strong>etiam</strong></span> <span class='ocrx_word' id='word_1_550' title='bbox 3103 929 3155 982; x_wconf 94' lang='lat' dir='ltr'><strong>in</strong></span> <span class='ocrx_word' id='word_1_551' title='bbox 3187 929 3289 984; x_wconf 92' lang='lat' dir='ltr'><strong>hoc</strong></span> <span class='ocrx_word' id='word_1_552' title='bbox 3319 930 3542 1000; x_wconf 89' lang='lat' dir='ltr'><strong>implens</strong></span> <span class='ocrx_word' id='word_1_553' title='bbox 3563 974 3577 994; x_wconf 91' lang='lat'><strong>,</strong></span> 
     </span>
    </p>
   </div>
   <div class='ocr_carea' id='block_1_70' title="bbox 2006 1012 3577 1092">
    <p class='ocr_par' dir='ltr' id='par_1_70' title="bbox 2006 1012 3577 1092">
     <span class='ocr_line' id='line_1_70' title="bbox 2006 1012 3577 1092; baseline 0.006 -27"><span class='ocrx_word' id='word_1_554' title='bbox 2006 1026 2125 1081; x_wconf 78' lang='lat' dir='ltr'><strong>qua:</strong></span> <span class='ocrx_word' id='word_1_555' title='bbox 2149 1012 2276 1066; x_wconf 90' lang='lat' dir='ltr'><strong>dicit</strong></span> <span class='ocrx_word' id='word_1_556' title='bbox 2305 1031 2318 1066; x_wconf 86' lang='lat'>:</span> <span class='ocrx_word' id='word_1_557' title='bbox 2350 1014 2542 1084; x_wconf 78' lang='lat' dir='ltr'><strong>Dignus</strong></span> <span class='ocrx_word' id='word_1_558' title='bbox 2567 1027 2640 1069; x_wconf 77' lang='lat' dir='ltr'><strong>est</strong></span> <span class='ocrx_word' id='word_1_559' title='bbox 2664 1018 2922 1086; x_wconf 70' lang='lat' dir='ltr'><strong>operarius</strong></span> <span class='ocrx_word' id='word_1_560' title='bbox 2947 1017 3185 1073; x_wconf 84' lang='lat' dir='ltr'><strong>alimento</strong></span> <span class='ocrx_word' id='word_1_561' title='bbox 3219 1035 3312 1074; x_wconf 83' lang='lat' dir='ltr'><strong>suo</strong></span> <span class='ocrx_word' id='word_1_562' title='bbox 3351 1019 3373 1092; x_wconf 86' lang='lat'><strong>(</strong></span> <span class='ocrx_word' id='word_1_563' title='bbox 3395 1021 3577 1075; x_wconf 75' lang='lat' dir='ltr'><strong>Matth.</strong></span> 
     </span>
    </p>
   </div>
   <div class='ocr_carea' id='block_1_71' title="bbox 2007 1100 3580 1175">
    <p class='ocr_par' dir='ltr' id='par_1_71' title="bbox 2007 1100 3580 1175">
     <span class='ocr_line' id='line_1_71' title="bbox 2007 1100 3580 1175; baseline 0.006 -20"><span class='ocrx_word' id='word_1_564' title='bbox 2007 1100 2093 1155; x_wconf 79' lang='grc'><strong>10.</strong></span> <span class='ocrx_word' id='word_1_565' title='bbox 2126 1102 2223 1164; x_wconf 84' lang='lat' dir='ltr'><strong>lO;</strong></span> <span class='ocrx_word' id='word_1_566' title='bbox 2252 1102 2376 1158; x_wconf 86' lang='lat' dir='ltr'><strong>Luc.</strong></span> <span class='ocrx_word' id='word_1_567' title='bbox 2410 1105 2492 1159; x_wconf 86' lang='grc'><strong>10.</strong></span> <span class='ocrx_word' id='word_1_568' title='bbox 2521 1107 2594 1175; x_wconf 88' lang='grc'><strong>7).</strong></span> <span class='ocrx_word' id='word_1_569' title='bbox 2624 1106 2759 1160; x_wconf 84' lang='lat' dir='ltr'><strong>Nihil</strong></span> <span class='ocrx_word' id='word_1_570' title='bbox 2787 1109 2927 1162; x_wconf 89' lang='lat' dir='ltr'><strong>enim</strong></span> <span class='ocrx_word' id='word_1_571' title='bbox 2957 1123 3050 1163; x_wconf 87' lang='lat' dir='ltr'><strong>eos</strong></span> <span class='ocrx_word' id='word_1_572' title='bbox 3077 1110 3211 1163; x_wconf 90' lang='lat' dir='ltr'><strong>ultra</strong></span> <span class='ocrx_word' id='word_1_573' title='bbox 3243 1126 3394 1164; x_wconf 91' lang='lat' dir='ltr'><strong>usum</strong></span> <span class='ocrx_word' id='word_1_574' title='bbox 3423 1126 3580 1166; x_wconf 90' lang='lat' dir='ltr'><strong>suum</strong></span> 
     </span>
    </p>
   </div>
   <div class='ocr_carea' id='block_1_72' title="bbox 2006 1192 3584 1270">
    <p class='ocr_par' dir='ltr' id='par_1_72' title="bbox 2006 1192 3584 1270">
     <span class='ocr_line' id='line_1_72' title="bbox 2006 1192 3584 1270; baseline 0.006 -26"><span class='ocrx_word' id='word_1_575' title='bbox 2006 1192 2247 1261; x_wconf 87' lang='lat' dir='ltr'><strong>accipere</strong></span> <span class='ocrx_word' id='word_1_576' title='bbox 2269 1196 2555 1263; x_wconf 86' lang='lat' dir='ltr'><strong>permittit;</strong></span> <span class='ocrx_word' id='word_1_577' title='bbox 2589 1197 2719 1252; x_wconf 90' lang='lat' dir='ltr'><strong>dicit</strong></span> <span class='ocrx_word' id='word_1_578' title='bbox 2743 1199 2883 1252; x_wconf 88' lang='lat' dir='ltr'><strong>enim</strong></span> <span class='ocrx_word' id='word_1_579' title='bbox 2916 1215 2930 1252; x_wconf 90' lang='lat'>:</span> <span class='ocrx_word' id='word_1_580' title='bbox 2962 1200 3198 1267; x_wconf 72' lang='lat' dir='ltr'><strong>Exceptis</strong></span> <span class='ocrx_word' id='word_1_581' title='bbox 3221 1201 3282 1254; x_wconf 82' lang='lat' dir='ltr'><strong>iis</strong></span> <span class='ocrx_word' id='word_1_582' title='bbox 3305 1217 3420 1270; x_wconf 78' lang='lat' dir='ltr'><strong>qua:</strong></span> <span class='ocrx_word' id='word_1_583' title='bbox 3445 1218 3584 1255; x_wconf 80' lang='lat' dir='ltr'><strong>rom-</strong></span> 
     </span>
    </p>
   </div>
   <div class='ocr_carea' id='block_1_73' title="bbox 2005 1282 3579 1361">
    <p class='ocr_par' dir='ltr' id='par_1_73' title="bbox 2005 1282 3579 1361">
     <span class='ocr_line' id='line_1_73' title="bbox 2005 1282 3579 1361; baseline 0.008 -26"><span class='ocrx_word' id='word_1_584' title='bbox 2005 1282 2212 1338; x_wconf 83' lang='lat' dir='ltr'><strong>ederunt</strong></span> <span class='ocrx_word' id='word_1_585' title='bbox 2225 1288 2451 1357; x_wconf 77' lang='lat' dir='ltr'><strong>juvenes,</strong></span> <span class='ocrx_word' id='word_1_586' title='bbox 2479 1300 2524 1343; x_wconf 89' lang='lat' dir='ltr'><strong>et</strong></span> <span class='ocrx_word' id='word_1_587' title='bbox 2555 1291 2780 1358; x_wconf 87' lang='lat' dir='ltr'><strong>portione</strong></span> <span class='ocrx_word' id='word_1_588' title='bbox 2804 1308 2975 1345; x_wconf 89' lang='lat' dir='ltr'><strong>eorum</strong></span> <span class='ocrx_word' id='word_1_589' title='bbox 2998 1293 3082 1361; x_wconf 85' lang='lat' dir='ltr'><strong>qui</strong></span> <span class='ocrx_word' id='word_1_590' title='bbox 3109 1309 3299 1346; x_wconf 88' lang='lat' dir='ltr'><strong>mecum</strong></span> <span class='ocrx_word' id='word_1_591' title='bbox 3319 1305 3579 1359; x_wconf 77' lang='lat' dir='ltr'><strong>venerunt,</strong></span> 
     </span>
    </p>
   </div>
   <div class='ocr_carea' id='block_1_74' title="bbox 2005 1371 3576 1452">
    <p class='ocr_par' dir='ltr' id='par_1_74' title="bbox 2005 1371 3576 1452">
     <span class='ocr_line' id='line_1_74' title="bbox 2005 1371 3576 1452; baseline 0.008 -27"><span class='ocrx_word' id='word_1_592' title='bbox 2005 1371 2212 1441; x_wconf 80' lang='lat' dir='ltr'><strong>Escltol,</strong></span> <span class='ocrx_word' id='word_1_593' title='bbox 2246 1378 2448 1445; x_wconf 78' lang='lat' dir='ltr'><strong>Aunan,</strong></span> <span class='ocrx_word' id='word_1_594' title='bbox 2482 1379 2743 1443; x_wconf 71' lang='lat' dir='ltr'><strong>Humbre;</strong></span> <span class='ocrx_word' id='word_1_595' title='bbox 2773 1381 2809 1433; x_wconf 89' lang='lat' dir='ltr'><strong>ii</strong></span> <span class='ocrx_word' id='word_1_596' title='bbox 2827 1383 3070 1450; x_wconf 84' lang='lat' dir='ltr'><strong>accipient</strong></span> <span class='ocrx_word' id='word_1_597' title='bbox 3099 1384 3397 1452; x_wconf 76' lang='lat' dir='ltr'><strong>porticum.</strong></span> <span class='ocrx_word' id='word_1_598' title='bbox 3430 1385 3576 1438; x_wconf 83' lang='lat' dir='ltr'><strong>Vidi-</strong></span> 
     </span>
    </p>
   </div>
   <div class='ocr_carea' id='block_1_75' title="bbox 2003 1466 3576 1544">
    <p class='ocr_par' dir='ltr' id='par_1_75' title="bbox 2003 1466 3576 1544">
     <span class='ocr_line' id='line_1_75' title="bbox 2003 1466 3576 1544; baseline 0.009 -28"><span class='ocrx_word' id='word_1_599' title='bbox 2003 1466 2099 1518; x_wconf 87' lang='lat' dir='ltr'><strong>stis</strong></span> <span class='ocrx_word' id='word_1_600' title='bbox 2140 1469 2454 1536; x_wconf 83' lang='lat' dir='ltr'><strong>exquisitam</strong></span> <span class='ocrx_word' id='word_1_601' title='bbox 2507 1471 2821 1539; x_wconf 72' lang='lat' dir='ltr'><strong>patriarcbze</strong></span> <span class='ocrx_word' id='word_1_602' title='bbox 2863 1474 3133 1540; x_wconf 91' lang='lat' dir='ltr'><strong>virtutem,</strong></span> <span class='ocrx_word' id='word_1_603' title='bbox 3165 1475 3431 1544; x_wconf 88' lang='lat' dir='ltr'><strong>quomodo</strong></span> <span class='ocrx_word' id='word_1_604' title='bbox 3457 1491 3576 1531; x_wconf 87' lang='lat' dir='ltr'><strong>eam</strong></span> 
     </span>
    </p>
   </div>
   <div class='ocr_carea' id='block_1_76' title="bbox 2003 1556 3581 1636">
    <p class='ocr_par' dir='ltr' id='par_1_76' title="bbox 2003 1556 3581 1636">
     <span class='ocr_line' id='line_1_76' title="bbox 2003 1556 3581 1636; baseline 0.01 -29"><span class='ocrx_word' id='word_1_605' title='bbox 2003 1556 2392 1628; x_wconf 87' lang='lat' dir='ltr'><strong>philosophiam</strong></span> <span class='ocrx_word' id='word_1_606' title='bbox 2432 1563 2713 1629; x_wconf 83' lang='lat' dir='ltr'><strong>exhibeat,</strong></span> <span class='ocrx_word' id='word_1_607' title='bbox 2761 1581 2877 1635; x_wconf 73' lang='lat' dir='ltr'><strong>qua:</strong></span> <span class='ocrx_word' id='word_1_608' title='bbox 2917 1583 3076 1636; x_wconf 91' lang='lat' dir='ltr'><strong>opum</strong></span> <span class='ocrx_word' id='word_1_609' title='bbox 3121 1576 3478 1635; x_wconf 87' lang='lat' dir='ltr'><strong>contemptum</strong></span> <span class='ocrx_word' id='word_1_610' title='bbox 3524 1577 3581 1623; x_wconf 88' lang='lat' dir='ltr'><strong>et</strong></span> 
     </span>
    </p>
   </div>
   <div class='ocr_carea' id='block_1_77' title="bbox 2005 1647 3576 1726">
    <p class='ocr_par' dir='ltr' id='par_1_77' title="bbox 2005 1647 3576 1726">
     <span class='ocr_line' id='line_1_77' title="bbox 2005 1647 3576 1726; baseline 0.009 -30"><span class='ocrx_word' id='word_1_611' title='bbox 2005 1647 2316 1702; x_wconf 88' lang='lat' dir='ltr'><strong>modestiam</strong></span> <span class='ocrx_word' id='word_1_612' title='bbox 2349 1653 2582 1722; x_wconf 85' lang='lat' dir='ltr'><strong>respicit,</strong></span> <span class='ocrx_word' id='word_1_613' title='bbox 2613 1653 2847 1723; x_wconf 90' lang='lat' dir='ltr'><strong>nihilque</strong></span> <span class='ocrx_word' id='word_1_614' title='bbox 2875 1671 2978 1708; x_wconf 93' lang='lat' dir='ltr'><strong>non</strong></span> <span class='ocrx_word' id='word_1_615' title='bbox 3004 1665 3159 1725; x_wconf 88' lang='lat' dir='ltr'><strong>agat,</strong></span> <span class='ocrx_word' id='word_1_616' title='bbox 3189 1665 3244 1708; x_wconf 86' lang='grc' dir='ltr'><strong>ιιι</strong></span> <span class='ocrx_word' id='word_1_617' title='bbox 3269 1673 3335 1712; x_wconf 88' lang='lat' dir='ltr'><strong>ne</strong></span> <span class='ocrx_word' id='word_1_618' title='bbox 3367 1673 3460 1726; x_wconf 88' lang='lat' dir='ltr'><strong>per</strong></span> <span class='ocrx_word' id='word_1_619' title='bbox 3486 1673 3576 1710; x_wconf 89' lang='lat' dir='ltr'><strong>ar-</strong></span> 
     </span>
    </p>
   </div>
   <div class='ocr_carea' id='block_1_78' title="bbox 2004 1739 3578 1818">
    <p class='ocr_par' dir='ltr' id='par_1_78' title="bbox 2004 1739 3578 1818">
     <span class='ocr_line' id='line_1_78' title="bbox 2004 1739 3578 1818; baseline 0.011 -32"><span class='ocrx_word' id='word_1_620' title='bbox 2004 1739 2299 1804; x_wconf 82' lang='lat' dir='ltr'><strong>rogantiam</strong></span> <span class='ocrx_word' id='word_1_621' title='bbox 2325 1750 2379 1795; x_wconf 89' lang='lat' dir='ltr'><strong>et</strong></span> <span class='ocrx_word' id='word_1_622' title='bbox 2407 1754 2768 1813; x_wconf 90' lang='lat' dir='ltr'><strong>contemptum</strong></span> <span class='ocrx_word' id='word_1_623' title='bbox 2801 1745 2852 1798; x_wconf 91' lang='lat' dir='ltr'><strong>id</strong></span> <span class='ocrx_word' id='word_1_624' title='bbox 2873 1745 3046 1801; x_wconf 86' lang='lat' dir='ltr'><strong>facere</strong></span> <span class='ocrx_word' id='word_1_625' title='bbox 3069 1746 3326 1814; x_wconf 88' lang='lat' dir='ltr'><strong>videatur,</strong></span> <span class='ocrx_word' id='word_1_626' title='bbox 3352 1763 3525 1818; x_wconf 87' lang='lat' dir='ltr'><strong>neque</strong></span> <span class='ocrx_word' id='word_1_627' title='bbox 3545 1763 3578 1804; x_wconf 91' lang='lat' dir='ltr'><strong>e</strong></span> 
     </span>
    </p>
   </div>
   <div class='ocr_carea' id='block_1_79' title="bbox 2002 1828 2551 1900">
    <p class='ocr_par' dir='ltr' id='par_1_79' title="bbox 2002 1828 2551 1900">
     <span class='ocr_line' id='line_1_79' title="bbox 2002 1828 2551 1900; baseline 0.018 -23"><span class='ocrx_word' id='word_1_628' title='bbox 2002 1828 2219 1881; x_wconf 90' lang='lat' dir='ltr'><strong>victoria</strong></span> <span class='ocrx_word' id='word_1_629' title='bbox 2247 1833 2551 1900; x_wconf 80' lang='lat' dir='ltr'><strong>superbiat?</strong></span> 
     </span>
    </p>
   </div>
   <div class='ocr_carea' id='block_1_80' title="bbox 2073 1919 3574 1989">
    <p class='ocr_par' dir='ltr' id='par_1_80' title="bbox 2073 1919 3574 1989">
     <span class='ocr_line' id='line_1_80' title="bbox 2073 1919 3574 1989; baseline 0.012 -18"><span class='ocrx_word' id='word_1_630' title='bbox 2073 1919 2122 1972; x_wconf 88' lang='lat'><strong>7.</strong></span> <span class='ocrx_word' id='word_1_631' title='bbox 2158 1919 2372 1977; x_wconf 82' lang='lat' dir='ltr'><strong>Moralis</strong></span> <span class='ocrx_word' id='word_1_632' title='bbox 2399 1925 2699 1980; x_wconf 71' lang='lat' dir='ltr'><strong>exhortatio.</strong></span> <span class='ocrx_word' id='word_1_633' title='bbox 2718 1957 2788 1967; x_wconf 97' lang='lat'><em>—</em></span> <span class='ocrx_word' id='word_1_634' title='bbox 2817 1925 3001 1985; x_wconf 82' lang='lat' dir='ltr'><strong>Talem</strong></span> <span class='ocrx_word' id='word_1_635' title='bbox 3028 1930 3200 1984; x_wconf 89' lang='lat' dir='ltr'><strong>virum</strong></span> <span class='ocrx_word' id='word_1_636' title='bbox 3232 1932 3497 1988; x_wconf 89' lang='lat' dir='ltr'><strong>imitemur</strong></span> <span class='ocrx_word' id='word_1_637' title='bbox 3524 1942 3574 1989; x_wconf 89' lang='lat' dir='ltr'><strong>et</strong></span> 
     </span>
    </p>
   </div>
   <div class='ocr_carea' id='block_1_81' title="bbox 2003 2011 3574 2085">
    <p class='ocr_par' dir='ltr' id='par_1_81' title="bbox 2003 2011 3574 2085">
     <span class='ocr_line' id='line_1_81' title="bbox 2003 2011 3574 2085; baseline 0.01 -23"><span class='ocrx_word' id='word_1_638' title='bbox 2003 2025 2119 2072; x_wconf 90' lang='lat' dir='ltr'><strong>nos,</strong></span> <span class='ocrx_word' id='word_1_639' title='bbox 2148 2011 2390 2076; x_wconf 85' lang='lat' dir='ltr'><strong>obsecro,</strong></span> <span class='ocrx_word' id='word_1_640' title='bbox 2410 2025 2462 2069; x_wconf 92' lang='lat' dir='ltr'><strong>et</strong></span> <span class='ocrx_word' id='word_1_641' title='bbox 2482 2030 2696 2085; x_wconf 90' lang='lat' dir='ltr'><strong>operam</strong></span> <span class='ocrx_word' id='word_1_642' title='bbox 2722 2017 2928 2083; x_wconf 88' lang='lat' dir='ltr'><strong>demus,</strong></span> <span class='ocrx_word' id='word_1_643' title='bbox 2956 2029 3013 2074; x_wconf 92' lang='lat' dir='ltr'><strong>ut</strong></span> <span class='ocrx_word' id='word_1_644' title='bbox 3037 2021 3258 2076; x_wconf 89' lang='lat' dir='ltr'><strong>invictos</strong></span> <span class='ocrx_word' id='word_1_645' title='bbox 3282 2039 3378 2077; x_wconf 90' lang='lat' dir='ltr'><strong>nos</strong></span> <span class='ocrx_word' id='word_1_646' title='bbox 3397 2033 3574 2077; x_wconf 78' lang='lat' dir='ltr'><strong>custo-</strong></span> 
     </span>
    </p>
   </div>
   <div class='ocr_carea' id='block_1_82' title="bbox 2002 2098 3570 2178">
    <p class='ocr_par' dir='ltr' id='par_1_82' title="bbox 2002 2098 3570 2178">
     <span class='ocr_line' id='line_1_82' title="bbox 2002 2098 3570 2178; baseline 0.01 -27"><span class='ocrx_word' id='word_1_647' title='bbox 2002 2098 2226 2166; x_wconf 88' lang='lat' dir='ltr'><strong>diamus,</strong></span> <span class='ocrx_word' id='word_1_648' title='bbox 2266 2112 2320 2156; x_wconf 92' lang='lat' dir='ltr'><strong>et</strong></span> <span class='ocrx_word' id='word_1_649' title='bbox 2362 2119 2533 2174; x_wconf 90' lang='lat' dir='ltr'><strong>neque</strong></span> <span class='ocrx_word' id='word_1_650' title='bbox 2574 2106 2784 2160; x_wconf 88' lang='lat' dir='ltr'><strong>virtutis</strong></span> <span class='ocrx_word' id='word_1_651' title='bbox 2822 2107 3041 2162; x_wconf 89' lang='lat' dir='ltr'><strong>obtentu</strong></span> <span class='ocrx_word' id='word_1_652' title='bbox 3077 2111 3338 2178; x_wconf 71' lang='lat' dir='ltr'><strong>superbim</strong></span> <span class='ocrx_word' id='word_1_653' title='bbox 3379 2113 3570 2166; x_wconf 69' lang='lat' dir='ltr'><strong>famam</strong></span> 
     </span>
    </p>
   </div>
   <div class='ocr_carea' id='block_1_83' title="bbox 2000 2192 3569 2274">
    <p class='ocr_par' dir='ltr' id='par_1_83' title="bbox 2000 2192 3569 2274">
     <span class='ocr_line' id='line_1_83' title="bbox 2000 2192 3569 2274; baseline 0.01 -31"><span class='ocrx_word' id='word_1_654' title='bbox 2000 2192 2363 2260; x_wconf 88' lang='lat' dir='ltr'><strong>acquiramus,</strong></span> <span class='ocrx_word' id='word_1_655' title='bbox 2389 2211 2559 2266; x_wconf 88' lang='lat' dir='ltr'><strong>neque</strong></span> <span class='ocrx_word' id='word_1_656' title='bbox 2589 2198 2860 2254; x_wconf 74' lang='lat' dir='ltr'><strong>modestia:</strong></span> <span class='ocrx_word' id='word_1_657' title='bbox 2887 2199 3104 2254; x_wconf 90' lang='lat' dir='ltr'><strong>obtentu</strong></span> <span class='ocrx_word' id='word_1_658' title='bbox 3129 2202 3374 2256; x_wconf 87' lang='lat' dir='ltr'><strong>virtutem</strong></span> <span class='ocrx_word' id='word_1_659' title='bbox 3401 2204 3569 2274; x_wconf 90' lang='lat' dir='ltr'><strong>negli-</strong></span> 
     </span>
    </p>
   </div>
   <div class='ocr_carea' id='block_1_84' title="bbox 1998 2285 3570 2363">
    <p class='ocr_par' dir='ltr' id='par_1_84' title="bbox 1998 2285 3570 2363">
     <span class='ocr_line' id='line_1_84' title="bbox 1998 2285 3570 2363; baseline 0.011 -31"><span class='ocrx_word' id='word_1_660' title='bbox 1998 2295 2184 2350; x_wconf 90' lang='lat' dir='ltr'><strong>gamus</strong></span> <span class='ocrx_word' id='word_1_661' title='bbox 2219 2301 2231 2338; x_wconf 94' lang='lat'>:</span> <span class='ocrx_word' id='word_1_662' title='bbox 2267 2285 2361 2340; x_wconf 91' lang='lat' dir='ltr'><strong>sed</strong></span> <span class='ocrx_word' id='word_1_663' title='bbox 2392 2285 2584 2357; x_wconf 90' lang='lat' dir='ltr'><strong>ubique</strong></span> <span class='ocrx_word' id='word_1_664' title='bbox 2611 2289 2825 2344; x_wconf 90' lang='lat' dir='ltr'><strong>modum</strong></span> <span class='ocrx_word' id='word_1_665' title='bbox 2851 2303 3122 2345; x_wconf 87' lang='lat' dir='ltr'><strong>servemus</strong></span> <span class='ocrx_word' id='word_1_666' title='bbox 3141 2332 3156 2358; x_wconf 94' lang='lat'><strong>,</strong></span> <span class='ocrx_word' id='word_1_667' title='bbox 3187 2300 3240 2345; x_wconf 91' lang='lat' dir='ltr'><strong>et</strong></span> <span class='ocrx_word' id='word_1_668' title='bbox 3266 2291 3419 2347; x_wconf 87' lang='lat' dir='ltr'><strong>bonis</strong></span> <span class='ocrx_word' id='word_1_669' title='bbox 3439 2309 3570 2363; x_wconf 87' lang='lat' dir='ltr'><strong>ope-</strong></span> 
     </span>
    </p>
   </div>
   <div class='ocr_carea' id='block_1_85' title="bbox 2001 2371 3572 2451">
    <p class='ocr_par' dir='ltr' id='par_1_85' title="bbox 2001 2371 3572 2451">
     <span class='ocr_line' id='line_1_85' title="bbox 2001 2371 3572 2451; baseline 0.01 -26"><span class='ocrx_word' id='word_1_670' title='bbox 2001 2371 2149 2428; x_wconf 88' lang='lat' dir='ltr'><strong>ribus</strong></span> <span class='ocrx_word' id='word_1_671' title='bbox 2178 2377 2372 2430; x_wconf 80' lang='lat' dir='ltr'><strong>nostris</strong></span> <span class='ocrx_word' id='word_1_672' title='bbox 2402 2376 2774 2447; x_wconf 89' lang='lat' dir='ltr'><strong>humilitatem,</strong></span> <span class='ocrx_word' id='word_1_673' title='bbox 2802 2381 2950 2451; x_wconf 75' lang='lat' dir='ltr'><strong>quasi</strong></span> <span class='ocrx_word' id='word_1_674' title='bbox 2980 2381 3378 2439; x_wconf 81' lang='lat' dir='ltr'><strong>fundamentum</strong></span> <span class='ocrx_word' id='word_1_675' title='bbox 3405 2395 3459 2440; x_wconf 91' lang='lat' dir='ltr'><strong>et</strong></span> <span class='ocrx_word' id='word_1_676' title='bbox 3488 2386 3572 2440; x_wconf 88' lang='lat' dir='ltr'><strong>ba-</strong></span> 
     </span>
    </p>
   </div>
   <div class='ocr_carea' id='block_1_86' title="bbox 1999 2463 3573 2544">
    <p class='ocr_par' dir='ltr' id='par_1_86' title="bbox 1999 2463 3573 2544">
     <span class='ocr_line' id='line_1_86' title="bbox 1999 2463 3573 2544; baseline 0.008 -27"><span class='ocrx_word' id='word_1_677' title='bbox 1999 2463 2100 2517; x_wconf 92' lang='lat' dir='ltr'><strong>sim</strong></span> <span class='ocrx_word' id='word_1_678' title='bbox 2125 2465 2498 2534; x_wconf 83' lang='lat' dir='ltr'><strong>suhjiciamns,</strong></span> <span class='ocrx_word' id='word_1_679' title='bbox 2537 2479 2596 2523; x_wconf 91' lang='lat' dir='ltr'><strong>ut</strong></span> <span class='ocrx_word' id='word_1_680' title='bbox 2624 2484 2808 2526; x_wconf 89' lang='lat' dir='ltr'><strong>secure</strong></span> <span class='ocrx_word' id='word_1_681' title='bbox 2831 2487 2948 2542; x_wconf 73' lang='lat' dir='ltr'><strong>qua:</strong></span> <span class='ocrx_word' id='word_1_682' title='bbox 2975 2472 3041 2527; x_wconf 89' lang='lat' dir='ltr'><strong>ad</strong></span> <span class='ocrx_word' id='word_1_683' title='bbox 3064 2475 3308 2528; x_wconf 84' lang='lat' dir='ltr'><strong>virtutem</strong></span> <span class='ocrx_word' id='word_1_684' title='bbox 3330 2486 3573 2544; x_wconf 84' lang='lat' dir='ltr'><strong>spectant</strong></span> 
     </span>
    </p>
   </div>
   <div class='ocr_carea' id='block_1_87' title="bbox 1998 2559 3570 2635">
    <p class='ocr_par' dir='ltr' id='par_1_87' title="bbox 1998 2559 3570 2635">
     <span class='ocr_line' id='line_1_87' title="bbox 1998 2559 3570 2635; baseline 0.009 -28"><span class='ocrx_word' id='word_1_685' title='bbox 1998 2565 2306 2612; x_wconf 87' lang='lat' dir='ltr'><strong>construere</strong></span> <span class='ocrx_word' id='word_1_686' title='bbox 2326 2559 2613 2614; x_wconf 88' lang='lat' dir='ltr'><strong>valeamus.</strong></span> <span class='ocrx_word' id='word_1_687' title='bbox 2655 2560 2780 2618; x_wconf 68' lang='lat' dir='ltr'><strong>Htec</strong></span> <span class='ocrx_word' id='word_1_688' title='bbox 2814 2563 2956 2618; x_wconf 88' lang='lat' dir='ltr'><strong>enim</strong></span> <span class='ocrx_word' id='word_1_689' title='bbox 2977 2578 3102 2620; x_wconf 87' lang='lat' dir='ltr'><strong>vere</strong></span> <span class='ocrx_word' id='word_1_690' title='bbox 3122 2565 3284 2620; x_wconf 88' lang='lat' dir='ltr'><strong>virtus</strong></span> <span class='ocrx_word' id='word_1_691' title='bbox 3317 2573 3415 2630; x_wconf 44' lang='lat' dir='ltr'><strong>est,</strong></span> <span class='ocrx_word' id='word_1_692' title='bbox 3451 2581 3570 2635; x_wconf 65' lang='lat' dir='ltr'><strong>qua:</strong></span> 
     </span>
    </p>
   </div>
   <div class='ocr_carea' id='block_1_88' title="bbox 1997 2647 3569 2719">
    <p class='ocr_par' dir='ltr' id='par_1_88' title="bbox 1997 2647 3569 2719">
     <span class='ocr_line' id='line_1_88' title="bbox 1997 2647 3569 2719; baseline 0.009 -22"><span class='ocrx_word' id='word_1_693' title='bbox 1997 2647 2330 2714; x_wconf 83' lang='lat' dir='ltr'><strong>conjunctam</strong></span> <span class='ocrx_word' id='word_1_694' title='bbox 2361 2648 2520 2705; x_wconf 89' lang='lat' dir='ltr'><strong>habet</strong></span> <span class='ocrx_word' id='word_1_695' title='bbox 2539 2649 2907 2707; x_wconf 88' lang='lat' dir='ltr'><strong>humilitatem.</strong></span> <span class='ocrx_word' id='word_1_696' title='bbox 2931 2654 3030 2719; x_wconf 87' lang='lat' dir='ltr'><strong>Qui</strong></span> <span class='ocrx_word' id='word_1_697' title='bbox 3053 2654 3152 2708; x_wconf 91' lang='lat' dir='ltr'><strong>hoc</strong></span> <span class='ocrx_word' id='word_1_698' title='bbox 3171 2654 3569 2712; x_wconf 84' lang='lat' dir='ltr'><strong>fundamentum</strong></span> 
     </span>
    </p>
   </div>
   <div class='ocr_carea' id='block_1_89' title="bbox 2000 2736 3567 2814">
    <p class='ocr_par' dir='ltr' id='par_1_89' title="bbox 2000 2736 3567 2814">
     <span class='ocr_line' id='line_1_89' title="bbox 2000 2736 3567 2814; baseline 0.01 -27"><span class='ocrx_word' id='word_1_699' title='bbox 2000 2744 2111 2789; x_wconf 90' lang='lat' dir='ltr'><strong>tuto</strong></span> <span class='ocrx_word' id='word_1_700' title='bbox 2133 2736 2340 2806; x_wconf 89' lang='lat' dir='ltr'><strong>jecerit,</strong></span> <span class='ocrx_word' id='word_1_701' title='bbox 2371 2742 2563 2808; x_wconf 88' lang='lat' dir='ltr'><strong>poterit</strong></span> <span class='ocrx_word' id='word_1_702' title='bbox 2602 2743 2654 2797; x_wconf 94' lang='lat' dir='ltr'><strong>in</strong></span> <span class='ocrx_word' id='word_1_703' title='bbox 2695 2752 2943 2814; x_wconf 86' lang='lat' dir='ltr'><strong>quantam</strong></span> <span class='ocrx_word' id='word_1_704' title='bbox 2972 2745 3198 2801; x_wconf 90' lang='lat' dir='ltr'><strong>voluerit</strong></span> <span class='ocrx_word' id='word_1_705' title='bbox 3234 2747 3567 2804; x_wconf 87' lang='lat' dir='ltr'><strong>altitudinem</strong></span> 
     </span>
    </p>
   </div>
   <div class='ocr_carea' id='block_1_90' title="bbox 1996 2834 3570 2906">
    <p class='ocr_par' dir='ltr' id='par_1_90' title="bbox 1996 2834 3570 2906">
     <span class='ocr_line' id='line_1_90' title="bbox 1996 2834 3570 2906; baseline 0.01 -26"><span class='ocrx_word' id='word_1_706' title='bbox 1996 2836 2312 2885; x_wconf 88' lang='lat' dir='ltr'><strong>structuram</strong></span> <span class='ocrx_word' id='word_1_707' title='bbox 2341 2834 2587 2888; x_wconf 91' lang='lat' dir='ltr'><strong>excitare.</strong></span> <span class='ocrx_word' id='word_1_708' title='bbox 2637 2835 2761 2891; x_wconf 65' lang='lat' dir='ltr'><strong>llaec</strong></span> <span class='ocrx_word' id='word_1_709' title='bbox 2799 2837 3024 2891; x_wconf 89' lang='lat' dir='ltr'><strong>maxima</strong></span> <span class='ocrx_word' id='word_1_710' title='bbox 3063 2848 3144 2893; x_wconf 89' lang='lat' dir='ltr'><strong>est</strong></span> <span class='ocrx_word' id='word_1_711' title='bbox 3185 2841 3426 2906; x_wconf 91' lang='lat' dir='ltr'><strong>munitio,</strong></span> <span class='ocrx_word' id='word_1_712' title='bbox 3456 2840 3570 2896; x_wconf 72' lang='lat' dir='ltr'><strong>haec</strong></span> 
     </span>
    </p>
   </div>
   <div class='ocr_carea' id='block_1_91' title="bbox 1998 2921 3570 2997">
    <p class='ocr_par' dir='ltr' id='par_1_91' title="bbox 1998 2921 3570 2997">
     <span class='ocr_line' id='line_1_91' title="bbox 1998 2921 3570 2997; baseline 0.011 -28"><span class='ocrx_word' id='word_1_713' title='bbox 1998 2933 2179 2974; x_wconf 91' lang='lat' dir='ltr'><strong>murus</strong></span> <span class='ocrx_word' id='word_1_714' title='bbox 2215 2921 2578 2988; x_wconf 88' lang='lat' dir='ltr'><strong>inconcussus,</strong></span> <span class='ocrx_word' id='word_1_715' title='bbox 2627 2925 2739 2981; x_wconf 63' lang='lat' dir='ltr'><strong>haec</strong></span> <span class='ocrx_word' id='word_1_716' title='bbox 2779 2927 3196 2997; x_wconf 77' lang='lat' dir='ltr'><strong>inexpugnabilis</strong></span> <span class='ocrx_word' id='word_1_717' title='bbox 3239 2930 3419 2995; x_wconf 87' lang='lat' dir='ltr'><strong>turris,</strong></span> <span class='ocrx_word' id='word_1_718' title='bbox 3453 2930 3570 2986; x_wconf 68' lang='lat' dir='ltr'><strong>haec</strong></span> 
     </span>
    </p>
   </div>
   <div class='ocr_carea' id='block_1_92' title="bbox 1997 3013 3570 3089">
    <p class='ocr_par' dir='ltr' id='par_1_92' title="bbox 1997 3013 3570 3089">
     <span class='ocr_line' id='line_1_92' title="bbox 1997 3013 3570 3089; baseline 0.011 -29"><span class='ocrx_word' id='word_1_719' title='bbox 1997 3023 2155 3064; x_wconf 88' lang='lat' dir='ltr'><strong>omne</strong></span> <span class='ocrx_word' id='word_1_720' title='bbox 2182 3013 2415 3068; x_wconf 90' lang='lat' dir='ltr'><strong>continet</strong></span> <span class='ocrx_word' id='word_1_721' title='bbox 2435 3014 2738 3083; x_wconf 66' lang='lat' dir='ltr'><strong>aedilicium,</strong></span> <span class='ocrx_word' id='word_1_722' title='bbox 2767 3032 2872 3071; x_wconf 88' lang='lat' dir='ltr'><strong>non</strong></span> <span class='ocrx_word' id='word_1_723' title='bbox 2893 3018 3073 3072; x_wconf 83' lang='lat' dir='ltr'><strong>sinetis</strong></span> <span class='ocrx_word' id='word_1_724' title='bbox 3100 3020 3268 3089; x_wconf 91' lang='lat' dir='ltr'><strong>ipsum</strong></span> <span class='ocrx_word' id='word_1_725' title='bbox 3291 3021 3423 3075; x_wconf 87' lang='lat' dir='ltr'><strong>vela</strong></span> <span class='ocrx_word' id='word_1_726' title='bbox 3442 3037 3570 3076; x_wconf 86' lang='lat' dir='ltr'><strong>ven-</strong></span> 
     </span>
    </p>
   </div>
   <div class='ocr_carea' id='block_1_93' title="bbox 1998 3101 3569 3178">
    <p class='ocr_par' dir='ltr' id='par_1_93' title="bbox 1998 3101 3569 3178">
     <span class='ocr_line' id='line_1_93' title="bbox 1998 3101 3569 3178; baseline 0.008 -24"><span class='ocrx_word' id='word_1_727' title='bbox 1998 3111 2167 3154; x_wconf 91' lang='lat' dir='ltr'><strong>torum</strong></span> <span class='ocrx_word' id='word_1_728' title='bbox 2185 3101 2450 3170; x_wconf 79' lang='lat' dir='ltr'><strong>violentia,</strong></span> <span class='ocrx_word' id='word_1_729' title='bbox 2472 3106 2551 3159; x_wconf 87' lang='lat' dir='ltr'><strong>vel</strong></span> <span class='ocrx_word' id='word_1_730' title='bbox 2577 3106 2644 3161; x_wconf 91' lang='lat' dir='ltr'><strong>ab</strong></span> <span class='ocrx_word' id='word_1_731' title='bbox 2667 3107 2916 3165; x_wconf 88' lang='lat' dir='ltr'><strong>imbrium</strong></span> <span class='ocrx_word' id='word_1_732' title='bbox 2941 3107 3162 3178; x_wconf 81' lang='lat' dir='ltr'><strong>impetu,</strong></span> <span class='ocrx_word' id='word_1_733' title='bbox 3183 3112 3263 3164; x_wconf 91' lang='lat' dir='ltr'><strong>vel</strong></span> <span class='ocrx_word' id='word_1_734' title='bbox 3290 3125 3323 3165; x_wconf 83' lang='lat' dir='ltr'><strong>a</strong></span> <span class='ocrx_word' id='word_1_735' title='bbox 3351 3109 3569 3166; x_wconf 82' lang='lat' dir='ltr'><strong>Datuum</strong></span> 
     </span>
    </p>
   </div>
   <div class='ocr_carea' id='block_1_94' title="bbox 1994 3194 3571 3267">
    <p class='ocr_par' dir='ltr' id='par_1_94' title="bbox 1994 3194 3571 3267">
     <span class='ocr_line' id='line_1_94' title="bbox 1994 3194 3571 3267; baseline 0.008 -20"><span class='ocrx_word' id='word_1_736' title='bbox 1994 3195 2045 3248; x_wconf 89' lang='lat' dir='ltr'><strong>vi</strong></span> <span class='ocrx_word' id='word_1_737' title='bbox 2073 3194 2227 3264; x_wconf 89' lang='lat' dir='ltr'><strong>dejici</strong></span> <span class='ocrx_word' id='word_1_738' title='bbox 2261 3213 2274 3248; x_wconf 89' lang='lat'><strong>:</strong></span> <span class='ocrx_word' id='word_1_739' title='bbox 2303 3196 2397 3251; x_wconf 87' lang='lat' dir='ltr'><strong>sed</strong></span> <span class='ocrx_word' id='word_1_740' title='bbox 2439 3197 2686 3252; x_wconf 90' lang='lat' dir='ltr'><strong>omnibus</strong></span> <span class='ocrx_word' id='word_1_741' title='bbox 2725 3198 2929 3254; x_wconf 84' lang='lat' dir='ltr'><strong>insidiis</strong></span> <span class='ocrx_word' id='word_1_742' title='bbox 2975 3201 3301 3256; x_wconf 82' lang='lat' dir='ltr'><strong>inaccessum</strong></span> <span class='ocrx_word' id='word_1_743' title='bbox 3332 3201 3487 3267; x_wconf 86' lang='lat' dir='ltr'><strong>facit,</strong></span> <span class='ocrx_word' id='word_1_744' title='bbox 3515 3213 3571 3258; x_wconf 90' lang='lat' dir='ltr'><strong>et</strong></span> 
     </span>
    </p>
   </div>
   <div class='ocr_carea' id='block_1_95' title="bbox 1995 3285 3569 3357">
    <p class='ocr_par' dir='ltr' id='par_1_95' title="bbox 1995 3285 3569 3357">
     <span class='ocr_line' id='line_1_95' title="bbox 1995 3285 3569 3357; baseline 0.004 -18"><span class='ocrx_word' id='word_1_745' title='bbox 1995 3285 2267 3352; x_wconf 90' lang='lat' dir='ltr'><strong>invictum,</strong></span> <span class='ocrx_word' id='word_1_746' title='bbox 2299 3287 2447 3357; x_wconf 86' lang='lat' dir='ltr'><strong>quasi</strong></span> <span class='ocrx_word' id='word_1_747' title='bbox 2475 3304 2536 3342; x_wconf 88' lang='lat' dir='ltr'><strong>ex</strong></span> <span class='ocrx_word' id='word_1_748' title='bbox 2563 3289 2840 3344; x_wconf 87' lang='lat' dir='ltr'><strong>adamante</strong></span> <span class='ocrx_word' id='word_1_749' title='bbox 2867 3299 3228 3346; x_wconf 91' lang='lat' dir='ltr'><strong>constructum</strong></span> <span class='ocrx_word' id='word_1_750' title='bbox 3257 3300 3419 3357; x_wconf 89' lang='lat' dir='ltr'><strong>esset,</strong></span> <span class='ocrx_word' id='word_1_751' title='bbox 3453 3309 3569 3346; x_wconf 83' lang='lat' dir='ltr'><strong>rna-</strong></span> 
     </span>
    </p>
   </div>
   <div class='ocr_carea' id='block_1_96' title="bbox 1993 3376 3568 3450">
    <p class='ocr_par' dir='ltr' id='par_1_96' title="bbox 1993 3376 3568 3450">
     <span class='ocr_line' id='line_1_96' title="bbox 1993 3376 3568 3450; baseline 0.006 -21"><span class='ocrx_word' id='word_1_752' title='bbox 1993 3390 2228 3446; x_wconf 87' lang='lat' dir='ltr'><strong>gnasque</strong></span> <span class='ocrx_word' id='word_1_753' title='bbox 2266 3376 2417 3432; x_wconf 86' lang='lat' dir='ltr'><strong>nobis</strong></span> <span class='ocrx_word' id='word_1_754' title='bbox 2445 3377 2636 3434; x_wconf 66' lang='lat' dir='ltr'><strong>divinae</strong></span> <span class='ocrx_word' id='word_1_755' title='bbox 2676 3379 2929 3450; x_wconf 85' lang='lat' dir='ltr'><strong>largitatis</strong></span> <span class='ocrx_word' id='word_1_756' title='bbox 2963 3381 3236 3436; x_wconf 84' lang='lat' dir='ltr'><strong>mercedes</strong></span> <span class='ocrx_word' id='word_1_757' title='bbox 3263 3381 3433 3440; x_wconf 75' lang='lat' dir='ltr'><strong>aﬂ‘ert.</strong></span> <span class='ocrx_word' id='word_1_758' title='bbox 3466 3384 3568 3439; x_wconf 88' lang='lat' dir='ltr'><strong>Per</strong></span> 
     </span>
    </p>
   </div>
   <div class='ocr_carea' id='block_1_97' title="bbox 1995 3465 3566 3541">
    <p class='ocr_par' dir='ltr' id='par_1_97' title="bbox 1995 3465 3566 3541">
     <span class='ocr_line' id='line_1_97' title="bbox 1995 3465 3566 3541; baseline 0.005 -21"><span class='ocrx_word' id='word_1_759' title='bbox 1995 3465 2132 3522; x_wconf 88' lang='lat' dir='ltr'><strong>hanc</strong></span> <span class='ocrx_word' id='word_1_760' title='bbox 2157 3475 2209 3521; x_wconf 90' lang='lat' dir='ltr'><strong>et</strong></span> <span class='ocrx_word' id='word_1_761' title='bbox 2237 3469 2532 3537; x_wconf 88' lang='lat' dir='ltr'><strong>patriarcha</strong></span> <span class='ocrx_word' id='word_1_762' title='bbox 2564 3477 2826 3524; x_wconf 89' lang='lat' dir='ltr'><strong>tantarum</strong></span> <span class='ocrx_word' id='word_1_763' title='bbox 2856 3470 2944 3524; x_wconf 89' lang='lat' dir='ltr'><strong>Dei</strong></span> <span class='ocrx_word' id='word_1_764' title='bbox 2972 3472 3380 3541; x_wconf 87' lang='lat' dir='ltr'><strong>promissionum</strong></span> <span class='ocrx_word' id='word_1_765' title='bbox 3409 3487 3566 3528; x_wconf 86' lang='lat' dir='ltr'><strong>acce-</strong></span> 
     </span>
    </p>
   </div>
   <div class='ocr_carea' id='block_1_98' title="bbox 1994 3557 3562 3630">
    <p class='ocr_par' dir='ltr' id='par_1_98' title="bbox 1994 3557 3562 3630">
     <span class='ocr_line' id='line_1_98' title="bbox 1994 3557 3562 3630; baseline 0.005 -19"><span class='ocrx_word' id='word_1_766' title='bbox 1994 3557 2071 3626; x_wconf 94' lang='lat' dir='ltr'><strong>pit</strong></span> <span class='ocrx_word' id='word_1_767' title='bbox 2104 3557 2538 3628; x_wconf 85' lang='lat' dir='ltr'><strong>magnitudinem.</strong></span> <span class='ocrx_word' id='word_1_768' title='bbox 2581 3559 2740 3614; x_wconf 88' lang='lat' dir='ltr'><strong>Scitis</strong></span> <span class='ocrx_word' id='word_1_769' title='bbox 2777 3560 2938 3625; x_wconf 87' lang='lat' dir='ltr'><strong>enim,</strong></span> <span class='ocrx_word' id='word_1_770' title='bbox 2969 3563 3304 3630; x_wconf 87' lang='lat' dir='ltr'><strong>permittente</strong></span> <span class='ocrx_word' id='word_1_771' title='bbox 3340 3564 3468 3626; x_wconf 85' lang='lat' dir='ltr'><strong>Deo,</strong></span> <span class='ocrx_word' id='word_1_772' title='bbox 3496 3579 3562 3619; x_wconf 84' lang='lat' dir='ltr'><strong>ex</strong></span> 
     </span>
    </p>
   </div>
   <div class='ocr_carea' id='block_1_99' title="bbox 1994 3648 3567 3720">
    <p class='ocr_par' dir='ltr' id='par_1_99' title="bbox 1994 3648 3567 3720">
     <span class='ocr_line' id='line_1_99' title="bbox 1994 3648 3567 3720; baseline 0.006 -19"><span class='ocrx_word' id='word_1_773' title='bbox 1994 3648 2060 3702; x_wconf 90' lang='lat' dir='ltr'><strong>iis</strong></span> <span class='ocrx_word' id='word_1_774' title='bbox 2085 3662 2204 3717; x_wconf 65' lang='lat' dir='ltr'><strong>quae</strong></span> <span class='ocrx_word' id='word_1_775' title='bbox 2244 3649 2295 3702; x_wconf 94' lang='lat' dir='ltr'><strong>in</strong></span> <span class='ocrx_word' id='word_1_776' title='bbox 2336 3648 2677 3718; x_wconf 89' lang='lat' dir='ltr'><strong>sequentibus</strong></span> <span class='ocrx_word' id='word_1_777' title='bbox 2719 3649 2993 3716; x_wconf 89' lang='lat' dir='ltr'><strong>dicentur,</strong></span> <span class='ocrx_word' id='word_1_778' title='bbox 3026 3651 3291 3720; x_wconf 90' lang='lat' dir='ltr'><strong>quomodo</strong></span> <span class='ocrx_word' id='word_1_779' title='bbox 3319 3668 3475 3719; x_wconf 87' lang='lat' dir='ltr'><strong>nunc,</strong></span> <span class='ocrx_word' id='word_1_780' title='bbox 3508 3665 3567 3710; x_wconf 91' lang='lat' dir='ltr'><strong>ut</strong></span> 
     </span>
    </p>
   </div>
   <div class='ocr_carea' id='block_1_100' title="bbox 1991 3739 3562 3811">
    <p class='ocr_par' dir='ltr' id='par_1_100' title="bbox 1991 3739 3562 3811">
     <span class='ocr_line' id='line_1_100' title="bbox 1991 3739 3562 3811; baseline 0.003 -19"><span class='ocrx_word' id='word_1_781' title='bbox 1991 3739 2310 3809; x_wconf 87' lang='lat' dir='ltr'><strong>contempsit</strong></span> <span class='ocrx_word' id='word_1_782' title='bbox 2345 3753 2406 3794; x_wconf 88' lang='lat' dir='ltr'><strong>ea</strong></span> <span class='ocrx_word' id='word_1_783' title='bbox 2444 3754 2562 3809; x_wconf 64' lang='lat' dir='ltr'><strong>quas</strong></span> <span class='ocrx_word' id='word_1_784' title='bbox 2601 3741 2824 3795; x_wconf 87' lang='lat' dir='ltr'><strong>daturus</strong></span> <span class='ocrx_word' id='word_1_785' title='bbox 2865 3748 2980 3795; x_wconf 89' lang='lat' dir='ltr'><strong>erat</strong></span> <span class='ocrx_word' id='word_1_786' title='bbox 3026 3739 3376 3798; x_wconf 88' lang='lat' dir='ltr'><strong>Sodomorum</strong></span> <span class='ocrx_word' id='word_1_787' title='bbox 3423 3759 3518 3799; x_wconf 89' lang='lat' dir='ltr'><strong>rex</strong></span> <span class='ocrx_word' id='word_1_788' title='bbox 3545 3786 3562 3811; x_wconf 92' lang='lat'><strong>,</strong></span> 
     </span>
    </p>
   </div>
   <div class='ocr_carea' id='block_1_101' title="bbox 1992 3827 3568 3904">
    <p class='ocr_par' dir='ltr' id='par_1_101' title="bbox 1992 3827 3568 3904">
     <span class='ocr_line' id='line_1_101' title="bbox 1992 3827 3568 3904; baseline 0.007 -20"><span class='ocrx_word' id='word_1_789' title='bbox 1992 3845 2180 3901; x_wconf 83' lang='lat' dir='ltr'><strong>magna</strong></span> <span class='ocrx_word' id='word_1_790' title='bbox 2218 3840 2273 3886; x_wconf 90' lang='lat' dir='ltr'><strong>et</strong></span> <span class='ocrx_word' id='word_1_791' title='bbox 2309 3827 2588 3887; x_wconf 77' lang='lat' dir='ltr'><strong>inetfabilia</strong></span> <span class='ocrx_word' id='word_1_792' title='bbox 2628 3831 2720 3886; x_wconf 90' lang='lat' dir='ltr'><strong>Dei</strong></span> <span class='ocrx_word' id='word_1_793' title='bbox 2758 3831 2894 3886; x_wconf 88' lang='lat' dir='ltr'><strong>dona</strong></span> <span class='ocrx_word' id='word_1_794' title='bbox 2933 3843 3288 3904; x_wconf 85' lang='lat' dir='ltr'><strong>consequutus</strong></span> <span class='ocrx_word' id='word_1_795' title='bbox 3323 3843 3424 3890; x_wconf 89' lang='lat' dir='ltr'><strong>est.</strong></span> <span class='ocrx_word' id='word_1_796' title='bbox 3464 3836 3568 3895; x_wconf 86' lang='lat' dir='ltr'><strong>Per</strong></span> 
     </span>
    </p>
   </div>
   <div class='ocr_carea' id='block_1_102' title="bbox 1993 3919 3564 3992">
    <p class='ocr_par' dir='ltr' id='par_1_102' title="bbox 1993 3919 3564 3992">
     <span class='ocr_line' id='line_1_102' title="bbox 1993 3919 3564 3992; baseline 0.008 -18"><span class='ocrx_word' id='word_1_797' title='bbox 1993 3919 2131 3976; x_wconf 89' lang='lat' dir='ltr'><strong>hanc</strong></span> <span class='ocrx_word' id='word_1_798' title='bbox 2156 3937 2260 3976; x_wconf 93' lang='lat' dir='ltr'><strong>non</strong></span> <span class='ocrx_word' id='word_1_799' title='bbox 2292 3922 2380 3978; x_wconf 89' lang='lat' dir='ltr'><strong>ille</strong></span> <span class='ocrx_word' id='word_1_800' title='bbox 2407 3923 2578 3978; x_wconf 86' lang='lat' dir='ltr'><strong>solum</strong></span> <span class='ocrx_word' id='word_1_801' title='bbox 2604 3964 2620 3989; x_wconf 92' lang='lat'><strong>,</strong></span> <span class='ocrx_word' id='word_1_802' title='bbox 2656 3923 2748 3978; x_wconf 90' lang='lat' dir='ltr'><strong>sed</strong></span> <span class='ocrx_word' id='word_1_803' title='bbox 2789 3933 2841 3978; x_wconf 89' lang='lat' dir='ltr'><strong>et</strong></span> <span class='ocrx_word' id='word_1_804' title='bbox 2875 3924 3002 3992; x_wconf 89' lang='lat' dir='ltr'><strong>justi</strong></span> <span class='ocrx_word' id='word_1_805' title='bbox 3035 3939 3218 3980; x_wconf 88' lang='lat' dir='ltr'><strong>omnes</strong></span> <span class='ocrx_word' id='word_1_806' title='bbox 3243 3928 3484 3984; x_wconf 84' lang='lat' dir='ltr'><strong>celebres</strong></span> <span class='ocrx_word' id='word_1_807' title='bbox 3509 3941 3564 3986; x_wconf 91' lang='lat' dir='ltr'><strong>et</strong></span> 
     </span>
    </p>
   </div>
   <div class='ocr_carea' id='block_1_103' title="bbox 1989 4009 3562 4088">
    <p class='ocr_par' dir='ltr' id='par_1_103' title="bbox 1989 4009 3562 4088">
     <span class='ocr_line' id='line_1_103' title="bbox 1989 4009 3562 4088; baseline 0.007 -24"><span class='ocrx_word' id='word_1_808' title='bbox 1989 4009 2119 4064; x_wconf 88' lang='lat' dir='ltr'><strong>clari</strong></span> <span class='ocrx_word' id='word_1_809' title='bbox 2143 4009 2374 4065; x_wconf 91' lang='lat' dir='ltr'><strong>fuerunt.</strong></span> <span class='ocrx_word' id='word_1_810' title='bbox 2409 4012 2483 4076; x_wconf 93' lang='lat' dir='ltr'><strong>Id,</strong></span> <span class='ocrx_word' id='word_1_811' title='bbox 2513 4021 2767 4081; x_wconf 91' lang='lat' dir='ltr'><strong>quotquot</strong></span> <span class='ocrx_word' id='word_1_812' title='bbox 2792 4013 2920 4067; x_wconf 88' lang='lat' dir='ltr'><strong>estis</strong></span> <span class='ocrx_word' id='word_1_813' title='bbox 2939 4013 3233 4068; x_wconf 90' lang='lat' dir='ltr'><strong>divinarum</strong></span> <span class='ocrx_word' id='word_1_814' title='bbox 3265 4016 3562 4088; x_wconf 88' lang='lat' dir='ltr'><strong>Scriptura-</strong></span> 
     </span>
    </p>
   </div>
   <div class='ocr_carea' id='block_1_104' title="bbox 1992 4102 3562 4180">
    <p class='ocr_par' dir='ltr' id='par_1_104' title="bbox 1992 4102 3562 4180">
     <span class='ocr_line' id='line_1_104' title="bbox 1992 4102 3562 4180; baseline 0.006 -24"><span class='ocrx_word' id='word_1_815' title='bbox 1992 4117 2109 4156; x_wconf 89' lang='lat' dir='ltr'><strong>rum</strong></span> <span class='ocrx_word' id='word_1_816' title='bbox 2153 4102 2397 4159; x_wconf 87' lang='lat' dir='ltr'><strong>lectionis</strong></span> <span class='ocrx_word' id='word_1_817' title='bbox 2435 4105 2676 4170; x_wconf 89' lang='lat' dir='ltr'><strong>studiosi,</strong></span> <span class='ocrx_word' id='word_1_818' title='bbox 2706 4105 2978 4160; x_wconf 88' lang='lat' dir='ltr'><strong>addiscere</strong></span> <span class='ocrx_word' id='word_1_819' title='bbox 3009 4107 3264 4175; x_wconf 91' lang='lat' dir='ltr'><strong>poteritis.</strong></span> <span class='ocrx_word' id='word_1_820' title='bbox 3296 4109 3562 4180; x_wconf 85' lang='lat' dir='ltr'><strong>Bcnignus</strong></span> 
     </span>
    </p>
   </div>
   <div class='ocr_carea' id='block_1_105' title="bbox 1990 4193 3559 4268">
    <p class='ocr_par' dir='ltr' id='par_1_105' title="bbox 1990 4193 3559 4268">
     <span class='ocr_line' id='line_1_105' title="bbox 1990 4193 3559 4268; baseline 0.004 -19"><span class='ocrx_word' id='word_1_821' title='bbox 1990 4193 2132 4249; x_wconf 87' lang='lat' dir='ltr'><strong>enim</strong></span> <span class='ocrx_word' id='word_1_822' title='bbox 2161 4193 2411 4248; x_wconf 79' lang='lat' dir='ltr'><strong>Dominus</strong></span> <span class='ocrx_word' id='word_1_823' title='bbox 2430 4195 2641 4264; x_wconf 88' lang='lat' dir='ltr'><strong>quando</strong></span> <span class='ocrx_word' id='word_1_824' title='bbox 2666 4210 2762 4249; x_wconf 89' lang='lat' dir='ltr'><strong>nos</strong></span> <span class='ocrx_word' id='word_1_825' title='bbox 2787 4195 2930 4250; x_wconf 88' lang='lat' dir='ltr'><strong>videt</strong></span> <span class='ocrx_word' id='word_1_826' title='bbox 2956 4195 3230 4266; x_wconf 88' lang='lat' dir='ltr'><strong>despicere</strong></span> <span class='ocrx_word' id='word_1_827' title='bbox 3258 4201 3559 4268; x_wconf 73' lang='lat' dir='ltr'><strong>prmscntia,</strong></span> 
     </span>
    </p>
   </div>
   <div class='ocr_carea' id='block_1_106' title="bbox 1989 4287 3560 4360">
    <p class='ocr_par' dir='ltr' id='par_1_106' title="bbox 1989 4287 3560 4360">
     <span class='ocr_line' id='line_1_106' title="bbox 1989 4287 3560 4360; baseline 0.005 -19"><span class='ocrx_word' id='word_1_828' title='bbox 1989 4287 2149 4342; x_wconf 87' lang='lat' dir='ltr'><strong>etiam</strong></span> <span class='ocrx_word' id='word_1_829' title='bbox 2197 4288 2306 4358; x_wconf 85' lang='lat' dir='ltr'><strong>ipsa</strong></span> <span class='ocrx_word' id='word_1_830' title='bbox 2351 4288 2548 4358; x_wconf 81' lang='lat' dir='ltr'><strong>largius</strong></span> <span class='ocrx_word' id='word_1_831' title='bbox 2591 4288 2926 4359; x_wconf 85' lang='lat' dir='ltr'><strong>suppeditat,</strong></span> <span class='ocrx_word' id='word_1_832' title='bbox 2963 4289 3223 4360; x_wconf 88' lang='lat' dir='ltr'><strong>nobisque</strong></span> <span class='ocrx_word' id='word_1_833' title='bbox 3264 4289 3560 4350; x_wconf 89' lang='lat' dir='ltr'><strong>futurorum</strong></span> 
     </span>
    </p>
   </div>
   <div class='ocr_carea' id='block_1_107' title="bbox 1991 4377 3562 4451">
    <p class='ocr_par' dir='ltr' id='par_1_107' title="bbox 1991 4377 3562 4451">
     <span class='ocr_line' id='line_1_107' title="bbox 1991 4377 3562 4451; baseline 0.006 -19"><span class='ocrx_word' id='word_1_834' title='bbox 1991 4377 2248 4433; x_wconf 89' lang='lat' dir='ltr'><strong>bonorum</strong></span> <span class='ocrx_word' id='word_1_835' title='bbox 2280 4377 2506 4434; x_wconf 89' lang='lat' dir='ltr'><strong>fructttm</strong></span> <span class='ocrx_word' id='word_1_836' title='bbox 2537 4379 2795 4435; x_wconf 88' lang='lat' dir='ltr'><strong>recondit.</strong></span> <span class='ocrx_word' id='word_1_837' title='bbox 2825 4379 3016 4436; x_wconf 81' lang='lat' dir='ltr'><strong>Videre</strong></span> <span class='ocrx_word' id='word_1_838' title='bbox 3046 4381 3146 4436; x_wconf 92' lang='lat' dir='ltr'><strong>hoc</strong></span> <span class='ocrx_word' id='word_1_839' title='bbox 3168 4391 3318 4451; x_wconf 87' lang='lat' dir='ltr'><strong>potes</strong></span> <span class='ocrx_word' id='word_1_840' title='bbox 3343 4383 3395 4438; x_wconf 90' lang='lat' dir='ltr'><strong>in</strong></span> <span class='ocrx_word' id='word_1_841' title='bbox 3421 4384 3562 4441; x_wconf 86' lang='lat' dir='ltr'><strong>divi-</strong></span> 
     </span>
    </p>
   </div>
   <div class='ocr_carea' id='block_1_108' title="bbox 1992 4468 3559 4548">
    <p class='ocr_par' dir='ltr' id='par_1_108' title="bbox 1992 4468 3559 4548">
     <span class='ocr_line' id='line_1_108' title="bbox 1992 4468 3559 4548; baseline 0.007 -28"><span class='ocrx_word' id='word_1_842' title='bbox 1992 4468 2108 4531; x_wconf 90' lang='lat' dir='ltr'><strong>tiis,</strong></span> <span class='ocrx_word' id='word_1_843' title='bbox 2147 4469 2198 4522; x_wconf 91' lang='lat' dir='ltr'><strong>in</strong></span> <span class='ocrx_word' id='word_1_844' title='bbox 2233 4469 2400 4540; x_wconf 86' lang='lat' dir='ltr'><strong>gloria</strong></span> <span class='ocrx_word' id='word_1_845' title='bbox 2429 4469 2584 4540; x_wconf 90' lang='lat' dir='ltr'><strong>hujus</strong></span> <span class='ocrx_word' id='word_1_846' title='bbox 2611 4471 2752 4535; x_wconf 67' lang='lat' dir='ltr'><strong>vitae,</strong></span> <span class='ocrx_word' id='word_1_847' title='bbox 2783 4479 2838 4526; x_wconf 92' lang='lat' dir='ltr'><strong>et</strong></span> <span class='ocrx_word' id='word_1_848' title='bbox 2866 4471 2918 4526; x_wconf 89' lang='lat' dir='ltr'><strong>in</strong></span> <span class='ocrx_word' id='word_1_849' title='bbox 2945 4472 3191 4529; x_wconf 89' lang='lat' dir='ltr'><strong>omnibus</strong></span> <span class='ocrx_word' id='word_1_850' title='bbox 3218 4473 3336 4531; x_wconf 84' lang='lat' dir='ltr'><strong>aliis</strong></span> <span class='ocrx_word' id='word_1_851' title='bbox 3359 4483 3559 4548; x_wconf 81' lang='lat' dir='ltr'><strong>tempo-</strong></span> 
     </span>
    </p>
   </div>
   <div class='ocr_carea' id='block_1_109' title="bbox 1989 4559 2391 4616">
    <p class='ocr_par' dir='ltr' id='par_1_109' title="bbox 1989 4559 2391 4616">
     <span class='ocr_line' id='line_1_109' title="bbox 1989 4559 2391 4616; baseline 0.002 -3"><span class='ocrx_word' id='word_1_852' title='bbox 1989 4559 2188 4615; x_wconf 90' lang='lat' dir='ltr'><strong>ralibus</strong></span> <span class='ocrx_word' id='word_1_853' title='bbox 2213 4561 2391 4616; x_wconf 86' lang='lat' dir='ltr'><strong>rebus.</strong></span> 
     </span>
    </p>
   </div>
   <div class='ocr_carea' id='block_1_110' title="bbox 2061 4649 3563 4722">
    <p class='ocr_par' dir='ltr' id='par_1_110' title="bbox 2061 4649 3563 4722">
     <span class='ocr_line' id='line_1_110' title="bbox 2061 4649 3563 4722; baseline 0.007 -21"><span class='ocrx_word' id='word_1_854' title='bbox 2061 4649 2141 4701; x_wconf 78' lang='lat' dir='ltr'><strong>Ad</strong></span> <span class='ocrx_word' id='word_1_855' title='bbox 2157 4659 2492 4718; x_wconf 85' lang='lat' dir='ltr'><strong>contemptum</strong></span> <span class='ocrx_word' id='word_1_856' title='bbox 2520 4651 2761 4704; x_wconf 83' lang='lat' dir='ltr'><strong>bonorum</strong></span> <span class='ocrx_word' id='word_1_857' title='bbox 2787 4652 2941 4722; x_wconf 80' lang='lat' dir='ltr'><strong>hujus</strong></span> <span class='ocrx_word' id='word_1_858' title='bbox 2961 4653 3074 4707; x_wconf 69' lang='lat' dir='ltr'><strong>vim</strong></span> <span class='ocrx_word' id='word_1_859' title='bbox 3091 4653 3340 4708; x_wconf 70' lang='lat' dir='ltr'><strong>hortatur.</strong></span> <span class='ocrx_word' id='word_1_860' title='bbox 3357 4685 3428 4695; x_wconf 96' lang='lat'>—</span> <span class='ocrx_word' id='word_1_861' title='bbox 3457 4656 3563 4712; x_wconf 86' lang='lat' dir='ltr'><strong>De-</strong></span> 
     </span>
    </p>
   </div>
   <div class='ocr_carea' id='block_1_111' title="bbox 1988 4738 3562 4809">
    <p class='ocr_par' dir='ltr' id='par_1_111' title="bbox 1988 4738 3562 4809">
     <span class='ocr_line' id='line_1_111' title="bbox 1988 4738 3562 4809; baseline 0.007 -17"><span class='ocrx_word' id='word_1_862' title='bbox 1988 4738 2275 4806; x_wconf 81' lang='lat' dir='ltr'><strong>spiciamus</strong></span> <span class='ocrx_word' id='word_1_863' title='bbox 2315 4739 2474 4808; x_wconf 85' lang='lat' dir='ltr'><strong>igitur</strong></span> <span class='ocrx_word' id='word_1_864' title='bbox 2509 4751 2797 4809; x_wconf 67' lang='lat' dir='ltr'><strong>praesentes</strong></span> <span class='ocrx_word' id='word_1_865' title='bbox 2823 4742 3055 4808; x_wconf 89' lang='lat' dir='ltr'><strong>divitias,</strong></span> <span class='ocrx_word' id='word_1_866' title='bbox 3083 4752 3141 4796; x_wconf 91' lang='lat' dir='ltr'><strong>ut</strong></span> <span class='ocrx_word' id='word_1_867' title='bbox 3171 4758 3322 4798; x_wconf 87' lang='lat' dir='ltr'><strong>veras</strong></span> <span class='ocrx_word' id='word_1_868' title='bbox 3350 4744 3562 4803; x_wconf 87' lang='lat' dir='ltr'><strong>divitias</strong></span> 
     </span>
    </p>
   </div>
   <div class='ocr_carea' id='block_1_112' title="bbox 1990 4827 3558 4902">
    <p class='ocr_par' dir='ltr' id='par_1_112' title="bbox 1990 4827 3558 4902">
     <span class='ocr_line' id='line_1_112' title="bbox 1990 4827 3558 4902; baseline 0.004 -21"><span class='ocrx_word' id='word_1_869' title='bbox 1990 4827 2228 4882; x_wconf 83' lang='lat' dir='ltr'><strong>invenire</strong></span> <span class='ocrx_word' id='word_1_870' title='bbox 2249 4829 2551 4892; x_wconf 86' lang='lat' dir='ltr'><strong>valeamus;</strong></span> <span class='ocrx_word' id='word_1_871' title='bbox 2580 4829 2932 4897; x_wconf 85' lang='lat' dir='ltr'><strong>despiciamus</strong></span> <span class='ocrx_word' id='word_1_872' title='bbox 2949 4844 3135 4883; x_wconf 88' lang='lat' dir='ltr'><strong>vanam</strong></span> <span class='ocrx_word' id='word_1_873' title='bbox 3160 4828 3294 4885; x_wconf 84' lang='lat' dir='ltr'><strong>hanc</strong></span> <span class='ocrx_word' id='word_1_874' title='bbox 3315 4831 3558 4902; x_wconf 87' lang='lat' dir='ltr'><strong>gloriam,</strong></span> 
     </span>
    </p>
   </div>
   <div class='ocr_carea' id='block_1_113' title="bbox 1988 4917 3558 4988">
    <p class='ocr_par' dir='ltr' id='par_1_113' title="bbox 1988 4917 3558 4988">
     <span class='ocr_line' id='line_1_113' title="bbox 1988 4917 3558 4988; baseline 0.004 -18"><span class='ocrx_word' id='word_1_875' title='bbox 1988 4928 2042 4970; x_wconf 91' lang='lat' dir='ltr'><strong>ut</strong></span> <span class='ocrx_word' id='word_1_876' title='bbox 2067 4933 2189 4970; x_wconf 86' lang='lat' dir='ltr'><strong>vera</strong></span> <span class='ocrx_word' id='word_1_877' title='bbox 2217 4917 2301 4970; x_wconf 91' lang='lat' dir='ltr'><strong>illa</strong></span> <span class='ocrx_word' id='word_1_878' title='bbox 2333 4929 2386 4972; x_wconf 91' lang='lat' dir='ltr'><strong>et</strong></span> <span class='ocrx_word' id='word_1_879' title='bbox 2405 4917 2571 4972; x_wconf 86' lang='lat' dir='ltr'><strong>solida</strong></span> <span class='ocrx_word' id='word_1_880' title='bbox 2599 4918 2866 4981; x_wconf 83' lang='lat' dir='ltr'><strong>fruantur;</strong></span> <span class='ocrx_word' id='word_1_881' title='bbox 2891 4917 3223 4973; x_wconf 85' lang='lat' dir='ltr'><strong>derideamus</strong></span> <span class='ocrx_word' id='word_1_882' title='bbox 3246 4934 3558 4988; x_wconf 64' lang='lat' dir='ltr'><strong>praesentem</strong></span> 
     </span>
    </p>
   </div>
   <div class='ocr_carea' id='block_1_114' title="bbox 1988 5008 3557 5082">
    <p class='ocr_par' dir='ltr' id='par_1_114' title="bbox 1988 5008 3557 5082">
     <span class='ocr_line' id='line_1_114' title="bbox 1988 5008 3557 5082; baseline 0.004 -22"><span class='ocrx_word' id='word_1_883' title='bbox 1988 5008 2427 5076; x_wconf 86' lang='lat' dir='ltr'><strong>prosperitatem.</strong></span> <span class='ocrx_word' id='word_1_884' title='bbox 2478 5019 2535 5061; x_wconf 95' lang='lat' dir='ltr'><strong>nt</strong></span> <span class='ocrx_word' id='word_1_885' title='bbox 2581 5023 2774 5063; x_wconf 85' lang='lat' dir='ltr'><strong>arcana</strong></span> <span class='ocrx_word' id='word_1_886' title='bbox 2833 5010 2918 5064; x_wconf 88' lang='lat' dir='ltr'><strong>illa</strong></span> <span class='ocrx_word' id='word_1_887' title='bbox 2964 5009 3099 5064; x_wconf 86' lang='lat' dir='ltr'><strong>bona</strong></span> <span class='ocrx_word' id='word_1_888' title='bbox 3137 5025 3557 5082; x_wconf 83' lang='lat' dir='ltr'><strong>consequamur;</strong></span> 
     </span>
    </p>
   </div>
   <div class='ocr_carea' id='block_1_115' title="bbox 1987 5097 3555 5171">
    <p class='ocr_par' dir='ltr' id='par_1_115' title="bbox 1987 5097 3555 5171">
     <span class='ocr_line' id='line_1_115' title="bbox 1987 5097 3555 5171; baseline 0.005 -21"><span class='ocrx_word' id='word_1_889' title='bbox 1987 5097 2136 5151; x_wconf 88' lang='lat' dir='ltr'><strong>nihili</strong></span> <span class='ocrx_word' id='word_1_890' title='bbox 2170 5097 2421 5152; x_wconf 87' lang='lat' dir='ltr'><strong>faciamus</strong></span> <span class='ocrx_word' id='word_1_891' title='bbox 2449 5098 2756 5166; x_wconf 69' lang='lat' dir='ltr'><strong>praesentia,</strong></span> <span class='ocrx_word' id='word_1_892' title='bbox 2785 5108 2842 5153; x_wconf 91' lang='lat' dir='ltr'><strong>ut</strong></span> <span class='ocrx_word' id='word_1_893' title='bbox 2867 5099 2934 5154; x_wconf 86' lang='lat' dir='ltr'><strong>ad</strong></span> <span class='ocrx_word' id='word_1_894' title='bbox 2965 5098 3137 5155; x_wconf 87' lang='lat' dir='ltr'><strong>futura</strong></span> <span class='ocrx_word' id='word_1_895' title='bbox 3162 5104 3377 5171; x_wconf 60' lang='lat' dir='ltr'><strong>praemia</strong></span> <span class='ocrx_word' id='word_1_896' title='bbox 3409 5105 3555 5158; x_wconf 86' lang='lat' dir='ltr'><strong>exci-</strong></span> 
     </span>
    </p>
   </div>
   <div class='ocr_carea' id='block_1_116' title="bbox 1987 5187 3555 5264">
    <p class='ocr_par' dir='ltr' id='par_1_116' title="bbox 1987 5187 3555 5264">
     <span class='ocr_line' id='line_1_116' title="bbox 1987 5187 3555 5264; baseline 0.004 -22"><span class='ocrx_word' id='word_1_897' title='bbox 1987 5189 2083 5242; x_wconf 86' lang='lat' dir='ltr'><strong>tari</strong></span> <span class='ocrx_word' id='word_1_898' title='bbox 2113 5188 2401 5243; x_wconf 83' lang='lat' dir='ltr'><strong>valeamus.</strong></span> <span class='ocrx_word' id='word_1_899' title='bbox 2429 5187 2609 5258; x_wconf 86' lang='lat' dir='ltr'><strong>Neque</strong></span> <span class='ocrx_word' id='word_1_900' title='bbox 2629 5191 2770 5245; x_wconf 89' lang='lat' dir='ltr'><strong>enim</strong></span> <span class='ocrx_word' id='word_1_901' title='bbox 2803 5191 3052 5259; x_wconf 88' lang='lat' dir='ltr'><strong>possibile</strong></span> <span class='ocrx_word' id='word_1_902' title='bbox 3081 5201 3195 5258; x_wconf 89' lang='lat' dir='ltr'><strong>est,</strong></span> <span class='ocrx_word' id='word_1_903' title='bbox 3225 5203 3280 5247; x_wconf 93' lang='lat' dir='ltr'><strong>ut</strong></span> <span class='ocrx_word' id='word_1_904' title='bbox 3308 5195 3396 5264; x_wconf 91' lang='lat' dir='ltr'><strong>qui</strong></span> <span class='ocrx_word' id='word_1_905' title='bbox 3424 5209 3555 5264; x_wconf 75' lang='lat' dir='ltr'><strong>pm:-</strong></span> 
     </span>
    </p>
   </div>
   <div class='ocr_carea' id='block_1_117' title="bbox 1985 5280 3565 5348">
    <p class='ocr_par' dir='ltr' id='par_1_117' title="bbox 1985 5280 3565 5348">
     <span class='ocr_line' id='line_1_117' title="bbox 1985 5280 3565 5348; baseline 0.006 -15"><span class='ocrx_word' id='word_1_906' title='bbox 1985 5280 2222 5335; x_wconf 88' lang='lat' dir='ltr'><strong>sentibus</strong></span> <span class='ocrx_word' id='word_1_907' title='bbox 2255 5291 2336 5334; x_wconf 84' lang='lat' dir='ltr'><strong>est</strong></span> <span class='ocrx_word' id='word_1_908' title='bbox 2373 5281 2643 5348; x_wconf 88' lang='lat' dir='ltr'><strong>addictus,</strong></span> <span class='ocrx_word' id='word_1_909' title='bbox 2688 5282 3027 5340; x_wconf 79' lang='lat' dir='ltr'><strong>inelfabilium</strong></span> <span class='ocrx_word' id='word_1_910' title='bbox 3067 5285 3323 5342; x_wconf 86' lang='lat' dir='ltr'><strong>bonorum</strong></span> <span class='ocrx_word' id='word_1_911' title='bbox 3352 5288 3565 5342; x_wconf 84' lang='lat' dir='ltr'><strong>deside-</strong></span> 
     </span>
    </p>
   </div>
   <div class='ocr_carea' id='block_1_118' title="bbox 1987 5372 3552 5448">
    <p class='ocr_par' dir='ltr' id='par_1_118' title="bbox 1987 5372 3552 5448">
     <span class='ocr_line' id='line_1_118' title="bbox 1987 5372 3552 5448; baseline 0.005 -22"><span class='ocrx_word' id='word_1_912' title='bbox 1987 5373 2122 5426; x_wconf 91' lang='lat' dir='ltr'><strong>rium</strong></span> <span class='ocrx_word' id='word_1_913' title='bbox 2148 5372 2411 5442; x_wconf 87' lang='lat' dir='ltr'><strong>concipiat</strong></span> <span class='ocrx_word' id='word_1_914' title='bbox 2445 5389 2690 5444; x_wconf 86' lang='lat' dir='ltr'><strong>umquam</strong></span> <span class='ocrx_word' id='word_1_915' title='bbox 2717 5376 2818 5446; x_wconf 89' lang='lat' dir='ltr'><strong>(a),</strong></span> <span class='ocrx_word' id='word_1_916' title='bbox 2843 5376 2978 5430; x_wconf 83' lang='lat' dir='ltr'><strong>sicut</strong></span> <span class='ocrx_word' id='word_1_917' title='bbox 3000 5376 3310 5447; x_wconf 90' lang='lat' dir='ltr'><strong>lippitudine</strong></span> <span class='ocrx_word' id='word_1_918' title='bbox 3329 5378 3552 5448; x_wconf 82' lang='lat' dir='ltr'><strong>quadam</strong></span> 
     </span>
    </p>
   </div>
   <div class='ocr_carea' id='block_1_119' title="bbox 1987 5461 3562 5536">
    <p class='ocr_par' dir='ltr' id='par_1_119' title="bbox 1987 5461 3562 5536">
     <span class='ocr_line' id='line_1_119' title="bbox 1987 5461 3562 5536; baseline 0.004 -20"><span class='ocrx_word' id='word_1_919' title='bbox 1987 5461 2172 5517; x_wconf 87' lang='lat' dir='ltr'><strong>oculos</strong></span> <span class='ocrx_word' id='word_1_920' title='bbox 2212 5461 2512 5532; x_wconf 87' lang='lat' dir='ltr'><strong>obtegente,</strong></span> <span class='ocrx_word' id='word_1_921' title='bbox 2542 5464 2611 5518; x_wconf 89' lang='lat' dir='ltr'><strong>ita</strong></span> <span class='ocrx_word' id='word_1_922' title='bbox 2654 5465 2994 5534; x_wconf 57' lang='lat' dir='ltr'><strong>prementium</strong></span> <span class='ocrx_word' id='word_1_923' title='bbox 3023 5466 3310 5536; x_wconf 89' lang='lat' dir='ltr'><strong>cupiditate</strong></span> <span class='ocrx_word' id='word_1_924' title='bbox 3346 5467 3562 5524; x_wconf 87' lang='lat' dir='ltr'><strong>intelle-</strong></span> 
     </span>
    </p>
   </div>
   <div class='ocr_carea' id='block_1_120' title="bbox 2049 5595 2855 5658">
    <p class='ocr_par' dir='ltr' id='par_1_120' title="bbox 2049 5595 2855 5658">
     <span class='ocr_line' id='line_1_120' title="bbox 2049 5595 2855 5658; baseline 0 -14"><span class='ocrx_word' id='word_1_925' title='bbox 2049 5595 2122 5658; x_wconf 89' lang='lat' dir='ltr'><strong>(a)</strong></span> <span class='ocrx_word' id='word_1_926' title='bbox 2159 5602 2288 5644; x_wconf 74' lang='lat' dir='ltr'><strong>Mens</strong></span> <span class='ocrx_word' id='word_1_927' title='bbox 2306 5595 2624 5658; x_wconf 55' lang='grc' dir='ltr'><strong>(Ἅι-βοδωωὶ</strong></span> <span class='ocrx_word' id='word_1_928' title='bbox 2647 5601 2742 5658; x_wconf 73' lang='lat' dir='ltr'><strong>est,</strong></span> <span class='ocrx_word' id='word_1_929' title='bbox 2760 5609 2855 5644; x_wconf 90' lang='lat' dir='ltr'><strong>non</strong></span> 
     </span>
    </p>
   </div>
   <div class='ocr_carea' id='block_1_121' title="bbox 1983 5657 3564 5723">
    <p class='ocr_par' dir='ltr' id='par_1_121' title="bbox 1983 5657 3564 5723">
     <span class='ocr_line' id='line_1_121' title="bbox 1983 5657 3564 5723; baseline 0.001 -17"><span class='ocrx_word' id='word_1_930' title='bbox 1983 5657 2206 5706; x_wconf 85' lang='lat' dir='ltr'><strong>sentibus</strong></span> <span class='ocrx_word' id='word_1_931' title='bbox 2225 5658 2288 5723; x_wconf 78' lang='lat' dir='ltr'><strong>sit</strong></span> <span class='ocrx_word' id='word_1_932' title='bbox 2318 5657 2552 5723; x_wconf 72' lang='lat' dir='ltr'><strong>addictus,</strong></span> <span class='ocrx_word' id='word_1_933' title='bbox 2576 5657 2842 5723; x_wconf 59' lang='lat' dir='ltr'><strong>calestium</strong></span> <span class='ocrx_word' id='word_1_934' title='bbox 2865 5657 3100 5723; x_wconf 83' lang='lat' dir='ltr'><strong>bonorum</strong></span> <span class='ocrx_word' id='word_1_935' title='bbox 3119 5657 3261 5708; x_wconf 75' lang='lat' dir='ltr'><strong>siniul</strong></span> <span class='ocrx_word' id='word_1_936' title='bbox 3287 5657 3564 5723; x_wconf 70' lang='lat' dir='ltr'><strong>eodemque</strong></span> 
     </span>
    </p>
   </div>
   <div class='ocr_carea' id='block_1_122' title="bbox 1986 5718 3563 5785">
    <p class='ocr_par' dir='ltr' id='par_1_122' title="bbox 1986 5718 3563 5785">
     <span class='ocr_line' id='line_1_122' title="bbox 1986 5718 3563 5785; baseline 0.004 -20"><span class='ocrx_word' id='word_1_937' title='bbox 1986 5725 2205 5779; x_wconf 83' lang='lat' dir='ltr'><strong>tempore</strong></span> <span class='ocrx_word' id='word_1_938' title='bbox 2231 5718 2476 5767; x_wconf 84' lang='lat' dir='ltr'><strong>desiderio</strong></span> <span class='ocrx_word' id='word_1_939' title='bbox 2500 5719 2656 5767; x_wconf 86' lang='lat' dir='ltr'><strong>teneri</strong></span> <span class='ocrx_word' id='word_1_940' title='bbox 2684 5733 2696 5768; x_wconf 92' lang='lat'>:</span> <span class='ocrx_word' id='word_1_941' title='bbox 2721 5720 3028 5785; x_wconf 63' lang='lat' dir='ltr'><strong>posseenim</strong></span> <span class='ocrx_word' id='word_1_942' title='bbox 3067 5723 3152 5772; x_wconf 88' lang='lat' dir='ltr'><strong>Dei</strong></span> <span class='ocrx_word' id='word_1_943' title='bbox 3190 5733 3284 5785; x_wconf 79' lang='lat' dir='ltr'><strong>ope</strong></span> <span class='ocrx_word' id='word_1_944' title='bbox 3307 5718 3563 5774; x_wconf 54' lang='grc' dir='ltr'><strong>πωπω)</strong></span> 
     </span>
    </p>
   </div>
   <div class='ocr_carea' id='block_1_123' title="bbox 1990 5780 3081 5842">
    <p class='ocr_par' dir='ltr' id='par_1_123' title="bbox 1990 5780 3081 5842">
     <span class='ocr_line' id='line_1_123' title="bbox 1990 5780 3081 5842; baseline 0.003 -14"><span class='ocrx_word' id='word_1_945' title='bbox 1990 5790 2051 5829; x_wconf 87' lang='lat' dir='ltr'><strong>eo</strong></span> <span class='ocrx_word' id='word_1_946' title='bbox 2072 5785 2200 5829; x_wconf 87' lang='lat' dir='ltr'><strong>statu</strong></span> <span class='ocrx_word' id='word_1_947' title='bbox 2219 5791 2500 5842; x_wconf 83' lang='lat' dir='ltr'><strong>emergere,</strong></span> <span class='ocrx_word' id='word_1_948' title='bbox 2523 5784 2803 5833; x_wconf 84' lang='lat' dir='ltr'><strong>sexcenties</strong></span> <span class='ocrx_word' id='word_1_949' title='bbox 2819 5780 2931 5831; x_wconf 81' lang='lat' dir='ltr'><strong>alibi</strong></span> <span class='ocrx_word' id='word_1_950' title='bbox 2948 5782 3081 5833; x_wconf 81' lang='lat' dir='ltr'><strong>dicit.</strong></span> 
     </span>
    </p>
   </div>
   <div class='ocr_carea' id='block_1_124' title="bbox 3038 5595 3562 5670">
    <p class='ocr_par' dir='ltr' id='par_1_124' title="bbox 3038 5595 3562 5670">
     <span class='ocr_line' id='line_1_124' title="bbox 3038 5595 3562 5670; baseline 0 -24"><span class='ocrx_word' id='word_1_951' title='bbox 3038 5608 3158 5670; x_wconf 38' lang='lat' dir='ltr'><strong>eum.</strong></span> <span class='ocrx_word' id='word_1_952' title='bbox 3173 5597 3258 5670; x_wconf 63' lang='lat' dir='ltr'><strong>qui</strong></span> <span class='ocrx_word' id='word_1_953' title='bbox 3270 5595 3422 5670; x_wconf 75' lang='lat' dir='ltr'><strong>rebus</strong></span> <span class='ocrx_word' id='word_1_954' title='bbox 3436 5610 3562 5660; x_wconf 69' lang='lat' dir='ltr'><strong>m-</strong></span> 
     </span>
    </p>
   </div>
  </div>
