4070 6194
535 291 631 346 531
1224 284 1282 342 S.
1321 282 1596 340 JOANNIS
1633 284 2097 345 οηιιιέοετυιιι

2208 288 2461 345 lClllEP.
2499 289 3036 352 CONSTANTINOP.

521 411 662 458 ctum
691 402 1008 456 obscurante
1030 439 1046 465 ,
1089 413 1188 452 nec
1228 399 1565 468 permittente
1592 397 1771 454 videre
1806 400 1931 469 quid
1961 400 2103 455 facto

519 510 654 562 opus
683 493 772 548 sit.
802 491 984 561 Neque
1011 506 1220 546 rursum
1250 491 1362 545 lieri
1393 500 1564 560 potest
1583 534 1596 555 ,
1623 503 1678 546 ιιι
1703 494 1790 561 ιιιιί
1813 493 2103 547 solidorum

520 596 573 638 et
613 585 964 639 immobilium
1017 585 1278 638 bonorum
1322 598 1503 637 amore
1546 591 1775 650 tenetur,
1807 583 1946 638 ﬂuxa
1985 584 2104 648 ista,

517 687 569 732 et
593 694 712 748 quae
731 686 1014 748 antequam
1062 684 1353 745 apparrant
1394 676 1607 729 avolant
1643 685 1696 730 et
1736 685 2104 739 marcescunt,

517 769 878 838 concupiscat.
932 767 1064 822 Nam
1119 767 1208 837 qui
1267 765 1481 820 saucius
1529 775 1613 820 est
1661 781 1844 820 amore
1884 766 2101 830 divino,

516 871 573 916 ct
597 860 688 930 qui
720 859 1015 914 futurorum
1050 856 1313 913 desiderio
1343 865 1581 920 tenetur,
1621 857 1740 911 aliis
1767 857 1936 909 oculis
1962 857 2107 911 videt

521 950 862 1019 prasentium
901 959 1096 1004 statum
1116 988 1134 1014 ,
1171 949 1374 1017 scitque
1403 956 1566 1002 totam
1597 961 1757 1000 vitam
1787 957 2102 1016 prmsentem

519 1049 737 1117 figuram
764 1062 887 1103 esse
918 1055 1079 1116 atque
1105 1045 1366 1099 fallaciam
1391 1085 1405 1110 ,
1434 1051 1490 1098 et
1515 1058 1545 1096 a
1572 1043 1794 1097 somniis
1827 1041 1956 1096 nihil
1998 1041 2104 1096 dif-

518 1135 678 1192 ferre.
702 1137 901 1192 Idcirco
918 1137 1101 1190 beatus
1130 1135 1326 1190 Paulus
1348 1135 1453 1188 hoc
1479 1133 1676 1203 scripto
1695 1132 1907 1187 tradidit
1926 1151 1938 1185 :
1955 1132 2105 1186 Prae-

520 1229 636 1282 terit
681 1229 848 1298 ﬁgura
897 1229 1072 1282 mundi
1121 1228 1274 1294 huius
1314 1227 1391 1297 (l.
1421 1225 1540 1280 Cor.
1570 1226 1622 1279 7.
1646 1226 1742 1294 5i)
1773 1241 1787 1276 :
1816 1224 2106 1281 ostendens

517 1317 745 1374 humana
767 1320 943 1374 omnia
971 1319 1022 1372 in
1051 1319 1215 1388 figura
1237 1327 1444 1371 tantum
1467 1330 1618 1380 esse,
1647 1331 1712 1370 ac
1747 1317 1888 1370 sicut
1917 1318 2102 1371 umbra

516 1419 572 1464 et
601 1411 863 1464 somnium
888 1412 1149 1475 transire,
1190 1410 1322 1464 nihil
1360 1409 1610 1474 solidum,
1641 1409 1770 1462 nihil
1790 1422 1979 1464 verum
2005 1410 2104 1463 hae

518 1501 715 1556 bentia.
756 1503 948 1556 Annon
987 1503 1143 1571 igitur
1173 1501 1335 1555 animi
1366 1500 1589 1570 puerilis
1613 1498 1715 1554 hoc
1739 1509 1849 1564 est,
1887 1500 2105 1554 umbras

517 1594 809 1662 suspicere,
833 1596 899 1649 de
928 1595 1152 1648 somniis
1171 1593 1468 1663 superbire,
1490 1601 1546 1646 et
1571 1592 1636 1646 iis
1663 1607 1784 1661 quae
1807 1593 1962 1661 paulo
1984 1599 2104 1660 post

520 1683 863 1752 prteteribunt
901 1682 1214 1737 adhierere?
1258 1682 1494 1735 Prwlerit
1521 1681 1686 1744 enim,
1719 1682 1909 1751 inquit,
1937 1682 2103 1751 ﬁgura

519 1774 669 1844 hujus
694 1772 886 1826 mundi.
911 1771 1090 1842 Itaque
1117 1787 1236 1825 cum
1262 1771 1515 1831 audieris.
1534 1770 1785 1830 Prtelerit.
1804 1771 1928 1840 quid
1957 1782 2103 1839 post-

516 1865 615 1919 hac
639 1865 866 1934 amplius
883 1864 1112 1934 quaeris?
1141 1863 1352 1932 quando
1365 1862 1523 1918 audis
1544 1862 1762 1933 figuram
1782 1863 1951 1917 solum
1986 1876 2106 1918 esse

520 1955 751 2009 humana
779 1954 956 2009 omnia
983 1956 1309 2024 veritateque
1335 1953 1607 2020 destituta,
1637 1969 1805 2024 quare
1845 1963 1898 2008 te
1929 1953 2102 2023 decipi

515 2053 706 2113 sponte
737 2043 968 2112 pateris?
1005 2059 1103 2098 cur
1139 2044 1378 2113 cogitans
1418 2058 1575 2110 quam
1616 2045 1722 2098 sint
1751 2043 2022 2098 mutabilia
2048 2054 2100 2098 et

515 2133 678 2198 ﬂuxa,
710 2150 816 2188 non
840 2150 901 2189 ea
926 2134 1190 2204 praeteris,
1222 2143 1279 2187 ut
1307 2134 1372 2190 ad
1397 2135 1484 2188 illa
1505 2150 1624 2204 qua:
1649 2149 1862 2202 semper
1885 2134 2099 2201 durant,

515 2241 580 2282 ac
618 2243 831 2297 semper
867 2227 1073 2281 stabilia
1098 2268 1114 2294 ,
1155 2227 1458 2297 nulliusque
1481 2227 1864 2282 vicissitudinis
1888 2228 2102 2298 capacia

515 2325 658 2381 sunt,
688 2316 1008 2371 desiderium
1038 2315 1363 2370 transferas?

583 2410 638 2465 8.
686 2409 816 2464 Nam
861 2417 918 2464 ut
961 2409 1100 2464 scias
1135 2409 1472 2479 prudentiam
1501 2408 1735 2463 doctoris
1761 2408 1907 2463 orbis
1927 2450 1943 2473 ,
1975 2408 2096 2464 vide

514 2501 659 2556 illum
681 2501 786 2557 alio
806 2502 923 2556 loco
941 2501 1120 2555 omnia
1144 2500 1401 2570 praeclara
1421 2499 1579 2570 hujus
1605 2501 1727 2556 vita:
1753 2500 1950 2554 nullius
1975 2515 2096 2555 esse

515 2595 768 2647 momenti
792 2592 1161 2648 demonstrare
1181 2591 1472 2660 volentem,
1493 2592 1635 2662 quali
1654 2601 1830 2647 utatur
1844 2591 2092 2661 loquendi

513 2683 675 2739 modo
701 2702 715 2736 :
741 2683 868 2749 Qua
885 2684 1016 2738 enim
1037 2683 1267 2739 uidentur
1284 2691 1768 2738 momentaneasunt
1796 2681 1870 2755 (2.
1898 2681 2017 2738 Cor.
2041 2683 2095 2737 4.

514 2775 629 2846 18),
672 2776 880 2830 etiamsi
919 2774 1224 2830 divitiarum
1269 2773 1646 2829 abundantiam
1689 2773 1855 2838 dicas,
1893 2773 2100 2828 etiamsi

512 2867 734 2938 gloriam
761 2908 777 2931 ,
817 2867 1027 2921 etiamsi
1067 2867 1398 2932 claritatem,
1447 2866 1657 2921 etiamsi
1708 2865 2096 2934 principatum,

511 2959 718 3011 etiamsi
743 2957 1053 3026 potentiam,
1073 2957 1282 3010 etiamsi
1305 2971 1546 3024 regnum,
1570 2957 1775 3010 etiamsi
1801 2955 2099 3011 diademate

513 3049 815 3102 redimitum
873 3048 1020 3100 illum
1045 3086 1062 3112 ,
1109 3047 1316 3100 etiamsi
1357 3045 1550 3100 solium
1596 3061 1902 3115 supremum
1939 3063 1953 3100 :
1985 3045 2100 3100 hanc

510 3137 691 3191 omnia
717 3152 840 3206 qua:
867 3136 1112 3191 videntur
1136 3135 1279 3190 brevi
1312 3144 1551 3204 tempore
1572 3136 1858 3198 manentia,
1883 3151 1992 3190 non
2015 3136 2097 3190 ad-

509 3229 726 3284 modum
752 3229 1060 3283 diuturnum
1097 3227 1178 3281 sui
1215 3225 1442 3280 Fructum
1483 3225 1635 3280 nobis
1665 3225 1924 3295 ,prtebent.
1965 3226 2098 3294 Quae

511 3322 670 3390 igitur
701 3335 806 3375 nos
845 3321 1112 3390 inqtnrere
1150 3319 1251 3384 vis,
1280 3317 1328 3372 si
1363 3318 1541 3372 omnia
1573 3328 1909 3387 temperance
1931 3319 2100 3373 sunt?

511 3411 623 3474 Illa,
652 3410 842 3480 inquit,
873 3425 991 3481 quae
1021 3425 1127 3464 non
1153 3407 1420 3474 videntur,
1439 3407 1672 3463 nouhmc
1695 3424 1814 3478 qua:
1833 3408 2095 3474 videntur,

506 3501 599 3555 sed
631 3502 712 3555 illa
746 3501 856 3570 ipsa
893 3517 1012 3571 qua:
1043 3502 1187 3555 hisce
1217 3500 1387 3554 oculis
1421 3499 1793 3569 corporalibus
1831 3515 1938 3554 non
1966 3515 2096 3571 spe-

505 3602 733 3647 ctantur.
765 3593 830 3646 Et
849 3593 967 3661 quis
989 3592 1090 3645 hoc
1109 3581 1431 3657 consuleret,
1464 3599 1520 3644 ut
1548 3605 1669 3660 quae
1687 3589 1935 3644 videntur
1961 3605 2096 3660 prte-

509 3695 799 3750 ti-reantur,
825 3694 882 3738 et
906 3699 1025 3754 qua:
1048 3699 1158 3737 non
1187 3683 1237 3737 \i
1256 3684 1455 3747 lentur,
1480 3681 1843 3752 inquit-antur?
1869 3679 1986 3750 Ipsa
2009 3696 2097 3736 re-

506 3792 649 3844 rum,
673 3778 860 3848 inquit,
881 3789 1070 3830 natura
1088 3777 1278 3830 doceat
1295 3787 1411 3828 vos.
1442 3772 1572 3827 Nam
1599 3772 1714 3827 huic
1734 3771 1947 3842 quidem
1973 3771 2096 3828 licet

506 3870 806 3934 videantur,
830 3869 1006 3922 statim
1030 3879 1204 3922 tamen
1235 3865 1636 3938 pneterﬂuuut:
1655 3865 1750 3922 illa
1775 3876 1950 3919 autem
1968 3864 2097 3920 licet

507 3976 650 4015 nunc
676 3977 738 4015 ea
766 3960 946 4015 videre
973 3976 1078 4014 non
1109 3960 1374 4030 possimus
1393 3999 1409 4026 ,
1437 3966 1560 4013 sunt
1588 3967 1764 4013 tamen
1789 3966 2088 4028 perpetua,

502 4069 719 4124 semper
743 4052 956 4118 durant,
993 4053 1276 4106 terminum
1306 4050 1571 4113 nesciunt,
1603 4051 1764 4104 linem
1805 4064 1910 4103 non
1954 4048 2096 4104 acci-

505 4149 686 4218 piunt,
721 4147 1137 4201 vicissitudinem
1169 4145 1452 4214 ignorant,
1483 4142 1690 4196 stabilia
1717 4149 1774 4196 et
1803 4141 2091 4195 immobilia

502 4248 648 4292 sunt.
697 4237 960 4290 Fortassis
1001 4235 1211 4288 tandem
1252 4235 1509 4288 molestus
1536 4247 1657 4286 esse
1681 4231 1884 4295 videar,
1911 4231 2090 4300 quoti-

503 4330 592 4382 die
623 4330 815 4381 frustra
838 4326 1125 4379 consulens
1151 4341 1164 4377 :
1193 4323 1288 4379 sed
1307 4322 1434 4393 quid
1463 4321 1689 4377 faciam?
1713 4321 1954 4391 Magnum
1983 4337 2095 4376 tua-

507 4419 632 4472 Iitiai
658 4417 911 4469 damnum
941 4426 1020 4468 εει
1043 4455 1055 4476 ,
1085 4427 1274 4482 magna
1295 4413 1640 4482 pecuniarum
1672 4413 1908 4482 tyrannis
1929 4453 1943 4477 ,
1975 4429 2091 4466 ma-

505 4525 608 4580 gna
649 4501 900 4563 virtutum
952 4509 1163 4562 raritas.
1219 4505 1344 4561 Ideo
1389 4505 1546 4575 cupio
1586 4505 1668 4560 vel
1712 4504 2092 4562 admonitionis

508 4601 818 4658 assiduitate
836 4601 1090 4656 morbum
1113 4599 1330 4654 vincere
1353 4639 1368 4663 ,
1397 4607 1460 4654 et
1494 4597 1844 4652 incolumitati
1872 4599 2091 4670 integra:

508 4696 610 4748 huc
639 4694 1018 4748 convenientes
1045 4691 1346 4746 restituere.
1377 4690 1506 4744 Eam
1531 4690 1675 4744 enim
1703 4690 1772 4744 ob
1799 4705 1912 4746 rem
1942 4690 2089 4746 Scri-

503 4795 689 4857 pturas
715 4783 997 4838 enarrandi
1035 4791 1236 4838 tantum
1267 4780 1424 4836 nobis
1448 4789 1531 4836 est
1555 4781 1789 4836 studium
1832 4789 1887 4837 et
1921 4780 2090 4852 justo-

505 4892 622 4931 rum
656 4877 880 4930 virtutes
909 4875 961 4930 in
993 4874 1224 4929 medium
1252 4872 1523 4928 aﬂ'erimns
1551 4889 1567 4927 :
1603 4887 1702 4926 nec
1732 4871 1873 4942 piget
1901 4872 2089 4927 eadem

503 4969 700 5038 tia-pius
727 4976 990 5038 repetere,
1019 4976 1076 5020 ut
1113 4981 1208 5036 per
1231 4965 1409 5020 omnia
1435 4980 1530 5020 vos
1555 4964 1808 5019 inducere
1832 4963 1898 5018 ad
1925 4979 2094 5018 attnu-

503 5062 755 5117 lationem
783 5059 1048 5128 justorum
1079 5057 1366 5112 valeamus.

578 5153 907 5220 Eleemosgna
935 5148 1259 5218 pradicatur.
1289 5176 1361 5187 —
1384 5146 1482 5202 Vel
1503 5161 1635 5202 sero
1665 5145 1876 5201 tandem
1904 5145 2090 5201 salutis

505 5255 703 5300 nostra:
741 5258 922 5296 curam
969 5240 1244 5304 faciamus,
1277 5248 1328 5293 et
1355 5239 1495 5294 bene
1521 5247 1733 5293 utamur
1760 5238 1826 5293 ad
1852 5238 2090 5294 inducias

504 5335 658 5390 nobis
686 5333 811 5388 dato
841 5333 999 5401 hujus
1023 5334 1144 5385 vitae
1168 5329 1420 5396 decursu,
1437 5337 1498 5384 et
1524 5329 1649 5383 dum
1679 5327 1852 5383 adhuc
1881 5338 2090 5397 tempus

502 5437 606 5494 est,
637 5426 704 5484 ad
736 5425 1102 5498 ptenitentiam
1126 5431 1180 5478 et
1205 5422 1447 5492 lapsuum
1461 5419 1852 5475 correctionem
1875 5419 2091 5475 festiue-

503 5536 624 5575 mus
647 5559 664 5586 ,
696 5517 1148 5589 pecuuiarumque
1176 5513 1556 5569 abundantiam
1586 5512 1638 5566 in
1663 5511 1960 5567 animarum
1988 5527 2088 5567 no-

501 5623 732 5668 strarum
768 5613 994 5667 salutem
1019 5607 1381 5679 expendamus
1399 5646 1414 5672 ,
1437 5603 1817 5676 superﬂuaque
1846 5604 2088 5675 indigen-

505 5706 648 5759 tibus
672 5704 1018 5757 insumamus.
1064 5701 1239 5768 Quare
1277 5699 1442 5767 enim,
1466 5697 1552 5755 dic
1584 5696 1737 5764 mihi,
1769 5697 2028 5769 permittis
2053 5712 2083 5753 a

3694 304 3806 360 332

2215 401 2458 472 rubigine
2479 418 2666 458 aurum
2687 414 2741 459 et
2759 417 3036 474 argentum
3059 411 3325 477 consumi,
3369 427 3489 482 quae
3527 419 3814 486 oportebat

2217 492 2267 544 in
2298 507 2586 562 pauperum
2611 504 2826 549 ventres
2849 495 3157 564 eﬂ‘undere,
3188 509 3249 554 ut
3275 502 3327 555 iu
3361 512 3470 560 tuto
3497 519 3802 577 promptua-

2215 581 2296 634 rio
2324 581 2566 652 deposita
2588 624 2604 650 ,
2637 592 2877 652 tempore
2901 601 3006 656 quo
3035 589 3262 643 maxime
3283 607 3417 660 opus
3435 609 3620 649 eorum
3649 599 3810 668 adju-

2216 670 2353 725 torio
2377 670 2617 739 habebis,
2651 672 2774 728 hinc
2800 677 3223 732 consolationem
3256 680 3531 748 invenias;
3559 695 3615 739 et
3650 686 3752 756 qui
3787 703 3816 741 a

2215 769 2267 815 te
2294 762 2379 816 hic
2403 765 2538 832 pasti
2569 774 2728 828 sunt,
2761 765 2854 820 illo
2879 766 2966 821 die
3000 769 3210 824 fiducia:
3237 770 3381 826 fores
3407 773 3499 828 tibi
3522 778 3778 845 aperiant
3807 821 3822 841 ,

2213 861 2268 906 et
2293 853 2551 922 accipiant
2574 862 2626 910 te
2648 856 2698 909 in
2719 865 2918 912 :eterna
2941 873 3035 913 sua
3061 859 3399 916 tabernacula
3424 864 3568 935 (Luc.
3593 869 3681 921 l6.
3708 868 3775 938 9)
3802 867 3825 920 ἲ

2218 944 2400 999 Vestes
2419 961 2627 1016 quoque
2644 963 2748 1001 non
2771 950 3006 1003 sinamus
3029 967 3060 1005 a
3083 953 3352 1008 vermibus
3373 956 3507 1022 rodi,
3524 966 3579 1012 et
3597 960 3814 1030 absque

2215 1051 2310 1089 usu
2336 1039 2384 1090 in
2410 1039 2604 1093 arculis
2634 1050 2961 1108 putrescere,
2989 1058 3109 1097 cum
3138 1054 3216 1100 tot
3240 1047 3348 1101 sint
3373 1050 3462 1118 qui
3491 1051 3808 1122 indigeant.

2212 1140 2266 1182 et
2319 1131 2663 1187 obambulant
2715 1134 2838 1187 nudi
2883 1136 3022 1192 :sed
3070 1137 3236 1206 pluris
3285 1137 3538 1196 faciamus
3592 1145 3804 1200 nudum

2212 1221 2504 1286 Christum,
2535 1240 2694 1294 quam
2726 1226 2915 1293 tineas,
2943 1237 2997 1283 et
3023 1228 3304 1284 induamus
3326 1235 3556 1304 eumqui
3579 1247 3812 1305 propter

2212 1322 2448 1367 nostram
2479 1316 2701 1370 salutem
2731 1317 2903 1373 nudus
2923 1319 3247 1387 obambulat,
3273 1331 3332 1376 ut
3355 1338 3474 1378 cum
3512 1326 3686 1394 ipsum
3722 1329 3812 1382 iu-

2210 1403 2505 1471 duerimus,
2529 1407 2806 1462 audiamus
2831 1409 2880 1462 in
2905 1411 2990 1463 die
3017 1411 3108 1466 illo
3134 1428 3148 1465 :
3179 1412 3365 1468 Nudus
3384 1432 3520 1469 eram
3545 1427 3596 1471 et
3618 1436 3701 1471 me
3727 1422 3813 1472 iu-

2210 1496 2388 1551 duislis
2419 1497 2627 1568 (Matth.
2653 1499 2744 1554 23.
2774 1501 2886 1570 56).
2929 1502 3062 1557 Νιιηι
3089 1520 3312 1559 onerosa
3339 1517 3460 1560 sunt
3490 1519 3764 1578 prmeepta
3788 1513 3813 1564 2

2211 1603 2336 1641 num
2365 1591 2628 1646 molesta?
2660 1592 2731 1646 Ea
2755 1608 2873 1662 quze
2896 1604 3147 1662 pereunt,
3180 1596 3369 1664 inquit,
3397 1615 3515 1668 qua:
3544 1617 3574 1653 a
3604 1604 3813 1657 vermi-

2210 1677 2307 1731 bus
2332 1680 2673 1747 arrodantur,
2697 1698 2814 1751 qua)
2841 1684 3040 1754 absque
3071 1701 3165 1739 usu
3186 1695 3241 1740 et
3261 1685 3452 1741 frustra
3474 1704 3806 1745 consumun-

2211 1779 2316 1829 tur.
2351 1771 2464 1824 lucc
2495 1773 2694 1827 utiliter
2721 1774 3028 1844 dispensare
3054 1787 3267 1846 satage,
3297 1787 3355 1832 ut
3389 1789 3446 1833 et
3485 1780 3810 1838 detrimenti

2209 1857 2461 1913 damnum
2491 1860 2740 1932 cﬂ'ugias,
2786 1873 2839 1916 et
2877 1881 2940 1920 ex
2983 1866 3109 1935 ipsis
3149 1868 3352 1922 lucrum
3385 1872 3673 1925 maximum
3710 1874 3810 1929 tibi

2213 1963 2387 2014 pares.
2423 1950 2653 2018 Ingentis
2674 1954 2814 2006 enim
2840 1965 2891 2008 et
2918 1971 3122 2026 magna:
3154 1957 3552 2016 inbumanitatis
3575 1973 3656 2016 est
3681 1977 3813 2032 post

2213 2045 2287 2090 tot
2315 2039 2572 2094 banorum
2602 2051 2656 2096 et
2679 2042 2983 2098 facultatum
3013 2062 3186 2110 ustim,
3211 2049 3406 2102 arculis
3432 2056 3487 2103 et
3512 2054 3685 2107 muris
3719 2070 3809 2108 m-

2209 2128 2431 2185 cludere
2458 2132 2722 2201 superﬂua
2743 2175 2757 2198 ,
2788 2144 2842 2188 et
2865 2150 2968 2189 non
2997 2136 3101 2189 illis
3127 2137 3408 2193 sublevare
3433 2145 3812 2209 proximorum

2208 2217 2470 2288 inopiam,
2513 2223 2605 2278 sed
2651 2224 2828 2278 sinere
2871 2241 2898 2276 a
2939 2226 3178 2296 rubigine
3218 2237 3272 2283 et
3312 2229 3447 2284 tinea
3479 2235 3659 2300 potius
3683 2251 3812 2291 cor-

2209 2312 2378 2378 rumpi
2417 2326 2480 2365 ac
2525 2311 2831 2380 pra-donum
2857 2315 3099 2370 manibus
3119 2318 3357 2386 exposita
3387 2320 3716 2390 relinquere,
3753 2333 3811 2379 et

2207 2409 2423 2468 propter
2464 2401 2553 2455 illa
2600 2403 2871 2472 suppliciis
2909 2405 3087 2475 pctius
3128 2406 3306 2475 plecti,
3337 2425 3494 2477 quam
3527 2412 3616 2464 ubi
3650 2425 3804 2467 recte

2205 2492 2619 2564 disliensaveris,
2651 2512 2751 2565 pro
2788 2499 2868 2553 eis
2910 2500 3184 2568 praemium
3231 2503 3492 2570 accipere.
3530 2505 3802 2570 Obsecro,

2205 2599 2273 2638 ne
2301 2601 2466 2656 usque
2489 2587 2625 2643 adeo
2653 2589 2878 2644 salutem
2909 2601 3144 2646 nostram
3175 2595 3504 2665 negligamus
3525 2637 3542 2662 ,
3573 2597 3669 2651 sed
3699 2613 3803 2653 ex-

2206 2677 2386 2744 pensis
2411 2676 2462 2730 in
2487 2693 2748 2748 pauperes
2769 2680 3072 2750 superﬂuis.
3099 2699 3341 2753 magnam
3366 2687 3519 2740 nobis
3544 2686 3806 2743 fiduciam

2203 2776 2359 2821 antea
2378 2783 2715 2838 reponamus,
2735 2780 2793 2826 ut
2813 2772 3166 2829 ineﬂ'abilibus
3183 2777 3332 2831 bouis
3350 2778 3448 2833 frui
3472 2794 3804 2848 mereamur.

2203 2859 2371 2927 gratia
2418 2869 2472 2914 et
2519 2861 2884 2917 misericordia
2927 2864 3138 2920 Domini
3182 2869 3350 2923 nostri
3387 2869 3514 2925 .lesu
3554 2869 3798 2938 Christi,

2203 2963 2324 3002 cum
2353 2964 2458 3019 quo
2488 2951 2629 3006 Patri
2671 2961 2726 3008 et
2763 2963 2950 3010 sancto
2985 2955 3202 3027 Spiritui
3231 2960 3398 3029 gloria
3418 3002 3435 3026 ,
3473 2962 3804 3032 imperium,

2205 3036 2412 3106 honor,
2453 3056 2595 3098 nunc
2637 3051 2694 3099 et
2733 3058 2982 3115 seraper,
3023 3057 3079 3101 et
3119 3049 3171 3102 in
3215 3050 3410 3105 sucula
3447 3053 3803 3111 saeculorum.

2203 3127 2394 3184 Amen.

2713 3267 2986 3324 IIOMILIA
3029 3271 3270 3329 XXXVI.

2201 3371 2328 3430 Post
2349 3376 2455 3430 haec
2481 3388 2646 3432 autem
2663 3381 2807 3434 verba
2827 3386 2992 3453 factus
3015 3393 3086 3438 est
3110 3401 3272 3439 sermo
3289 3385 3497 3442 Domini
3513 3391 3585 3443 ad
3605 3393 3803 3448 Abram

2273 3485 2362 3538 per
2389 3469 2626 3523 visionem
2656 3473 2836 3540 noctis,
2863 3475 3034 3529 dicens
3053 3488 3074 3530 .‘
3109 3474 3193 3530 Ne
3235 3477 3409 3533 timeas
3450 3480 3660 3551 Abram,
3705 3502 3807 3556 ego

2272 3569 2521 3629 protector
2550 3572 2662 3615 tuus
2681 3579 2794 3616 sum
2819 3579 2838 3618 :
2868 3581 3054 3621 merces
3081 3575 3166 3620 tua
3181 3567 3341 3623 multa
3360 3571 3450 3624 erit
3470 3573 3619 3626 valde
3637 3573 3805 3645 (Gen,

2275 3651 2356 3706 is.
2393 3652 2471 3722 ι).

2274 3765 2326 3818 l.
2357 3763 2634 3821 Thesauro
2658 3768 2885 3838 cuipiam
2913 3769 3103 3826 similis
3123 3781 3210 3828 est
3226 3772 3489 3843 justorum
3509 3777 3704 3844 virtus,
3745 3781 3800 3834 in

2199 3872 2306 3928 quo
2331 3859 2577 3928 plurima:
2604 3870 2658 3916 et
2686 3862 2982 3918 ineffabiles
3010 3863 3208 3921 divitia:
3236 3868 3622 3926 reconduntur.
3656 3871 3802 3929 Nam

2199 3950 2333 4004 sicut
2359 3952 2446 4022 qui
2470 3968 2533 4007 ex
2561 3953 2653 4008 illo
2678 3955 2759 4008 vel
2787 3970 3001 4025 parvam
3040 3958 3325 4026 quamdam
3356 3971 3561 4031 partem
3599 3979 3805 4035 capere

2199 4049 2393 4110 potest,
2416 4043 2609 4098 multas
2661 4046 2761 4100 sibi
2811 4047 2938 4104 inde
2982 4057 3131 4118 parat
3165 4065 3296 4120 opes
3328 4069 3342 4106 :
3371 4053 3440 4108 ita
3472 4057 3693 4112 evenire
3745 4060 3803 4114 in

2197 4131 2480 4190 virtutibus
2501 4136 2817 4204 patriarchae
2835 4138 3238 4208 deprehendere
3259 4144 3379 4213 quis
3403 4155 3599 4214 potest.
3647 4147 3804 4208 Ecce

2200 4221 2313 4278 fere
2340 4227 2576 4295 quotidie
2603 4242 2666 4282 ex
2696 4228 2915 4285 historia
2943 4232 3058 4302 ejus
3089 4234 3238 4289 vobis
3258 4235 3550 4291 doctrinam
3585 4255 3802 4312 propo-

2199 4325 2408 4384 nentes,
2444 4332 2630 4388 magna
2656 4318 2897 4389 largitate
2915 4323 3213 4378 convivium
3233 4327 3550 4395 praebemus,
3579 4342 3636 4384 et
3659 4332 3808 4389 hue-

2197 4421 2366 4476 usque
2397 4411 2629 4464 uondum
2657 4425 2875 4480 parvam
2921 4414 3182 4471 bonorum
3211 4417 3350 4472 illius
3379 4433 3603 4488 operum
3659 4439 3804 4492 par-

2199 4507 2304 4552 tem
2328 4515 2580 4556 enarrare
2611 4504 2881 4571 potuimus
2909 4522 2921 4556 :
2949 4506 3109 4560 tantis
3135 4507 3337 4562 scilicet
3363 4509 3599 4565 abundat
3617 4512 3810 4568 virtu-

2198 4591 2357 4646 tibus.
2404 4592 2471 4646 Et
2497 4592 2634 4647 sicut
2670 4609 2702 4649 a
2730 4594 2877 4651 fonte
2905 4597 3066 4666 largis
3093 4597 3289 4656 ﬂuente
3334 4602 3481 4665 rivis,
3529 4605 3697 4659 etiam
3755 4610 3806 4663 si

2197 4695 2383 4736 omnes
2410 4681 2677 4751 hauriant,
2709 4702 2814 4740 non
2845 4689 3014 4743 solum
3039 4705 3144 4744 non
3170 4691 3551 4749 imminuuntur
3586 4695 3807 4754 ﬂuenta

2197 4786 2230 4826 e
2259 4771 2403 4828 fonte
2424 4778 2722 4843 manantia,
2751 4778 2843 4833 sed
2884 4789 3084 4850 quanto
3133 4782 3312 4851 plures
3357 4793 3480 4838 sunt
3521 4787 3615 4855 qui
3665 4789 3809 4846 inde

2196 4861 2462 4932 hauriant,
2493 4873 2640 4921 tanto
2665 4869 2834 4937 major
2862 4885 3117 4940 aquarum
3140 4872 3218 4926 vis
3245 4874 3468 4928 scaturit
3490 4892 3504 4930 :
3527 4875 3602 4930 ita
3623 4879 3806 4936 etiam

2197 4956 2250 5009 ln
2271 4955 2583 5012 admirando
2609 4961 2904 5028 patriarcha
2933 4963 3046 5016 fieri
3072 4963 3330 5018 videmus.
3356 4967 3495 5031 Quot
3541 4968 3693 5023 enim
3727 4987 3809 5027 ex

2197 5046 2339 5102 illius
2371 5064 2489 5103 ειενο
2523 5049 2593 5103 ad
2621 5049 2724 5106 hoc
2766 5066 2932 5122 usque
2970 5061 3178 5122 tempus
3219 5071 3287 5110 ex
3337 5056 3483 5112 fonte
3521 5058 3807 5117 bonorum

2194 5139 2338 5195 illius
2359 5157 2579 5212 operum
2599 5141 2869 5212 hauriunt,
2897 5155 2951 5200 et
2980 5160 3087 5200 non
3109 5147 3282 5200 solum
3311 5148 3507 5203 ﬂuenta
3535 5163 3644 5204 non
3661 5166 3777 5207 era

2193 5241 2439 5297 enarunt,
2471 5232 2563 5286 sed
2585 5233 2759 5288 multo
2783 5233 3138 5290 abundantior
3161 5243 3421 5292 bonorum
3448 5252 3674 5309 operum
3695 5257 3772 5296 co
3787 5276 3808 5286 -

2194 5323 2278 5392 pia
2306 5323 2528 5378 manat?
2552 5323 2697 5379 Sicut
2719 5327 2860 5379 enim
2881 5328 3419 5397 catenaniqnamdam
3445 5343 3688 5395 auream,
3717 5334 3814 5388 sic

2193 5413 2311 5480 ejus
2337 5413 2606 5467 historiam
2631 5415 2682 5468 in
2716 5414 2987 5484 Scriptura
3011 5419 3184 5472 divina
3205 5420 3520 5474 recensitam
3546 5421 3814 5477 invenies

2193 5520 2348 5571 mus;
2375 5521 2436 5561 ac
2464 5507 2683 5578 singulis
2714 5509 3038 5578 temporibus
3065 5509 3237 5580 primo
3263 5510 3411 5566 illum
3435 5511 3818 5572 observamus

2191 5611 2336 5652 vene
2361 5597 2711 5670 philosophiae
2739 5602 3031 5670 specimina
3066 5603 3439 5672 exhibentem,
3489 5606 3817 5678 statiman

2193 5701 2505 5763 sequentem
2535 5690 2627 5747 Dei
2655 5697 3161 5751 remunerationem.
3194 5693 3261 5750 Et
3289 5706 3346 5751 ut
3365 5697 3584 5753 discatis
3625 5697 3703 5753 ita
3731 5719 3822 5763 se
