4084 6214
358 278 464 333 5ιηῦ

358 392 644 463 συντομίας
679 389 745 442 τὰ
770 389 885 441 κατ’
912 360 1472 458 αὑτὸίδιηγήσασθαι,
1509 385 1593 437 ἵνα
1616 384 1789 456 εἰδῆτε
1818 384 1912 438 καὶ
1935 384 2028 438 τοῦ

354 479 563 532 δικαίου
594 476 690 548 τὴν
747 473 1185 545 ὑπερϐάλλουσαν
1239 474 1441 538 πίστιν,
1499 472 1565 543 ἢν
1605 471 1736 542 περὶ
1767 470 1867 535 τὰς
1897 472 2031 525 ὑπο-

357 566 569 634 σχέσεις
613 562 706 617 τοῦ
760 562 898 616 Θεοῦ
942 562 1331 626 ἐπιδείκνυται,
1384 562 1479 614 καὶ
1504 558 1599 613 τοῦ
1651 559 2032 629 φιλανθρώπου

354 651 490 704 θεοῦ
518 651 657 721 μετά
686 650 968 721 δαψιλείας
989 650 1088 712 τὰς
1120 648 1355 720 ἀμοιϐάς
1388 647 1539 719 αὑτῷ
1576 647 1954 718 παρεχομένου
1981 658 2029 700 ι.
2069 699 2108 724 θ

368 738 570 800 Ἱκανὸς
595 738 704 810 γάρ
736 738 765 790 ό
810 738 1017 800 δίκαιος
1065 731 1218 800 οὗτος
1251 737 1495 799 ἅπαντας
1533 737 1680 805 ἡμᾶς
1724 732 2031 797 παιδεῦσαι,

354 825 491 894 πρὸς
528 826 657 890 τοὺς
690 826 789 896 τῆς
820 825 1023 896 ἀρετῆς
1048 824 1265 894 ἀγῶνας
1294 824 1431 895 μετὰ
1457 822 1765 896 προθυμίας
1804 821 2034 875 ἀποδύε-

357 912 479 965 σθαι
502 912 842 985 θαρροῦντας
886 913 1008 975 ταῖς
1029 910 1235 965 ἀνωθεν
1267 909 1544 982 ἀμοιϐαῖς,
1578 910 1671 964 καὶ
1702 909 1907 973 εἰδότας
1935 907 2030 962 τοῦ

354 999 628 1071 ἡμετέρου
657 999 934 1053 Δεσπότου
964 997 1063 1069 τὴν
1118 998 1447 1068 φιλοτιμίαν,
1480 996 1659 1052 πάντα
1682 997 1752 1050 τά
1797 996 2032 1068 δυσχερῆ

354 1087 684 1158 νομιζόμενα
704 1085 848 1141 κατά
871 1087 962 1140 τὸν
1006 1086 1251 1156 παρόντα
1283 1085 1397 1156 βίον
1430 1086 1546 1157 μετ’
1589 1084 1840 1149 εὐκολίας
1866 1100 2032 1145 κατα⁹

353 1174 626 1244 δέχεσθαι.
660 1176 726 1245 τῇ
746 1173 918 1227 ἐλπίδι
950 1172 1059 1225 τῶν
1086 1173 1407 1226 ἀντιδόσεων
1433 1172 1818 1243 τρεφομένους.
1858 1171 2032 1238 Προσ-

354 1264 505 1334 έχετε
533 1263 622 1334 δὴ.
650 1261 972 1334 παρακαλῶ,
992 1262 1142 1325 ὅπως
1164 1263 1227 1314 ἐκ
1251 1261 1568 1333 προοιμίων,
1598 1258 1781 1331 ἐπειδὴ
1810 1258 1879 1311 τὰ
1902 1257 2031 1328 παρ’

355 1352 549 1405 ἐαυτοῦ
570 1350 781 1406 οἴκοθεν
799 1352 1117 1423 εἰσήνεγκεν
1149 1352 1212 1403 ἐκ
1237 1351 1335 1420 τῆς
1352 1349 1675 1420 ἐγκειμένης
1694 1351 1760 1419 τῇ
1787 1346 2033 1418 ἡμετέρᾳ

355 1438 802 1507 φύσειγνὼσεως,
829 1438 1016 1491 οὐδένα
1044 1435 1241 1502 ἔξωθεν
1262 1435 1509 1506 ἐσχηκὼς
1539 1435 1875 1495 διδάσκαλον.
1897 1433 2033 1486 ἀλλὰ

355 1523 450 1574 καὶ
476 1522 582 1574 ὑπὸ
606 1521 854 1584 ἀπίστοις
875 1520 1088 1589 γονεῦσι
1112 1521 1463 1592 τρεφόμενος,
1492 1520 1590 1587 τῆς
1623 1517 1773 1581 θείας
1795 1516 2035 1571 ἀπέλαυε

357 1624 453 1661 σεν
473 1608 813 1676 ἐπιφανείας.
835 1606 987 1678 [565]
1022 1605 1237 1677 Ἐπειδὴ
1273 1606 1380 1677 γὰρ
1407 1605 1572 1676 μηδὲν
1601 1603 1741 1658 κατά
1762 1603 1860 1674 τὴν
1891 1601 2033 1673 πρώ-

354 1712 454 1763 την
473 1693 691 1764 ἠλικίαν
722 1697 787 1765 τῇ
812 1694 989 1767 πλάνῃ
1019 1694 1111 1747 τοῦ
1148 1692 1353 1764 πατρὸς
1382 1691 1870 1763 κατηκολούθησεν,
1898 1689 2032 1744 ἀλλά

355 1781 454 1850 τὴν
487 1781 625 1851 πρὸς
647 1780 710 1833 τὸ
728 1780 884 1834 Θεῖον
907 1779 1207 1851 θεραπείαν
1233 1780 1601 1842 ἐπεδείκνυτο,
1637 1778 1733 1832 καὶ
1768 1780 1866 1849 τῆς
1899 1778 2035 1831 ἀνω-

356 1866 449 1919 θεν
485 1867 794 1937 ἐπισκοπῆς
826 1868 1036 1936 ταχέως
1077 1868 1340 1937 ἐπέτυχεν
1375 1866 1456 1919 ἐτι
1495 1866 1588 1919 ἐπὶ
1616 1868 1715 1937 τῆς
1763 1865 2034 1927 Χαλδαίας

354 1953 451 2006 ὤν’
474 1954 632 2007 τοῦτο
676 1953 787 2025 γάρ
820 1957 954 2026 ἡμῖν
1000 1953 1334 2024 σαφέστερον
1390 1953 1663 2007 ἐκτίθεται
1707 1955 1735 2006 ό
1764 1953 2031 2024 μακάριος

358 2042 626 2110 Στέφανος
643 2041 788 2094 οὕτω
807 2040 999 2110 λέγων·
1038 2041 1101 2094 '0
1126 2041 1271 2106 Θεὸς
1298 2040 1409 2108 τῆς
1420 2039 1606 2108 δόξης
1633 2041 1798 2109 ὤφθη
1814 2038 1894 2105 τῷ
1921 2053 2032 2094 πα-

355 2128 445 2195 τρί
469 2127 634 2197 ἡμῶν
665 2128 912 2196 Ἀϐραὰμ
954 2127 1080 2180 ὄντι
1108 2127 1179 2180 ἐν
1205 2125 1282 2195 τῇ
1326 2126 1771 2195 Μεσοποταμίᾳ,
1804 2125 1946 2194 πρὶν
1990 2125 2030 2194 ἢ

352 2214 714 2282 κατοικῆσαι
743 2213 935 2270 αὐτὸν
964 2214 1033 2267 ὲν
1051 2214 1292 2283 Χαρῤἀν
1340 2210 1492 2278 Εἶδες
1509 2214 1626 2277 πῶς
1652 2215 1686 2284 ὴ
1719 2214 1841 2283 δψις
1869 2213 2032 2267 αὑτὸν

353 2300 565 2355 ἐκεῖθεν
604 2300 902 2372 ἀνέστησεν
928 2301 992 2365 ι’;
1047 2300 1207 2365 Εἰκὸς
1240 2299 1347 2371 γάρ
1381 2300 1463 2354 δτι
1509 2300 1649 2372 μετά
1674 2301 1774 2370 τῆς
1792 2299 1923 2372 περὶ
1972 2300 2033 2353 τὸ

354 2387 506 2439 Θεῖον
533 2384 854 2457 θεραπείας,
886 2386 980 2439 καί
1009 2385 1108 2458 τὴν
1150 2387 1280 2455 περὶ
1312 2386 1439 2449 τοὺς
1476 2386 1874 2456 γεγεννηκότας
1897 2386 2032 2441 αἰδῶ

353 2471 824 2542 ἐπιδεικνύμενος,
855 2474 951 2526 καὶ
972 2474 1052 2535 εἰς
1079 2472 1213 2527 πολὺ
1241 2471 1461 2543 φίλτρον
1478 2473 1922 2542 ἐπισπασάμενος
1940 2473 2031 2526 τὸν

354 2559 588 2631 πατέρα,
613 2560 777 2624 αὑτὸς
797 2559 945 2629 αὑτῷ
967 2559 1140 2622 αἴτιος
1164 2559 1355 2628 γέγονε
1381 2559 1479 2623 τῆς
1496 2559 1701 2613 ἐκεῖθεν
1724 2557 1923 2624 ἐξόδου·
1939 2560 2031 2613 καὶ

352 2646 441 2700 διά
465 2646 559 2699 τὸν
586 2645 749 2700 πόθον
763 2646 857 2700 τοῦ
878 2646 1067 2709 παιδὸς
1086 2646 1346 2718 ἠνέσχετο
1365 2646 1685 2701 καταλιπεῖν
1708 2646 1805 2715 τὴν
1827 2647 2031 2700 οἰκείαν

353 2730 610 2800 πατρίδα,
637 2731 735 2784 καὶ
750 2730 850 2801 τὴν
886 2730 1173 2800 ἀλλοτρίαν
1196 2730 1438 2801 οἰκῆσαι.
1475 2729 1614 2783 Ἀλλ’
1647 2731 1751 2801 ὅρα
1774 2747 1863 2800 μοι
1895 2730 2032 2801 μετά

353 2813 660 2883 ἀκριϐείας,
689 2814 808 2878 πῶς
829 2815 926 2867 καὶ
946 2814 1084 2883 αὑτὴ
1103 2816 1137 2884 ὴ
1171 2813 1326 2883 παρὰ
1367 2812 1461 2867 τοῦ
1481 2812 1616 2867 Θεοῦ
1646 2814 1916 2884 γενομένη
1943 2812 2032 2866 διὰ

352 2901 451 2969 τὴν
481 2898 859 2970 προλαϐοῦσαν
887 2898 1087 2970 ἀρετὴν
1121 2900 1200 2962 εἰς
1231 2898 1396 2953 αὑτὸν
1425 2898 1713 2967 ἐπίσκεψις
1746 2898 1907 2952 πάλιν
1931 2900 2031 2953 αὑ-

354 2986 446 3038 τοῦ
468 2985 566 3055 τὴν
604 2985 802 3055 ἀρετὴν
826 2985 1295 3054 περιφανεστέραν
1336 2984 1648 3059 ἐργάζεται.
1687 2983 1880 3038 Εἵλετο
1921 2985 2031 3057 γάρ

358 3071 450 3140 τὴν
474 3070 658 3141 χώραν
688 3070 790 3139 τὴν
823 3070 1094 3140 πατρικὴν
1125 3069 1447 3124 καταλιπεῖν
1478 3070 1576 3122 καὶ
1611 3069 1712 3140 τὴν
1747 3070 2031 3144 ἀλλοτρίαν

351 3156 593 3225 οἰκῆσαι,
642 3156 731 3208 ἴνα
770 3155 832 3209 τὸ
877 3156 1029 3226 παρά
1068 3155 1168 3210 τοῦ
1217 3156 1354 3210 Θεοῦ
1389 3156 1730 3228 προσταχθὲν
1755 3157 1834 3220 εἰς
1872 3157 2031 3230 ἔργον

352 3244 555 3316 ἀγάγῃ·
576 3244 670 3299 καὶ
688 3244 900 3315 ἐτοιμος
926 3238 1015 3316 ἦν,
1033 3244 1108 3308 ὼς
1133 3244 1158 3296 ἐ
1166 3246 1257 3315 μοὶ
1277 3244 1440 3308 δοκεῖ,
1475 3246 1569 3299 καὶ
1587 3246 1713 3301 ἀνευ
1733 3247 1841 3307 τῶν
1862 3263 2031 3318 προσ-

351 3333 600 3400 ηκόντων
632 3331 729 3385 καὶ
778 3330 901 3385 καθ’
949 3331 1141 3384 ἐαυτὸν
1189 3332 1290 3403 τὴν
1331 3332 1643 3405 ἀποδημίαν
1696 3334 2028 3388 στείλασθαι·

350 3418 487 3483 ἀλλ’,
513 3419 651 3490 ὅπερ
676 3417 845 3491 ἔφθην
872 3418 1060 3483 εἰπὼν,
1082 3421 1115 3490 ἡ
1138 3419 1231 3473 τοῦ
1261 3419 1454 3493 ἀνδρὸς
1478 3420 1668 3495 ἀρετὴ,
1692 3422 1835 3495 καὶή
1864 3422 2031 3495 πολλὴ

351 3505 624 3578 θεραπεία
655 3506 690 3577 ἡ
737 3507 865 3577 περὶ
894 3507 1019 3569 τοὺς
1062 3506 1321 3571 τεκόντας
1357 3508 1753 3581 συνοδοιπόρον.
1783 3510 2031 3580 γενέσθαι

354 3594 560 3647 καὶτὸν
596 3592 808 3661 πατέρα
838 3591 1273 3663 παρεσκεύασεν.
1862 3616 1867 3621 ο

422 3678 557 3736 Εἶτα
573 3680 760 3751 ἐπειδὴ
795 3680 894 3751 τὴν
919 3681 1143 3751 Χαρράν
1164 3679 1484 3748 κατέλαϐον,
1521 3683 1640 3736 ἐκεῖ
1658 3682 1757 3755 τὴν
1782 3683 1986 3755 σκηνὴν
2005 3698 2027 3723 ε

352 3769 645 3841 ἐπήξαντο.
679 3768 790 3822 Kal
820 3766 1243 3839 τελευτήσαντος
1282 3766 1379 3821 τοῦ
1408 3766 1599 3840 Θάῤῥα
1626 3768 1804 3839 (τοῦτο
1827 3770 1936 3843 γάρ
1962 3767 2032 3842 ἦν

351 3856 524 3924 ὄνομα
559 3853 641 3923 τῷ
674 3852 883 3923 πατρὶ),
920 3851 1086 3905 πάλιν
1136 3852 1534 3923 προστάττεται
1577 3854 1729 3925 παρὰ
1770 3855 1864 3909 τοῦ
1894 3856 2029 3910 Θεοῦ

350 3941 587 4005 ἐξελθεῖν
625 3937 854 3993 ἐκεῖθεν.
888 3938 1138 4003 Ἔξελθε
1164 3940 1293 4010 γάρ,
1327 3940 1514 4009 φησὶν,
1551 3940 1623 3993 ἐκ
1649 3940 1761 4010 τῆς
1781 3941 1896 4012 τῆς
1911 3960 2029 4001 σου

352 4029 449 4082 και
470 4028 539 4081 ἐκ
558 4027 672 4097 τῆς
690 4027 1052 4098 συγγενείας
1076 4040 1213 4092 σου,
1241 4027 1340 4081 καί
1365 4025 1644 4095 δεῦροείς
1660 4029 1775 4097 τὴν
1796 4029 1930 4100 γῆν,
1949 4028 2031 4098 ἣν

348 4119 426 4171 ἂν
448 4132 549 4170 σοι
569 4115 766 4179 δείξω.
811 4115 1028 4185 Ἐπειδὴ
1061 4114 1170 4185 γὰρ
1206 4113 1346 4186 μετὰ
1371 4114 1554 4185 πάσης
1603 4115 1708 4186 τῆς
1731 4117 1908 4180 οἰκίας
1949 4119 2029 4181 εἰς

347 4205 447 4273 τὴν
470 4204 696 4275 Χαρρὰν
727 4201 1084 4273 μετέστησαν,
1111 4201 1200 4254 διά
1231 4200 1391 4255 τοῦτο
1416 4200 1649 4256 ἐνταῦθα
1680 4204 2028 4271 προστάττων

346 4288 495 4359 αὑτῷ
515 4288 750 4354 ἐξελθεῖν
775 4287 1136 4357 προσέθηκεν,
1170 4287 1266 4340 Ἐκ
1293 4286 1403 4353 τῆς
1424 4287 1537 4355 γῆς
1551 4303 1669 4341 σου
1697 4290 1795 4342 καὶ
1820 4289 1892 4343 ἐκ
1919 4288 2029 4358 τῆς

346 4373 703 4445 συγγενείας
723 4386 863 4435 σου,
889 4372 1064 4443 δηλῶν
1087 4370 1353 4442 αὑτῷ,ὄτι
1378 4373 1541 4425 αὑτὸν
1567 4373 1725 4444 μόνον
1749 4375 1869 4429 καθ’
1903 4378 2029 4430 ἐαυ-

348 4463 438 4515 τὸν
469 4458 719 4531 βούλεται
756 4458 858 4530 τὴν
880 4457 1189 4530 ἀποδημίαν
1229 4459 1581 4531 ποιήσασθαι,
1624 4462 1719 4514 καὶ
1760 4463 1897 4534 μήτε
1935 4464 2028 4518 τὸν

348 4545 595 4616 ἀδελφὸν,
647 4545 742 4599 τὸν
791 4543 996 4616 Ναχὼρ
1041 4545 1208 4615 λέγω,
1246 4547 1383 4619 μήτε
1408 4546 1595 4619 ἕτερόν
1620 4565 1740 4602 τινα
1769 4550 2026 4622 ἐπισύρε-

348 4628 492 4683 σθαι.
537 4629 633 4682 Ἐκ
651 4627 753 4696 τῆς
780 4628 886 4698 γῆς
910 4644 1002 4680 σου
1034 4629 1091 4682 δέ
1123 4629 1326 4697 ἔλεγεν,
1358 4630 1548 4702 ἐπειδὴ
1582 4631 1772 4703 χρόνον
1800 4633 1899 4686 οὑκ
1917 4634 2026 4687 ὀλί-

346 4726 441 4779 γον
476 4712 595 4764 ἐκεῖ
609 4711 950 4783 οἰκήσαντες,
984 4712 1058 4776 ὡς
1074 4714 1133 4766 ἐν
1168 4713 1276 4784 ἰδία
1301 4712 1487 4767 λοιπὸν
1507 4715 1727 4786 πατρίδι
1753 4715 1851 4788 τὴν
1876 4717 2027 4789 οῖκη-

347 4811 432 4849 σιν
454 4795 736 4851 ἐποιοῦντο
770 4798 830 4849 ἐν
859 4797 1018 4868 αὐτῇ.
1055 4796 1250 4852 Καίτοι
1281 4798 1376 4852 τοῦ
1430 4798 1658 4863 πένθους
1688 4800 1797 4855 τῶν
1828 4801 2026 4856 ἐαυτοῦ

356 4878 548 4945 ,ονέων
575 4880 917 4951 ἀκμάζοντος
946 4881 1063 4947 ἐτι,
1117 4882 1211 4936 καὶ
1245 4883 1447 4954 πολλῆς
1490 4881 1658 4957 οθσης
1682 4886 1804 4940 τότε
1831 4885 2023 4957 δυσχε-

348 4959 501 5031 ρείας
529 4978 587 5014 τε
644 4962 739 5015 καί
767 4963 982 5025 ἀνοδίας
1034 4962 1177 5018 κατά
1227 4965 1326 5028 τάς
1363 4965 1694 5037 ἀποδημίας,
1730 4967 1848 5021 ἀλλ’
1875 4958 2027 5040 ὅμως

348 5047 487 5117 μετά
521 5049 701 5120 πάσης
733 5050 1044 5121 προθυμίας
1066 5051 1128 5105 τὸ
1147 5052 1425 5123 ἐπίταγμα
1448 5053 1509 5107 τὸ
1527 5054 1679 5126 παρά
1712 5054 1806 5109 τοῦ
1821 5058 2027 5112 Δεσπό-

345 5152 437 5189 του
469 5136 622 5207 ἤνυε,
669 5138 766 5192 καὶ
793 5137 969 5191 ταῦτα
1001 5138 1098 5190 οὐκ
1125 5138 1300 5206 εἰδὼς,
1329 5141 1463 5194 ὅπου
1494 5143 1751 5214 στήσεται
1777 5143 1928 5216 αὐτῷ
1957 5146 2030 5202 τά

344 5223 444 5292 τῆς
473 5223 701 5294 πλάνης.
721 5222 905 5292 Δεῦρο
923 5223 1056 5294 γάρ,
1086 5227 1271 5295 φησὶν,
1295 5227 1396 5280 οὑκ
1429 5227 1508 5291 εἰς
1536 5229 1695 5301 τήνδε
1711 5230 1810 5303 τὴν
1834 5231 1962 5302 γῆν,
1991 5232 2025 5303 ἢ

344 5311 523 5381 τήνδε,
542 5312 655 5365 ἀλλ’
680 5313 760 5375 εἰς
784 5313 894 5368 Ἢν
913 5313 992 5367 ἄν
1019 5331 1118 5369 σοι
1137 5313 1339 5380 δείξω.
1371 5318 1479 5370 Kal
1496 5318 1647 5388 ὅμως
1676 5320 1849 5385 οὕτως
1872 5322 2028 5387 ὄντος

344 5399 594 5470 ἀορίστου
643 5400 738 5455 τοῦ
770 5402 1167 5472 ἐπιτάγματος,
1225 5404 1378 5457 οὐδὲν
1426 5406 1922 5478 περιεργαζόμενος
1966 5409 2028 5464 τὸ

349 5493 684 5564 προσταχθὲν
709 5495 788 5559 εἰς
814 5493 975 5565 ἔργον
1005 5494 1202 5565 ἧγαγε·
1232 5496 1324 5548 xal
1348 5495 1440 5548 τὸν
1464 5496 1781 5567 ἀδελφιδοῦν
1807 5498 1864 5552 δέ
1889 5499 2028 5571 ἐπὴ-

409 5610 606 5679 ’βω-ει.
630 5615 1187 5679 οοη-ἱίοίιγπαρεχὸμενος.
1256 5615 1282 5652 ιι
1322 5615 1624 5678 ’Λνέστησεν,
1657 5621 1724 5670 (ul
1757 5620 1897 5671 sedes
1919 5634 2023 5670 mo-

344 5672 520 5738 vendus
542 5676 770 5734 compulit
791 5688 809 5723 :
832 5672 937 5724 Ιπωό
958 5672 1051 5725 νοτ
1077 5678 1310 5738 lnequens
1325 5686 1410 5725 est
1450 5672 1540 5727 Illi)
1562 5672 1668 5731 υευ.
1738 5687 1759 5712 ε
1789 5683 1938 5731 Savil.
1970 5692 2023 5733 et

343 5736 563 5802 αξιίιιιιιξο
585 5747 701 5802 φςεῖ
836 5738 1025 5791 οῖκησιν
1047 5736 1289 5795 ἐπήξαντο.
1320 5738 1491 5787 Morel.
1530 5744 1616 5800 τήν
1640 5745 1820 5801 σκηνὴν
1849 5744 1981 5802 έπήξ.
2006 5765 2017 5794 ε

345 5799 495 5851 Mque
515 5791 582 5837 ιιι
607 5792 721 5853 legi!
749 5791 1010 5855 inn-rprvs.

1136 273 1192 327 S.
1236 267 1519 326 JOANNIS
1558 262 2050 323 ωιιιγδοδτυιιι
2091 260 2411 320 ARCHIEP.
2454 255 3001 325 CONSTANTINUP.
3051 339 3056 343 '

3706 260 3820 317 555

2140 400 2286 454 γετο,
2311 381 2405 436 καὶ
2433 381 2521 435 διά
2549 379 2739 433 τούτου
2767 376 2865 447 τὴν
2888 374 3093 428 οἰκείαν
3115 371 3317 444 ἀρετὴν
3340 372 3574 438 δεικνύς.
3592 375 3822 450 Ἐπειὶὴ

2138 471 2247 542 γάρ
2275 470 2396 524 νέον
2416 469 2578 522 αὑτὸν
2594 464 3028 539 προσλαϐόμενος
3056 461 3196 515 κατά
3217 461 3411 531 μικρὸν
3440 463 3684 535 μιμητὴν
3716 482 3819 518 κα,-

2140 557 2434 622 τεσκεύαζε
2458 557 2554 626 τῆς
2569 555 2775 615 οἰκείας
2805 552 3026 624 ἀρετῆς,
3059 550 3158 603 οὑκ
3186 548 3446 620 ἠνέσχετο
3494 550 3689 607 τοῦτον
3716 571 3818 606 κα-

2141 646 2405 709 ταλιπεῖν,
2434 643 2569 697 ἀλλὰ
2596 642 2848 696 κοινωνὸν
2866 638 3030 692 αὑτὸν
3052 636 3324 708 ἐλάμϐανε
3354 639 3452 710 τῆς
3479 639 3817 711 ἀποδημίας.

2141 731 2206 788 Εἰ
2235 734 2345 805 γάρ
2364 735 2393 786 ό
2421 732 2625 803 πατὴρ,
2656 726 2835 801 φηιίν,
2870 726 3095 789 ἄπιστος
3110 726 3209 789 ὢν,
3227 725 3317 779 διά
3341 727 3403 779 τὸ
3424 730 3555 798 περὶ
3580 730 3681 798 ἐμὲ
3702 730 3821 799 φίλι

2140 838 2265 893 τρον
2283 820 2382 891 τὴν
2411 819 2587 872 οἰκίαν
2609 817 2707 889 τὴν
2740 815 3017 887 πατρῴαν,
3066 814 3193 868 ἔνθα
3214 815 3511 886 ἐτέχθημεν
3537 817 3627 868 καὶ
3640 818 3818 890 ηὑξὴ-

2141 909 2334 980 θημεν,
2358 905 2675 961 καταλιπεῖν
2707 903 3030 969 κατεδέξατο
3054 902 3149 957 καὶ
3170 902 3530 973 ἀκολουθῆσαί
3557 920 3667 973 μοι,
3718 908 3818 960 καὶ

2141 996 2234 1049 ἐπὶ
2261 995 2358 1067 τῆς
2386 992 2669 1064 ἀλλοτρίας
2704 990 2794 1063 [36
2806 990 2855 1062 ί]
2884 991 2973 1043 τὸν
3029 988 3146 1059 βίον
3201 990 3485 1044 κατέλυσε·
3538 992 3721 1062 πολλῷ
3747 994 3817 1065 δὴ

2143 1082 2343 1154 μᾶλλον
2367 1078 2477 1150 ἐγὼ
2501 1080 2638 1151 πρὸς
2657 1079 2748 1132 τὸν
2772 1078 2867 1132 τοῦ
2890 1076 3119 1146 ἀδελφοῦ
3150 1077 3334 1142 παῖδα,
3365 1077 3457 1131 τὸν
3490 1080 3607 1132 νέον
3629 1081 3721 1133 τὸν
3745 1082 3817 1134 ἐκ

2142 1171 2440 1244 προοιμίων
2456 1168 2740 1225 δεικνύντα
2776 1169 2851 1232 ὼς
2874 1167 3016 1222 κατά
3040 1166 3234 1238 μικρὸν
3251 1165 3503 1221 ἐπιδώσει
3531 1169 3668 1240 πρὸς
3682 1170 3817 1241 ἀρε-

2140 1262 2259 1331 τὴν,
2280 1260 2379 1313 οὐκ
2402 1258 2468 1312 ἂν
2495 1257 2829 1328 ἀνασχοίμην
2856 1255 3090 1310 ἐνταῦθα
3117 1256 3356 1324 ἀφεῖναι.

2215 1347 2281 1418 β’.
2313 1345 2464 1399 Ἐπεὶ
2483 1340 2576 1399 οὖν
2598 1344 2686 1398 διά
2705 1344 2920 1397 πάντων
2942 1343 3157 1406 δεικνὺς
3176 1342 3341 1396 αὑτοῦ
3359 1343 3422 1397 τὸ
3434 1343 3702 1413 φιλόθεον,
3717 1349 3817 1400 καὶ

2140 1435 2342 1505 ταύτην
2366 1434 2658 1504 ἐποιήσατο
2681 1432 2779 1504 τὴν
2810 1430 3139 1501 ἀποδημίαν.
3194 1431 3354 1502 ἡνίκα
3406 1433 3680 1487 κατέλαϐε
3707 1437 3813 1506 τὴν

2142 1523 2521 1592 Παλαιστίνην,
2536 1521 2630 1574 καὶ
2648 1519 2757 1572 τῶν
2784 1520 2925 1590 ὅρων
2941 1516 3111 1589 ἐπέϐη
3133 1517 3242 1571 τῶν
3257 1519 3598 1584 Χαναναίων,
3624 1520 3816 1591 ὀφθεὶς

2141 1610 2289 1681 αὑτῷ
2314 1612 2343 1663 ό
2365 1609 2497 1673 Θεὸς
2520 1608 2612 1662 καὶ
2641 1607 2910 1678 νευρῶσαι
2933 1604 3096 1658 αὑτοῦ
3133 1604 3453 1675 βουλόμενος
3480 1607 3581 1679 τὴν
3606 1608 3815 1679 προθυ-

2144 1697 2274 1767 μίαν
2298 1696 2392 1749 καὶ
2415 1698 2571 1766 χεῖρα
2598 1692 2802 1765 ὀρέξαι,
2828 1694 2961 1761 φησί
2981 1691 3118 1763 πρὸς
3154 1691 3337 1744 αὐτόν’
3384 1690 3468 1758 Τῷ
3514 1693 3816 1763 σπέρματί

2141 1800 2258 1838 σου
2292 1783 2464 1836 δώσω
2495 1781 2606 1848 τὴν
2627 1780 2744 1851 γῆν
2764 1782 3012 1847 ταύτην.
3040 1780 3217 1849 Ὀπερ
3250 1778 3513 1850 ἐπεθύμει
3559 1782 3653 1834 καὶ
3685 1783 3817 1835 ἐπό-

2141 1870 2244 1933 θει,
2272 1871 2479 1924 παίδων
2508 1869 2650 1937 λέγω
2674 1868 2774 1939 τὴν
2806 1867 3075 1936 διαδοχὴν,
3107 1865 3266 1919 τοῦτο
3288 1866 3438 1937 αὐτῷ
3458 1867 3661 1933 εὐθέως
3692 1869 3818 1923 ὑπι-

2142 1962 2399 2029 σχνεῖται,
2442 1955 2677 2027 ἀμοιϐὴν
2731 1954 2881 2025 αὑτῴ
2929 1955 3038 2007 τῶν
3091 1952 3359 2008 τοσούτων
3399 1955 3576 2009 πόνων
3613 1955 3813 2029 διδούς.

2152 2028 2369 2116 Ἐπειδὴ
2394 2045 2504 2115 γὰρ
2522 2045 2629 2100 ἀπὸ
2657 2044 2754 2115 τῆς
2783 2042 2997 2113 φύσεως
3024 2042 3386 2113 ἀπεστέρητο,
3432 2044 3524 2097 καὶ
3560 2046 3595 2115 ἡ
3626 2028 3819 2116 ἡλικία

2138 2132 2324 2186 λοιπὸν
2338 2132 2702 2204 ἀπαγορεύειν
2740 2130 2940 2193 ἔπειθε,
2984 2133 3050 2201 τῇ
3074 2130 3366 2201 ὑποσχέσει
3396 2130 3702 2201 διανίστησι
3721 2132 3818 2186 τὸν

2138 2220 2399 2292 ἀθλητὴν,
2437 2222 2534 2274 καὶ
2574 2219 2981 2293 προθυμότερον
3027 2218 3430 2291 ἀπεργάζεται,
3477 2219 3573 2272 καὶ
3602 2218 3818 2283 νεάζειν

2140 2308 2300 2362 αὑτὸν
2325 2306 2719 2372 κατασκευάζει
2744 2306 2883 2377 πρὸς
2904 2306 3029 2368 τοὺς
3054 2305 3180 2375 ἑξῆς
3199 2304 3439 2374 ἀγῶνας.
3467 2305 3608 2376 Ὅρα
3633 2306 3818 2359 τοίνυν

2143 2397 2280 2467 μετά
2305 2395 2402 2466 τὴν
2430 2394 2728 2465 ὑπόσχεσιν
2765 2392 2991 2461 ταύτην,
3025 2391 3219 2463 ἑτέραν
3250 2390 3412 2445 πάλιν
3464 2390 3561 2463 τὴν
3585 2390 3817 2463 ἄθλησιν

2140 2483 2231 2537 τὸν
2261 2482 2470 2535 δίκαιον
2497 2481 2684 2534 τοῦτον
2712 2480 3015 2550 δεχόμενον.
3048 2477 3221 2548 Λιμοῦ
3255 2478 3364 2548 γάρ
3391 2477 3815 2542 καταλαϐόντος,

2139 2569 2231 2621 καὶ
2260 2567 2458 2639 πολλῆς
2495 2565 2659 2638 οὔσης
2680 2568 2777 2636 τῆς
2806 2565 3167 2636 στενοχωρίας
3180 2567 3239 2619 ἐν
3265 2567 3333 2635 τῇ
3360 2564 3664 2636 Χαναναία,
3721 2568 3815 2619 ἐπὶ

2138 2654 2237 2726 τὴν
2268 2655 2543 2723 Λῖγυπτον
2589 2654 2835 2706 ἔσπευδε·
2872 2653 2967 2705 καὶ
3005 2650 3161 2721 λιμοῦ
3219 2650 3579 2722 παραμυθίαν
3634 2651 3817 2722 εὑρεῖν

2141 2741 2481 2812 βουλόμενος,
2502 2740 2711 2811 μείζοσι
2740 2737 3057 2809 περιέϐαλεν
3087 2736 3281 2791 ἐαυτὸν
3294 2737 3581 2801 κινδύνοις.
3616 2737 3682 2792 Ἦ
3704 2736 3815 2810 γάρ

2139 2828 2411 2901 εὐμορφία
2427 2829 2524 2898 τῆς
2541 2826 2798 2896 γυναικὸς
2811 2826 2905 2880 καὶ
2926 2825 2987 2878 τὸ
3006 2824 3200 2888 κάλλος
3215 2824 3315 2894 τῆς
3333 2824 3512 2895 Σάρας
3533 2825 3818 2896 μονονουχὶ

2137 2916 2231 2968 τὸν
2252 2915 2477 2969 θάνατον
2488 2912 2633 2983 αὑτῷ
2649 2913 2755 2983 πρὸ
2770 2912 2876 2965 τῶν
2898 2910 3191 2981 ὀφθαλμῶν
3205 2908 3433 2965 ἐδείκνυ.
3452 2909 3544 2963 Διὸ
3569 2909 3663 2964 καὶ
3676 2911 3820 2982 πλη-

2141 3001 2254 3055 σίον
2273 3003 2561 3071 γενόμενος
2579 3001 2677 3071 τῆς
2689 3002 2769 3062 εἰς
2783 2999 3055 3067 Αἴγυπτον
3075 2995 3302 3061 εἰσόδου,
3318 2996 3454 3067 φησί
3467 2995 3605 3068 πρὸς
3621 2997 3814 3068 αὐτὴν,

2138 3089 2426 3143 Γινώσκω
2448 3088 2537 3142 ὅτι
2554 3090 2949 3157 εὐπρόσωπος
2966 3080 3036 3139 εἰ·
3063 3082 3180 3138 οἷδά
3203 3100 3296 3137 σου
3316 3083 3412 3137 τοῦ
3444 3084 3674 3148 κάλλους
3717 3084 3818 3156 τὴν

2138 3176 2308 3247 ὤραν,
2350 3176 2443 3229 καὶ
2470 3176 2679 3229 δέδοικα
2705 3174 2815 3227 τῶν
2849 3171 3159 3242 Αἰγυπτίων
3203 3169 3300 3241 τὴν
3330 3170 3646 3227 ἀκολασίαν.
3687 3173 3817 3226 Ἐάν

2138 3260 2232 3319 οὖν
2268 3263 2417 3317 ἴδωσί
2438 3280 2519 3325 σε,
2550 3262 2643 3315 καὶ
2665 3260 2866 3331 γνῶσιν
2888 3261 2969 3314 ὅτι
2992 3259 3248 3331 καθάπερ
3278 3262 3521 3329 γυναῖκα
3565 3261 3817 3332 περιάγω

2142 3369 2223 3415 σε,
2262 3351 2320 3404 σὲ
2345 3350 2442 3422 μὲν
2465 3352 2593 3413 ἴσως
2641 3349 3088 3421 περιποιήσονται
3107 3346 3276 3414 ,ὥστε
3302 3349 3382 3411 εἰς
3397 3346 3556 3419 ἔργον
3586 3349 3818 3416 ἀγαγεῖν

2138 3441 2236 3513 τῆς
2260 3439 2457 3511 μανίας
2480 3438 2657 3491 αὐτῶν
2689 3438 2780 3491 τὸν
2801 3434 3034 3510 οἶστρον,
3061 3437 3161 3509 ἐμὲ
3190 3436 3248 3491 δέ
3271 3435 3682 3501 ἀποκτενοῦσιν,
3730 3436 3817 3491 ἴνα

2142 3526 2279 3599 μετά
2322 3526 2502 3588 ἀδείας
2555 3525 2741 3588 αὐτοῖς
2768 3524 2862 3595 ἐξῇ
2906 3523 3007 3595 τὴν
3057 3523 3404 3596 παρανομίαν
3454 3523 3816 3596 ἐργάσασθαι,

2138 3614 2240 3668 οὑκ
2268 3613 2418 3676 δντος
2437 3611 2531 3666 τοῦ
2555 3611 2653 3684 τὴν
2679 3612 2923 3683 μοιχείαν
2967 3610 3272 3682 κατάδηλον
3295 3613 3468 3666 ποιεῖν
3492 3611 3816 3682 δυναμένου.

2132 3701 2282 3755 Εἰπὲ
2309 3696 2423 3755 οὖν
2450 3699 2538 3754 ὅτι
2569 3699 2832 3768 ἀδελφός
2850 3712 2966 3753 σου
2990 3700 3127 3770 εἰμί.
3146 3699 3290 3772 Ὅρα
3319 3699 3690 3772 ἀδαμαντίνην
3712 3699 3819 3770 ψυο

2139 3788 2260 3861 χὴν,
2291 3789 2393 3860 δρα
2410 3787 2635 3858 γνώμην
2662 3786 2881 3858 σιδήρου
2900 3778 3285 3858 στερροτέραν⁹
3301 3787 3422 3842 οὐδὲ
3446 3786 3556 3858 γάρ
3572 3789 3820 3859 παρεσά-

2138 3875 2328 3928 λευσεν
2346 3872 2511 3927 αὑτοῦ
2564 3873 2654 3925 τὸν
2681 3872 2944 3943 λογισμὸν
2977 3874 3011 3945 ὴ
3066 3873 3492 3945 προσδοκωμένη
3533 3874 3817 3945 συμφορὰ,

2137 3961 2259 4016 οὑδὲ
2291 3961 2590 4032 ἐνενόησεν,
2644 3960 2765 4013 οὑδέ
2814 3956 2936 4013 εἰπε
2984 3959 3119 4031 πρὸς
3164 3960 3379 4015 ἐαυτόνο
3413 3961 3502 4015 διὰ
3531 3962 3692 4013 τοῦτο
3716 3961 3819 4033 τὴν

2137 4048 2345 4102 οἰκείαν
2372 4046 2687 4101 καταλιπὼν
2730 4048 2992 4118 πατρίδα,
3009 4048 3105 4101 καὶ
3122 4047 3388 4118 τοσαύτην
3410 4046 3819 4118 ἐπιδειξάμενος

2139 4135 2382 4205 ὑπακοὴν
2408 4130 2572 4206 ἦλθον
2594 4136 2673 4197 εἰς
2696 4134 2792 4206 τὴν
2821 4134 3130 4205 ἀλλοτρίαν,
3148 4133 3238 4189 ἵνα
3262 4133 3473 4198 τούτοις
3499 4134 3823 4205 περιϐληθῶ

2135 4227 2248 4286 τοῖς
2264 4224 2479 4287 κακοῖς;
2507 4222 2581 4275 Οὑ
2606 4221 2712 4292 πρὸ
2735 4221 2935 4291 μικροῦ
2963 4222 3230 4294 ὑπέσχετό
3262 4240 3372 4293 μοι,
3407 4223 3488 4277 ὅτι
3527 4221 3612 4290 Τῷ
3628 4222 3818 4290 σπέρ-

2130 4310 2275 4380 ματί
2309 4324 2428 4363 σου
2455 4308 2630 4363 δώσω
2675 4309 2791 4378 τὴν
2817 4307 2934 4379 γῆν
2959 4310 3186 4377 ταύτην
3199 4324 3221 4375 ;
3266 4309 3396 4365 Ἰδοὺ
3425 4310 3520 4363 καί
3563 4309 3818 4381 μοιχείας

2135 4399 2232 4461 καὶ
2257 4397 2487 4451 θανάτου
2521 4396 2685 4466 φόϐος
2713 4397 2992 4450 κατασείει
3011 4395 3170 4468 ἡμῶν
3196 4396 3297 4469 τὴν
3325 4396 3524 4468 ψυχήν.
3561 4394 3701 4448 Ἀλλ’
3732 4398 3821 4450 οὑ·

2134 4484 2223 4539 δέν
2246 4484 2450 4538 τούτων
2469 4484 2590 4537 οὑδὲ
2614 4485 2672 4538 ἐν
2703 4482 2913 4556 διανοίᾳ
2935 4483 3120 4538 λαϐεῖν
3151 4483 3491 4550 κατεδέξατο’
3540 4483 3652 4537 ἀλλ’
3692 4484 3821 4547 ἐνὸς

2134 4572 2343 4642 γίνεται
2373 4571 2558 4642 μόνου,
2577 4571 2695 4632 πῶς
2723 4571 2922 4643 δυνηθῇ
2944 4575 3003 4625 το
3028 4572 3263 4644 πονηρὸν
3289 4570 3450 4625 τοῦτο
3476 4572 3658 4642 δρᾶμα
3673 4572 3815 4625 ὑπο-

2135 4658 2481 4731 κρινάμενος.
2512 4656 2620 4711 τῶν
2645 4656 2738 4710 δύο
2776 4658 2978 4711 τούτων
3015 4658 3273 4714 κινδύνων
3315 4658 3678 4728 ἐπικειμένων
3724 4656 3819 4710 τὸν

2135 4747 2230 4801 ἕνα
2250 4744 2382 4815 γοῦν
2402 4746 2682 4815 ἐκφυγεῖν.

2205 4835 2316 4887 Kal
2335 4832 2523 4904 ἐπειδὴ
2551 4833 2645 4886 καὶ
2667 4830 2825 4894 αὐτὸς
2853 4829 2922 4883 τὰ
2955 4831 3084 4902 παρ’
3110 4830 3305 4885 ἐαυτοῦ
3347 4830 3635 4901 εἰσήνεγκε
3666 4826 3819 4901 μειά

2135 4920 2385 4992 ἀνδρείας
2409 4919 2504 4990 τὴν
2531 4917 2838 4989 συμϐουλὴν
2865 4916 3254 4989 ποιησάμενος,
3278 4918 3373 4971 καὶ
3390 4918 3424 4987 ἡ
3454 4915 3591 4988 γυνὴ
3612 4916 3819 4987 πολλὴν

2133 5007 2232 5080 τὴν
2256 5008 2383 5079 περὶ
2410 5008 2501 5061 τὸν
2532 5007 2700 5078 ἀνδρα
2749 5002 3131 5076 φιλοστοργίαν
3172 5004 3268 5058 καὶ
3314 5005 3562 5076 ὑπακοὴν
3609 5004 3822 5056 ἐπιδειο

2134 5096 2375 5167 κνυμένη
2397 5093 2839 5168 συνέπραξε,καί
2865 5095 2978 5156 τοῖς
3009 5091 3225 5157 δόξασιν
3257 5092 3659 5162 ὑπηρετήσατο’
3718 5090 3822 5143 καὶ

2135 5183 2324 5257 ἐπειδὴ
2346 5183 2415 5237 τὰ
2436 5185 2567 5253 παρ’
2595 5182 2804 5236 ἑαυτῶν
2834 5182 3164 5253 άπήρτισαν,
3180 5181 3275 5234 καὶ
3303 5181 3426 5233 ὅσον
3448 5179 3588 5233 κατὰ
3608 5178 3823 5250 ἀνθρω-

2136 5272 2298 5343 πίνην
2325 5270 2643 5326 ἀκολουθίαν
2665 5270 3003 5339 ἀπέγνωστο,
3041 5268 3138 5322 καὶ
3192 5271 3272 5333 εἰς
3320 5268 3481 5339 ἔργον
3519 5266 3821 5338 ἐκϐεϐἡκει

2138 5361 2321 5430 σχεδὸν
2358 5360 2425 5413 τὰ
2456 5360 2555 5423 τῆς
2587 5357 2954 5429 παρανομίας,
2974 5355 3095 5409 τότε
3126 5354 3293 5426 πολλὴ
3326 5354 3454 5425 περί
3474 5353 3691 5424 αὑτὸνὴ
3717 5353 3818 5407 τοῦ

2137 5448 2269 5500 Θεοῦ
2285 5446 2557 5500 δείκνυται
2580 5445 2822 5516 πρόνοια.
2849 5444 2922 5497 Οὑ
2948 5443 3107 5513 μόνον
3127 5441 3234 5514 γάρ
3254 5442 3352 5513 τὴν
3380 5442 3614 5509 γυναῖκα
3634 5441 3662 5491 ὁ
3678 5439 3816 5503 Θεὸς

2130 5535 2233 5605 τῆς
2265 5531 2478 5605 ὕϐρεως
2511 5532 2785 5604 ἐξήρπασε
2812 5530 2960 5603 [565]
3002 5530 3090 5583 διὰ
3123 5529 3223 5601 τῆς
3245 5529 3695 5599 ἀγανακτήσεως,
3744 5528 3819 5597 ἦν

2138 5623 2280 5679 κατά
2297 5624 2389 5677 τοῦ
2406 5623 2670 5694 βασιλέως
2692 5623 2785 5675 καὶ
2806 5621 3006 5684 παντὸς
3025 5619 3118 5674 τοῦ
3140 5621 3289 5674 οίκυυ
3304 5618 3470 5674 αὑτοῦ
3490 5620 3814 5689 ἐποιήσατο,

2140 5711 2272 5765 ἀλλὰ
2293 5712 2385 5764 καὶ
2423 5710 2513 5763 τὸν
2556 5710 2903 5780 πατριάρχην
2945 5707 3084 5777 μετὰ
3110 5707 3303 5777 πολλῆς
3328 5707 3426 5776 τῆς
3448 5707 3819 5775 περιφανείας

2133 5800 2239 5854 ἀπὸ
2257 5799 2351 5863 τίς
2378 5798 2651 5861 Αἰγύπτου
2702 5798 2792 5850 ἐπὶ
2821 5796 2919 5861 τὴν
2946 5796 3306 5861 Παλαιστίνην
3347 5794 3659 5849 ἐπανελθεῖν
3705 5811 3816 5848 πε-
